4028 6208
308 422 385 479 53
1412 410 1421 417 ’
1721 417 1905 475 EPlS'l

2003 420 2058 474 ιΛ
2093 417 2160 474 V.
3514 408 3583 466 5i

242 506 271 537 θ’
309 534 484 601 θητὸν
545 533 640 589 καὶ
680 533 1015 598 νεόκτιστον,
1055 533 1154 589 οὐκ
1186 528 1284 587 οἵδ’
1313 532 1482 600 ὅπως,
1533 532 1772 603 εἰσῆγεν,
1824 533 1902 597 ὡς

2003 534 2329 591 existimem.
2394 532 2610 588 Etenim
2652 543 2818 601 quem
2856 538 3017 586 antea
3066 541 3247 598 neque
3272 525 3580 598 patibilem.

304 625 421 679 τῶν
460 624 605 679 κατὰ
656 626 818 693 φύσιν
860 623 942 696 τῷ
977 623 1098 696 Θεῷ
1140 624 1298 695 Λόγῳ
1330 623 1662 695 προσόντων,
1696 625 1762 694 τῇ
1802 625 1901 679 τοῦ

300 716 438 770 ναοῦ
487 716 761 787 συναφείᾳ
801 715 1233 789 διεφθαρμένων,
1267 716 1300 786 ἢ
1335 715 1533 787 μικροῦ
1588 732 1732 780 τινος
1786 719 1900 775 τοῖς

298 804 627 876 ἀνθρώποις
660 805 1019 877 νομιζομένου
1063 807 1124 860 τὸ
1166 806 1257 860 τὸν
1308 806 1693 879 ἀναμάρτητον
1745 807 1896 873 ναὸν,

300 896 400 947 καὶ
428 896 536 966 τῆς
563 897 719 960 θείας
746 896 1053 968 ἀχώριστον
1101 896 1338 966 φύσεως,
1378 898 1480 968 τὴν
1530 898 1673 969 ὑπὲρ
1713 898 1897 969 ἀμαρ-

296 985 501 1039 τωλῶν
519 987 781 1059 γέννησίν
794 1005 855 1041 τε
872 988 969 1042 καὶ
987 988 1246 1060 τελευτὴν
1267 988 1577 1059 ὑπομεῖναι,
1595 989 1629 1061 ἢ
1654 987 1906 1041 πιστεύε-

300 1076 432 1129 σθαι
454 1077 564 1146 τῆς
593 1080 934 1150 Δεσποτικῆς
962 1081 1066 1135 οὐκ
1097 1079 1461 1151 ὀφειλομένης
1485 1084 1503 1118 ³
1533 1081 1737 1152 φωνῆς,
1764 1078 1906 1152 πρὸς

312 1168 622 1233 Ἰουδαίους
652 1169 894 1242 βοιῖισης·
932 1190 951 1225 ι
977 1172 1190 1227 Λύσατε
1214 1172 1305 1227 τὸν
1338 1173 1466 1227 ναὸν
1492 1172 1703 1237 τοῦτον,
1731 1173 1823 1226 καὶ
1844 1173 1904 1225 ἐν

294 1259 491 1330 τρισὶν
524 1261 769 1333 ἡμέραις
795 1263 975 1336 ἐγερῶ
1020 1265 1202 1320 αὐτόν.
1232 1284 1253 1319 ι
1289 1266 1387 1331 Οὐ,
1422 1265 1637 1321 Λύσατὲ
1671 1283 1773 1337 μου
1804 1264 1905 1338 τὴν

298 1351 568 1422 θεότητα,
604 1356 701 1409 καὶ
738 1356 795 1410 ὲν
825 1357 1002 1427 τρισὶν
1052 1356 1288 1430 ἡμέραις
1320 1357 1695 1430 ἐγερθήσεται.
1731 1358 1904 1412 Πάλιν

2005 642 2184 698 neque
2210 624 2467 680 secundae
2491 621 2867 695 generationis
2888 634 3142 691 capacem
3164 617 3582 689 pmdicaveras,

2005 718 2152 773 hunc
2180 717 2359 787 ipsum
2385 731 2605 770 rursum
2626 712 2937 785 patibilem,
2960 725 3245 783 nuperque
3266 709 3453 765 nescio
3470 722 3583 779 quo

2001 810 2169 865 modo
2213 809 2546 880 productum
2593 821 2880 863 asseveras
2925 822 2938 858 :
2981 804 3138 876 quasi
3177 818 3310 857 vero
3353 817 3475 872 qum
3526 801 3584 857 in

2001 901 2246 958 Verbum
2282 899 2609 956 naturaliter
2634 898 2994 961 conveniunt,
3041 910 3104 951 ea
3136 893 3325 965 templi
3348 894 3581 965 conjun-

1998 992 2183 1047 ctione
2236 991 2441 1047 aholita
2470 990 2585 1045 sint
2637 1008 2648 1043 :
2704 998 2801 1044 aut
2822 987 2978 1059 parvi
3007 984 3438 1056 apudbomines
3462 983 3581 1038 ﬁeri

2001 1082 2199 1137 debeat
2230 1081 2494 1154 templum
2525 1080 2660 1151 illud
2690 1081 2844 1135 nullo
2868 1093 3111 1149 unquam
3144 1085 3370 1149 peccato
3390 1084 3580 1132 conta-

1998 1174 2290 1239 minatum,
2342 1185 2399 1229 et
2423 1189 2455 1228 a
2492 1173 2679 1229 divina
2724 1179 2922 1228 natura
2956 1169 3345 1240 inseparabile,
3380 1182 3580 1238 pecca-

2002 1272 2189 1321 torum
2212 1273 2530 1321 nostrorum
2562 1279 2727 1320 causa
2752 1272 2808 1319 οι
2828 1271 3017 1318 natum
3040 1270 3097 1317 et
3119 1268 3397 1317 mortuum
3419 1273 3541 1314 esse
3563 1275 3577 1312 ε

2006 1365 2101 1411 aut
2121 1356 2359 1427 denique
2384 1356 2617 1412 Domino
2636 1355 2854 1412 Iudaeos
2874 1354 3145 1426 ejusmodi
3168 1353 3419 1409 oratione
3434 1320 3583 1407 con}:

299 1443 585 1499 πλατῦναι
633 1446 915 1502 κάνταῦθα
958 1448 1303 1519 βουλόμενος,
1335 1452 1401 1520 τῇ
1430 1449 1531 1521 τῆς
1567 1448 1901 1518 ἐπαγγελίας

2004 1449 2231 1519 pellanti
2261 1468 2276 1503 :
2314 1468 2333 1500 ι
2357 1449 2563 1506 Solvite
2589 1450 2853 1520 templum
2880 1448 3005 1511 hoc,
3032 1455 3089 1503 et
3112 1446 3169 1501 in
3188 1447 3366 1503 tribus
3384 1444 3584 1500 diebus

300 1536 721 1609 ἀναστέλλομαι
770 1538 983 1612 μνήμῃ.
1025 1540 1250 1612 Ῥητέον
1292 1536 1387 1597 οῦν
1416 1542 1587 1612 ὅμως,
1619 1540 1890 1612 βραχυλο-

2003 1540 2258 1595 excitabo
2281 1539 2417 1594 illud
2434 1540 2542 1606 ὀν
2574 1538 2739 1594 ﬁdem
2762 1538 2968 1594 habere
2997 1554 3109 1592 non
3129 1542 3409 1608 oporteat.
3441 1535 3583 1590 Ecce

302 1628 407 1697 γὶᾳ
435 1629 811 1699 χρησάμενον.

2003 1647 2114 1686 ιιοιι
2163 1630 2319 1696 dicit,
2364 1630 2570 1687 Solvite
2617 1630 2963 1686 divinitatem
3001 1644 3202 1693 meam,
3232 1636 3289 1683 et
3319 1627 3377 1681 in
3404 1625 3583 1681 tribus

305 1716 515 1773 diebus
552 1720 920 1790 excitabitur;
992 1723 1110 1787 sed,
1154 1743 1172 1774 σ
1196 1722 1403 1779 Solvite
1452 1724 1716 1795 templum
1784 1722 1908 1778 hoc.
1937 1739 1955 1772 ι
2003 1721 2243 1775 Rursum
2267 1736 2564 1777 excurrere
2588 1719 2841 1775 nonnihil
2868 1719 2960 1774 hic
2985 1717 3236 1788 cupiens,
3269 1712 3584 1786 sponsionis
3633 1715 3651 1784 (
3762 1752 3776 1767 .

303 1821 448 1863 mea:
476 1811 750 1867 memoria
783 1812 1074 1883 impedior.
1123 1813 1425 1870 Dicendum
1464 1822 1550 1871 est
1581 1812 1945 1869 nihilominus
1981 1811 2187 1881 aliquid
2210 1852 2225 1877 ,
2261 1822 2322 1868 ut
2362 1820 2542 1867 tamen
2578 1828 2609 1867 a
2645 1811 2941 1867 constituta
2981 1810 3119 1864 mihi
3161 1808 3435 1864 brevitate
3469 1820 3584 1861 non

303 1901 575 1957 recedam
586 1943 600 1956 .

378 1995 675 2067 Πανταχοῦ
722 1997 820 2067 τῆς
870 1997 1022 2063 θείας
1065 1999 1312 2070 Γραφῖκ,
1344 2000 1506 2071 ἡνίκα
1555 1999 1623 2055 ἂν
1684 1999 1904 2070 μνήμην

2075 1998 2401 2069 Ubicunque
2452 1997 2620 2068 igitur
2655 1996 2856 2052 divina:
2890 1995 3188 2066 Scriptura:
3219 1991 3584 2063 dispensatio-

308 2088 416 2157 τῆς
452 2090 797 2159 Δεσποτικῆς
844 2091 1161 2160 οἰκονομίας
1203 2094 1447 2162 ποιῆται,
1486 2092 1740 2162 γέννησις
1771 2093 1902 2161 ἡμῖν

309 2180 411 2232 καὶ
438 2179 618 2243 πάθος
640 2182 703 2235 οὐ
736 2182 832 2252 τῆς
865 2182 1139 2253 θεότητος,
1172 2182 1308 2237 ἀλλὰ
1350 2183 1450 2253 τῆς
1487 2181 1905 2255 ἀνθρωπὸτητος

311 2271 415 2325 τοῦ
443 2271 679 2342 Χριστοῦ
706 2274 1098 2344 παραδίδοται·
1128 2275 1203 2339 ὡς
1241 2274 1523 2329 καλεῖσθαι
1568 2272 1708 2328 κατὰ
1754 2275 1905 2346 ἀκρι-

314 2363 587 2433 δεστέραν
605 2365 978 2439 προσηγορίαν
997 2366 1094 2438 τὴν
1120 2366 1282 2435 ἁγίαν
1307 2367 1581 2439 Παρθένον
1613 2366 1903 2438 Χριστοτό-

311 2472 428 2520 κον,
458 2457 520 2509 οὐ
550 2456 841 2511 Θεοτὸκον.
864 2460 1064 2512 Ἄκουε
1092 2457 1266 2513 ταῦτά
1296 2476 1360 2529 γε
1399 2460 1510 2513 τῶν
1551 2457 1902 2527 Εὑαγγελίων

310 2544 570 2613 βοώντων
591 2563 605 2575 ·
642 2566 661 2599 ι
684 2547 898 2612 Βίϐλος,
930 2548 1085 2619 φησὶ,
1122 2550 1391 2618 γενέσεως
1436 2548 1611 2619 Ἰησοῦ
1641 2548 1900 2620 Χριστοῦ,

307 2638 428 2692 υἱοῦ
462 2638 656 2703 Δαϐιδ,
694 2636 816 2693 υίοῦ
860 2640 1128 2711 Ἀϐραάμ.
1153 2659 1171 2692 ι
1204 2641 1374 2712 Δῆλον
1404 2640 1483 2705 δὲ,
1512 2642 1594 2695 ὅτι
1620 2641 1716 2695 τοῦ
1740 2640 1903 2695 Δαϐὶδ

308 2729 426 2791 υἱδς
455 2729 485 2780 δ
509 2727 650 2792 Θεὸς
684 2727 859 2797 Λόγος
884 2729 985 2782 οὐκ
1006 2725 1092 2800 ἦν.
1135 2729 1302 2799 Δέχου
1334 2731 1428 2784 καὶ
1453 2730 1639 2801 ἄλλην,
1664 2733 1712 2785 εί
1733 2731 1897 2795 δοκεῖ,
1932 2758 1947 2773 ι

312 2821 634 2892 μαρτυρίαν
658 2838 673 2852 ο
717 2839 737 2873 ι
770 2820 969 2875 Ἰακὼό
1004 2822 1062 2875 δὲ
1098 2822 1358 2893 ἐγέννησε
1400 2823 1492 2877 τὸν
1530 2823 1751 2894 Ἰωσὴφ,
1809 2823 1901 2877 τὸν

308 2912 483 2983 ἄνδρα
511 2912 756 2981 Μαρίας,
787 2912 846 2977 ἐξ
882 2907 949 2984 ἧς
978 2913 1238 2985 ἐγεννήθη
1278 2914 1508 2986 Ἰησοῦς,
1540 2917 1571 2969 ὁ
1612 2916 1902 2986 λεγόμενος

311 3006 579 3074 Χριστός.
604 3026 624 3057 ι
665 3006 869 3059 Σκόπει
904 3006 1066 3058 πάλιν
1105 3005 1297 3077 ἑτέραν
1351 3007 1484 3077 ἡμῖν
1532 3006 1903 3079 διαμαρτυρο-

318 3098 488 3167 μένην
513 3099 732 3169 φωνήν
774 3097 920 3150 (Τοῦ
965 3096 1025 3150 δὲ
1070 3095 1246 3168 Ἰησοῦ
1285 3096 1522 3169 Χριστοῦ
1569 3098 1603 3168 ή
1650 3098 1902 3169 γέννησις

315 3187 494 3251 οῦτως
544 3184 637 3258 ἦν.
692 3187 1139 3258 Μνηστευθείσης
1191 3189 1300 3259 γὰρ
1337 3191 1432 3258 τῆς
1488 3189 1694 3259 μητρὸς
1733 3188 1900 3243 αὐτοῦ

317 3279 551 3348 Μαρίας
595 3278 674 3348 τῷ
709 3280 927 3350 Ἰωσὴφ,
980 3279 1178 3350 εὑρέθη
1229 3281 1288 3333 ὲν
1342 3280 1542 3350 γαστρὶ
1594 3277 1794 3349 ἔχουσα
1837 3281 1902 3333 ὲκ

321 3338 659 3439 ιινὲύμᾷτοέ
698 3338 923 3439 ἀγίουίίσ
949 3338 1178 3443 κτίσμα
1210 3370 1267 3424 δὲ
1307 3338 1401 3424 τοῦ
1447 3338 1787 3441 Ιίνεύματος,
1818 3371 1901 3434 τίς
1929 3338 1970 3397 C

323 3461 398 3514 ἂν
444 3460 701 3515 ὐπολάϐει
737 3461 837 3533 τὴν
876 3462 971 3515 τοῦ
1006 3460 1345 3531 Μονογενοῦς
1400 3461 1663 3533 θεότητα;
1719 3462 1784 3515 Τί
1820 3462 1904 3516 δεῖ

317 3552 502 3621 λέγειν
540 3553 623 3618 τὺ,
687 3538 915 3624 «Ἦνή
975 3555 1158 3624 μήτηρ
1211 3551 1307 3607 τοῦ
1342 3553 1515 3624 Ἰησοῦ
1562 3555 1705 3621 ὲκεῖ;
1733 3573 1753 3606 ι
1790 3555 1902 3610 Kal.

314 3642 481 3696 πάλιν
506 3643 590 3707 τὸ,
624 3661 643 3695 ι
668 3643 774 3697 Σὺν
800 3642 988 3714 Μαρίᾳ
1011 3644 1079 3714 τῇ
1105 3643 1273 3714 μητρὶ
1291 3641 1384 3697 τοῦ
1413 3642 1609 3715 Ἰησοῦ.
1636 3662 1654 3695 ι
1688 3644 1797 3698 Καὶ
1817 3645 1896 3698 τό*

322 3752 341 3785 ι
362 3735 437 3788 Τὸ
474 3737 536 3788 ὲν
567 3735 708 3805 αὐτῇ
745 3734 1003 3804 γεννηθὲν
1037 3735 1102 3787 ὲκ
1124 3733 1440 3805 Πνεύματός
1488 3736 1637 3789 ἐστιν
1669 3736 1849 3805 ἁγίου.
1877 3756 1897 3789 ι

316 3828 427 3880 Kal.
450 3826 548 3879 τό·
578 3845 597 3878 ι
626 3823 776 3878 Λαϐὲ
803 3825 865 3879 τὸ
911 3824 1145 3893 παιδίον,
1195 3826 1292 3879 καὶ
1328 3824 1426 3897 τὴν
1469 3829 1679 3898 μητέρα
1710 3828 1909 3896 αὑτοῦ,

317 3920 411 3972 καὶ
438 3916 614 3986 φεῦγε
653 3918 736 3981 είς
782 3917 1082 3986 Αἴγυπτον.
1112 3937 1132 3970 ι
1162 3918 1273 3974 Καὶ
1298 3919 1362 3973 τό
1382 3935 1395 3948 ’
1436 3938 1454 3973 ι
1473 3919 1611 3989 Περὶ
1638 3919 1733 3973 τοῦ
1767 3918 1902 3975 Υίοῦ

317 4010 482 4065 αὑτοῦ
509 4010 611 4065 τοῦ
634 4011 937 4082 γενομένου
963 4013 1029 4066 ὲκ
1055 4013 1372 4085 σπέρματος
1411 4013 1576 4067 Δαδὶδ
1609 4014 1746 4068 κατὰ
1772 4013 1906 4085 σάρ-

319 4114 412 4149 κα.
436 4115 457 4148 ι
494 4097 613 4149 Kal.
640 4097 705 4151 τὸ
753 4099 885 4170 περὶ
916 4098 1015 4152 τοῦ
1063 4099 1270 4165 πάθους
1310 4096 1486 4170 αὖθις,
1520 4102 1604 4157 ὅτι
1627 4121 1646 4155 ι
1682 4104 1740 4157 Ὀ
1772 4102 1904 4167 Θεὸς

318 4185 410 4240 τὸν
438 4186 570 4241 Υίὸν
616 4187 785 4242 αὐτοῦ
828 4189 1198 4245 ἁπέστειλενιι
1234 4195 1292 4246 ἐν
1339 4192 1646 4265 ὁμοιώματι
1703 4194 1905 4265 σαρκὸς

319 4277 620 4347 ἁμαρτίας,
643 4278 739 4332 καὶ
780 4278 911 4351 περὶ
952 4280 1228 4352 ἁμαρτίας
1269 4284 1555 4357 κατέκρινε
1592 4284 1691 4357 τὴν
1724 4286 1906 4355 ἀμαρ-

328 4368 445 4420 ιίαν
473 4370 533 4421 ὲν
564 4373 631 4441 τῇ
659 4371 844 4440 σαρκί.
880 4391 898 4422 ι
934 4373 1048 4426 Kal.
1094 4374 1284 4429 πάλιν⁹
1323 4394 1341 4427 ι
1365 4376 1598 4446 Χριστὸς
1632 4377 1903 4431 ἀπέθανεν

320 4460 463 4531 ὖπὲρ
497 4461 612 4514 τῶν
643 4463 930 4534 ἁμαρτιῶν
954 4464 1135 4536 ἡμῶνο
1171 4484 1190 4517 ι
1227 4466 1341 4535 καὶ,
1386 4486 1404 4519 ι
1427 4468 1664 4540 Χριστοῦ
1687 4453 1903 4524 ’παθόν-

326 4570 408 4616 ως
439 4556 633 4625 σαρκίσ
673 4573 693 4606 ι
730 4556 847 4621 καὶ,
892 4575 911 4609 ι
934 4556 1096 4612 Τοῦτ’
1122 4557 1267 4613 ἔστιν
1293 4560 1427 4631 (οὐχ
1472 4563 1506 4632 ή
1555 4561 1746 4634 θεότης
1774 4579 1903 4633 μου,

319 4644 501 4714 ἀλλὰ)
536 4645 600 4697 τδ
643 4645 798 4717 σῶμα
820 4650 881 4702 τὸ
907 4650 1048 4723 ὑπὲρ
1081 4651 1236 4722 ὑμῶν
1274 4652 1555 4724 κλώμενον
1589 4655 1669 4717 είς
1704 4654 1901 4723 ἄφεσιν

322 4735 638 4807 ἁμαρτιῶν.
659 4754 679 4789 ι
707 4739 811 4792 Kal
839 4742 1051 4811 μυρίων
1077 4742 1252 4798 ἄλλων
1285 4744 1477 4815 φωνῶν
1497 4743 1898 4817 διαμαρτυρου-

328 4827 507 4895 μένων
536 4827 650 4882 τῶν
671 4829 972 4902 ἀνθρώπων
998 4833 1059 4886 τὺ
1087 4834 1263 4902 γένος,
1302 4835 1378 4908 μὴ
1409 4835 1511 4908 τὴν
1538 4835 1633 4890 τοῦ
1659 4837 1792 4891 Υίοῦ
1818 4853 1904 4893 νο⁴

327 4917 511 4985 μίξειν
569 4918 800 4992 θεότητα
858 4924 1194 4994 πρόσφατον,
1246 4927 1279 4997 ἢ
1332 4927 1541 4992 πάθους
1587 4928 1900 5000 σωματικοῦ

321 5008 602 5080 δεκτικὴν,
632 5013 771 5067 ἀλλὰ
809 5015 910 5087 τὴν
938 5018 1290 5089 συνημμένην
1312 5021 1380 5092 τῇ
1411 5018 1571 5089 φύσει
1590 5020 1690 5091 τῆς
1716 5020 1905 5090 θεότη-

1928 4694 1977 4752 D

2004 2090 2093 2145 nis
2112 2091 2411 2145 Dominicaa
2434 2089 2771 2144 mentionem
2790 2088 3019 2154 faciunt,
3044 2096 3201 2143 ortus
3223 2086 3338 2157 ipse
3362 2094 3419 2141 et
3433 2099 3583 2140 mors

2002 2198 2114 2237 non
2144 2181 2364 2247 divinae,
2391 2180 2487 2237 sed
2511 2180 2766 2235 humana:
2787 2179 2994 2236 Christi
3015 2187 3228 2236 natura:
3246 2192 3462 2247 semper
3479 2175 3582 2230 tri-

2002 2275 2229 2343 buitur;
2282 2281 2641 2346 quapropter,
2690 2273 2736 2329 si
2766 2288 2883 2332 rem
2915 2272 3234 2344 diligentius
3261 2268 3604 2327 considerem

2003 2382 2167 2432 mus,
2231 2381 2391 2422 sacra
2442 2366 2608 2438 Virgo
2658 2381 2771 2420 non
2801 2365 3056 2436 Deipara,
3103 2363 3201 2420 sed
3242 2361 3583 2431 Christipara

2004 2456 2330 2528 appellanda
2379 2457 2508 2514 erit.
2573 2456 2717 2512 Audi
2769 2456 3046 2527 quomodo
3089 2454 3384 2527 Evangelia
3433 2451 3582 2510 istud

2002 2550 2345 2620 proclament
2382 2568 2394 2603 :
2447 2569 2465 2601 ι
2491 2548 2678 2614 Liber,
2728 2549 3009 2620 inquiunt,
3048 2546 3421 2620 generationis
3448 2545 3582 2602 Iesu

2002 2639 2208 2696 Christi
2240 2640 2338 2695 ﬁlii
2370 2641 2565 2707 David,
2606 2641 2704 2695 lilii
2737 2641 3016 2697 Abraham
3036 2638 3340 2709 ".nAtqui
3362 2636 3580 2708 perspi-

2003 2746 2170 2787 cuum
2184 2741 2270 2787 est
2289 2733 2463 2787 Deum
2479 2733 2723 2788 Verbum
2740 2748 2850 2787 non
2864 2731 3139 2787 exstitisse
3153 2728 3373 2784 Davidis
3383 2727 3578 2782 lilium.

2003 2821 2228 2893 Accipe,
2257 2823 2304 2878 si
2330 2823 2529 2894 placet,
2560 2822 2710 2877 aliud
2741 2823 2847 2877 hoc
2875 2820 3248 2876 testimonium
3285 2837 3299 2873 :
3344 2837 3363 2872 ι
3386 2816 3579 2880 Iacob,

2004 2914 2101 2979 ait,
2152 2915 2344 2986 genuit
2386 2914 2589 2985 Ioseph
2631 2914 2811 2969 virum
2847 2913 3063 2975 Mariae.
3093 2911 3160 2967 de
3182 2927 3290 2982 qua
3316 2917 3477 2965 natus
3497 2914 3584 2963 est

2002 3008 2182 3072 Iesus,
2224 3006 2320 3078 qui
2350 3015 2577 3061 vocatur
2620 3005 2986 3061 Christus’h
3034 3002 3317 3074 Perpende
3355 3014 3581 3054 rursum

2004 3098 2164 3152 aliam
2214 3095 2495 3168 Evangelii
2534 3111 2724 3151 vocem
2758 3136 2772 3161 ,
2841 3094 3131 3151 veritatem
3178 3092 3323 3148 hanc
3375 3089 3583 3146 diserte

2005 3186 2421 3243 conﬁrmantem
2472 3205 2484 3239 :
2538 3187 2651 3257 28
2712 3206 2730 3237 ι
2762 3184 2986 3253 Christi,
3048 3183 3245 3254 inquit,
3303 3179 3583 3253 generatio

2008 3279 2089 3335 sic
2139 3288 2277 3335 erat.
2344 3278 2483 3335 Cum
2528 3285 2676 3334 esset
2714 3277 3040 3350 desponsata
3068 3284 3244 3332 mater
3265 3276 3385 3347 ejus
3411 3274 3583 3334 Maria

2006 3369 2206 3440 Ioseph
2234 3411 2249 3435 ,
2296 3370 2519 3425 inventa
2559 3377 2644 3426 est
2697 3369 2908 3425 habens
2955 3369 3011 3423 in
3058 3377 3218 3424 utero
3263 3367 3331 3423 de
3371 3365 3582 3437 Spiritu

2004 3470 2195 3517 sancto
2212 3462 2280 3515 ”.
2307 3480 2325 3513 ι
2366 3459 2501 3528 Quis
2528 3471 2713 3518 autem
2761 3462 3037 3534 Uuigeniti
3077 3461 3419 3516 divinitatem
3455 3458 3582 3528 Spi-

2002 3552 2142 3608 ritus
2172 3552 2345 3609 sancti
2392 3561 2705 3609 creaturam
2731 3569 2853 3609 esse
2888 3552 3110 3608 credat?
3140 3551 3293 3606 Adde
3326 3549 3413 3605 bis
3447 3547 3582 3603 illud

2003 3660 2222 3716 quoque
2254 3663 2267 3698 :
2302 3664 2320 3696 ι
2343 3645 2475 3699 Erat
2521 3654 2697 3701 mater
2738 3645 2868 3701 Iesu
2916 3644 2996 3699 ibi
3020 3644 3102 3710 ⁰³;
3132 3663 3150 3694 ι
3208 3650 3266 3697 et
3307 3642 3528 3696 rursum
3564 3656 3579 3693 :

2011 3754 2030 3787 ι
2065 3735 2201 3790 Cum
2233 3736 2400 3790 Maria
2428 3745 2603 3791 matre
2632 3736 2757 3791 Iesu
2772 3736 2842 3801 ”,
2869 3754 2887 3786 ι
2917 3742 3060 3801 etc.;
3095 3743 3151 3788 et
3179 3732 3313 3787 illud
3338 3749 3351 3784 :
3385 3729 3581 3799 «Quod

2003 3826 2061 3881 in
2081 3841 2146 3880 ea
2171 3836 2360 3881 natum
2383 3835 2487 3892 est,
2523 3827 2592 3881 de
2614 3825 2821 3896 Spiritu
2848 3834 3040 3882 saneto
3063 3834 3149 3881 est
3178 3825 3223 3857 ³⁸
3245 3842 3260 3891 ;
3285 3844 3304 3878 ι
3334 3833 3392 3881 et
3410 3822 3580 3879 illud:

2013 3937 2031 3969 ι
2057 3916 2257 3987 Accipe
2282 3932 2539 3988 puerum,
2574 3925 2632 3973 et
2654 3926 2886 3973 matrem
2918 3918 3058 3989 ejus,
3098 3925 3154 3973 et
3181 3917 3307 3990 iuge
3336 3917 3391 3974 in
3414 3915 3581 3989 [Egy-

2004 4017 2159 4079 ptum
2176 4009 2259 4075 '7;
2287 4027 2306 4060 ι
2345 4016 2403 4065 et
2427 4008 2562 4063 illud
2595 4025 2608 4062 :
2645 4028 2663 4060 ι
2689 4008 2765 4064 De
2790 4008 2931 4065 Filio
2954 4024 3078 4074 suo,
3100 4009 3195 4080 qui
3217 4010 3397 4065 factus
3426 4014 3513 4064 est
3525 4004 3582 4063 ei

2003 4115 2074 4157 ex
2120 4098 2331 4155 semine
2377 4097 2550 4153 David
2596 4098 2901 4155 secundum
2942 4114 3167 4155 carnem
3183 4096 3265 4165 9‘;
3304 4116 3324 4150 ι
3360 4104 3417 4152 et
3446 4095 3582 4151 illud

2002 4205 2229 4246 rursum
2258 4189 2326 4246 de
2348 4188 2597 4262 ejusdem
2624 4189 2880 4260 passione
2924 4208 2938 4245 :
2987 4208 3005 4242 ι
3029 4190 3176 4245 Deus
3196 4188 3395 4246 Filium
3418 4202 3580 4242 suum

2003 4281 2230 4337 mittens
2271 4281 2327 4337 in
2360 4279 2780 4336 similitudinem
2819 4280 3001 4337 carnis
3021 4280 3254 4351 peccati,
3289 4287 3347 4335 et
3368 4278 3436 4334 de
3456 4293 3586 4350 pec-

2004 4381 2127 4429 cato
2159 4370 2550 4428 condemnavit
2592 4379 2882 4442 peccatum
2918 4371 2973 4426 in
3003 4386 3171 4426 carne
3185 4373 3231 4404 ”
3256 4388 3271 4438 ;
3298 4389 3315 4422 ι
3357 4378 3413 4425 et
3446 4368 3583 4425 illud

2002 4464 2203 4520 iterum
2252 4480 2265 4517 :
2321 4482 2339 4516 ι
2365 4462 2621 4519 Christus
2667 4469 2921 4518 mortuus
2945 4469 3030 4516 est
3072 4476 3173 4531 pro
3196 4459 3445 4530 peccatis
3464 4473 3539 4512 no
3555 4486 3583 4497 -

2003 4556 2169 4615 stris‘
2194 4574 2209 4623 ;
2235 4575 2253 4608 ι
2316 4563 2376 4612 et
2406 4570 2628 4610 rursum
2665 4571 2679 4608 :
2716 4572 2733 4606 ι
2757 4552 2980 4608 Christo
3010 4550 3065 4605 in
3092 4565 3261 4607 carne
3290 4549 3522 4618 passo';
3556 4565 3575 4598 ι

2004 4648 2245 4719 denique
2279 4664 2292 4701 :
2331 4665 2350 4699 ι
2371 4646 2488 4701 lloc
2512 4653 2599 4702 est
2630 4645 2763 4715 (non
2783 4659 2908 4699 mea
2932 4642 3213 4707 divinitas,
3238 4640 3354 4709 sed)
3381 4652 3582 4709 corpus

2006 4755 2216 4806 meum,
2271 4738 2419 4809 quod
2458 4752 2561 4809 pro
2613 4735 2772 4792 vobis
2803 4736 3073 4807 frangitur
3110 4734 3167 4789 in
3205 4731 3583 4787 remissionem

2007 4840 2363 4904 peccatorum
2382 4830 2421 4883 ‘.
2448 4847 2467 4881 ι
2504 4828 2647 4884 Sunt
2670 4828 2789 4886 alia
2813 4828 3115 4886 innumerae
3136 4823 3584 4893 sententiae,quaa

2008 4922 2362 4978 divinitatem
2405 4937 2587 4991 neque
2617 4936 2798 4992 nuper
2821 4927 3031 4984 natam,
3080 4931 3261 4987 neque
3302 4930 3583 4987 corporea:

2004 5012 2378 5085 perpessionis
2408 5027 2668 5085 capacem
2697 5026 2842 5077 esse,
2870 5008 3186 5065 mortalium
3208 5006 3396 5078 generi
3417 5014 3583 5062 testa-

319 5115 419 5161 τος
468 5100 668 5171 σάρκα.
701 5103 871 5158 Ὅθεν
903 5108 998 5159 καὶ
1035 5106 1247 5179 Κύριον
1299 5107 1396 5161 τοῦ
1456 5107 1624 5161 Δασὶδ
1666 5107 1905 5162 ἑαυτδνὸ

2007 5115 2126 5162 ῑιιιιι
2166 5105 2407 5172 faciunt,
2455 5106 2553 5162 sed
2577 5106 2756 5177 ipsam
2782 5116 3027 5167 carnem,
3062 5115 3187 5173 qua:
3217 5099 3417 5154 divinas
3445 5113 3580 5153 con-

318 5192 562 5264 Χριστὺς
607 5195 702 5250 καὶ
737 5195 854 5251 υίδν
898 5199 1189 5270 ὀνομάζεν
1256 5199 1362 5254 (Τί
1411 5199 1522 5272 γᾲρ
1578 5201 1708 5272 ὑμῖν
1761 5199 1905 5253 δοκεῖ

2003 5199 2203 5270 juncta
2241 5208 2328 5255 est
2375 5206 2606 5254 natum.
2639 5195 2822 5263 Quare
2849 5203 2907 5249 et
2934 5191 3051 5263 ipse
3077 5206 3297 5262 quoque
3329 5188 3582 5244 Christus

316 5283 454 5354 περὶ
482 5284 581 5337 τοῦ
611 5285 874 5357 Χριστοῦ,
906 5288 1105 5359 φησίνς
1141 5288 1301 5353 Τίνος
1331 5289 1484 5345 ἐστὶν
1530 5290 1680 5354 uide;
1710 5287 1905 5357 Λέγου-

2006 5290 2231 5345 Davidis
2254 5289 2541 5345 dominum
2571 5296 2627 5343 et
2657 5287 2830 5341 ﬁlium
2856 5298 2915 5339 se
2939 5283 3189 5338 nominat
3219 5300 3232 5335 :
3271 5299 3290 5334 ι
3311 5279 3476 5349 Quid,
3500 5281 3583 5334 in-

318 5391 411 5428 σιν
463 5375 652 5447 αὐτῷ·
709 5378 820 5433 Τοῦ
865 5380 1050 5437 Δασίδ.
1100 5380 1403 5453 Ἀπεκρίθη
1443 5383 1472 5435 ὁ
1536 5380 1764 5453 Ἰησοῦς,
1812 5381 1905 5435 καὶ

2006 5384 2146 5454 quit,
2202 5382 2361 5439 vobis
2407 5381 2630 5437 videtur
2677 5378 2746 5434 de
2773 5375 3043 5434 Christo?
3084 5373 3254 5447 Cujus
3282 5372 3429 5427 illius
3458 5369 3583 5425 est?

659 5529 720 5578 ll,
746 5514 837 5572 19.
911 5515 959 5585 ’,ί
990 5517 1181 5575 Matth.
1204 5535 1244 5585 ι,
1273 5520 1324 5574 1.
1394 5520 1442 5553 ³³
1470 5520 1603 5574 ibid.
1631 5518 1716 5574 16.
1788 5518 1836 5552 ⁸⁸
1865 5518 1905 5573 il

2035 5520 2121 5574 18.
2199 5520 2247 5553 ³⁸
2270 5520 2426 5575 Ioan.
2463 5533 2520 5579 ιι,
2558 5517 2605 5570 1.
2688 5515 2738 5547 ³⁸
2760 5515 2878 5570 Act.
2909 5529 2947 5577 ι,
2980 5513 3062 5585 ll.
3141 5512 3186 5545 ³⁵
3209 5509 3396 5585 Matth“.
3424 5524 3460 5571 ι,
3486 5505 3595 5562 ἳῦ-

320 5582 369 5613 ’⁷
415 5581 611 5640 Matth.
643 5599 702 5651 ιι,
744 5585 831 5641 15.
902 5584 952 5617 ⁹⁶
991 5587 1149 5644 Rom.
1197 5579 1318 5655 1,5.
1394 5590 1440 5622 ³³
1467 5590 1627 5647 Rom.
1656 5605 1769 5655 vm,
1798 5588 1851 5643 3.

2027 5589 2155 5645 Cor.
2184 5604 2269 5654 xv,
2295 5589 2346 5641 3.
2428 5589 2448 5618 ³
2489 5588 2507 5641 l
2539 5588 2682 5641 Petr.
2722 5602 2792 5652 Iv,
2828 5586 2876 5640 1.
2947 5586 2965 5617 ³
2996 5583 3128 5639 Luc.
3170 5597 3296 5645 χχιι,
3333 5579 3415 5633 19.

1396 5752 1567 5808 Varia:
1592 5752 1856 5809 lectiones
1885 5749 2089 5806 codicis
2117 5746 2472 5819 Seguieriani.

400 5838 421 5873 ι
477 5834 818 5907 ὀφειλούσης.
899 5849 927 5877 ιι
976 5837 1214 5910 πέμψας.
