4028 6208
433 347 502 401 5’3
1421 351 1474 406 S.
1518 353 1792 408 CYRILLI
1831 355 2300 416 ALEXANDRINI
2338 362 2654 424 ARCHIEP.
3634 371 3707 429 56

430 459 629 514 Dicunt
657 461 729 526 ei,
763 462 953 517 David.
979 464 1476 534 ResponditJesus,
1506 471 1652 526 etait
1674 472 1780 527 illis
1813 492 1824 526 :
1853 474 2001 540 Quo-

2122 478 2255 533 ιῖπεν
2296 484 2513 549 αὐτοῖς’
2550 486 2676 552 Πῶς
2713 482 2806 542 οὖν
2846 489 3012 544 Δαϐὶδ
3054 492 3110 545 ὲν
3153 490 3434 562 Πνεύματι
3487 490 3712 561 Κύριον

427 551 592 605 modo
619 566 752 623 ergo
784 552 955 607 David
1000 555 1055 608 in
1107 555 1309 624 spiritu
1344 567 1503 613 vocat
1535 576 1662 615 eum
1687 565 2003 632 Dominum,

427 640 656 699 dicens:
687 663 705 692 ι
725 644 873 698 Dixit
889 645 1152 701 Dominus
1174 647 1405 703 Domino
1420 667 1540 707 meo
1560 673 1572 706 :
1595 653 1735 709 Sede
1753 671 1782 709 a
1801 657 2009 714 dextris

427 733 567 786 meis
587 732 645 784 ‘?
667 753 684 784 ι
721 733 818 788 Est
848 735 1031 804 itaque
1059 735 1206 791 ﬁlius
1236 739 1403 794 David
1430 745 1731 798 secundum
1753 762 2001 814 carnem;

427 825 731 879 secundum
766 826 1109 882 divinitatem
1138 845 1288 895 vero,
1336 834 1583 903 ejusdem
1611 838 1877 893 Dominus
1898 849 2002 895 est.

428 915 659 970 Rectum
703 919 931 987 proinde
972 923 1411 994 evangelicmque
1444 927 1723 984 traditioni
1771 945 2005 986 consen-

430 1015 650 1062 taneum
698 1017 801 1071 est,
847 1017 909 1062 ut
942 1009 1145 1066 Christi
1177 1029 1374 1083 corpus
1401 1016 1709 1073 divinitatis
1742 1022 2008 1092 templum

428 1112 548 1152 esse
573 1099 952 1168 confiteamur,
979 1102 1222 1173 illudque
1244 1122 1384 1161 nexu
1416 1124 1587 1178 usque
1605 1109 1743 1165 adeo
1759 1112 2004 1178 sublimi,

428 1189 725 1260 divinoquc
778 1201 835 1247 et
884 1194 1196 1251 admirabili
1230 1199 1334 1268 ipsi
1371 1203 1724 1272 conjunctum
1748 1221 1868 1260 esse
1895 1215 2006 1261 sta-

433 1291 669 1347 tuamus,
707 1291 767 1337 ut
799 1283 1047 1342 dicamus
1095 1288 1336 1343 divinam
1369 1301 1620 1347 naturam
1651 1311 1714 1349 ea
1752 1296 1857 1350 sibi
1883 1298 2007 1351 vin-

430 1373 614 1429 dicare
669 1392 791 1445 quae
820 1380 1068 1448 corporis
1109 1381 1314 1451 alioqui
1345 1393 1473 1439 sunt
1504 1388 1744 1456 propria.
1803 1389 2005 1445 Verum

431 1475 658 1536 prepter
703 1469 845 1524 hanc
878 1473 1381 1543 appmpriationcm
1411 1478 1599 1535 divino
1626 1479 1810 1536 Verbo
1833 1483 2007 1538 ascri-

432 1556 561 1612 bere
615 1559 975 1627 nativitatem,
1009 1564 1342 1632 passionem,
1387 1580 1643 1635 mortem,
1676 1581 2010 1642 ceterasque

430 1647 610 1701 carnis
627 1650 1010 1719 proprietates,
1041 1653 1095 1709 id
1118 1653 1360 1722 demum,
1387 1659 1460 1711 mi
1486 1659 1675 1726 frater,
1699 1662 1900 1716 mentis
1925 1671 2012 1716 est

429 1748 524 1793 aut
548 1741 894 1797 ethnicorum
927 1761 1080 1801 more
1106 1763 1234 1803 vere
1253 1752 1510 1817 errantis,
1539 1761 1636 1807 aut
1659 1762 1808 1810 certe
1831 1755 2010 1809 insani

2109 570 2271 624 αὐτὸν
2295 572 2470 637 καλεῖ,
2502 574 2675 643 λέγων
2697 592 2712 606 '
2747 573 2914 631 Εἶπεν
2937 581 2965 632 ὁ
2997 578 3200 651 Κύριος
3222 577 3300 649 τῷ
3322 579 3522 648 Κυρίῳ
3557 595 3666 647 μου
3689 595 3703 609 ·

2109 661 2292 714 Κάθου
2322 664 2386 715 ἐκ
2413 663 2600 730 δεξιῶν
2630 683 2731 737 μου
2753 686 2767 734 ;
2791 687 2809 719 ι
2843 668 2919 733 ὡς
2955 668 3082 732 Υἱὸς
3103 667 3178 723 ὢν
3217 667 3314 722 τοῦ
3353 668 3528 722 Δαϐὶδ
3560 668 3709 721 πάν-

2108 769 2213 816 τως
2234 753 2374 806 κατὰ
2410 755 2607 826 σάρκα,
2634 758 2777 811 κατὰ
2802 757 2858 812 δὲ
2891 760 2991 830 τὴν
3015 759 3247 828 θεότητα
3275 759 3508 831 Κύριος.
3540 755 3707 812 Εἶναι

2113 843 2210 913 μὲν
2240 839 2332 897 οὖν
2366 845 2467 914 τῆς
2491 847 2620 900 Υἱοῦ
2643 857 2668 884 '
2698 847 2951 920 θεότητος
2978 850 3041 904 τὸ
3071 851 3232 920 σῶμα
3271 850 3420 917 ναὸν,
3445 853 3548 904 καὶ
3574 849 3708 903 ναὸν

2110 939 2230 990 κατ’
2263 937 2437 1008 ἄκραν
2465 941 2586 994 τινὰ
2625 942 2720 996 καί
2757 941 2908 996 θείαν
2944 942 3224 1014 ἡνωμένον
3255 941 3597 1011 συνάφειαν·
3629 941 3710 1004 ὡς

2108 1028 2486 1084 οἱκειοῦσθαιι
2553 1032 2614 1084 τὸ
2663 1033 2854 1086 τούτου
2910 1033 3008 1104 τὴν
3058 1035 3157 1104 τῆς
3217 1033 3477 1104 θεότητος
3537 1032 3710 1090 φύσιν

2108 1121 2509 1192 ὁμολογεῖσθαι,
2548 1123 2712 1178 καλὸν
2759 1125 2854 1180 καὶ
2877 1124 2997 1180 ,τῶν
3039 1125 3413 1196 εὐαγγελικῶν
3450 1124 3706 1196 παραδό-

2111 1229 2247 1265 σεων
2296 1211 2464 1277 ἄξιον.
2511 1215 2584 1266 Τὸ
2628 1214 2686 1268 δὲ
2723 1217 2787 1286 δὴ
2817 1216 2896 1287 τῷ
2936 1216 3036 1286 τῆς
3063 1217 3399 1288 ,οἰκειότητος
3431 1215 3711 1287 προστρί-

2110 1302 2227 1356 ϐειν
2256 1303 2501 1374 ὀνόματι,
2531 1304 2625 1357 καὶ
2654 1304 2751 1368 τὰς
2790 1305 2891 1376 τῆς
2927 1305 3281 1376 συνημμένης
3323 1300 3537 1375 σαρκὸς
3571 1297 3711 1354 (5:6-

2109 1411 2296 1464 τητας,
2336 1395 2589 1465 γέννησιν
2623 1395 2786 1464 λέγω,
2835 1397 2930 1450 καὶ
2972 1396 3165 1461 πάθος,
3197 1396 3293 1450 καὶ
3335 1395 3644 1466 νέκρωσιν,
3671 1392 3707 1464 ἢ

2112 1485 2470 1557 πλανωμένης
2512 1486 2660 1540 ἐστὶν
2703 1486 2919 1558 ἀληθῶς
2965 1487 3088 1540 καθ’
3135 1485 3427 1556 Ἕλληνας,
3475 1481 3707 1552 ἀδελφὲ,

2109 1577 2367 1641 διανοίας,
2405 1576 2438 1648 ἢ
2483 1575 2553 1629 τὰ
2589 1575 2684 1630 τοῦ
2719 1576 3117 1649 φρενοϐλαϐοὗς
3165 1574 3573 1645 Ἀπολιναρίου,
3612 1572 3714 1626 καὶ

2125 1668 2355 1740 Ἀρείου,
2385 1668 2480 1722 καὶ
2510 1668 2618 1720 τῶν
2645 1667 2820 1721 ἄλλων
2857 1667 3120 1736 νοσούσης
3161 1665 3426 1737 αἱρέσεων
3449 1682 3463 1694 ·
3500 1663 3712 1733 μᾶλλον

2113 1757 2191 1826 δὲ,
2205 1759 2287 1812 ὅτι
2305 1757 2571 1811 κάκείνων
2585 1756 2901 1829 βαρύτερον.
2920 1756 3156 1828 Ἀνάγκη
3174 1753 3283 1826 γὰρ
3298 1751 3374 1824 τῷ
3389 1755 3491 1824 τῆς
3503 1755 3625 1806 οίκε
3636 1751 3710 1804 t6-

427 1832 771 1900 Apollinarii,
789 1845 843 1889 et
862 1835 1000 1904 Arii,
1018 1839 1361 1912 aliorumque
1385 1843 1774 1899 haereticorum
1791 1847 2005 1913 morbo,

2122 1867 2271 1921 ιητος
2309 1850 2433 1914 τοὺς
2467 1849 2743 1913 τοιούτους
2794 1848 3280 1920 παρασυρομένους
3320 1846 3579 1916 ὀνόματι,
3610 1844 3708 1898 καὶ

430 1933 524 1979 aut
554 1925 661 1981 alio
681 1928 847 1982 etiam
870 1932 1111 2000 graviori
1148 1933 1474 1990 laborantis.
1503 1936 1739 1992 Necesse
1758 1947 1844 1994 est
1861 1938 2008 1993 enim

428 2015 566 2071 istos
619 2032 718 2088 per
771 2023 1233 2094 appropriationis
1287 2027 1618 2082 vocabulum
1665 2044 1733 2084 eo
1764 2030 1906 2084 trahi
1953 2040 2013 2085 ut

428 2108 598 2162 Deum
617 2110 859 2166 Verbum
888 2114 1199 2170 lactationis
1223 2119 1572 2188 participem,
1602 2129 1658 2173 et
1681 2120 2010 2174 succedanei

429 2200 756 2257 incrementi
813 2219 1090 2274 capacem,
1125 2217 1181 2262 et
1228 2208 1300 2262 ob
1355 2208 1709 2264 formidinem
1737 2211 2010 2281 passionis

428 2293 538 2362 29
561 2301 804 2364 tempore
826 2295 1178 2362 declaratam,
1205 2300 1436 2370 angelici
1480 2301 1720 2371 prresidii
1757 2303 2009 2372 indigum

426 2384 650 2440 faciant.
677 2386 838 2442 Missa
860 2388 951 2443 hic
970 2389 1110 2444 facio
1132 2391 1631 2457 circumcisionem,
1655 2392 2008 2456 sacrificium,

429 2479 711 2544 sudorem,
739 2481 958 2546 famem,
983 2482 1154 2549 sitim,
1185 2500 1306 2557 quae
1337 2485 1488 2540 carni
1515 2484 1859 2546 acciderunt,
1907 2501 2010 2540 no-

425 2571 638 2641 strique
669 2587 830 2627 causa
861 2574 1111 2628 eamdem
1144 2576 1468 2630 affecerunt.
1523 2575 1681 2644 Quod
1710 2576 1755 2630 si
1779 2576 1894 2631 haec
1915 2593 2012 2632 ea-

430 2664 556 2720 dem
606 2665 884 2726 divinitati
929 2667 1205 2724 ascribere
1236 2668 1424 2732 libeat,
1477 2679 1533 2724 et
1564 2668 1699 2724 falsa
1725 2678 1911 2732 erunt,
1957 2677 2014 2723 et

430 2755 612 2822 nobis,
660 2758 832 2813 veluti
878 2759 1393 2824 calumniatoribus,
1436 2761 1597 2831 justaa
1645 2759 2015 2815 damnationis

432 2865 653 2909 causam
675 2851 924 2908 atl‘erent.
955 2851 1426 2924 Hujusmodisunt
1457 2852 2014 2907 sanctorumPatrum

433 2943 758 3000 traditiones
781 2961 796 3012 ;
828 2946 965 3000 tales
989 2953 1119 3000 sunt
1143 2953 1454 3000 sanctarum
1483 2944 1896 3014 Scripturarum
1921 2944 2014 2999 de-

431 3036 829 3091 nuntiationes.
861 3037 944 3092 Ad
970 3038 1119 3092 hunc
1145 3037 1374 3090 modum
1409 3037 1477 3091 de
1503 3036 1690 3090 divina
1718 3037 2014 3091 clementia

431 3134 490 3179 et
539 3125 608 3179 de
657 3125 754 3180 Dei
809 3127 1092 3196 majestate
1144 3126 1435 3197 theologus
1485 3127 1803 3198 disceptet:
1847 3146 1864 3179 ι
1893 3127 2018 3182 Haec

433 3213 721 3280 meditare,
757 3214 809 3269 in
836 3214 924 3270 his
953 3223 1091 3280 esto,
1129 3225 1190 3270 ut
1221 3215 1502 3286 profectus
1526 3222 1656 3268 tuus
1685 3213 2017 3269 manifestus
2042 3209 2085 3266 (Ξ

432 3304 505 3358 sit
527 3304 784 3360 omnibus
813 3313 869 3360 et
890 3305 958 3359 ad
981 3321 1194 3370 omnes,
1215 3325 1232 3357 ι
1271 3314 1332 3360 ut
1354 3305 1534 3375 inquit
1559 3305 1763 3361 Paulus
1779 3307 1822 3359 ⁸.

505 3395 661 3464 Quod
691 3412 824 3452 vero
867 3413 1061 3454 eorum
1087 3397 1182 3468 qui
1208 3397 1404 3453 offensi
1425 3406 1553 3452 sunt
1595 3412 1784 3453 curam
1804 3394 2015 3466 ample-

433 3488 623 3552 cteris,
658 3495 809 3544 recte
838 3487 994 3553 facis,
1025 3498 1082 3545 et
1113 3489 1317 3560 gratias
1338 3489 1518 3544 habeo
1551 3489 1748 3544 animae
1777 3496 1903 3553 tum,
1927 3503 2016 3542 se-

434 3578 568 3633 dulo
620 3595 744 3650 quat
791 3579 890 3634 Dei
936 3586 1067 3636 sunt
1116 3579 1426 3646 meditanti,
1477 3580 1805 3650 anxiamque
1834 3593 2018 3632 rerum

435 3676 749 3724 nostrarum
805 3683 994 3724 curam
1043 3670 1254 3740 gerenti
1292 3669 1390 3741 (l).
1449 3669 1676 3724 Interim
1723 3685 1753 3724 a
1797 3668 2015 3724 clericis

437 3757 668 3814 fortasse
691 3766 798 3814 tua:
823 3758 1045 3829 pietatis
1065 3759 1140 3831 (2)
1173 3761 1269 3830 qui
1293 3761 1440 3831 quod
1467 3759 1891 3816 Manichaeorum
1908 3759 2020 3813 lue—

437 3847 549 3902 rcsi
592 3847 782 3913 infecti
817 3858 1007 3904 essent
1037 3891 1052 3916 ,
1091 3866 1122 3906 a
1156 3866 1310 3907 sacra
1340 3851 1548 3924 synodo
1572 3850 1648 3924 (3)
1683 3851 2020 3907 exauctorati

483 4005 528 4037 κδ
549 4003 741 4060 Matth.
779 4023 908 4071 nn,
937 4006 1026 4062 42.
1099 4007 1120 4038 ³
1154 4009 1174 4063 1
1207 4009 1348 4063 Tim.
1385 4027 1456 4077 ιν,
1495 4012 1579 4068 i5.

2109 1942 2580 2013 γαλακτοτροιρίας
2627 1940 2882 1996 κοινωνὸν
2933 1941 3024 1998 διὰ
3080 1939 3180 2012 τὴν
3226 1938 3548 2008 οἰκειότητα
3615 1934 3713 1988 τὸν

2111 2035 2240 2089 Θεὸν
2258 2035 2430 2103 Λόγον
2454 2027 2647 2100 ποιεῖν,
2670 2033 2877 2105 καὶτῆς
2894 2033 3030 2087 κατὰ
3050 2032 3243 2104 μικρὸν
3262 2029 3549 2098 αὐξήσεως
3573 2025 3714 2097 μέτ-

2110 2144 2254 2196 οχον,
2290 2127 2382 2178 καὶ
2405 2127 2502 2196 τῆς
2539 2129 2599 2179 ὲν
2623 2125 2698 2196 τῷ
2726 2123 2820 2178 τοῦ
2841 2123 3044 2188 πάθους
3073 2122 3250 2196 καιρῷ
3276 2119 3482 2184 δειλίας
3507 2137 3572 2173 τε
3616 2117 3716 2172 καὶ

2113 2213 2364 2284 βοηθείας
2400 2213 2700 2284 ἀγγελικῆς
2734 2215 2924 2267 ἐπιδεᾶ
2942 2222 2993 2267 ῐ.
3013 2213 3122 2266 Καὶ
3154 2212 3345 2266 σιωπῶ
3373 2209 3712 2280 περιτομὴν,

2111 2303 2203 2356 καὶ
2233 2301 2442 2367 θυσίαν,
2468 2303 2562 2356 καὶ
2597 2303 2847 2373 ἱδρῶτας,
2882 2305 2974 2356 καὶ
2997 2306 3210 2370 πεῖναν,
3242 2305 3337 2356 καὶ
3373 2303 3559 2373 δίψαν,
3586 2301 3715 2371 ἃτῇ

2114 2395 2277 2465 σαρκὶ
2312 2394 2410 2466 μὲν
2431 2395 2506 2459 ὡς
2535 2395 2602 2448 δι’
2627 2397 2774 2467 ἡμᾶς
2814 2394 3119 2463 συμϐάντα,
3153 2392 3553 2465 προσκυνητῶς
3591 2409 3720 2446 συν-

2111 2489 2390 2559 απτόμενα
2408 2497 2454 2546 ⁸.
2471 2488 2659 2542 Ἐπὶδὲ
2683 2489 2780 2561 τῆς
2791 2487 3063 2559 θεότητος,
3079 2487 3253 2542 ταῦτα
3269 2485 3548 2556 καὶψευδῆ
3563 2485 3716 2556 λαμ-

2114 2580 2404 2652 ϐανόμενα,
2419 2582 2510 2636 καὶ
2527 2582 2678 2651 ἡμῖν,
2695 2580 2772 2644 ὡς
2799 2581 3184 2649 συκοφάνταις,
3208 2579 3420 2643 δικαίας
3434 2575 3718 2646 κατακρί-

2115 2690 2254 2738 σεως
2295 2673 2460 2726 αῐτια.
2501 2667 2673 2728 Αὗται
2709 2673 2817 2727 τῶν
2857 2672 3028 2741 ἁγίων
3062 2671 3320 2744 Πατέρων
3362 2671 3420 2724 αἱ
3459 2666 3713 2738 παραδό-

2118 2781 2264 2828 σεις’
2298 2764 2471 2818 ταῦτα
2512 2765 2622 2819 τῶν
2664 2763 2823 2818 θείων
2854 2763 3089 2835 Γραφῶν
3127 2764 3196 2820 τὰ
3235 2759 3711 2832 παραγγέλματα.

2117 2856 2276 2911 Οὕτω
2308 2875 2394 2920 τις
2435 2859 2530 2911 καὶ
2573 2857 2640 2911 τὰ
2673 2857 2770 2928 τῆς
2816 2856 3230 2927 φιλανθρωπίας
3271 2855 3370 2926 τῆς
3401 2853 3580 2915 θείας,
3606 2849 3713 2904 καὶ

2116 2947 2184 3002 τὰ
2217 2947 2317 3018 τῆς
2350 2946 2638 3012 αὐθεντίας
2672 2946 2936 3017 θεολογεῖο
2977 2965 2994 2996 ι
3020 2944 3209 3003 Ταῦτα
3243 2944 3467 3016 μελέτα,
3501 2942 3562 2995 ὲν
3591 2940 3718 2994 τούς

2117 3056 2231 3104 τοις
2262 3039 2394 3104 ίσθι,
2444 3039 2533 3092 ἵνα
2573 3057 2668 3094 σου
2703 3040 2736 3111 ἡ
2773 3039 3028 3110 προκοπὴ
3082 3039 3293 3111 φανερὰ
3340 3033 3376 3110 ἦ
3415 3037 3580 3106 πᾶσι,
3613 3036 3717 3092 καὶ

2120 3131 2258 3201 πρὸς
2285 3131 2548 3195 πάντας,›
2581 3129 2723 3184 καθὰ
2757 3134 2785 3185 ὁ
2811 3129 3025 3193 Παῦλος
3052 3147 3205 3202 φησι.

2185 3392 2297 3462 Τῆς
2329 3389 2385 3443 δέ
2404 3406 2466 3459 γε
2492 3389 2599 3443 τῶν
2635 3387 3146 3459 σκανδαλιζομένων
3183 3388 3486 3460 φροντίδος,
3523 3389 3713 3454 καλῶς

2120 3485 2215 3556 μὲν
2259 3481 2432 3544 ποιεῖς
2485 3481 2863 3552 ἀντεχόμενος,
2899 3481 2993 3533 καὶ
3021 3479 3185 3550 χάρις
3243 3482 3310 3550 τῇ
3345 3479 3485 3532 ’τῶν
3541 3481 3715 3534 θείων

2121 3575 2487 3647 μεριμνητικῇ
2533 3588 2626 3625 σου
2667 3570 2838 3642 ψυχῇ,
2871 3571 2966 3625 καὶ
3006 3571 3114 3624 τῶν
3168 3571 3298 3641 παρ’
3325 3571 3454 3641 ἡμῖν
3484 3588 3716 3642 φροντι·-

2123 3665 2310 3734 ζούσῃ.
2335 3664 2576 3717 Γίνωσκε
2597 3661 2655 3714 δὲ
2686 3659 3102 3732 πεπλανημένον
3127 3661 3320 3715 σαυτὸν
3347 3661 3453 3714 ὑπὸ
3475 3661 3590 3715 τῶν
3609 3663 3716 3732 τῆς

2128 3754 2225 3824 σῆς
2253 3753 2383 3815 ἴσως
2417 3751 2708 3814 διαθέσεως
2729 3750 3028 3822 κληρικῶν,
3059 3750 3164 3804 ὑπὸ
3204 3750 3311 3804 τῶν
3337 3750 3576 3804 ἐνταῦθα
3603 3750 3720 3806 ἀπὸ

2130 3847 2226 3916 τῆς
2256 3845 2414 3913 ἁγίας
2447 3841 2665 3897 συνόδου
2696 3843 3116 3916 καθῃρημένων,
3145 3843 3218 3908 ὼς
3265 3844 3335 3898 τὰ
3387 3844 3716 3917 Μανιχαίων

1502 4149 1678 4204 Variae
1703 4151 1968 4207 lectiones
1993 4151 2198 4208 codicis
2227 4151 2594 4223 Seguieriani.

512 4300 538 4329 '
576 4285 836 4363 Χριστοῦ.

510 4429 589 4507 (1)
649 4427 794 4483 Hinc
843 4421 1399 4506 tamen.crim.inatus
1437 4422 1834 4507 estpyrillum
1870 4426 2022 4507 apud

441 4492 861 4574 imperatorem,
902 4494 1064 4574 quasi
1097 4493 1371 4574 curiosius
1403 4492 1600 4574 alienis
1617 4492 1795 4574 rebus
1823 4492 2022 4574 stude-

445 4563 548 4629 τιδι’.
600 4569 758 4627 Unde
794 4563 1140 4622 Theodosius
1179 4563 1549 4637 subiracunde
1594 4566 1662 4619 ad
1710 4565 2019 4637 Cyrillum:

443 4644 669 4720 Omnino
697 4634 1524 4720 vituperationem.eﬁ‘ugergnon
1559 4634 1902 4718 potest,‘eum
1936 4639 2026 4720 qui

446 4723 596 4768 tanta
629 4703 866 4766 iocoru'm
904 4703 1436 4776 interualio'a’uobis
1468 4703 1814 4776 disjuugitur,
1848 4703 2025 4763 curio-

444 4786 552 4886 ;ipp
581 4784 636 4886 ill:
666 4798 748 4836 res
773 4787 982 4835 nostras
1011 4775 1301 4847 inquirere,
1331 4783 1437 4830 etc.
1480 4774 1518 4846 (ι
1544 4774 1602 4847 p.
1639 4774 1688 4832 ὁ.
1717 4777 1860 4848 Eph.
1903 4793 2023 4848 cap.
2062 4829 2105 4886 Β

446 4854 560 4908 51).
594 4852 765 4907 GABN.

519 4854 796 4995 ίὲξιῗῗὲὲι
815 4935 846 4974 a
864 4917 1118 5046 Philip‘po
1144 4915 1465 4998 presbytero
1491 4916 1748 4973 Ecclesia:
1765 4917 2033 4975 Constan-

519 4992 820 5046 iouolitanat
843 5004 1005 5046 ouem
1077 4995 1349 5046 enosttum
1387 5002 1508 5041 esse
1536 5003 1567 5042 a
1605 4988 1856 5044 Nestorio
1899 5005 2031 5046 uro-

450 4987 820 5063 tin'opolitanat
840 4987 1349 5063 quentdepositum
1387 5002 1508 5063 esse
1536 5003 1567 5042 a
1605 4988 1856 5044 Nestorio
1899 5005 2031 5063 pro-

448 5056 586 5136 pter'
616 5056 1027 5136 accusatipnem
1051 5056 1623 5136 Dianicliazhismidocet
1663 5056 2026 5136 commonito-

451 5127 595 5189 rium
627 5132 801 5188 sancti
841 5129 1030 5202 Cyrilli
1061 5127 1588 5202 datum__Posido_ni9
1613 5129 1767 5183 eunti
1797 5131 2025 5202 Romam

450 5205 520 5259 ad
555 5196 914 5259 Caelestinum
972 5214 1190 5271 papam,
1219 5196 1429 5253 editum
1460 5197 1647 5271 (_i_n_fra_,
1695 5216 1785 5268 ep.
1841 5197 1931 5271 Η)
1970 5200 2024 5254 in

451 5290 592 5348 nova
615 5272 938 5348 collectione
962 5267 1424 5348 Conciliorunmnp.
1459 5267 1583 5322 579.
1618 5267 1809 5348 Baphz.

519 5343 595 5417 (3)
614 5343 730 5417 Qua
759 5341 975 5417 tandem
986 5338 1299 5417 _a_synodo_?
1322 5337 1488 5417 Miror
1505 5353 1539 5417 _a
1560 5339 1778 5417 nemine
1800 5340 1854 5394 in
1879 5339 2029 5396 hunc

453 5408 818 5486 usque—diem
851 5408 1172 5486 inquisitum
1201 5408 1371 5463 fuisse
1415 5408 1477 5486 in
1505 5408 1620 5462 hzec
1657 5410 1845 5486 verba,
1900 5426 2026 5467 cum

455 5478 636 5540 tamen
668 5478 1286 5539 omniumeruditorum
1313 5478 1566 5533 manibus
1608 5480 1734 5533 trita
1763 5480 1856 5543 sit,
1892 5497 2026 5536 ocu-

455 5557 630 5624 lisque
657 5555 796 5609 lecta
819 5549 1017 5624 sacpius
1047 5547 1283 5602 Nestorii
1300 5547 1554 5624 epistola.
1577 5548 1899 5624 conandum
1931 5553 2030 5606 ali-

455 5617 587 5695 quid
629 5625 686 5679 in
725 5638 784 5677 re
829 5617 937 5695 tam
967 5619 1227 5695 obscura,
1268 5617 1354 5672 sin
1406 5617 1590 5695 minus
1638 5619 2029 5695 indubitatum,

456 5687 646 5749 saltem
717 5708 828 5749 non
901 5687 1264 5760 improbabile
1336 5703 1403 5742 ex
1474 5688 1706 5760 singulis
1762 5691 2034 5760 adiunctis

455 5780 672 5820 eruere.
718 5761 857 5817 llinc
884 5757 1031 5815 enim
1062 5757 1325 5831 refellitur
1363 5757 1873 5831 popularispopinio.
1915 5778 2037 5831 quae

457 5837 759 5892 multorum
800 5831 1076 5889 mentibus
1115 5827 1335 5894 insedit,
1381 5829 1449 5882 de
1485 5827 1786 5901 Pelagianis
1825 5827 2037 5902 episco—

917 4299 942 4326 ι
967 4283 1244 4340 οἱκοῦσθαι
1273 4283 1351 4338 δέ.
1431 4294 1456 4332 1
1495 4285 1669 4338 ἐνδεᾶ.
1750 4296 1770 4323 ι
1804 4288 2126 4359 πρόσκειται
2163 4291 2610 4363 προσαπτόμενα.

2119 4428 2205 4498 pis
2251 4427 2320 4482 ab
2347 4497 2353 4498 ί
2384 4426 2747 4498 Orientalium
2795 4427 3163 4484 coneiliabulo
3214 4426 3493 4498 Ephesiae
3548 4440 3712 4498 recc-

2121 4497 2249 4568 ptis.
2298 4497 2438 4553 Illud
2487 4507 2636 4574 certe
2674 4500 2972 4574 concilium
3017 4499 3086 4553 de
3124 4514 3236 4574 quo
3262 4497 3477 4574 agitur,_
3515 4497 3712 4574 quale-

2123 4566 2342 4638 cunque
2389 4569 2609 4623 tandem
2647 4569 2738 4631 sit,
2794 4569 3046 4623 habitum
3086 4566 3170 4624 est
3197 4566 3710 4638 constantinopoli,

2124 4636 2580 4718 unde_§cribebat
2604 4639 2892 4718 Nestorius
2909 4639 3063 4718 quod
3107 4637 3379 4718 significat
3397 4653 3502 4718 vos
3521 4636 3712 4718 Gyaeca

2128 4707 2390 4773 ἐνταῦθα,
2415 4725 2517 4764 noc
2542 4725 2596 4765 IN
2628 4725 2781 4766 Loco.
2823 4706 3080 4764 Habitum
3113 4706 3278 4764 etiam
3310 4707 3502 4775 procul
3540 4706 3714 4761 dubio

2133 4779 2202 4835 de
2237 4794 2410 4843 more,
2455 4779 2512 4835 id
2549 4788 2651 4844 est,
2695 4779 2998 4835 secundum
3037 4791 3301 4832 canonem
3329 4776 3586 4845 quintum
3610 4777 3711 4831 Ni-

2135 4863 2368 4914 camum,
2394 4850 2478 4904 vel
2515 4857 2642 4904 ante
2665 4847 3145 4919 Quadragesimam
3183 4845 3424 4919 Paschaa,
3451 4846 3539 4900 vel
3564 4847 3714 4901 circa

2139 4929 2356 4989 tempus
2391 4919 2658 4974 autumni.
2706 4920 2762 4975 Si
2793 4916 2941 4974 enim
2976 4916 3320 4989 convenisset
3358 4926 3714 4989 pmermo-

2137 4986 2288 5053 rem,
2320 4990 2702 5046 meminissent
2732 4991 2882 5045 illius
2911 4989 3100 5056 utique
3125 4986 3445 5057 scriptores,
3483 4986 3578 5057 qui
3603 4998 3713 5041 tam

2136 5060 2352 5116 curiose
2383 5061 2586 5116 versati
2619 5070 2747 5116 sunt
2777 5060 2834 5113 in
2874 5055 3188 5114 scribendis
3228 5055 3568 5116 Nestor-iane
3623 5057 3712 5110 hi-

2135 5131 2318 5201 storiae
2339 5131 2564 5201 singulis
2587 5129 2975 5201 minutissimis
2995 5127 3305 5201 adjunctis.
3350 5127 3541 5201 Solent
3577 5141 3714 5201 vero

2134 5199 2352 5253 silentio
2390 5196 2732 5270 przetermitti
2763 5198 3058 5270 ordinaria:
3083 5196 3298 5270 synodi,
3339 5197 3447 5253 nisi
3479 5197 3618 5254 forte
3656 5196 3712 5251 in

2132 5271 2204 5323 iis
2227 5279 2440 5340 gestum
2463 5270 2631 5326 fuerit
2659 5269 2868 5340 aliquid
2893 5269 3202 5325 memoratu
3226 5269 3472 5340 dignum.

2201 5337 2464 5411 Praesedit
2489 5337 2794 5404 Nestorius.
2818 5341 2946 5411 quis
2963 5340 3112 5395 enim
3141 5337 3363 5398 alius'in
3385 5339 3520 5411 urbe
3537 5337 3710 5408 regia,

2132 5413 2290 5481 cujus
2304 5410 2488 5465 sedem
2512 5411 2753 5481 tenebat,
2773 5407 3006 5481 eantque
3025 5407 3710 5481 αὐτοκέφαλονῖϐοιινεηο-

2136 5477 2264 5535 runt
2298 5480 2541 5551 episcopi
2568 5482 2882 5550 provinciae,
2915 5477 3003 5537 sic
3031 5481 3180 5535 enim
3210 5477 3439 5551 iubebat
3462 5477 3713 5533 Nicasnus

2139 5566 2335 5604 canon.
2361 5550 2694 5606 Convenisse
2718 5553 2802 5607 vel
2836 5568 2966 5610 ann.
2998 5553 3122 5614 4'29,
3155 5550 3406 5608 autumni
3433 5558 3709 5616 tempore,

2137 5621 2246 5684 vel,
2277 5621 2425 5690 quod
2448 5621 2606 5692 longe
2637 5623 2981 5686 credibilius,
3013 5623 3124 5692 imo
3149 5629 3362 5692 certum
3394 5619 3527 5692 mihi
3559 5617 3710 5692 vide-

2141 5701 2258 5762 tur,
2287 5687 2414 5762 ann.
2449 5687 2572 5756 450',
2611 5702 2736 5748 ante
2779 5691 3262 5762 Quadragesimam
3303 5690 3557 5762 Paschag,
3599 5687 3712 5741 sive

2145 5761 2301 5815 initio
2347 5761 2627 5816 Februarii
2689 5759 2916 5826 mensis,
2947 5759 3259 5818 firmissima
3303 5761 3440 5815 ratio
3484 5759 3712 5813 demou-

2146 5840 2302 5887 strat.
2336 5832 2522 5903 Neque
2552 5835 2700 5889 enim
2725 5834 2917 5891 haberi
2947 5831 3146 5902 potuit,
3191 5843 3287 5886 aut
3329 5831 3512 5899 priore
3549 5842 3712 5890 anno,
