4028 6208
274 354 349 411 57
1378 372 1389 381 '
1650 363 2007 420 Ειηδτοωε
2048 365 2258 421 νιονιι.
3478 373 3553 434 58

288 464 649 543 φρονοῦνων.
678 466 763 522 Τὰ
806 467 918 539 γὰρ
947 468 1044 539 τῆς
1078 470 1405 544 Ἐκκλησίας
1453 475 1575 529 καθ’
1624 479 1864 548 ἑκάστην
1893 518 1904 542 ε

1978 480 2061 533 hic
2080 490 2229 544 sunt,
2267 479 2522 535 delusum
2567 489 2620 535 te
2661 479 2821 536 scias.
2872 482 3008 538 Nam
3042 499 3131 541 res
3160 484 3552 542 ecclesiasticas

285 560 605 633 προκόπτει,
637 559 737 615 καὶ
756 559 831 614 τὰ
866 560 976 614 τῶν
1004 561 1149 616 λαῶν
1172 564 1230 616 ἐν
1257 565 1497 620 ἐπιδόσει
1515 568 1750 640 τοσαύτῃ
1777 568 1863 623 διὰ

280 652 379 722 τήν
406 650 504 707 τοῦ
550 651 728 706 θεοῦι
759 652 942 724 χάριν,
971 654 1047 718 ὡς
1076 654 1145 709 τὰ
1169 655 1263 711 τοῦ
1302 661 1605 731 προφήτου,
1637 660 1863 730 βλέπον-

277 761 373 808 τας
390 745 466 798 τὰ
495 744 705 816 πλήθη.
732 744 863 817 βοᾷν
881 762 895 775 ⁸
925 766 945 799 ι
964 747 1345 821 Πλησθήσεται
1369 754 1403 821 ὴ
1437 753 1511 823 γῆ
1537 752 1632 806 τοῦ
1660 753 1864 823 γνῶναι

273 835 361 887 τὸν
380 834 597 906 Κύριον
610 836 752 900 Ηώς
780 835 925 909 ὕδωρ
956 838 1091 897 πολὺ
1115 840 1500 911 κατακαλύψαι
1518 843 1810 908 θαλάσσας.
1838 862 1858 898 ι

272 927 313 978 Τ
314 926 353 978 ἀ
383 942 451 978 τε
490 926 606 980 τῶν
634 926 899 997 βασιλέων
938 931 997 983 ἐν
1046 931 1455 1004 ὑπερϐαλλούσῃ
1490 936 1652 1005 χαρᾷ.
1680 952 1866 1004 πεφω-

270 1016 558 1086 τισμένων
580 1028 604 1056 ε
636 1017 733 1071 τοῦ
777 1018 1067 1090 δόγματος.
1099 1023 1210 1075 Καὶ
1255 1023 1340 1076 ἵνα
1372 1025 1605 1080 συνελὼν
1635 1026 1869 1081 ἐπιστεί-

270 1105 368 1167 λω,
422 1104 649 1177 ἐκείνην
692 1107 782 1160 ἐπὶ
816 1110 936 1173 ταῖς
980 1108 1268 1181 θεομάχοις
1314 1113 1553 1178 ἀπάσαις
1600 1115 1864 1184 αἱρέσεσι,

272 1198 368 1250 καὶ
397 1200 474 1268 τῇ
502 1198 610 1268 τῆς
647 1198 974 1271 Ἑκκλησίας
995 1200 1295 1276 δρθοδοξέᾳ,
1348 1204 1471 1258 καθ’
1500 1207 1735 1279 ἑκάστην
1779 1208 1869 1261 εῦ-

273 1305 358 1358 ροι.
388 1305 481 1350 τις
507 1289 581 1343 ἂν
612 1293 738 1362 παρ’
772 1293 907 1361 ἡμῖν
931 1293 1027 1364 τὴν
1078 1294 1262 1366 φωνὴν
1300 1295 1686 1368 πληρουμένην
1705 1314 1718 1327 ⁸
1750 1318 1769 1350 ι
1809 1299 1867 1354 '0

273 1372 430 1442 οἶκος
488 1380 666 1434 Σαοὺλ
719 1382 1031 1453 ἐπορεύετο,
1086 1385 1180 1439 καὶ
1230 1386 1466 1455 ἠσθένει.
1524 1388 1636 1442 Καὶ
1662 1390 1691 1443 ὁ
1720 1387 1869 1454 οἶκος

272 1469 451 1524 Δαόὶδ
502 1472 819 1542 ἐπορεύετο,
875 1474 971 1529 καὶ
1015 1476 1391 1547 ἐκραταιοῦτο.
1417 1498 1435 1531 ι
1491 1480 1679 1534 Ταῦτα
1740 1481 1868 1553 παρ’

273 1561 446 1631 ἡμῶν
474 1562 553 1627 ὡς
597 1563 847 1633 ἀδελφῶν
888 1567 1026 1637 πρὸς
1073 1567 1299 1637 ἀδελφὸν
1321 1568 1349 1609 ἀ
1383 1570 1862 1642 συμϐουλεύματα.

275 1652 343 1704 Εἰ
376 1651 441 1705 δέ
466 1669 552 1715 τις
578 1653 730 1727 δοκεί
752 1654 1095 1723 φιλονεικεῖν,
1132 1659 1462 1730 κεκράξεται
1496 1662 1591 1715 καὶ
1613 1660 1683 1715 δι’
1708 1661 1868 1732 ἡμῶν

276 1742 422 1812 πρὸς
479 1742 574 1797 τὸν
632 1744 878 1799 τοιοῦτον
933 1748 963 1802 ὁ
1021 1748 1258 1813 Παῦλος
1318 1768 1337 1801 ι
1372 1750 1562 1820 Ἡμεῖς
1610 1751 1867 1824 τοιαύτην

1967 570 2219 639 quotidie
2259 581 2518 627 crescunt
2535 582 2593 629 et
2614 581 2920 643 augentur;
2952 582 3007 629 et
3034 576 3346 647 aggregatio
3370 591 3551 646 popu-

1968 660 2148 715 lorum
2195 675 2293 715 eos
2324 662 2555 717 sortitur
2594 662 2691 717 Dei
2720 662 2990 719 beneﬁcio
3024 679 3334 730 successus,
3371 672 3433 718 ut
3455 664 3551 734 qui

1968 750 2380 806 multitudinem
2417 753 2725 818 intuentur,
2749 769 2860 809 non
2888 754 3102 824 possint
3127 771 3251 811 cum
3280 756 3554 826 propheta

1966 859 2077 897 non
2115 844 2428 901 exclamare
2466 861 2481 898 :
2518 866 2535 897 ι
2558 847 2789 917 Repleta
2812 856 2898 902 est
2924 856 3072 903 terra
3102 848 3416 919 cognitione
3440 848 3553 903 Do-

1967 934 2125 1000 mini,
2145 935 2289 991 sicut
2306 951 2447 1006 aqua
2467 939 2637 993 multa
2655 939 2902 1009 cooperit
2919 939 3134 994 maria“.
3149 958 3165 991 ι
3186 940 3551 1009 Imperatores

1966 1042 2209 1097 quoque,
2244 1035 2469 1097 propter
2490 1027 2760 1099 dogmatis
2781 1030 3224 1093 illustrationem,
3248 1029 3307 1083 in
3336 1044 3552 1084 summa

1967 1118 2156 1173 laetitia
2170 1118 2337 1174 vitam
2360 1125 2546 1189 agunt.
2563 1120 2651 1185 Et,
2674 1128 2734 1173 ut
2750 1120 2920 1175 verbo
2942 1120 3290 1184 concludam,
3308 1119 3458 1175 illam
3482 1119 3552 1174 de

1968 1210 2496 1267 cunctishzeresibus
2508 1211 2678 1265 Deum
2695 1210 3166 1283 impugnantibus,
3180 1219 3439 1279 rectaque
3452 1209 3554 1265 Ec—

1969 1301 2149 1357 clesia:
2165 1301 2439 1368 doctrina,
2461 1318 2650 1359 vocem
2668 1303 2811 1373 apud
2826 1318 2926 1359 nos
2941 1302 3191 1372 quotidie
3208 1302 3277 1357 ad
3292 1300 3549 1356 effectum

1969 1393 2169 1450 deduci
2198 1394 2505 1465 comperias
2533 1413 2546 1448 :
2582 1415 2601 1446 ι
2622 1396 2828 1449 Domus
2848 1394 2977 1449 Saul
3007 1394 3364 1464 procedebat,
3388 1401 3445 1448 et
3470 1392 3555 1446 in-

1969 1485 2292 1542 ﬁrmabatur
2318 1504 2331 1541 :
2368 1496 2425 1542 et
2446 1486 2642 1543 domus
2670 1485 2842 1541 David
2874 1485 3231 1556 procedebat,
3265 1493 3322 1540 ct
3347 1482 3553 1538 contir-

1967 1576 2274 1633 mabatur'.
2286 1595 2303 1628 ι
2330 1575 2457 1633 Haec
2473 1575 2716 1630 fraterno
2727 1574 2927 1630 aﬂ'ectu
2945 1573 3101 1628 fratri
3119 1589 3151 1628 a
3169 1572 3331 1628 nobis
3348 1572 3552 1627 dantur

1969 1667 2217 1723 consilia.
2238 1667 2296 1724 Si
2309 1668 2435 1738 quis
2452 1674 2638 1722 autem
2656 1665 3027 1722 volueritesse
3047 1664 3448 1727 contentiosus,
3463 1662 3555 1716 hic

1969 1760 2193 1817 beatum
2208 1760 2442 1817 Paulum
2467 1774 2567 1830 per
2585 1773 2687 1813 nos
2704 1757 3035 1813 clamantem
3052 1754 3326 1825 intelliget
3352 1770 3365 1807 :
3400 1770 3418 1803 ι
3443 1751 3555 1807 Nos

276 1836 576 1908 συνήθειαν
604 1837 708 1890 οὐκ
729 1837 949 1910 ἔχομεν,
978 1839 1098 1894 οὐδὲ
1125 1840 1181 1899 αἱ
1216 1839 1533 1911 Ἑκκλησίαι
1560 1840 1652 1899 τοῦ
1675 1842 1862 1896 Θεοῦ.ι
1899 1829 1904 1884 Ῑ

1978 1852 2136 1908 talem
2163 1828 2622 1908 consuetudinem
2646 1865 2760 1906 non
2784 1849 3074 1914 habemus,
3095 1861 3279 1918 neque
3295 1842 3557 1902 Ecclesiae

277 1927 471 1982 Πᾶσαν
499 1927 602 2000 τὴν
632 1928 734 1985 σὺν
766 1929 855 1983 σοὶ
901 1928 1258 2002 ἀδελφότητα,
1291 1931 1406 2002 ἐγώ
1451 1948 1512 1984 τε
1563 1931 1660 1986 καὶ
1691 1934 1740 1986 ol
1767 1931 1865 1986 σὺν

282 2020 430 2089 ἐμοὶ,
486 2019 722 2075 πλεῖστα
784 2022 1287 2094 προσαγορεύομεν.
1349 2025 1710 2096 Ἐρῤωμένος,
1771 2024 1867 2078 καὶ

282 2110 729 2183 ύῖξρευχὸμενος
757 2113 917 2184 ἡμῶν
940 2114 1264 2185 διατελοίης,
1316 2115 1494 2172 πάντα
1540 2133 1628 2186 μοι
1670 2114 1866 2186 τιμιώ-

282 2214 417 2253 τατε
456 2204 550 2256 καί
585 2202 806 2272 θεοφιλέ
814 2220 996 2265 στατε.

350 2340 377 2371 ⁸
408 2340 514 2397 lsa.
540 2356 614 2409 ιι,
647 2342 707 2398 9.
780 2342 805 2374 "
834 2340 877 2397 ll
913 2340 1047 2414 Reg.
1078 2357 1157 2408 ιιι,
1186 2341 1239 2396 1.
1316 2343 1383 2398 ⁸1
1422 2342 1549 2398 Cor.
1572 2359 1647 2409 ιι,
1685 2343 1771 2399 16.

1971 1941 2070 1997 Dei
2082 1942 2125 1996 ⁸.
2139 1961 2157 1995 ι
2190 1942 2515 1999 Universam
2532 1957 2655 2012 qua:
2674 1949 2858 1998 tecum
2874 1947 2961 1996 est
2983 1939 3215 1996 fratrum
3232 1936 3556 1994 societatem

1970 2047 2093 2104 ego,
2145 2032 2354 2102 quique
2379 2047 2599 2088 mecum
2624 2040 2774 2099 sunt,
2816 2031 3119 2102 plurimum
3153 2029 3365 2085 salvere
3389 2024 3554 2097 jube-

1973 2136 2119 2177 mus.
2178 2119 2411 2193 Semper
2450 2122 2744 2177 incolumis
2791 2136 2893 2192 pro
2922 2120 3086 2177 nobis
3119 2118 3232 2176 Deo
3255 2116 3553 2189 supplices,

1972 2211 2477 2270 observandissime
2503 2219 2561 2269 et
2584 2210 2852 2283 piissime.

1381 2459 1558 2516 Varia:
1583 2458 1855 2517 lectiones
1885 2460 2095 2520 codicis
2120 2462 2489 2536 Seguierianu

350 2586 378 2618 ι
410 2569 685 2645 Χριστοῦ.
751 2570 964 2627 bases.
1034 2583 1057 2610 °
1088 2575 1527 2646 πεφωτισμένον.
1604 2574 1948 2647 δρδελφούς.

1761 2810 2143 2872 MONITUM.

352 2927 649 3006 _Easebiu_s_
660 2929 976 3006 Renaudot,
997 2931 1093 3006 qui
1113 2944 1409 3003 sequentes
1424 2933 1613 3006 Cyrilli
1631 2935 1700 2990 ad
1716 2934 2031 2991 Nestorium
2050 2932 2315 3006 epistolas
2339 2932 2515 3006 edidit
2535 2933 2591 2988 in
2611 2932 2850 3006 Historia
2878 2928 3306 3006 patriarcharum
3325 2928 3553 3006 Alexan-

286 2997 564 3077 ἀνίεται-ειη
587 2996 794 3077 _(Paris.
826 2996 986 3077 l7_l3,
1013 2996 1112 3077 λεί),
1143 2996 1634 3077 monetepisiolam
1656 3013 1947 3077 utramque
1973 2996 2189 3077 exstare
2216 3004 2274 3077 in
2304 3004 2590 3061 codicibus
2614 3002 2865 3060 Arabicis
2878 2996 3074 3059 earum
3093 3001 3216 3058 loco
3235 3017 3357 3073 qua:
3375 3000 3564 3057 Graeco

288 3076 344 3122 et
368 3068 564 3126 Latine
587 3068 852 3142 leguntur
881 3072 940 3128 in
963 3068 1206 3144 antiquis
1228 3068 1513 3132 codicibus
1538 3075 1803 3132 Actorum
1828 3068 2020 3149 s'ynodi
2049 3073 2357 3146 Ephesium.

1611 3300 1970 3360 EPISTOLIE
2004 3302 2220 3361 Vl-Vll.

1570 3434 1778 3475 CYIULLI
1811 3434 1877 3475 AD
1906 3436 1940 3475 Ν
1945 3433 2227 3475 851⁵011101-

1107 3534 1285 3591 Honet
1303 3543 1362 3590 ut
1392 3552 1512 3608 qua:
1541 3537 1701 3609 impie
1721 3536 2016 3611 protulerat
2045 3543 2343 3595 retractare
2371 3551 2476 3591 non
2504 3535 2734 3607 differat.

366 3644 546 3705 Fratri
579 3652 642 3701 et
672 3644 1074 3703 comministro.
1122 3646 1244 3704 Non
1275 3648 1487 3705 credidi
1519 3666 1713 3706 verum
1754 3666 1876 3707 esse
1902 3658 1944 3716 ς.
1978 3650 2241 3709 adversus
2278 3664 2445 3720 quem
2477 3661 2769 3718 exsurgere
2796 3653 2893 3702 aut
2918 3659 3046 3701 eum
3088 3645 3409 3716 impugnare
3454 3662 3563 3701 non

301 3738 445 3811 quod
472 3738 544 3795 de
573 3746 630 3795 te
663 3736 875 3797 dictum
906 3747 993 3794 est
1015 3747 1210 3806 antea;
1239 3756 1418 3812 neque
1444 3742 1732 3813 epistolam
1760 3759 1884 3814 quae

302 3832 371 3888 ad
409 3847 501 3889 me
544 3840 644 3898 tuo
677 3831 903 3887 nomine
944 3833 1151 3903 perlata
1186 3843 1290 3901 est,
1333 3848 1366 3888 a
1391 3842 1443 3890 te
1471 3835 1732 3905 scriptam
1762 3850 1886 3892 esse

302 3922 636 3987 existimavi,
673 3937 799 3979 cum
830 3922 888 3977 in
908 3938 974 3978 ea
1001 3923 1300 3980 sententias
1326 3924 1646 3982 falsissimas
1662 3934 1719 3982 et
1738 3926 1885 3983 blas-

303 4015 539 4087 phemiae
564 4016 762 4088 plenas
795 4014 1000 4072 sanctis
1022 4014 1316 4071 attributas
1346 4006 1666 4088 repererim.
1695 4018 1890 4075 Moneo

306 4110 474 4180 igitur
500 4118 566 4165 ut
591 4126 625 4165 a
642 4109 919 4166 similibus
942 4108 1295 4181 hlaSphemiis
1334 4111 1888 4183 contentionibusque

307 4200 574 4270 desistas;
612 4217 796 4273 neque
817 4202 966 4258 enim
992 4202 1137 4259 vires
1164 4202 1265 4260 tibi
1297 4202 1431 4258 tales
1457 4212 1588 4260 sunt
1620 4211 1683 4260 ut
1710 4203 1890 4274 possis

306 4309 553 4365 pugnare
571 4294 838 4351 adversus
874 4295 1048 4352 Deum
1071 4296 1166 4366 qui
1190 4310 1321 4351 vere
1353 4295 1648 4353 cruciﬁxus
1679 4304 1767 4353 est
1787 4312 1889 4368 pro

308 4386 467 4442 nobis
481 4395 542 4442 et
566 4397 825 4444 mortuus
846 4397 932 4444 est
951 4388 1009 4444 in
1034 4403 1289 4459 corpore,
1304 4388 1549 4459 vivitque
1575 4405 1676 4460 per
1690 4400 1886 4460 poten-

311 4479 439 4533 tiam
472 4479 787 4535 divinitatis
808 4495 923 4537 suae
950 4499 964 4536 :
1002 4479 1118 4552 ipse
1148 4488 1235 4537 est
1264 4481 1360 4551 qui
1398 4481 1556 4538 sedet
1590 4481 1660 4536 ad
1694 4481 1886 4538 dexte-

308 4585 421 4625 ram
452 4570 704 4637 Patris’,
726 4578 784 4626 et
804 4587 929 4628 eum
966 4573 1198 4630 adorant
1237 4574 1439 4645 angeli,
1471 4574 1814 4645 principatus
1834 4582 1891 4631 et

310 4668 623 4730 potestates
653 4663 722 4730 “;
749 4664 971 4737 ipseque
1003 4675 1089 4723 est
1126 4668 1246 4722 Rex
1288 4675 1549 4733 aeternus,
1588 4666 1680 4722 cui
1704 4666 1892 4725 omnia

310 4751 462 4810 dedit
488 4754 662 4812 Pater
688 4755 728 4793 “
754 4757 813 4814 in
839 4774 1068 4824 manus;
1097 4758 1213 4829 ipse
1249 4771 1338 4817 est
1374 4768 1589 4815 creator
1618 4758 1888 4826 omnium,

1979 3743 2148 3799 vales.
2174 3742 2366 3811 Neque
2397 3754 2538 3810 opus
2553 3748 2639 3795 est
2666 3746 2729 3792 ut
2760 3738 2861 3793 tibi
2882 3738 2941 3792 in
2965 3738 3287 3792 memoriam
3316 3752 3569 3794 revocem

1981 3851 2104 3908 quis
2144 3834 2348 3893 Iudaeis
2377 3833 2497 3905 eius
2524 3829 2780 3887 hostibus
2821 3828 3167 3896 acciderunt,
3206 3844 3333 3884 cum
3370 3844 3435 3886 ea
3466 3830 3569 3886 tibi

1981 3932 2117 3989 satis
2138 3937 2425 4002 perspecta
2444 3928 2575 3993 sint,
2588 3936 2687 3983 aut
2703 3940 2827 3996 quae
2844 3922 3140 3989 hareticis,
3161 3924 3372 3980 Simoni
3393 3925 3570 3997 Mago,

1983 4025 2203 4082 Iuliano
2239 4020 2558 4093 imperatori
2587 4026 2643 4076 et
2679 4017 2828 4073 Atio.
2882 4016 3024 4071 Ecce
3049 4013 3153 4071 Job
3173 4015 3356 4084 justus
3385 4015 3522 4069 dicit
3554 4032 3571 4069 :

1996 4136 2016 4173 ι
2039 4115 2236 4174 Videte
2260 4115 2472 4185 plagam
2492 4126 2706 4176 meam;
2733 4109 2923 4164 timete
2941 4116 2999 4162 et
3016 4104 3236 4163 laudate
3258 4105 3430 4159 Deum
3452 4103 3516 4158 ”.
3547 4122 3566 4155 ι

1987 4211 2101 4282 Ego
2125 4218 2311 4265 autem
2329 4205 2598 4263 denuntio
2626 4203 2727 4260 tibi
2751 4199 2901 4272 quod
2926 4198 3175 4255 Ecclesia
3198 4212 3428 4269 passura
3460 4211 3572 4251 non

1988 4303 2061 4360 sit
2083 4311 2237 4358 tuam
2264 4300 2531 4356 adversus
2556 4298 2729 4355 Deum
2760 4311 2921 4350 suum
2951 4292 3383 4363 impudentiam;
3412 4297 3577 4358 atque

1992 4397 2087 4452 illa
2125 4396 2241 4467 ipsa
2282 4392 2526 4450 Ecclesia
2569 4398 2655 4446 est
2692 4388 2961 4444 adversus
2990 4401 3156 4457 quam
3201 4392 3372 4454 porta:
3414 4378 3576 4435 inferi

1994 4488 2290 4559 praevalere
2313 4501 2423 4541 non
2457 4490 2719 4555 poterunt
2744 4481 2808 4535 ³³.
2835 4481 2954 4550 Ipse
2974 4494 3193 4549 quoque
3218 4476 3326 4532 scis
3346 4482 3576 4544 quantas

1993 4577 2087 4633 illa
2124 4575 2453 4632 tentationes
2496 4586 2753 4643 perpessa
2792 4570 2886 4636 sit,
2932 4569 3009 4624 ita
3053 4575 3235 4625 tamen
3284 4572 3347 4619 ut
3392 4561 3578 4617 nullus

1994 4668 2342 4740 praevaluerit
2386 4666 2652 4722 adversus
2685 4679 2830 4727 eam,
2867 4662 2997 4732 quia
3040 4658 3266 4717 fundata
3301 4663 3386 4709 est
3414 4666 3582 4722 supra

1996 4769 2207 4832 petram
2231 4757 2376 4814 ﬁdei.
2409 4757 2543 4815 Vide
2570 4770 2703 4828 ergo
2720 4770 2842 4826 qua:
2869 4754 3116 4810 facturus
3138 4750 3235 4816 sis,
3256 4756 3313 4805 et
3331 4746 3472 4801 vale.

385 4983 476 5056 Ad
506 4985 641 5056 (tunc
670 4982 952 5056 epistolam
971 4983 1242 5039 Nestorius
1276 4984 1542 5055 respondit
1571 4994 1910 5055 arroganter,
1941 4994 1991 5041 et
2013 4984 2208 5042 similes
2248 4982 2508 5056 prioribus
2549 4982 2900 5054 blasphemiae
2938 4977 3123 5035 litteris
3149 4975 3256 5030 suis
3280 4971 3580 5043 complexus

312 5065 413 5110 est.
445 5054 583 5113 ιιια
606 5053 725 5111 cum
756 5053 991 5127 Cyrinus
1020 5055 1321 5125 accepisset,
1355 5053 1622 5127 rescripsit
1653 5053 1849 5111 acriter
1868 5057 1925 5111 in
1958 5058 2066 5112 lucc
2090 5053 2284 5111 verba‘:

386 5168 509 5227 Nisi
540 5184 692 5225 esses
732 5170 1048 5241 episcopus,
1084 5185 1246 5226 nemo
1279 5178 1475 5241 praeter
1502 5169 1804 5229 familiares
1844 5174 1901 5226 et
1934 5175 1977 5231 D
2000 5185 2099 5241 per
2120 5168 2378 5225 thronum
2408 5166 2530 5223 Filii
2554 5164 2676 5231 Dei,
2702 5160 3081 5231 unusquisque
3114 5165 3169 5213 te
3199 5154 3356 5210 novit
3376 5152 3447 5208 ob
3472 5154 3574 5209 Ec-

313 5261 658 5334 propinquos
674 5271 802 5318 tuos
823 5271 879 5319 te
905 5265 1169 5318 novisset.
1190 5263 1309 5319 lam
1330 5278 1461 5319 vero
1479 5263 1607 5335 quia
1626 5263 1785 5321 sedes
1811 5279 1907 5320 su-

385 5402 411 5434 ⁹
443 5398 591 5456 Psal.
622 5415 731 5466 cn,
768 5401 846 5467 κ
861 5400 1030 5458 Hebr.
1056 5418 1096 5467 ι,
1135 5400 1224 5458 l3.
1299 5402 1343 5434 ¹⁰
1376 5400 1520 5457 Psal.
1547 5417 1690 5468 xcvn,
1721 5403 1788 5467 8;
1819 5401 1904 5457 ne

1978 5441 1988 5455 .
2023 5416 2062 5468 ι,
2094 5399 2148 5455 6.
2229 5401 2269 5433 ¹¹
2303 5401 2325 5455 1
2353 5400 2479 5457 Cor.
2515 5413 2606 5464 xv,
2629 5396 2720 5452 26.

317 5487 429 5537 1n,
465 5471 556 5526 18.

316 5588 415 5651 qui
447 5585 573 5651 428,
603 5600 729 5640 cum
772 5584 1009 5641 necdum
1045 5585 1322 5642 ferverent
1359 5587 1606 5641 autumni
1648 5594 1895 5656 tempore

319 5659 554 5715 dissidia
597 5656 916 5711 Nestorium
971 5656 1117 5712 inter
1155 5666 1212 5712 et
1254 5657 1553 5723 Cyrillum;
1612 5663 1706 5710 aut
1751 5672 1896 5712 anno

324 5727 656 5799 posteriore,
701 5743 829 5781 cum
854 5727 1068 5799 intentio
1111 5726 1202 5799 ﬁat
1232 5716 1448 5782 concilii
1480 5716 1899 5799 in'littcrisANc-

320 5796 515 5865 storii,
561 5800 804 5871 ipsasque
852 5798 1049 5854 litterae
1097 5814 1127 5853 a
1164 5796 1367 5869 Cyrillo
1430 5799 1657 5854 Romam
1722 5796 1902 5852 missa:

2012 5262 2192 5320 clesize
2206 5262 2296 5318 cui
2311 5276 2483 5332 preces
2503 5253 3011 5330 dignitatem.Nunc
3028 5265 3164 5306 vero
3176 5247 3471 5305 Dominum
3489 5261 3587 5316 ag-

2820 5396 2862 5427 "
2891 5392 2993 5450 Job
3033 5409 3108 5459 vr,
3141 5392 3233 5447 2t.
3312 5388 3358 5423 "
3386 5387 3577 5445 Matth.

1999 5586 2130 5650 sint,
2160 5598 2269 5638 una
2297 5596 2422 5635 cum
2467 5580 2582 5636 suis
2622 5579 2689 5634 ad
2723 5574 3037 5650 Nestorium
3070 5574 3311 5650 scriptis,
3347 5569 3581 5650 Cyrillo:

2002 5641 2405 5726 que'pontifgx
2458 5650 2803 5721 responderit
2845 5649 2936 5704 die
2993 5641 3287 5703 undecimo
3350 5641 3583 5716 Augusti

2005 5722 2132 5781 ann.
2160 5722 2292 5779 7450.
2325 5722 2493 5777 (lanx.
