4028 6208
498 400 568 456 59
1521 395 1576 451 S.
1617 392 1893 449 CYRILLI
1934 392 2403 450 ALEXANDRINI
2433 391 2755 449 ARCHIEP.
3685 392 3750 447 60

497 513 743 582 στεάεήε
769 529 864 584 per
887 511 1054 569 verba
1080 508 1430 580 blasphemia:
1449 525 1571 578 quae
1594 525 1771 577 neque
1799 507 2072 578 explicare
2103 518 2148 572 Α
2176 509 2373 571 Patris,
2407 517 2468 562 ιιι
2491 507 2798 577 appellatur
2818 504 2874 558 in
2897 503 3080 557 Veteri
3104 501 3366 570 Novoque
3385 500 3747 565 Testamento,

499 620 678 676 neque
711 605 1070 672 comprobare
1106 602 1328 672 poteris.
1361 601 1498 656 Cum
1532 608 1715 654 autem
1755 599 2068 668 Scripturas

501 696 786 762 utriusque
827 692 1198 755 Testamenti,
1245 692 1458 746 Veteris
1495 701 1553 745 et
1599 690 1766 754 Novi,
1803 699 2079 745 scrutatus

497 784 688 850 fueris,
720 801 830 838 non
858 783 1103 838 invenies
1135 783 1192 836 in
1231 782 1340 836 illis
1368 781 1644 838 Christum
1677 797 1875 851 purum
1897 781 2079 834 homi-

497 890 626 929 nem
674 875 965 944 appellari,
1009 874 1155 928 sicut
1191 874 1492 928 existimas.
1541 873 1622 928 Tu
1667 888 1831 942 porro
1873 872 2080 928 videris

497 966 808 1021 existimare
840 980 998 1034 posse
1033 975 1084 1020 te
1116 965 1374 1020 resistere
1410 967 1522 1020 Deo
1553 963 1800 1020 Creatori
1841 973 1955 1029 tuo,
1983 963 2079 1033 qui

498 1058 735 1112 redemit
763 1065 815 1112 te
849 1058 1114 1130 sanguine
1162 1074 1284 1124 suo,
1314 1059 1408 1129 qui
1450 1068 1535 1114 est
1580 1059 1726 1114 Deus
1765 1058 1936 1113 Filius
1983 1055 2080 1112 Dei

2175 608 2230 652 et
2261 599 2355 668 qui
2385 600 2440 652 in
2470 597 2695 652 Joannis
2725 593 3022 664 Evangelio
3048 592 3365 663 unigenitus
3394 590 3563 645 Filius
3591 607 3738 644 voca-

2180 699 2288 756 tur,
2314 690 2406 759 qui
2430 698 2514 744 cst
2541 689 2593 742 in
2619 689 2740 742 sinu
2758 686 2938 742 Patris
2959 689 3020 738 “.
3047 684 3331 738 Matthzeus
3349 697 3566 752 quoque
3587 697 3740 738 cvan-

2165 781 2371 852 .gclista
2395 781 2528 834 dicit
2556 795 2682 834 cum
2711 795 2833 833 esse
2851 775 3287 838 Emmanuelem,
3307 775 3465 844 cujus
3486 775 3747 841 interpre-

2180 873 2314 928 tatio
2338 881 2442 937 est,
2481 891 2498 922 ι
2526 871 2822 925 Nobiscum
2851 870 3012 935 Deus,
3051 886 3070 920 ι
3101 867 3244 923 sicut
3267 867 3322 921 in
3341 865 3628 937 prophetia
3659 880 3746 919 sua

2180 963 2347 1018 Isaias
2371 960 2665 1017 dixerat".

570 1214 970 1286 Subjttngmttur
1008 1216 1211 1269 diversa
1246 1215 1356 1269 alia
1379 1215 1666 1286 Scriptura:
1698 1215 1996 1286 testimonia
2016 1212 2090 1286 ad
2110 1211 2437 1286 probandam
2470 1209 2662 1286 Christi
2695 1209 3179 1286 divinitatetnzﬂas
3217 1208 3418 1286 litteras
3445 1224 3568 1260 cum
3601 1205 3746 1276 legis.

496 1297 572 1338 set
606 1285 897 1348 Nestorius,
933 1302 1096 1355 neque
1130 1303 1213 1338 eos

1288 1288 1341 1338 ui
1371 1303 1458 1339 eas
1496 1279 1795 1338 detulerant
1834 1285 2046 1337 admisit
2087 1279 2156 1335 ad
2183 1298 2258 1342 se,
2292 1281 2528 1350 quamvis
2555 1280 2838 1335 secundum
2877 1279 3061 1350 Cyrilli
3103 1279 3356 1333 mandata
3394 1294 3488 1347 per
3529 1293 3748 1330 mensem

496 1355 762 1426 integrum
797 1351 1212 1426 mpectaoerint
1236 1351 1397 1410 donec
1423 1355 1855 1419 admitterentur;
1876 1353 1966 1408 sed
1995 1367 2158 1422 neque
2185 1351 2254 1405 ad
2285 1367 2370 1404 eas
2396 1351 2677 1421 respondit.

999 1675 1012 1701 κ
1679 1652 1787 1724 30
1824 1648 2158 1708 EPISTOLA
2196 1649 2310 1706 Vlll
2345 1648 2440 1721 (ot.
2480 1649 2592 1720 vr).

499 1828 684 1900 ϐεινὶῌί
715 1829 787 1900 ad
817 1845 923 1893 eos,
962 1845 1184 1900 quorum
1223 1829 1410 1884 litteris
1450 1839 1660 1884 notatus
1699 1831 1894 1900 (iterat,
1935 1831 2074 1900 quod

2177 1832 2482 1898 Κυρίλλου
2509 1829 2685 1900 πρὸςί
2717 1827 2856 1894 τοὺς
2887 1825 3086 1900 αὐτὸν·Δ
3119 1825 3472 1900 αίςιασαμέν

562 1898 674 1979 solo
700 1898 839 1979 vulgi
879 1898 1088 1979 rumore
1125 1917 1426 1969 persuasus,
1466 1898 2067 1979 intpiam‘Nestorii'do-

568 1970 792 2022 ctrinam
818 1970 872 2022 in
893 1970 1041 2040 pejus
1075 1986 1306 2041 serpere,
1346 1987 1450 2024 non
1487 1970 1735 2025 siluisset.

562 2149 1014 2220 Quandoquidem
1056 2149 1232 2220 pietas
1257 2157 1437 2206 vestra
1467 2151 1534 2204 ad
1573 2165 1658 2204 me
1691 2151 1902 2212 scribit,
1938 2150 2069 2204 reli-

493 2241 860 2309 giosissimum
902 2242 1212 2296 Nestorium
1257 2255 1504 2310 magnam
1543 2255 1611 2294 ex
1643 2239 1710 2294 iis
1747 2239 1947 2294 litteris
1975 2254 2068 2293 ce-

496 2332 637 2400 pisse
672 2333 996 2397 molestiam,
1025 2348 1160 2402 quas
1181 2333 1247 2386 ad
1272 2332 1629 2386 monasticam
1651 2332 1818 2385 vitam
1849 2339 2070 2400 agentes

493 2421 840 2490 scripseram,
876 2422 998 2477 illos
1037 2437 1295 2476 revocare
1323 2421 1552 2476 studens
1593 2422 1686 2490 qui
1718 2437 1786 2475 ex
1815 2419 2070 2474 dissemi-

493 2513 635 2567 natis
652 2514 966 2568 rumoribus
986 2514 1178 2568 oti‘ensi
1199 2522 1353 2568 erant
1373 2531 1388 2580 ;
1411 2513 1569 2568 fateri
1591 2529 1773 2583 cogor,
1793 2513 1895 2566 hoc
1914 2511 2073 2581 quid-

492 2601 622 2669 quid
645 2602 1110 2673 estmgritudinis,
1162 2619 1274 2656 non
1306 2610 1414 2656 tam
1447 2618 1516 2656 ex
1544 2618 1630 2656 me
1662 2618 1825 2672 quam
1852 2618 1918 2655 ex
1953 2601 2074 2669 ejus

493 2690 843 2760 religiositatc
865 2701 1047 2745 ortum
1066 2708 1207 2747 esse.
1231 2693 1366 2746 Nam
1393 2709 1492 2762 ego
1513 2692 1830 2746 hominibus
1851 2701 2074 2763 propter

493 2779 644 2835 illius
674 2798 931 2852 exegeses
951 2783 1210 2852 majorem
1237 2783 1293 2836 in
1316 2783 1539 2836 modum
1569 2784 1796 2837 otl‘ensis
1824 2793 1986 2838 rectae
2009 2783 2072 2836 (i-

491 2870 580 2924 dei
608 2873 911 2928 doctrinam
937 2874 1164 2942 exposui
1195 2891 1209 2939 ;
1242 2873 1333 2928 ille
1361 2890 1494 2928 vero
1521 2875 1576 2929 in
1599 2875 1866 2929 catholica
1885 2874 2074 2928 ortho-

494 2960 875 3029 doxorumque
898 2962 1142 3016 Ecclesia
1170 2962 1375 3016 bonum
1399 2963 1718 3031 episc0pum
1739 2963 2072 3017 Dorotbeum

489 3059 678 3118 aperte
718 3051 992 3104 dicentem
1039 3053 1210 3106 tulit:
1256 3052 1311 3106 Si
1358 3053 1482 3120 quis
1526 3053 1745 3106 Mariam
1789 3055 2073 3123 Deiparam

3473 1844 3604 1888 ους,
3627 1825 3750 1880 ὅτι-

2246 1847 2482 1898 ψωμου
2509 1847 2659 1895 προς
2717 1847 2856 1894 τους
2887 1847 3075 1882 αυτον
3119 1847 3604 1896 αιτιασαμενους,
3627 1847 3748 1880 οτι-

2246 1915 2355 1966 περ
2387 1901 2459 1954 οὑ
2511 1899 2916 1963 σεσιώπηκεν,
2947 1897 3016 1960 ἐξ
3055 1895 3247 1966 ἀκοῆς
3294 1896 3503 1964 μαθὼν
3547 1897 3748 1964 ἕρπειν

2239 1965 2339 2022 ἐπὶ
2369 1970 2433 2022 τὸ
2461 1968 2662 2036 χεῖρον
2713 1968 2828 2037 τὴν
2858 1965 3131 2035 δυσσεϐῆ
3166 1966 3272 2021 τοῦ
3305 1968 3636 2035 Νεστορίου
3661 1966 3746 2020 δι-

2239 2039 2604 2093 δασκαλιάν.

2252 2150 2468 2219 Ἐπειδὴ
2525 2166 2616 2218 μοι
2669 2148 2950 2219 γέγραφεν
2976 2149 3010 2218 ἡ
3048 2146 3301 2203 εὐλάϐεια
3339 2147 3514 2217 ὑμῶν,
3547 2148 3623 2210 ὡς
3666 2147 3750 2200 λυο

2169 2239 2442 2310 πουμένου
2517 2239 2612 2292 τοῦ
2679 2238 3098 2292 θεοσεϐεστάτου
3152 2239 3468 2308 Νεστορίου,
3521 2239 3604 2292 ὅτι
3651 2237 3750 2307 τὴν

2170 2332 2306 2403 πρὸς
2367 2329 2699 2400 μονάζοντας
2755 2329 2985 2398 ἐποίησα
3031 2329 3318 2399 ἐπιστολὴν
3370 2329 3753 2399 ἀνασειρὰζειν

2173 2421 2498 2490 βουλόμενος
2547 2419 2673 2482 τοὺς
2725 2418 2818 2471 ἐπὶ
2866 2419 2943 2489 τῷ
2988 2418 3200 2488 θρύλλῳ
3232 2418 3748 2482 σκανδαλισθέντας⁶

2174 2511 2482 2580 ἀναγκαίως
2533 2509 2688 2563 τοῦτό
2741 2527 2904 2579 φημι,
2948 2510 3137 2579 ὅτιπερ
3179 2509 3240 2561 οὐ
3285 2507 3538 2560 τοσοῦτον
3560 2509 3753 2577 γέγονε

2172 2604 2304 2674 παρ’
2337 2603 2495 2675 ἡμῶν
2517 2614 2561 2665 ο,
2591 2602 2714 2655 ὅσον
2737 2601 2888 2670 παρὰ
2916 2601 3014 2670 τῆς
3039 2600 3204 2653 αὐτοῦ
3238 2599 3570 2662 θεοσεϐείας.
3607 2600 3752 2669 Ἐγὼ

2176 2698 2273 2767 μὲν
2321 2693 2786 2748 σκανδαλισθεῖσιν
2815 2690 3124 2762 ἀνθρώποις
3158 2691 3265 2744 ἀπὸ
3298 2691 3406 2742 τῶν
3436 2691 3754 2760 ἐξηγήσεων

2173 2788 2336 2843 αὐτοῦ
2368 2787 2459 2841 τὸν
2491 2787 2589 2855 τῆς
2617 2785 2783 2856 ὀρθῆς
2805 2785 3040 2847 πίστεως
3071 2783 3337 2853 ὲξεθέμην
3363 2782 3548 2852 λόγον·
3584 2783 3750 2846 αὐτὸς

2173 2881 2229 2933 δὲ
2259 2880 2517 2949 ἠνέσχετο
2545 2880 2601 2930 ἐν
2639 2877 2934 2946 Ἐκκλησία
2963 2879 3028 2946 τῇ
3079 2875 3340 2944 καθολικῇ
3386 2875 3482 2926 καὶ
3525 2876 3593 2943 τῇ
3643 2873 3754 2926 τῶν

2173 2970 2468 3042 ὀρθοδόξων
2497 2970 2590 3024 τοῦ
2630 2968 2796 3024 καλοῦ
2824 2968 3098 3037 Δωροθέου
3131 2966 3222 3020 τοῦ
3263 2965 3562 3019 ἐπισκόπου
3588 2981 3756 3030 φανε-

2181 3061 2288 3130 ρῶς
2313 3060 2592 3128 λέγοντος·
2631 3057 2881 3128 ἀνάθεμα
2918 3059 3074 3122 εἴτις
3104 3053 3241 3110 εἶναι
3283 3055 3430 3123 λέγει
3463 3054 3556 3126 τὴν
3589 3053 3754 3121 ἁγίαν

488 3157 611 3195 esse
644 3141 866 3205 dixerit,
901 3143 1194 3196 anathema
1226 3142 1315 3196 sit.
1344 3142 1533 3211 Neque
1567 3143 1743 3197 solum
1785 3145 2070 3206 conticuit,

2177 3153 2391 3221 Μαρίαν
2417 3143 2696 3203 Θεοτόκον.
2751 3150 2860 3202 Καὶ
2889 3149 2951 3201 οὐ
3000 3149 3158 3218 μόνον
3185 3147 3358 3200 ταῦτα
3393 3147 3632 3208 ἀκούσας
3664 3162 3750 3197 σεο

490 3247 617 3285 eum
641 3233 757 3288 btec
788 3233 941 3286 illum
975 3235 1292 3303 loquentem
1326 3233 1562 3298 audiret,
1601 3250 1792 3288 verum
1817 3235 2072 3290 eumdem

488 3337 710 3393 quoque
737 3323 912 3393 ipsum
934 3323 1003 3377 ad
1033 3325 1320 3395 mysticam
1349 3324 1791 3378 communionem
1821 3340 1948 3378 mox
1974 3325 2067 3379 δάε

489 3415 660 3480 misit,
697 3416 1194 3487 mysteriorumque
1222 3416 1542 3486 participem
1569 3417 1769 3471 eﬂ‘ecit.
1807 3417 1886 3470 En
1908 3418 2073 3487 igitur

490 3505 610 3574 ipso
629 3506 976 3576 prtesidente,
998 3524 1066 3562 nc
1088 3507 1265 3562 dicam
1286 3507 1496 3562 interea
1519 3507 1587 3560 ab
1609 3508 1726 3577 ipso
1747 3509 2070 3565 sententiam

488 3597 831 3666 proferente,
871 3599 1218 3653 anathemate
1255 3599 1486 3654 ferimur
1519 3617 1532 3653 :
1565 3614 1743 3669 neque
1783 3601 1930 3654 enim
1963 3600 2071 3656 Do-

488 3689 716 3744 rotbeus
741 3697 941 3758 praeter
967 3689 1294 3744 sententiam
1323 3691 1560 3746 Nestorii
1593 3692 1708 3746 lucc
1749 3691 1804 3745 in
1841 3693 2074 3747 ecclesia

488 3777 739 3834 dixisset.
770 3779 960 3849 Itaque
992 3796 1094 3835 nos
1117 3780 1242 3850 ipsi,
1270 3781 1365 3850 qui
1388 3782 1690 3836 etiamnum
1734 3781 1791 3835 in
1823 3782 1934 3836 vita
1955 3798 2073 3836 ma-

489 3884 706 3934 nemus,
731 3871 1025 3941 caeterique
1053 3880 1324 3926 terrarum
1353 3873 1506 3928 orbis
1535 3873 1797 3944 episc0pi,
1825 3883 1939 3928 tum
1969 3874 2074 3928 Pa-

491 3968 604 4015 tres
623 3976 843 4032 quoquc
875 3962 1071 4027 nostri,
1099 3964 1195 4033 qui
1215 3964 1344 4019 hinc
1363 3965 1474 4035 jam
1497 3966 1626 4020 olim
1655 3966 1724 4020 ad
1755 3967 1924 4020 Deum
1949 3983 2077 4036 pro-

488 4049 616 4104 fecti
639 4060 786 4116 sunt,
808 4053 1158 4108 anathemate
1177 4055 1424 4123 percussi
1449 4055 1658 4109 sumus.
1681 4054 1824 4121 Quid
1857 4056 2075 4110 vetabat

487 4152 545 4197 et
582 4159 682 4198 nos
708 4160 927 4214 quoque
957 4145 1184 4200 vocibus
1219 4145 1365 4199 illius
1391 4147 1671 4201 contraria
1709 4147 1974 4211 scribere,
2009 4162 2074 4202 ac

489 4233 676 4287 dicere
702 4250 714 4284 :
742 4234 1046 4288 Anathema
1067 4235 1110 4288 si
1135 4235 1260 4303 quis
1279 4235 1501 4289 Mariam
1525 4237 1812 4306 Deiparam
1835 4254 1956 4293 esse
1979 4254 2074 4293 ne-

488 4322 736 4394 gaverit?
778 4323 982 4378 Verum
1033 4325 1086 4378 id
1143 4325 1409 4381 hactenus
1445 4337 1669 4396 propter
1709 4327 1862 4382 illum
1896 4329 2073 4384 facere

488 4413 660 4477 nolui,
703 4427 772 4468 ne
807 4414 917 4468 sint
939 4415 1034 4485 qui
1066 4416 1389 4486 episcopum
1429 4417 1858 4473 Alexandrinum
1905 4419 2072 4491 Egy-

2172 3246 2420 3312 σίγηκεν,
2456 3241 2665 3294 ἐκείνου
2694 3239 2968 3307 λέγοντος,
3002 3240 3137 3293 ἁλλὰ
3189 3240 3282 3292 καὶ
3337 3241 3418 3302 είς
3473 3237 3752 3292 κοινωνίαν

2174 3331 2334 3384 αὐτὸν
2388 3331 2550 3394 εὐθὺς
2598 3331 2693 3401 τὴν
2751 3329 3019 3399 μυστικὴν
3065 3330 3302 3395 ἐδέξατο,
3351 3330 3443 3381 καὶ
3497 3329 3751 3382 κοινωνὸν

2173 3421 2446 3491 ἐποίησεν.
2491 3421 2620 3474 Ἰδοὺ
2674 3420 2854 3473 τοίνυν
2898 3419 3406 3489 ἁνεθεματίσθημεν
3441 3419 3528 3471 ἐπ’
3560 3418 3748 3483 αὐτοῦ,

2173 3513 2259 3565 ἵνα
2288 3513 2423 3575 τέως
2458 3512 2530 3582 μὴ
2559 3511 2794 3580 λέγοιμι,
2815 3513 2942 3582 παρ’
2976 3509 3141 3563 αὐτοῦ
3167 3526 3179 3537 ·
3212 3511 3272 3562 οὐ
3307 3509 3419 3580 γὰρ
3451 3509 3518 3562 ἂν
3544 3511 3752 3572 ἐκεῖνος

2173 3607 2260 3660 ἐπ’
2300 3604 2626 3674 Ἐκκλησίας
2681 3603 2983 3672 ἐφθέγξατο
3034 3603 3260 3656 τοιαῦτα
3316 3602 3470 3672 παρὰ
3523 3603 3752 3672 γνώμην

2172 3695 2358 3751 αὑτοῦ.
2414 3696 2714 3766 Τοιγαροῦν
2771 3697 2864 3748 καὶ
2909 3697 3071 3766 ἡμεῖς
3119 3695 3168 3746 οἱ
3214 3693 3435 3758 ζῶντες,
3467 3694 3560 3745 καὶ
3611 3693 3754 3746 κατὰ

2175 3783 2357 3840 πᾶσαν
2400 3787 2498 3856 τὴν
2527 3787 2854 3856 οἰκουμένην
2902 3785 3214 3849 ἐπίσκοποι,
3255 3786 3349 3838 καὶ
3381 3786 3430 3837 οἱ
3462 3784 3596 3853 πρὸς
3621 3783 3753 3836 Θεὸν

2175 3881 2628 3950 ἀποδημήσαντες
2699 3880 2932 3951 πατέρες
2985 3879 3164 3949 ὴμῶν,
3223 3867 3750 3947 ἁνεθεματίσθημεν.

2175 3967 2241 4019 Τί
2265 3963 2358 4020 οὖν
2390 3965 2592 4020 ἐκώλυε
2629 3968 2724 4020 καὶ⁸
2746 3968 2892 4037 ἡμᾶς
2926 3969 3043 4029 ταῖς
3076 3968 3283 4018 ἐκείνου
3316 3967 3520 4034 φωναῖς
3541 3965 3751 4034 γράψαι

2173 4058 2452 4120 τάναντία,
2483 4059 2577 4110 καὶ
2610 4059 2784 4112 εἰπεῖν
2807 4076 2821 4090 ο
2850 4059 2918 4111 Ei
2937 4076 3021 4121 τις
3051 4058 3112 4110 οὐ
3157 4057 3304 4126 λέγει
3326 4057 3585 4108 Θεοτόκον
3613 4052 3750 4109 εἶναι

2173 4149 2272 4217 τὴν
2300 4149 2541 4218 Μαρίαν,
2568 4149 2851 4218 ἁνὰθεμα;
2898 4149 3060 4202 Ἀλλὰ
3084 4149 3145 4202 οὐ
3169 4148 3445 4216 πεποίηκα
3472 4146 3654 4213 τοῦτο,
3682 4146 3753 4200 δι’

2174 4240 2336 4292 αὑτὸν
2364 4239 2522 4301 τέως,
2569 4238 2654 4290 ἵνα
2692 4241 2767 4309 μὴ
2817 4240 3019 4307 λέγωσί
3050 4257 3214 4302 τινες,
3241 4240 3324 4291 ὅτι
3357 4237 3749 4308 ἁνεθεμὰτισεν

2175 4327 2337 4380 αὑτὸν
2368 4329 2397 4380 ὁ
2428 4325 2834 4398 Ἀλεξανδρείας
2885 4330 3203 4395 ἐπίσκοπος,
3236 4331 3355 4400 ἤτοι
3393 4331 3426 4399 ἡ
3466 4329 3684 4392 σύνοδος
3715 4329 3748 4397 ὴ

2175 4422 2214 4473 Α
2227 4421 2539 4488 ἰγυπτιακή.
2559 4418 2684 4471 Ἐὰν
2698 4419 2754 4472 δὲ
2779 4420 3024 4488 μάθωσιν
3047 4422 3170 4474 οἵτε
3193 4423 3332 4475 κατὰ
3349 4421 3497 4473 δύσιν
3516 4421 3608 4472 καὶ
3627 4422 3752 4474 ἁνα-

487 4504 726 4573 ptiamve
751 4505 1020 4576 synodum
1046 4507 1413 4564 anathematis
1438 4509 1764 4564 sententiam
1793 4510 1848 4564 in
1873 4511 2070 4566 Nesto—

2173 4512 2330 4582 τολὴν
2351 4511 2754 4565 θεοσεϐέστατοι
2785 4511 3096 4575 ἐπίσκοποι,
3128 4513 3209 4565 ὅτι
3245 4510 3751 4580 ἁνεθεματίσθησαν

490 4598 632 4649 rium
689 4597 881 4651 tulisse
935 4597 1139 4653 dicant.
1215 4600 1372 4666 Quod
1408 4601 1454 4656 si
1493 4601 1723 4671 piissimi
1761 4601 2076 4659 Occidentis

485 4694 543 4740 et
569 4686 810 4743 Orientis
836 4690 1078 4760 episcopi
1116 4691 1509 4758 intellexerint,
1549 4709 1607 4748 se
1643 4710 1835 4749 omnes
1875 4694 1945 4749 ab
1980 4695 2075 4751 illo

489 4779 836 4835 anathemate
889 4782 1078 4852 plexos
1120 4798 1244 4838 esse
1290 4784 1504 4854 (omnes
1545 4801 1780 4856 namque
1827 4795 2073 4843 sanctam

492 4865 717 4920 Mariam
752 4870 1037 4940 Deiparam
1066 4888 1188 4927 esse
1223 4873 1595 4945 proﬁtentur),
1635 4891 1744 4945 quo
1770 4875 1822 4929 id
1853 4875 2072 4931 tandem

491 4953 675 5008 animo
690 4962 969 5028 accepturi
990 4963 1157 5018 sunt?
1175 4961 1372 5018 Annon
1411 4979 1603 5019 omnes
1621 4967 1904 5036 :egerrimc
1927 4968 2074 5022 istud

493 5046 790 5114 patientur,
824 5067 933 5106 non
971 5065 1080 5109 tam
1124 5064 1351 5125 propter
1390 5056 1600 5126 seipsos
1655 5074 1818 5127 quam
1852 5071 2075 5129 propter

493 5146 713 5194 sanctos
737 5141 945 5208 Patres,
968 5145 1024 5201 in
1048 5164 1282 5218 quorum
1305 5148 1677 5202 monumentis
1709 5165 1918 5204 sacram
1955 5152 2075 5204 Vir-

493 5229 676 5299 ginem
715 5232 938 5291 Ma'riam
987 5254 1204 5310 semper
1237 5241 1522 5311 Deiparam
1561 5241 1884 5310 appellatam
1919 5258 2072 5298 com-

496 5319 774 5390 perimus?
796 5327 938 5383 Sane
968 5330 1074 5384 nisi
1101 5346 1396 5388 onerosum
1423 5333 1541 5388 fore
1565 5333 1744 5388 visum
1769 5346 1934 5401 esset,
1963 5353 2072 5392 non

572 5482 615 5513 "
642 5481 799 5537 Joan.
828 5498 866 5547 ι,
903 5485 986 5538 18.
1068 5488 1111 5520 ⁸⁸
1137 5488 1235 5542 lsa.
1268 5507 1362 5554 vn,
1401 5491 1484 5547 Η.

2176 4606 2374 4668 πάντες
2389 4604 2608 4674 (πάντες
2622 4605 2730 4674 γὰρ
2743 4603 2959 4671 λέγουσι
2977 4604 3070 4656 καὶ
3086 4604 3344 4674 ὁμολογοῦ
3354 4621 3454 4669 σιν,
3471 4603 3553 4655 ὅτι
3564 4602 3754 4656 Bas-:6-

2177 4715 2270 4761 κος
2295 4698 2440 4750 ἐστὶν
2461 4698 2494 4766 ἡ
2519 4695 2647 4764 ἁγία
2668 4696 2877 4765 Μαρία)
2895 4711 2907 4722 ·
2941 4694 3055 4757 πῶς
3079 4696 3189 4765 ἄρα
3210 4695 3617 4764 διατεθήσονται
3638 4713 3652 4759 ;
3677 4696 3749 4748 Ἦ

2176 4789 2294 4852 πῶς
2321 4791 2418 4858 οὐχ
2451 4789 2692 4851 ἅπαντες
2723 4786 3150 4858 λυπηθήσονται,
3177 4787 3271 4837 καὶ
3298 4788 3347 4838 εί
3366 4784 3386 4823 ί
3415 4787 3490 4855 μὴ
3529 4787 3596 4838 δι’
3621 4789 3750 4840 ἐαυ-

2174 4883 2323 4945 τοὺς,
2355 4879 2470 4934 ἀλλ’
2499 4874 2591 4933 οὖν
2629 4879 2718 4931 διὰ
2761 4879 2884 4941 τοὺς
2918 4877 3106 4944 ἁγίους
3139 4875 3410 4943 Πατέρας,
3441 4869 3516 4928 ὧν
3545 4879 3602 4929 ἐν
3636 4880 3749 4940 τοῖς

2178 4973 2600 5042 συγγράμμασιν
2637 4969 2965 5041 εὑρίσκομεν
3007 4968 3094 5020 ἀεὶ
3121 4966 3379 5020 Θεοτόκον
3408 4967 3743 5038 ὀνομαζομέ-

2174 5083 2270 5136 νην
2308 5064 2406 5135 τὴν
2436 5063 2596 5132 ἁγίαν
2636 5060 2914 5132 Παρθένον
2957 5059 3210 5130 Μαρίανς
3243 5057 3307 5112 Εἰ
3347 5059 3404 5112 δὲ
3447 5059 3523 5129 μὴ
3574 5061 3747 5112 ἐδόκει

2172 5156 2428 5228 φορτικὸν
2473 5151 2702 5208 εἶναιτὸ
2749 5153 3023 5222 ἐσόμενον,
3053 5151 3255 5215 πολλὰς
3304 5152 3371 5205 ἂν
3416 5152 3640 5223 ἔπεμψα
3667 5155 3744 5222 βξ-

2172 5249 2332 5310 6λους
2380 5245 2590 5298 πολλῶν
2620 5244 2792 5313 ἁγίων
2823 5244 3108 5314 Πατέρων·
3141 5245 3198 5296 ὲν
3243 5237 3332 5307 αἶς
3359 5243 3506 5298 ἔστιν
3539 5247 3740 5315 εὑρεῖν,

2171 5339 2269 5408 οὐχ
2299 5334 2467 5401 ἅπαξ,
2494 5335 2630 5390 ἀλλὰ
2662 5335 2757 5388 καί
2786 5333 3102 5398 πλειστάκις
3140 5335 3399 5406 κειμένην
3424 5334 3519 5405 τὴν
3537 5335 3739 5407 φωνὴν,

1594 5652 1760 5708 Varia:
1787 5652 2048 5707 lectiones
2077 5650 2283 5707 codicis
2310 5650 2666 5722 Seguieriani.

579 5792 602 5822 ⁸
637 5785 764 5856 παρ’
792 5783 943 5856 ἐμοῦ.
1027 5785 1045 5826 ί
1078 5787 1194 5842 κᾶν.
