4028 6208
278 388 343 443 M

1703 385 2040 443 EPISTOLA
2077 388 2168 444 IX.

3488 389 3562 445 62

283 506 343 556 ὲν
376 496 792 576 ᾗὸμολογοῦσιν
841 498 985 557 εἶναι
1032 501 1297 556 Θεοτόκον
1325 502 1427 573 τὴν
1455 502 1618 570 ἁγίαν
1658 500 1864 573 Παρθέ-

1992 518 2140 558 >auca
2172 504 2518 560 diversorum
2553 505 2656 577 31
2685 506 2910 560 Patrum
2941 503 3222 561 volumina
3262 501 3560 567 misissem,

280 611 369 647 νυν
388 594 630 663 Μαρίαν.

1962 596 2020 651 in
2043 599 2247 667 quibus
2270 614 2377 653 non
2403 600 2595 667 semel,
2619 601 2717 656 sed
2736 598 3184 670 frequentissime
3202 613 3396 653 vocem
3419 597 3562 651 hanc

272 687 508 758 positam
540 685 821 753 invenias,
851 704 963 759 qua
1000 704 1211 745 sacram
1254 689 1534 761 Virginem
1576 688 2012 761 Deiparam'esse
2038 691 2398 749 confitentur.

1553 961 1893 1020 EPISTOLA
1924 963 2000 1020 1x
2039 963 2134 1036 (οί.
2167 964 2302 1036 vn).

1321 1133 1527 1175 CWILLI
1554 1134 1624 1174 AD
1650 1134 1901 1183 ρσειωικ
1929 1136 2178 1179 κεετοιη
2204 1135 2529 1179 STUDIOSUI.

269 1276 504 1334 Nullum
550 1278 720 1332 aliam
758 1294 979 1334 causam
1019 1281 1121 1335 nisi
1162 1282 1355 1338 ardens
1396 1291 1552 1339 recta:
1588 1283 1716 1354 ﬁdei
1751 1286 1891 1341 studi

1741 1373 1891 1428 aggn

2022 1289 2394 1414 ςέὖαιῑὶδείηιαηι
2433 1290 2531 1345 sibi
2575 1290 2937 1346 necessitatem
2961 1290 3230 1361 imponere
3261 1287 3564 1344 Nestorium

1993 1376 2027 1413 η
2090 1399 2106 1414 .

349 1524 485 1584 οἶδα
513 1529 616 1600 μὲν
647 1529 751 1600 τῆς
792 1529 894 1601 σῆς
928 1529 1147 1600 ἀγάπης
1184 1530 1247 1584 τδ
1290 1531 1600 1604 είλικρινὲς,
1643 1535 1738 1589 καὶ
1772 1536 1875 1592 οὐκ

2047 1540 2186 1597 Novi
2215 1540 2526 1598 dilectionis
2556 1547 2663 1595 tuae
2691 1537 3086 1601 sinceritatem,
3113 1550 3293 1606 neque
3320 1534 3566 1591 studium

275 1622 533 1693 ἠγνόηκε.
554 1621 659 1691 τὴν
686 1621 951 1692 σπουδήν.
974 1622 1087 1675 Καὶ
1114 1623 1163 1675 εί
1196 1623 1295 1694 μὲν
1322 1622 1563 1695 ἔγραφον
1591 1625 1728 1696 πρός
1754 1642 1879 1680 τινα

1992 1636 2194 1705 ignoro.
2223 1634 2294 1689 Et
2329 1633 2378 1689 si
2414 1632 2639 1703 quidem
2680 1631 2749 1686 ad
2786 1630 3028 1700 aliquem
3061 1642 3280 1682 morum
3315 1642 3565 1681 meorum

278 1717 379 1770 τὸν
405 1714 541 1785 ἐμὸν
576 1714 679 1767 οὐκ
710 1714 892 1766 εἰδότα
927 1713 1151 1785 τρόπον,
1182 1714 1400 1780 πολλοῖς
1439 1715 1508 1770 ἂν
1551 1718 1879 1789 ἐχρησάμην

280 1807 486 1873 λόγοις,
501 1804 814 1858 ἀναπείθων
829 1806 910 1858 ὅτι
929 1804 1133 1876 σφόδρα
1153 1806 1201 1857 εί
1210 1806 1270 1875 μί
1286 1823 1369 1869 τις
1388 1807 1684 1878 είρηνικδς,
1702 1809 1797 1861 καὶ
1817 1808 1877 1860 οὐ

276 1897 523 1967 δύσερις,
549 1894 681 1949 οὔτε
729 1895 1030 1966 φιλόμαχος
1050 1913 1065 1928 υ
1114 1896 1228 1951 ἀλλ’
1253 1897 1546 1968 εὐχόμενος
1575 1900 1671 1952 καὶ
1704 1899 1880 1968 φιλεῖν

286 1988 562 2052 ἅπαντας,
606 1988 704 2040 καὶ
751 1987 1025 2056 φιλεῖσθαι
1071 1987 1225 2060 παρά
1270 1989 1507 2044 πάντων.
1562 1990 1782 2061 Ἐπειδὴ
1823 1992 1882 2045 δὲ

288 2079 431 2149 πρὸς
464 2079 649 2133 είδότα
674 2078 895 2149 γράφω,
925 2079 1364 2153 βραχυλογήσας,
1394 2083 1575 2135 ὲκείνο
1604 2081 1841 2137 διδάσκω
1863 2099 1877 2113 ·

286 2172 370 2225 ὃτι
410 2172 466 2224 εί
502 2171 846 2241 πραγμάτων
887 2166 978 2243 ἦν,
1009 2171 1041 2243 ἢ
1075 2173 1375 2245 χρημάτων
1421 2173 1714 2246 ἀφαίρεσιν
1747 2174 1881 2228 ὐπο-

294 2265 506 2333 μεῖναι,
542 2262 635 2315 καὶ
663 2261 876 2317 παῦσαι
919 2263 1098 2332 λύπην
1144 2264 1381 2337 ἀδελφῷ,
1429 2265 1778 2338 ἐποιησάμην
1815 2267 1883 2322 ἂν

292 2352 491 2420 ἡδέως,
538 2352 679 2424 ὑπὲρ
716 2352 813 2406 τοῦ
851 2353 926 2425 μὴ
960 2354 1137 2408 δοκεῖν
1159 2373 1211 2409 τι
1249 2356 1349 2428 τῆς
1377 2357 1599 2431 ἀγάπης
1632 2343 1882 2430 ἡγεῖσθαι

292 2446 723 2516 προτιμότερον.
764 2445 989 2516 Ἐπειδὴ
1013 2446 1070 2499 δὲ
1104 2449 1134 2500 ὀ
1165 2448 1266 2519 τῆς
1303 2449 1540 2514 πίστεως
1569 2450 1725 2518 λόγος
1745 2450 1881 2514 ἐστὶ,

288 2537 379 2593 καὶ
420 2536 937 2608 ἐσκανδαλίσθησαν
979 2538 1075 2590 καὶ
1117 2541 1173 2591 αί
1224 2539 1370 2593 κατά
1403 2542 1606 2606 πᾶσαν,
1639 2540 1716 2602 ὡς
1755 2540 1886 2604 ἔπος

286 2630 484 2691 είπεῖν,
508 2626 616 2700 τὴν
645 2627 937 2698 Ῥωμαίων
953 2627 1127 2700 ἀρχὴν
1165 2628 1483 2701 Ἐκκλησίαι
1524 2631 1607 2699 (οὐ
1632 2630 1742 2702 γὰρ
1768 2631 1885 2684 ἐστι

284 2737 367 2782 τις
403 2720 522 2773 τῶν
562 2718 630 2783 ἐξ
677 2719 1077 2789 οἱασδηποτοῦν
1118 2719 1390 2792 πόλεωςῆ
1430 2721 1616 2792 χώρας
1660 2721 1887 2793 ἐρχομέ-

286 2829 412 2875 νων,
430 2811 529 2863 καὶ
562 2810 642 2881 μὴ
670 2809 871 2879 λέγων,
896 2810 924 2863 ὃ
946 2827 999 2863 τι
1024 2808 1199 2864 ταῦτά
1226 2811 1344 2864 ἐστι
1368 2810 1436 2864 τά
1467 2811 1844 2884 θρυλλούμενα
1867 2832 1881 2879 ;

286 2902 384 2957 καὶ
420 2902 561 2956 ποία
603 2901 769 2971 καινὴ
817 2901 1054 2973 μάθησις
1094 2904 1214 2966 ταῖς
1252 2900 1602 2972 Ἐκκλησίαις
1633 2904 1890 2977 ἐπιφέρε-

286 3010 376 3047 ται
392 2992 459 3064 ;),
484 2993 630 3064 πρὸς
859 2991 913 3045 τί
940 2965 1213 3063 δράσομεν
1246 2994 1296 3047 οί
1332 2965 1753 3064 πεπιστευμένοι
1783 2965 1888 3047 πα·
1914 2965 1956 3023 C

293 3085 365 3156 ρὰ
394 3084 538 3137 Θεοῦ
563 3084 658 3137 τὸν
671 3082 769 3136 τοῦ
795 3084 1099 3156 μυστηρίου
1115 3085 1276 3154 λόγον
1294 3127 1310 3151 ,
1337 3085 1476 3156 πρὸς
1496 3084 1592 3149 οὓς
1615 3086 1673 3139 ὲν
1706 3087 1888 3160 ἡμέρᾳ

290 3175 539 3244 κρίσεως
586 3173 902 3226 δικάσονται
954 3174 1005 3226 oi
1077 3174 1597 3245 μυσταγωγούμενοι
1635 3175 1884 3241 πάντως;

295 3264 498 3335 ὲροῦσι
521 3264 633 3335 γὰρ
660 3264 798 3318 οὕτω
828 3264 1071 3336 τηρῆσαι
1105 3265 1205 3336 τὴν
1238 3265 1444 3331 πίστιν,
1488 3266 1565 3330 ὡς
1602 3284 1887 3338 μεμυστα-

298 3358 598 3428 γώγηνται
631 3358 752 3427 παρ’
792 3356 972 3427 ἡμῶν.
1022 3356 1133 3409 Καὶ
1166 3357 1215 3409 εί
1249 3357 1349 3427 μὲν
1379 3356 1561 3427 ὀρθῶς
1594 3358 1755 3411 τοῦτο
1791 3376 1889 3411 πει

299 3446 620 3519 πράχαμεν,
659 3444 1055 3516 ἀποληψόμεθα
1094 3446 1188 3499 καὶ
1236 3446 1450 3515 μισθὸν,
1481 3447 1784 3519 τευξόμεθα
1831 3448 1888 3502 δὲ

297 3541 395 3595 καὶ
426 3538 698 3592 ἐπαίνων
731 3538 781 3591 εί
808 3538 861 3591 δὲ
889 3537 1096 3609 ἑτέρως
1125 3537 1220 3591 καὶ
1239 3537 1707 3610 διεστραμμένως,
1741 3542 1888 3592 ποῖαι

297 3632 497 3703 φλόγες
520 3632 656 3703 ἡμῖν
684 3630 1013 3703 ἀρκέσουσιν
1030 3646 1045 3695 ;
1064 3629 1438 3701 Ἀκουσόμεθά
1462 3631 1593 3704 γὰρ,
1618 3634 1703 3686 ὅτι
1731 3651 1748 3684 ι
1777 3634 1821 3686 Τ
1823 3631 1890 3705 ὴν

299 3725 401 3793 γῆν
438 3741 542 3794 μου
578 3722 894 3787 ἀπώλεσας,
935 3721 1031 3775 καὶ
1065 3721 1158 3774 τὸν
1185 3721 1316 3775 λαόν
1350 3740 1449 3793 μου
1483 3724 1831 3788 ἀπέκτεινας,
1863 3743 1883 3778 ι

299 3818 441 3870 κατά
467 3817 531 3871 τὺ
556 3815 969 3886 γεγραμμένον.
997 3815 1104 3867 Καὶ
1124 3814 1356 3877 ἕκαστος
1390 3815 1489 3886 μὲν
1510 3815 1618 3869 τῶν
1651 3817 1710 3870 ὲν
1738 3816 1890 3881 τάξει

301 3911 505 3963 λαῖκῶν
533 3908 640 3978 τῆς
679 3906 876 3960 ἑαυτοῦ
913 3906 1059 3977 ζωῆς
1116 3906 1661 3978 ὑπεραπολογήσεται
1682 3923 1696 3938 θ
1729 3909 1891 3978 ἡμεῖς

300 4004 356 4055 δὲ
386 4003 437 4055 οἱ
482 4004 608 4063 ταῖς
647 4000 750 4069 τῆς
794 3999 1093 4070 ἱερωσύνης
1124 3999 1492 4068 λειτουργίαις
1522 4000 1893 4071 πεφορτισμὲ-

301 4115 410 4162 vet,
446 4098 547 4167 οὐχ
573 4096 719 4167 ὑπὲρ
751 4096 930 4164 μόνων
957 4093 1189 4158 ἑαυτῶν,
1224 4093 1340 4147 ἀλλ’
1367 4092 1507 4165 ὑπὲρ
1544 4093 1764 4147 πάντων
1785 4093 1893 4147 τῶν

305 4188 675 4243 πιστευόντων
700 4188 781 4251 είς
812 4188 1045 4259 Χριστὸν
1073 4185 1548 4258 ἀπολογησόμεθώ
1600 4186 1753 4257 Ἐμοὶ
1781 4185 1893 4239 τοί-

1981 1724 2233 1797 ignarum
2279 1725 2604 1790 scriberem,
2648 1722 2904 1793 pluribus
2944 1735 3077 1776 sane
3120 1717 3306 1775 verbis
3341 1732 3568 1787 persua-

1981 1816 2113 1870 dere
2156 1831 2408 1881 conarer,
2457 1830 2545 1869 me
2592 1812 2743 1884 pacis
2783 1803 3007 1882 quidem
3056 1807 3490 1880 perstudiosum.
3534 1823 3567 1862 ι

1982 1906 2173 1961 litibus
2196 1921 2327 1959 vero
2357 1920 2421 1959 ac
2441 1903 2574 1957 rixis
2602 1885 2844 1957 alienum
2878 1914 2999 1958 esse
3034 1913 3293 1968 prorsus;
3327 1895 3568 1966 denique

1985 1997 2148 2052 talem
2190 1996 2286 2066 qui
2330 2010 2524 2050 omnes
2566 2008 2780 2057 amare,
2824 2000 2882 2047 et
2925 1991 2994 2046 ab
3029 1988 3286 2045 omnibus
3324 1987 3569 2043 vicissim

1983 2087 2156 2144 amari
2182 2096 2487 2158 peroptem.
2526 2084 2632 2140 Sed
2664 2083 2795 2154 quia
2830 2081 2899 2136 ad
2928 2096 3055 2136 eum
3094 2079 3300 2143 scribo,
3329 2078 3420 2133 cui
3454 2084 3572 2133 stu-

1984 2178 2071 2233 dia
2113 2193 2234 2232 mea
2278 2185 2560 2247 comperta
2608 2183 2757 2242 sunt,
2798 2174 3042 2230 breviter
3092 2186 3263 2226 unum
3309 2171 3567 2236 monebo,

1983 2286 2202 2340 nempe,
2235 2269 2282 2323 si
2330 2285 2519 2323 rerum
2568 2276 2663 2322 aut
2712 2266 3073 2338 pecuniarum
3115 2265 3334 2336 jactura
3382 2261 3603 2319 fratris

1984 2360 2370 2433 aegritudinem
2408 2375 2603 2415 sanare
2631 2359 2845 2423 liceret,
2871 2371 2958 2411 me
2989 2371 3107 2410 eam
3127 2355 3398 2425 iacturam
3435 2353 3568 2408 sub-

1985 2452 2195 2508 iturum
2225 2467 2347 2507 esse
2371 2448 2801 2521 promptissime,
2830 2462 2898 2502 ne
2935 2445 3068 2516 quid
3105 2444 3374 2499 cliaritate
3415 2443 3572 2512 prius

1985 2544 2192 2600 habere
2232 2544 2474 2600 viderer.
2513 2542 2585 2596 At
2624 2540 2751 2612 quia
2793 2538 2920 2594 fidei
2955 2535 3237 2608 negotium
3271 2533 3473 2605 agitur,
3515 2540 3574 2587 et

1985 2636 2347 2692 offensionem
2398 2650 2573 2705 passa:
2620 2640 2770 2693 sunt.
2810 2639 2872 2685 ut
2919 2629 3090 2684 semel
3142 2627 3342 2691 dicam,
3380 2639 3574 2679 omnes
3655 2689 3663 2699 θ

1986 2735 2259 2797 quotquot
2295 2708 2753 2797 per-Romanum
2779 2720 3075 2790 imperium
3119 2726 3248 2774 sunt
3285 2715 3569 2779 Ecclesiae,

1991 2822 2176 2895 (nemo
2202 2819 2352 2873 enim
2381 2826 2486 2883 est,
2513 2832 2580 2871 ex
2604 2828 2931 2885 quacunque
2968 2811 3189 2866 demum
3228 2810 3449 2865 civitate
3477 2815 3575 2862 aut

1990 2912 2214 2985 regione
2243 2908 2551 2972 advenerit,
2577 2906 2673 2977 qui
2704 2921 2816 2960 non
2840 2912 3047 2974 qumrat
3074 2920 3086 2955 :
3109 2900 3410 2970 Ecquinam
3446 2905 3575 2954 sunt

1990 3005 2047 3058 hi
2078 3002 2362 3058 rumores?
2386 3016 2575 3071 ecquae
2603 3014 2743 3053 nova
2769 2997 2887 3051 haec
2912 2995 3165 3050 doctrina
3194 2993 3455 3048 Ecclesiis
3486 2992 3575 3046 iu-

1988 3092 2263 3167 geritur?)
2310 3091 2459 3162 quod
2488 3106 2591 3146 nos
2619 3088 2927 3144 remedium
2964 3087 3117 3142 hisce
3153 3086 3312 3141 malis
3347 3085 3578 3140 adhibe-

1989 3184 2191 3247 bimus,
2224 3174 2428 3252 quibus
2470 3179 2785 3235 divinorum
2828 3176 3215 3249 mysteriorum
3255 3175 3506 3231 doctrina
3540 3189 3576 3231 a

1988 3275 2101 3330 Deo
2132 3270 2451 3328 concredita
2491 3270 2610 3325 est?
2642 3284 2783 3339 quos
2821 3267 2858 3321 ii
2894 3266 2988 3337 qui
3023 3282 3053 3320 a
3095 3265 3255 3321 nobis
3288 3264 3580 3320 initiantur

1989 3376 2046 3422 et
2083 3365 2432 3428 erudiuntur,
2463 3363 2589 3433 jure
2629 3376 2890 3416 accusare
2939 3366 3220 3430 poterunt,
3256 3372 3321 3412 ac
3367 3356 3578 3421 dicere,

1989 3474 2113 3515 eam
2150 3474 2208 3513 se
2239 3456 2404 3511 fidem
2434 3453 2677 3509 tenuisse
2704 3468 2867 3523 quam
2895 3467 2925 3506 a
2951 3451 3111 3505 nobis
3134 3449 3313 3503 edocti
3337 3447 3575 3502 fuerant.

1989 3549 2169 3618 Quare
2213 3548 2261 3603 si
2302 3547 2449 3601 bona
2492 3544 2598 3600 fide
2642 3559 2844 3598 munus
2883 3542 2938 3597 id
2971 3539 3330 3602 obiverimus,
3356 3537 3578 3607 dignam

1990 3638 2303 3696 mercedem
2344 3636 2553 3691 laudati
2598 3648 2955 3703 assequemur
2992 3649 3004 3684 :
3039 3631 3125 3684 sin
3165 3636 3348 3691 autem
3394 3626 3575 3688 aliter,

1990 3732 2097 3787 hoc
2121 3739 2206 3786 est
2238 3742 2518 3800 perverse,
2541 3741 2661 3795 quae
2693 3724 2852 3778 nobis
2880 3721 3110 3775 ﬂammae
3145 3718 3214 3773 ad
3247 3716 3578 3787 supplicium

1992 3833 2077 3880 sat
2113 3838 2235 3877 esse
2267 3818 2566 3891 poterunt?
2585 3816 2889 3871 Audiemus
2919 3812 3065 3867 enim
3095 3810 3228 3866 illud
3259 3827 3272 3864 :
3307 3829 3325 3860 ι
3351 3808 3580 3863 Terram

1993 3931 2171 3972 meam
2220 3911 2533 3985 perdidisti,
2572 3920 2628 3966 et
2675 3910 2940 3980 populum
2992 3922 3174 3961 meum
3222 3902 3505 3967 occidisti,
3552 3921 3572 3953 ι

1995 4010 2138 4066 sicut
2176 4008 2442 4077 scriptum
2472 4010 2558 4059 est
2583 4003 2647 4057 “3.
2690 4002 2834 4057 Sane
2863 4016 2894 4056 e
2929 3999 3085 4054 laicis
3122 3997 3357 4069 quilibet
3387 3995 3456 4051 de
3482 4009 3583 4050 sua

1994 4101 2262 4158 duntaxat
2306 4098 2421 4152 vita
2458 4095 2730 4150 rationem
2773 4092 3094 4148 redditurus
3131 4098 3246 4156 est;
3284 4103 3388 4143 nos
3422 4100 3579 4150 vero,

1995 4206 2231 4263 quorum
2262 4187 2508 4243 humeris
2532 4185 2823 4241 sacerdotii
2851 4200 2993 4239 onus
3017 4181 3305 4246 incumbit,
3337 4195 3448 4235 non
3477 4192 3582 4249 pro

308 4300 406 4334 νυν
428 4279 603 4342 οὐδείς
638 4279 757 4331 ἐστι
781 4278 962 4347 λόγος,
995 4280 1059 4331 οὐ
1090 4278 1288 4349 λύπης,
1309 4278 1407 4348 οὐχ
1445 4275 1675 4347 ὕϐρεως,
1696 4278 1757 4330 οὐ
1786 4276 1891 4330 λοι-

1998 4282 2159 4339 nobis
2201 4288 2413 4335 tantum
2457 4278 2729 4331 rationem
2777 4274 3050 4331 reddituri
3095 4287 3308 4336 sumus,
3346 4270 3444 4327 sed
3480 4284 3584 4339 pro

304 4371 494 4441 δορξας
532 4371 634 4439 τῆς
673 4368 820 4422 οὕτω
862 4369 1088 4440 πολλῆς,
1134 4365 1202 4441 ἧς
1249 4368 1576 4439 πεποίηνται
1604 4372 1726 4422 κατ’
1757 4367 1894 4440 ἐμοῦ

1993 4372 2251 4429 omnibus
2272 4369 2477 4426 Christi
2508 4366 2782 4423 ﬁdelibus.
2820 4367 2905 4422 Me
2935 4366 3101 4437 igitur
3124 4365 3272 4419 nulla
3298 4375 3476 4431 neque
3500 4360 3584 4414 in-

305 4465 414 4516 τῶν
447 4462 847 4533 ἁνυπολήπτων
877 4456 1041 4524 τινές.
1095 4460 1234 4514 Ἀλλ’
1256 4459 1488 4530 οἰχέσθω
1511 4459 1685 4513 ταῦτα
1717 4461 1891 4515 πάντα

1992 4463 2154 4535 iuria,
2190 4476 2371 4531 neque
2415 4458 2769 4521 contumelia,
2809 4472 2990 4527 neque
3031 4453 3281 4510 convicia
3321 4456 3582 4514 movent;

308 4550 445 4619 πρὸς
458 4548 659 4619 λήθην.
687 4548 908 4601 Δικάσει
931 4549 991 4602 δὲ
1020 4549 1117 4601 καὶ
1147 4549 1265 4611 τοῖς
1289 4547 1713 4619 πεφλυαρηκόσι
1741 4548 1892 4612 Θεός.

312 4642 493 4696 ιίὸνον
518 4639 777 4704 σωζὲσθω
801 4640 869 4694 τὰ
895 4640 997 4711 τῆς
1029 4640 1286 4705 πίστεως,
1317 4640 1411 4693 καὶ
1439 4640 1593 4708 φίλος
1635 4642 1772 4710 είμὶ,
1803 4642 1897 4694 καὶ

311 4730 624 4803 ἀγαπητὸς,
668 4732 759 4784 καὶ
804 4733 979 4786 οὐδενὶ
1025 4733 1376 4804 παραχωρῶν
1432 4734 1571 4804 πρὸς
1610 4733 1670 4786 τὸ
1698 4734 1897 4806 χρῆναι

315 4823 584 4892 μειζόνως
608 4820 781 4889 φιλεῖν
811 4822 904 4875 τὸν
931 4821 1350 4889 Θεοφιλέστατον
1371 4822 1670 4875 ἐπίσκοπον
1695 4822 1769 4875 Νε
1780 4823 1899 4875 στό-

314 4931 457 4985 ριον,
484 4914 565 4977 δν,
602 4914 679 4977 ὡς
712 4914 806 4967 ἐπὶ
850 4913 947 4967 τοῦ
981 4911 1119 4967 Θεοῦ
1166 4930 1331 4984 φημι,
1357 4914 1454 4966 καὶ
1496 4914 1803 4984 εὐδοκιμεῖν
1843 4914 1901 4966 ὲν

311 5005 539 5076 Χριστῷ
564 5004 851 5077 βούλομαι,
885 5004 981 5058 καὶ
1010 5005 1103 5058 τὸν
1127 5005 1220 5058 ἐπὶ
1245 5007 1360 5067 τοῖς
1401 5004 1502 5075 ἤδη
1539 5004 1903 5077 παρελθοῦσιν

310 5096 579 5165 ἀφανίσαι
638 5096 866 5167 μῶμον
908 5096 1004 5149 xui.
1044 5094 1216 5160 δεῖξαι
1260 5095 1649 5164 συκοφαντίαν,
1698 5095 1791 5151 καὶ
1842 5096 1904 5148 οὐ

308 5188 532 5247 πάντως
591 5187 876 5259 ἀλήθειαν,
934 5186 1003 5241 τὰ
1046 5188 1201 5257 παρά
1250 5203 1412 5240 τινων
1472 5186 1566 5239 ἐπὶ
1615 5187 1682 5257 τῇ
1722 5184 1903 5238 πίστει

272 5309 281 5315 ε
309 5280 779 5352 θρυλλούμενα.Εἱ
800 5280 859 5334 δὲ
887 5280 1345 5353 προστετάγμεθα
1370 5278 1520 5350 παρά
1545 5277 1785 5350 Χριστοῦ
1809 5277 1903 5330 καὶ

307 5374 437 5436 τοὺς
476 5372 772 5443 μισοῦντας
800 5371 1043 5442 ἀγαπᾷν,
1075 5371 1194 5436 πῶς
1242 5372 1303 5424 οὐ
1350 5370 1552 5441 μᾶλλον
1608 5368 1903 5424 ἀκόλουθον

308 5465 567 5533 ἀδελφοῖς
594 5481 655 5516 τε
690 5464 787 5518 καὶ
824 5460 1142 5534 συνιερεῦσι
1184 5461 1345 5515 τοῦτο
1387 5464 1593 5527 nou-Iv;
1631 5460 1757 5514 Ὅτι
1792 5458 1903 5532 γὰρ

308 5559 361 5615 εἰ
415 5554 756 5636 παραλύοιτο
810 5553 968 5624 παρά
1021 5571 1184 5608 τινων
1231 5553 1265 5624 ἡ
1316 5554 1521 5619 πίστις,
1549 5552 1651 5616 τὰς
1699 5550 1906 5607 ἑαυτῶν

305 5647 494 5719 (ralia;
526 5649 593 5701 οὐ
628 5647 1013 5720 προδώσομεν,
1038 5645 1142 5701 κᾶν
1172 5647 1222 5700 εί
1258 5646 1549 5723 προκέοιτο
1588 5645 1780 5704 παθεῖν
1813 5647 1907 5705 καὶ

384 5811 425 5841 ⁸⁸
462 5808 607 5869 ιιωι.
661 5823 773 5875 xtv,
826 5809 881 5863 9.
964 5807 1005 5838 ¹⁷
1034 5803 1220 5863 Matth.
1248 5822 1301 5870 ν,
1358 5804 1443 5860 ιίιί.

1994 4553 2213 4611 etiamsi
2253 4552 2660 4623 quamplurima
2708 4564 2806 4620 per
2863 4547 3130 4619 quosdam
3188 4539 3586 4614 petulantiores

1995 4643 2144 4699 illata
2173 4641 2310 4697 mihi
2341 4641 2472 4696 sint.
2504 4639 2610 4695 Sed
2640 4638 2759 4693 bwc
2781 4635 2964 4691 omnia
2989 4632 3266 4690 oblivione
3289 4635 3584 4683 conteran-
3621 4632 3627 4665 τ

2000 4745 2112 4790 tur.
2153 4735 2299 4789 Deus
2348 4732 2498 4788 enim
2541 4730 2851 4786 istiusmodi
2903 4734 3199 4798 nugatores
3236 4720 3588 4794 iudicaturus

2001 4835 2104 4883 est.
2137 4827 2374 4881 Tantum
2415 4824 2551 4880 fides
2588 4824 2798 4893 integra
2822 4821 2929 4890 32
2951 4829 3007 4874 et
3036 4819 3181 4872 salva
3214 4815 3305 4879 sit,
3328 4829 3429 4884 ego
3452 4826 3587 4867 vero

2003 4928 2060 4976 et
2087 4933 2211 4975 amo
2236 4926 2294 4972 et
2323 4917 2525 4987 diligo;
2562 4929 2743 4984 neque
2781 4912 2878 4967 ulli
2921 4908 3219 4965 concedam
3265 4914 3326 4961 ut
3362 4904 3585 4975 religio-

2006 5010 2286 5065 sissimum
2326 5006 2645 5078 episcopum
2684 5002 2999 5060 Nestorium
3069 4997 3357 5053 ardentius
3417 5000 3584 5059 amet,

2009 5116 2173 5176 quam
2214 5114 2315 5170 ego
2348 5116 2360 5152 :
2392 5113 2553 5169 quem
2592 5097 2788 5161 etiam,
2830 5095 3001 5148 Deum
3045 5090 3248 5146 testor!
3282 5088 3338 5141 in
3366 5083 3589 5141 Christo

2006 5175 2239 5263 peropto
2262 5189 2406 5260 apud
2437 5204 2627 5244 omnes
2665 5188 2806 5242 bene
2841 5183 3055 5248 audire,
3088 5188 3384 5248 notamque
3417 5175 3490 5230 ob
3520 5191 3585 5232 ca

2005 5299 2128 5353 qua:
2164 5282 2378 5352 pridem
2417 5279 2657 5345 admisit,
2691 5283 3026 5332 contractam
3063 5274 3284 5336 eluere;
3313 5285 3377 5325 ac
3404 5268 3583 5339 palam

1996 5373 2177 5432 facere
2213 5372 2543 5427 calumniam
2580 5384 2701 5424 esse
2730 5380 2963 5431 meram,
2987 5380 3098 5420 non
3122 5361 3431 5425 veritatem,
3461 5372 3585 5429 quas

2000 5462 2068 5520 de
2085 5478 2185 5518 sua
2207 5461 2312 5516 fide
2336 5478 2366 5515 a
2389 5459 2668 5515 nonnullis
2689 5458 2966 5528 invulgata
2987 5464 3135 5512 sunt.
3156 5454 3290 5509 Nam
3312 5453 3356 5509 si
3376 5448 3583 5507 Christi

2002 5555 2259 5612 mandato
2309 5552 2377 5608 ad
2430 5552 2777 5609 inimicorum
2824 5549 3171 5606 dilectionem
3222 5559 3481 5617 urgemur
3513 5542 3580 5607 ¹⁷,

2005 5642 2281 5721 quomodo
2310 5651 2741 5702 consentaneum
2772 5656 2882 5699 non
2907 5646 2988 5696 est
3020 5646 3081 5696 ut
3117 5637 3325 5695 amicos
3356 5643 3413 5692 et
3445 5649 3581 5690 eon-

3621 4612 3637 4649 ί
