4028 6208
498 361 566 415 05
1487 366 1542 421 S.
1583 365 1857 421 CYRlLLI
1898 365 2365 421 ALEXANDRINI
2399 368 2716 425 ARCIIIEP.
3672 366 3734 422 64

493 478 809 535 sacerdotes
866 482 1015 536 omni
1065 481 1461 538 benevolentia:
1514 483 1698 537 studio
1747 482 2061 552 complecta-

2180 482 2342 535 αὐτὸν
2374 484 2464 536 τὸν
2492 485 2742 550 θάνατον,
2782 488 2879 542 οὐκ
2906 488 3054 543 ἔστιν
3082 490 3405 562 ἀμφίϐολον.
3436 487 3499 541 Ei
3528 487 3634 558 γὰρ
3661 487 3745 539 δι-

492 571 650 623 mnr?
690 570 847 637 Quod
875 573 920 626 si
953 574 1271 628 exoriantur
1300 574 1393 643 qui
1435 572 1597 630 ﬁdem
1637 574 1891 629 demoliri
1926 585 2071 628 sata-

491 670 639 729 gant,
668 671 884 717 nostras
923 665 1165 733 ipsorum
1199 665 1409 719 animas
1443 682 1553 720 non
1584 666 1918 736 prodituros,
1947 665 2077 719 licet

493 750 609 819 ipsa
650 768 871 823 quoque
916 770 1065 808 mors
1111 755 1277 823 capiti
1326 763 1517 810 nostro
1563 755 1896 825 impendeat,
1937 753 2074 807 nulli

491 842 654 899 debet
688 861 806 899 esse
840 846 1089 900 dubium.
1128 847 1263 900 Nam
1306 847 1349 901 si
1394 864 1495 917 pro
1538 850 1710 919 gloria
1744 847 1839 901 Dei
1874 847 2075 901 verita-

493 944 601 989 tem
632 938 931 1007 praedicare
969 940 1471 1005 formidaverimus,
1500 956 1570 995 ne
1605 941 1861 995 videlicet
1888 938 1944 991 in
1971 937 2073 992 ali—

489 1043 654 1096 quam
701 1030 1007 1085 molestiam
1056 1033 1389 1097 incidamus,
1444 1049 1581 1103 qua,
1629 1047 1844 1102 qumso,
1894 1030 2074 1083 fronte

2180 573 2374 644 δίαμεν
2400 576 2542 647 ὑπὲρ
2560 578 2658 648 τῆς
2684 579 2843 651 δόξης
2869 580 2959 635 τοῦ
2981 582 3118 635 Θεοῦ
3149 583 3248 653 τὴν
3280 580 3536 651 ἀλήθειαν
3558 581 3743 643 εἰπεῖν,

2182 666 2269 719 ἵνα
2300 667 2375 738 μὴ
2411 672 2801 741 περιπέσωμεν
2829 673 3065 744 ἀηδίαις,
3100 676 3240 745 ποίῳ
3273 674 3458 727 λοιπὸν
3481 670 3767 743 προσώπῳέ

2172 756 2243 810 τά
2272 758 2380 811 τῶν
2426 760 2595 828 ἁγίων
2630 762 2925 835 μαρτύρων
2968 764 3221 835 ἐγκώμια
3252 762 3587 834 ποιησόμεθα
3616 759 3745 830 πρὸς

2172 851 2301 913 τοὺς
2342 851 2525 917 λαοὺς,
2559 854 2655 914 οὓς
2698 856 3046 928 ἐπαινοῦμεν,
3077 859 3269 928 ὅτιπερ
3312 855 3654 925 τετηρήκασι
3689 851 3747 904 τὸ

2174 941 2465 1012 εἰρημένον
2485 961 2497 973 ·
2535 946 2706 1010 «Ἕως
2739 944 2972 1001 θανάτου
3019 947 3286 1017 ἀγώνισαι
3320 946 3460 1017 ὑπὲρ
3487 944 3586 1015 τῆς
3619 942 3746 1010 ἀλη-

2176 1030 2361 1097 θείας;
2392 1051 2411 1085 ι

489 1130 804 1176 sanctorum
835 1134 1135 1196 martyrum
1200 1126 1499 1182 certamina
1528 1132 1587 1180 et
1613 1125 1924 1194 triumphos
1960 1123 2105 1194 apud
2144 1126 2409 1195 p0pulum
2438 1127 2696 1183 laudibus
2723 1130 3056 1185 evehemus?
3116 1130 3317 1200 quippe
3346 1143 3485 1198 quos
3515 1140 3629 1180 uno
3653 1125 3751 1181 hoc

488 1214 710 1269 nomine
754 1218 1027 1287 prmcipue
1071 1219 1452 1283 deeantamus,
1495 1218 1641 1288 quod
1690 1218 2067 1287 prmstiterunt
2141 1217 2247 1274 hoc
2290 1221 2437 1293 quod
2480 1222 2689 1277 dictum
2728 1234 2813 1280 est
2848 1243 2859 1277 :
2934 1244 2951 1275 ι
2984 1223 3166 1295 Usque
3214 1222 3281 1276 ad
3332 1229 3570 1276 mortem
3608 1226 3752 1274 certa

488 1322 589 1376 pro
614 1308 843 1365 veritate
871 1310 932 1363 ¹⁸.
974 1329 991 1363 ι

2081 1473 2146 1483 .—

1741 1580 2076 1637 EPISTOLA
2117 1582 2162 1636 Χ
2208 1582 2300 1651 (οι.
2337 1580 2498 1653 Vlll).

1222 1752 1434 1793 evan.“
1469 1755 1534 1793 an
1558 1753 1813 1795 cumcos
1843 1756 1970 1796 suos
1997 1754 2483 1796 cousnsrnvorou
2528 1752 2893 1792 CONSTITU‘I‘OS
2921 1736 2998 1809 (1)

478 1892 723 1949 Testatur
760 1910 815 1948 se
846 1896 989 1971 pacis
1028 1906 1320 1971 amantem,
1344 1895 1835 1971 satva_tamen_ﬁde
1865 1895 2473 1971 catholica,_calum.nias
2512 1898 2568 1949 in
2603 1911 2658 1949 se
2682 1895 2921 1971 iactatas
2956 1895 3109 1965 facile
3143 1895 3345 1950 diluere
3374 1913 3544 1968 posse,
3574 1914 3755 1971 eosque

862 1966 1076 2021 instruit
1121 1984 1223 2037 qua
1258 1972 1464 2026 ratione
1490 1965 1717 2022 Nestorii
1752 1982 2019 2037 sequaces,
2056 1969 2201 2039 pacis
2240 1966 2471 2020 studium
2511 1976 2636 2021 tunc
2675 1966 3011 2033 simulantes,
3044 1976 3358 2022 tractarent.

541 2125 971 2194 Commentario,
1014 2144 1179 2197 quem
1225 2128 1473 2193 misistis,
1509 2131 1777 2199 perlecta,
1819 2128 2060 2197 comperi
2092 2132 2135 2186 B

473 2216 818 2270 Anastasium
860 2218 1272 2288 presbyterum,
1321 2233 1577 2273 sermone
1621 2220 1907 2274 vobiscum
1958 2219 2057 2271 ha-

472 2308 609 2373 bito,
637 2309 787 2377 pacis
822 2316 879 2361 et
913 2309 1169 2363 amicitia:
1207 2309 1451 2363 studium
1486 2310 1795 2375 simulasse,
1822 2326 1886 2364 ac
1915 2310 2059 2364 inter

470 2406 669 2453 caetera
694 2398 898 2453 dixisse
926 2417 938 2452 :
969 2399 1083 2454 Hoc
1111 2402 1290 2469 ipsum
1310 2400 1456 2470 quod
1484 2402 1530 2455 is
1557 2402 1777 2472 (nempe
1800 2401 2056 2473 Cyrillus)

470 2493 536 2547 ad
565 2492 864 2548 solitariam
898 2495 1064 2549 vitam
1105 2505 1327 2566 agentes
1362 2496 1601 2566 scripsit,
1627 2505 1681 2551 et
1714 2514 1814 2552 nos
1839 2511 2061 2567 quoque

468 2584 757 2641 sentimus.
804 2587 926 2642 Mox
960 2598 1142 2642 tamen
1186 2589 1254 2643 ad
1299 2590 1585 2659 proprium
1626 2607 1785 2645 suum
1830 2606 2057 2661 scopum

468 2685 892 2747 respectantem,
924 2679 1042 2734 haec
1066 2679 1133 2735 de
1160 2696 1247 2735 me
1276 2680 1587 2737 subdidisse
1614 2700 1627 2735 :
1650 2682 1785 2736 Nam
1810 2682 1900 2736 ille
1923 2697 2059 2752 quo-

465 2782 575 2835 que
622 2782 831 2822 sacram
874 2769 1143 2839 synodum
1181 2770 1333 2824 vocis
1374 2770 1574 2842 hujus,
1610 2772 1890 2842 Dciparze,
1930 2772 2057 2826 nul—

467 2856 577 2911 lam
610 2874 845 2928 usquam
881 2860 1219 2917 mentionem
1256 2862 1451 2918 fecisse
1484 2865 1750 2934 agnoscit.
1782 2866 1896 2937 Ego
1925 2882 2059 2921 vero

465 2948 534 3001 ad
568 2949 717 3004 hunc
750 2950 976 3004 modum
1011 2952 1206 3016 scripsi
1242 2972 1253 3005 :
1281 2953 1542 3019 Quamvis
1576 2956 1816 3026 synodus
1850 2958 2060 3015 voculae

468 3040 653 3109 hujus,
686 3040 962 3110 Dciparze,
1001 3057 1113 3096 non
1157 3044 1501 3111 meminerit;
1550 3062 1662 3101 non
1709 3047 1834 3103 ideo
1874 3055 2058 3105 tamen

465 3129 644 3184 oﬂicio
683 3139 833 3185 recte
872 3131 1059 3188 functa
1103 3149 1211 3187 non
1245 3134 1384 3200 fuit;
1421 3151 1521 3205 per
1554 3137 1608 3191 id
1648 3138 1796 3192 enim
1840 3147 2059 3211 tempus

464 3221 603 3275 nihil
623 3223 895 3293 ejusmodi
920 3225 974 3279 in
998 3226 1434 3281 controversiam
1455 3226 1855 3284 adducebatur.
1874 3231 2056 3298 Quare

464 3327 585 3382 qua'
628 3323 745 3369 tum
785 3315 1039 3387 ambigua
1073 3331 1184 3371 non
1218 3316 1586 3383 habebantur,
1615 3334 1679 3373 ea
1716 3319 1772 3373 in
1812 3321 2055 3377 medium

465 3397 713 3467 proferre
739 3401 951 3455 nullum
978 3418 1161 3473 opera:
1196 3404 1437 3473 pretium
1471 3417 1609 3462 erat.
1640 3408 1965 3478 Quanquam
2004 3412 2051 3465 si

464 3490 869 3546 sententiarum
897 3493 1010 3547 vim
1044 3495 1358 3565 expendere
1395 3496 1583 3562 libeat,
1626 3513 1837 3554 sacram
1871 3500 2051 3572 Virgi-

463 3597 591 3636 nem
618 3582 908 3652 Deiparam
933 3600 1054 3640 esse
1077 3602 1429 3658 nequaquam
1452 3588 1819 3644 dissimulavit
1844 3608 1856 3644 :
1884 3608 2064 3662 quau-

464 3672 537 3727 do
564 3672 788 3742 quidem
817 3673 971 3728 illum
999 3675 1201 3746 ipsum,
1230 3678 1324 3746 qui
1347 3693 1414 3731 ex
1439 3678 1551 3733 Deo
1577 3679 1738 3734 Patre
1765 3689 1926 3735 natus
1948 3689 2053 3749 est,

460 3778 565 3833 per
582 3779 745 3833 quem
771 3766 914 3821 facta
938 3776 1067 3822 sunt
1086 3768 1289 3835 omnia,
1329 3768 1673 3825 incarnatum
1696 3781 1751 3826 et
1775 3772 2055 3827 hominem

466 3853 698 3921 factum,
748 3866 983 3913 mortem
1027 3859 1159 3915 item
1207 3876 1562 3932 perpessum,
1611 3871 1669 3918 et
1711 3878 1779 3917 ex
1822 3864 2061 3919 mortuis

465 3946 849 4002 resuscitatum
877 3949 945 4003 ad
976 3952 1147 4006 cmlos
1175 3951 1511 4017 ascendisse,
1536 3952 1786 4007 vivorum
1815 3954 2058 4025 denique

463 4049 528 4088 ac
562 4047 909 4095 mortuorum
931 4043 1173 4113 judieem
1204 4043 1335 4097 olim
1368 4054 1663 4098 venturum
1688 4060 1809 4100 esse
1838 4048 2053 4101 asserit.

466 4125 582 4180 Non
618 4130 767 4198 quod
807 4134 1059 4188 naturale
1103 4134 1203 4189 Dei
1244 4135 1487 4190 Verbum
1529 4137 1832 4191 secundum
1864 4152 1922 4192 se
1963 4145 2058 4191 aut

468 4230 743 4274 mortuum
780 4231 877 4277 aut
916 4224 1105 4279 lancea
1148 4226 1203 4280 in
1247 4226 1419 4281 latere
1460 4228 1686 4282 omnino
1731 4244 2055 4298 percussum

2247 2126 2515 2194 Ἀνέγνων
2567 2124 2630 2177 τὸ
2686 2124 3097 2195 ῦπομνηστικδν
3144 2126 3205 2179 τὸ
3253 2127 3557 2183 ἀποσταλὲν
3621 2136 3754 2199 παρ’

2164 2216 2342 2286 ὑμῶν,
2377 2216 2445 2268 δι’
2476 2210 2537 2269 οὗ
2577 2214 2903 2285 ἐμάνθανον,
2940 2218 3023 2270 ὅτι
3063 2218 3414 2283 Ἀναστάσιος
3448 2222 3477 2273 ὁ
3505 2221 3750 2288 πρεσϐύ-

2161 2325 2317 2378 τερος
2345 2306 2623 2377 συντυχὼν
2640 2308 2767 2377 ὑμῖν
2799 2312 3180 2377 προσεποιεῖτο
3204 2308 3389 2379 ζητεῖν
3414 2313 3507 2364 καὶ
3539 2314 3742 2383 φιλίαν,

2162 2398 2257 2452 καὶ
2293 2400 2541 2469 εἰρήνην,
2575 2398 2667 2451 καὶ
2700 2398 2910 2467 ἔλεγεν,
2948 2399 3031 2453 ὅτι
3066 2401 3153 2463 Ὠς
3196 2401 3402 2472 ἔγραψε
3435 2406 3547 2466 τοῖς
3588 2406 3750 2473 μονά-

2162 2489 2368 2558 ζουσιν,
2398 2490 2541 2543 οὕτω
2566 2489 2890 2561 φρονοῦμεν.
2921 2486 3055 2543 Εἶτα
3072 2491 3207 2561 πρὸς
3235 2493 3365 2545 ἴδιον
3396 2496 3599 2546 σκοπὸν
3632 2495 3753 2563 βλέ-

2162 2600 2299 2649 πων,
2350 2582 2503 2652 ἕλεγε
2540 2583 2669 2652 περὶ
2706 2581 2867 2652 ἐμοῦ,
2919 2583 3001 2635 ὅτι
3033 2583 3145 2635 Καὶ
3194 2583 3355 2646 αὐτὸς
3412 2584 3604 2654 εἴρηκε
3654 2585 3755 2653 τὴν

2163 2676 2324 2744 ἁγίαν
2348 2674 2566 2728 σύνοδον
2592 2675 2666 2744 μὴ
2708 2673 3019 2745 μεμνῆσθαι
3043 2675 3143 2744 τῆς
3178 2675 3396 2739 λέξεως,
3430 2676 3528 2744 τῆς
3552 2674 3757 2729 Θεοτό-

2162 2785 2257 2820 κου
2287 2767 2449 2837 φημί.
2497 2766 2638 2835 Ἐγὼ
2661 2768 2717 2820 δὲ
2751 2769 3030 2838 γέγραφα,
3062 2768 3144 2821 ὅτι
3172 2768 3231 2821 Ei
3255 2769 3351 2822 καὶ
3382 2768 3458 2839 μὴ
3492 2769 3749 2841 ἐμνήσθη

2161 2862 2194 2931 ἠ
2240 2860 2457 2924 σύνοδος
2497 2860 2596 2931 τῆς
2640 2859 2860 2925 λέξεως,
2893 2860 3078 2923 καλῶς
3123 2860 3417 2931 εποίησεν
3461 2860 3589 2914 οὔτε
3636 2863 3752 2936 γὰρ

2161 2952 2385 3023 ἐκινήθη
2430 2951 2671 3006 τοιοῦτόν
2704 2969 2755 3004 τι
2786 2953 2908 3005 κατ’
2941 2953 3117 3005 ἐκεῖνο
3150 2951 3370 3021 καιροῦ.
3401 2952 3495 3007 Διὸ
3519 2953 3649 3007 οὔτε
3673 2951 3751 3025 ,ἦν

2160 3044 2375 3115 ἀνάγκη
2408 3042 2480 3098 τά
2523 3044 2599 3114 μὴ
2637 3042 2947 3113 ζητούμενα
2992 3043 3183 3114 φέρειν
3218 3046 3298 3108 είς
3331 3045 3519 3115 μέσον.
3552 3046 3617 3099 Ei
3652 3048 3749 3100 καὶ

2158 3135 2227 3188 τὰ
2258 3135 2494 3206 μάλιστα
2533 3137 2598 3205 τῇ
2645 3135 2876 3205 δυνάμει
2910 3134 3019 3189 τῶν
3065 3135 3305 3203 ἐννοιῶν,
3342 3131 3452 3189 οἶδε
3484 3136 3748 3192 Θεοτόκον

2156 3224 2258 3295 τὴν
2286 3225 2450 3292 ἁγίαν
2475 3224 2693 3295 Μαρίαν
2713 3226 2765 3263 ε·
2805 3224 2967 3276 αὐτὸν
2997 3225 3105 3293 γάρ
3126 3224 3275 3292 λέγει
3295 3225 3385 3277 τὸν
3420 3227 3747 3297 γεννηθέντα

2156 3316 2224 3367 ὲκ
2250 3313 2342 3366 τοῦ
2383 3313 2615 3382 Πατρὸς,
2646 3312 2738 3367 τὸν
2759 3312 2826 3364 δι’
2858 3308 2919 3366 οὗ
2939 3314 3022 3391 ⁸’τὰ
3063 3314 3242 3368 πάντα
3279 3316 3497 3382 ἐγένετο
3532 3333 3746 3387 σαρκω-

2158 3404 2338 3475 θῆναι,
2381 3404 2822 3475 ὲνανθρωπῆσαι,
2844 3403 3061 3467 παθεῖν,
3090 3404 3390 3474 ἀναστῆναι
3418 3407 3481 3459 ὲκ
3509 3408 3742 3477 νεκρῶν,

2156 3497 2399 3552 ἀνελθεῖν
2435 3498 2515 3561 είς
2551 3497 2837 3567 οὐρανοὺς,
2867 3494 3017 3566 ἥξειν
3052 3495 3110 3548 δὲ
3156 3496 3251 3549 καὶ
3300 3496 3493 3566 κριτὴν
3525 3496 3745 3560 ζώντων

2155 3590 2250 3643 καὶ
2289 3588 2519 3657 νεκρῶν.
2577 3589 2687 3641 Καὶ
2720 3588 2816 3657 οὐχ
2861 3588 2942 3641 ὅτι
2994 3588 3207 3650 πάντως
3252 3586 3468 3651 αὑτὸςὸ
3516 3590 3581 3640 ἐκ
3607 3588 3743 3641 Θεοῦ

2154 3677 2301 3732 κατὰ
2323 3678 2487 3747 φύσιν
2514 3674 2795 3745 γεννηθεὶς
2815 3674 3011 3743 Λόγος,
3042 3674 3337 3736 ἀπέθανεν,
3371 3673 3403 3743 ῆ
3437 3672 3638 3741 ἐνύχθη
3674 3675 3743 3742 τῇ
3816 3714 3821 3719 .

2152 3770 2326 3843 λόγχῃ
2362 3770 2442 3832 είς
2488 3768 2589 3838 τὴν
2641 3766 2905 3837 πλευράν.
2944 3767 3112 3819 Ποίαν
3159 3765 3269 3837 γὰρ
3304 3765 3440 3834 ἔχει,
3472 3764 3595 3817 είπέ
3629 3782 3741 3833 μοι,

2159 3861 2399 3932 πλευρὰν
2422 3860 2483 3914 τὸ
2510 3858 2833 3929 ἁσώματον;
2864 3860 2933 3911 Ἢ
2961 3858 3077 3921 πῶς
3132 3859 3198 3911 ἄν
3223 3857 3490 3911 ἀπέθανεν
3519 3858 3552 3926 ἡ
3589 3856 3700 3926 ζωή
3725 3869 3743 3921 ;

2168 3952 2307 4006 Ἀλλ’
2340 3952 2421 4005 ὅτι
2454 3950 2677 4014 ὲνωθεὶς
2717 3953 2783 4022 τῇ
2833 3951 3019 4022 σαρκὶ,
3053 3947 3173 4004 εἶτα
3197 3948 3517 4019 πασχούσης
3540 3948 3741 4017 αὐτῆς,

2153 4044 2228 4109 ὡς
2262 4045 2357 4097 τοῦ
2412 4043 2545 4097 ίδίου
2580 4044 2880 4113 πάσχοντος
2907 4042 3180 4113 σώματος,
3206 4040 3368 4105 αὐτὸς
3401 4039 3538 4109 πρὸς
3578 4040 3744 4093 αὑτὸν

2152 4138 2451 4191 οἰκειοῦται
2491 4137 2553 4189 τὸ
2592 4136 2783 4199 πάθος.
2818 4137 3172 4207 Σοφιζὸμενοι
3208 4134 3409 4199 τοίνυν,
3449 4132 3544 4187 καὶ¹
3594 4135 3740 4188 ἀπα·

2154 4230 2358 4292 τῶντες
2388 4228 2633 4291 ἑαυτοὺς,
2669 4229 2843 4281 ταῦτα
2874 4229 3145 4297 λέγουσιν.

463 4307 552 4363 sit.
592 4309 727 4364 Nam
764 4313 946 4381 quale,
990 4314 1080 4371 dic
1125 4316 1284 4378 mihi,
1333 4317 1477 4373 latus
1546 4318 1751 4373 habere
1788 4318 1844 4373 id
1879 4329 2080 4389 potest,
2122 4319 2270 4389 quod
2345 4317 2594 4388 corporis
2638 4333 2837 4387 expers
2880 4321 3001 4373 est?
3037 4328 3133 4373 aut
3176 4319 3281 4390 33
3320 4318 3595 4388 quomodo
3629 4318 3744 4374 vita

466 4414 579 4468 Ipsa
618 4409 835 4457 mortua
862 4404 984 4459 est?
1022 4406 1093 4460 At
1129 4408 1257 4477 quia
1285 4410 1525 4464 Verbum
1567 4412 1719 4466 carni
1783 4428 1842 4467 se
1911 4412 2110 4477 univit,
2145 4412 2349 4467 factum
2372 4419 2559 4476 estut,
2585 4426 2750 4465 carne
2773 4410 3036 4480 patiente,
3066 4420 3324 4482 tauquam
3351 4411 3577 4481 proprio
3614 4427 3741 4465 cor-

466 4507 595 4561 pore
635 4494 940 4550 cruciatum
987 4498 1281 4565 subeunte,
1315 4502 1494 4572 ipsum
1547 4504 1788 4558 Verbum
1826 4506 2076 4574 corporis
2112 4506 2523 4576 perpessionem
2562 4506 2643 4560 uti
2682 4506 2959 4576 propriam
3004 4507 3061 4561 in
3112 4524 3171 4563 se
3245 4507 3583 4567 transferret.
3616 4507 3746 4562 Fal-

465 4584 584 4639 lunt
639 4586 869 4656 proinde
908 4605 973 4645 ac
1026 4592 1311 4663 decipiunt
1368 4596 1711 4667 semetipsos,
1751 4598 1845 4667 qui
1908 4597 2026 4651 haec
2063 4597 2274 4653 dicunt.

533 4675 704 4733 Porro
753 4690 940 4736 autem
988 4684 1137 4752 quod
1186 4686 1547 4755 imposturam
1593 4689 1814 4753 faciant,
1866 4687 2046 4744 virus-

2229 4690 2351 4742 Ὀτι
2400 4688 2457 4742 δὲ
2501 4688 2809 4758 ψεύδονται,
2849 4691 2945 4744 καὶ
2990 4690 3080 4743 τὸν
3117 4690 3248 4744 ἴδιον
3292 4691 3510 4761 ἔχουσιν
3551 4694 3630 4746 ίὺν
3662 4697 3743 4757 εἰς

464 4780 571 4833 quc
609 4767 663 4820 in
709 4780 933 4838 pectore
987 4789 1089 4827 suo
1141 4776 1488 4830 reconditum
1536 4788 1745 4847 gerant,
1786 4779 1872 4833 vel
1921 4778 2051 4833 hinc

2161 4782 2251 4852 τὴν
2278 4781 2504 4850 καρδίαν
2525 4778 2554 4819 ιι
2574 4822 2588 4846 ,
2621 4781 2735 4834 ἐστι
2860 4785 2952 4835 καὶ
2974 4783 3062 4835 διὰ
3091 4782 3278 4835 τούτου
3310 4782 3439 4835 ἰδεῖν
3457 4800 3469 4811 ·
3492 4784 3739 4838 ἀπεστά-

464 4855 722 4925 colligere
755 4860 904 4927 licet,
940 4863 1087 4933 quod
1126 4863 1193 4918 ad
1226 4865 1471 4934 Bupham
1507 4867 1828 4938 Martyrium
1868 4868 2053 4923 diaco-

2161 4871 2329 4942 λησαν
2377 4871 2485 4941 γὰρ
2547 4870 2627 4940 τῷ
2686 4871 2869 4941 Βουφᾷ
2918 4870 3219 4940 Μαρτυρίῳ
3255 4868 3333 4939 τῷ
3370 4868 3625 4937 διακόνῳ,
3663 4872 3740 4941 τῷ

464 4961 619 5011 num,
654 4950 747 5018 qui
778 4956 1277 5011 ecclesiasticorum
1320 4959 1665 5028 negotiorum
1698 4961 2051 5016 administra-

469 5038 603 5097 tioni
633 5044 920 5112 prml'ectus
948 5060 1052 5115 est,
1097 5050 1235 5107 duas
1272 5050 1555 5106 chartulas
1593 5053 1883 5116 miserunt,
1913 5054 2052 5108 alte-

470 5146 585 5185 ram
619 5149 649 5188 a
676 5134 895 5205 Photio,
928 5152 1024 5197 aut
1064 5144 1171 5199 alio
1210 5144 1329 5215 ejus
1369 5142 1557 5199 farinze
1586 5145 1829 5211 homine,
1861 5157 2053 5201 contra

543 5286 588 5323 ³⁸
627 5289 795 5345 Eccll.
830 5309 901 5357 IV,
924 5296 1013 5350 33.

2156 4964 2493 5035 φροντίζοντι
2546 4963 2655 5016 τῶν
2691 4962 3163 5031 ὲκκλησιαστικῶν
3221 4961 3587 5032 πραγμάτων,
3647 4963 3742 5015 δύο

2156 5056 2392 5126 χαρτία·
2424 5056 2481 5108 ἓν
2533 5055 2631 5124 μὲν
2673 5054 2970 5125 συνταχθὲν
3026 5052 3177 5123 παρὰ
3232 5054 3463 5118 Φωτίου,
3526 5052 3559 5123 ἢ
3605 5053 3737 5122 παρ’

2159 5148 2348 5219 ἑτέρου
2381 5148 2544 5212 τινὸς,
2578 5147 2719 5201 κατά
2758 5146 2854 5201 τοῦ
2886 5147 3054 5217 τόμου
3098 5146 3194 5200 τοῦ
3229 5146 3367 5217 πρὸς
3404 5146 3531 5210 τοὺς
3573 5144 3737 5215 μονά-

1534 5398 1711 5453 Varia:
1744 5398 2009 5454 lectiones
2032 5398 2237 5457 codicis
2271 5400 2633 5471 Seguieriani.

556 5500 580 5539 8
612 5493 908 5567 Παρθένον.
987 5498 1013 5536 δ
1044 5503 1100 5554 ἐν
1126 5508 1192 5576 τῇ
1220 5509 1436 5581 καρδίᾳ.

555 5656 632 5727 (l)
690 5656 981 5731 Perperam
1033 5660 1088 5713 in
1137 5661 1287 5715 edito
1337 5663 1650 5731 legebatur,
1707 5665 1787 5718 Ad
1850 5664 2062 5719 clericos

477 5726 1111 5796 (Innstantinopolitanos,
1156 5735 1347 5785 mutuis
1393 5726 1620 5787 dissidiis
1672 5738 1807 5787 inter
1840 5752 1894 5787 se
1935 5754 2059 5787 ron-

484 5799 767 5858 dictantcs,
787 5798 928 5863 Πρὸς
956 5799 1079 5863 τοὺς
1109 5802 1730 5867 Κωνσταντινουπόλεως
1765 5806 2058 5875 κληρικους

2168 5666 2573 5743 στασιάζοντας.
2625 5670 2757 5743 Vide
2802 5678 2960 5725 notas
2998 5670 3244 5726 Garnerii
3293 5672 3358 5725 ad
3409 5673 3574 5743 hujus
3615 5674 3731 5742 epi-

2162 5737 2313 5860 isztolzr
2344 5738 2851 5861 illitcrprclationenl
2880 5751 3118 5797 veterem
3147 5759 3309 5813 quam
3334 5737 3730 5816 subjungimus.

2182 5824 2308 5861 ‘DIT.
2396 5825 2511 5861 .nn.

2182 5824 2308 5862 ινιτ.
2352 5824 2448 5861 ιπη
2460 5825 2511 5861 ιι.
