4028 6208
339 274 415 331 65

1755 287 2091 345 EPISTULA
2133 291 2202 346 Χ.

3522 319 3594 376 66

337 393 560 456 ζοντας·
606 391 664 444 ἒν
703 391 762 446 δὲ
809 393 885 455 ὡς
939 396 998 447 ὲν
1043 397 1281 467 σχήματι
1315 400 1589 471 τετράδος,
1626 403 1878 460 ἀλλόκοτα

1978 415 2470 471 ιοοιηῑηθιιιιιτίωη
2524 434 2686 487 quem
2745 421 2814 476 ad
2868 425 3166 482 monachos
3222 429 3548 500 scripseram
3574 473 3592 500 ,

338 485 464 553 ἔχον
506 484 601 551 τὴν
656 485 1000 555 ἐπιγραφήν.
1040 488 1193 557 Ἔχει
1235 489 1291 542 δὲ
1345 491 1549 556 οὕτως·
1579 495 1722 567 Πρὸς
1764 498 1914 561 τοὺς,

2017 505 2406 574 compositam;
2435 509 2661 564 alteram
2691 511 2865 568 forma
2891 519 3273 584 quaternionis
3293 537 3418 578 cum
3450 542 3592 582 nova

331 573 422 627 διὰ
459 574 560 644 τὴν
613 576 933 644 συνάφειαν,
971 576 1124 648 ἥτὴν
1154 579 1385 651 θεότητα
1435 583 1531 637 τοῦ
1579 587 1878 655 Μονογενοῦ

331 664 735 692 -.....--.~..._..-:
795 667 826 692 ε
869 667 1235 692 ι.--ο--κ,,--
1278 671 1336 692 ,ι
1406 675 1421 692 .
1471 674 1496 692 ι.
1643 677 1656 692 .
1840 680 1878 692 ..η

2017 573 2176 664 plane
2201 607 2257 651 et
2281 598 2517 656 absurda
2546 573 3001 692 inscriptione-ad
3027 573 3418 669 hunc
3443 573 3592 673 :1;

326 664 701 733 σμικροῦντας
722 666 768 729 ἱ,
795 667 828 734 ἢ
865 667 1236 733 ἁποθεοῦντας
1273 671 1374 743 τὴν
1399 674 1818 747 ἀνθρωπότητα.
1840 680 1878 731 Τ

2013 701 2206 742 versus
2235 705 2331 744 eos
2354 692 2468 758 qui,
2493 673 2716 763 propter
2740 698 3020 762 unionem,
3041 712 3138 757 aut
3163 703 3438 774 Unigeniti
3468 707 3589 764 dei-

320 755 376 808 se
405 755 704 825 προοίμιον
735 758 817 820 είς
845 757 944 820 τὰς
973 758 1128 832 παρὰ
1153 762 1262 813 τῶν
1299 764 1592 833 αίρετικῶν
1625 767 1909 839 λοιδορίας,

315 846 394 910 ὡς
423 847 529 898 ἐπὶ
555 848 811 918 σκληρῶν
836 850 1134 920 γενομένας
1157 852 1592 911 ἐπαποτείνεται.
1615 860 1724 912 Καὶ
1751 861 1911 931 δῆθεν

315 939 584 1007 πειρᾶται
633 939 905 993 δεικνύειν
940 942 1022 994 ὅτι
1061 942 1123 995 τὸ
1163 943 1326 1015 σῶμά
1374 947 1490 1000 ἐστι
1527 949 1587 1003 τὸ
1619 954 1906 1019 πεπονθὸς,

313 1029 408 1080 καὶ
431 1029 544 1098 οὐχ
563 1029 592 1080 ὁ
619 1029 754 1092 Θεὸς
782 1031 954 1099 Λόγος
972 1048 984 1062 ·
1018 1032 1094 1096 ῶς
1123 1052 1287 1089 τινων
1313 1036 1581 1106 λεγόντων
1601 1041 1686 1094 ὅτι
1711 1045 1740 1096 ὁ
1767 1044 1907 1099 ἀπα-

312 1121 408 1191 θὴς
427 1120 536 1174 τοῦ
565 1121 704 1175 Θεοῦ
729 1123 899 1191 Λόγος
925 1124 1169 1196 παθητός
1195 1129 1361 1182 ἐστιν.
1409 1131 1550 1184 Ἀλλ’
1570 1134 1746 1198 οὐδεὶς
1764 1137 1907 1192 οὓτω

290 1197 595 1281 ⁸μαίνεται.
647 1213 735 1276 Ὠς
774 1214 830 1267 δὲ
878 1215 1142 1281 πολλάκις
1172 1218 1421 1290 εἴπομεν,
1455 1224 1489 1288 ἡ
1529 1225 1659 1293 ἁγία
1691 1226 1906 1293 σύνοδος

306 1303 478 1356 αὗτδν
509 1303 623 1374 ἔφη
662 1304 853 1357 παθεῖν
896 1307 992 1360 τὸν
1036 1309 1230 1376 Λόγον,
1269 1312 1364 1364 τὸν
1419 1313 1488 1366 δι’
1517 1309 1577 1367 οὗ
1621 1315 1690 1369 τὰ
1728 1319 1904 1372 πάντα

308 1394 536 1461 ἐγένετο
555 1411 568 1422 ·
602 1396 801 1449 παθεῖν
833 1397 890 1450 δὲ
915 1401 1097 1471 σαρκὶ,
1125 1401 1269 1456 κατὰ
1305 1403 1404 1467 τὰς
1427 1407 1667 1476 Γραφάς.
1693 1411 1902 1468 Παθόν-

307 1503 400 1548 τος
442 1487 559 1558 γὰρ
585 1488 683 1540 τοῦ
716 1488 970 1559 σώματος
1011 1493 1196 1558 αὐτοῦ,
1225 1495 1388 1560 αὐτὸς
1423 1498 1638 1568 λέγεται
1671 1503 1895 1557 παθεῖν·

307 1580 390 1632 ὅτι
421 1582 522 1633 καὶ
543 1584 580 1651 ὴ
613 1581 707 1634 τοῦ
739 1583 1035 1654 ἀνθρώπου
1071 1585 1244 1657 ψυχὴ,
1277 1588 1457 1642 καίτοι
1493 1593 1776 1663 πάσχουσα
1801 1612 1902 1665 μη-

2014 780 2180 830 tatem
2232 777 2594 846 imminuent,
2634 793 2730 839 aut
2768 786 3162 846 humanitatem
3203 793 3478 852 deiﬁcant.
3519 800 3590 856 At

2009 878 2141 919 vero
2202 870 2530 935 prooemium
2588 873 2971 932 haereticorum
3023 885 3268 938 convicia
3331 895 3588 958 tanquam

2009 956 2346 1022 petulantius
2377 958 2518 1014 facta
2550 961 2867 1021 insectatur.
2896 969 3106 1026 Deinde
3139 983 3371 1029 conatur
3397 956 3584 1032 osten-

2007 1043 2140 1100 dere
2170 1061 2370 1116 corpus
2409 1049 2513 1105 hoc
2549 1052 2726 1121 ipsum
2756 1071 2878 1112 esse
2909 1060 3053 1129 quod
3091 1077 3310 1131 passum
3339 1076 3443 1130 est,
3474 1084 3585 1124 non

2006 1145 2190 1189 autem
2218 1137 2314 1192 Dei
2347 1138 2586 1196 Verbum
2624 1159 2638 1196 :
2667 1145 2822 1213 quasi
2855 1163 2986 1204 vero
3022 1151 3132 1205 sint
3159 1154 3254 1221 qui
3283 1154 3584 1224 impatibile

2005 1222 2102 1278 Dei
2143 1225 2383 1282 Verbum
2432 1231 2546 1298 pati
2590 1247 2752 1300 posse
2793 1251 3034 1307 unquam
3074 1241 3332 1299 dixerint.
3359 1222 3582 1302 Verum

2003 1331 2166 1371 nemo
2210 1333 2276 1372 eo
2324 1319 2551 1377 insaniae
2590 1327 2881 1396 prolapsus
2925 1339 3030 1385 est.
3074 1334 3297 1399 Verum,
3342 1346 3402 1392 ut
3440 1354 3582 1409 saepe

1997 1407 2111 1477 jam
2150 1412 2483 1479 monuimus,
2512 1429 2666 1470 sacra
2703 1419 2944 1488 synodus
2984 1422 3161 1491 ipsum
3194 1427 3291 1480 Dei
3318 1407 3578 1496 Verbum,

2001 1513 2102 1566 per
2144 1500 2292 1568 quod
2337 1504 2521 1558 omnia
2571 1508 2791 1563 condita
2837 1519 2998 1579 sunt,
3045 1530 3264 1584 passum
3313 1518 3576 1588 aﬁirmat;

2000 1603 2221 1658 passum
2270 1603 2454 1648 autem
2503 1611 2690 1663 carne,
2725 1603 3030 1658 secundum
3073 1606 3408 1677 Scripturas.
3441 1613 3576 1667 Cor-

308 1670 400 1724 δὲν
437 1673 525 1735 είς
558 1673 694 1726 ἰδίαν
713 1674 901 1743 φύσιν,
935 1676 1166 1746 πάσχειν
1193 1679 1435 1748 λέγεται,
1469 1683 1564 1736 τοῦ
1596 1685 1767 1756 αὐτῆς
1789 1705 1878 1740 πα·

2001 1694 2134 1748 pore
2182 1697 2419 1753 namque
2471 1685 2620 1742 illius
2665 1691 2926 1759 patiente,
2957 1695 3136 1764 ipsum
3174 1670 3286 1767 pati
3328 1701 3573 1758 dicitur:

307 1762 503 1828 θόντος
535 1764 812 1836 σώματος.
865 1767 1006 1820 Ἀλλ’
1039 1770 1226 1842 ἐπειδὴ
1275 1773 1476 1838 σκοπὸς
1527 1775 1754 1839 ἐκείνοις
1807 1777 1878 1830 δύ‹

2003 1772 2464 1840 quemadmodum
2522 1787 2578 1833 et
2635 1780 2876 1838 hominis
2930 1787 3172 1857 cujusvis
3214 1791 3426 1856 anima,
3473 1796 3574 1850 etsi

304 1850 486 1920 λέγειν
510 1854 810 1924 Χριστοὺς,
836 1858 932 1909 καὶ⁸
963 1858 1057 1911 δύο
1085 1860 1252 1924 υἱοὺς,
1282 1861 1378 1914 καὶ
1416 1862 1508 1916 τὸν
1534 1865 1654 1934 μὲν,
1689 1865 1878 1937 ἄνθρω

1999 1860 2168 1925 nulla,
2203 1862 2349 1931 quod
2393 1864 2616 1934 quidem
2642 1869 2707 1923 ad
2737 1850 3014 1941 propriam
3057 1885 3311 1935 naturam
3357 1850 3572 1949 attinet,

306 1961 410 1997 πον
453 1945 664 2010 ίδικῶς,
714 1947 807 1998 τὸν
857 1949 936 2013 δὲ,
985 1949 1117 2003 Θεὸν
1161 1951 1378 2016 ίδικῶς’
1407 1949 1526 2008 εἶτα
1575 1956 1753 2026 μόνων
1792 1959 1878 2011 τῶς

1997 1952 2248 2022 passione
2275 1955 2490 2022 affecta,
2516 1965 2696 2015 tamen
2729 1977 2956 2032 corpore
2989 1969 3132 2036 quod
3167 1970 3445 2037 informat,
3475 1945 3573 2046 pa;

309 2035 622 2104 προσώπων
654 2037 902 2092 ποιοῦσιν
930 2041 1029 2110 τὴν
1048 2041 1264 2108 ἕνωσιν,
1288 2043 1377 2096 διὰ
1399 2044 1558 2100 τοῦτο
1590 2048 1878 2104 ποικίλλον·

1997 2044 2187 2111 tiente,
2212 2048 2323 2117 pati
2361 2050 2646 2106 asseritur.
2675 2052 2780 2108 Sed
2806 2056 2936 2124 quia
2961 2035 3159 2129 scopas
3187 2063 3295 2119 illis
3321 2035 3575 2134 praeﬁalis

303 2145 417 2192 ται,
461 2128 559 2182 καὶ
601 2130 908 2200 προφάσεις
943 2133 1266 2189 πλάττονται
1306 2137 1364 2188 ὲν
1402 2139 1725 2209 ἁμαρτίαις,
1751 2142 1878 2195 καθό

1993 2145 2106 2201 est,
2147 2137 2285 2191 duos
2323 2139 2589 2205 christos,
2634 2143 2974 2214 totidemque
3019 2128 3160 2204 ﬁlios
3202 2128 3570 2224 constituere;

306 2209 643 2287 γέγραπται.
666 2221 1031 2294 Συντυχόντες
1053 2225 1233 2278 τοίνυν
1253 2227 1460 2292 αὐτοῖς,
1482 2230 1665 2283 ἐκεῖνα
1680 2231 1890 2300 λέγετε,

310 2309 394 2362 ὅτι
453 2311 664 2364 Ποιείτε
708 2313 808 2383 μὲν
864 2315 1072 2380 κακῶς,
1102 2317 1480 2384 είσὸάλλοντές
1530 2339 1684 2386 τινας
1729 2341 1895 2380 κατα-

308 2401 565 2473 φλυαρεῖν
582 2404 680 2458 τοῦ
704 2407 1008 2461 ἐπισκόπου
1036 2409 1217 2480 ὑμῶνὶ
1235 2451 1252 2476 ,
1279 2413 1375 2465 καὶ
1409 2413 1630 2479 τούτους
1657 2414 1890 2472 θάλπον-

300 2511 385 2556 τες
416 2497 517 2546 καὶ
552 2497 1004 2568 συγκροτοῦντες,
1041 2503 1135 2555 καὶ
1163 2502 1370 2572 ὄργανα
1398 2505 1496 2576 τῆς
1529 2506 1735 2561 ἑαυτῶν
1787 2525 1888 2579 μο-

299 2585 533 2657 χθηρίας
573 2589 916 2659 ποιούμενοι.
952 2593 1097 2663 Πλὴν
1127 2594 1225 2664 οὐχ
1249 2595 1387 2668 αὕτη
1417 2601 1514 2668 τῆς
1541 2598 1718 2670 λύπης
1740 2602 1888 2656 ἐστὶν

297 2679 327 2746 ἡ
358 2679 679 2748 πρόφασις⁸
711 2681 828 2734 ἀλλ’
858 2683 978 2735 οὐδὲ
1004 2684 1141 2748 ὅλως
1192 2687 1385 2758 ἐχθρός
1423 2692 1569 2745 ἐστιν
1606 2694 1635 2746 ὁ
1661 2694 1884 2749 ἐπίσκο-

296 2784 392 2833 πος
419 2771 627 2840 ὑμῶν’ι
656 2771 758 2825 τοῦ
783 2773 1038 2830 ἐνταῦθα.
1062 2777 1238 2832 Λυπεί
1260 2779 1316 2832 δὲ
1353 2782 1566 2846 πάντας
1599 2786 1722 2849 τοὺς
1744 2787 1886 2842 κατὰ

294 2863 388 2933 τὴν
415 2862 695 2936 ἀνατολὴν
721 2866 818 2920 καὶ
846 2864 997 2920 δύσιν
1045 2869 1398 2937 ἐπισκόπους,
1433 2874 1496 2927 τὸ
1525 2877 1601 2946 μὴ
1632 2877 1882 2946 γίνεσθαι

293 2956 470 3026 ὀρθῶς
496 2957 598 3012 τὸν
626 2959 760 3030 περὶ
785 2960 1023 3031 Χριστοῦ
1047 2963 1226 3033 λόγον,
1252 2965 1390 3019 ἀλλά
1407 2967 1877 3042 διεστραμμένως.

1991 2226 2224 2283 alterum
2251 2230 2472 2299 quidem
2507 2249 2607 2302 per
2637 2249 2694 2288 se
2728 2235 3028 2303 hominem,
3053 2241 3286 2298 alterum
3312 2261 3446 2302 vero
3473 2264 3574 2318 per

1991 2332 2050 2372 se
2080 2319 2273 2384 Deum,
2298 2322 2580 2392 solamque
2602 2339 2961 2394 personarum
2985 2330 3126 2387 inter
3148 2348 3205 2388 se
3226 2337 3570 2407 conjunctio-

1987 2423 2115 2464 nem
2160 2410 2473 2480 admittere;
2523 2416 2654 2473 hinc
2689 2428 2775 2474 est
2809 2420 2958 2489 quod
2999 2425 3256 2482 versutiis
3294 2438 3478 2498 agant,
3511 2441 3571 2486 et

1987 2501 2371 2558 excusationes
2398 2504 2452 2558 in
2480 2509 2742 2576 peccatis,
2771 2519 2832 2565 ut
2859 2513 3125 2583 scriptum
3147 2525 3234 2572 est
3253 2520 3316 2583 η,
3343 2519 3566 2591 ﬁngant.

1991 2593 2224 2648 Proinde
2262 2595 2308 2649 si
2346 2599 2566 2666 quando
2603 2601 2661 2656 in
2708 2602 2832 2657 illos
2873 2604 3199 2672 incideritis,
3234 2609 3308 2664 ita
3346 2610 3514 2668 dicite
3550 2632 3565 2668 :

1986 2685 2280 2754 Perperam
2321 2689 2501 2759 agitis,
2538 2691 2668 2745 dum
2707 2695 3024 2761 nonnullos,
3070 2705 3132 2750 ut
3175 2699 3434 2770 episcopo
3470 2718 3569 2758 ve-

1985 2786 2102 2834 stro
2128 2778 2520 2850 obloquantur,
2545 2783 2880 2851 subornatis,
2899 2786 3130 2856 illosque
3149 2789 3367 2855 fovetis,
3390 2803 3448 2848 et
3471 2811 3568 2864 pa-

1983 2861 2276 2924 trocinium
2306 2871 2525 2925 illorum
2549 2874 2852 2943 suscipitis,
2875 2892 2940 2932 ac
2973 2886 3169 2934 vestra:
3198 2880 3566 2951 improbitatis

1981 2959 2349 3015 instrumenta
2381 2961 2504 3017 illos
2536 2962 2734 3020 facitis.
2763 2967 2966 3022 Verum
3003 2984 3114 3024 non
3139 2979 3224 3024 est
3260 2972 3377 3027 haec
3403 2975 3563 3045 aegri-

307 3048 493 3120 ’Δρπεῖ
545 3050 607 3103 δὲ
657 3051 799 3122 πρὸς
837 3053 1112 3118 ἀπόδειξιν
1171 3057 1268 3110 καὶ
1318 3057 1537 3130 ἔλεγχον
1581 3062 1781 3130 αὐτῶν,
1815 3063 1876 3117 τὸ

1985 3051 2192 3106 tudinis
2210 3067 2375 3107 causa
2404 3070 2417 3106 :
2449 3053 2560 3108 imo
2583 3055 2878 3126 episcopus
2897 3067 3081 3114 vester
3102 3060 3240 3116 nihil
3265 3063 3562 3134 quidquam

298 3139 435 3208 μηδὲ
457 3140 682 3194 πώποτε
715 3144 773 3195 ἐν
803 3146 924 3207 ταῖς
970 3145 1322 3217 Ἐκκλησίαις
1348 3150 1523 3205 ταῦτα
1553 3153 1705 3224 παρά
1733 3172 1877 3220 τινος

1978 3142 2224 3198 oil‘ensus
2255 3151 2338 3197 est
2361 3144 2437 3198 illi
2464 3145 2558 3215 qui
2595 3146 2718 3202 istic
2745 3148 2876 3218 agit.
2917 3149 3025 3204 Sed
3058 3153 3244 3208 turbat
3274 3155 3563 3212 universos

295 3231 581 3300 εδρῆαθαιν
615 3228 723 3286 οἷον
763 3235 830 3305 δὴ
863 3236 924 3290 τὸ
966 3237 1219 3308 κείμενον
1241 3242 1298 3293 ὲν
1330 3243 1449 3305 ταῖς
1481 3244 1647 3299 αὐτοῦ
1679 3246 1877 3318 ἐξηγή-

301 3336 481 3374 σεσιν.
515 3323 665 3393 Ἔχει
682 3325 735 3378 δὲ
761 3325 936 3390 οὕτως
977 3329 1289 3401 Νεστόριος·
1328 3351 1347 3385 ι
1365 3334 1439 3388 Οὐ
1465 3337 1584 3399 ταῖς
1607 3342 1876 3407 κραυγαῖς

299 3411 476 3482 κρίνω
509 3412 607 3483 τήν
627 3417 708 3479 είς
745 3417 848 3487 ἐμὲ
904 3419 1312 3492 φιλοστοργίαν,
1356 3423 1493 3478 ἀλλὰ
1539 3425 1616 3496 τῷ
1652 3428 1875 3498 περὶτὰ

289 3502 541 3574 δόγματα
571 3506 745 3578 πόθῳ,
787 3509 885 3562 καὶ⁵
908 3510 986 3580 τῷ
1023 3514 1331 3584 μεμνῆσθαι
1360 3516 1459 3585 τῆς
1485 3517 1579 3571 τοῦ
1601 3521 1871 3574 Δεσπότου

290 3595 385 3649 καὶ
415 3595 674 3666 θεότητος
734 3598 853 3668 ἄμα
908 3602 1003 3656 καὶ
1055 3604 1494 3677 ἀνθρωπότητος.
1525 3629 1544 3661 ι
1579 3603 1690 3663 Καὶ
1752 3613 1870 3682 μετ’

285 3682 442 3751 ὀλίγα
459 3699 474 3713 ·
518 3703 537 3738 ι
561 3687 672 3740 Καὶ
698 3689 952 3760 προσέχω
981 3695 1094 3755 τοῖς
1127 3695 1455 3767 ἡμετέροις1
1491 3699 1685 3770 δήμοις
1712 3702 1870 3757 εὐλά-

286 3773 438 3828 ϐειαν
471 3777 576 3847 μὲν
609 3779 811 3851 πολλὴν
839 3785 1220 3854 κεκτημένοις,
1267 3788 1360 3841 καὶ
1399 3789 1741 3864 θερμοτάτην
1774 3794 1866 3847 εὑ·-

286 3867 530 3932 σὲὃειαν,
565 3869 662 3922 ἐπὶ
708 3870 765 3924 δὲ
813 3873 912 3943 τῆς
942 3875 1071 3945 περὶ
1103 3876 1163 3930 τὸ
1215 3877 1392 3949 δόγμα
1439 3880 1790 3950 θεογνωσίας,
1814 3884 1870 3937 ἁ-

283 3958 471 4020 γνοίας
513 3960 995 4032 πεπληρωμένοις.
1029 3965 1199 4020 Τοῦτο
1225 3967 1283 4020 δὲ
1327 3971 1427 4024 οὐκ
1468 3971 1717 4044 ἔγκλημα
1759 3976 1866 4029 τῶν

279 4045 458 4100 λαῶν’
488 4049 627 4104 ἀλλά
661 4053 777 4117 πῶς
807 4053 874 4108 ἂν
918 4057 1212 4128 εὐπρεπῶς
1239 4062 1450 4133 εἴποιμι
1487 4065 1550 4117 τὸ
1603 4067 1678 4138 μὴ
1720 4068 1864 4138 ἔχειν

280 4140 410 4202 τοὺς
444 4141 805 4210 διδασκάλους
837 4149 1053 4220 καιρὸν,
1084 4151 1178 4205 καί
1207 4171 1262 4206 τι
1302 4154 1412 4209 τῶν
1456 4157 1864 4231 ἀκριϐεστέρων

281 4229 420 4300 ὑμῖν
440 4240 480 4268 '-
502 4235 844 4306 παραθέσθαι
868 4239 1155 4310 δογμάτων
1179 4262 1192 4310 ;
1221 4264 1240 4297 ι
1271 4246 1395 4311 Πῶς
1412 4249 1550 4320 γάρ;
1577 4250 1677 4304 οὐκ
1704 4229 1863 4322 ἐσχό-

279 4318 460 4374 λασαν
486 4324 537 4376 οί
568 4326 671 4394 πρὸ
707 4327 910 4394 αὐτοῦς
954 4325 1104 4402 ’Δρά
1143 4351 1206 4402 γε
1253 4318 1660 4411 εὐστομώτερός
1715 4318 1862 4397 ἐστιν

1977 3248 2100 3289 cum
2113 3234 2371 3301 Orientis,
2390 3243 2504 3290 tum
2521 3237 2832 3295 Occidentis
2850 3256 3068 3311 quoque
3085 3245 3391 3316 episc0pos,
3413 3249 3559 3318 quod

1974 3325 2226 3382 doctrina
2279 3327 2348 3382 de
2399 3327 2618 3385 Christo
2670 3345 3018 3402 nequaquam
3061 3335 3295 3401 sincera,
3331 3337 3441 3409 34
3463 3340 3558 3394 sed

1972 3432 2229 3486 perversa
2253 3419 2522 3476 tradatur.
2543 3420 2624 3476 Ad
2647 3423 2804 3493 cujus
2829 3424 3352 3483 demonstrationem
3375 3431 3556 3499 publi-

1971 3525 2200 3580 camque
2249 3512 2695 3584 redargutionem
2745 3533 2916 3572 unum
2965 3519 3071 3574 hoc
3111 3531 3196 3576 sat
3242 3531 3354 3588 est,
3403 3525 3552 3593 quod

1968 3601 2240 3670 ejusmodi
2273 3604 2329 3657 in
2365 3605 2478 3660 illis
2517 3608 2840 3677 exegesibus
2877 3610 3146 3679 legantur,
3178 3614 3485 3683 cujusmodi
3519 3633 3551 3671 a

1969 3693 2189 3747 nemine
2233 3711 2473 3764 unquam
2520 3697 2576 3750 in
2617 3699 2885 3754 Ecclesiis
2931 3701 3074 3755 dicta
3115 3704 3548 3772 comperiantur.

1971 3781 2062 3838 Sic
2095 3793 2280 3839 autem
2310 3786 2532 3840 habent.
2556 3788 2860 3844 Nestorius.
2899 3809 2918 3841 ι
2949 3791 3141 3861 Populi
3166 3808 3292 3865 erga
3319 3811 3405 3852 me
3429 3806 3548 3852 stu-

1967 3874 2125 3928 dium
2180 3892 2292 3930 non
2339 3877 2487 3947 vulgi
2547 3879 3052 3946 acclamationibus,
3087 3885 3183 3939 sed
3231 3886 3546 3958 dogmatnm

1967 3966 2242 4022 desnderin
2279 3970 2499 4034 metior,
2529 3985 2593 4024 ac
2637 3971 2804 4025 etiam
2846 3974 2892 4027 si
2934 3974 3155 4030 deitatis
3189 3978 3351 4033 simul
3381 3989 3546 4050 atque

1965 4055 2324 4112 humanitatis
2341 4059 2554 4114 Domini
2573 4060 2686 4114 sint
2709 4076 3000 4118 memores.
3032 4084 3050 4116 ›
3081 4065 3352 4136 Etpaucis
3374 4069 3546 4125 inter-

1959 4148 2123 4219 jcctis
2168 4166 2181 4200 :
2225 4169 2244 4200 ‹
2278 4148 2676 4206 Animadverto
2719 4153 2934 4221 plebem
2989 4164 3232 4211 nostram
3279 4160 3544 4228 praeclaro

1962 4239 2246 4309 religionis
2267 4247 2323 4294 et
2346 4239 2570 4310 pietatis
2603 4242 2788 4296 studio
2815 4243 3066 4312 fervere;
3099 4249 3193 4301 sed
3225 4264 3418 4320 magna
3456 4252 3541 4306 in-

1963 4327 2123 4382 terim
2160 4328 2360 4384 divinae
2394 4330 2603 4385 notitia:
2634 4330 2973 4401 ignoratione
3011 4337 3187 4391 teneri
3216 4338 3396 4392 video.
3429 4340 3540 4396 Ne-

292 4411 582 4480 Ἰαήννους
615 4419 761 4482 Ἰσος
797 4420 852 4473 δὲ
879 4421 974 4475 τοῦ
1009 4427 1280 4497 μακαρίου
1321 4413 1590 4495 Ἆττικοῦ,
1618 4434 1711 4487 καὶ
1735 4451 1860 4488 συν-

1978 4438 2070 4493 ]υο
2107 4430 2283 4477 tamen
2313 4423 2365 4477 id
2393 4423 2494 4493 ipsi
2526 4427 2730 4494 pepulo
2755 4425 2890 4480 vitio
2913 4429 3238 4482 vertendum
3260 4431 3536 4495 existimo,

274 4502 586 4576 ετώτεροςς
624 4507 724 4570 Τίς
771 4511 804 4580 ἡ
847 4511 1018 4584 ὀφρῦς
1067 4515 1237 4588 αῦτη;
1266 4520 1484 4574 Μᾶλλον
1514 4523 1590 4588 δὲ,
1614 4525 1732 4588 πῶς
1760 4527 1856 4597 οὐχ

274 4595 642 4667 ὡμολόγησεν
675 4601 933 4672 ἐναργῶς,
967 4608 1049 4661 ὅτι
1083 4609 1243 4681 ξένην
1274 4614 1369 4666 καὶ
1420 4616 1661 4690 ἀσυνήθη
1714 4595 1860 4672 διδαέ

276 4687 517 4742 σκαλίαν
540 4691 816 4760 εἰσήγαγε,
857 4699 953 4752 καὶ
987 4701 1099 4764 τοῖς
1127 4702 1236 4772 πρὸ
1272 4704 1438 4759 αὐτοῦ
1476 4708 1551 4779 μὴ
1580 4687 1861 4780 ἐγνωσμέ-

278 4796 398 4846 νην,
415 4780 509 4834 διὰ
543 4782 644 4850 τὴν
675 4784 924 4853 ἀτοπίαν,
955 4791 1092 4860 μήτε
1119 4793 1177 4845 ὲν
1204 4795 1446 4866 συλλόγῳ
1471 4800 1700 4863 πιστῶν,
1721 4803 1858 4872 μήτε

281 4870 343 4920 ἐν
377 4871 560 4937 ἁγίαις
609 4874 995 4947 Ἑκκλησίαις;
1067 4883 1221 4953 Ἐμοὶ
1270 4887 1450 4940 τοίνυν
1507 4890 1645 4961 πρὸς
1691 4870 1857 4948 αὐτὸν

279 4961 415 5032 περὶ
443 4967 779 5034 πραγμάτων
797 4969 935 5032 τέως
957 4971 1111 5041 λόγος
1130 4976 1250 5030 οὐδὲ
1272 4973 1370 5042 εἷς.
1395 4979 1608 5035 Γένοιτο
1632 4983 1689 5036 δὲ
1721 4986 1854 5055 μᾶλ-

271 5049 367 5103 λον
401 5056 732 5126 μετανοῆσαι
787 5060 972 5126 αὐτὸν,
1011 5065 1106 5118 καὶ
1153 5066 1254 5138 τὴν
1298 5068 1466 5142 ὀρθὴν
1518 5049 1852 5145 ὁμολογῆσαι

272 5144 496 5199 πίστιν·
526 5147 620 5202 καὶ
664 5151 805 5223 ὑπὲρ
839 5145 916 5206 ὧν
948 5156 1028 5219 είς
1079 5158 1181 5228 ἐμὲ
1227 5163 1525 5232 πεποίηκεν
1569 5144 1849 5238 ἐρεθίζων,

268 5234 364 5287 καὶ
397 5238 717 5308 emerem
749 5243 870 5295 κατ’
904 5246 1038 5315 ἐμοῦ
1065 5250 1190 5311 τοὺς
1219 5249 1468 5320 ἐχθροὺς,
1518 5234 1852 5327 ἀπολογήσε-

265 5338 354 5378 ται
386 5327 466 5396 τῷ
511 5328 652 5400 Θεῷ,
687 5331 855 5385 Οὐδὲν
895 5332 950 5386 δὲ
999 5333 1330 5407 θαυμαστὸν,
1375 5341 1422 5394 εἰ
1468 5343 1651 5406 κακῶς
1701 5347 1851 5414 ἡμᾶς

335 5467 379 5499 ¹⁹
413 5469 558 5523 Psal.
587 5485 708 5536 cu,
739 5473 796 5527 4.

1963 4516 2082 4581 sed,
2109 4523 2171 4570 ut
2193 4516 2437 4571 modeste
2462 4517 2677 4586 loquar,
2700 4519 2826 4588 quia
2851 4519 3169 4575 doctoribus
3192 4537 3301 4576 non
3323 4531 3535 4576 tantum

1957 4607 2202 4677 suppetit
2223 4607 2320 4662 otii
2356 4616 2416 4661 ut
2438 4608 2719 4678 quidpiam
2759 4613 3071 4666 accuratius
3098 4613 3165 4666 de
3190 4613 3534 4681 dogmatibus

1955 4698 2113 4752 vobis
2133 4705 2458 4768 proponant.
2489 4718 2507 4749 ι
2537 4699 2693 4765 Quod
2720 4700 2824 4754 hoc
2848 4701 3532 4771 supercilium?Numquid

1954 4785 2049 4855 qui
2081 4786 2234 4840 illum
2260 4795 2696 4855 antecesserunt,
2726 4788 2991 4846 doctrinae
3018 4790 3144 4846 ﬁdei
3173 4807 3394 4860 operam
3419 4809 3528 4847 non

1953 4896 2258 4951 dederunt?
2282 4895 2560 4964 Numquid
2596 4896 2945 4968 eloquentior
2977 4908 3060 4954 est
3086 4899 3328 4955 Joanne?
3353 4902 3526 4956 Num-

1952 4987 2085 5057 quid
2122 4988 2348 5056 mqualis
2383 4989 2469 5043 vel
2503 4989 2806 5060 sapientior
2836 5001 2921 5046 est
2958 4992 3120 5047 beato
3154 4992 3370 5048 Attico?
3411 4995 3528 5049 lmo

1949 5093 2082 5132 vero
2141 5093 2242 5132 cur
2279 5078 2514 5148 ingenue
2551 5097 2662 5136 non
2706 5083 2953 5153 agnoscit
2987 5084 3289 5139 doctrinam
3329 5102 3388 5140 se
3433 5087 3521 5141 in-

1948 5169 2161 5224 vexisse
2214 5171 2590 5240 peregrinam,
2640 5173 2910 5243 planeque
2958 5176 3309 5241 inusitatam,
3358 5177 3521 5231 talem

1948 5259 2184 5330 denique
2219 5277 2342 5330 quae
2381 5278 2478 5317 sua
2517 5263 2855 5321 absurditate
2894 5269 3198 5338 majoribus
3229 5270 3429 5324 nostris
3462 5271 3519 5325 in

1948 5351 2112 5404 nullis
2156 5367 2396 5420 unquam
2438 5352 2698 5408 Ecclesiis
2740 5364 2836 5410 aut
2875 5357 3116 5415 ﬁdelium
3157 5361 3388 5423 coetibus
3419 5375 3520 5419 co~

1348 5586 1516 5642 Variae
1541 5587 1799 5642 lectiones
1820 5589 2022 5645 codicis
2042 5591 2400 5662 Seguieriam.

343 5691 358 5728 ί
398 5694 748 5764 νεκροῦντας.
860 5697 875 5747 l
914 5698 1093 5769 ἡμῶν.
1174 5700 1197 5739 ιε
1234 5702 1408 5772 ἡμῶν.
1494 5702 1510 5742 1
1555 5705 1858 5777 ὑμετέροις.

1933 5719 1968 5747 η’
1999 5711 2151 5781 ἡμῖν.
