4028 6208
477 299 545 352 67
1497 289 1556 348 S.
1596 287 1871 348 CYRILLI
1911 285 2378 344 ALEXANDRINI
2417 281 2735 341 ARCiﬂEP.
3204 353 3226 371 ρ
3671 277 3738 333 68

474 411 626 481 gnita
658 408 796 465 fuit?
827 407 958 464 Mihi
999 409 1183 478 itaque
1210 422 1337 463 cum
1360 421 1428 463 co
1454 407 1590 462 nihil
1623 407 1826 478 negotii
1861 415 1964 460 est.
1998 403 2046 457 Id

2158 403 2410 472 λέγουσιν
2426 403 2482 455 αἱ
2502 401 2724 472 κοπρίαι
2739 399 2841 470 τῆς
2866 398 3075 464 πόλεως
3109 400 3433 472 Χαιρήμων,
3460 400 3732 473 Οὐῖκτωρ,

476 502 660 572 potius
677 501 915 564 eveniat,
936 510 996 556 ut
1015 501 1083 555 ad
1109 515 1296 554 sanam
1325 508 1563 554 mentem
1589 499 1798 562 redeat,
1824 506 2046 560 rectam-

2156 498 2472 566 Σωφρονᾶς,
2501 497 2598 548 xui
2620 495 2683 547 τὸ
2713 493 2804 546 τοῦ
2828 493 3072 564 φυρατοῦ
3097 492 3400 548 Φλαϐιανοῦ
3430 494 3734 565 παιδαρύλ-

474 607 584 661 que
622 593 784 648 ﬁdem
821 601 1106 663 agnoscat;
1139 593 1206 646 de
1248 591 1334 646 his
1362 608 1496 646 vero
1528 606 1650 660 qua:
1690 591 1745 644 in
1779 605 1868 644 me
1901 605 2054 644 com-

475 685 645 748 misit,
683 685 970 749 irritando,
994 693 1050 738 et
1080 684 1265 738 hostes
1290 663 1581 738 adversum
1605 697 1692 736 me
1721 681 2052 751 instigando,

474 777 620 847 apud
643 778 816 832 Deum
852 791 1074 832 causam
1110 775 1277 831 dicet.
1315 775 1464 830 Nihil
1504 783 1688 829 autem
1717 773 1918 826 mirum
1947 781 2052 835 est,

473 871 520 924 si
551 870 790 924 civitatis
824 871 1005 933 faeces,
1035 869 1379 934 Chaeremon,
1406 868 1612 932 Victor,
1641 865 1974 935 SOphronas,
1999 873 2055 920 et

474 959 768 1015 facinerosi
828 960 1074 1015 Flaviani
1119 961 1384 1030 puerulus
1438 960 1554 1014 suis
1602 973 1702 1012 nos
1747 957 2055 1011 maledictis

469 1050 814 1104 insectentur
849 1067 1107 1122 :semper
1144 1051 1290 1105 enim
1329 1066 1454 1105 cum
1496 1051 1550 1104 in
1593 1050 1824 1119 seipsos,
1851 1057 1966 1103 tum
1998 1049 2052 1102 in

472 1151 703 1196 caeteros
741 1159 960 1212 quoque
1001 1159 1193 1198 omnes
1231 1143 1464 1212 improbi
1496 1144 1844 1196 exstiterunt.
1897 1141 2056 1195 Norit

471 1242 655 1288 autem
684 1236 778 1303 qui
811 1235 974 1290 hosce
1005 1236 1296 1290 adversum
1337 1251 1439 1289 nos
1463 1237 1714 1300 armavit,
1748 1251 1848 1288 nos
1875 1249 2053 1303 neque

472 1326 689 1396 longam
713 1328 1207 1398 peregrinationem
1231 1327 1548 1390 formidare,
1569 1344 1747 1396 neque
1772 1327 2052 1396 publicum

469 1416 759 1485 judicium,
805 1419 851 1471 si
893 1434 998 1488 qua
1047 1419 1430 1488 opportunitas
1473 1418 1680 1480 tulerit,
1725 1418 2050 1471 detrectare.

473 1505 583 1560 Usu
623 1521 858 1574 namque
895 1507 1170 1560 interdum
1206 1506 1396 1560 venire
1431 1508 1588 1569 solet,
1623 1515 1684 1560 ut
1718 1507 1801 1559 vel
1828 1506 2052 1572 exigua-

472 1613 596 1650 rum
637 1599 904 1666 plancque
945 1598 1151 1653 levium
1199 1613 1383 1652 rerum
1429 1598 1715 1653 occasione
1757 1599 2054 1653 Salvatoris

469 1688 644 1742 nostri
689 1684 1035 1757 providentia
1077 1689 1370 1744 concilium
1419 1700 1596 1758 cogat,
1641 1706 1752 1758 quo
1793 1691 2052 1744 nimirum

2153 587 2302 640 λιονο
2332 587 2420 640 ἀεὶ
2454 587 2564 656 γὰρ
2595 585 2853 654 γεγόνασι
2890 585 2984 636 xui.
3024 585 3152 654 περὶ
3180 585 3431 648 ἐαυτοὺς,
3467 585 3564 637 καὶ
3608 587 3737 656 περὶ

2153 679 2365 740 πάντας
2412 677 2594 732 κακοί.
2627 679 2790 730 Ἴστω
2819 676 2876 729 δὲ
2904 679 2932 729 ό
2962 675 3230 730 εἰσϐαλὼν
3259 677 3478 742 αὐτοὺς,
3502 677 3585 729 ὅτι
3612 676 3736 730 οὐτε

2153 770 2464 841 ἀποδημίαν
2519 769 2850 840 φοϐούμεθα,
2894 768 3018 822 οὐτε
3067 768 3362 836 ἀπολογίαν
3437 769 3538 839 τὴν
3599 769 3736 841 πρὸς

2155 863 2423 925 ἐκείνους,
2455 863 2551 914 xui
2600 863 2650 914 εί
2694 861 2905 929 γένοιτο
2958 859 3148 912 τούτου
3199 860 3411 930 καιρός.
3437 860 3736 928 Συμϐαίνει

2153 955 2264 1024 γὰρ
2319 954 2400 1006 ὅτι
2426 955 2460 1025 ὴ
2493 952 2586 1007 τοῦ
2619 955 2870 1024 Σωτῆρος
2917 951 3221 1022 οἰκονομία,
3264 950 3354 1004 διὰ
3410 952 3620 1022 μικρῶν
3643 954 3736 1006 καί

2153 1045 2552 1098 εὐτελεστάτων
2585 1045 2944 1114 πραγμάτων,
2981 1042 3205 1110 συνάγει
3240 1041 3475 1104 σύνοδον,
3507 1043 3591 1096 ἵνα
3638 1060 3738 1096 κα-

2154 1136 2355 1206 θαρίσῃ
2406 1136 2505 1206 τὴν
2551 1135 2745 1188 ἐαυτοῦ
2785 1135 3136 1204 Ἐκκλησίαν,
3173 1134 3400 1186 ἄσπιλον
3431 1134 3527 1187 καὶ
3559 1135 3732 1203 ἀσύγ-

2153 1245 2318 1297 χυτον
2349 1227 2586 1296 ἔχουσαν
2620 1228 2765 1298 τὴνιι
2791 1227 2988 1296 εὐγενῆ
3019 1226 3224 1278 πίστιν.
3259 1225 3349 1296 Μὴ
3383 1227 3736 1296 προσδοκάτω

2151 1318 2210 1371 δὲ
2242 1318 2271 1368 ὁ
2296 1317 2548 1380 δείλαιος,
2579 1318 2659 1369 ὅτι
2701 1319 2749 1370 εί
2799 1319 2893 1370 καὶ
2943 1317 3162 1378 πλείους
3191 1318 3284 1369 καὶ
3326 1317 3594 1384 ἀξιόλογοι
3625 1313 3734 1370 εἷεν

2153 1411 2201 1460 οί
2228 1409 2316 1462 διά
2347 1407 2448 1476 τῆς
2486 1408 2649 1461 αὐτοῦ
2680 1409 2918 1476 σπουδῆς
2949 1411 3278 1479 κατηγορεῖν
3327 1409 3484 1476 ἡμῶν
3509 1410 3732 1477 μέλλον-

2152 1517 2264 1563 τες,
2283 1501 2540 1570 δικαστὴς
2565 1501 2747 1553 ἔσεται
2774 1501 2887 1553 τῶν
2909 1501 3032 1554 καθ’
3061 1501 3229 1570 ἡμᾶς,
3258 1500 3359 1553 κᾶν
3387 1501 3546 1553 τοῦτο
3564 1519 3733 1572 προσ-

2154 1591 2293 1662 αχθῇ
2327 1591 2386 1654 ἐξ
2423 1593 2846 1662 Ἀμφιτίωνοςο.
2883 1591 3344 1663 Παραιτησόμεθα
3392 1592 3500 1662 γὰρ
3553 1595 3730 1645 ἐκεῖσε

2155 1685 2434 1746 ἐλθόντες·
2471 1685 2586 1746 καὶ,
2629 1685 2728 1736 σὺν
2767 1684 2886 1754 Θεῷ
2937 1686 3124 1753 φάναι,
3153 1688 3272 1748 ταῖς
3319 1685 3483 1738 αὐτοῦ
3527 1685 3731 1755 δυσςρη-

470 1779 769 1833 Ecelesiam
801 1795 977 1844 suam,
1003 1796 1124 1849 qua:
1149 1781 1411 1834 illibatam
1437 1796 1656 1849 semper
1684 1782 2046 1836 ineonfusam-

2160 1776 2312 1847 μίαις
2369 1775 2790 1845 ἀπολογήσεται.
2829 1777 2992 1829 ’Όθεν
3041 1777 3316 1846 φεύγομεν
3359 1778 3458 1846 τὴν
3507 1779 3733 1847 εἰρήνην

469 1885 578 1939 que
616 1885 680 1923 ac
705 1871 973 1925 illustrem
1009 1871 1172 1925 fidem
1217 1872 1367 1933 colit,
1401 1887 1430 1924 a
1473 1871 1730 1925 sordibus
1771 1881 2047 1942 repurget.

2155 1867 2426 1937 οὐδαμῶς,
2458 1866 2597 1918 ἀλλά
2635 1868 2834 1936 μᾶλλον
2880 1869 3222 1938 ἀρτιάζομεν,
3245 1868 3338 1919 ἐὰν
3362 1869 3666 1938 ὁμολογηθῇ
3701 1871 3732 1936 ἡ

467 1959 575 2030 35
615 1960 803 2030 Neque
855 1973 1038 2016 tamen
1089 1963 1256 2016 miser
1308 1963 1425 2026 ille,
1476 1963 1605 2016 licet
1645 1963 1957 2032 complures
1999 1973 2046 2017 et

2151 1961 2333 2024 πίστις
2360 1961 2517 2031 ὀρθὴ,
2542 1962 2635 2013 xui
2666 1960 2984 2013 παύσωνται
3006 1962 3100 2012 τοῦ
3123 1961 3303 2028 λέγειν
3321 1961 3564 2022 τοιαῦτα,
3592 1961 3731 2030 ἅπερ

466 2066 662 2120 graves
683 2053 788 2106 viri
819 2054 939 2122 ejus
970 2068 1135 2122 opera
1165 2069 1264 2107 nos
1292 2054 1601 2107 accusaturi
1631 2063 1834 2118 essent,
1868 2070 2046 2106 rerum

2151 2051 2548 2116 ξενοεποῦντες,
2601 2052 2990 2105 ἐπικαλοῦνται
3028 2053 3278 2106 θάνατον.
3317 2053 3598 2122 Τοσαύτην
3627 2053 3732 2122 γὰρ

465 2153 780 2198 nostrarum
816 2143 1058 2214 judicent
1107 2145 1224 2198 fore
1271 2160 1328 2198 se
1380 2153 1592 2213 speret,
1638 2146 1890 2212 quamvis
1928 2146 2046 2213 jure

2148 2141 2482 2210 διαστροφὴν
2525 2142 2639 2210 ἔχει
2673 2141 2733 2193 τὸ
2771 2143 3079 2194 ἁποσταλέν
3129 2145 3410 2216 τετράδιον
3441 2146 3546 2197 τῶν
3569 2145 3732 2197 αὐτοῦ

466 2236 930 2308 Amphictyonum
958 2237 1063 2291 hoc
1089 2237 1195 2290 sibi
1219 2236 1537 2289 demandari
1564 2236 1754 2288 faciat:
1781 2250 1881 2288 nos
1904 2237 2046 2288 enim

2148 2233 2488 2302 δυσφημιῶν,
2513 2234 2588 2295 ώς
2617 2233 2940 2302 μολύνεσθαι
2972 2235 3066 2286 xui
3095 2235 3185 2288 τὸν
3220 2237 3683 2302 ἀναγινώσκοντα.

465 2335 611 2389 istuc
640 2331 942 2395 venientes,
982 2331 1051 2384 ab
1097 2330 1444 2400 ejusjudicio
1486 2328 1935 2398 provocabimus;
1971 2338 2044 2391 et,
2085 2327 2129 2380 si
2163 2328 2274 2380 Deo
2307 2325 2596 2394 placuerit,
2630 2329 2745 2393 ipse
2770 2325 2838 2378 de
2861 2326 2976 2379 suis
3005 2326 3358 2395 blasphemiis
3416 2329 3471 2382 in
3525 2331 3732 2399 judicio

465 2423 800 2491 respondere
827 2431 1072 2492 cogetur.
1101 2423 1218 2475 Non
1252 2422 1418 2490 igitur
1445 2437 1631 2491 pacem
1691 2421 2081 2484 dctrectamus,
2123 2421 2216 2473 sed
2255 2419 2440 2489 potius
2479 2434 2599 2473 eam
2639 2429 2941 2487 captamus,
3008 2419 3170 2472 modo
3204 2428 3384 2477 tanien
3419 2433 3582 2478 rectae
3610 2424 3731 2479 ﬁdei

462 2512 660 2566 edatur
692 2512 987 2577 confessio,
1020 2511 1346 2579 desinatque
1389 2512 1517 2564 talia
1583 2512 1636 2565 in
1679 2512 1920 2564 medium
1955 2510 2223 2579 proferre,
2291 2526 2412 2580 qua:
2471 2510 2641 2562 veluti
2708 2509 2990 2578 peregrina
3043 2509 3315 2563 letiferum
3360 2513 3464 2566 hoc
3529 2517 3733 2568 malum

464 2605 626 2660 nobis
683 2606 977 2659 asciscunt.
1030 2605 1164 2661 Nam
1220 2604 1572 2673 blasphemus
1629 2619 1691 2658 ac
1748 2603 2046 2657 maledicus
2087 2602 2236 2657 illius
2301 2603 2613 2672 quaternio,
2650 2603 2745 2672 qui
2783 2601 2984 2656 missus
3010 2610 3114 2666 est,
3156 2611 3368 2657 tantum
3429 2605 3487 2659 in
3512 2622 3571 2660 se
3597 2623 3732 2662 con-

463 2678 603 2752 tinet
638 2695 1034 2766 pervcrsitatis,
1073 2704 1131 2748 ut
1174 2696 1352 2764 ipsum
1391 2710 1610 2764 quoque
1653 2695 1916 2748 lectorem
1956 2695 2044 2748 lue
2085 2694 2312 2748 inliciat.

533 2789 802 2856 Quoniam
831 2804 963 2842 vero
1001 2788 1292 2842 cavillatur
1317 2803 1527 2840 sacram
1566 2786 1834 2857 synodum
1857 2801 2048 2839 vocem

462 2883 780 2937 inusitatam
835 2880 1272 2950 deprompsissc,
1315 2879 1446 2932 dum
1500 2893 1713 2932 sacram
1771 2878 2048 2947 Virginem

463 2974 781 3027 Theotocon
815 2971 1148 3036 nominavit;
1183 2970 1556 3039 interrogetur
1583 2977 1639 3022 ct
1665 2969 1781 3038 ipse
1805 2967 2049 3021 vicissim

462 3081 590 3120 cum
627 3065 762 3127 suis,
800 3063 1023 3117 ubinam
1067 3062 1478 3126 Christotocon,
1529 3069 1624 3115 aut
1674 3061 2047 3114 Theodochon

2229 2785 2445 2856 Ἐπειδὴ
2482 2785 2539 2838 δέ
2577 2786 2814 2838 αἰτιᾶται
2861 2785 2937 2847 ὡς
2973 2783 3117 2851 λέξιν
3149 2785 3393 2856 ἀσυνήθη
3439 2783 3659 2858 εἴρηκεν
3697 2791 3731 2859 ὴ

2147 2878 2337 2948 Γραφὴ
2379 2883 2427 2942 P,
2449 2879 2618 2948 ἤγουν
2646 2881 2678 2948 ἡ
2704 2878 2833 2946 ἁγία
2861 2877 3095 2940 σύνοδος,
3129 2878 3391 2931 Θεοτόκον
3415 2879 3734 2949 ὀνομάσασα

2143 2969 2242 3040 τὴν
2267 2970 2428 3037 ἁγίαν
2467 2970 2764 3039 Παρθένον,
2807 2969 3206 3040 ἐρωτάσθωσαν
3239 2971 3416 3036 αὐτοὶ,
3458 2972 3562 3023 ποῦ
3591 2973 3730 3042 Χριι

2149 3063 2460 3131 στοτόκον,ἢ
2479 3062 2736 3134 Θεοδόχον
2763 3059 2920 3133 εὖρον
2937 3063 3323 3133 γεγραμμένον
3345 3078 3359 3128 ;
3393 3064 3535 3134 Πρὸς
3558 3065 3734 3136 τούτῳ

463 3171 697 3227 usquam
735 3155 1002 3224 scriptum
1043 3155 1438 3223 compererint.
1475 3154 1622 3208 lntcr
1661 3154 1766 3206 alia
1805 3168 2042 3221 namque

2148 3153 2367 3206 κάκεῖνο
2393 3153 2651 3224 ἐνέθηκεν
2681 3153 2873 3216 αὐταῖς
2902 3153 3111 3218 λέξεσιν
3139 3153 3303 3206 οὕτω·
3340 3172 3358 3206 ι
3403 3155 3512 3226 Τὴν
3545 3156 3730 3208 Θεοδόι

381 3311 389 3317 _
463 3256 519 3302 et
560 3248 665 3301 hoc
694 3261 913 3316 quoque
943 3245 1011 3298 ad
1046 3246 1275 3299 verbum
1315 3245 1593 3299 interserit
1621 3262 1634 3296 :
1676 3265 1693 3294 ι
1723 3246 1796 3298 De
1823 3245 2045 3315 Virgine

464 3337 796 3392 Theodocba
844 3351 953 3389 non
1004 3335 1369 3405 disputemus,
1409 3354 1427 3386 ι
1489 3335 1645 3403 quasi
1692 3335 1795 3404 ipsi
1837 3335 2043 3404 aliquid

463 3443 589 3484 cum
628 3429 740 3483 Deo
773 3442 1062 3481 commune
1105 3427 1291 3490 fuerit,
1329 3441 1556 3495 prorsus
1596 3425 1728 3494 quid
1765 3425 1912 3479 dicat
1951 3434 2046 3479 aut

464 3521 612 3592 quod
649 3519 880 3574 afﬁrmet
920 3534 1030 3572 non
1070 3519 1399 3587 intelligens.
1445 3517 1500 3571 Si
1542 3517 1688 3571 enim
1723 3518 1892 3570 Deum
1934 3533 2047 3572 non

465 3611 710 3682 peperit,
749 3625 928 3678 neque
973 3609 1254 3663 Christum
1299 3609 1470 3660 Deum
1519 3607 1573 3661 in
1625 3616 1781 3661 utero
1831 3607 2042 3671 habuit,

464 3718 576 3773 quo
615 3709 776 3772 pacto
809 3700 1173 3754 Thcodochos
1197 3701 1318 3754 est?
1345 3700 1488 3765 Quin
1526 3708 1582 3754 et
1615 3700 1790 3768 ipsum
1826 3715 2043 3768 quoque

466 3794 681 3848 Patrem
707 3791 909 3850 alicubi
935 3791 1253 3845 Theotoeon
1285 3790 1540 3860 appellat.
1576 3791 1679 3846 Ubi
1713 3798 1895 3843 autem
1923 3805 2042 3843 om-

466 3899 566 3938 nes
595 3884 758 3938 hasee
786 3898 950 3936 voces
975 3883 1186 3951 legerit,
1216 3883 1428 3952 ignoro.
1461 3882 1706 3950 Reliquae
1734 3897 1900 3951 porro
1927 3897 2043 3934 ma-

467 3975 625 4039 culm,
651 3991 774 4044 quae
805 3989 914 4028 non
946 3990 1132 4043 paucas
1156 3989 1389 4027 numero
1415 3987 1480 4026 ex
1507 3973 1654 4027 illius
1679 3972 2043 4027 enarrationi-

466 4066 571 4122 bus
610 4067 962 4137 colliguntur,
1004 4066 1110 4120 nisi
1150 4066 1526 4135 resipiscentia
1549 4066 1730 4134 aliqua
1753 4079 2044 4120 consecuta

458 4157 665 4222 fuerit,
718 4159 772 4212 in
811 4171 971 4212 suum
1016 4166 1232 4226 tempus
1281 4157 1728 4211 asservabuntur.
1773 4157 2044 4210 Libellum

461 4249 773 4318 supplicem
811 4263 844 4303 α
876 4248 1035 4302 vobis
1070 4248 1138 4302 ad
1178 4263 1264 4303 me
1311 4248 1560 4313 missum,
1595 4249 1688 4316 qui
1729 4249 2045 4318 imperatori

466 4337 837 4409 porrigendus
866 4346 970 4402 est,
1006 4353 1115 4392 non
1157 4345 1338 4392 tamen
1378 4338 1496 4392 sine
1533 4347 1717 4393 nostra
1751 4340 2042 4405 sententia,

469 4431 655 4499 accepi
679 4438 734 4483 et
760 4429 886 4500 legi.
916 4431 1122 4486 Verum
1148 4430 1293 4500 quod
1331 4431 1538 4501 prolixe
1569 4431 1623 4485 in
1661 4447 1786 4486 eum
1821 4432 2046 4487 inveha-

2147 3261 2241 3312 χον
2273 3245 2351 3314 τῷ
2375 3243 2496 3312 Θεῷ
2529 3245 2603 3314 μὴ
2635 3244 3074 3314 συνθεολογῶμεν
3114 3245 3427 3316 Παρθένονο
3463 3266 3482 3298 ι
3521 3248 3620 3300 οὐκ
3655 3250 3728 3300 εί-

2145 3332 2250 3396 δὼς
2273 3333 2302 3385 ὃ
2339 3333 2508 3399 λέγει.
2560 3335 2624 3386 Εἰ
2657 3334 2763 3402 γὰρ
2801 3334 2875 3402 μὴ
2916 3333 3106 3386 τέτοκε
3122 3334 3276 3396 Θεὸν,
3317 3335 3452 3405 μηδὲ
3483 3335 3641 3406 ἔσχεν
3671 3340 3728 3388 ἐν

2145 3427 2210 3493 τῇ
2270 3424 2450 3494 κοιλίᾳ
2509 3424 2641 3476 Θεὸν
2695 3423 2824 3476 ὄντα
2858 3423 3114 3493 Χριστόν·
3156 3424 3273 3488 πῶς
3323 3425 3406 3477 ἐτι
3470 3426 3726 3495 Θεοῶχος

2145 3515 2296 3580 ἐστί;
2327 3516 2436 3569 Καὶ
2465 3515 2626 3568 αὐτὸν
2655 3515 2712 3568 δὲ
2742 3515 2833 3567 τὸν
2864 3517 3086 3585 Πατέρα
3120 3511 3241 3568 εἷπε
3289 3516 3572 3569 Θεοτόκον.
3617 3518 3728 3570 Ποῦ

2145 3607 2324 3658 τοίνυν
2360 3607 2570 3674 ἀνέγνω
2603 3608 2703 3669 τὰς
2730 3606 2906 3669 λέξεις
2932 3607 3137 3670 ταύτας
3157 3645 3173 3669 ,
3215 3608 3416 3676 ἀγνοῶ.
3453 3608 3598 3678 Πλὴν
3631 3611 3730 3662 ἐπ-

2146 3697 2257 3767 ειδὴ
2287 3698 2380 3750 καὶ
2409 3697 2542 3751 ἄλλα
2569 3698 2739 3752 πολλά
2768 3697 3122 3770 ἐπισύρονται
3162 3700 3488 3771 ἐγκλήματα
3526 3703 3590 3754 ἐκ
3619 3700 3729 3754 τῶν

2146 3788 2457 3859 ἐξηγήσεων
2485 3790 2674 3853 αὐτοῦ,
2710 3790 3148 3862 φυλαχθήσονται
3179 3792 3286 3855 ἕως
3325 3792 3539 3864 καιροῦ,
3571 3795 3620 3845 εί
3653 3796 3726 3864 μὴ

2145 3898 2229 3944 τις
2256 3881 2480 3952 γένηται
2507 3884 2872 3953 μετάγνωσις.
2910 3884 2984 3936 Τὸ
3000 3884 3057 3938 δέ
3084 3901 3147 3952 γε
3169 3886 3452 3954 σχεδάριον
3475 3887 3575 3958 τῆς
3601 3887 3728 3958 δεήι

2149 3990 2284 4037 σεως
2310 3975 2372 4027 τὸ
2403 3978 2534 4044 παρ’
2577 3975 2732 4044 ὐμῶν
2765 3977 3091 4041 ἀποσταλέν,
3132 3977 3207 4040 ὡς
3235 3978 3450 4044 ὀφεῖλον
3477 3979 3727 4048 ἐπιδοθῆ-

2147 4083 2234 4117 ναι
2264 4065 2362 4134 μέν
2395 4065 2620 4134 βασιλεῖ,
2650 4069 2751 4120 οὐκ
2779 4068 2905 4120 ἄνευ
2941 4068 2998 4120 δέ
3040 4069 3262 4139 γνώμης
3294 4068 3448 4139 ὑμῶν
3474 4079 3526 4131 (1,
3550 4070 3728 4125 λαϐὼν

2148 4155 2413 4222 ἀνέγνων.
2461 4157 2681 4228 Ἐπειδὴ
2709 4158 2766 4210 δέ
2809 4159 3009 4228 πολλὴν
3050 4156 3163 4229 εἶχε
3213 4161 3559 4232 καταδρομὴν
3586 4162 3728 4214 κατὰ

2145 4244 2239 4298 τοῦ
2287 4249 2488 4311 ἐκεῖσε,
2545 4247 2872 4316 ἦάδελφοῦ,
2940 4250 2972 4320 ἢ
3031 4251 3149 4315 πῶς
3207 4252 3274 4306 ἂν
3331 4254 3562 4325 εἴποιμι,
3593 4255 3726 4318 τέως

2145 4337 2398 4407 ἐπέσχον,
2427 4337 2513 4390 ῖνα
2558 4339 2631 4408 μὴ
2661 4339 2946 4409 ἐπέρχοιτο
2985 4343 3116 4412 ἡμῖν
3160 4343 3335 4412 λέγων
3359 4363 3374 4377 ο
3406 4348 3728 4418 Κατηγορή·

2147 4429 2274 4482 σατέ
2323 4447 2422 4500 μου
2461 4431 2555 4482 ἐπὶ
2587 4429 2682 4483 τοῦ
2721 4430 3016 4501 βασιλέως,
3053 4435 3129 4498 ὡς
3161 4436 3458 4508 αἱρετικοῦ.
3491 4439 3727 4508 ’Υπηγοο

466 4529 558 4574 tur
583 4520 677 4589 qui
714 4521 838 4576 istic
869 4522 998 4591 agit,
1038 4522 1152 4576 sive
1186 4523 1393 4586 fratris,
1425 4523 1539 4577 sive
1575 4523 1682 4577 alio
1716 4539 2045 4594 quocunque

2151 4519 2424 4590 ρεύσαμεν
2453 4521 2510 4573 δὲ
2541 4522 2766 4592 ἑτέρως,
2800 4524 2939 4594 μετὰ
2957 4525 3052 4578 τοῦ
3087 4528 3180 4579 καὶ
3219 4527 3599 4598 παραιτεῖσθαι
3625 4529 3726 4599 τὴν

465 4614 689 4668 nomine
726 4624 1037 4679 censeatur,
1089 4614 1356 4670 hactenus
1400 4615 1700 4685 suppressi,
1735 4633 1804 4670 ne
1847 4617 2043 4672 adver-

465 4714 587 4755 sum
625 4717 728 4758 nos
763 4703 1075 4775 insurgens,
1102 4720 1160 4760 se
1195 4721 1293 4775 per
1332 4721 1434 4760 nos
1463 4707 1735 4761 haereseos
1757 4709 1900 4777 apud
1938 4709 2042 4763 im-

466 4802 773 4863 peratorem
819 4796 1062 4851 delatum
1112 4799 1418 4852 cavillctur.
1461 4799 1649 4868 Itaque
1693 4799 1816 4854 aliis
1859 4801 2045 4856 verbis

465 4883 620 4938 illum
661 4887 1010 4954 dictavimus,
1048 4905 1174 4943 eum
1215 4905 1433 4958 quoque
1474 4891 1634 4944 nobis
1663 4891 1902 4960 judiccm
1943 4893 2041 4946 de-

469 4983 794 5045 treetantes,
833 4996 1094 5050 expresso
1133 4979 1547 5034 inimicitiarum
1590 4981 1778 5046 modo;
1813 4992 1870 5036 et
1904 4998 2045 5051 prae-

467 5077 674 5121 sentem
715 5069 1178 5134 controversiam,
1219 5070 1264 5124 si
1308 5071 1534 5124 omnino
1580 5072 1878 5141 importuni
1921 5089 2042 5127 esse

468 5159 840 5224 perrexerint,
891 5161 959 5214 ad
1012 5159 1163 5215 aliud
1207 5159 1388 5215 forum
1435 5159 1718 5214 transferri
1764 5173 2038 5231 rogantes.

467 5248 601 5302 Cum
642 5249 825 5319 itaque
852 5252 1099 5306 libellum
1134 5251 1499 5323 perlegeritis,
1528 5251 1574 5304 si
1603 5267 1709 5321 qua
1742 5252 2042 5307 necessitas

467 5342 814 5407 poposcerit,
862 5344 1099 5408 tradite;
1164 5354 1220 5398 et
1264 5345 1310 5398 si
1354 5360 1482 5398 eum
1524 5343 1578 5398 in
1623 5344 1773 5398 hisce
1827 5344 2042 5400 insidiis

467 5444 932 5501 perseverantem,
963 5443 1018 5489 et
1050 5436 1185 5490 nihil
1215 5452 1322 5491 non
1356 5437 1642 5493 adversum
1676 5452 1778 5492 nos
1805 5437 2040 5491 molien-

2146 4613 2312 4666 αὐτοῦ
2354 4613 2572 4683 κρίσιν,
2616 4616 2862 4679 εἰπόντες
2906 4617 3001 4672 καὶ
3036 4619 3136 4688 τῆς
3162 4619 3359 4691 ἔχθρας
3383 4623 3474 4673 τὸν
3506 4621 3723 4691 τρόπον,

2145 4705 2240 4758 καὶ
2269 4706 2369 4776 τὴν
2405 4705 2562 4778 δίκην
2597 4710 2964 4778 κατασπάσαι,
3001 4713 3049 4764 εί
3089 4714 3394 4765 ἐνίστανται
3427 4713 3562 4774 ὅλως
3585 4714 3729 4764 ἐκεῖι

2144 4814 2257 4860 νοι,
2317 4799 2397 4861 είς
2450 4799 2672 4870 ἐτέρους
2721 4801 3008 4874 ἄρχοντας.
3062 4803 3412 4869 ’Λναγνόντες
3462 4802 3644 4856 τοίνυν
3666 4804 3728 4856 τδ

2146 4888 2461 4960 σχεδάριον,
2497 4891 2708 4944 ἐπίδοτε
2737 4932 2752 4957 ,
2799 4895 2848 4945 εί
2892 4892 3137 4945 καλέσειε
3178 4893 3371 4963 χρεία·
3405 4893 3511 4946 κᾶν
3541 4894 3722 4958 ῐδοιτε,

2145 4980 2227 5032 ὅτι
2245 4980 2611 5035 ἐπιϐουλεύων
2634 4984 2980 5054 ἐμμένει,καὶ
3000 4984 3216 5054 ἀληθῶς
3232 4985 3408 5038 πάντα
3435 4989 3576 5039 κινεῖ
3599 4988 3724 5057 τρό-

2149 5087 2270 5134 πον,
2322 5071 2414 5124 τὸν
2455 5073 2573 5125 καθ’
2599 5073 2758 5142 ήμῶν
2805 5075 3017 5145 ὁρῶντα
3042 5115 3057 5140 ,
3106 5075 3410 5140 σπουδαίως
3454 5077 3720 5148 γράψατε.

2144 5163 2253 5216 Καὶ
2290 5163 2673 5236 ἐπιλεξάμενος
2715 5165 2915 5238 ἄνδρας
2970 5166 3218 5231 εὐλαϐεῖς
3264 5168 3359 5221 xui
3405 5169 3720 5238 φρονίμους,

2142 5257 2474 5322 ἐπισκόπους
2519 5274 2579 5310 τε
2617 5259 2712 5310 καὶ
2766 5258 3116 5329 μονάζοντας,
3148 5260 3493 5325 ἐξαποστελῶ
3523 5261 3722 5332 πρώτῳ

2143 5348 2340 5420 καιρῷ.
2375 5350 2450 5400 Οὐ
2480 5349 2587 5418 γὰρ
2624 5351 2698 5420 μὴ
2731 5350 2888 5404 δώσω
2915 5350 3103 5415 ὐπνον,
3137 5351 3280 5405 κατά
3315 5353 3375 5404 τὸ
3402 5352 3722 5421 γεγραμμέ-

2143 5459 2255 5505 νον,
2288 5444 2399 5506 τοῖς
2451 5442 2754 5514 ὀφθαλμοῖς
2799 5461 2902 5516 μου
2973 5444 3068 5498 καὶ
3120 5446 3232 5510 τοῖς
3273 5427 3561 5516 βλεφάροις
3617 5459 3728 5518 μου.

1510 5594 1685 5649 Varias
1709 5594 1974 5650 lectiones
1999 5596 2204 5652 codicis
2239 5599 2600 5672 Seguieriani.

535 5725 564 5755 ιι
597 5716 704 5774 καί.
783 5726 808 5754 °
834 5719 918 5776 ἵσ.
958 5722 1367 5793 ’Δμφικτύονος.
1446 5737 1474 5777 P
1504 5728 1692 5801 εἴρηκε
1720 5731 1786 5801 τῇ
1818 5731 2021 5801 γραφῇ.
2098 5740 2127 5783 (ι
2161 5733 2340 5804 ἡμῶν.
