4028 6208
517 276 596 331 ’75
1561 267 1617 320 S.
1661 224 1933 320 C’YRlLLl
1975 264 2444 320 ALEXANDRINI
2495 265 2812 320 ARClllEP.
3722 280 3786 332 76

525 401 767 463 quantur
786 392 831 464 (1
846 385 1211 461 )sterquilinia
1229 381 1467 438 civitatis
1481 380 1805 436 Cltrcremon
1819 390 1892 444 ,et
1909 381 2116 446 Victor,
2153 391 2193 444 Α

523 499 580 538 et
603 484 941 554 Sophronas,
965 492 1020 536 et
1043 477 1351 535 decoctoris
1377 473 1588 547 [Baluz.
1620 475 1743 528 add.
1769 473 1846 546 et]
1871 475 2112 529 Flaviani

525 577 890 646 mancipium;
916 588 1131 642 semper
1149 570 1298 626 enim
1317 577 1372 624 et
1393 568 1540 624 circa
1561 585 1618 623 se
1643 567 1866 622 fuerunt
1909 577 1965 622 et
1985 582 2112 640 erga

525 667 661 720 alios
691 679 950 735 nequam.
990 661 1218 718 Noverit
1249 667 1436 714 autem
1477 658 1574 728 qui
1605 672 1702 712 eos
1730 657 1930 722 irritat,
1965 658 2110 728 quod

521 772 626 811 nos
658 772 940 827 nunquam
969 752 1386 810 formidavimus
1415 749 1913 822 peregrinationem
1941 752 2112 805 susci-

521 864 653 918 pere
686 847 898 921 [Baluz.
932 865 1039 901 om.
1071 844 1396 916 suscipere],
1433 843 1528 899 sed
1564 858 1666 897 nec
1699 843 1918 897 illorum
1943 857 2108 897 accu-

520 939 828 994 sationibus
849 937 1205 1008 respondere,
1239 936 1285 991 si
1319 945 1535 1006 tempus
1567 935 1672 989 hoc
1699 935 1898 1005 exigat.
1926 935 2143 990 Potest.

503 1033 667 1085 'enim
710 1032 967 1095 evenire,
1017 1028 1314 1084 Salvatoris
1355 1028 1528 1082 nostri
1578 1026 1986 1096 dispensatione
2027 1026 2108 1082 fa-

503 1124 720 1188 ciente,
751 1123 824 1177 ob
856 1122 1005 1178 leves
1034 1121 1173 1175 forte
1200 1120 1368 1176 etiam
1395 1131 1451 1174 et
1479 1119 1772 1173 vilissimas
1801 1133 2014 1184 causas,
2041 1119 2111 1175 ad

517 1213 854 1284 purgandum
887 1214 1189 1268 Ecclesiam
1247 1210 1427 1282 juberi
1461 1209 1757 1265 concilium
1794 1210 2105 1265 convocari.

592 1307 678 1360 15.
707 1305 827 1361 Non
855 1306 1022 1376 igitur
1046 1311 1231 1374 speret
1254 1302 1424 1356 miser
1446 1301 1537 1356 ille
1575 1300 1784 1374 (Bolus.
1804 1318 1909 1356 om.
1941 1300 2110 1356 miser

501 1399 652 1473 ille],
685 1400 900 1455 etiamsi
929 1397 1109 1453 adhuc
1144 1411 1246 1452 nos
1279 1395 1470 1466 plures
1497 1404 1556 1450 et
1580 1395 1686 1450 fide
1709 1395 1986 1467 digniores
2013 1409 2106 1449 ac-

504 1500 732 1559 cusent,
765 1507 824 1547 se
857 1498 1110 1546 nostrum
1139 1489 1377 1562 iudicem
1417 1487 1562 1553 fore;
1585 1488 1741 1558 quia,
1773 1486 1990 1543 etiamsi
2014 1487 2105 1558 ju-

515 1584 712 1638 beatur
741 1581 810 1637 ad
843 1581 998 1635 illum
1030 1597 1132 1636 nos
1158 1580 1348 1635 venire
1379 1578 1605 1643 debere,
1639 1577 2003 1633 refutabimus
2029 1576 2105 1650 (2)

514 1676 849 1730 audientiam
895 1674 1108 1746 (Batus.
1137 1675 1262 1729 add.
1293 1674 1381 1730 vel
1408 1671 1703 1745 judicium]
1733 1672 1873 1743 ejus,
1915 1680 1972 1725 et
2008 1671 2106 1726 Dei

506 1769 700 1822 favore
736 1767 1167 1822 dilucidabimus
1206 1782 1297 1822 res
1337 1767 1528 1838 magis,
1572 1771 1845 1835 quatenus
1885 1762 1954 1818 de
1990 1761 2106 1818 suis

513 1857 871 1928 blasphemiis
900 1856 1100 1912 debeat
1125 1855 1460 1912 satisfacere.

587 1950 672 2003 M.
710 1950 902 2022 Neque
932 1948 1112 2022 igitur
1147 1962 1339 2018 pacem
1379 1946 1702 2018 refugimus,
1727 1944 1824 2000 sed
1853 1951 1910 2000 et
1947 1944 2105 2014 cupi-
2169 1961 2177 1969 ·

511 2056 656 2102 mus,
683 2038 730 2094 si
769 2039 903 2094 ﬁdes
931 2047 1081 2093 recta
1106 2037 1275 2092 fuerit
1300 2036 1623 2091 annuntiata
1647 2044 1813 2105 atque
1837 2034 2102 2105 professa,

511 2131 596 2185 vel
621 2131 666 2184 si
697 2130 824 2185 talia
847 2139 1028 2185 cesset
1051 2127 1272 2184 tandem
1295 2127 1592 2197 aliquando
1612 2125 1936 2196 praedicare.
1963 2125 2106 2180 Tan-

512 2229 623 2276 tam
646 2220 792 2275 enim
812 2218 1229 2289 perversitatem
1256 2218 1346 2272 ille
1364 2218 1485 2288 ejus
1499 2216 1791 2286 quaternio
1810 2216 1885 2287 ('5)
1911 2216 2096 2282 habet,

510 2324 574 2368 ut
599 2313 798 2368 merito
822 2312 892 2367 de
931 2312 1017 2368 his
1043 2313 1138 2383 qui
1178 2312 1521 2382 scripserunt
1549 2309 1767 2366 dicatur
1788 2310 1916 2380 quia
1943 2309 2098 2380 prin-

509 2407 750 2476 cipatum
781 2406 836 2460 in
864 2402 1222 2476 blasphemiis
1246 2411 1452 2459 tenent.

499 2589 708 2661 detulit
734 2588 923 2661 :Uunde
966 2588 1084 2661 fuit
1111 2589 1412 2661 necessitas
1441 2587 1698 2661 imposita
1725 2595 1922 2661 sancto
1956 2601 2098 2661 prati

502 2659 615 2714 suli
644 2657 952 2715 scribendae
979 2659 1046 2713 ad
1073 2659 1445 2714 Theodosium
1484 2656 1838 2711 defensionis.
1871 2657 2101 2712 Nestorii

505 2731 817 2800 dogmatum
869 2737 1321 2800 propugnatores,
1386 2728 1569 2796 inquit
1627 2726 1706 2800 (ut
1764 2728 2094 2800 part._Conc.

507 2798 703 2869 Ephes.
732 2815 783 2854 c.
813 2799 924 2868 15),
954 2798 1163 2854 invidia:
1189 2799 1394 2868 odiique
1417 2815 1600 2852 arcum
1620 2799 1676 2869 in
1702 2813 1784 2851 me
1808 2798 2096 2869 tendentes,

497 2867 915 2940 impotentisque
937 2870 1160 2925 insania:
1191 2867 1315 2924 sure
1339 2885 1498 2923 ausus
1527 2867 1688 2940 variis
1716 2867 1882 2920 modis
1909 2867 2097 2940 aduer-

505 2938 626 2992 sum
671 2957 752 2993 me
783 2938 1176 3003 cancinnantes,
1209 2941 1360 3010 uiros
1391 2938 1669 3010 quosdam,
1710 2954 1933 3010 quorum
1973 2938 2098 3010 deus

2298 380 2383 434 15.
2413 379 2551 445 Quia
2581 397 2714 435 vero
2749 391 3003 436 causatur
3059 383 3390 438 locutionem
3430 384 3783 444 inconsuelam

2218 470 2472 541 flagitari,
2508 473 2601 526 Dei
2633 473 2950 542 genitricem
2981 473 3192 546 (Italus.
3228 478 3594 550 puerperam],
3632 481 3680 534 id
3710 496 3786 536 est

2215 564 2506 628 Θεοτόκον,
2537 565 2816 635 Virginem
2856 574 3130 630 sanctam,
3162 583 3324 636 quam
3358 585 3458 622 nec
3489 569 3782 640 Scriptura,

2215 670 2394 723 neque
2427 665 2612 709 sancta
2650 655 2892 726 synodus
2923 657 3182 725 protulit;
3217 657 3291 726 (4)
3323 657 3468 712 dicat
3498 659 3653 713 nobis
3682 661 3786 730 ipse

2215 743 2603 815 interrogatus,
2637 745 2730 799 ubi
2763 746 3084 815 genitricem
3110 747 3335 809 Christi,
3365 747 3416 800 id
3445 757 3548 811 est,
3573 749 3788 820 Χριστο-

2212 835 2372 889 τὸκον
2399 834 2684 906 Scriptura
2707 836 2999 906 loquatur?
3024 836 3103 890 An
3138 837 3309 905 ullum
3331 838 3637 906 episcopale
3663 853 3787 893 con-

2212 928 2402 983 cilium
2432 939 2536 994 est,
2567 929 2714 1000 quod
2746 929 3020 998 Θεοδὸχον,
3053 929 3105 982 id
3149 939 3253 993 est,
3292 929 3680 998 susceptricem
3708 933 3787 984 vel

2212 1035 2467 1090 capacem
2494 1021 2714 1076 deitatis
2737 1020 2992 1085 formam,
3020 1021 3385 1076 nominaverit
3412 1021 3725 1077 Christum?

2285 1114 2371 1168 16.
2406 1113 2480 1186 (5)
2510 1113 2568 1168 In
2595 1114 2689 1167 illo
2717 1114 2862 1167 enim
2889 1114 3271 1182 quaternione,
3303 1127 3466 1182 quem
3494 1113 3601 1166 huc
3627 1115 3786 1178 misit,

2210 1221 2420 1276 nosque
2452 1207 2811 1261 vehementer
2843 1204 3108 1270 offendit,
3141 1205 3216 1259 ita
3244 1201 3362 1269 est,
3406 1205 3506 1276 τὴν
3547 1205 3790 1276 ΘΞΟδόχον

2209 1298 2288 1370 τῷ
2307 1297 2426 1368 Θεῷ
2447 1298 2603 1368 Λόγῳ
2624 1296 3066 1367 συνθεολογῶμεν
3097 1297 3332 1368 μορφήν,
3363 1296 3418 1353 id
3442 1307 3546 1364 est,
3571 1313 3787 1368 suscep-

2211 1388 2405 1442 tricem
2447 1388 2542 1443 Dei
2611 1388 2842 1443 formam
2880 1403 2989 1443 una
3032 1404 3096 1444 ac
3130 1389 3281 1458 pari,
3315 1405 3420 1458 qua
3453 1389 3628 1444 Deum
3661 1390 3789 1446 Ver-

2210 1480 2363 1546 bu'm,
2395 1479 2617 1536 deitatis
2648 1481 3252 1546 ratione,veneremur.
3288 1479 3578 1544 Similiter,
3612 1479 3676 1534 de
3705 1479 3790 1533 illa

2210 1588 2429 1643 quoque
2463 1573 2764 1628 venerabili
2813 1589 3034 1642 semper
3065 1572 3289 1642 Virgine
3319 1572 3394 1626 ita
3429 1573 3652 1643 posuit:
3685 1573 3791 1643 Τὴν

2209 1665 2467 1736 Θεοδόχον
2518 1665 2793 1736 Παρθένον
2825 1665 2901 1735 τῷ
2949 1663 3068 1734 Θεῷ
3117 1665 3189 1734 μὴ
3220 1663 3692 1734 συνθεολογῶμεν,
3739 1665 3790 1718 id

2208 1766 2312 1823 est,
2343 1758 2737 1828 susceptrieem
2771 1756 2992 1811 deitatis
3013 1756 3292 1826 Virginem
3323 1771 3448 1810 cum
3481 1755 3595 1812 Deo
3615 1757 3681 1811 ad
3710 1756 3782 1810 di-

2209 1850 2336 1904 vina
2366 1866 2475 1904 non
2508 1850 2844 1904 attollamus.

2284 1943 2368 1996 17.
2402 1942 2588 1996 Nescit
2619 1958 2750 1996 vero
2784 1940 2914 2010 quid
2949 1940 3224 2010 loquatur.
3262 1940 3317 1995 Si
3348 1942 3495 1996 enim
3521 1941 3704 2012 Virgo,
3739 1949 3792 1994 ut

2208 2039 2348 2103 vult,
2391 2054 2501 2092 non
2541 2038 2766 2107 peperit
2807 2038 3001 2103 Deutn,
3035 2053 3137 2091 nec
3175 2045 3259 2091 est
3301 2037 3584 2100 Θεοτόκος,
3619 2052 3793 2105 neque

2208 2130 2488 2199 suscipere
2521 2129 2700 2199 potuit
2732 2128 2904 2184 Deum
2951 2129 3003 2182 in
3046 2137 3227 2193 utero,
3256 2129 3351 2198 qui
3384 2138 3470 2183 est
3507 2128 3789 2190 Christus,

2197 2204 2483 2291 quomodo
2509 2222 2701 2276 saltem
2723 2220 2980 2290 Θεοδόχος
3003 2230 3108 2285 est,
3140 2220 3215 2290 (6)
3243 2229 3304 2273 ut
3327 2221 3431 2290 ipsi
3461 2222 3659 2276 iterum
3685 2220 3795 2291 pla-

2209 2313 2338 2368 cet?

2284 2399 2370 2459 18.
2395 2405 2470 2476 (7)
2489 2404 2632 2473 Quid
2659 2407 2715 2461 in
2732 2403 2894 2460 dictis
2911 2404 3027 2461 suis
3041 2402 3258 2460 Patrem
3277 2402 3538 2458 Θεοτόκον
3555 2401 3666 2460 dici
3687 2421 3799 2462 ma-

2209 2591 2612 2663 ciliorum,pag.
2642 2592 2797 2663 1151.
2829 2589 3138 2663 Alexander
3165 2590 3460 2663 cpiscopus
3481 2589 3794 2663 llierapoli-

2209 2610 2612 2714 cmorum,%‘tg.
2642 2610 2797 2646 nos.
2829 2610 3138 2645 mexanuer
3165 2610 3455 2661 CplSCnpllS
3487 2610 3792 2658 merapon-

2209 2671 2370 2734 t_anus
2406 2665 2460 2718 in
2501 2661 2772 2734 cynodieo
2798 2661 3064 2714 adversus
3093 2661 3414 2734 tragmdiam
3445 2660 3636 2734 lrena-i
3672 2677 3792 2734 cap.

2207 2732 2260 2793 6,
2291 2748 2413 2802 pag.
2441 2731 2563 2788 694⁷.
2596 2734 2821 2786 Exstant
2847 2746 3016 2800 porro
3038 2733 3143 2784 alia
3173 2739 3432 2802 excerpta
3468 2731 3704 2802 Nestorii
3741 2734 3792 2785 in

2206 2801 2442 2867 concilio
2463 2802 2816 2858 Lateranensi
2841 2802 3057 2856 Martini
3081 2817 3234 2872 papa:
3248 2810 3304 2857 et
3329 2802 3384 2854 in
3405 2801 3555 2854 Actis
3574 2802 3792 2856 concilii

2206 2873 2366 2926 sexti.
2400 2875 2591 2927 Bawz.

2279 2942 2355 3013 (ὅ)
2403 2943 2522 3012 l'pse
2562 2951 2646 2997 est
2678 2950 2911 3013 quartus
2942 2951 3129 3013 sermo
3170 2941 3463 2996 adversum
3499 2939 3788 3013 Proclum,

507 3018 689 3084 υθηεξν
723 3019 820 3084 εεςί,
857 3017 907 3084 εἴ(
941 3001 1204 3084 θιοζὶηηὶη
1237 3001 1541 3084 confusique
1570 3001 1771 3084 ίόιέαῆιρ
1805 3009 1938 3060 δίετιῑ
1974 3008 2099 3061 ἔνθα·
2129 3001 2169 3058 C
2205 3001 2368 3084 quem
2398 3001 2985 3084 speciequaternionis
3005 3013 3248 3084 oblatum
3275 3013 3509 3084 diacono
3530 3026 3645 3084 suo
3659 3001 3791 3064 seri;

509 3088 594 3132 tus
622 3078 822 3133 Paulus
849 3077 973 3132 dicit
1002 3079 1262 3150 (Philipp.
1293 3077 1372 3141 ni,
1409 3077 1520 3146 19),
1551 3077 1788 3150 mercede
1816 3087 2097 3150 pararunt,

510 3157 560 3200 et
589 3159 920 3204 accusatores
947 3148 1303 3212 adornarunt,
1329 3165 1391 3202 ac
1428 3159 1484 3201 ut
1523 3155 1693 3202 vestro
1729 3148 1952 3217 imperio
1987 3164 2101 3201 mo-

512 3219 813 3290 lestiwsint,
832 3229 881 3273 et
897 3217 1439 3290 quidemfreqitenter,
1454 3225 1792 3290 curaverunt,
1806 3215 1911 3271 etc.
1927 3215 2098 3290 Gauls.

589 3289 666 3360 (1)
690 3289 895 3360 Eorum
910 3287 1157 3344 nefanda
1182 3287 1413 3344 crimina
1444 3289 1758 3360 pauloantc
1781 3303 1846 3341 ex
1871 3287 2101 3356 epistola

509 3357 699 3430 Cyrilli
728 3359 796 3412 ad
835 3359 1148 3414 Nestorium
1193 3361 1364 3413 relata
1399 3367 1545 3430 sunt.
1578 3358 1703 3430 Fuit
1741 3367 1921 3430 tamen
1950 3373 1978 3430 a
2005 3374 2099 3410 ca-

509 3428 908 3484 lumniatorum
951 3445 1181 3484 numero
1225 3429 1550 3483 eximendus
1595 3428 1680 3481 vir
1722 3428 2102 3483 sanctissimus

511 3500 719 3562 Victor,
754 3501 912 3569 cujus
953 3500 1257 3569 apologiam
1291 3497 1640 3569 postmodum
1674 3498 1894 3569 scpipsit
1921 3497 2099 3569 Cyril-

509 3569 598 3624 lus
620 3569 738 3639 ipse
761 3567 834 3623 ad
854 3567 1240 3639 imperatorem
1266 3567 1342 3640 (iu
1367 3576 1508 3638 part.
1535 3567 1694 3622 Cone.
1722 3567 1885 3638 ΕρΙι.,
1910 3568 2096 3690 ολδ).

511 3638 780 3690 Expertus
806 3647 881 3690 est
906 3655 1129 3690 mecum.
1157 3639 1357 3690 innuit.
1381 3639 1664 3690 infrenata:
1697 3637 1892 3690 limma.’
1920 3638 2040 3690 iacu
2067 3657 2096 3690 (ι

511 3637 780 3709 Expertus
806 3647 881 3693 est
906 3637 1129 3700 mecum,
1157 3637 1664 3709 in'quit,'infrenata:
1697 3637 1892 3709 lingua!
1910 3637 2099 3708 jacula

511 3706 674 3780 etiam
709 3710 927 3764 dilectus
959 3706 1450 3765 solitarius—Victor.
1487 3706 1808 3780 Sparserant
1843 3706 1996 3780 enim
2038 3710 2101 3762 de

510 3779 607 3832 illo
631 3781 868 3850 quidam,
895 3783 984 3850 qui
1010 3781 1219 3834 mentiri
1246 3778 1645 3841 consueverunt,
1671 3778 1809 3849 quod
1835 3779 1875 3831 is
1899 3794 2100 3849 quoque

511 3857 706 3921 contrg
727 3866 808 3902 me
837 3850 1067 3904 absurda
1108 3851 1352 3921 quasdam
1394 3857 1812 3921 nugatusesset,
1851 3858 1908 3901 ut
1941 3850 2098 3902 etiam

509 3923 642 3972 cum
660 3919 925 3988 Ephesum
949 3921 1019 3976 ad
1042 3919 1128 3974 me
1149 3923 1389 3983 uenisset,
1421 3919 1662 3973 nonnulli
1689 3935 1752 3973 ea:
1772 3928 1956 3972 sancta
1979 3936 2101 3988 syn-

509 3992 612 4043 odo
659 3991 949 4061 plurimum
1000 3992 1175 4061 ipsum
1243 4000 1554 4043 accusarent
1594 4006 1612 4043 :
1647 3991 1754 4043 imo
1803 4005 1922 4042 vero
1959 3993 2099 4061 gini-

510 4045 670 4124 versi;
701 4059 858 4114 veluti
883 4045 1048 4114 unum
1069 4076 1134 4114 ea:
1162 4061 1443 4130 impiorum
1481 4075 1699 4113 numero
1731 4061 1922 4130 perosi,
1947 4045 2100 4112 iilum

513 4133 742 4200 aversati
767 4140 912 4194 sunt,
948 4131 1390 4200 perstiteruntque
1424 4130 1750 4200 parricidam
1781 4139 1828 4182 et
1865 4130 2098 4200 [ratrici-

508 4199 641 4253 dam
669 4199 893 4270 aliisque
916 4199 1173 4270 ejusmodi
1197 4199 1492 4270 nominibus
1523 4199 1816 4270 appellare.
1845 4199 1977 4253 Cum
2003 4217 2100 4253 au-

511 4276 618 4342 tem
642 4267 733 4342 ille
761 4267 919 4324 senex
938 4267 1040 4323 hoc
1063 4269 1425 4342 intellexisset,
1453 4267 1632 4342 multis
1659 4270 1944 4342 admodum
1969 4286 2097 4342 sng-

2205 3081 2288 3136 hit
2314 3081 2554 3153 Cyrillus
2581 3082 2755 3151 (num.
2787 3085 2822 3137 5
2855 3082 3018 3153 hujus
3045 3081 3258 3153 epist.),
3285 3082 3490 3153 quique
3529 3081 3584 3134 in
3609 3081 3792 3153 (immo

2200 3151 2565 3224 veredicitur
2580 3155 2856 3223 quaternio
2883 3151 3327 3224 blasphemiarum
3356 3152 3605 3206 Nestor-ii.
3623 3151 3791 3205 Caus.

2281 3222 2369 3294 (4)
2396 3222 2598 3294 Mirum
2620 3233 2905 3294 quantnm_
2925 3222 3041 3277 huic
3069 3231 3128 3294 et
3143 3222 3255 3294 alia
3279 3238 3405 3294 quae
3427 3230 3738 3294 sequuntur
3765 3240 3794 3276 a

2201 3291 2406 3347 Griecis
2433 3291 2775 3362 discrepant;
2813 3292 2910 3347 sed
2944 3293 3137 3361 procul
3167 3293 3337 3346 dubio
3367 3291 3553 3346 Grmca
3595 3291 3682 3344 vix
3709 3294 3792 3346 nl-

2205 3363 2339 3426 lum,
2359 3364 2550 3417 saltem
2573 3364 2752 3427 initio,
2774 3363 2981 3416 faciunt
3001 3363 3342 3432 probabilem
3365 3377 3616 3415 sensum.
3638 3364 3794 3418 Certe

2205 3433 2476 3503 interpres
2502 3435 2798 3496 Romanus,
2825 3433 2927 3487 etsi
2953 3433 3112 3487 valde
3136 3440 3450 3503 conaretur,
3477 3447 3594 3486 non
3619 3433 3794 3503 potuit

2203 3501 2501 3559 satis‘huic
2529 3504 2663 3558 vitio
2689 3502 2920 3558 mederi.
2950 3503 3133 3573 Longe
3168 3501 3398 3557 clariora
3425 3511 3554 3573 sunt
3583 3501 3639 3557 et
3669 3504 3793 3558 reli-

2203 3575 2328 3643 quis
2357 3576 2776 3628 cunsonantiora
2805 3589 2926 3642 qure
2955 3572 3222 3627 Mereator
3248 3573 3432 3626 habet.
3471 3572 3550 3626 In.

2278 3645 2354 3714 (5)
2389 3643 2646 3713 lutelligit
2688 3643 2927 3714 Nestorii
2965 3656 3276 3698 sermonem
3311 3643 3549 3712 primum
3601 3642 3668 3696 de
3712 3643 3792 3696 in-

2203 3713 2542 3787 carnatione,
2577 3729 2672 3768 seu
2702 3714 2768 3787 de
2796 3713 3249 3787 virgineo‘partu,
3278 3714 3332 3787 in
3363 3730 3472 3787 quo
3498 3714 3792 3787 contineri;

2205 3793 2297 3838 tur
2322 3785 2438 3838 hzec
2467 3785 2590 3854 ipsa
2608 3783 2775 3854 verba
2801 3783 2974 3854 (num.
3003 3783 3090 3854 12)
3117 3802 3129 3836 :
3156 3783 3266 3854 Τὴν
3286 3783 3542 3851 Θεοδόχον
3572 3784 3654 3854 τῷ
3679 3785 3795 3852 Θεῷ

2203 3855 2362 3936 ᾼόγρέ
2395 3853 2830 3923 συνθεολογῶμεν
2863 3853 3098 3936 μορφήν,
3148 3854 3202 3936 id
3224 3853 3792 3936 'est,__susccptrieem

2201 3924 2300 3978 Dei
2333 3924 2562 3979 formam
2595 3939 2705 3978 una
2739 3939 2803 3978 ac
2835 3924 2974 3993 pari,
3021 3924 3127 3994 qua
3157 3924 3330 3978 Deum
3362 3924 3633 3989 Verbum,
3675 3925 3790 3979 dci-

2205 3995 2332 4048 tatis
2365 3996 2574 4049 ratione
2602 4009 2952 4048 veneremur.

2271 4066 2391 4136 Non
2420 4065 2778 4136 mediocriter
2803 4065 2904 4136 ista
2926 4066 3121 4136 juvant
3145 4065 3498 4136 sententiam,
3535 4063 3671 4122 licet
3708 4067 3790 4120 in-

2203 4134 2492 4206 solentem,
2545 4135 2787 4206 auctoris
2825 4134 3231 4206 Praézlestinati,
3267 4137 3413 4189 hunc
3459 4137 3512 4189 in
3567 4139 3790 4191 modum

2201 4205 2480 4258 narrantis
2524 4204 2812 4275 exordium
2843 4204 2967 4275 nan
3006 4205 3273 4275 Cyrillum
3319 4206 3463 4260 inter
3495 4216 3550 4261 et
3596 4209 3790 4262 Nesto-

2203 4275 2348 4327 rium
2397 4275 2608 4346 dissidii
2637 4273 2854 4346 (lueresi
2898 4275 2986 4346 89)
3017 4272 3456 4346 {Octogesimam
3504 4286 3552 4328 et
3597 4293 3789 4330 nonam

511 4341 608 4415 etis
641 4340 891 4415 episcopis
924 4341 1101 4411 ipsum
1131 4340 1622 4403 circumstantibus,
1658 4340 1878 4394 sublatis
1913 4341 1966 4392 in
1993 4338 2098 4394 cae-
2131 4338 2174 4393 D
2203 4345 2444 4398 hwresim
2469 4338 2742 4415 Nestorius
2778 4338 3316 4414 Constantinopoiiles
3355 4347 3625 4415 episcopus
3662 4348 3788 4400 (lici-

510 4411 625 4464 lum
655 4411 916 4474 manibus,
951 4419 1144 4480 praeter
1178 4427 1376 4481 morem
1401 4426 1557 4464 suum
1587 4427 1682 4481 per
1705 4419 2101 4481 sacrosanctum

511 4481 796 4552 baptisma,
822 4489 871 4534 et
911 4479 1216 4552 ueneranda
1250 4479 1446 4536 Christi
1477 4479 1749 4551 mysteria,
1778 4480 1974 4552 nullius
2005 4482 2101 4534 ho-

509 4551 632 4605 rum
669 4551 926 4606 scelerum
960 4551 1058 4604 sibi
1082 4551 1345 4605 conscium
1380 4567 1490 4605 esse
1512 4553 1751 4622 juravit;
1787 4567 1850 4606 ac
1879 4551 2103 4620 denique

510 4623 829 4745 oqensorum
853 4623 1058 4676 animos
1086 4637 1225 4692 aegre
1247 4637 1340 4692 ego
1366 4631 1415 4675 et
1441 4621 1552 4692 ipse
1576 4621 1737 4677 simul
1764 4623 1860 4676 hac
1896 4622 2102 4676 ratione

510 4709 547 4745 υ
572 4709 730 4745 acare
755 4694 1038 4745 potuimus.

510 4694 730 4761 placare
755 4694 1038 4762 potuimus.
1178 4753 1180 4756 ,

583 4761 741 4818 Circa
756 4761 869 4819 ’hos
895 4763 1150 4818 homines
1169 4778 1278 4817 non
1305 4762 1440 4818 satis
1460 4762 1567 4817 sibi
1588 4770 1804 4817 constat
1828 4761 2099 4817 Christia-

510 4847 620 4886 nus
646 4832 863 4903 Lupus;
889 4851 984 4890 eos
1010 4833 1157 4889 enim
1191 4833 1321 4889 facit
1349 4834 1514 4889 modo
1539 4832 2099 4902 Constantinopolita-

510 4917 617 4976 nos
643 4905 1017 4976 presbyteros,
1042 4919 1167 4960 cum
1186 4904 1399 4976 _P_hotio
1423 4904 1672 4976 adjungit
1699 4903 1963 4976 adversus
1993 4903 2098 4975 Cy-

512 4973 732 5044 rillum;
767 4973 930 5030 modo
959 4973 1380 5037 Alexandrinos,
1412 4973 1536 5029 cum
1564 4973 1778 5042 objecta
1810 4975 1944 5044 ipsis
1971 4973 2100 5030 vere

511 5059 544 5116 a
572 5042 776 5115 Cyrillo
801 5045 1032 5100 crimina
1084 5045 1321 5100 credidit
1359 5045 1507 5114 ipsos
1531 5047 1716 5116 potius
1753 5042 1957 5116 Cyrillo
1997 5045 2098 5099 ob-

509 5114 725 5184 iecisse.
754 5115 887 5183 Quae
909 5133 1073 5186 porro
1098 5116 1266 5171 fuerit
1283 5131 1448 5186 causa
1469 5114 1812 5186 credulitatis
1839 5124 1953 5186 tam,
1967 5115 2101 5170 alie-

512 5200 598 5240 na:
623 5201 653 5238 a
679 5201 833 5248 vero,
859 5185 962 5241 etsi
1004 5187 1312 5241 communis
1351 5185 1504 5253 Lupo
1543 5200 1671 5238 cum
1711 5185 1835 5239 aliis
1865 5185 2100 5255 quibus-

513 5255 663 5314 dam,
681 5271 789 5310 non
814 5258 986 5326 potui,
1011 5258 1113 5312 etsi
1139 5258 1233 5311 diu
1259 5255 1632 5326 cogitaverim,
1654 5255 1901 5310 divinare
1933 5275 1944 5309 :
1969 5266 2099 5311 sunt

512 5327 661 5397 enim
703 5335 891 5397 aperta
913 5327 980 5397 in
1011 5325 1348 5382 contrarium
1378 5326 1564 5397 Cyrilli
1608 5325 1774 5380 verba
1823 5327 2016 5396 (Epist.
2060 5327 2098 5383 2

516 5397 588 5450 ad
612 5395 869 5462 Nestor)
911 5395 986 5449 lu.

589 5467 665 5536 (2)
701 5464 1084 5536 Refutabimus,’
1111 5466 1163 5520 id
1196 5475 1280 5522 est
1309 5467 1707 5522 recusabimus.
1747 5466 1836 5522 Sic
1871 5467 1923 5520 in
1962 5482 2098 5522 con-

513 5535 605 5589 cil.
637 5535 1095 5608 Chalcedonensi,
1131 5553 1230 5608 pro
1263 5552 1330 5608 eo
1358 5539 1503 5608 quod
1540 5550 1696 5594 vetus
1721 5539 1995 5608 interpres
2019 5539 2099 5590 lo-

513 5621 692 5678 quens
734 5605 998 5678 decausa
1042 5606 1281 5678 Elaviani
1323 5607 1564 5678 episcopi
1593 5605 2096 5678 Constantinopoli-

515 5675 626 5728 tani
674 5677 856 5745 posuit
884 5675 1102 5746 Appello
1148 5692 1180 5729 a
1223 5684 1292 5738 te,
1327 5675 1585 5746 Rusticus
1627 5680 1891 5734 diaconus
1931 5675 2096 5732 vertit

513 5746 796 5818 ltcj'uw‘te,
819 5748 899 5802 uti
923 5755 1245 5802 aunotatum
1267 5754 1350 5801 est
1373 5745 1427 5799 in
1453 5763 1591 5801 nova
1617 5750 1936 5805 collectione
1956 5749 2095 5806 Con-

2210 4421 2300 4467 tur
2323 4415 2626 4468 incurrisse.
2660 4411 2987 4486 Consuetudo
3017 4422 3092 4467 est
3127 4411 3354 4486 namque
3383 4411 3447 4466 ‘ut
3481 4411 3654 4470 unum
3680 4426 3791 4469 tra-

2205 4486 2405 4538 ctatum
2432 4501 2584 4555 suum
2617 4485 2885 4555 episcopus
2910 4485 3303 4540 Alexandrinus
3341 4486 3517 4538 mittat
3545 4488 3619 4539 ad
3655 4485 3793 4541 Con-

2203 4554 2624 4626 stantinopolim,
2658 4556 2746 4624 qui
2783 4554 3034 4626 recitatur
3066 4555 3121 4607 in
3162 4555 3386 4626 Pascha,
3421 4564 3470 4609 et
3501 4564 3799 4610 tracaatum

2201 4641 2358 4679 suum
2397 4625 2957 4695 Constantinopolites,
3003 4627 3094 4695 qui
3135 4625 3476 4681 Alexandria:
3519 4629 3790 4679 recitatur.

2200 4695 2266 4767 In
2309 4703 2541 4751 tractatu
2571 4712 2666 4750 suo
2692 4694 3224 4767 ConstantinOpolites
3252 4697 3523 4751 Nestorius
3553 4698 3788 4767 scripsit,

2201 4766 2433 4822 Mariam
2465 4784 2569 4821 non
2595 4783 2703 4820 esse
2738 4765 3019 4838 Θεοτόκον,
3041 4765 3138 4820 sed
3183 4765 3565 4838 Xptctowxov,
3589 4765 3786 4830 idest,

2204 4854 2310 4892 non
2347 4839 2515 4892 Deum
2533 4838 2810 4908 peperisse,
2835 4837 2927 4890 sed
2948 4838 3229 4892 hominem.
3252 4837 3309 4892 Si
3334 4840 3472 4892 enim
3495 4838 3788 4892 dixerimus

2203 4911 2326 4975 quia
2362 4909 2530 4962 Deum
2574 4908 2774 4977 genuit,
2811 4908 3034 4977 facimus
3084 4917 3310 4962 matrem
3355 4908 3603 4973 deorum,
3653 4908 3786 4962 sicut

2241 4979 2446 5033 entiles.

2241 4995 2446 5033 enmes.

2201 4995 2233 5049 g
2270 5048 2511 5103 Observa
2534 5048 2678 5103 hanc
2699 5063 2911 5111 vocem,
2939 5049 2993 5101 in
3025 5048 3246 5110 Pascha,
3272 5063 3381 5102 non
3409 5048 3483 5102 ita
3507 5046 3783 5117 accipien-

2200 5118 2325 5172 dam
2370 5129 2432 5172 ut
2465 5127 2733 5173 tractatus
2771 5119 3108 5188 intelligatur
3147 5119 3324 5172 lectus
3357 5119 3446 5173 die
3482 5117 3780 5182 Paschalis,

2198 5188 2294 5243 sed
2339 5189 2394 5242 in
2427 5189 2663 5252 Pascha,
2702 5189 2755 5243 id
2788 5198 2901 5255 est,
2947 5188 3015 5242 ad
3056 5188 3266 5244 Pascha
3310 5189 3664 5244 indicendum
3693 5191 3784 5246 die

2199 5259 2364 5312 natali
2394 5257 2619 5313 Christi.
2650 5261 2726 5314 lo.

2273 5329 2347 5401 (6)
2381 5329 2438 5382 ln
2486 5330 2595 5383 alio
2638 5330 2897 5384 nimirum
2941 5345 3192 5386 sermone
3226 5345 3388 5400 quam
3429 5331 3586 5401 cujus
3616 5331 3783 5385 modo

2199 5397 2363 5472 ﬁebat
2401 5401 2632 5472 mentio.
2666 5401 2715 5455 ls
2747 5413 2928 5454 autem
2971 5411 3055 5456 est
3093 5397 3322 5472 quartus
3352 5397 3614 5454 adversus
3645 5403 3783 5454 Pro-

2197 5470 2364 5536 clum,
2397 5470 2585 5540 in‘quo
2611 5481 2738 5524 sunt
2764 5472 2878 5525 hzec
2903 5473 3066 5526 verba
3095 5470 3124 5526 ε’
3141 5473 3283 5527 Unus
3311 5481 3386 5523 est
3415 5472 3573 5533 enim,
3608 5480 3662 5523 ut
3690 5486 3782 5540 ego

2195 5541 2480 5594 secundum
2520 5543 2658 5611 ipsos
2701 5543 2887 5604 ﬁcum,
2929 5542 3090 5595 Pater
3125 5543 3256 5596 Deus
3287 5542 3567 5602 Θεοτόκος,
3602 5542 3653 5593 id
3683 5546 3780 5601 est,

2197 5611 2401 5738 geiqitqr
2439 5611 2556 5673 Dei,
2595 5614 2686 5681 qui
2731 5615 2824 5666 hoc
2866 5627 3053 5667 nomen.
3083 5615 3383 5682 impositum
3424 5612 3576 5664 habet
3605 5615 3778 5681 (num.

2298 5722 2310 5733 .
2374 5699 2426 5734 υ.

2298 5722 2310 5733 .
2353 5699 2426 5734 ID.

2271 5739 2348 5822 (7)
2383 5752 2506 5808 llrec
2537 5754 2735 5809 iterum
2764 5771 2791 5808 a
2829 5753 3029 5810 Grzeeis
3061 5754 3218 5824 longe
3246 5752 3526 5817 diﬂ‘erunt,
3561 5749 3654 5805 sed
3688 5747 3789 5810 iis,
