4028 6208
242 343 309 401 7‘7
1672 338 1812 398 'EPlS

1920 340 2013 397 ἘΑ
2051 338 2118 395 Χ.
3446 341 3515 396 78

242 456 389 523 vult,
418 469 580 526 quam
614 453 762 507 illam
794 453 1075 525 Virginem
1116 463 1384 518 sanctam,
1429 468 1592 523 quem
1636 456 1842 511 rectius
1869 462 1914 518 Α
1940 472 2085 521 cere,
2116 454 2328 510 nullum
2351 453 2552 511 debere
2579 455 2791 526 gravari
2818 457 3273 515 consacerdotum
3299 434 3523 517 nostro-~

238 560 304 604 et
320 544 726 616 competentius
749 543 1157 615 Θεογεννήτορα
1177 544 1379 616 (Latini
1409 544 1505 600 Dei
1526 544 1834 616 genitorem

240 636 512 707 dicerent)
534 637 831 691 enuntiare
858 636 1152 693 debuerit?
1178 638 1335 693 Dicat
1368 652 1501 708 ergo
1528 637 1689 692 nobis
1738 637 1834 692 ubi

234 727 429 798 legerit
452 726 579 781 hac
603 725 800 791 verba,
829 725 919 782 vel
942 742 974 781 a
992 726 1196 797 quibus
1220 726 1480 782 audierit.
1510 726 1678 783 Multa
1705 736 1835 783 sunt

230 819 463 876 crimina
486 818 909 888 expositionum
933 820 1075 890 eius,
1099 819 1198 875 sed
1224 818 1610 886 servabuntur,
1630 829 1687 876 et
1707 836 1834 891 pro-

227 912 482 967 ferentur
512 911 574 964 in
602 920 855 981 tempore
874 923 1213 982 opportuno,
1242 910 1351 968 nisi
1375 910 1518 967 forte
1545 912 1831 983 pmnitudo

225 1004 410 1073 aliqua
443 1003 849 1073 subsequatur.

192 1119 201 1127 υ
296 1095 383 1148 l9.
419 1094 502 1165 (l)
532 1094 771 1164 Oportet
799 1104 984 1151 autem
1027 1111 1115 1151 me
1155 1111 1343 1152 meum
1385 1095 1545 1150 vobis
1576 1095 1830 1165 proposi-

222 1194 340 1241 tum
366 1186 564 1241 facere
592 1186 967 1253 manifestum,
990 1194 1047 1242 et
1069 1187 1198 1243 ideo
1226 1188 1428 1243 iterum
1453 1186 1657 1251 scribo,
1680 1186 1828 1256 quod

218 1278 324 1334 etsi
343 1293 451 1351 ego
470 1278 586 1332 sim
610 1286 811 1333 natura
834 1278 1116 1349 paciﬁcus,
1136 1288 1195 1335 et
1221 1279 1403 1334 litium
1428 1279 1562 1335 satis
1582 1279 1824 1350 ignarus,

215 1382 351 1439 opto
386 1378 581 1424 tamen
608 1369 886 1425 Ecciesias
909 1370 1155 1440 quietem
1180 1370 1404 1436 habere,
1430 1378 1487 1425 et
1514 1370 1828 1426 sacerdotes

215 1461 316 1515 Dei
348 1460 407 1515 in
446 1475 589 1530 pace
620 1459 887 1530 degentes
923 1460 1098 1515 nostri
1137 1474 1411 1515 memores
1435 1464 1575 1525 ess’e,
1609 1460 1826 1515 dicente

211 1553 471 1607 omnium
512 1550 806 1606 Salvatore
836 1550 1071 1607 Domino
1096 1551 1227 1607 Iesu
1266 1550 1487 1607 Christo
1525 1569 1537 1604 :
1578 1570 1595 1601 ι
1629 1550 1823 1606 Pacem

208 1657 405 1697 meam
434 1641 510 1695 do
538 1641 722 1703 vobis,
754 1655 948 1710 pacem
981 1654 1157 1695 meam
1200 1640 1458 1710 relinquo
1494 1640 1654 1694 vobis
1694 1642 1760 1691 ".
1798 1660 1815 1690 ι

286 1734 379 1788 20.
424 1733 504 1803 (Ξ)
532 1733 597 1787 ιιι
627 1731 921 1803 colloquiis
952 1747 1085 1803 ergo
1111 1731 1219 1786 hoc
1260 1730 1449 1798 dicite,
1478 1731 1609 1802 quia
1651 1732 1821 1786 multa

1938 562 2083 612 rum,
2111 547 2242 617 quia
2270 548 2389 618 ejus
2418 563 2582 604 voces
2618 547 2883 606 discimus
2911 549 3115 606 habere
3151 551 3518 609 intentionem

1935 648 2142 694 rectam
2170 648 2228 694 et
2256 640 2598 710 propositum
2629 640 2999 696 manifestam.
3037 641 3094 697 Si
3132 657 3266 698 vero
3305 643 3361 698 in
3388 658 3516 715 pra-

1935 729 2103 784 vitate
2125 729 2307 784 inanis
2327 730 2513 799 gloriae
2538 740 2843 800 permanet,
2868 730 3114 802 petitque
3136 746 3348 803 pacem,
3376 734 3518 789 nihil

1934 830 2125 888 restat,
2154 822 2261 876 nisi
2292 831 2352 875 ut
2375 821 2657 878 obstemus
2693 824 2823 879 totis
2844 823 3077 889 viribus,
3108 840 3180 880 ne
3205 826 3516 882 consentire

1933 911 2013 968 illi
2040 920 2299 981 putemur
2330 909 2537 982 [Baluz.
2572 912 2699 967 add.
2737 922 2794 969 et
2818 929 2941 983 qua:
2965 924 3095 968 sunt
3118 914 3355 970 nefanda
3383 930 3515 972 seu—-

1933 1004 2080 1076 tire].
2122 1004 2259 1059 Nam
2294 1004 2428 1059 mihi
2458 1019 2561 1074 pro
2590 1003 2697 1059 fide
2724 1020 2847 1074 qum
2876 1004 2939 1059 in
2965 1004 3186 1062 Christo
3216 1015 3321 1073 est,
3345 1017 3405 1065 et
3433 1008 3516 1065 la-

1930 1097 2151 1161 borare,
2178 1106 2236 1151 et
2265 1096 2473 1161 vivere,
2505 1105 2562 1149 et
2589 1096 2749 1164 mori,
2776 1096 3079 1152 maximum
3102 1106 3291 1153 votum
3315 1106 3420 1153 est.

2142 1230 2612 1288 Commonitorium
2661 1232 2896 1303 epistola:
2942 1233 3296 1304 subjunctum.

1998 1366 2270 1421 Libellum
2314 1366 2619 1436 supplicem
2659 1382 2691 1420 a
2717 1366 2875 1421 vobis
2902 1365 2976 1420 ad
3007 1381 3094 1421 me
3118 1366 3350 1422 missum
3369 1407 3383 1431 ,
3416 1367 3512 1436 qui

1928 1458 2250 1529 imperatori
2277 1457 2642 1529 porrigendus
2673 1466 2778 1524 est,
2807 1474 2916 1514 non
2952 1466 3134 1513 tamen
3171 1457 3290 1513 sine
3322 1466 3512 1514 nostra

1927 1550 2220 1611 sententia.
2240 1550 2427 1620 accepi
2446 1559 2503 1605 et
2526 1550 2632 1621 legi
2654 1569 2667 1604 :
2692 1566 2883 1605 verum
2906 1548 3053 1620 quod
3076 1548 3285 1619 prolixe
3302 1549 3362 1603 in
3382 1565 3510 1605 eum
3588 1546 3599 1558 ’

1926 1642 2241 1707 invehatur,
2266 1641 2362 1712 qui
2391 1641 2515 1696 istic
2539 1642 2670 1712 agit,
2708 1642 2823 1697 sive
2845 1640 3053 1706 fratris,
3082 1638 3196 1695 sive
3222 1640 3337 1695 alio
3366 1656 3509 1711 quo-

1929 1747 2147 1803 cunque
2189 1732 2414 1787 nomine
2443 1740 2753 1798 censeatur,
2797 1732 3066 1788 bactenus
3096 1732 3377 1804 suppressi
3398 1774 3412 1797 ,
3438 1750 3509 1789 ne

200 1825 444 1895 quidem
472 1824 549 1879 ab
579 1823 663 1879 eis
696 1839 821 1893 quae
844 1838 949 1877 nos
980 1822 1245 1878 laederent
1272 1830 1699 1892 processerunt;
1726 1836 1821 1877 ve—
1852 1824 1895 1881 Β
1920 1822 2215 1879 adversum
2248 1836 2350 1878 nos
2382 1823 2692 1893 insurgens,
2724 1837 2784 1877 se
2811 1837 2910 1892 per
2936 1837 3038 1877 nos
3062 1822 3339 1878 hereseos
3363 1822 3510 1893 apud

214 1930 539 1972 rnmtamen
569 1915 679 1971 erit
710 1930 833 1985 pax,
860 1926 989 1970 cum
1019 1915 1110 1969 ille
1137 1915 1341 1970 docens
1363 1914 1641 1970 destiterit
1672 1913 1820 1977 talia,

208 2011 298 2063 vel
314 2009 535 2064 sentire
557 2026 575 2061 τ
602 2007 742 2063 ﬁdes
754 2008 908 2063 enim
935 2022 1058 2063 cum
1083 2007 1324 2073 laeditur,
1345 2006 1663 2062 inimicitias
1677 2007 1823 2062 excio

210 2110 313 2161 tat,
343 2102 463 2155 imo
506 2106 571 2155 et
597 2110 908 2171 exaggerat.

278 2176 385 2247 2i.
410 2193 471 2247 Si
507 2201 722 2247 rectam
756 2192 1084 2262 proﬁteatur
1116 2192 1302 2257 fidem,
1332 2192 1427 2247 ﬁet
1457 2192 1618 2263 plena
1645 2200 1703 2247 et
1724 2191 1822 2246 lir-

211 2280 469 2335 nissima
496 2295 626 2350 pax,
650 2295 820 2352 quam
849 2280 896 2336 si
924 2282 981 2337 in
1001 2289 1130 2337 voto
1156 2282 1319 2353 gerit,
1344 2282 1549 2337 scribat
1575 2282 1811 2337 catholi-

211 2385 336 2425 cam
356 2370 548 2435 ﬁdem,
574 2379 633 2427 et
653 2371 837 2427 mittat
860 2372 1246 2428 Alexandriam
1273 2389 1287 2426 :
1312 2374 1361 2428 si
1380 2374 1497 2430 haec
1518 2389 1584 2429 ex
1610 2374 1812 2429 aﬁ‘ectu

208 2462 397 2517 cordis
419 2462 612 2517 intimi
635 2463 974 2529 scribantur,
996 2473 1223 2535 paratus
1249 2480 1371 2521 sum
1392 2473 1450 2520 et
1478 2481 1582 2537 ego
1605 2480 1706 2536 pro
1724 2464 1811 2520 vi-

214 2555 370 2612 ribus
394 2556 566 2623 meis,
589 2556 796 2612 similia
826 2558 1096 2625 scribere,
1125 2567 1182 2615 et
1202 2559 1370 2616 edere
1390 2559 1617 2626 librum,
1642 2573 1707 2613 ac
1727 2559 1813 2614 di-

275 2714 324 2745 ”
348 2711 519 2768 Joan.
558 2728 671 2778 ιη’,
710 2712 808 2769 27.

216 2874 433 2944 opinor,
460 2882 624 2929 tanto
660 2868 1153 2944 me_liora,_quanto
1183 2869 1397 2944 aptiora
1424 2864 1816 2944 orationis_se-

214 2934 333 3009 riei,
359 2934 429 2998 et
446 2934 1173 3014 explicantioradic'torum.
1211 2934 1324 3014 Cur
1350 2934 1808 3014 autent‘Cvrillus

214 3015 387 3069 Deum
408 3009 638 3069 Patrem
663 3011 818 3066 malit
841 3011 951 3066 dici
979 3010 1386 3082 Θεογεννήτορα
1408 3022 1587 3082 quam
1613 3009 1807 3082 Beard-

214 3102 327 3149 κον,
356 3085 417 3139 ἰιι
455 3093 715 3153 promptu
753 3096 917 3153 causa
950 3087 1070 3153 est;
1097 3078 1305 3153 starem
1319 3078 1502 3143 enim,
1534 3078 1681 3153 quod
1706 3096 1807 3148 pa-

212 3171 330 3207 rere
345 3150 555 3217 esu—de
576 3150 748 3207 matre
766 3150 1113 3222 frequentius
1132 3150 1337 3205 dicitur
1354 3150 1610 3222 quam_de
1630 3157 1804 3217 patre,

210 3225 379 3293 cujus
402 3223 695 3293 proprium
721 3231 803 3293 est
828 3217 1045 3293 γέννᾷν,
1074 3237 1171 3293 seu
1199 3217 1480 3293 generare.
1511 3217 1677 3272 lubet
1706 3234 1806 3272 au-

211 3290 332 3347 tem
371 3290 659 3346 eitceilens
694 3292 827 3347 ratio
865 3290 1147 3361 principii,
1189 3290 1313 3361 quae
1340 3290 1531 3361 primm
1562 3303 1809 3357 persona:

209 3362 531 3432 convenit,
563 3370 622 3416 ut
659 3359 1076 3432 appellationem
1120 3378 1153 3417 a
1182 3359 1346 3432 Patre
1371 3359 1558 3429 potius
1585 3374 1747 3427 quam
1774 3375 1807 3414 a

210 3441 407 3486 matre
449 3430 519 3485 ad
561 3430 793 3487 divinam
826 3446 1119 3500 personam
1156 3431 1549 3487 transferamus
1569 3444 1589 3500 ;_
1630 3443 1806 3500 quan-

210 3518 385 3571 quam
414 3517 519 3556 nec
549 3502 664 3571 ipsa
696 3492 981 3571 Scriptura
1015 3516 1234 3572 semper
1262 3502 1338 3554 ita
1370 3492 1690 3572 scrupulose
1722 3498 1806 3550 lo-
1846 3492 1851 3497 ’

211 3568 411 3640 quitur
440 3587 507 3627 ea
534 3568 604 3626 de
627 3568 959 3635 re;Pairem
987 3568 1426 3625 enim'aeternum
1457 3568 1597 3622 Filio
1620 3568 1809 3622 dicen-

212 3651 324 3695 tem
358 3642 577 3698 inducit
597 3661 611 3695 :
628 3641 695 3696 In
713 3640 1077 3710 splendoribus
1099 3649 1408 3699 sanctorum
1428 3654 1493 3693 ex
1514 3646 1662 3692 utero
1683 3646 1808 3693 aute

216 3711 497 3783 luciferum
518 3713 679 3783 genui
689 3720 750 3783 te
776 3710 937 3783 (Psal.
964 3727 1070 3775 CIX,
1095 3710 1171 3783 5).
1201 3709 1372 3783 Cum,

288 3776 367 3851 (l)
400 3776 540 3836 Haec
566 3789 623 3835 et
655 3780 762 3835 alia
785 3776 873 3851 'ad
915 3795 1088 3851 usque
1122 3776 1711 3851 ﬁnemidesiderantur
1748 3776 1806 3831 in

214 3847 427 3913 om,
451 3866 557 3921 pro
576 3851 783 3921 quibus
804 3847 1065 3921 leguntur
1084 3850 1353 3921 nonnulla
1376 3847 1446 3903 de
1469 3847 1657 3921 libello
1677 3860 1806 3921 pre-

215 3935 362 3983 cum,
380 3917 479 3996 qui
494 3917 817 3996 olle—rendus
829 3917 979 3975 esset
996 3920 1308 3996 Theodosio
1324 3917 1663 3996 impacatori,
1685 3917 1808 3996 qui-

217 4005 324 4058 que
354 3986 834 4061 a’Cyrilloglectus
860 3989 1316 4061 emendatusque,
1342 3986 1553 4061 et'eum
1577 3986 1806 4042 manda-

214 4062 284 4114 tis
304 4058 577 4115 remissus
592 4059 817 4124 dicitur,
835 4067 918 4124 ut,
936 4060 1022 4113 sin
1047 4058 1229 4114 minus
1250 4058 1548 4115 necessitas
1565 4064 1803 4128 urgeret,

214 4139 595 4199 premeretur;
636 4130 681 4184 si
730 4129 1020 4199 Nestorius
1051 4130 1288 4183 insanire
1319 4135 1595 4199 pergeret,
1638 4128 1804 4199 oll‘er-

214 4197 395 4255 retur.
413 4200 587 4254 Porro
601 4207 785 4255 autem
806 4198 994 4269 Cyrilli
1011 4200 1232 4255 nomine
1253 4197 1609 4269 offerendum
1636 4197 1805 4252 fuisse

212 4285 277 4342 ex
419 4269 585 4324 credo
614 4268 836 4342 aliquos
856 4267 1084 4332 dixisse,
1110 4270 1256 4342 quod
1289 4270 1344 4342 in
1372 4267 1483 4342 illo
1522 4267 1807 4342 videretur

213 4337 459 4410 Cyrinus
482 4348 667 4410 petere
707 4337 791 4410 ab
823 4337 1150 4410 imperatore
1196 4355 1265 4395 ne
1293 4338 1532 4410 iudicem
1577 4338 1806 4410 haberet

214 4408 540 4533 Nesltoriignn
605 4409 676 4464 de
738 4408 937 4464 libellis
996 4424 1138 4480 quos
1205 4408 1557 4465 accusatores
1614 4408 1801 4464 dedis-

214 4494 308 4533 κη
343 4520 357 4531 .
464 4520 480 4531 .

213 4488 357 4533 sent.
402 4488 480 4533 In.

1922 1915 2310 1985 imperatorem
2340 1913 2582 1969 delatum
2620 1915 2926 1969 cavilletur.
2952 1914 3144 1985 Itaque
3177 1914 3300 1970 aliis
3321 1914 3510 1969 verbis

1920 2009 2077 2065 illum
2112 2007 2462 2071 dictavimus,
2500 2023 2627 2062 eum
2662 2022 2884 2078 quoque
2922 2006 3086 2067 nobis
3119 2007 3363 2078 iudicem
3406 2008 3509 2064 de-

1918 2108 2238 2163 trectantes,
2258 2113 2519 2169 expresso
2542 2098 2955 2153 inimicitiarum
2980 2098 3166 2163 modo,
3188 2107 3245 2153 et
3268 2114 3511 2170 prasen-

1920 2202 2033 2249 tem
2057 2192 2510 2257 controversiam,
2543 2192 2590 2246 si
2628 2191 2858 2246 omnino
2888 2190 3194 2262 importuni
3221 2205 3345 2246 esse
3378 2206 3507 2261 per-

1918 2286 2181 2351 rexerint,
2212 2285 2280 2341 ad
2315 2284 2468 2341 aliud
2508 2284 2689 2338 forum
2716 2283 3006 2340 transferri
3048 2292 3324 2354 rogantes.
3360 2281 3507 2338 Cum

1919 2379 2106 2448 itaque
2134 2377 2384 2433 libellum
2426 2375 2793 2447 perlegeritis,
2833 2375 2881 2431 si
2916 2390 3027 2446 qua
3056 2375 3358 2431 necessitas
3403 2388 3506 2444 po-

1918 2467 2179 2539 poscerit,
2210 2465 2435 2531 tradite;
2469 2473 2528 2520 et
2567 2464 2612 2520 si
2652 2479 2782 2520 eum
2812 2464 2868 2518 in
2893 2464 3044 2520 hisce
3070 2463 3287 2520 insidiis
3310 2477 3505 2533 perse-

1919 2568 2224 2624 verantem,
2266 2565 2324 2613 et
2368 2557 2510 2611 nihil
2551 2571 2663 2611 non
2699 2556 2989 2612 adversum
3037 2570 3141 2613 nos
3184 2554 3505 2613 molientem

1916 2868 2034 2946 niat
2054 2867 2271 2946 fortein
2294 2880 2535 2946 mentem
2556 2870 2822 2946 alicui,i_d
2843 2877 3017 2926 totum
3040 2871 3269 2946 intelligi
3295 2872 3503 2931 debere

1915 2939 1985 3012 de
2032 2941 2433 3012 supplicatione
2485 2943 2668 2998 Basilii
2712 2944 3056 3012 aliorumque
3103 2939 3502 3001 monachorum

1916 3009 2230 3086 Theodosio
2259 3012 2648 3086 data,__nullam
2679 3014 2847 3069 habet
2885 3009 3305 3086 similitudinem
3346 3017 3499 3086 veri;

1915 3080 2189 3158 siquidem
2217 3081 2273 3137 in
2296 3083 2484 3158 libello
2508 3092 2736 3158 cavetur
2754 3099 2841 3158 ne
2867 3085 3115 3139 accusari
3148 3086 3294 3157 apud
3323 3080 3501 3158 impeL

1917 3158 2157 3240 ἔαρι-ειη
2167 3151 2397 3240 haeresis
2411 3153 2872 3240 Nestorius_vidm
2880 3165 2989 3240 tur,
3009 3151 3501 3240 accusaturapérte

1914 3221 1971 3301 in
2001 3220 2420 3301 supplicatione.
2465 3223 2525 3278 in
2566 3224 2755 3301 libello
2780 3223 3017 3301 Cyrinus
3043 3225 3316 3301 detrectat
3346 3220 3498 3301 indi:

1908 3292 2059 3363 cium
2090 3292 2327 3348 Nestorii
2369 3308 2629 3363 expresso
2660 3292 3073 3349 inimicitiarum
3116 3298 3315 3361 modo;
3346 3292 3499 3353 'nihil

1911 3360 2110 3416 borum
2146 3366 2202 3438 in
2245 3360 2643 3438 supplicatione
2677 3365 2897 3438 legitur.
2944 3365 3004 3419 ln
3027 3366 3233 3438 libello
3262 3360 3500 3438 C’yrillus

1910 3445 2013 3486 suo
2042 3432 2264 3488 nomine
2292 3432 2582 3509 locuturus
2618 3432 2757 3502 erat,
2789 3436 2845 3490 in
2884 3436 3284 3506 supplicatione
3308 3432 3410 3509 pro
3439 3453 3499 3492 se

1911 3511 2080 3571 agunt
2109 3504 2385 3559 monachi.

1984 3591 2039 3646 Si
2067 3592 2192 3665 quis
2215 3602 2398 3648 tamen
2422 3603 2581 3665 putet
2605 3604 2778 3649 totum
2805 3594 2858 3649 id
2885 3596 3030 3665 quod
3056 3596 3122 3651 de
3144 3597 3333 3652 libello
3356 3613 3495 3652 δοτι-

1908 3661 2179 3735 bitur'ad
2225 3661 2683 3735 supplicationem
2731 3661 3129 3721 monachorum
3180 3668 3494 3735 pertinere,

1907 3732 2059 3787 dicat
2089 3734 2259 3803 visam
2293 3735 2459 3803 fuisse
2490 3733 3109 3803 Constantinopolitanis
3135 3732 3497 3793 omittendam

1907 3802 2352 3876 emendationem
2383 3801 2615 3876 _Cyrilli,
2658 3801 2884 3876 propter
2928 3805 3176 3876 insanam
3223 3806 3494 3876 Nestorii,

1909 3880 2025 3953 tum
2051 3871 2105 3925 in
2130 3870 2675 3953 spargendo‘crrorc,
2703 3870 2816 3926 tum
2843 3872 2899 3926 in
2934 3875 3197 3953 vexandis
3234 3870 3497 3953 adversa;

1909 3943 2008 3997 riis
2030 3942 2415 4012 pertinaciam,
2440 3942 2514 3997 ob
2537 3957 2699 4012 quam
2728 3953 2916 4013 aperte
2946 3944 3003 3999 in
3032 3946 3242 4002 crimen
3270 3948 3498 4007 haeresis

1898 4013 2189 4068 vocandus
2209 4020 2375 4068 esset.

1980 4106 2135 4161 Dicat
2173 4115 2231 4161 et
2261 4105 2686 4176 postulationem
2730 4108 3059 4164 (ecumenici
3104 4109 3328 4164 concilii
3368 4110 3493 4165 ido-

1907 4192 2067 4248 neam
2091 4191 2222 4248 esse
2243 4176 2664 4231 declinationem
2690 4193 2871 4234 causa:
2899 4179 3043 4248 apud
3067 4178 3384 4235 Nestorium
3406 4181 3494 4236 di~

1908 4247 2117 4319 cendze,
2148 4246 2427 4319 fuisseque
2452 4248 2761 4316 prudentiae
2792 4246 3107 4319 singularis,
3131 4266 3243 4305 non
3279 4258 3493 4306 tantum

1904 4318 2183 4387 postulare
2209 4317 2476 4387 judicium
2512 4317 2907 4374 monachorum
2938 4320 3184 4385 nomine,
3221 4336 3329 4375 non
3361 4322 3493 4376 item

1905 4386 2122 4459 Cyrilli;
2154 4386 2250 4443 sed
2286 4388 2451 4444 etiam
2485 4387 2749 4459 Cyrillum
2780 4391 2927 4445 inter
2950 4390 3142 4445 Patres
3167 4390 3293 4446 fidei
3324 4400 3494 4447 testes

1906 4458 2217 4523 numerare,
2245 4474 2355 4527 quo
2370 4458 2608 4514 Nesto’rii
2630 4460 2980 4515 adversarius
2991 4462 3386 4522 deelararetur,
3403 4470 3491 4516 at-

286 4523 593 4621 ὶτὲτῐιῐηιι
620 4549 729 4621 hae.
752 4548 819 4621 de
854 4565 913 4605 re
949 4559 1063 4606 una
1089 4550 1331 4621 aperiam
1370 4548 1798 4621 quidssentiamt.
1832 4523 1877 4579 τ’
1903 4523 3490 4621 193395291[Eiitntﬁicis’ﬂbzle’siur.Raetiamme

214 4633 403 4691 assero
436 4618 680 4688 primum
710 4619 817 4691 falli
844 4620 1103 4691 Opinione
1122 4618 1261 4683 sua,
1291 4618 1406 4675 sive
1435 4619 1529 4689 qui
1562 4620 1709 4673 hunc
1732 4620 1801 4673 li-

212 4686 399 4759 brumi
415 4686 621 4757 putant
639 4686 896 4759 eumdem"
907 4706 1029 4746 esse
1054 4706 1181 4745 cum
1204 4686 1570 4746 obtestatione
1572 4704 1835 4759 )ropov

211 4760 321 4829 sita
363 4758 859 4829 Constantinopoli,
904 4761 975 4815 de
1006 4761 1369 4816 consensione
1405 4758 1646 4815 Nestoli
1677 4758 1803 4813 cum

210 4828 608 4893 Samosatam;
631 4829 745 4883 sive
765 4832 859 4893 qui
879 4831 1268 4887 obtestationis
1292 4837 1575 4886 auctorem
1597 4829 1805 4885 faciunt

206 4894 529 4967 Cyrillum;
551 4913 672 4951 nam
698 4894 977 4969 publicata
1003 4909 1086 4955 est
1119 4901 1211 4955 illa
1260 4910 1317 4955 et
1354 4916 1465 4955 uno
1505 4899 1619 4955 fere
1659 4915 1803 4954 anno

207 4974 535 5041 antequam
554 4969 886 5041 scriberetur
910 4970 1141 5041 epistola
1163 4969 1231 5025 de
1254 4986 1359 5040 qua
1388 4971 1621 5041 agimus,
1645 4978 1702 5024 et
1732 4970 1805 5024 ab

207 4980 529 5089 anteq’uam
554 4980 886 5024 scnberetur
910 4980 1141 5040 epistola
1163 4980 1231 5025 de
1254 4986 1359 5040 qua
1388 4980 1621 5041 agimus.
1645 4980 1702 5024 et
1732 4980 1802 5024 ab

206 5037 371 5117 Ense
414 5036 720 5117 ioDorylmi
742 5040 1092 5117 postmodum
1119 5041 1399 5117 episcopo,
1429 5050 1487 5095 et
1513 5040 1582 5094 ad
1603 5040 1802 5117 Nesto-

212 5107 363 5181 ri!!!“
389 5106 619 5181 Publice
642 5106 863 5165 haeresis
894 5106 1463 5181 postulandum—Cum
1492 5119 1681 5181 tamch
1700 5109 1803 5181 Cy-

211 5178 375 5231 rillus
391 5175 457 5256 in
483 5175 847 5256 Grazcotexm
875 5175 1023 5256 dicat
1050 5196 1107 5236 se
1129 5181 1379 5256 libellum
1396 5175 1799 5256 suppressisse,

211 5247 499 5321 quomodo
528 5247 751 5321 ab__atiis
776 5251 1114 5321 compositus
1141 5252 1338 5316 fuerat,
1363 5247 1594 5321 aliisque
1617 5251 1803 5307 verbis

208 5317 569 5391 emendatum
583 5317 840 5391 dictasse,
853 5317 924 5377 ne
941 5330 1267 5391 quereretur
1279 5317 1566 5391 Nestorius
1580 5336 1638 5376 se
1653 5321 1798 5391 apud

210 5386 612 5463 imperatorem
640 5388 864 5463 heresis
883 5386 1183 5461 postulari;
1211 5392 1344 5463 quid
1376 5390 1524 5463 quod
1555 5386 1800 5463 obtesta-

210 5410 612 5461 Imperatorem
640 5410 864 5445 nmresls
883 5410 1183 5461 poswtari;
1252 5410 1344 5447 uia
1376 5410 1524 5463 quoa
1555 5410 1800 5447 ODtCSta-

210 5459 285 5544 tio
318 5474 425 5514 nec
451 5458 627 5540 ullam
654 5459 824 5544 habet
844 5463 1084 5544 speciem
1111 5410 1280 5518 Ιίὴεῖιί
1309 5477 1537 5544 precum
1558 5461 1634 5544 ad
1650 5462 1802 5532 prin-

209 5528 410 5604 cipem,
442 5545 553 5604 nec
580 5528 901 5604 imperatori
926 5532 1108 5604 oblata
1133 5543 1236 5598 est,
1262 5528 1357 5604 sed
1392 5528 1675 5604 proposita
1700 5547 1798 5603 pa-

209 5596 313 5651 lam
338 5599 609 5654 omnibus
634 5596 690 5653 in
716 5602 854 5656 urbe
891 5602 1039 5658 regia
1063 5596 1450 5658 versantibus?

276 5669 484 5725 Assem
506 5669 710 5724 deinde
756 5679 923 5727 totam
954 5669 1098 5728 hanc
1116 5672 1290 5728 libelli
1312 5673 1601 5730 historiam
1623 5671 1800 5727 videri

209 5750 369 5813 posse
390 5755 509 5813 non
544 5740 754 5813 nemini
783 5750 1114 5813 suspectam,
1145 5759 1248 5798 nec
1269 5743 1388 5799 sine
1416 5744 1646 5807 ratione,
1671 5758 1797 5798 cum

212 5807 360 5863 nullo
386 5810 502 5866 alio
548 5810 608 5865 in
638 5810 761 5867 loco
803 5807 897 5868 fiat
928 5813 1050 5885 ejus
1077 5814 1286 5869 mentio
1313 5831 1325 5867 :
1354 5829 1479 5869 nam
1514 5813 1662 5886 quod
1699 5828 1796 5868 ve-

1903 4598 2241 4680 ruagniﬁcis,
2276 4608 2337 4653 ut
2364 4598 2555 4680 tamen
2588 4614 2717 4680 tuos
2739 4610 2892 4680 erat,
2924 4601 3111 4680 titulis
3148 4598 3487 4680 appelletur,

1904 4668 2174 4741 indicium
2202 4684 2313 4741 non
2342 4669 2578 4741 dubium
2612 4670 2759 4741 forte
2795 4671 3095 4732 videbitur,
3126 4668 3296 4741 visam
3327 4687 3358 4725 a
3379 4670 3487 4741 Cy—

1903 4739 2519 4812 rillousupplicationcm
2547 4739 2739 4805 fuisse,
2774 4743 2870 4797 sed
2901 4757 3016 4812 pra:
3053 4740 3325 4796 modestia
3373 4739 3489 4796 suis

1902 4808 2348 4882 laudibusiquasi
2381 4818 2752 4881 repurgatam.

1975 4900 2244 4973 Existimo
2271 4901 2528 4973 denique,
2566 4919 2669 4959 nec
2708 4904 2826 4959 sine
2866 4903 3098 4967 ratione,
3137 4902 3422 4972 epistolam
3453 4919 3487 4958 a

1901 4970 2104 5044 Cyrillo
2134 4972 2364 5041 perinde
2397 4970 2653 5044 scriptam
2690 4975 2889 5043 reipsa,
2921 4981 3084 5043 atque
3121 4989 3152 5026 a
3172 4970 3485 5044 Mercatore

1902 5040 1961 5096 in
1988 5040 2245 5097 Latinum
2273 5058 2432 5099 versa
2473 5040 2589 5109 est;
2639 5040 3015 5098 assuiuentum
3058 5057 3190 5098 vero
3232 5040 3485 5098 Grazeum

1902 5113 2044 5183 nihil
2070 5112 2217 5167 aliud
2243 5128 2363 5168 esse
2390 5130 2551 5183 quam
2595 5112 3074 5183 commonitorium
3111 5128 3207 5167 seu
3243 5112 3484 5165 schedu-

1902 5182 2012 5236 lam
2070 5199 2235 5253 quam
2267 5180 2446 5238 eidem
2489 5184 2696 5247 libello,
2727 5192 2787 5238 ut
2818 5180 3190 5253 lit,ﬂCyrillus,
3222 5197 3345 5253 cum
3392 5196 3481 5253 re-

1902 5252 2169 5325 mitteret,
2211 5254 2544 5325 adjuuxerit,
2580 5268 2853 5325 quamque
2879 5252 3231 5325 aliquisrnon
3273 5252 3482 5325 intelli-

1936 5323 2254 5379 entissimus
2274 5322 2486 5394 partem
2508 5322 2629 5379 esse
2653 5323 2898 5392 epistolae
2926 5322 3244 5387 crediderit,
3275 5322 3386 5385 cui,
3411 5339 3482 5378 ne

1901 5340 2040 5449 ἕαδε
2064 5394 2290 5449 haberet
2316 5394 2610 5449 clausulas.
2647 5393 2924 5449 nronriam
2962 5393 3268 5449 sustulerit.
3297 5402 3358 5447 ut
3392 5392 3479 5447 in-

1943 5411 2040 5450 uas
2064 5392 2293 5450 haberet
2316 5394 2610 5463 clausulas,
2645 5393 2924 5463 propriam
2962 5393 3268 5460 sustulerit,
3297 5402 3358 5447 ut
3392 5392 3479 5447 in-

1901 5475 2111 5521 sereret
2136 5465 2390 5521 alienam.
2421 5462 2491 5520 in.

1977 5598 2051 5669 (2)
2078 5598 2263 5669 Baluz.
2294 5614 2306 5651 τ
2336 5593 2399 5669 Si
2430 5596 2561 5669 auidi
2594 5612 2715 5668 ergo
2742 5607 2818 5651 est
2842 5614 2944 5669 quo
2971 5597 3234 5669 stabilitas
3266 5597 3478 5651 robore-

1903 5665 1992 5723 tur
2019 5665 2158 5740 (vere
2183 5667 2318 5740 enim
2348 5665 2460 5740 dico
2476 5668 2601 5738 quia
2630 5665 2705 5723 sic
2728 5665 2921 5740 adopto
2948 5669 3074 5723 mihi
3099 5668 3405 5727 sanitatem,
3430 5676 3480 5719 et

1903 5756 1987 5793 me
2025 5738 2247 5810 probum,
2282 5738 2505 5810 inveniri
2544 5739 2685 5808 apud
2715 5738 2903 5807 Deum,
2925 5740 3057 5793 sicut
3098 5741 3259 5793 etiam
3301 5753 3477 5792 omnes

1901 5807 2208 5881 episcopos),
2231 5809 2286 5864 in
2309 5807 2599 5881 colloquiis,
2628 5817 2736 5864 etc.
