4028 6208
554 323 628 378 '79
1617 320 1671 374 S.
1713 317 1988 374 CYRIHJ
2027 315 2494 372 ALEXANDRINI
2529 317 2828 373 ARCIIIEP
3763 329 3829 382 δέ)

547 432 1982 505 'anin'imlvertcritis,diligenterperseribite.Eligam
2005 433 2153 486 enim
2188 441 2226 496 Λ
2260 432 2387 486 liter
2411 433 2572 504 agite.
2601 432 3022 502 Quamprimum
3065 432 3212 486 enim
3235 433 3574 502 parabuntur
3599 451 3626 491 a
3651 453 3732 495 me
3750 443 3837 497 lit.

543 533 709 585 'viros
733 531 852 601 pios
878 545 940 584 ac
970 529 1290 600 prudentes,
1317 542 1443 581 cum
1473 526 1783 596 episcopos,
1812 536 1926 579 tum
1960 540 2150 579 mona-

562 623 696 676 chos
718 637 959 690 quoque,
986 635 1125 690 quos
1151 619 1316 674 etiam
1345 618 1527 688 primo
1563 632 1782 687 quoque
1812 626 2057 686 tempore
2086 614 2154 668 ad

546 732 661 769 vos
687 715 921 768 mittam.
961 731 978 764 ι
1011 713 1195 781 Neque
1217 711 1370 766 enim
1397 709 1574 764 oculis
1611 709 1770 774 meis,
1798 716 1857 762 ut
1888 707 2154 777 scriptum

561 816 667 871 est,
703 819 956 861 somnum
987 803 1154 868 dabo,
1188 816 1365 872 neque
1404 792 1683 872 palpebris
1719 799 1856 855 meis
1885 799 2153 853 dormita-

545 900 791 962 tionem,
822 910 1001 966 neque
1028 894 1276 965 requiem
1297 892 1645 964 temporibus
1671 891 1807 947 meis
1833 892 1900 957 “,
1930 911 1948 943 ι
1980 889 2157 946 donec

563 991 865 1048 certamine
916 1005 1017 1061 pro
1067 989 1315 1046 omnium
1371 988 1548 1044 salute
1599 986 1924 1058 perfunctus
1975 985 2152 1040 fuero.

561 1087 742 1152 Quare
773 1098 898 1140 cum
928 1097 1108 1138 meam
1133 1097 1282 1137 nunc
1307 1080 1639 1138 sententiam
1669 1079 2000 1144 didiceritis,
2027 1076 2161 1133 viri-

2261 533 2420 588 tcrte,
2453 533 2508 579 ct
2546 527 2735 595 quales
2770 533 3006 594 oportet,
3036 532 3090 579 ct
3125 528 3193 580 ad
3226 542 3365 596 quos
3400 539 3631 597 oportet.
3667 531 3829 590 Statui

2260 618 2408 672 enim
2431 626 2657 688 propter
2673 617 2880 672 Christi
2911 617 3073 672 ﬁdem
3091 619 3343 688 quemvis
3368 620 3608 675 laborem
3638 624 3832 690 subire,

2261 710 2470 780 qumvis
2496 724 2715 780 quoque
2743 709 2984 779 perferre
3018 722 3309 776 tormenta,
3336 710 3502 766 etiam
3527 727 3589 768 ea
3622 730 3740 783 qua:
3762 716 3835 770 in-

2265 812 2348 858 ter
2387 803 2656 873 supplicia
2697 811 2994 858 censentur
3022 803 3366 874 gravissima,
3411 806 3585 859 donec
3628 805 3833 860 tandem

2264 905 2520 960 mortem,
2563 895 2666 950 hac
2703 894 2771 950 de
2810 909 2974 950 causa
3007 903 3340 966 susceptam,
3378 895 3513 952 mihi
3551 897 3833 970 jucundam

2263 988 2564 1060 pertulere.
3252 987 3258 1005 ‘

1769 1265 1845 1336 (ι)
1888 1262 2227 1322 EPISTOLA
2265 1265 2337 1322 x1
2380 1267 2474 1338 (οι.
2517 1268 2612 1339 IX)
2651 1268 2692 1327 ο.

1716 1376 1932 1415 ’(ῖγῐιιιιι
1963 1377 2031 1416 AD
2066 1377 2422 1418 C(ELES'I’INUM
2461 1378 2477 1418 1
2519 1379 2710 1422 ΡΛΡΛΜ.

561 1459 751 1534 ‘Quant
767 1457 1015 1534 pestilens
1041 1457 1273 1514 Nestorii
1295 1458 1363 1534 sit
1386 1459 1650 1524 doctrina,
1687 1457 1877 1534 quidve
1918 1459 2172 1534 hactenus
2197 1461 2363 1534 egerit
2385 1477 2495 1534 Aqua
2525 1477 2643 1534 eun}
2677 1461 2746 1534 ad
2770 1470 2964 1516 rectam
2989 1460 3146 1534 [idem
3181 1469 3468 1534 revocaret,
3501 1459 3730 1534 Cyrillus
3753 1473 3841 1516 cm-

630 1533 811 1604 ponit;
832 1529 1446 1604 ‘abillinscommnnione
1468 1547 1524 1583 se
1557 1530 1996 1604 nonduinaperte
2018 1529 2333 1604 discessurae,
2358 1529 2524 1604 donec
2548 1549 2579 1585 a
2603 1530 2882 1604 leestino
2901 1533 3027 1602 quid
3049 1533 3146 1586 sibi
3174 1533 3311 1601 facto
3333 1550 3462 1604 opus
3486 1529 3563 1587 sit
3581 1535 3842 1594 didicerit;

634 1611 692 1653 nt
731 1599 1060 1673 Caelestinns,
1082 1601 1265 1673 Δζιιίειςίδ
1293 1618 1454 1673 quam
1485 1603 1715 1673 primum
1744 1601 1813 1673 ad
1842 1599 2071 1673 Orientis
2099 1600 2508 1673 (icAMacedoniaz
2533 1604 2796 1673 episcopos
2824 1599 3014 1656 litteris
3033 1643 3047 1662 ,
3072 1599 3248 1673 suam
3273 1620 3332 1658 ea
3360 1599 3424 1657 de
3453 1622 3508 1658 re
3536 1605 3842 1658 sententiam

635 1680 816 1725 notam
850 1671 1033 1740 faciat.
1071 1669 1332 1738 Subiectis
1359 1672 1428 1726 ad
1453 1669 1650 1726 calcem
1675 1670 1923 1742 capitulis
1953 1671 2268 1740 quibusdam
2295 1680 2405 1726 tota
2429 1669 2660 1726 Nestorii
2689 1669 2931 1728 doctrina
2955 1671 3274 1744 explicatur.

636 1789 998 1845 Sanctissimo
1027 1790 1236 1862 Deique
1257 1791 1637 1846 amantissimo
1659 1791 1809 1847 Patri
1851 1789 2154 1847 Gttelestino

2267 1792 2352 1860 Τῷ
2410 1793 2718 1856 δσιωτὰτῳ
2766 1792 2868 1846 καὶ
2926 1791 3370 1862 θεοφιλεστάτῳ
3423 1789 3607 1858 Πατρὶ
3669 1787 3840 1842 Κελε-

562 1881 802 1952 Cyrillus
833 1880 886 1934 in
915 1882 1150 1938 Domino
1177 1883 1433 1938 salutem.

635 1975 686 2027 1.
747 1972 803 2028 Si
853 1973 1036 2040 silere,
1083 1983 1140 2030 et
1189 1990 1300 2030 non
1331 1974 1589 2045 pietatem
1618 1983 1768 2031 tuam
1806 1975 1873 2031 de
1895 1976 2154 2031 omnibus

563 2079 687 2132 quae
712 2071 1006 2118 moventur
1025 2063 1228 2118 litteris
1257 2063 1550 2118 certiorem
1575 2064 1755 2118 facere
1772 2062 1909 2117 citra
1934 2064 2152 2133 culpam

564 2171 629 2209 ac
680 2155 922 2209 sinistrae
965 2153 1300 2224 suspicionis
1344 2166 1552 2209 metum
1597 2154 1810 2218 liceret,
1845 2154 2151 2224 praesertim

564 2247 620 2301 in
683 2247 847 2302 rebus
899 2246 1038 2302 adeo
1082 2246 1431 2309 necessariis,
1486 2245 1578 2301 ubi
1623 2245 1791 2302 etiam
1833 2254 1981 2300 recta
2016 2245 2152 2301 ﬁdes

564 2355 592 2393 a
647 2339 930 2395 nonnullis
973 2339 1271 2410 depravata
1305 2338 1682 2409 periclitatur,
1720 2338 1777 2392 in
1801 2345 2005 2392 memet
2033 2338 2152 2407 ipso

564 2432 808 2486 dicerem
844 2449 857 2484 :
889 2431 1100 2486 Bonum
1141 2439 1198 2486 et
1237 2429 1471 2500 periculi
1509 2444 1708 2500 expers
1731 2439 1817 2484 est
1843 2429 2148 2493 silentium,

557 2530 897 2593 praestatque
947 2521 1191 2593 quietam
1233 2522 1402 2576 vitam
1449 2536 1612 2592 agerc
1654 2536 1820 2592 quam
1849 2520 2146 2576 turbatam.

565 2614 671 2670 Sed
689 2615 950 2685 quoniam
972 2615 1116 2669 Deus
1141 2613 1292 2669 hisee
1311 2613 1365 2667 in
1391 2613 1559 2668 rebus
1580 2612 1917 2684 vigilantiam
1939 2627 1969 2665 a
1993 2611 2153 2665 nobis

564 2707 754 2777 exigit,
781 2707 1025 2778 etilonga
1053 2705 1128 2778 (2)
1152 2705 1527 2760 Ecclesiarum
1561 2705 1907 2760 consuetudo
1957 2702 2153 2758 suadet

568 2811 628 2854 ut
676 2794 992 2871 huiusmodi
1036 2814 1125 2854 res
1184 2812 1311 2853 curn
1353 2796 1644 2853 sanctitate
1697 2807 1788 2852 tua
1839 2797 2150 2852 communi-

566 2900 782 2956 ccntur,
819 2892 1002 2947 scribo
1020 2891 1180 2961 plane
1197 2891 1525 2946 necessitate
1541 2889 1787 2955 adactus,
1802 2905 1866 2944 ac
1905 2887 2155 2960 signiﬁco

568 2982 825 3038 Satanam
851 2983 908 3036 in
938 2983 1232 3052 priesentia
1255 2982 1442 3036 omnia
1465 2981 1721 3046 miscere,
1755 2988 1811 3035 et
1834 2990 2024 3036 contra
2053 2981 2156 3036 Ec—

567 3073 765 3128 clcsias
789 3073 886 3128 Dei
929 3071 1137 3138 furere,
1190 3087 1295 3128 nec
1319 3088 1430 3127 non
1463 3072 1710 3126 omnium
1742 3071 1946 3141 ubique
1971 3087 2153 3142 popu-

2497 1885 2688 1950 στίνῳ
2711 1885 3010 1952 Κύριλλος
3038 1883 3108 1936 ἐν
3141 1883 3334 1952 Κιφιῳ
3368 1885 3622 1952 χαίρειν.

2334 1979 2398 2034 Εἰ
2430 1980 2531 2049 μὲν
2561 1975 2631 2050 ἦν
2674 1978 2973 2048 σιωπῆσαι,
3001 1977 3103 2031 καὶ
3138 1977 3212 2047 μὴ
3256 1976 3433 2030 πάντα
3460 1979 3526 2046 τῇ
3565 1975 3633 2044 σῇ
3671 1969 3846 2024 θεοσε-

2263 2069 2388 2140 ϐείᾳ
2429 2068 2716 2140 γράφοντα
2768 2068 2838 2122 τὰ
2889 2067 3206 2139 κινούμενα,
3267 2069 3363 2122 καὶ
3421 2067 3685 2138 μέμψεως
3747 2057 3846 2123 ἔξω

2261 2160 2538 2230 γενέσθαι,
2559 2160 2654 2213 καὶ
2685 2159 2973 2228 διαφυγεῖν
2999 2159 3261 2213 δύνασθαι
3287 2158 3556 2212 τὸδοκοῦν
3585 2155 3846 2225 λυπηρὸν,

2260 2252 2355 2307 καὶ
2389 2252 2626 2322 μάλιστα
2677 2251 2735 2303 ὲν
2775 2249 3096 2318 ἀναγκαίοις
3142 2249 3284 2303 οὓτω
3334 2252 3686 2322 πράγμασιν,
3719 2249 3850 2301 ὅπου

2261 2343 2355 2396 καὶ
2385 2344 2419 2414 ἡ
2451 2341 2551 2410 τῆς
2582 2340 2824 2403 πίστεως
2855 2339 3087 2411 ὀρθότης
3109 2340 3558 2410 παρασαλεὺεται
3590 2339 3749 2409 παρὰ
3777 2355 3856 2391 τι·

2259 2452 2386 2499 νων,
2429 2432 2566 2502 ἔφην
2605 2431 2670 2486 ἂν
2723 2431 2780 2484 ὲν
2834 2430 3083 2502 ὲμαυτῷο
3125 2431 3283 2502 Καλὴ
3335 2431 3430 2486 καὶ
3487 2430 3783 2491 ἀκίνδυνος
3827 2430 3860 2497 ἡ

2262 2525 2465 2595 σιωπὴ,
2511 2524 2604 2577 καὶ
2640 2523 2702 2577 τὸ
2749 2525 2979 2594 ἠρεμεῖν
3025 2523 3120 2577 τοῦ
3157 2524 3525 2594 ταράττεσθαι
3584 2525 3856 2595 κρεῖττον.

2274 2615 2494 2687 Ἐπειδὴ
2530 2615 2587 2668 δὲ
2619 2615 2714 2669 καὶ
2745 2614 2877 2680 Θεὸς
2909 2615 3134 2669 ἀπαιτεί
3167 2617 3295 2685 παρ’
3318 2616 3475 2687 ἡμῶν
3500 2617 3565 2670 τὸ
3596 2613 3857 2685 νηφάλιον

2261 2707 2318 2758 ὲν
2346 2703 2578 2768 τούτοις,
2610 2707 2704 2758 καὶ
2741 2704 2809 2758 τὰ
2843 2705 3031 2777 μακρὰ
3058 2704 3166 2758 τῶν
3217 2705 3557 2776 Ἐκκλησιῶν
3599 2705 3696 2776 ἔθη
3733 2704 3852 2757 πεί-

2262 2796 2448 2850 Θουσιν
2477 2794 2897 2850 ἀνακοινοῦσθαι
2949 2797 3016 2866 τῇ
3053 2798 3119 2867 σῇ
3154 2796 3416 2868 ὁσιότητι,
3448 2797 3648 2866 γράφω
3691 2794 3848 2848 πάλιν

2264 2889 2604 2958 ἀναγκαίως,
2647 2891 2824 2942 ἐκεῖνο
2861 2887 3036 2958 δηλῶν
3063 2890 3144 2943 ὅτι
3179 2889 3418 2960 διακυκᾷ
3444 2892 3509 2943 τὰ
3541 2889 3721 2942 πάντα
3757 2885 3848 2939 καὶ

2263 2981 2358 3036 νῦν
2379 2984 2406 3035 ὁ
2441 2981 2707 3045 Σατανᾶς,
2739 2981 2832 3034 καὶ
2864 2979 3005 3051 μετὰ
3044 2980 3109 3053 [ι’.
3149 2982 3250 3054 leg.
3287 2980 3453 3052 κατὰ]
3478 2981 3590 3034 τῶν
3623 2977 3848 3047 Ἐκκλη-

2265 3072 2397 3127 σιῶν
2417 3071 2511 3125 τοῦ
2540 3070 2675 3124 Θεοῦ
2701 3071 2974 3142 μαίνεται,
3001 3072 3095 3125 καὶ
3122 3071 3554 3144 ὀρθοποδοῦντας
3575 3074 3647 3125 -ὲν
3673 3071 3846 3124 πίστει

565 3167 748 3220 lorum
796 3166 890 3235 qui
945 3166 998 3220 in
1049 3174 1198 3221 recta
1250 3165 1357 3221 ﬁde
1405 3165 1690 3220 ambulant
1737 3165 2155 3222 subversioncm

2266 3163 2389 3226 τοὺς
2435 3159 2775 3231 ἁπανταχόσε
2819 3160 2985 3227 λαοὺς
3042 3163 3302 3233 πειρᾶται
3349 3163 3724 3234 διαστρέφειν.
3775 3157 3845 3211 Οὖ

554 3258 771 3312 τλιῐιοιίιὶ.
819 3257 936 3312 Non
959 3257 1106 3312 enim
1142 3257 1217 3312 ab
1253 3257 1556 3327 impietatis
1581 3257 1766 3312 studio
1789 3272 2028 3327 unquam
2055 3255 2154 3310 dc-

554 3350 715 3405 ‘sistit
746 3349 982 3420 pessima
1007 3349 1096 3403 illa
1141 3358 1198 3405 et
1223 3347 1452 3403 eﬂ'renis
1475 3348 1669 3403 bestia.
1709 3347 1855 3403 Sane
1887 3347 2156 3402 hactenus

569 3441 743 3496 altum
774 3441 941 3505 tacui,
977 3455 1041 3494 ac
1081 3440 1220 3494 nihil
1245 3440 1472 3495 omnino
1518 3439 1586 3495 de
1613 3455 1680 3494 eo
1703 3438 2032 3510 (Nestorio)
2059 3438 2154 3508 qui

567 3531 1232 3602 Constantinopoﬁtanam
1266 3530 1569 3586 Ecclesiam
1614 3547 1762 3586 nunc
1805 3531 2157 3586 administrat

569 3626 657 3680 vel
702 3624 769 3679 ad
814 3623 1072 3694 pietatem
1106 3630 1258 3678 tuam
1292 3623 1379 3677 vel
1403 3622 1470 3677 ad
1499 3623 1669 3677 ullqu
1697 3623 2156 3678 consacerdotum

568 3722 888 3786 nostrorum
936 3712 1153 3783 scripsi,
1216 3727 1541 3782 persuasum
1570 3705 1780 3767 habens
1815 3712 2158 3782 praecipitem

571 3806 628 3858 in
689 3803 1004 3876 hujusmodi
1040 3803 1206 3859 rebus
1252 3804 1594 3858 celeritatem
1641 3819 1671 3858 a
1715 3803 1851 3858 vitio
1896 3819 2005 3858 non
2037 3819 2159 3860 esse

573 3895 894 3950 immunem.
956 3893 1046 3958 At,
1096 3894 1226 3964 quia
1277 3893 1346 3948 ad
1399 3907 1710 3949 extremum
1760 3896 2158 3966 propemodum

571 3988 841 4042 malorum
872 3987 1216 4052 devenimus,
1253 3987 1438 4042 omnia
1461 4002 1584 4056 qua:
1607 3987 1949 4052 acciderunt,
1997 3998 2160 4058 rupto

563 4079 815 4143 silentio,
849 4079 1165 4134 necessario
1189 4077 1500 4133 enarranda
1522 4092 1644 4132 esse
1671 4077 1824 4132 duxi.

639 4170 695 4224 2.
733 4171 940 4240 Nempe
963 4181 1301 4229 memoratus
1321 4173 1481 4228 simul
1509 4181 1569 4227 ut
1592 4172 1884 4228 ordinatus
1898 4181 2003 4236 est,
2031 4188 2158 4228 cum

571 4261 1055 4319 exhortationibus
1106 4265 1212 4336 37
1265 4265 1519 4336 populos,
1567 4274 1682 4320 tum
1727 4265 2004 4336 proprios,
2043 4275 2158 4319 tum

569 4355 917 4426 peregrinos,
935 4372 1172 4427 quorum
1199 4373 1393 4428 magna
1417 4357 1714 4412 multitudo
1732 4373 1800 4413 ex
1815 4357 1992 4422 omni,
2011 4366 2072 4411 ut
2086 4358 2160 4412 ita

572 4448 772 4514 dicam,
799 4447 1022 4504 civitate
1056 4465 1121 4505 ac
1163 4450 1385 4522 regione
1421 4450 1552 4505 illuc
1592 4451 1874 4506 conﬂuere
1896 4451 2056 4515 solet,
2093 4451 2161 4505 ad

571 4539 780 4594 bonum
803 4541 1047 4596 excitare
1073 4542 1358 4598 debuisset
1377 4583 1392 4607 ,
1423 4542 1722 4614 praedicare
1743 4542 2025 4597 aﬁ‘cetavit
2059 4545 2158 4597 ab-

573 4630 741 4686 surda
765 4630 1015 4716 quaedam
1039 4641 1096 4685 et
1115 4648 1144 4686 a
1177 4633 1389 4688 ratione
1408 4633 1609 4698 aliena,
1632 4648 1754 4702 quae
1775 4634 1934 4704 longe
1956 4635 2160 4689 absunt

573 4722 644 4777 ab
667 4723 969 4792 apostolica
990 4733 1044 4779 et
1068 4727 1384 4796 evangelica
1414 4726 1543 4791 ﬁde,
1566 4742 1730 4798 quam
1754 4726 1945 4782 Patres
1969 4743 2162 4797 magna

576 4828 796 4884 seraper
819 4816 1129 4872 constantia
1161 4829 1525 4873 servaverunt
1583 4829 1640 4873 ct
1667 4819 1828 4874 nobis
1856 4819 2007 4873 velut
2034 4837 2162 4889 prc-

575 4903 772 4961 tiosam
800 4910 1153 4979 margaritam
1184 4910 1555 4966 tradiderunt.
1595 4913 1748 4968 Illius
1771 4922 1954 4968 autem
1982 4913 2162 4968 homi—

570 4995 698 5062 lias,
726 4999 802 5070 (5)
851 5017 990 5070 quas
1037 5002 1094 5056 in
1145 5002 1381 5056 ecclesia
1421 5013 1478 5057 et
1515 5002 1834 5074 frequenter
1864 5005 2076 5069 habuit,
2108 5017 2164 5060 et

650 5116 695 5146 ’τ
718 5113 858 5171 Psnl.
916 5133 1094 5182 cxxxr,
1130 5117 1182 5170 4.

595 5251 616 5259 ’
650 5232 904 5300 (l)Cirea
939 5235 1082 5288 med.
1114 5249 1318 5289 annum
1356 5232 1478 5286 4‘50.

646 5303 722 5369 (‘2)
774 5303 905 5356 Lab.
957 5307 1199 5373 praetulit
1244 5314 1406 5359 vetns.
1455 5305 1684 5359 Przestat
1723 5305 1923 5361 Grzeca:
1952 5307 2160 5361 hmrerc

575 5374 793 5434 litterae,
828 5389 933 5447 qua
970 5390 1077 5447 non
1103 5385 1315 5430 tantum
1342 5375 1588 5444 antiqua,
1619 5376 1714 5431 sed
1741 5386 1796 5429 et
1826 5377 1983 5447 longa
2021 5387 2160 5431 tetu-

576 5444 1170 5514 porumAserieAUsitala
1199 5449 1540 5501 consuetudo
1577 5444 2016 5501 commendatur.

650 5512 724 5582 (ὖ)
760 5512 1043 5587 Sestorius
1085 5515 1198 5582 ipso
1232 5533 1511 5587 citracscon
1541 5535 1759 5571 snarnm
1791 5519 2160 5587 quaterniones

571 5583 1152 5658 jant_:u.l_(lmlestinum
1187 5583 1427 5658 irriserat,
1453 5599 1511 5641 ut
1538 5583 1856 5658 (Iyrillusad
1893 5588 2157 5644 Joannem

574 5654 982 5709 Antioehcntnn
1018 5654 1176 5721 epist.
1227 5655 1292 5706 15
1337 5655 1484 5726 (olim
1525 5654 1611 5725 ll')
1643 5660 1854 5712 scribit.
1879 5658 2051 5725 Quam
2086 5659 2158 5712 ob

645 5775 658 5794 ‘
684 5773 755 5823 Ex
783 5773 998 5822 editione
1037 5772 1089 5822 Ρ.
1117 5773 1388 5825 Constantii
1418 5774 1565 5838 Epist.
1598 5779 1729 5828 Rom.
1761 5778 1934 5843 pontii.

2258 3253 2374 3324 γὰρ
2404 3253 2607 3324 ἠρεμεῖ
2632 3252 2694 3304 τὸ
2722 3253 3083 3325 παμπόνηρον
3121 3255 3298 3307 ἐκεῖνο
3334 3253 3524 3326 θηρίον
3555 3255 3650 3308 καὶ
3692 3249 3844 3318 εὐφό-

2261 3362 2423 3417 ρητον
2445 3345 2524 3417 (4)
2571 3345 2652 3408 εἷς
2689 3344 2969 3400 ἀπέδειξεν.
3030 3345 3263 3414 Ἐσίγων
3302 3346 3402 3418 μὲν
3446 3343 3542 3401 οὖν
3591 3357 3845 3415 παρῳχη-

2260 3438 2392 3492 κότα
2428 3439 2640 3510 καιρόψ
2665 3439 2761 3492 καὶ
2780 3437 2933 3492 οὐδὲν
2961 3437 3099 3502 ὅλως
3140 3437 3435 3511 οὕτε.πρὸς
3466 3442 3573 3508 τὴν
3612 3438 3708 3508 σὴν
3736 3435 3843 3489 θεο-

2261 3529 2478 3584 σέϐειαν
2512 3531 2768 3602 γέγραφα
2798 3529 2925 3600 περὶ
2949 3529 3042 3583 τοῦ
3069 3529 3166 3584 νῦν
3201 3530 3355 3595 ὄντος
3412 3533 3469 3584 ὲν
3503 3531 3845 3586 Κωνσταντι·

2259 3622 2535 3689 νουπὸλει,
2572 3623 2668 3676 καὶ
2705 3622 2804 3694 τὴν
2843 3623 3172 3695 Ἐκκλησίαν
3217 3625 3526 3688 διέποντος,
3579 3621 3704 3676 οὔτε
3748 3617 3850 3689 μὴν

2262 3712 2400 3783 πρὸς
2435 3712 2622 3784 ἓτερον
2673 3712 2782 3766 τῶν
2818 3712 3268 3784 συλλειτουργῶν,
3298 3713 3360 3767 τὸ
3389 3714 3446 3766 ἐν
3477 3713 3694 3766 τούτοις
3723 3722 3850 3778 προο

2264 3802 2426 3866 πετὲς
2451 3802 2554 3856 οὐκ
2581 3800 2686 3867 ἔξω
2731 3799 2924 3872 μώμου
2954 3802 3169 3856 κεῖσθαι
3208 3802 3504 3856 πιστεύων.
3552 3797 3770 3868 Ἐπειδὴ
3798 3796 3850 3848 δὲ

2264 3896 2344 3958 εἰς
2387 3893 2811 3982 ἀκμὴννςξσπερ
2870 3897 3082 3966 ἥκομεν
3114 3895 3208 3948 τοῦ
3251 3895 3447 3963 κακοῦ,
3505 3895 3626 3950 δεῖν
3669 3890 3850 3964 ᾠήθην

2265 3987 2582 4056 ἀναγκαίως
2626 3987 2833 4041 ἀνεῖναι
2861 3987 3048 4042 λοιπὸν
3094 3987 3190 4058 τὴν
3225 3987 3473 4056 γλῶτταν
3525 3990 3627 4044 καί¹
3679 3984 3850 4039 πάντα

2265 4079 2440 4133 εἰπεῖν
2474 4078 2543 4132 τὰ
2570 4081 2924 4150 κεκινημένα.

2348 4172 2406 4226 Ὀ
2461 4172 2572 4242 γὰρ
2625 4172 3023 4242 μνημονευθεὶς
3064 4171 3184 4241 ἅμα
3229 4171 3716 4243 κεχειροτόνηται,
3767 4162 3860 4217 καὶ

2263 4264 2383 4317 δέον
2415 4265 2536 4326 ταῖς
2563 4262 2959 4334 παραινέσεσι,
2998 4265 3121 4325 ταῖς
3159 4263 3240 4325 εἰς
3269 4262 3329 4316 τό
3349 4261 3574 4331 ἀγαθὸν,
3641 4256 3858 4328 ὠφελεῖν

2263 4356 2392 4419 τούς
2439 4372 2500 4409 τε
2543 4356 2726 4408 ἐκεῖσε
2776 4354 2941 4418 λαοὺς
2992 4354 3087 4407 καὶ
3142 4355 3269 4420 τοὺς
3332 4352 3858 4426 παρεπιδημοῦντας

2269 4448 2468 4514 ξένους·
2505 4447 2815 4519 πάμπολλοι
2835 4445 2892 4499 δὲ
2918 4441 3085 4512 οὗτοι,
3121 4447 3218 4501 καὶ
3253 4447 3364 4501 ἀπὸ
3389 4447 3591 4516 πάσης,
3627 4448 3704 4511 ὡς
3734 4444 3854 4504 ἔπος

2267 4543 2463 4605 εἰπεῖν,
2496 4539 2704 4603 πόλεώς
2741 4555 2800 4592 τε
2835 4540 2927 4593 καὶ
2963 4539 3170 4612 χώραςο
3213 4539 3450 4612 σπουδὴν
3483 4539 3647 4593 ἔθετο
3684 4534 3852 4591 λαλεῖν

2267 4633 2475 4687 ἔκτοπά
2512 4650 2656 4698 τινα,
2705 4633 2799 4685 καὶ
2848 4632 2953 4700 ἔξω
2995 4632 3180 4702 λόγου,
3217 4633 3315 4688 καὶ
3343 4633 3447 4687 ὅσα
3479 4632 3708 4703 μακράν
3743 4628 3852 4680 ἐστι

2264 4727 2364 4797 τῆς
2393 4726 2760 4797 ἁποστολικῆς
2789 4725 2884 4780 καί
2917 4725 3284 4797 εωγγελικῆς
3309 4725 3568 4791 πίστεως,
3587 4725 3662 4796 ἢν
3695 4721 3850 4794 μέχρι

2266 4818 2467 4881 παντὸς
2505 4817 2876 4888 τετηρήκασιν
2905 4818 2954 4869 οἱ
2983 4816 3247 4887 Πατέρες,
3279 4815 3584 4886 παρέδοσαν
3622 4831 3686 4870 τε
3725 4809 3850 4882 ἡμῖν

2245 4912 2339 4977 ⁴ὡς
2371 4911 2669 4980 πολύτιμον
2695 4907 3069 4980 μαργαρίτην.
3101 4910 3222 4962 ’Καὶ
3255 4909 3352 4972 τὰς
3384 4907 3484 4980 μὲν
3517 4909 3755 4980 ὁμιλίας,
3784 4900 3848 4962 ἃς

2263 5007 2350 5058 ἐπ’
2381 5003 2681 5073 ἐκκλησίας
2717 5001 2928 5072 εἴρηκε,
2953 5002 3048 5053 καὶ
3081 5002 3240 5056 τοῦτο
3268 5003 3609 5069 πλειστάκις,
3643 4999 3736 5057 καὶ
3765 4994 3848 5049 λέ-

2272 5251 2513 5300 causam,
2567 5237 2743 5308 inquit
2794 5240 2998 5296 ibidem
3047 5241 3301 5314 Cyrillus,
3329 5241 3630 5314 compulsus
3657 5255 3772 5293 sum
3799 5244 3848 5291 et

2261 5324 2353 5378 ego
2386 5323 2595 5383 quoque
2617 5325 2678 5362 ca
2705 5314 2881 5366 omnia
2917 5329 3035 5383 qua!
3068 5312 3206 5367 inter
3245 5330 3323 5366 me
3349 5324 3397 5367 et
3423 5313 3575 5367 illum
3599 5312 3845 5383 interccs:

2258 5389 2439 5431 serunt
2474 5379 2673 5454 (eidem
2722 5382 2896 5452 papae)
2930 5378 3173 5454 aperire.
3227 5385 3338 5439 llos
3385 5378 3842 5454 autemnﬁestorii

2257 5449 2648 5523 quaterniones
2692 5449 2809 5506 sibi
2842 5449 2940 5523 per
2979 5449 3313 5509 Antiochum
3353 5454 3534 5508 virum
3580 5452 3844 5523 illustrem

2259 5519 2503 5572 redditos
2549 5520 2715 5576 fuisse
2765 5519 3100 5580 C(elcstinus
3132 5527 3270 5579 intra
3309 5524 3363 5576 in
3402 5523 3631 5595 epistola
3681 5520 3746 5574 ιε
3773 5529 3848 5572 tc-

2258 5600 2457 5645 statur.

2334 5661 2408 5732 (ί)
2443 5662 2625 5726 Forte,
2662 5663 2956 5736 ἀφόρητον.
