4028 6208
243 335 311 390 ει
1680 308 2015 369 EPISTOLA
2046 309 2138 366 XI.

3443 306 3543 363 82'

243 463 371 517 γων
405 443 470 498 οὗ
505 438 756 503 παύεται,
793 433 1065 510 πέπομφα
1100 438 1170 509 τῇ
1211 437 1278 509 σῇ
1309 431 1616 504 θεοσεϐείᾳ,
1652 430 1728 495 ὡς
1768 429 1846 483 εῖ-

1955 428 2153 484 habere
2179 441 2289 481 non
2310 433 2514 509 cessat,
2535 432 2799 496 tanquam
2830 424 3059 481 evidens
3081 425 3349 481 ductrina:
3372 425 3521 480 illius

247 539 419 608 δησιν
453 532 675 605 ἀκριὸῆ.
725 527 871 599 Ἐγὼ
918 529 978 582 δὲ
1024 526 1296 599 ὁμολογῶ,
1330 526 1510 582 καίτοι
1563 522 1842 595 βουληθεὶς

256 625 523 697 συνοδικῷ
554 624 853 695 γράμματι
904 620 1138 692 φανερὸν
1178 618 1333 692 αὐτῷ
1362 616 1725 688 καταστῆσαι,
1762 616 1840 670 ὅτι

249 719 427 772 ταῦτα
453 716 671 784 λέγοντι
695 714 794 767 καὶ
833 709 1121 784 φρονοῦντι
1150 710 1430 764 κοινωνεῖν
1458 707 1520 762 οὐ
1541 705 1841 777 δυνάμεθα·

250 807 408 861 τοῦτο
430 807 536 877 μὲν
563 805 631 859 οὐ
653 805 952 875 πεποίηκα.
981 801 1354 873 Λογισάμενος
1373 801 1453 863 δὲ,
1475 801 1561 856 ὅτι
1592 799 1698 872 χρὴ
1730 800 1844 863 τοῖς

247 896 578 967 όλισθήσασι
611 898 772 968 χεῖρα
807 895 1028 962 διδόναι,
1057 895 1150 949 καὶ
1176 893 1253 956 ὡς
1284 892 1545 962 ἀδελφοὺς
1577 890 1846 954 πεσόντας

244 992 486 1062 ἐγεῖραι,
520 989 813 1061 παρῄνεσα
848 987 939 1042 διὰ
986 986 1330 1058 γραμμὰων
1367 984 1706 1056 ἀποσχέσθαι
1746 983 1849 1054 τῆς

246 1082 511 1152 τοιαῦτ-ης
548 1079 890 1147 κακοδοξίας.
925 1077 1063 1134 Ἀλλ’
1088 1078 1382 1149 ὡνήσαμεν
1408 1076 1582 1131 οὐδέν.
1627 1074 1847 1146 Ἐπειδὴ

244 1176 299 1228 δὲ
335 1172 684 1245 μεμάθηκεν
714 1172 798 1226 ὅτι
838 1169 1094 1225 τοσοῦτον
1118 1170 1508 1242 ἀφεστήκαμεν
1538 1168 1637 1223 τοῦ
1655 1169 1724 1224 τὰ
1744 1169 1847 1223 αὐ-

244 1267 311 1320 τὰ
354 1266 593 1336 φρονεῖν
609 1305 628 1330 ,
674 1263 753 1327 ὼς
797 1262 893 1317 καὶ
924 1261 1277 1335 ἐπιπλήττειν
1313 1261 1478 1316 αὐτὸν
1514 1261 1859 1332 μεταστῆναι-

246 1357 356 1410 τῶν
388 1356 627 1409 οἰκείων
658 1355 1010 1426 εὑρημάτων,
1046 1355 1106 1409 οὐ
1143 1354 1253 1425 γὰρ
1287 1354 1356 1408 ἂν
1401 1353 1615 1424 εἴποιμι
1644 1353 1846 1423 δογμά-

244 1464 377 1513 tm»,
410 1447 604 1501 πάντα
645 1445 846 1517 τρόπον
889 1445 1183 1516 ἐπιϐουλῆς
1212 1445 1495 1516 κεκίνηκε,
1524 1444 1620 1499 καὶ
1650 1445 1729 1509 τίς
1765 1444 1848 1498 ἔτι

245 1540 506 1594 σαλεύων
545 1538 612 1592 οὐ
656 1538 915 1593 παύεται.
948 1539 1078 1592 Ὅτε
1123 1538 1181 1592 δὲ
1220 1536 1639 1609 προσεδοκῶμεν
1681 1535 1848 1591 αὐτὸν

244 1631 685 1705 θεραπεύεοθαι,
740 1632 836 1685 καὶ
876 1630 1215 1702 ἀποσχέσθαι
1270 1630 1382 1684 τῶν
1428 1629 1570 1684 κατά
1606 1626 1846 1701 Χριστοῦ

244 1726 571 1796 ῑογμάτων,
597 1724 846 1795 ἔγνωμεν
878 1724 960 1778 δτι
985 1723 1446 1796 διημαρτήκαμεν
1478 1722 1578 1794 τῆς
1604 1721 1842 1787 ἐλπίδος,

247 1818 511 1873 τοιούτου
525 1817 679 1882 τινὸς
707 1816 1015 1887 γεγονότος.

312 1989 441 2048 Ἦν
469 1996 528 2048 ἐν
555 1991 1128 2048 Κωνσταντινουπόλει
1159 1990 1451 2055 ἐπίσκοπος
1481 1989 1712 2062 ὀνόματι
1735 1992 1849 2043 Δω-

252 2089 466 2157 ρόθεος,
504 2087 577 2141 τά
608 2086 751 2141 αὐτὰ
787 2085 1002 2156 φρονῶν
1035 2084 1205 2155 αὐτῷ,
1239 2083 1380 2154 ἀνὴρ
1410 2082 1733 2154 χρειοκόλαξ
1756 2084 1850 2137 καὶ

251 2179 542 2252 προπετὴς
577 2178 808 2250 χείλεσι,
838 2176 1025 2241 καθὼς
1056 2176 1387 2247 γέγραπται,
1429 2176 1489 2239 ὃς
1519 2176 1579 2229 ἐν
1629 2175 1857 2244 συνάξειν

252 2272 630 2343 καθεζομένου
659 2271 754 2324 ἐπὶ
772 2270 866 2323 τοῦ
893 2269 1084 2341 θρόνου
1115 2272 1217 2342 τῆς
1246 2268 1542 2344 ἐκκλησίας
1571 2267 1668 2322 τοῦ
1691 2269 1850 2323 Κωνο

257 2366 763 2429 σταντινουπόλεως
790 2363 1192 2419 εὐλαϐεστάτου
1218 2363 1539 2435 Νεστορίου,
1588 2361 1847 2427 ἀναστὰς,

260 2459 476 2532 μεγάλῃ
494 2461 571 2530 τῇ
604 2460 760 2529 φωνῇ
788 2456 1123 2528 τετόλμηκεν
1149 2457 1342 2510 εἰπεῖν’
1378 2456 1446 2510 Et
1477 2473 1561 2519 τις
1590 2454 1850 2508 Θεοτόκον

255 2548 395 2607 εἶναι
426 2550 585 2619 λέγει
616 2550 725 2621 τὴν
769 2550 1026 2621 Μαρίαν,
1064 2540 1221 2613 οὗτος
1266 2547 1515 2618 ἀνάθεμα
1552 2546 1711 2600 ἔστω.
1742 2545 1852 2600 Καὶ

256 2644 444 2713 γέγονε
480 2643 588 2713 μὲν
616 2640 836 2713 κραυγὴ
892 2641 1104 2712 μεγάλη
1148 2640 1298 2711 παρὰ
1336 2639 1540 2703 παντὸς
1566 2638 1662 2692 τοῦ
1715 2637 1849 2692 λαοῦ

261 2736 349 2788 καὶ
373 2732 651 2806 ἐκδρομή.
708 2732 786 2786 Οὐ
841 2731 951 2803 γὰρ
992 2730 1187 2801 ἦθελον
1238 2731 1320 2786 ἔτι
1357 2732 1632 2786 κοινωνεῖν
1666 2728 1851 2792 αὐτοῖς

259 2824 481 2879 τοιαῦτα
510 2821 833 2895 φρονοῦσινι
873 2820 1014 2875 ὥστε
1052 2820 1147 2875 καὶ
1196 2820 1293 2876 νῦν
1330 2819 1743 2882 ἀποσυνάκτους
1772 2811 1852 2870 εἴ·

259 2935 342 2972 ναι
369 2919 501 2981 τοὺς
528 2916 704 2978 λαοὺς
722 2917 823 2986 τῆς
841 2909 1639 2981 Κωνσταντινουπόλεως,πλὴν.
1652 2909 1850 2978 ὀλίγων

262 3008 647 3081 ἐλαφροτέρων
689 3006 786 3060 καλ⁸
826 3004 936 3060 τῶν
985 3004 1390 3060 κολακευόντων
1441 3002 1625 3057 αὐτόν.
1668 3000 1752 3056 Τὰ
1791 3000 1850 3053 δὲ

1944 525 2354 589 argumentum,
2377 516 2447 571 ad
2471 517 2739 587 pietatem
2762 523 2910 570 tuam
2936 516 3082 571 misi.
3114 516 3245 572 Mihi
3273 515 3518 587 quidem.

1941 609 2140 674 fateor,
2166 607 2225 663 in
2242 608 2428 662 animo
2439 606 2646 663 «fuisset
2667 605 2945 678 synodicis
2967 607 3124 661 illum
3146 606 3352 662 litteris
3374 620 3521 661 com-

1944 700 2323 765 monefacere,
2365 714 2467 755 nos
2503 714 2631 754 cum
2670 714 2738 754 eo
2778 697 2875 769 qui
2908 698 3038 754 talia
3064 698 3213 754 dicat
3234 713 3300 753 ac
3322 698 3543 756 sentiat

1944 794 2354 849 communicare
2404 808 2516 848 non
2560 808 2720 863 posse
2754 808 2767 845 :
2802 791 2900 848 sed
2926 792 3031 847 hoc
3054 807 3167 848 non
3189 792 3314 847 feci.
3352 791 3525 846 Ratns

1946 896 2132 943 tamen
2176 886 2347 956 lapsis
2396 900 2624 939 manum
2668 883 3076 955 porrigendam,
3108 891 3551 954 proslratosque

1946 989 2009 1033 ut
2040 977 2245 1033 fratres
2275 975 2568 1047 crigendos
2589 991 2713 1032 esse
2731 1014 2748 1041 ,
2780 975 3065 1046 illumper
3089 975 3300 1031 litteras
3329 974 3408 1047 (1)
3430 990 3526 1030 ex-

1945 1071 2203 1126 hortatus
2227 1085 2352 1126 sum
2383 1076 2499 1125 utca
2521 1068 3306 1140 prava'hujusmodi-doctrina
3336 1068 3528 1123 absce-

1946 1164 2125 1220 deret.
2149 1163 2258 1219 Sed
2270 1163 2418 1218 nihil
2441 1161 2839 1233 promovimus.
2865 1161 2981 1216 lmo
2994 1160 3090 1216 ubi
3106 1159 3302 1216 didicit
3315 1168 3555 1217 tantum»

1947 1256 2142 1312 abesse
2186 1262 2250 1308 ut
2294 1253 2489 1310 eadem
2533 1252 2860 1319 sentiamus,
2882 1260 3096 1308 ut'eum
3135 1252 3305 1308 etiam
3336 1252 3528 1323 objur-

1948 1363 2140 1420 gemus
2173 1355 2230 1402 et
2254 1364 2286 1402 a
2313 1347 2429 1402 suis
2451 1345 2780 1402 commentis
2815 1347 2963 1417 (non
2991 1346 3142 1401 enim
3162 1345 3528 1415 dogmatadi-

1947 1440 2147 1511 xerim)
2179 1438 2426 1495 discedat
2451 1438 2847 1494 admoneamus
2866 1478 2880 1502 ,
2906 1436 3114 1491 nullam
3139 1435 3530 1493 struendarum

1948 1530 2276 1586 insidiarum
2307 1529 2453 1584 viam
2477 1544 2587 1586 non
2612 1527 2864 1593 tentavit,
2901 1534 2958 1581 et
2982 1526 3091 1581 huc
3119 1540 3294 1596 usque
3319 1533 3544 1583 tentare-

1944 1638 2056 1678 non
2082 1631 2280 1679 cessat.
2316 1623 2459 1678 Dum
2485 1629 2668 1677 autem
2690 1619 3157 1690 exspectabamus
3178 1618 3357 1673 donec
3383 1618 3525 1673 resi-

1947 1716 2209 1788 pisceret,
2256 1722 2315 1770 et
2354 1715 2451 1797 ab‘
2467 1714 2538 1769 iis
2581 1728 2706 1784 quae
2732 1719 2929 1767 contra
2954 1710 3239 1766 Christum
3269 1710 3557 1765 docuerat

1879 1796 1924 1852 Β
1951 1808 2277 1873 abstineret,
2303 1808 2408 1863 hac
2424 1822 2526 1864 nos
2545 1822 2640 1878 spe
2660 1805 2828 1861 falsos
2848 1818 2971 1861 esse
2988 1803 3382 1875 comperimus,
3405 1818 3533 1859 eum

1951 1898 2059 1954 tale
2086 1897 2222 1968 quid
2248 1897 2590 1969 contigisset.

2020 1991 2073 2045 5.
2111 1990 2243 2045 Erat
2265 1989 2740 2060 Constantinopoli
2764 1990 3056 2062 episcopus
3081 1989 3405 2063 (2)~nomine
3430 1989 3536 2044 Bo-

1951 2080 2409 2146 rotheus,eadem
2435 2097 2559 2152 qua:
2582 2082 2673 2136 ille
2697 2083 2966 2148 sentiens,
2995 2083 3082 2138 vir
3102 2088 3347 2153 quaastus
3368 2097 3534 2136 causa

1951 2170 2253 2227 adulationi
2276 2169 2840 2242 deditus,linguaque
2862 2172 2932 2227 ad
2952 2173 3319 2229 temeritatem
3334 2187 3529 2242 usque,

1951 2261 2378 2332 sicutscriptum
2401 2268 2506 2327 est,
2532 2264 2910 2335 promptusJS
2932 2264 2988 2319 in
3000 2264 3533 2335 publicoconventu,

1952 2354 2418 2412 reverendissimo
2461 2355 2720 2412 Nestorio
2764 2357 2822 2412 in
2849 2358 3116 2413 cathedra
3138 2355 3533 2413 Constantino-

1950 2447 2207 2519 politanae
2223 2446 2472 2504 ecclesiae
2497 2447 2746 2514 sedente,
2774 2464 3027 2520 surgens,
3061 2464 3258 2521 magna
3281 2462 3415 2503 voce
3445 2449 3535 2502 in-

1949 2543 2188 2597 clamare
2202 2556 2372 2597 ausus
2392 2549 2476 2597 est
2499 2560 2513 2595 :
2538 2541 2597 2598 Si
2617 2542 2742 2612 quis
2762 2542 2989 2598 Mariam
3006 2543 3298 2614 Deiparam
3311 2540 3535 2607 dixerit,

1950 2633 2246 2689 anathema
2293 2634 2383 2689 sit.
2443 2633 2584 2689 Tum
2614 2632 2810 2706 ingens
2848 2634 3093 2691 universi
3118 2634 3303 2706 populi
3329 2634 3538 2689 clamor

1951 2733 2009 2780 et
2055 2725 2324 2781 discessio
2371 2733 2673 2781 consecuta
2695 2737 2801 2781 est.
2850 2726 3126 2781 Nolebant
3148 2728 3294 2781 enim
3320 2742 3445 2781 cum
3469 2725 3537 2780 iis
3601 2774 3609 2781 .

1951 2815 2188 2886 amplius
2210 2815 2657 2872 communionem
2681 2816 2889 2873 habere
2926 2818 3021 2888 qui
3075 2819 3205 2872 talia
3228 2820 3531 2879 sentirent;

1951 2911 2090 2966 adeo
2115 2918 2176 2965 ut
2195 2910 2498 2966 etiamnum
2522 2909 2680 2980 plebs
2703 2908 3331 2980 Constantinopolitana,
3348 2910 3537 2980 paucis

1951 2998 2253 3058 levioribus
2266 3008 2323 3054 et
2347 2998 2445 3069 qui
2469 2998 2550 3053 illi
2572 2998 2873 3054 adulantur
2894 2999 3163 3070 exceptis,
3189 3000 3379 3071 synzui
3405 2999 3531 3054 abs-

264 3100 610 3171 μοναστήρια
640 3097 828 3168 σχεδὸν
857 3096 1080 3151 ἅπαντα
1109 3095 1203 3149 καὶ
1248 3097 1297 3149 oi
1337 3096 1543 3149 τούτων
1574 3096 1848 3166 ἀρχιμαν-

1955 3089 2143 3144 tineat.
2176 3088 2285 3145 Sed
2337 3104 2518 3161 neque
2549 3105 2618 3145 eo
2653 3090 2999 3147 conveniunt
3037 3091 3371 3148 monasteria
3394 3107 3547 3162 pene»

261 3190 465 3260 δρῖται,
490 3187 594 3241 καὶ
617 3187 716 3256 τῆς
739 3185 1046 3256 συγκλήτου
1084 3184 1267 3238 πολλοὶ
1292 3184 1355 3237 οὐ
1382 3183 1729 3251 συνάγονται,
1757 3180 1848 3235 δε-

261 3280 448 3343 διότες
480 3278 564 3348 μὴ
587 3275 905 3347 ἀδικηθῶσιν
932 3276 1014 3340 είς
1043 3274 1248 3339 πίστιν,
1283 3272 1449 3327 αὐτοῦ
1478 3271 1572 3326 καὶ
1603 3270 1711 3325 τῶν
1755 3272 1852 3325 σὺν

265 3368 450 3440 αὐτῷ,
478 3367 577 3431 οὓς
614 3367 719 3422 ἀπὸ
762 3366 864 3437 τῆς
916 3365 1251 3437 ’Δντιοχείας
1304 3362 1611 3419 ἀναϐαίνων
1651 3352 1851 3434 ἤγαγε,

266 3464 495 3517 πάντων
531 3459 831 3516 λαλούντων
857 3458 935 3512 τὰ.
955 3457 1388 3530 διεστραμμένα.

294 3590 299 3595 ·
345 3569 572 3639 Ἐπειδὴ
601 3569 664 3622 δὲ
698 3567 808 3622 τῶν
828 3567 1062 3640 ὁμιλιῶν
1093 3566 1261 3622 αὐτοῦ
1285 3566 1619 3639 ἐνεχθεισῶν
1649 3569 1731 3631 εἰς
1755 3565 1855 3637 τὴν

266 3665 576 3731 Αἴγυπτον,
625 3660 829 3732 ἔμαθον
870 3660 955 3714 ὅτι
995 3658 1351 3730 ἐλαφρότεροί
1393 3676 1536 3723 τινες
1578 3658 1856 3729 συνηρπά-

270 3754 516 3825 σθησσν,
578 3755 678 3807 καὶ
719 3752 905 3807 λοιπὸν
977 3751 1342 3817 ἐνδοιάζοντες
1398 3750 1535 3823 πρὸς
1587 3750 1857 3823 ἀλλήλους

271 3844 531 3913 ἔφασκον·
570 3839 722 3915 ’Δρα
766 3844 945 3915 ὀρθῶς
978 3842 1163 3912 λέγει;
1205 3839 1314 3913 ἄρα
1344 3842 1652 3913 ἐπλανήθη;
1687 3841 1858 3895 δεδοι-

275 3934 379 3997 κὼς
407 3934 485 4004 μὴ
524 3931 732 4004 ῥιζωθῇ
759 3932 832 3985 τὰ
874 3932 976 4003 τῆς
1001 3932 1158 3985 νόσου
1194 3932 1252 3987 ἐν
1279 3933 1399 3997 ταῖς
1428 3930 1536 3985 τῶν
1559 3929 1859 3985 ἁπλουστέ-

280 4042 381 4095 ρων
411 4025 641 4095 ψυχαῖς,
675 4022 893 4095 ἔγραψα
937 4025 1052 4086 τοῖς
1085 4021 1229 4077 κατά
1252 4021 1352 4094 τὴν
1384 4021 1659 4090 Δῖγυπτον
1692 4037 1859 4091 μονα-

280 4115 521 4186 στηρίοις
554 4112 847 4184 καθολικὴν
888 4112 1201 4182 ἐπιστολὴν,
1255 4111 1488 4183 βεὸαιῶν
1530 4112 1730 4175 αὐτοὺς
1778 4113 1859 4175 είς

280 4207 459 4260 πίστιν
482 4205 672 4277 ὀρθήν.
712 4200 851 4259 Εἷτά
876 4222 1021 4268 τινες
1058 4206 1347 4276 ἀπήγαγον
1383 4206 1442 4258 ἐν
1470 4206 1538 4275 τῇ
1562 4205 1857 4258 Κωνσταν-

277 4298 579 4352 etwa-mdis:
630 4298 702 4351 τὰ
752 4299 884 4367 ῖσαι,
913 4298 1008 4352 καὶ
1049 4297 1356 4368 ὠφέληνται
1397 4295 1498 4369 μὲν
1533 4295 1859 4366 ἀναγνόντες

279 4393 415 4444 πάνυ
439 4389 637 4454 πολλὰ,
690 4387 831 4442 ὥστε
882 4391 976 4444 καὶ⁵
1024 4390 1368 4462 γεγράφασιν
1407 4386 1857 4461 εὐχαριστοῦντες

1950 3182 2136 3238 omnia
2154 3198 2458 3254 eorumque
2479 3182 2928 3239 archimandritas
2945 3193 3004 3239 et
3019 3193 3338 3240 senatorum
3352 3185 3535 3249 multi,

1952 3282 2211 3329 verentes
2256 3288 2327 3329 ne
2350 3273 2576 3344 aliquod
2601 3273 2659 3328 in
2687 3273 2795 3329 ﬁde
2821 3273 3221 3331 detrimentum
3241 3276 3534 3346 accipiant,

1953 3378 2081 3419 cum
2135 3373 2193 3419 et
2238 3363 2332 3419 ille
2363 3372 2423 3419 et
2446 3363 2486 3418 ii
2539 3378 2735 3421 omnes
2768 3364 2847 3438 (5)
2877 3380 3019 3436 quos
3046 3381 3231 3421 secum
3251 3365 3562 3422 AntiOchia-

1953 3452 2243 3519 discedens
2265 3453 2517 3520 adduxit,
2546 3469 2809 3526 perversa
2830 3454 3153 3525 praedicent.

2021 3563 2136 3635 38
2155 3564 2209 3618 4.
2240 3563 2379 3620 Cum
2400 3574 2607 3631 autem,
2633 3565 2876 3621 homiliis
2895 3565 3017 3637 ejus
3031 3564 3087 3619 in
3101 3566 3392 3638 [Egyptum
3414 3582 3537 3638 pcr-

1955 3654 2101 3720 latis,
2136 3655 2377 3712 leviores
2417 3648 2686 3727 quOsdam
2719 3656 2775 3711 in
2802 3671 3051 3711 errorem
3073 3656 3363 3723 abductos,
3400 3672 3539 3712 cun-

1956 3755 2279 3817 ctantesque
2329 3755 2555 3802 rectene
2600 3747 2926 3817 loqueretur
2957 3760 3029 3802 an
3063 3747 3541 3804 erraret‘inviCem

1956 3837 2248 3909 quaeritare
2270 3837 2589 3894 didicissem
2609 3879 2625 3904 ,
2670 3839 2885 3895 veritus
2916 3855 2989 3896 ne
3017 3840 3198 3896 morbi
3224 3841 3540 3913 contagium

1956 3927 2185 3983 altiores
2235 3926 2451 3984 radices
2482 3928 2540 3984 in
2574 3928 2977 4000 simpliciorum
3018 3932 3303 3989 utentibus
3329 3940 3537 4005 ageret,

1958 4019 2026 4075 ad
2051 4018 2271 4092 Egypti
2292 4021 2630 4078 monasteria
2652 4010 2963 4094 generalem
2986 4023 3278 4096 epistolam
3302 4025 3379 4096 (4)
3403 4022 3542 4079 sdris

1957 4111 2063 4182 psi,
2100 4121 2161 4167 ut
2197 4128 2393 4170 eorum
2420 4115 2723 4170 monachos
2754 4115 2812 4169 in
2834 4124 2983 4171 recta
3007 4115 3113 4171 ﬁde
3135 4114 3539 4171 conﬁrmarem.

1957 4203 2129 4277 Cujus
2156 4205 2380 4277 quidem
2435 4206 2684 4277 epistolae
2730 4209 2983 4278 exempla
3009 4208 3539 4285 Constantinopolim

1959 4306 2195 4367 portata,
2240 4297 2429 4369 ibique
2468 4300 2631 4367 lecta,
2668 4309 2824 4357 tanto
2848 4302 3167 4373 adjumento
3200 4302 3444 4367 fuerunt,
3480 4311 3542 4356 ut

1962 4389 2187 4460 plurimi
2211 4406 2243 4446 e
2266 4391 2591 4461 magistratu
2616 4393 2752 4448 mihi
2773 4394 2894 4465 ejus
2919 4408 3085 4449 causa
3109 4394 3314 4465 gratias
3334 4409 3434 4463 per
3452 4394 3541 4447 lit-

280 4481 518 4534 πλεῖστοι
556 4480 671 4534 τῶν
712 4480 776 4534 ἐν
800 4480 965 4537 τέλει.
1018 4481 1216 4551 Γέγονε
1254 4482 1327 4535 ’δὲ
1361 4480 1511 4552 αὑτῷ
1550 4481 1646 4535 καὶ
1697 4479 1852 4536 τοῦτο

1963 4492 2106 4539 teras
2128 4485 2362 4555 egerint.
2392 4485 2594 4541 Verum
2618 4485 2725 4540 hoc
2750 4484 2853 4555 ipsi
2884 4484 2960 4555 (5)
2985 4485 3080 4540 ira:
3106 4483 3297 4539 c‘ontra
3320 4500 3407 4538 me
3423 4500 3541 4538 sus-

277 4574 448 4646 τροφὴ
469 4574 575 4644 τῆς
608 4575 730 4628 κατ’
764 4573 901 4646 ἐμοῦ
930 4574 1129 4645 λύπης,
1166 4573 1261 4629 καὶ
1285 4573 1361 4638 ὡς
1385 4571 1566 4644 ἐχθρῷ
1598 4572 1852 4645 μάχεται,

280 4664 428 4719 οὐδέν
464 4665 660 4736 ἓτερον
681 4664 821 4735 ἔχων
852 4664 1129 4733 ἐγκαλεῖν,
1164 4663 1198 4735 ἢ
1227 4664 1309 4718 ὃτι
1341 4663 1503 4735 μόνον
1536 4663 1640 4718 οὐκ
1662 4662 1855 4737 ἀνέχο-

359 4868 436 4941 (i)
460 4868 791 4941 Litterarum
825 4870 1045 4926 illarum
1066 4870 1445 4941 exemplaruna
1466 4870 1717 4941 cumhac
1735 4868 1853 4941 epi-

276 4940 432 5013 stola
459 4939 527 4993 ad
552 4939 907 5013 Gmlestinum
948 4942 1163 4997 misisse
1207 4939 1267 4997 se
1305 4940 1544 5013 Cyrinus
1594 4940 1653 4996 in
1695 4939 1859 4996 modo

273 5008 511 5080 laudata
530 5011 754 5080 epistola
777 5012 848 5067 ad
875 5012 1141 5067 Joannem
1169 5008 1586 5067 commemorat.

375 5079 436 5151 2)
462 5077 702 5152 Scilicet,
751 5081 1173 5152 Ilarcianopolis
1204 5082 1261 5152 in
1307 5080 1515 5152 Maesia,
1546 5081 1664 5152 qui
1704 5089 1763 5152 et
1801 5081 1859 5136 in

470 5150 879 5224 inolatrocinio
905 5150 1095 5224 Cyrilli
1126 5167 1192 5208 ac
1209 5150 1513 5224 Memnonis
1528 5150 1859 5224 depositioni

661 5222 877 5278 Rursus
899 5220 1165 5307 eamdem
1201 5220 1453 5307 episcopi
1477 5220 1642 5307 hujus
1668 5220 1860 5307 impie-

279 5301 453 5349 tatem
481 5291 720 5362 Cyrillus
746 5308 762 5346 ι
794 5300 937 5362 part.
984 5291 1170 5348 concil.
1201 5291 1396 5361 Ephes.
1432 5306 1481 5345 c.
1516 5292 1582 5346 10
1610 5291 1855 5361 exponit,

276 5361 580 5430 statimque
599 5361 829 5416 subdit:
849 5361 985 5427 Quid
1002 5362 1211 5418 vetabat
1237 5370 1285 5415 et
1308 5376 1399 5432 nos
1420 5377 1623 5432 quoque
1654 5361 1859 5416 vocibus

162 5450 169 5457 ·
277 5432 425 5487 illius
459 5433 745 5502 contrariis
767 5432 993 5487 scribere
1034 5449 1097 5488 ac
1117 5433 1286 5486 dicere
1308 5431 1654 5502 .jAAnathema
1674 5432 1742 5487 sit
1769 5432 1860 5502 qui

278 5501 516 5557 larium
542 5500 843 5573 peiparam
876 5519 985 5557 esse
1025 5502 1232 5573 negavit
1256 5502 1281 5554 ?
1309 5500 1499 5573 Verum
1539 5502 1594 5554 id
1612 5500 1858 5573 hactenus

281 5582 499 5642 propter
530 5570 834 5627 Nestorium
868 5573 1041 5643 facere
1081 5570 1246 5637 noiui,
1288 5587 1353 5625 ne
1380 5571 1483 5643 sint
1508 5573 1597 5641 qui
1623 5571 1857 5627 Alexan-

282 5644 499 5717 drinum
539 5641 1514 5717 episwpuidﬁgyptiamvcgynodum
1544 5645 1857 5717 anathema-

283 5715 347 5765 ti:
375 5711 776 5767 sententiamin
826 5711 1125 5768 Nesidfium
1172 5711 1351 5766 tulisse
1396 5711 1594 5765 dicant.
1640 5711 1707 5768 Et
1756 5712 1858 5768 hac

284 5782 509 5852 quidem
538 5790 671 5842 usus
700 5793 781 5841 cst
806 5784 1198 5848 moderatione,
1226 5792 1339 5838 tum
1363 5792 1423 5837 ut
1452 5791 1669 5839 caveret
1709 5782 1857 5839 schi-

1957 4585 2130 4647 ceptaa
2161 4576 2465 4632 fomentum
2499 4577 2968 4643 subministravit;
3013 4592 3101 4632 me
3122 4577 3305 4646 itaque
3338 4586 3401 4630 ut
3438 4577 3539 4632 ho-

1958 4676 2098 4724 stem
2122 4667 2425 4739 impugnat,
2446 4668 2595 4724 aliud
2622 4669 2785 4740 plane
2812 4669 2953 4724 nihil
2973 4668 3045 4724 de
3070 4683 3180 4739 quo
3206 4682 3293 4723 me
3321 4667 3542 4726 incuset

1959 4885 2096 4936 sma,
2119 4878 2235 4943 tum
2252 4871 2419 4925 etiam
2440 4886 2510 4928 ne
2531 4872 2822 4943 Theophili
2844 4872 3110 4943 avunculi
3128 4872 3214 4926 sui
3233 4886 3364 4943 erga
3377 4870 3544 4928 Joan—

1959 4940 2564 5014 nenghrysostomum
2600 4940 2950 5014 iniquitatem
2995 4942 3199 4997 imitari
3229 4940 3538 5014 putaretur.

2031 5010 2107 5083 (5)
2144 5011 2291 5083 Inter
2316 5027 2603 5081 perversos
2627 5010 2751 5069 illos
2774 5027 3057 5083 praecones
3077 5010 3545 5083 qiiosNestorius

1959 5079 2251 5151 Antiochia
2283 5079 2472 5136 sécum
2505 5079 2827 5147 adduxerat,
2860 5098 2892 5136 a
2921 5079 3178 5138 Liberato
3216 5098 3265 5138 ο.
3325 5083 3378 5145 4,
3420 5091 3550 5151 post

1963 5149 2257 5222 Socratem
2289 5152 2388 5207 lib.
2425 5169 2521 5215 vu,
2561 5168 2611 5207 c.
2651 5153 2750 5217 52,
2783 5159 3009 5207 notatur
3041 5152 3364 5210 Anastasius
3389 5149 3542 5222 pres-

1960 5220 2138 5302 byter,
2169 5221 2265 5291 qui
2301 5223 2376 5302 _i’n
2412 5222 2899 5302 ecclesia_docens,
2926 5230 3063 5277 teste
3084 5222 3331 5302 §o_crate,
3359 5220 3545 5302 erupit
3654 5242 3667 5255 ε

1960 5289 2018 5363 in
2061 5289 2407 5348 haec'verba:
2442 5292 2610 5348 Nemo
2645 5292 2877 5363 Marium
2907 5302 3047 5347 uocet
3078 5292 3386 5363 Dciparam.
3421 5289 3541 5346 Ma-

1960 5362 2043 5432 ria
2069 5362 2206 5416 enim
2238 5363 2390 5418 homo
2416 5363 2546 5433 fuit:
2579 5378 2643 5416 ea:
2666 5361 2873 5416 homine
2901 5373 3077 5420 autem
3102 5361 3242 5419 Deus
3265 5364 3410 5423 nasci
3436 5379 3543 5418 non

1960 5439 2145 5501 potest.

2136 5501 2308 5583 Epist.
2338 5502 2391 5566 l,
2428 5517 2614 5571 supra.

2054 5572 2087 5625 5
2142 5571 2363 5642 Scilicet
2387 5572 2614 5628 Nestorii

2054 5571 2107 5642 5)
2142 5571 2363 5645 Scilicet
2384 5572 2667 5645 Nestorio,
2698 5574 2858 5644 cujus
2885 5591 3086 5633 nomen
3112 5576 3167 5630 in
3195 5575 3411 5645 vulgata
3452 5573 3540 5645 in:

1963 5641 2475 5715 terpretationehie
2502 5653 2559 5698 ct
2587 5644 2729 5715 infra
2764 5641 3094 5715 exprimitur
3121 5641 3341 5715 quidem
3375 5661 3391 5708 ;
3442 5644 3537 5701 scd

1961 5726 2084 5789 cum
2114 5711 2482 5789 lioc_Cyrillu_s
2508 5729 2619 5789 non
2643 5714 2760 5789 sine
2789 5711 2952 5771 causa
2993 5711 3307 5789 emistanter
3352 5715 3541 5772 Graece

1960 5781 2135 5849 sileat,
2170 5781 2334 5839 etiam
2353 5782 2543 5863 Latine
2571 5784 2827 5843 duximus
2860 5786 3168 5842 tacendum.
3412 5818 3419 5819 ί
