4028 6208
474 286 543 341 83
1500 301 1556 357 S.
1598 306 1871 361 CYRILLI
1910 306 2379 365 ALEXANDRINI
2418 314 2736 371 ARCIIIEP.
3670 327 3739 385 ει

472 407 703 475 habens,
732 408 837 467 nisi
861 413 1009 482 quod
1032 415 1100 469 ab
1124 415 1194 469 iis
1221 432 1343 485 quae
1383 422 1554 475 sentit
1584 423 1883 490 abhorreo,
1909 441 2029 483 eam

2162 448 2260 500 μαι
2299 433 2366 485 τὰ
2399 434 2487 488 ἴσα
2530 439 2750 506 φρονεῖν
2813 438 2984 509 αὐτῷ,
3038 439 3177 493 ἀλλὰ
3218 441 3311 494 καὶ
3364 443 3743 512 ἐπηνώρθωσα-

470 514 581 569 quc
620 517 785 570 quam
803 519 834 556 a
861 505 1114 561 Patribus
1138 510 1475 577 accepimus,
1501 526 1557 571 et
1580 530 1647 570 ex
1673 517 1876 574 divinis
1907 520 2054 575 Scri-

468 599 565 660 ptu
574 593 648 648 ris
666 593 979 662 didicimus,
1003 596 1163 653 fidem
1180 603 1615 672 amplectendam
1631 625 1751 666 esse
1773 612 1918 668 serio
1933 628 2057 683 per-

468 685 727 748 suadens,
747 687 1027 743 multosad
1040 705 1228 747 sanam
1242 705 1484 753 mentem
1497 701 1810 758 reduxerim
1820 745 1832 757 .
1848 705 2051 761 Verum

465 772 623 830 ﬂocci
664 776 876 834 faciens
906 796 1028 850 quae
1057 784 1355 842 adversum
1402 806 1491 846 me
1540 795 1889 852 machinatus
1927 809 2047 864 est,

464 863 692 935 Deoque
714 869 809 938 qui
836 871 1020 925 omnia
1048 874 1201 929 novit
1221 884 1278 931 et
1302 879 1447 934 valet
1470 886 1823 942 committens
1841 892 2048 956 omnia,

464 1147 737 1197 moratum
778 1144 925 1211 misi,
962 1148 1189 1207 hortans
1218 1154 1381 1211 simul
1404 1167 1461 1213 et
1486 1159 1775 1219 obtestans
1801 1182 1870 1222 ne
1895 1169 2047 1224 aliud

463 1235 697 1291 sentiret
724 1252 789 1293 ac
814 1239 1155 1310 loqueretur.
1210 1247 1317 1303 Sed
1359 1266 1464 1307 nec
1502 1270 1724 1311 rursum
1747 1262 2045 1332 quidquam

461 1327 690 1395 profeci.
744 1331 817 1387 lis
857 1335 1006 1389 enim
1051 1352 1173 1407 qua:
1196 1339 1265 1393 ab
1292 1341 1453 1398 initio
1496 1327 1843 1405 commentus
1865 1327 2048 1409 fuerat

462 1416 572 1473 huc
594 1435 770 1491 usque
790 1425 1152 1493 pertinaciter
1171 1430 1437 1501 adhaeret,
1463 1451 1568 1492 nec
1592 1438 1756 1494 linem
1784 1456 2045 1511 perversa

459 1508 699 1567 docendi
724 1512 875 1570 facit.

528 1602 581 1659 5.
636 1602 784 1660 Sciat
811 1614 869 1663 et
908 1608 1015 1666 hoc
1047 1613 1224 1681 pietas
1250 1624 1342 1672 tua
1371 1618 1470 1690 (2),
1503 1622 1560 1678 in
1585 1638 1779 1681 omnes
1798 1625 2045 1686 Orientis

457 1694 746 1765 episcopos
788 1702 1090 1757 convenire
1115 1720 1239 1774 qua:
1264 1708 1547 1777 dicuntur,
1598 1717 1809 1773 scilicet
1832 1722 2039 1778 edendi

2160 524 2409 593 πολλοὺς,
2453 528 2519 597 ἣν
2569 528 2953 598 παρελάϐομεν
2999 532 3065 585 ἐκ
3118 534 3377 604 Πατέρων
3412 537 3619 602 πίστιν,
3649 542 3742 593 καὶ

2155 617 2191 670 ἂ
2222 618 2503 689 ἐμάθομεν
2535 622 2599 672 ὲκ
2632 620 2733 690 τῆς
2775 621 2926 685 θείας
2956 624 3200 694 Γραπτῆς,
3247 628 3429 680 ἐκεῖνα
3456 629 3521 700 δὴ
3570 648 3742 684 κατα-

2154 710 2357 763 πείθων
2400 712 2600 775 αὐτοὺς
2636 712 2844 768 οἴεσθαι
2876 716 3058 772 δεκτά.
3088 720 3277 787 Ὅμως
3310 721 3403 773 καὶ
3431 722 3491 773 οὐ
3519 724 3739 791 φροντί-

2155 820 2254 864 σας
2284 802 2395 855 τῶν
2420 806 2552 875 παρ’
2582 806 2748 858 αὑτοῦ
2778 809 3085 879 γενομένων
3113 812 3233 863 κατ’
3258 812 3416 881 ἐμοῦ,
3452 814 3587 867 ἀλλὰ
3620 815 3740 885 Θεῷ

2150 895 2275 958 δοὺς
2322 895 2399 965 τῷ
2438 896 2616 950 πάντα
2669 898 2834 952 εἰδότι
2874 900 2968 954 καὶ
3023 902 3287 971 ἰσχύοντι,
3334 904 3497 958 πάλιν
3540 907 3740 976 ἑτέραν

2153 987 2440 1058 ἐπιστολὴν
2480 989 2738 1059 γέγραφα
2774 990 2854 1059 τῷ
2903 992 3347 1061 μνημονευοέντι,
3378 994 3475 1064 τὴν
3521 995 3737 1049 ἔκθεσιν

2150 1080 2226 1142 ὡς
2252 1082 2310 1133 ὲν
2343 1081 2592 1151 συντόμῳ
2617 1082 2717 1152 τῆς
2743 1082 2913 1153 ὀρθῆς
2941 1084 3177 1147 πίστεως
3204 1085 3455 1155 ἔχουσαν,
3484 1106 3738 1159 παρακα-

2149 1170 2258 1223 λῶν
2289 1190 2348 1224 τε
2386 1172 2503 1242 ἅμα
2537 1175 2633 1227 καὶ⁴
2664 1174 3205 1247 διαμαρτυρούμενος
3227 1175 3370 1230 οὕτω
3391 1180 3486 1231 καὶ
3516 1183 3735 1251 φρονεῖν

2148 1263 2245 1317 καὶ
2278 1264 2478 1319 λαλεῖν.
2518 1266 2657 1318 Ἀλλ’
2689 1266 2875 1337 ῶνησα
2904 1267 3066 1321 πάλιν
3092 1269 3265 1322 οὐδέν.
3302 1270 3525 1341 Ἔχεται
3557 1272 3613 1325 δὲ
3638 1274 3735 1326 καὶ

2149 1358 2230 1420 είς
2260 1357 2423 1429 δεῦρο
2455 1358 2565 1412 τῶν
2596 1360 2691 1413 ἀπ’
2725 1360 2925 1433 ἀρχῆς,
2959 1362 3056 1415 καὶ
3085 1364 3145 1415 οὐ
3187 1362 3422 1419 παύεται
3461 1364 3637 1419 λαλῶν
3664 1367 3737 1419 τὰ

2146 1448 2578 1519 διεστραμμένα.

2218 1626 2538 1682 Γινωσκέτω
2586 1629 2643 1681 δὲ
2683 1632 2778 1684 καὶ
2816 1631 2975 1686 τοῦτο
3006 1635 3039 1705 ἡ
3074 1634 3142 1706 σὴ
3180 1635 3483 1702 Θεοσέϐεια,
3514 1637 3597 1691 ὅτι
3638 1640 3732 1693 καὶ

2146 1715 2319 1769 ἅπασι
2365 1720 2479 1780 τοῖς
2504 1718 2647 1772 κατὰ
2683 1722 2784 1791 τὴν
2821 1722 3111 1794 Ἀνατολὴν
3160 1725 3483 1791 ἐπισκόποις
3515 1729 3731 1799 συνᾴδει

456 1800 647 1842 omnes
669 1796 726 1844 et
748 1790 958 1859 dolere,
993 1797 1230 1854 maxime
1249 1816 1385 1857 vero
1402 1809 1893 1868 reverendissimos
1925 1814 2031 1870 Ma-

2146 1810 2211 1863 τὸι
2238 1811 2527 1891 λεγόμενα*
2556 1814 2651 1867 καὶ
2687 1790 3102 1885 δυσχεραίνουσι
3134 1814 3335 1879 πάντες
3365 1816 3460 1870 καὶ
3501 1790 3729 1872 λυποῦν-

455 1878 701 1935 οθάοηίιε
733 1884 1041 1955 episcopos.
1072 1888 1140 1943 Et
1167 1906 1291 1946 cum
1322 1892 1428 1949 hoc
1451 1910 1795 1969 compertum
1819 1903 2038 1973 habeat,

453 1983 513 2023 se
531 1970 791 2028 omnibus
808 1976 1200 2045 sapientiorem
1219 1998 1339 2039 esse
1354 1985 1452 2057 (5),
1472 2004 1531 2044 se
1547 1992 1725 2047 solum
1744 1970 2041 2066 Scripturte

452 2061 720 2121 divinitus
787 2068 1068 2139 inspirata:
1123 2089 1351 2145 scopum
1406 2082 1672 2153 attigisse,
1725 2099 1781 2143 et
1833 2061 2040 2145 Christi

452 2156 773 2225 mysterium
821 2164 1145 2231 cognovisse
1182 2168 1505 2226 arbitratur.
1564 2174 1729 2245 Atqui
1762 2184 2040 2247 quomodo

450 2260 562 2300 non
582 2250 827 2317 oportuit
850 2266 977 2313 eum
1001 2254 1135 2310 illud
1160 2260 1345 2328 potius
1365 2276 1466 2332 pro
1482 2274 1636 2321 certo
1657 2268 1883 2335 habere,
1912 2290 2037 2329 cum

450 2351 643 2395 omnes
659 2356 758 2409 per
771 2350 946 2399 totum
969 2348 1161 2403 orbem
1186 2354 1473 2409 constituti
1487 2358 2034 2435 orthodoxiepiscopi

449 2443 515 2484 ac
564 2430 691 2487 laici
729 2433 1010 2523 Christum
1056 2439 1251 2505 Deum,
1298 2459 1363 2500 ac
1408 2447 1687 2519 Virginem
1735 2430 2035 2523 quzeilluin

449 2524 643 2593 genuit
675 2507 967 2597 Deiparam
998 2533 1389 2604 conﬁteantur,
1422 2556 1479 2596 se
1502 2507 1679 2599 solum
1704 2507 1797 2615 qui
1826 2548 1930 2604 hoc
1956 2551 2038 2605 in-

448 2612 688 2682 ﬁciatur,
705 2623 935 2677 errare?
965 2624 1167 2680 Verum
1189 2627 1333 2683 fastu
1358 2640 1577 2689 tumens
1599 2652 1663 2691 ac
1682 2639 1828 2695 sedis
1844 2649 2037 2710 poten-

448 2708 546 2772 tia,
574 2717 640 2765 ut
665 2712 926 2769 omnibus
947 2714 1174 2773 insidias
1201 2728 1398 2787 struat,
1426 2724 1684 2792 abutens,
1705 2708 2034 2789 eﬂ’ecturum

447 2812 507 2854 se
539 2799 844 2858 arbitratur
887 2814 949 2860 ut
971 2816 1029 2862 et
1048 2822 1155 2865 nos
1198 2819 1256 2865 et
1282 2813 1481 2883 reliqui
1504 2830 1697 2874 omnes
1723 2836 1837 2877 suze
1863 2824 2037 2893 ipsius

446 2894 735 2950 sententiae
760 2897 1196 2957 subscribamus.

518 2982 629 3052 39
665 2984 717 3039 6.
749 2985 961 3056 Ecquid
989 2989 1158 3059 igitur
1180 2992 1449 3054 faciemus
1470 3042 1483 3064 ,
1517 3016 1644 3056 cum
1672 3020 1853 3075 neque
1878 3007 2033 3064 illum
2061 3044 2069 3052 -

2142 1924 2253 1972 ται,
2312 1907 2407 1960 καὶ
2446 1907 2681 1978 μάλιστα
2718 1910 2765 1960 οἱ
2814 1908 2955 1961 κατὰ
3003 1909 3101 1978 τὴν
3132 1908 3472 1963 Μακεδονίαν
3515 1910 3731 1963 εὐλαϐέ-

2146 2018 2331 2054 στατοι
2354 2002 2666 2055 ἐπίσκοποι.
2690 2001 2804 2055 Καὶ
2832 2001 2990 2055 τοῦτο
3014 2002 3188 2067 εἰδὼς,
3215 2004 3386 2056 οἴεται
3414 2003 3495 2056 ὅτι
3512 2005 3729 2058 πάντων

2143 2094 2261 2145 ἐστὶ
2295 2092 2627 2164 σοφώτερος,
2665 2094 2761 2147 καὶ
2792 2094 2953 2163 μόνος
2982 2089 3090 2146 οἶδε
3137 2095 3228 2148 τὸν
3254 2094 3454 2148 σκοπὸν
3482 2095 3584 2165 τῆς
3612 2094 3731 2148 θεο-

2142 2184 2411 2237 πνεύστου
2441 2186 2686 2256 Γραφῆς,
2746 2187 2840 2238 καὶ
2877 2186 2939 2238 τὸ
2977 2186 3071 2239 τοῦ
3116 2185 3355 2256 Χριστοῦ
3402 2187 3725 2257 μυστήριον.

2141 2278 2331 2331 Καίτοι
2362 2278 2479 2342 πῶς
2509 2280 2609 2333 οὐκ
2659 2279 2763 2330 ἔδει
2808 2279 3273 2349 πληροφορεῖσοαι
3308 2280 3508 2349 μᾶλλον
3540 2281 3725 2343 αὐτὸν,

2140 2371 2221 2424 ὅτι
2250 2371 2468 2425 πάντων
2510 2371 2619 2424 τῶν
2645 2371 2788 2424 κατὰ
2821 2374 3002 2425 πᾶσαν
3035 2371 3134 2441 τὴν
3163 2373 3488 2443 οἰκουμένην
3517 2373 3730 2443 όροοδό-

2140 2465 2246 2531 ξων
2279 2465 2597 2518 ἐπισκόπων
2642 2464 2737 2518 καὶ
2793 2464 2999 2517 λαῖκῶν
3047 2463 3453 2533 ὁμολογούντων
3504 2466 3584 2518 ὅτι
3631 2466 3729 2519 καὶ

2138 2555 2273 2617 Θεὸς
2301 2551 2370 2624 ἦν
2410 2558 2439 2609 ὁ
2482 2555 2738 2626 Χριστὸς,
2781 2556 2876 2609 καὶ
2912 2555 3172 2619 Θεοτόκος
3213 2557 3246 2625 ή
3286 2555 3521 2609 τεκοῦσα
3558 2556 3726 2610 αὐτὸν

2140 2647 2437 2718 Παρθένος,
2472 2648 2736 2702 πλανᾶται
2768 2648 2935 2717 μόνος
2967 2648 3127 2711 αὐτὸς
3159 2648 3318 2701 τοῦτο
3357 2648 3726 2718 ἀρνούμενος;

2151 2740 2293 2792 Ἀλλ’
2306 2740 2595 2810 όφρύεται,
2616 2743 2711 2793 καί
2731 2739 2904 2793 οἴεται
2933 2742 3037 2803 ὅτι,
3070 2742 3135 2810 τῇ
3162 2738 3451 2809 δυναστείᾳ
3474 2737 3570 2792 τοῦ
3602 2738 3728 2811 θρό-

2138 2850 2229 2887 νου
2287 2836 2456 2887 πᾶσιν
2495 2831 2884 2895 ἐπιϐουλεύων,
2941 2834 3037 2885 καὶ
3072 2834 3219 2902 ἡμᾶς
3266 2832 3299 2901 ἦ
3332 2831 3427 2884 καὶ
3464 2830 3589 2894 τοὺς
3629 2830 3726 2884 ἄλ-

2138 2919 2262 2984 λους
2290 2920 2536 2985 ἅπαντας
2570 2920 2855 2973 ἀναπείσει
2887 2922 2956 2974 τὰ
2998 2921 3137 2974 αὐτὰ
3169 2924 3386 2991 φρονεῖν
3412 2919 3580 2990 αὐτῷ.

2211 3014 2278 3065 Τί
2329 3011 2509 3065 τοίνυν
2541 3011 2848 3082 δράσομεν,
2908 3010 3035 3063 οὔτε
3093 3010 3481 3071 ἀναπείθοντες
3539 3012 3721 3073 αὐτὸν,

447 3078 510 3125 ut
531 3073 837 3143 resipiscat,
861 3094 1043 3149 neque
1060 3089 1121 3136 ut
1136 3084 1405 3154 ejusmodi
1427 3073 1791 3151 concionibus
1804 3098 2031 3156 absistat

447 3161 846 3184 ,_,___A__M_
1187 3176 1200 3184 .
1403 3179 1431 3184 ι

2139 3082 2264 3159 οῦτε
2313 3104 2524 3157 παῦσαι
2560 3103 2851 3173 δυνάμενοι
2890 3102 3000 3155 τῶν
3052 3103 3310 3157 τοιούτων
3355 3104 3603 3173 ὁμιλιῶν,
3628 3106 3723 3158 καὶ

446 3161 707 3221 inducere
718 3182 1014 3238 queamus;
1035 3176 1381 3248 populusque
1392 3179 2032 3259 Constantinopolitanus

443 3251 617 3322 magis
661 3270 725 3309 ac
774 3259 948 3328 magis
981 3260 1039 3316 in
1074 3263 1198 3319 dies
1221 3281 1628 3340 corrumpatur,
1662 3280 1879 3334 tametsi
1914 3280 2030 3337 haec

443 3340 667 3414 indigne
684 3344 845 3412 ferat,
867 3351 1009 3405 etab
1024 3353 1349 3413 orthodoxis
1370 3360 1695 3421 doctoribus
1708 3371 2028 3436 praesidium

441 3438 765 3503 exspectet?
811 3440 987 3497 Nobis
1031 3459 1163 3501 sane
1211 3448 1279 3504 de
1311 3452 1478 3508 rebus
1499 3458 1820 3527 vulgaribus
1848 3479 2031 3522 sermo

442 3541 552 3580 non
593 3536 678 3583 est
699 3571 714 3595 ,
772 3533 869 3587 sed
907 3550 1087 3606 neque
1114 3540 1345 3607 periculi
1375 3560 1573 3614 expers
1600 3548 1745 3609 foret
1777 3563 2028 3612 nostrum

439 3618 744 3675 silentium.
775 3622 830 3678 Si
852 3627 1001 3681 enim
1018 3627 1274 3687 Christus
1290 3638 1556 3694 conviciis
1576 3644 1874 3711 appetitur,
1893 3665 2029 3718 quo-

439 3712 603 3768 modo
641 3730 742 3770 nos
776 3717 1095 3786 silebimus,
1133 3727 1370 3785 maxime
1393 3745 1520 3787 cum
1546 3734 1753 3791 Paulus
1776 3741 1981 3798 scribat
2014 3763 2025 3797 :

445 3822 463 3854 ι
493 3804 549 3859 Si
568 3807 716 3862 enim
739 3811 929 3869 volens
949 3813 1053 3870 hoc
1072 3833 1195 3887 ago,
1215 3824 1530 3880 mercedem
1548 3826 1755 3897 habeo;
1781 3833 1827 3887 si
1842 3844 2026 3891 autem

438 3895 664 3963 invitus,
697 3900 1036 3972 dispensatio
1062 3909 1197 3964 mihi
1226 3913 1437 3969 credita
1455 3924 1540 3973 est
1561 3920 1661 3973 εει»
1697 3895 1809 3978 Nos
1835 3926 2025 3996 igitur,

437 3986 642 4054 quibus
670 3991 826 4046 verbi
868 3992 1212 4065 dispensatio
1258 4002 1497 4075 ﬁdeique
1519 4011 1770 4067 custodia
1814 3986 2031 4073 credita

437 4084 547 4142 est,
584 4079 716 4150 quid
761 4082 817 4136 in
864 4084 954 4140 die
980 4087 1178 4157 judicii
1240 4092 1443 4151 dicturi
1480 4116 1694 4167 sumus,
1744 4105 1791 4159 si
1840 4118 2031 4165 contra

435 4167 628 4225 isthmc
649 4172 1085 4234 obticuerimus?

502 4262 553 4316 7.
591 4263 675 4318 Ab
709 4264 863 4323 illius
896 4278 1078 4327 tamen
1107 4279 1497 4338 communione
1539 4286 1719 4354 palam
1752 4297 1808 4344 et
1834 4303 2027 4361 aperte

430 4356 803 4428 nosmetipsos
819 4376 930 4417 non
963 4365 1120 4434 prius
1140 4367 1475 4439 divellimus,
1511 4391 1678 4446 quam
1699 4380 1816 4436 litee
1834 4356 2025 4452 pietati

2134 3194 2405 3264 ὁσημέραι
2445 3193 2910 3263 κατεφθαρμένων
2950 3193 3059 3247 τῶν
3103 3195 3160 3247 ὲν
3207 3197 3721 3249 Κωνσταντινουπό-

2132 3289 2236 3353 λει,
2284 3288 2378 3341 καὶ
2434 3286 2895 3356 δυσχεραινόντων
2934 3287 3068 3356 μὲν,
3121 3287 3495 3359 ἐκδεχομένων
3530 3288 3588 3342 δὲ
3624 3289 3722 3359 τὴν

2133 3378 2287 3449 παρὰ
2313 3376 2422 3431 τῶν
2454 3376 2753 3447 ὀρθοδόξων
2778 3375 3116 3432 διδασκάλων
3144 3379 3493 3450 ὲπικουρίανς
3521 3381 3631 3433 Καὶ
3659 3382 3720 3433 οὐ

2132 3470 2262 3540 περὶ
2295 3470 2405 3522 τῶν
2437 3469 2710 3539 τυχόντων
2746 3469 2775 3520 ὁ
2815 3469 2971 3537 λόγος
3000 3471 3152 3540 ἡμῖν,
3196 3471 3311 3526 ἀλλ’
3349 3472 3470 3525 οὐδὲ
3503 3473 3719 3526 ἀκίνδυ-

2130 3564 2268 3631 νοςὴ
2301 3561 2503 3630 σιωπή.
2524 3562 2588 3613 El
2609 3560 2714 3630 γὰρ
2744 3560 2920 3630 δυσφη
2932 3564 3113 3631 μεῖται
3139 3564 3393 3633 Χριστὸς,
3412 3564 3529 3627 πῶς
3557 3567 3720 3636 ἡμεῖς

2133 3655 2529 3724 σιωπήσωμεν,
2588 3651 2766 3705 καίτοι
2814 3652 2908 3705 τοῦ
2966 3652 3181 3706 Παύλου
3222 3656 3546 3725 γράφοντος
3594 3674 3612 3706 ι
3656 3657 3720 3710 Ei

2131 3748 2240 3817 γὰρ
2272 3745 2416 3799 ἑκὼν
2448 3745 2609 3798 τοῦτο
2643 3746 2906 3815 πράσσω,
2961 3744 3152 3814 μισθὸν
3182 3745 3310 3815 ἔχω’
3346 3748 3396 3799 εἰ
3439 3746 3495 3800 δὲ
3544 3746 3718 3810 ἄκων,

2130 3837 2443 3907 οἰκονομίαν
2477 3836 2880 3906 πεπίστευμαι;
2918 3854 2935 3887 ι
2966 3837 3031 3889 Ui
3070 3836 3247 3891 τοίνυν
3273 3840 3718 3911 ἐμπεπιστευμέ-

2131 3947 2211 3983 νοι
2244 3929 2339 3983 τοῦ
2372 3930 2535 3999 λόγου
2568 3928 2669 4000 τὴν
2696 3930 3028 4001 οἰκονομίαν,
3074 3932 3169 3986 καὶ
3213 3931 3313 3999 τῆς
3350 3932 3587 3998 πίστεως
3619 3936 3720 4007 τὴν

2131 4023 2455 4092 ἀσφάλειαν,
2491 4022 2543 4076 τί
2570 4022 2808 4093 ἐροῦμεν
2850 4024 2910 4076 ὲν
2954 4022 3140 4095 ἡμέρᾳ
3168 4024 3423 4095 κρίσεως,
3459 4024 3587 4079 ὅταν
3625 4026 3720 4080 ἐπὶ

2128 4116 2337 4180 τούτοις
2372 4117 2688 4186 σιγήσωμεν
2707 4132 2722 4181 ;

2203 4297 2280 4350 υὺ
2310 4295 2582 4366 πρότερον
2619 4293 2678 4347 δὲ
2716 4294 2818 4365 τῆς
2845 4295 2983 4366 πρὸς
3009 4296 3171 4349 αὐτὸν
3209 4296 3498 4361 κοινωνίας
3527 4297 3723 4351 ὲκσάλ-

2130 4390 2299 4459 λομεν
2336 4387 2565 4450 ἑαυτοὺς
2596 4386 2735 4457 μετὰ
2784 4387 3123 4457 παρρησίας,
3158 4388 3289 4459 πρὶν
3337 4389 3403 4443 ἂν
3434 4389 3612 4445 ταῦτα
3647 4393 3714 4462 τῇ

432 4453 539 4503 tua:
575 4448 1023 4513 indicaverimus.
1059 4459 1313 4532 Digneris
1347 4465 1515 4537 igitur
1548 4472 1711 4527 nobis
1741 4473 2022 4532 declarare

2139 4448 2210 4553 τῇ.
2234 4477 2515 4549 θεοσεϐείᾳ
2547 4448 3218 4549 ήὰνακοινωσωμεθα.Ῠ-Διό
3263 4480 3327 4552 δὴ
3375 4448 3715 4549 καταξίωσον

430 4539 563 4608 quid
593 4541 690 4598 tibi
709 4544 982 4616 videatur,
1002 4558 1059 4606 et
1080 4562 1263 4610 utrum
1284 4557 1581 4630 aliquando
1601 4579 1726 4620 cum
1754 4567 1847 4622 illo
1871 4584 2022 4624 com-

429 4632 714 4691 municare
743 4648 1015 4708 oporteat,
1051 4659 1121 4700 an
1156 4646 1332 4705 libere
1360 4652 1709 4723 denuntiare,
1741 4660 2020 4716 neminem

427 4741 554 4782 cum
603 4743 671 4784 eo
717 4730 813 4800 qui
865 4734 996 4790 talia
1039 4740 1210 4794 sentit
1256 4757 1321 4797 ac
1352 4744 1523 4812 jdocet
1586 4752 2017 4809 communicare.

493 4862 588 4916 “l
624 4863 752 4919 Cor.
784 4882 858 4933 rx,
894 4868 982 4923 17.

486 5000 1028 5085 (l)§pistolan_em_pe
1043 5009 1096 5063 4.
1118 5007 1415 5085 Antiquam
1438 5012 1588 5067 illius
1610 5015 2017 5085 .nterpretatio-

426 5086 553 5126 nem
573 5072 763 5155 Steph.
786 5072 1040 5133 Baluzi'us
1056 5096 1173 5134 nov.
1198 5072 1320 5163 coll.
1341 5099 1489 5136 conc.
1514 5098 1636 5208 pag.
1652 5072 2013 5167 tofi-eithibet,

426 5142 520 5195 sed
557 5144 720 5198 aliam
763 5147 834 5201 ab
866 5163 934 5203 ea
980 5165 1148 5208 quam
1178 5150 1473 5208 Liberatus
1502 5169 1550 5208 c.
1647 5170 1844 5208 primis
1868 5156 2013 5208 illius

426 5142 834 5225 sed‘aliainnab
866 5163 934 5203 ea
980 5165 1148 5219 quam
1178 5150 1473 5208 Liberatus
1502 5142 1550 5208 ἑ.
1586 5142 1620 5208 Ἀ
1647 5154 1844 5225 primis
1868 5142 2017 5211 illius

348 5232 361 5241 κ
425 5212 614 5267 verbis
641 5214 869 5272 indicat.

500 5282 577 5366 (ᾖ)
612 5285 659 5337 Α
699 5285 887 5366 Grazca
931 5290 1115 5366 littera
1148 5294 1357 5349 recedit
1386 5294 1605 5365 vulgata
1634 5294 2017 5366 interpretatio

424 5351 482 5404 in
528 5353 679 5435 hunc
718 5359 981 5437 modum:
1015 5351 1542 5437 Sciatnihilomim‘is
1582 5376 1631 5420 et
1669 5351 2017 5437 hoc'quoquc

422 5425 681 5508 sanctitas
718 5424 884 5508 (apud
922 5429 1093 5501 Cyril.
1134 5436 1321 5508 pietas)
1357 5446 1470 5498 tua,
1502 5453 1687 5507 nempe
1716 5424 2014 5492 com'mer'tta

423 5491 567 5578 illius
587 5491 882 5578 ereutqles
907 5491 1017 5578 non
1033 5491 1274 5578 probare,
1298 5491 1388 5561 Sed
1407 5491 1600 5578 aliendi
1618 5491 1701 5562 eos
1727 5525 1788 5561 ac
1811 5507 2007 5561 dolere.

493 5563 571 5643 (ᾗ)
612 5564 763 5643 Idem
792 5568 856 5643 in
880 5585 947 5624 eo
968 5563 1162 5643 vitium
1187 5563 1570 5631 Socrates"lib.
1608 5594 1702 5643 vn,
1728 5594 1778 5632 c.
1806 5578 1894 5641 52,
1924 5594 1983 5633 re

424 5636 718 5717 prehendit
748 5638 834 5717 his
875 5641 1107 5717 verbis:
1155 5644 1480 5717 Arrogantia
1526 5636 1892 5703 enim'clams
1945 5651 2005 5702 ob

423 5704 628 5790 {licendi
662 5708 993 5790 facultatem,
1024 5710 1179 5790 libros
1201 5704 1359 5790 etiuvm
1394 5728 1625 5772 veterum
1658 5722 2003 5790 interpretum

424 5775 840 5851 haudquaquam
884 5775 1056 5852 legere
1099 5785 1436 5855 dignabatur,
1474 5790 1564 5853 sed
1590 5808 1644 5844 se
1675 5775 1845 5861 ipsum
1879 5791 2002 5845 reli-

2125 4572 2379 4628 τυπῶσαι
2411 4570 2473 4623 τὸ
2504 4567 2719 4632 δοκοῦν,
2753 4570 2849 4623 καὶ
2882 4570 3112 4643 πότερόν
3142 4588 3275 4625 ποτε
3299 4571 3405 4644 χρὴ
3434 4575 3715 4628 κοινωνεῖν

2126 4664 2298 4735 αὐτῷ,
2329 4663 2363 4732 ἢ
2388 4661 2575 4714 λοιπὸν
2592 4660 2848 4713 ἀπειπεῖν
2868 4660 3006 4730 μετὰ
3035 4662 3369 4733 παρρησίας,
3394 4663 3715 4718 ὃτι-τοιαῦτα

2128 4755 2421 4827 φρονοῦντι
2448 4753 2545 4806 καὶ
2577 4751 2887 4806 διδάσκοντι
2911 4753 3086 4817 οὐδεὶς
3110 4758 3381 4810 κοινωνεῖ.
3407 4756 3509 4809 Τὸν
3540 4756 3598 4810 δὲ
3620 4758 3713 4811 ἐπὶ

2122 5022 2517 5110 quislomnibus
2545 5026 3177 5110 prestere‘exisfimapat.
3203 5027 3361 5110 Hunc
3387 5029 3712 5110 arrogantia:

2122 5091 2377 5146 morbum
2414 5091 2668 5180 redolent
2700 5095 2869 5180 verba
2894 5096 3044 5178 illius
3067 5097 3123 5152 in
3152 5099 3437 5180 superiore
3458 5091 3710 5180 advmoui-

2122 5162 2273 5251 ‘tioLne
2292 5163 2706 5251 relata,quibus
2733 5162 3518 5251 C(elcstinumgsim'pl‘iciorem
3545 5178 3711 5251 atque

2121 5231 2466 5288 liebetiorem
2522 5231 2807 5304 praedicat,
2843 5252 3007 5323 quam
3055 5248 3117 5323 ut
3149 5231 3709 5323 ad'dogmat‘umvim

2122 5317 2187 5357 ac
2239 5318 2459 5358 sensum
2514 5309 3057 5380 penetrare__valeat.
3097 5310 3275 5380 Ipsius
3314 5309 3447 5365 vero
3469 5312 3709 5365 Νοειοτῆ

2121 5372 2487 5452 ignorantiam
2516 5372 2777 5452 Socrates
2812 5376 2948 5432 ibid.
2980 5396 3046 5433 ex
3079 5372 3146 5435 eo
3176 5381 3394 5452 probat,
3424 5381 3569 5451 quod
3594 5381 3709 5436 Ma-

2120 5445 2258 5497 riam
2290 5446 2385 5499 Dei
2417 5447 2740 5529 genitricem
2773 5463 3091 5533 nuncupare
3121 5445 3399 5534 re'nucr‘ct,
3432 5445 3708 5534 quamve:

2120 5522 2264 5569 teres
2291 5516 2595 5587 Scripturis
2628 5518 2778 5604 nixi,‘
2806 5516 3262 5604 nominatimque
3295 5516 3576 5604 Origenes
3600 5531 3638 5575 t.
3687 5524 3707 5578 ι

2115 5583 2168 5656 in
2200 5583 2499 5656 Epistolam
2529 5588 2679 5643 Pauli
2714 5586 2781 5640 ad
2806 5589 3099 5655 Romanos,
3136 5583 3191 5647 et
3222 5583 3495 5648 Eusebius
3520 5594 3617 5647 lib.
3650 5611 3707 5648 Ill

2116 5654 2191 5708 De
2231 5654 2338 5711 {vita
2383 5658 2759 5723 Constantini,
2822 5662 2927 5718 hoc
2985 5663 3207 5719 nomine
3258 5665 3533 5734 appellare
3596 5682 3708 5719 non

2111 5726 2453 5785 dubitabant.
