4028 6208
475 311 547 368 87
1203 347 1212 351 ~
1479 320 1534 377 S.
1576 322 1852 378 CYRILLI
1889 325 2362 386 ALEXANDRINI
2401 331 2718 388 ARClllEP.

3679 337 3756 395 88‘

471 440 634 480 secus
655 435 758 488 est,
782 436 839 483 et
857 427 925 485 de
954 445 1062 501 qua
1085 432 1231 488 Deus
1257 431 1392 487 dicit
1409 432 1479 487 ad
1503 434 1670 491 Josue
1695 453 1709 489 :
1748 455 1765 486 ι
1797 437 1950 494 Sicut
1983 440 2048 495 l‘uf

2171 443 2345 510 οὕτως
2369 445 2565 516 ὅσομαι
2603 445 2741 516 μετά
2772 443 2889 502 σοῦ.
2932 465 2950 499 ι
2980 407 3254 517 Κρύπτων
3277 447 3335 502 δὲ
3349 449 3452 521 τὴν
3469 449 3745 520 ἀσέϐειαν,

470 531 598 572 cum
627 517 828 590 Moyse,
865 520 940 576 ita
966 537 1063 578 ero
1089 532 1270 580 tecum
1303 524 1366 577 “.
1397 544 1414 574 ι
1453 525 1521 581 Ut
1557 536 1740 582 autem
1775 538 1921 601 tegat
1954 532 2057 586 im-

468 610 750 679 pietatem,
776 612 1020 668 Verbum
1050 630 1174 670 cum
1197 615 1316 686 ipso
1340 631 1409 672 ex
1429 625 1589 673 utero
1613 619 1690 690 (i)
1711 619 1847 677 dicit
1865 621 2054 678 fuisse.

535 702 588 756 2.
626 703 838 778 idcirco
870 721 1050 776 neque
1090 707 1270 777 ipsum
1306 724 1428 764 esse
1473 709 1609 766 dicit
1640 729 1830 768 verum
1861 715 2056 781 Deum,

465 795 564 850 sed
609 796 762 852 velut
806 813 872 852 ex
897 798 1264 855 benefiemtia
1307 801 1403 857 Dei
1439 801 1516 872 (2)
1545 818 1612 858 eo
1641 805 1864 860 nomine
1889 806 2060 862 dona-

468 895 624 952 tum;
668 899 725 944 et
769 890 1024 959 quamvis
1061 891 1326 948 Dominus
1375 893 1448 948 sit
1500 895 1828 965 appellatus,
1862 897 2056 953 eadem

2165 533 2312 604 λέγει
2343 537 2424 608 ότι
2453 537 2517 590 ὲκ
2558 537 2775 607 μήτρας
2809 537 2976 608 συνῆν
3006 537 3177 609 αὐτῷ.

2233 713 2332 766 Διά
2360 711 2521 768 τοῦτο
2548 713 2672 768 οὔτε
2708 715 2841 770 Θεὸν
2886 715 3140 788 ἀληθινὸν
3183 716 3348 770 αὐτὸν
3391 711 3534 772 εῖναι
3570 718 3745 787 λέγει,

2159 803 2277 858 ἀλλ’
2311 804 2388 868 ὡς
2429 805 2650 877 εὐδοκία
2686 805 2782 860 τοῦ
2819 805 2958 860 Θεοῦ
3013 807 3355 878 κεκλημένον
3400 809 3604 873 οὕτως·
3644 810 3753 863 κᾶν

2159 895 2366 966 Κύριος
2404 895 2723 968 ὠνομάσθη,
2747 897 2923 962 οὕτως
2951 897 3115 953 πάλιν
3148 899 3310 953 αὐτὸν
3343 899 3594 969 βούλεται
3634 901 3747 954 Κύ-

465 993 662 1034 rursus
688 979 899 1035 ratione
933 981 1052 1037 vult
1078 997 1200 1038 esse
1221 983 1534 1050 Dominum,
1555 987 1684 1056 quia
1705 987 1810 1042 hoc
1836 989 1886 1044 ei
1914 990 2048 1046 Deus

2163 1005 2297 1058 ριον,
2327 989 2407 1052 ὡς
2434 989 2530 1043 τοῦ
2575 988 2712 1044 Θεοῦ
2753 989 2932 1059 Λόγου
2966 991 3338 1063 χαρισαμένου
3369 992 3519 1064 αὑτῷ
3547 992 3608 1046 τὸ
3639 1010 3744 1048 κα-

464 1071 704 1126 Verbum
740 1072 961 1127 dederit
993 1084 1054 1129 ut
1088 1075 1168 1130 sic
1198 1077 1576 1147 appellaretur

533 1161 588 1216 5.
612 1163 725 1218 Nec
746 1164 824 1220 ait
845 1166 995 1236 quod
1022 1167 1280 1233 dicimus,
1310 1168 1512 1224 Filium
1536 1170 1632 1226 Dei
1663 1171 1740 1244 (3)
1769 1189 1870 1244 pro
1895 1176 2058 1232 nobis

463 1264 742 1312 mortuum
775 1274 918 1326 esse,
957 1269 1015 1316 et
1042 1260 1414 1318 resurrexisse
1443 1280 1456 1315 :
1495 1263 1590 1318 sed
1627 1263 1793 1322 homo
1829 1266 2055 1341 [inquit]

463 1357 716 1404 mortuus
749 1360 852 1416 est,
887 1361 943 1408 et
967 1351 1132 1408 homo
1161 1353 1485 1420 resurrexit,
1509 1355 1761 1429 nihilque
1781 1360 2054 1431 ejusmodi

460 1439 529 1494 ad
561 1441 802 1498 Verbum
835 1443 933 1499 Dei
958 1445 1220 1514 pertinet.

529 1533 583 1585 4.
615 1533 727 1589 N‘os
764 1536 988 1605 quidem
1013 1537 1257 1593 Verbum
1281 1539 1454 1595 Deum
1484 1541 1852 1600 immortalem
1874 1561 1938 1604 ac
1968 1547 2053 1602 vi-

461 1629 570 1676 tam
608 1639 729 1679 esse
763 1626 1132 1695 conﬁtemur;
1171 1630 1265 1686 sed
1307 1639 1363 1687 et
1394 1632 1674 1690 credimus
1713 1650 1936 1693 carnem
1968 1640 2050 1695 fa.

458 1723 629 1782 ctum,
655 1717 761 1773 hoc
776 1728 880 1783 est,
905 1735 1031 1776 cum
1054 1722 1320 1785 univisset
1340 1725 1447 1780 sibi
1470 1741 1694 1783 carnem
1718 1744 1845 1784 cum
1867 1731 2052 1788 anima

2158 1079 2370 1134 λεῖσθαι
2401 1081 2500 1134 καὶ
2526 1080 2688 1135 οὕτω.

2228 1169 2321 1241 Μή
2343 1187 2511 1241 φησιν
2537 1171 2622 1224 ὅτι
2649 1172 2790 1243 ὅπερ
2815 1171 3070 1242 λέγομεν,
3103 1171 3399 1227 ἀποθανεῖν
3419 1172 3559 1244 ὑπὲρ
3587 1173 3746 1246 ἡμῶν

2154 1258 2250 1313 τὸν
2280 1259 2410 1313 Υἱὸν
2441 1259 2538 1314 τοῦ
2568 1261 2726 1326 Θεοῦ,
2766 1263 2860 1316 καὶ
2890 1261 3213 1332 ἀναστῆναι,
3257 1264 3288 1316 ό
3316 1261 3603 1334 ἄνθρωπος
3637 1266 3745 1319 ἀπ-

2157 1350 2336 1416 έθανε,
2376 1351 2471 1405 καὶ
2499 1352 2528 1405 ό
2549 1351 2838 1424 ἄνθρωπος
2883 1353 3118 1424 ἀνέστη·
3152 1353 3248 1406 καὶ
3271 1352 3427 1408 οὐδὲν
3468 1353 3628 1408 τοῦτο
3665 1354 3744 1426 (7)

2155 1443 2296 1515 πρὸς
2327 1443 2420 1498 τὸν
2447 1444 2542 1499 τοῦ
2571 1444 2708 1499 Θεοῦ
2735 1445 2930 1515 Λόγον.

2227 1536 2338 1590 Καὶ
2367 1537 2532 1607 ἡμεῖς
2568 1537 2670 1608 μὲν
2703 1537 2815 1610 γὰρ
2844 1537 3222 1610 ὁμολογοῦμεν
3244 1537 3328 1594 ὅτι
3351 1539 3450 1595 καὶ
3477 1539 3743 1605 ἀθάνατός

2154 1630 2303 1683 ἐστιν
2340 1631 2369 1683 ό
2421 1628 2508 1684 τοῦ
2557 1628 2692 1684 Θεοῦ
2732 1630 2905 1700 Λόγος
2939 1631 3034 1686 καὶ
3072 1631 3185 1703 ζωή
3235 1633 3417 1686 ἐστιν·
3471 1632 3609 1686 ἀλλά
3649 1651 3742 1686 πι-

2155 1721 2422 1794 στεύομεν
2449 1723 2532 1776 ὄτι
2561 1723 2753 1792 γέγονε
2795 1722 2954 1795 σάρξ,
2983 1724 3290 1790 τουτέστιν,
3323 1723 3532 1788 ένώσας
3562 1726 3743 1796 ἑαυτῷ

458 1807 750 1874 rationali,
796 1827 1020 1882 passum
1061 1828 1184 1873 esse
1219 1816 1276 1871 in
1318 1832 1505 1884 carne,
1547 1821 1854 1877 secundum
1897 1823 2048 1879 Scri-

2160 1813 2254 1886 τὴν
2280 1816 2462 1886 σάρκα
2507 1816 2646 1888 μετὰ
2674 1816 2854 1886 ψυχῆς
2885 1816 3134 1888 λογικῆς,
3169 1817 3339 1872 ἔπαθε
3382 1819 3568 1890 σαρκὶ,
3600 1821 3744 1872 κατὰ

456 1909 647 1970 pturas
667 1919 682 1970 ;
706 1912 763 1958 et
790 1907 1049 1975 quoniam
1076 1921 1278 1978 corpus
1305 1909 1426 1980 ejus
1440 1912 1750 1982 passionem
1765 1915 2050 1982 sustinuit,

458 1991 755 2062 lpsummet
783 1994 893 2051 dici
926 2011 1149 2068 passum
1183 2013 1326 2064 esse,
1352 1986 1607 2070 quamvis
1626 2011 1826 2058 natura
1857 2003 1928 2060 sit
1953 2021 2052 2060 ex-

454 2097 585 2152 pers
616 2085 861 2154 patiendi
888 2103 904 2153 ;
927 2103 1282 2158 rursumque,
1304 2091 1566 2160 quoniam
1593 2096 1902 2150 resurrexit
1932 2111 2054 2152 cor-

454 2188 560 2243 pus
585 2174 726 2246 ejus,
760 2191 872 2232 non
891 2177 1039 2234 enim
1078 2179 1218 2235 vidit
1249 2182 1662 2252 corruptionem
1687 2200 1817 2240 caro
1841 2188 1962 2258 ejus
1982 2189 2049 2254 "’,

457 2263 640 2335 ipsum
684 2266 797 2323 dici
840 2270 1150 2329 surrexisse
1175 2285 1278 2341 pro
1309 2272 1565 2328 mortuis.
1598 2273 1692 2330 ille
1721 2283 1906 2331 autem
1939 2293 2051 2333 non

453 2355 530 2410 ita
561 2357 752 2423 sentit,
783 2358 881 2414 sed
908 2359 1221 2432 passionem
1253 2359 1496 2417 hominis
1521 2376 1665 2429 esse,
1699 2372 1757 2420 et
1793 2380 2050 2422 resurre-

453 2446 698 2504 ctionem
721 2449 965 2507 hominis
987 2467 1112 2508 esse
1142 2493 1157 2518 ,
1194 2460 1250 2508 et
1271 2453 1420 2524 quod
1451 2453 1508 2509 in
1537 2456 1820 2527 mysteriis
1841 2473 2050 2530 propo-.

453 2537 604 2595 nitur
631 2539 730 2614 (4),
763 2541 1008 2599 hominis
1037 2559 1242 2615 corpus
1263 2560 1384 2601 esse
1404 2545 1686 2616 pradicat.
1718 2547 1830 2603 Nos
1864 2559 2049 2606 autem

453 2630 736 2687 credimus
756 2632 925 2688 Verbi
955 2648 1178 2689 carnem
1221 2633 1430 2690 idcirco
1471 2634 1548 2707 (5)
1584 2635 1901 2693 viviﬁcandi
1939 2640 2054 2694 vir-

455 2724 630 2777 tutem
665 2719 943 2786 obtinere,
975 2722 1106 2792 quia
1126 2722 1294 2778 Verbi
1325 2725 1511 2780 omnia
1540 2721 1871 2783 viviﬁcantis
1906 2728 2050 2789 facta

448 2809 526 2866 sit
557 2826 688 2866 caro
713 2819 769 2868 et
804 2813 1049 2884 sanguis.

524 2901 578 2956 5.
621 2901 744 2959 Haec
774 2905 864 2960 ille
901 2904 1085 2960 dicere
1123 2922 1248 2962 eum
1281 2924 1393 2967 non
1419 2912 1744 2978 sustineret,
1781 2912 1969 2970 eli'ecit
1988 2922 2050 2970 ut

449 2991 746 3048 leestius
785 2995 1004 3050 libellos
1039 2998 1283 3054 traderet
1309 2999 1578 3058 adversus
1618 3004 1934 3076 Philippum
1971 3005 2047 3078 (6)

452 3085 862 3156 presbyterum,
902 3089 998 3159 qui
1034 3104 1164 3144 eum
1203 3093 1491 3162 arguebat,
1531 3105 1588 3150 et
1619 3111 1744 3152 cum
1781 3097 1900 3168 ipso
1921 3114 2050 3169 pro-

525 3242 572 3274 “
595 3242 764 3302 Josue
799 3261 837 3311 ι,
864 3245 916 3300 5.
984 3246 1028 3277 ’⁷
1052 3246 1195 3309 Psal.
1222 3265 1309 3313 xv,
1345 3247 1432 3304 10.

2156 1905 2258 1970 τὰς
2290 1906 2514 1977 Γραφάς
2537 1923 2551 1938 ’
2586 1907 2684 1962 καὶ
2712 1908 2902 1979 ἐπειδὴ
2935 1907 2997 1962 τὸ
3042 1909 3203 1980 σῶμα
3239 1907 3408 1963 αὐτοῦ
3450 1910 3740 1972 πέπονθεν,

2157 1997 2318 2062 αὐτὸς
2347 1997 2567 2066 λέγεται
2609 1999 2822 2066 παθεῖν,
2853 1999 3036 2054 καίτοι
3074 1999 3174 2072 τὴν
3207 2000 3368 2070 φύσιν
3395 1999 3612 2072 ἀπαθὴς
3632 2001 3740 2054 ῶν·

2155 2091 2251 2144 καὶ
2285 2089 2474 2162 ἐπειδὴ
2513 2092 2576 2144 τὸ
2613 2091 2777 2163 σῶμα
2801 2090 2968 2148 αὐτοῦ
2995 2093 3218 2164 ἀνέστη,
3263 2093 3326 2146 οὗ
3356 2093 3466 2165 γὰρ
3493 2087 3601 2147 εἶδε
3629 2093 3744 2148 δια·

2155 2181 2366 2252 φθοράν
2394 2184 2428 2252 ἡ
2460 2182 2598 2254 σὰρξ
2620 2184 2806 2248 αὐτοῦ,
2837 2183 3056 2253 λέγεται
3087 2185 3170 2238 ὅτι
3194 2185 3354 2249 αὐτὸς
3377 2186 3577 2257 ἀνέστη
3602 2185 3744 2256 ὑπὲρ

2155 2277 2386 2348 νεκρῶν.
2437 2275 2669 2348 Ἐκεινῳ
2705 2274 2765 2331 δὲ
2792 2277 2854 2330 οὐ
2882 2275 3058 2332 ταῦτα
3081 2277 3251 2344 δοκεῖ,
3283 2278 3419 2333 ἀλλά
3451 2296 3618 2350 φησιν
3660 2280 3745 2333 ὅτι

2154 2367 2446 2442 ἀνθρώπου
2468 2369 2662 2440 γέγονε
2683 2369 2746 2423 τὺ
2775 2369 2973 2434 πάθος,
2998 2369 3095 2424 καὶ
3123 2368 3414 2442 ἀνθρώπου
3442 2372 3475 2441 ἡ
3505 2371 3743 2439 ἀνάστα-

2155 2478 2262 2526 σις,
2295 2463 2392 2516 καὶ
2424 2463 2483 2515 ὲν
2513 2461 2632 2524 τοῖς
2658 2459 2982 2532 μυστηρίοις
3009 2459 3172 2531 σῶμά
3192 2460 3340 2514 ἐστιν
3369 2459 3660 2531 ἀνθρώπου
3678 2461 3742 2514 τδ

2151 2550 2540 2623 προκείμενον.
2581 2551 2778 2620 Ἡμεῖς
2821 2549 2880 2604 δὲ
2935 2547 3268 2618 πιστεύομεν
3311 2549 3394 2602 ὅτι
3433 2545 3530 2612 τοῦ
3562 2546 3741 2615 Λόγον

2153 2644 2272 2698 ἐστὶ
2319 2642 2459 2715 σάρξ
2491 2643 2779 2708 ζωοποιεῖν
2811 2640 3071 2710 ἰσχύουσα
3107 2639 3197 2694 διά
3220 2638 3399 2702 τοῦτο,
3433 2639 3516 2692 ὅτι
3548 2636 3643 2691 τοῦ
3671 2637 3744 2692 τά

2153 2735 2336 2793 πάντα
2360 2729 2757 2802 ζωοποιοῦντος
2782 2731 2958 2803 Λόγου
2995 2731 3189 2802 γέγονε
3221 2731 3356 2804 σὰρξ
3384 2730 3482 2786 καὶ
3509 2724 3668 2801 αἷμα.

2228 2911 2414 2968 Ταῦτα
2439 2911 2538 2966 οὐκ
2557 2911 2772 2981 ἀνέχων
2802 2911 2984 2978 λέγειν
3014 2912 3245 2975 ἐκεῖνος,
3273 2910 3570 2967 Κελέστιον
3597 2927 3736 2982 παρ·

2153 3005 2457 3060 εσκεύασεν
2508 3003 2792 3058 ἐπιδοῦναι
2824 3002 3104 3066 λιὸέλλους
3142 3001 3288 3057 κατὰ
3333 3001 3602 3056 Φιλίππου
3641 3001 3738 3056 τοῦ

2154 3097 2558 3168 πρεσϐυτέρου,
2587 3095 2881 3167 ἐλέγχοντα
2910 3095 2987 3168 (8)
3021 3096 3186 3150 αὐτὸν
3222 3095 3319 3150 καὶ
3354 3094 3552 3167 μηκέτι
3580 3093 3738 3165 Θελή-

450 3401 670 3485 ξνωσιν,
703 3402 1021 3485 inquitipse
1048 3405 1115 3459 ad
1147 3405 1462 3485 Nestorium
1487 3406 1648 3476 epist.
1676 3405 1762 3469 17,
1795 3405 1902 3485 hoc
1927 3413 2040 3485 est:
2073 3412 2115 3470 c
2151 3406 2361 3485 Marius
2404 3406 2674 3485 Mercator
2721 3407 3078 3485 prodmcnum
3118 3405 3314 3461 Latine
3355 3413 3554 3485 vocat,
3588 3404 3736 3485 idem

451 3471 574 3526 Ima
623 3471 1008 3544 conjunctionis
1048 3478 1344 3544 respuimus
1389 3471 1598 3539 nomén,
1647 3485 1704 3530 ut
1738 3477 1910 3529 minus
1933 3476 2047 3529 ido-

452 3493 574 3526 rma
623 3493 1008 3544 σοημιηειιοηιε
1048 3493 1130 3530 res
1206 3493 1344 3530 Imus
1389 3493 1598 3539 nomen,
1647 3493 1704 3530 nr
1738 3493 2047 3529 mmusrao—

452 3559 746 3614 ncumrquo
776 3546 944 3599 unitio
982 3493 1347 3614 signigz‘gtur;
1383 3562 1504 3610 seu,
1527 3555 1588 3600 ut
1613 3545 1746 3601 Mar.
1775 3545 2048 3600 Mercator

451 3613 587 3698 edit.
624 3613 809 3698 Bal-ua.
836 3630 959 3698 pag.
995 3613 1331 3677 562'Latinc
1369 3616 1680 3698 convertit:
1728 3616 1843 3678 Imo
1875 3618 2048 3698 potius

451 3684 1106 3757 coniunctionis—evitamus
1129 3703 1339 3752 nomen,
1375 3695 1634 3757 tanquam
1668 3703 1772 3740 non
1799 3684 2049 3741 exsistens

451 3754 702 3839 idolncu‘m
732 3754 1158 3839 qtrodLsigniﬁcet
1195 3759 1415 3839 unitatis
1450 3754 1729 3839 arcanum.

527 3823 606 3896 (i)
636 3826 719 3898 hic
744 3823 891 3882 istud
910 3823 1136 3898 quidem
1155 3828 1468 3898 symbolum
1491 3827 1880 3898 Nestorianum
1901 3827 2048 3898 apud

453 3892 859 3968 Hamilcarem.
909 3892 1032 3967 pag.
1074 3892 1358 3953 i90'citra
1412 3897 1829 3968 ambiguitatem
1863 3892 2044 3968 ell‘ert.

451 3963 589 4038 Nam
619 3964 674 4020 in
699 3966 807 4028 his.
834 3963 1098 4022 hominem
1121 3976 1317 4022 nostra
1340 3976 1548 4022 natura:
1567 3963 1891 4038 consimilem
1924 3967 2048 4038 Spi-

453 4034 589 4108 ritus
634 4039 806 4108 sancti
839 4039 1032 4092 virtute
1073 4039 1129 4108 in
1172 4038 1327 4093 vulva
1379 4038 1605 4108 Virginis
1653 4037 1837 4104 [ictum
1877 4034 2046 4106 (Deus

453 4104 720 4178 Verbum)
770 4107 1214 4178 inwstimabiliter
1249 4109 1347 4162 sibi
1395 4104 1700 4178 conjunxit,
1757 4104 1942 4162 utrum
1971 4110 2043 4178 fin

452 4176 613 4249 vulva
645 4176 872 4249 Virginis
904 4177 972 4249 ad
1001 4179 1208 4247 ﬁctum,
1239 4194 1310 4232 an
1342 4177 1409 4232 ad
1442 4176 1540 4232 sibi
1572 4179 1870 4248 conjunxit,
1899 4177 2044 4234 refe-

453 4247 631 4318 ratur,
657 4247 766 4318 non
792 4248 1081 4318 manifeste
1104 4256 1350 4318 apparet.

527 4315 606 4386 (2)
641 4316 1042 4389 Appellationis
1082 4315 1246 4389 hujus
1286 4319 1555 4373 rationem
1596 4317 1888 4389 Nestorius
1910 4335 2047 4389 qua-

452 4394 608 4453 tern.
633 4387 700 4442 17
733 4387 886 4460 ιιι)υά
911 4388 1132 4460 Mereat.
1157 4387 1220 4460 'p.
1255 4389 1357 4444 207
1382 4389 1525 4443 hanc
1563 4387 1788 4442 reddit:
1817 4387 1954 4453 Quia
1989 4390 2046 4442 in

455 4466 727 4528 assumpto
749 4459 959 4513 homine
984 4459 1124 4514 Deus
1152 4459 1247 4525 cst,
1273 4476 1336 4514 ea:
1357 4475 1416 4513 eo
1438 4460 1528 4530 qui
1552 4460 1860 4530 assumpsit,
1889 4461 1933 4512 is
1953 4460 2046 4530 qui

453 4537 901 4601 assumptnsgest,
936 4545 1086 4593 omsr
1128 4531 1234 4584 Deo
1267 4529 1600 4601 conjunctus,
1630 4529 1920 4601 Deuscsse
1961 4529 2047 4583 co-

451 4601 740 4671 gnoscitnr.
772 4599 907 4655 item
945 4601 998 4655 in
1024 4602 1271 4671 symbolo
1289 4599 1635 4671 Nestoriano,
1666 4599 1837 4671 p.191
1867 4599 2048 4671 legere

451 4678 536 4741 est
571 4687 583 4722 :
623 4670 880 4725 Dominus
913 4688 1006 4741 per
1030 4670 1384 4726 substantiam
1418 4681 1495 4724 est
1528 4670 1670 4741 Deus
1696 4670 1938 4735 Verbum,
1959 4672 2044 4725 oui

2149 3476 2436 3532 Nestorius
2461 3477 2606 3546 apud
2628 3475 2888 3532 eumdem
2907 3475 3266 3546 Mercatorem
3285 3493 3340 3546 p.
3363 3476 3488 3540 209,
3505 3484 3563 3530 et
3589 3475 3733 3545 apud

2149 3493 2436 3559 nestorms
2461 3493 2606 3546 apuu
2628 3493 2888 3532 eumdem
2909 3493 3340 3601 mercatorem
3363 3493 3488 3540 zuu,
3505 3493 3563 3530 et
3589 3493 3732 3545 apuu

2148 3547 2411 3628 Cyrillum
2452 3554 2586 3628 tom.
2608 3547 2679 3628 _Vl
2710 3549 2861 3628 (nov.
2891 3545 2982 3628 ed.
3009 3546 3131 3628 IX),
3156 3547 3261 3628 p.i
3307 3546 3360 3611 8,
3378 3562 3732 3628 nequaqriarir

2149 3615 2435 3679 deitatem,
2471 3617 2566 3672 sed
2608 3617 3007 3673 immanitatem
3043 3615 3306 3672 exhibere
3341 3615 3598 3672 allirmat.’
3623 3615 3736 3669 Nec

2149 3687 2290 3742 vidit
2326 3687 2619 3743 hazreticus
2652 3688 2708 3742 in
2729 3688 2817 3744 his
2849 3687 3076 3753 Christi,
3113 3687 3255 3742 Sicut
3278 3688 3418 3741 misit
3450 3703 3532 3740 me
3560 3688 3735 3741 vivens

2149 3756 2334 3820 Pater,
2359 3766 2435 3823 et,
2475 3756 2577 3823 Qui
2603 3758 2890 3814 manducet
2910 3775 3082 3813 meam
3099 3773 3317 3812 carnem
3347 3765 3396 3811 et
3416 3757 3538 3811 bibit
3562 3773 3734 3811 meum

2147 3831 2464 3900 sanguinem
2491 3828 2544 3882 in
2570 3845 2653 3900 nte
2681 3838 2882 3893 manet,
2917 3837 2967 3900 ct
3003 3845 3096 3900 ego
3128 3830 3181 3882 in
3223 3843 3302 3892 eo,
3343 3827 3646 3900 verbisme
3679 3837 3735 3881 et

2150 3897 2376 3981 ego'non
2409 3897 3412 3981 humanitatem,osedpersonam.quae
3442 3897 3738 3981 divinancst

2149 3967 2468 4040 signiﬁcari.
2512 3969 2740 4025 Pravarn
2773 3969 2921 4025 illius
2957 3967 3374 4040 intelligentiam
3404 3967 3604 4040 refellit
3627 3967 3738 4040 Cy‘

2151 4037 2309 4094 rillus
2357 4049 2473 4094 tum
2512 4041 2633 4095 loco
2683 4041 2850 4096 citato
2893 4047 3027 4096 tom.
3068 4037 3158 4102 Vl,
3208 4047 3322 4092 tum
3367 4037 3733 4092 anathemati—

2150 4124 2270 4164 srno
2311 4111 2397 4164 11.
2441 4109 2546 4164 Sed
2597 4111 2651 4164 in
2691 4112 2795 4166 hac
2823 4111 3218 4173 controversia,
3247 4108 3314 4179 de
3343 4107 3448 4163 hoc
3473 4107 3732 4179 Cyrillum

2152 4179 2356 4249 interet
2386 4180 2702 4235 Nestorium
2741 4182 3022 4246 convenit,
3071 4195 3264 4234 verum
3289 4178 3494 4235 Christi
3523 4178 3734 4249 corpus

2147 4248 2202 4303 in
2247 4250 2607 4305 Eucharistiaa
2629 4259 2970 4305 sacramento
3001 4267 3030 4304 a
3052 4250 3211 4305 nobis
3243 4249 3588 4311 manducari.

2223 4321 2297 4391 (5)
2321 4320 2479 4391 Apud
2496 4320 2688 4391 Baluz.
2711 4321 2905 4374 idcirco
2933 4321 3250 4391 viviﬁcatam
3275 4335 3403 4384 esse,
3423 4318 3731 4391 oscitantis,

2149 4398 2209 4445 ut
2236 4390 2402 4462 puto,
2450 4390 2685 4462 librarii,
2715 4391 2812 4460 qui
2855 4391 3199 4462 viviﬁcatram,
3235 4390 3357 4446 loco
3380 4391 3537 4445 verbi
3563 4390 3734 4458 vivi/i-

2149 4461 2358 4516 cantem
2397 4469 2492 4516 aut
2527 4461 2810 4530 viviﬁcam,
2831 4461 3140 4531 supposuit.

2221 4532 2298 4603 (6)
2323 4533 2373 4588 ls
2394 4529 2698 4602 Philippus,
2724 4542 2784 4587 ut
2803 4549 2871 4603 ex
2891 4529 3118 4603 sacrate
3140 4530 3237 4586 lib.
3264 4547 3357 4594 vn,
3390 4545 3438 4585 c.
3471 4529 3561 4594 26,
3587 4529 3654 4584 27
3679 4541 3736 4584 et

2148 4602 2239 4668 29,
2276 4603 2562 4665 discimus,
2591 4618 2716 4657 cum
2751 4602 2933 4658 adhuc
2970 4602 3236 4658 diaconus
3271 4610 3438 4666 esset,
3468 4617 3579 4656 una
3608 4616 3732 4654 cum

2150 4675 2318 4745 Joan.
2345 4673 2736 4745 Chrysostomo
2757 4672 2965 4745 versari
2995 4683 3055 4727 ut
3079 4673 3377 4745 plurimum
3401 4670 3729 4745 est_solitus.

451 4739 552 4792 iste
590 4739 921 4813 conjunctus
945 4745 1133 4796 honori
1169 4742 1546 4813 communicat.
1567 4739 2042 4813 (Querebatunta-
2076 4752 2121 4808 ι)
2150 4743 2360 4800 Deinde
2394 4739 2803 4798 in'suburbano
2839 4739 3392 4813 Constantinopoleos
3411 4741 3509 4813 _cu_i
3534 4757 3732 4813 nomen

453 4825 580 4863 men
612 4811 916 4876 Ne’storius,
948 4821 1008 4866 ut
1032 4813 1220 4868 videre
1244 4822 1328 4867 est
1349 4812 1492 4882 apud
1519 4811 1894 4866 Christianum
1929 4811 2042 4865 Lu-

453 4895 607 4954 pum,
667 4890 797 4936 tom.
839 4883 881 4946 1,
918 4899 966 4938 c.
1007 4884 1061 4947 6,
1093 4899 1150 4938 se
1184 4899 1214 4936 a
1247 4882 1853 4954 Cyrillocalumniose,
1886 4882 2047 4953 quasi

453 4949 734 5022 Christum
759 4969 957 5021 purum
998 4955 1277 5008 hominem
1294 4949 1660 5022 praedicaret,
1699 4949 2044 5008 infamatum.

527 5021 602 5087 (ὅ)
622 5021 680 5075 Si
695 5032 881 5086 totum,
896 5025 1077 5096 inquit
1094 5024 1234 5096 apud
1254 5021 1476 5077 Mercat.
1493 5031 1747 5091 qualern.
1767 5024 1833 5078 16
1849 5040 1903 5094 p.
1918 5022 2044 5088 2i0,

452 5089 662 5166 Novum
694 5089 1156 5166 scrutatus-fueris
1178 5089 1596 5156 Testamentum,
1618 5089 1881 5166 nusquam
1905 5095 1958 5166 in
1989 5110 2048 5146 eo

453 5161 690 5234 invenias
743 5172 965 5224 mortem
992 5161 1113 5219 'Dco
1155 5165 1642 5234 assignatannsed
1689 5161 1782 5218 aut
1817 5164 2045 5228 Christo,

454 5242 548 5283 aut
581 5233 732 5295 Filio,
775 5243 862 5288 aut
909 5235 1149 5290 Domino.
1189 5231 1295 5290 Sed
1333 5235 1378 5288 si
1401 5231 1659 5287 Christus
1680 5250 1789 5287 non
1811 5234 1914 5288 alia
1953 5250 2044 5287 ra-

456 5300 605 5355 tione
632 5303 885 5377 licinium
920 5317 968 5360 ct
1004 5306 1168 5361 Filius
1195 5322 1359 5377 quam
1395 5321 1499 5377 qlia
1537 5303 1674 5377 υοήξς
1711 5305 2040 5377 appellati?"

455 5382 516 5426 ut
545 5373 708 5426 modo
738 5374 994 5436 vidimus,
1025 5393 1088 5430 ac
1113 5373 1828 5443 symbolumNestorianum
1862 5391 1912 5443 ιι.
1942 5375 2036 5429 191

453 5443 690 5516 explicat
717 5460 730 5506 ;
775 5459 841 5497 ex
881 5461 991 5513 quo
1020 5439 1247 5501 mortem
1282 5448 1383 5516 ipsi
1421 5445 1647 5499 Domino
1674 5461 1738 5499 ac
1770 5439 1904 5499 Filio
1929 5446 2040 5499 No-

455 5529 604 5586 vum
629 5513 1047 5586 Testamentum
1087 5513 1382 5586 attribuit,
1409 5533 1529 5570 eam
1561 5516 1726 5571 etiam
1769 5516 1877 5571 Deo
1907 5517 2043 5570 assi-

454 5585 610 5660 gnari
637 5584 922 5660 permittit.
949 5582 1086 5650 Quia
1124 5587 1272 5660 Deus
1285 5582 1490 5660 ﬂaui
1514 5595 1599 5641 est
1623 5597 1914 5660 mortuus._
1932 5588 2038 5642 etsi

456 5654 566 5717 non
608 5654 913 5708 secundum
952 5663 1206 5710 naturam
1243 5654 1518 5721 divinam,
1535 5673 1665 5713 vere
1691 5671 1871 5716 tamen
1896 5658 2041 5713 Deus

455 5733 708 5787 marinus
731 5724 952 5790 dicitur.
1594 5746 1602 5755 ·

528 5793 605 5874 (4)
638 5795 696 5850 id
725 5791 872 5868 quoii
896 5796 1187 5854 Nestorqu
1218 5796 1544 5866 simpliciter
1571 5799 1949 5866 προκείμενον.
1981 5809 2037 5855 οι

2152 4815 2328 4879 Elea,
2363 4813 2686 4886 presbyterii
2724 4815 2952 4886 gradum
2984 4811 3232 4878 sortitus,
3253 4811 3559 4886 postAttici
3585 4812 3734 4880 ejus-

2150 4903 2259 4956 que
2287 4881 2622 4941 successoris
2643 4881 3148 4956 Sis’irmiimortem,
3189 4899 3220 4938 a
3245 4881 3434 4937 multis
3458 4882 3513 4956 in
3539 4897 3733 4956 eorum

2150 4951 2330 5011 locum
2354 4963 2661 5027 cooptatus,
2689 4954 2932 5027 Sisinnio
2957 4964 3138 5027 tamen
3163 4969 3227 5008 ac
3262 4951 3736 5027 postr_n_o_d_um_Ne-

2151 5027 2324 5083 storio
2353 5023 2691 5098 postpositus
2722 5025 2845 5098 fuit.
2871 5023 3165 5098 Caelestius
3183 5034 3374 5098 autem
3388 5023 3627 5098 Philippi
3645 5037 3736 5082 ac-

2153 5093 2376 5173 cusator
2398 5099 2448 5173 is
2461 5093 2686 5173 putatur
2711 5095 2910 5166 Pelagii
2934 5095 3266 5173 discipulus,
3283 5093 3578 5173 qu'iAttico
3601 5107 3736 5173 pou-

2154 5170 2322 5233 tilice,
2347 5178 2408 5223 ut
2433 5164 2562 5222 Mar.
2597 5164 2884 5225 Mercator.
2911 5181 2965 5235 p.
2999 5165 3101 5219 115
3127 5165 3316 5227 tradit,
3348 5164 3736 5235 Constantino:

2191 5240 2262 5292 oli
2300 5241 2490 5308 pulsus
2531 5239 2730 5292 fuerat.
2757 5236 2837 5292 Ad
2868 5232 3016 5308 hunc
3036 5235 3355 5308 leestium
3383 5243 3562 5289 exstat
3589 5232 3735 5308 apud

2182 5303 2537 5364 lurfMercat.
2567 5326 2617 5378 p.
2649 5309 2744 5362 151
2781 5307 3021 5362 Nestorii
3045 5307 3301 5378 epistola,
3327 5321 3434 5374 qua
3459 5321 3584 5378 cum
3611 5303 3731 5357 vei-

2154 5391 2210 5434 ut
2254 5381 2474 5450 indigna
2522 5377 2828 5450 patientem
2851 5389 2906 5450 et
2942 5378 3140 5450 injuste
3161 5377 3489 5450 damnatum
3505 5377 3731 5450 solatur,

2150 5467 2214 5505 ae
2259 5445 2404 5505 bono
2443 5445 2628 5505 animo
2670 5465 2789 5504 esse
2829 5445 3108 5519 jubetiﬂld
3142 5463 3284 5519 vero
3313 5445 3621 5519 Pelagianis
3644 5462 3733 5494 so-

2149 5521 2329 5575 iemne
2355 5530 2494 5583 erat,
2516 5516 2997 5590 catiiolicos'quasi
3019 5517 3181 5573 liberi
3207 5516 3423 5575 arbitrii
3448 5529 3736 5577 eversores

2146 5591 2477 5646 Manichreos
2512 5590 2808 5660 appellare.

2242 5662 2295 5723 7)
2330 5661 2512 5723 Forte,
2541 5661 2769 5714 τοιοῦτο.

2242 5664 2271 5714 7
2330 5662 2512 5723 Forte,
2541 5662 2769 5714 τοιοῦτο.

2217 5662 2295 5805 (ὅ)
2319 5732 2461 5806 Lege
2487 5731 2824 5804 ἐλέγχοντος,
2853 5740 2909 5794 et
2935 5729 3080 5792 infra-
3108 5727 3454 5798 θελήσαντος.
