4028 6208
442 353 507 410 91
1438 349 1494 403 S.
1539 346 1815 404 CYlillLl
1854 347 2039 401 ALEX

2142 349 2325 407 DRINI
2364 351 2683 406 AltClllEP.
3640 345 3712 402 9?.

443 475 502 520 et
534 463 635 535 ipSI
672 480 890 534 semper
911 463 1227 518 defensores
1253 461 1546 515 orthodoxi
1577 459 1844 530 dogmatis
1867 461 2032 514 exsti-

2142 479 2254 526 ταις
2293 464 2634 533 ὑπομνήσεσι
2689 461 2960 532 βεϐαιοῦν.
2998 461 3208 530 ’Ὠσπερ
3249 459 3432 512 ἐκεῖνα,
3461 457 3592 528 ἡμῖν
3619 474 3708 510 πι-

444 565 654 622 terunt,
698 557 948 625 exempla
969 557 1080 626 jam
1105 554 1324 609 viceris.
1354 553 1495 607 Vere
1522 552 1622 606 tibi
1649 553 2024 623 evangelicum

442 656 624 717 potest
647 646 1022 702 testimonium
1050 644 1364 708 convenire,
1386 659 1495 714 quo
1517 644 1754 700 dicitur:
1787 665 1805 695 ι
1836 645 2026 700 Pastor

445 739 624 793 bonus
646 738 802 806 ponit
828 736 1064 791 animam
1093 750 1247 789 suam
1285 750 1387 804 pro
1410 735 1606 789 ovibus
1626 735 1740 790 suis
1760 737 1825 788 ³⁸.
1857 755 1875 786 ι
1917 736 2026 792 Sed

446 838 506 884 ut
536 838 595 884 tu
626 829 803 883 bonus
828 835 1038 898 pastor,
1075 827 1150 881 ita
1185 827 1278 881 ille
1302 835 1682 896 neclanquam
1716 827 1889 882 malus
1923 842 2024 898 po-

445 929 554 976 test
578 921 956 975 mercenarius
985 919 1253 983 accusari,
1281 919 1374 989 qui
1400 933 1515 992 _non
1551 919 1678 973 ideo
1715 918 1864 988 quod
1893 922 2025 976 oves

446 1012 721 1081 relinquat
748 1011 1021 1084 arguitur,
1058 1010 1154 1067 sed
1184 1009 1334 1084 quod
1365 1025 1458 1066 eas
1492 1010 1607 1080 ipse
1630 1009 1838 1064 laniare
1865 1010 2021 1068 inve-

444 1101 631 1156 niatur
667 1101 765 1172 (1).

2134 554 2262 625 κρά,
2293 555 2436 607 οὕτω
2464 554 2634 608 ταῦτά
2678 555 2825 607 ἐστιν
2859 552 3020 623 ἡδέα·
3053 551 3244 622 ὥσπερ
3274 552 3457 603 ἐκεῖνα
3492 548 3706 617 ἰλυώδη,

2133 645 2277 698 οὕτω
2305 646 2479 698 ταῦτα
2506 645 2745 716 καθαρά.
2780 645 2892 698 Καὶ
2925 643 3188 715 χαίρομεν
3213 641 3483 712 τοσαύτην
3510 641 3712 695 ἐνεῖναι

2109 737 2370 807 ’ὁρῶντες
2393 740 2458 808 τῇ
2495 740 2559 809 σῇ
2599 735 2854 807 εὐλαϐείᾳ
2882 736 3239 806 ἐγρήγορσιν,
3271 734 3344 798 ὡς
3364 733 3464 804 ἤδη
3490 751 3549 785 σε
3575 751 3712 786 νενι-

2137 829 2366 900 κηκέναι
2400 830 2468 884 τὰ
2503 830 2880 900 ὑποδείγματα
2923 828 3032 882 τῶν
3070 845 3164 880 σου
3213 827 3708 898 προηγησαμένων.

2134 923 2442 993 γενομένων
2501 924 2587 976 ἀεὶ
2635 922 2732 976 καὶ
2781 921 2962 975 αὑτῶν
3005 920 3237 974 έκδίκων
3283 920 3376 973 τοῦ
3427 919 3712 992 ὀρθοδόξου

2132 1011 2423 1083 δόγματος.
2455 1011 2700 1084 Ἀληθῶς
2729 1030 2788 1066 τε
2817 1011 2912 1065 ἐπὶ
2935 1010 3030 1064 σοῦ
3061 1011 3290 1082 ἁρμόσει
3316 1013 3350 1082 ἡ
3380 1011 3714 1080 εὑαγγελικὴ

2138 1103 2418 1174 μαρτυρία
2461 1105 2495 1176 ἡ
2537 1104 2807 1172 λέγουσα·
2866 1121 2887 1153 ε
2939 1103 3001 1155 Ὅ
3049 1102 3253 1173 ποι-μὴν
3291 1104 3319 1154 6
3362 1103 3564 1170 ἀγαθὸς
3611 1101 3713 1170 τὴν

442 1191 624 1262 ψυχὴν
652 1191 819 1245 αὑτοῦ
860 1192 1076 1263 τίθησιν
1105 1193 1246 1266 ὑπὲρ
1282 1193 1394 1246 τῶν
1444 1190 1591 1247 ἰδίων
1643 1193 1954 1264 προϐάτων.
1996 1215 2019 1247 ι
2075 1193 2215 1248 Ἀλλ’
2259 1194 2449 1266 ὥσπερ
2483 1197 2547 1250 σὺ
2614 1193 2820 1267 ποιμὴν
2853 1194 3080 1263 ἀγαθὸς,
3121 1192 3296 1257 οὑτως
3336 1194 3542 1255 ἐκεῖνος
3589 1193 3714 1245 οὑδὲ

443 1285 522 1348 ὡς
558 1285 728 1350 κακὸς
770 1287 1041 1354 μισθωτὸς
1078 1287 1502 1359 κατηγορεῖσθαι
1540 1289 1724 1356 άξιος’
1759 1290 1820 1354 ὃς
1854 1289 1914 1343 οὐ
1947 1289 2036 1344 διὰ
2071 1290 2230 1344 τοῦτο
2249 1290 2618 1356 διαϐάλλεται,
2646 1292 2720 1357 ὡς
2750 1289 2820 1344 τὰ
2864 1290 3058 1344 ἑαυτοῦ
3085 1289 3402 1344 καταλιπὼν
3437 1286 3710 1361 πρόϐατα,

446 1379 560 1433 ἀλλ’
584 1382 666 1433 ὅτι
694 1381 900 1453 ηὑρέθη
930 1382 1092 1445 αὑτδς
1118 1381 1535 1452 διασπαράττων
1568 1384 1727 1439 αὑτά.

518 1471 572 1524 2.
596 1472 937 1527 Adderemus
957 1472 1188 1543 aliquid,
1213 1473 1384 1530 frater
1403 1475 1748 1543 eharissime,
1774 1475 1821 1531 si
1843 1492 1952 1532 non
1975 1485 2028 1532 te

2199 1469 2528 1542 Προσθεῖναι
2557 1469 2614 1522 δέ
2641 1486 2763 1522 τινα
2796 1467 2888 1521 καὶ
2915 1469 3076 1538 ἡμεῖς
3101 1465 3423 1538 ἐμέλλομεν,
3462 1465 3710 1535 ἁγαπητὲ

447 1562 641 1617 eadem
662 1563 863 1618 sentire
886 1579 1007 1632 qua:
1031 1564 1298 1620 sentimus
1327 1568 1510 1622 omnia
1530 1567 1865 1635 videremus,
1892 1579 1948 1624 et
1973 1570 2030 1625 in

2142 1547 2345 1633 ὶδελῷὲ,
2377 1566 2426 1616 εἰ
2451 1562 2528 1633 μὴ
2555 1561 2821 1632 ἑωρῶμέν
2849 1578 2909 1614 σε
2932 1561 3001 1614 τά
3032 1560 3168 1613 αὑτὰ
3190 1559 3491 1630 φρονοῦντα
3511 1559 3707 1617 πάντα,

448 1655 564 1724 ipsa
585 1655 888 1710 assertione
911 1655 1035 1709 ﬁdei
1063 1656 1406 1712 defensorem
1426 1658 1784 1714 fortissimum
1801 1663 2031 1730 probas-

2142 1657 2272 1727 ιπερ
2309 1654 2634 1724 φρονοῦμεν,
2675 1653 2770 1705 καὶ
2798 1655 2856 1706 ὲν
2887 1655 2951 1722 τῇ
3008 1651 3299 1722 βεϐαιώσει
3332 1654 3428 1722 τῆς
3479 1651 3711 1710 πίστεως

448 1761 652 1801 scmus.
695 1748 906 1818 lngesta
932 1765 1063 1803 vero
1094 1749 1256 1804 nobis
1277 1759 1407 1805 sunt
1435 1763 1632 1806 cuncta
1656 1767 1754 1822 per
1780 1753 2034 1808 ordinem

2142 1745 2529 1817 ἐδοκιμάζομεν
2561 1761 2620 1796 σε
2647 1744 2863 1798 ἔκδικον
2892 1744 3266 1815 ἰσχυρότατον.
3318 1741 3582 1812 Ἀπεδόθη
3604 1743 3712 1810 γάρ

447 1853 476 1890 a
511 1836 622 1891 ﬁlio
647 1847 836 1892 nostro
863 1839 1160 1893 Posidonio
1195 1839 1447 1904 diacono,
1469 1836 1810 1910 quaecunque
1841 1841 1907 1896 de
1927 1839 2033 1897 hac

2142 1841 2266 1909 ἡμῖν
2299 1839 2479 1890 πάντα
2505 1837 2648 1890 κατὰ
2671 1836 2824 1900 τάξιν
2861 1837 2948 1890 διὰ
2979 1837 3071 1888 τοῦ
3103 1836 3220 1890 υἱοῦ
3254 1836 3412 1906 ἡμῶν
3446 1835 3710 1887 Ποσειδω-

449 1943 508 1981 re
539 1935 629 1982 tua
653 1930 916 1983 sanctitas
938 1929 1178 1999 scripsit.
1208 1928 1410 1986 Omnes
1433 1899 1738 1986 tendiculas
1764 1932 2030 2002 praedica-

2142 1929 2248 1981 νίου
2274 1927 2366 1980 τοῦ
2399 1927 2672 1990 διακόνου,
2704 1927 2804 1979 ὅσα
2833 1927 2962 1998 περὶ
2985 1925 3173 1980 τούτου
3211 1927 3305 1978 τοῦ
3336 1926 3658 1995 πράγματος
3681 1926 3718 1992 ἡν

451 2017 614 2072 tionis
649 2019 860 2073 callidm
885 2018 1164 2085 dctexisti,
1201 2029 1257 2074 ct
1284 2019 1447 2075 ﬁdem
1481 2022 1682 2084 taliter,
1709 2037 1778 2075 ne
1811 2021 2031 2077 Christo

449 2110 561 2164 Deo
599 2119 792 2164 nostro
828 2111 1171 2166 credentium
1195 2127 1290 2168 cor
1315 2112 1370 2166 in
1395 2113 1623 2168 alteram
1649 2121 1858 2182 partem
1887 2116 2031 2170 trahi

449 2202 642 2266 valeat,
669 2203 1064 2258 communiisti.
1094 2203 1319 2275 Magnus
1354 2204 1478 2260 ﬁdei
1501 2215 1700 2264 nostra:
1721 2205 2035 2276 triumphus

447 2304 553 2359 est,
600 2304 658 2350 et
709 2296 1013 2362 asseruisse
1052 2307 1238 2352 nostra
1272 2307 1383 2351 tam
1423 2297 1662 2362 fortiter,
1707 2309 1764 2353 et
1802 2300 2034 2356 adversa

447 2393 759 2440 sanctarum
801 2385 1213 2456 Scripturarum
1257 2388 1588 2444 testimoniis
1625 2391 1706 2445 sic
1743 2391 2044 2447 devicisse.‘

445 2477 590 2543 Quid
629 2486 752 2549 agat
768 2479 880 2549 jam
900 2479 923 2534 ?
947 2478 1068 2550 Quo
1094 2495 1154 2536 se
1184 2480 1273 2536 ille
1303 2480 1678 2546 circumferat,
1701 2483 1796 2554 qui
1823 2492 2036 2544 amator

449 2571 633 2642 impiae
660 2572 943 2635 novitatis,
966 2574 1098 2628 dum
1129 2589 1230 2632 suo
1253 2573 1428 2630 voluit
1453 2576 1637 2646 potius
1667 2577 1886 2646 ingenio
1913 2593 2037 2634 ser-

447 2663 565 2718 vire
604 2679 768 2736 quam
808 2664 1050 2730 Christo,
1091 2665 1198 2720 sibi
1245 2665 1514 2728 creditam
1561 2667 1777 2737 plebem
1823 2683 2038 2724 veneno

446 2756 625 2810 voluit
660 2772 774 2814 sua:
815 2757 1223 2826 prasdicationis
1270 2756 1536 2820 inﬁcere;
1578 2773 1704 2814 cum
1746 2767 1803 2813 et
1852 2760 2031 2829 legere

437 2849 704 2920 debuerit
728 2858 784 2906 et
815 2858 1027 2914 tenere,
1052 2865 1248 2921 pravas
1276 2849 1632 2920 qumstienes,
1679 2859 1737 2905 et
1769 2866 1892 2920 qua:
1923 2865 2034 2910 non

450 2943 742 3013 proﬁciant
777 2942 846 2997 ad
885 2943 1150 3006 salutem,
1190 2941 1287 2998 sed
1319 2941 1387 2997 ad
1425 2941 1794 3010 perditionem
1829 2942 2037 3004 anima-

452 3049 574 3088 rum
633 3033 900 3096 nitantur,
930 3031 1184 3090 vitandas
1206 3031 1391 3100 potius
1427 3045 1593 3101 quam
1619 3031 1927 3099 sequendas
1946 3031 2037 3083 ὀἳ

2137 2021 2203 2092 σὴ
2237 2021 2463 2089 ἁγιότης
2493 2018 2838 2089 γεγράφηκε.
2875 2019 3061 2072 Πάντα
3100 2018 3169 2071 τὰ
3197 2018 3389 2070 δίκτυα
3413 2016 3512 2086 τῆς
3539 2015 3714 2076 δολίοις

2136 2112 2501 2182 προσομιλίας
2529 2111 2878 2180 ὲγύμνωσας,
2916 2113 3012 2164 καὶ
3057 2109 3203 2162 οὕτω
3236 2110 3334 2179 τὴν
3366 2109 3548 2161 πίστιν
3574 2106 3717 2177 ὠχὺο

2141 2223 2344 2276 ρωσας,
2367 2204 2443 2267 ὡς
2472 2203 2547 2273 μὴ
2574 2203 2833 2257 δύνασθαι
2865 2202 2963 2274 τὴν
2995 2202 3224 2273 καρδίαν
3255 2201 3362 2254 τῶν
3395 2199 3472 2270 τῷ
3501 2198 3718 2271 Χριστῷ

2137 2298 2217 2368 τῷ
2245 2296 2367 2368 θεῷ
2415 2295 2572 2366 ὴμῶν
2623 2295 2992 2355 πιστευόντων
3039 2296 3120 2356 είς
3153 2293 3339 2364 ἕτερον
3389 2293 3720 2363 ἑλκυσθῆναι

2139 2391 2325 2462 μέρος.
2368 2389 2562 2457 Μέγας
2595 2382 2750 2451 οὗτός
2795 2388 2916 2439 ἐστι
2947 2387 3045 2456 τῆς
3086 2385 3364 2455 ἡμετέρας
3419 2384 3654 2446 πίστεως
3692 2387 3722 2437 ὁ

2135 2481 2427 2552 θρίαμϐος,
2465 2480 2526 2534 τὸ
2556 2479 2838 2546 ἀποδεῖξαι
2875 2477 2944 2536 τὰ
2981 2477 3227 2548 ἡμέτερα
3261 2476 3433 2540 οὕτως
3461 2476 3721 2546 ἰσχυρῶς,

2136 2575 2232 2639 καὶ
2255 2574 2398 2629 οὕτω
2425 2573 2776 2643 νενικηκέναι
2805 2571 2874 2624 τὰ
2908 2570 3126 2625 ἐναντία
3157 2569 3246 2633 διὰ
3281 2569 3380 2639 τῆς
3420 2567 3529 2620 τῶν
3555 2566 3719 2619 θείων

2137 2665 2373 2738 Γραφῶν
2412 2663 2738 2736 μαρτυρίας.
2776 2662 2842 2714 Τί
2868 2661 3054 2716 λοιπὸν
3085 2659 3476 2729 διαπράξεται;
3515 2658 3584 2709 Ἢ
3617 2657 3722 2710 ποῦ

2140 2758 2332 2810 ἑαυτὸν
2372 2758 2580 2818 ἐκεῖνος
2618 2753 3007 2826 περιστρέψει;
3048 2753 3108 2818 ὃς
3159 2753 3454 2821 γενόμενος
3487 2747 3722 2820 ἐραστὴς

2144 2847 2376 2912 ἀσεϐοῦς
2405 2847 2482 2918 (3)
2529 2845 2922 2917 νεωτερισμοῦ,
2971 2845 3048 2908 ὡς
3081 2845 3333 2898 ἐϐούλετο
3367 2842 3571 2912 μᾶλλον
3605 2843 3722 2904 ταῖς

2145 2939 2342 2998 ἑαυτοῦ
2397 2939 2630 3002 ἐννοίαις
2677 2939 2950 2994 δουλεύειν
3000 2935 3204 3009 έαυτῷ,
3265 2937 3299 3007 ἢ
3352 2935 3430 3006 τῷ
3480 2933 3720 3006 Χριστῷ,

2144 3032 2237 3086 τὸν
2271 3032 2345 3096 (4)
2377 3031 2814 3103 ὲμπιστευθέντα
2843 3030 3022 3101 ἑαυτῷ
3056 3031 3225 3101 δῆμον
3255 3028 3456 3100 βλάψαι
3491 3026 3723 3096 ἠθέλησε

449 3127 529 3197 τῷ
557 3127 658 3198 τῆς
689 3127 829 3190 ἰδίας
867 3126 1230 3198 προσομιλίας
1258 3125 1602 3196 δηλητηρίῳ,
1629 3125 1748 3186 δέον
1790 3127 1886 3188 καὶ
1922 3127 2232 3195 ἀναγνῶναι
2273 3129 2436 3181 τοῦτο
2481 3129 2575 3185 καὶ
2620 3128 2892 3198 κατέχειν,
2939 3128 3021 3182 ὅτι
3060 3127 3129 3180 τὰ
3171 3127 3376 3198 μάταια
3413 3125 3724 3195 ζητήματα,

453 3226 545 3278 καὶ
573 3224 647 3293 μὴ
681 3223 1066 3292 προκόπτοντα
1099 3224 1176 3285 είς
1213 3220 1443 3289 ὑγίειαν,
1473 3221 1612 3277 ἀλλὰ
1636 3222 1916 3293 χωροῦντα
1950 3225 2032 3287 είς
2069 3224 2258 3295 ψυχῶν
2309 3224 2609 3290 ἀπώλειαν,
2645 3225 2870 3293 φεύγειν
2913 3224 3134 3295 μᾶλλον,
3167 3224 3200 3294 ἢ
3229 3223 3507 3292 ἐπιζητεῖν
3534 3219 3634 3274 δεῖ.

518 3315 623 3387 41
665 3315 718 3368 5.
751 3313 860 3370 Sed
898 3313 965 3370 ad
992 3313 1293 3405 praecipitia
1320 3313 1691 3380 festinantem,
1723 3315 1835 3370 imo
1850 3316 1962 3386 jam
1986 3316 2041 3370 in
2073 3324 2116 3383 ρ

457 3405 744 3477 praecipiti,
782 3406 928 3467 unde
963 3414 1204 3470 corruat,
1228 3404 1697 3470 constitutum,si
1742 3407 2038 3476 possimus,

457 3514 718 3555 revocare
738 3497 1026 3563 debemus,
1055 3513 1125 3552 ne
1149 3499 1368 3554 ruinam
1395 3499 1534 3569 ejus,
1560 3499 1604 3554 si
1635 3515 1743 3554 non
1770 3501 2044 3557 succurri-

459 3607 601 3656 mus,
626 3606 939 3661 urgeamus.
958 3589 1213 3646 Christus
1235 3591 1380 3646 Deus
1399 3599 1606 3655 noster,
1635 3591 1724 3646 eui
1753 3607 1864 3648 sua:
1889 3607 2040 3661 quae-

459 3685 565 3740 stio
603 3682 906 3740 nativitatis
949 3681 1202 3745 infertur,
1243 3697 1342 3752 pro
1375 3698 1483 3736 una
1521 3697 1624 3738 ove
1663 3683 1914 3738 laborare
1943 3699 2044 3739 nos

459 3773 717 3838 docuit”,
747 3774 938 3829 volens
961 3787 1082 3832 eam
1107 3771 1224 3828 suis
1246 3786 1467 3842 quoque
1493 3772 1741 3834 humeris
1767 3774 2038 3839 revocari,

461 3883 529 3922 ne
553 3867 736 3937 rapaci
761 3867 890 3936 lupo
929 3875 1144 3934 pateret
1172 3864 1228 3918 in
1251 3865 1514 3934 praedam.
1540 3865 1609 3920 Et
1627 3864 1721 3934 qui
1750 3879 1851 3934 pro
1881 3864 2048 3920 unius

461 3958 581 4012 ovis
610 3972 835 4014 currere
879 3956 1056 4010 salute
1100 3970 1202 4012 nos
1241 3955 1464 4020 docuit,
1511 3955 1752 4025 qualiter
1784 3971 1886 4011 nos
1928 3956 2048 4011 vult

462 4066 562 4120 pro
601 4049 849 4118 ipsarum
892 4047 1077 4104 ovium
1118 4046 1369 4104 laborare
1396 4053 1636 4116 pastore,
1676 4046 1770 4115 qui
1795 4045 1958 4102 oﬁieii
1991 4054 2048 4102 et

459 4139 701 4198 nominis
746 4139 867 4209 ejus
913 4136 1124 4198 eblitus
1161 4137 1219 4192 in
1265 4137 1623 4207 rapacitatem
1668 4137 1784 4207 lupi
1831 4151 1890 4196 se
1929 4126 2046 4207 ipse

459 4231 754 4295 convertit,
793 4244 1011 4300 gregem
1049 4229 1277 4296 cupiens
1313 4228 1546 4298 perdere
1579 4227 1688 4300 42
1730 4243 1894 4298 quem
1945 4229 2043 4284 de-

461 4322 656 4382 buerat
699 4319 977 4376 custodire
1009 4320 1032 4373 ?
1068 4315 1242 4386 Quem
1280 4334 1382 4378 nos
1409 4335 1439 4374 a
1467 4319 1638 4388 septis
1666 4335 1930 4390 agnorum
1955 4335 2044 4376 re-

462 4425 682 4467 movere
702 4411 991 4477 debemus,
1017 4411 1062 4466 si
1088 4426 1201 4468 non
1221 4409 1297 4465 ita
1319 4419 1380 4466 ut
1407 4409 1662 4464 volumus
1683 4410 2040 4480 corrigamus.

461 4503 544 4558 Sit
581 4517 710 4572 spes
743 4503 919 4560 venite
961 4501 1263 4572 corrigenti
1295 4518 1310 4567 ;
1348 4501 1625 4560 malumus
1662 4501 1810 4556 enim
1854 4510 1914 4557 ut
1953 4519 2042 4564 ne-

460 4602 706 4654 ver-tatur
736 4602 794 4650 et
824 4594 992 4657 vivat,
1031 4594 1078 4648 si
1115 4593 1284 4648 vitam
1323 4592 1430 4649 sibi
1469 4593 1890 4651 commissorum
1928 4595 2044 4664 ipse

2232 3315 2370 3369 ‘AD.’
2419 3317 2569 3380 ὅμως
2623 3317 2707 3380 είς
2763 3317 3046 3387 κρημνοὺς
3093 3316 3293 3377 αὑτοὺς
3349 3311 3724 3383 ἐπειγόμενον,

2149 3408 2350 3478 μᾶλλον
2386 3406 2443 3460 δὲ
2482 3407 2585 3476 ἤδη
2612 3409 2670 3459 ὲν
2707 3407 2858 3477 αὑτῷ
2886 3407 2965 3478 τῷ
3007 3407 3260 3477 κρημνῷ,
3304 3405 3426 3463 ὅθεν
3453 3405 3723 3464 πεσεῖται,

2144 3500 2422 3567 διάγοντα,
2451 3498 2505 3551 εῖ
2536 3516 2600 3567 γε
2645 3499 2944 3569 δυνάμεθα,
2990 3498 3380 3552 ἀνακαλεῖσθαι
3415 3496 3726 3564 ὀφείλομεν,

2147 3592 2222 3662 μὴ
2249 3591 2348 3662 τὴν
2372 3591 2578 3644 πτῶσιν
2598 3591 2766 3645 αὐτοῦ
2791 3590 2869 3662 τῷ
2894 3591 3109 3661 βοηθεῖν
3141 3591 3216 3660 (5)
3255 3587 3724 3661 προσωθήσωμεν.

2155 3685 2215 3738 ’0
2248 3685 2483 3756 Χριστὸς
2519 3686 2547 3737 6
2569 3685 2701 3749 Θεὸς
2727 3685 2905 3756 ἡμῶν,
2949 3678 2994 3753 ᾧ
3021 3685 3285 3752 ἐπάγεται
3330 3680 3557 3751 ζήτησις
3600 3677 3730 3747 περὶ

2146 3779 2245 3848 τῆς
2286 3778 2425 3841 ιδίας
2472 3778 2804 3849 γεννήσεως,
2839 3777 3080 3844 ἐδίδαξεν
3128 3778 3275 3846 ἡμᾶς
3313 3772 3544 3841 κάμνειν
3588 3769 3729 3836 ὑπὲρ

2150 3869 2428 3942 προϐάτου
2457 3871 2596 3934 ἑνὸς,
2631 3870 2802 3926 θέλων
2829 3870 2924 3924 καὶ
2955 3869 3042 3924 διὰ
3073 3869 3182 3922 τῶν
3223 3867 3368 3920 ἰδίων
3397 3862 3561 3934 ὤμων
3601 3862 3732 3914 ἁνα-

2148 3959 2455 4024 καλεῖσθαι,
2489 3960 2564 4025 ὡς
2596 3961 2670 4032 μὴ
2711 3962 2978 4031 ὲκκέηται
3019 3958 3099 4030 τῷ
3141 3957 3290 4027 λύκῳ
3320 3959 3399 4021 εἰς
3445 3952 3728 4024 ἁρπαγήν.

2148 4046 2284 4105 Εῐτα
2313 4053 2341 4105 6
2370 4050 2590 4117 διδάξας
2626 4054 2777 4123 ἡμᾶς
2817 4051 2961 4106 οῦτω
3001 4052 3230 4121 δραμεῖν
3277 4047 3416 4118 ὑπὲρ
3459 4043 3730 4112 σωτηρίας

2149 4141 2423 4212 προϐάτου
2439 4142 2578 4205 ἑνὸς,
2608 4143 2726 4207 πῶς
2753 4144 2862 4214 ἄρα
2891 4145 3038 4214 ἡμᾶς
3062 4123 3287 4212 κάμνειν
3310 4138 3560 4209 βούλεται
3589 4136 3736 4205 ὑπὲρ

2147 4231 2316 4286 αὑτοῦ
2346 4233 2444 4288 τοῦ
2468 4232 2579 4286 τῶν
2601 4233 2893 4304 προϐάτων
2919 4233 3176 4302 ποιμένος
3199 4249 3212 4296 ;
3241 4230 3299 4293 ὃς
3325 4228 3425 4297 τῆς
3459 4240 3731 4298 προσηγο-

2150 4326 2272 4396 ρίας
2301 4325 2508 4396 ταύτης
2539 4326 2634 4378 καὶ
2669 4325 2765 4378 τοῦ
2815 4324 3234 4394 ἐπαγγέλματος
3283 4316 3725 4389 ἐπιλελησμένος.

2145 4417 2306 4478 αὑτὸς
2333 4418 2524 4471 ἑαυτὸν
2548 4419 2630 4481 είς
2656 4419 2913 4489 ἁρπαγὴν
2939 4416 3105 4470 λύκου
3129 4415 3204 4486 (6)
3231 4408 3583 4485 μετήλλαξεν,
3611 4409 3731 4461 ἑπι-

2147 4508 2337 4578 θυμῶν
2365 4509 2628 4563 ἀπολέσαι
2659 4509 2756 4580 τὴν
2783 4509 3007 4580 ἀγέλην,
3030 4507 3096 4578 ἣν
3121 4506 3285 4570 αὑτὸς
3309 4501 3507 4573 ὤφειλε
3531 4516 3729 4568 συντη-

2147 4600 2332 4671 ρῆσαι.
2371 4601 2574 4655 Τοῦτον
2599 4597 2692 4655 οῦν
2723 4602 2885 4672 ἡμεῖς
2922 4600 3032 4656 ἀπὸ
3064 4600 3162 4670 τῆς
3204 4593 3594 4669 περικλείσεως
3620 4589 3734 4642 τῶν

458 4703 570 4744 non
593 4687 803 4757 perdat.
833 4687 915 4743 Sit
936 4697 1127 4757 aperta
1149 4686 1422 4744 sententia
1451 4685 1527 4758 (2)
1561 4685 1884 4755 perduranti
1905 4705 1922 4753 ;
1946 4688 2039 4744 ab-

2151 4693 2343 4762 άμνῶν
2371 4693 2705 4763 ἀποκινῆσαι
2739 4693 3046 4764 ὀφείλομεν,
3083 4691 3180 4746 ἐὰν
3223 4689 3300 4761 μὴ
3329 4686 3514 4752 αὑτὸν,
3544 4683 3620 4746 ὡς
3645 4680 3733 4735 θέ-

528 4804 574 4836 ³⁶
596 4803 754 4858 Joan.
785 4821 840 4868 χ,
867 4805 952 4858 Η.
1033 4804 1079 4836 ³³
1103 4804 1208 4858 Tit.
1249 4805 1397 4868 "1,9.
1470 4805 1516 4837 ³⁸
1548 4805 1682 4861 Luc.
1714 4823 1804 4872 xv,
1841 4807 1894 4862 5.

531 4893 848 4968 (l_)__Ba_luz.,
881 4896 1065 4958 taniet,
1089 4896 1375 4949 invenitur.
1401 4894 1626 4952 Graecus
1647 4906 1827 4968 textus
1851 4897 2040 4968 exigit:

463 4961 550 5018 Itri
568 4961 660 5038 ille
687 4964 873 5038 dignus
893 4975 967 5020 est
989 4968 1077 5034 qui
1101 4975 1396 5038 accusetur,
1431 4983 1534 5020 non
1555 4976 1612 5020 ut
1644 4967 1819 5038 malus
1845 4961 2042 5028 met-vce-

423 5071 437 5081 ι
463 5035 667 5097 uarius,
706 5035 895 5120 quippe
931 5038 1021 5120 qui
1057 5053 1161 5118 non
1196 5036 1476 5120 ideoquod
1501 5053 1618 5091 oves
1639 5037 1930 5120 reliquerit,
1954 5055 2044 5092 ar-

459 5114 676 5177 guatur,
700 5105 790 5158 sed
819 5105 956 5177 quod
978 5123 1064 5162 eas
1093 5108 1201 5177 ipse
1222 5105 1428 5159 laniare
1456 5107 1694 5162 inventus
1714 5105 1803 5163 sit.

532 5175 701 5247 (2)7ln
737 5175 993 5247 vulgatis,
1030 5175 1266 5231 sit‘certa
1300 5178 1578 5247 sententia.
1608 5177 1833 5233 Graecus
1861 5185 2044 5233 textus

460 5246 701 5318 postulat
718 5247 785 5299 sit
806 5246 993 5316 aperta
1017 5249 1301 5311 sententia,
1335 5246 1437 5318 hoc
1458 5247 1748 5318 est,palam
1769 5257 1833 5318 et
1852 5256 2042 5318 aperte

462 5314 606 5368 dicta
631 5314 901 5386 sententia
931 5318 1240 5382 damnetur,
1267 5318 1312 5372 si
1340 5316 1396 5370 in
1420 5314 1611 5373 errore
1636 5314 1910 5386 persistat'.
1942 5317 2042 5372 llic

464 5384 757 5460 respondet
786 5384 1120 5460 Coalestinus
1153 5404 1217 5460 ac
1259 5387 1418 5458 plane
1438 5384 1709 5460 satisfacit
1727 5386 2043 5460 Cyrilli_pe-

463 5453 666 5528 titioni.
708 5453 759 5508 ls
802 5457 965 5528 enim
992 5458 1223 5528 cpistola
1261 5453 1559 5528 superiori,
1606 5474 1662 5514 n.
1697 5459 1750 5522 7,
1773 5453 2039 5528 'nondum

463 5523 689 5598 quidem
735 5539 819 5598 seg
842 5541 871 5578 a
920 5523 1156 5598 Nestorii
1195 5523 1579 5598 communione
1614 5536 1800 5598 aperte
1832 5527 2042 5584 disces—

466 5594 601 5670 sisse
647 5593 1000 5670 signiﬁcant,
1041 5596 1137 5650 sed
1175 5597 1316 5670 quid
1351 5599 1610 5670 deinceps
1637 5593 1740 5654 sibi
1769 5598 2039 5670 agendum

468 5663 627 5785 feriet,
666 5663 1024 5720 Clelestinum
1064 5675 1125 5718 ut
1157 5663 1356 5721 docere
1399 5663 1716 5740 dignaretur
1755 5663 1912 5726 enixe
1955 5685 2043 5724 ro-

469 5749 529 5786 tta
559 5743 647 5786 tat.

469 5749 647 5801 ganat.

543 5803 615 5875 (ὅ)
641 5805 700 5881 ln
723 5823 850 5860 mss.
890 5806 1042 5861 deest
1069 5805 1313 5868 ἀσεϐοῦς.

2226 4899 2302 4971 (4)
2333 4901 2479 4956 Edit.
2510 4900 2776 4954 δουλεύων
2796 4898 2958 4971 (hydri
2991 4895 3168 4965 ἑαυτῷ
3195 4895 3227 4966 ἢ
3259 4893 3335 4964 τῷ
3360 4893 3583 4966 Χριστῷ
3636 4892 3728 4961 ἑξ-

2154 4969 2488 5033 ακολουθῶν,
2521 4971 2614 5026 καὶ
2637 4971 2748 5024 τόν.
2781 4969 3225 5037 Castiganturex
3250 4981 3381 5020 mss.

2224 5041 2300 5112 (5)
2353 5041 2411 5100 lu
2442 5040 2625 5112 regiis
2661 5033 3078 5112 exemplaribus
3113 5036 3317 5112 Graecis
3351 5043 3473 5104 post
3496 5033 3726 5112 verbum

2153 5104 2368 5181 βοηθεῖν
2392 5104 2616 5181 additur
2669 5104 2837 5181 qui},
2864 5108 3007 5181 haud
3047 5105 3222 5181 dubie
3249 5122 3319 5160 ex
3354 5113 3482 5181 nota
3523 5104 3729 5174 margi-

2150 5177 2282 5262 nali,
2316 5197 2424 5251 qua
2449 5180 2582 5262 quis
2613 5177 2970 5262 antiquarios.
2988 5177 3314 5262 particulam
3334 5177 3729 5262 gnaritate:-

2149 5243 2283 5322 bum
2317 5243 2639 5322 prsidietum
2671 5243 2972 5322 desiderari
2990 5243 3304 5322 monuerat.
3334 5243 3470 5301 Nam
3501 5243 3728 5322 istud

2150 5321 2256 5376 hoc
2295 5313 2380 5376 e-st
2411 5322 2516 5385 vel,
2553 5319 3058 5392 respondctnostro
3082 5319 3236 5388 forte,
3259 5331 3432 5392 eaque
3460 5313 3730 5392 particula

2147 5401 2341 5466 notare
2377 5393 2556 5448 solent
2595 5387 2806 5461 antiqui
2842 5389 3314 5466 lectionequuas
3335 5387 3569 5466 vulgatis
3597 5398 3733 5466 pra:-

2147 5461 2400 5517 ferendas
2445 5470 2671 5518 censent
2703 5457 2770 5514 a'c
2803 5460 3078 5514 meliores.
3116 5457 3343 5513 Censuit
3380 5457 3545 5526 igitur
3582 5457 3728 5526 anti-

2145 5533 2376 5602 quarius
2396 5532 2793 5612 noster_Gr;ece_
2814 5530 3104 5612 legendum
3129 5528 3206 5597 τῷ
3233 5529 3304 5598 μὴ
3331 5523 3564 5610 βοηθεῖν,
3585 5523 3726 5612 ejus-

2145 5601 2252 5670 que
2280 5618 2570 5659 censuram
2589 5603 2753 5657 lectio
2776 5601 2988 5665 Latina,
3016 5601 3061 5654 si
3082 5615 3181 5653 non
3195 5601 3574 5660 succurrimus,
3592 5606 3728 5649 con-

2146 5673 2346 5726 ﬁrmat.

2218 5742 2292 5814 (6)
2329 5744 2405 5798 lta
2426 5760 2555 5799 mss.
2577 5744 2642 5798 At
2677 5744 2833 5810 edit.,
2866 5744 2942 5806 εἰς
2973 5742 3192 5812 ἅρπαγα
3214 5736 3392 5794 λύκον.
