4028 6208
439 371 514 427 95
1439 371 1494 427 S.
1536 369 1810 425 CYRILLI
1851 369 2318 428 ALEXANDRINI
2361 374 2678 430 ARCIIIEP.
3639 369 3710 424 98

440 487 645 554 alioqui
697 487 981 542 honestate
1033 497 1088 542 et
1139 485 1411 556 probitate
1455 485 1761 556 conspicui,
1801 494 2020 557 gravem

2126 490 2220 543 νῦν
2267 484 2435 544 οὖσαν
2490 488 2848 555 κατάστασιν,
2884 487 2967 541 ὅτι
3017 484 3375 557 τεθορύϐηται
3432 483 3575 548 λίαν,
3619 486 3710 537 xui

439 578 756 642 admodum,
785 586 1008 647 propter
1053 578 1313 632 nonnulla
1355 590 1477 647 quae
1522 577 2018 633 reverendissimus

2120 582 2486 637 ἀποσὺνακτοι
2514 581 2857 653 μεμενήκασι
2880 580 3088 645 πολλοὶ,
3120 579 3213 633 καὶ
3242 578 3350 631 τῶν
3377 576 3516 644 ἄγαν
3547 594 3710 629 σπου-

435 669 726 737 episeopus
748 668 1031 724 Nestorius
1055 668 1272 738 publice
1297 684 1395 738 pro
1417 667 1683 723 concione
1707 669 2015 739 proposuit,

2119 674 2286 728 δαίων
2328 673 2421 727 καὶ
2459 671 2739 736 ἐπιεικῶν,
2771 671 2832 724 οὗ
2868 672 2957 726 τὸν
2978 670 3208 740 τυχόντα
3246 668 3473 738 θόρυϐον
3500 669 3580 730 εἰς
3610 666 3708 718 αὑ-

438 759 494 811 in
553 758 667 828 ipsa
727 757 832 813 ﬁde
887 759 1361 828 perturbationem
1405 760 1650 830 perpessi
1694 761 1825 825 sint,
1853 769 2017 830 atque

2121 765 2219 836 τὴν
2248 765 2613 836 ὑπομένοντες
2654 764 2753 834 τὴν
2796 762 2998 828 πίστιν,
3029 762 3093 814 ἐκ
3132 760 3241 814 τῶν
3285 759 3597 828 λεγομένων
3628 758 3712 810 ἐπ’

438 849 577 904 adeo
598 865 629 904 a
656 851 935 905 consuetis
965 850 1330 905 conventibus
1350 866 1579 921 prorsus
1601 867 1659 907 se
1682 852 2014 919 abstineant,

2117 855 2416 924 ἐκκλησίας
2457 854 2627 924 αὐτῆς
2654 852 2807 923 παρά
2836 850 2931 905 τοῦ
2974 848 3371 903 εὐσεϐεστάτου
3406 848 3708 900 ἐπισκόπου

439 955 504 993 ex
530 940 718 995 multis
744 938 889 993 haud
914 940 1080 995 dubie
1105 940 1279 1010 pietas
1302 949 1395 996 tua
1416 942 1689 1012 cognovit.
1715 941 2019 997 Consuluc-

2123 942 2443 1014 Νεστορίου,
2500 937 2544 1011 ᾧ
2598 942 2692 996 καὶ
2750 940 3149 995 συνεϐούλευσα
3204 938 3293 992 διὰ
3366 936 3714 1008 γραμμάτων

440 1047 555 1085 ram
582 1031 687 1103 53
713 1032 789 1086 illi
820 1048 917 1102 per
938 1032 1171 1098 litteras,
1198 1041 1277 1098 ut,
1302 1034 1485 1103 pravis
1508 1033 1615 1089 illis
1635 1035 2019 1104 perversisque

2126 1035 2460 1106 ἀποσχέσθαι
2513 1034 2622 1088 τῶν
2672 1033 2818 1088 οὕτω
2866 1032 3073 1086 σκαιῶν
3107 1031 3202 1086 καὶ
3252 1028 3717 1100 ἐξεστραμμένων

438 1122 834 1189 quaestionibus
884 1123 1159 1188 dimissis,
1211 1133 1524 1180 sanctorum
1578 1124 1803 1179 Patrum
1854 1124 2018 1180 ﬁdem

2122 1125 2476 1197 ζητημάτων,
2498 1129 2591 1181 καὶ
2614 1129 2679 1198 τῇ
2710 1126 2819 1179 τῶν
2843 1124 3103 1196 Πατέρων
3118 1122 3485 1191 ἀκολουθῆσαι
3511 1120 3708 1172 πίστει.

440 1220 760 1268 sectaretur.
786 1216 987 1269 Verum
1019 1225 1170 1270 ratus
1194 1215 1309 1271 hac
1336 1232 1422 1271 me
1451 1232 1519 1270 ex
1552 1216 1680 1271 odio
1709 1217 2016 1287 scripsisse,

2134 1217 2273 1271 Ἀλλ’
2318 1218 2416 1288 ἐμὲ
2453 1202 2742 1290 μέν’ᾠήθη
2777 1216 2950 1270 ταῦτα
2990 1215 3275 1287 γράφοντα
3334 1211 3595 1281 δυσμενῆ,
3622 1198 3720 1262 καῖ

439 1316 651 1360 tantum
684 1307 858 1361 abfuit
896 1318 956 1362 ut
988 1309 1151 1363 ullam
1180 1310 1405 1363 omnino
1443 1309 1590 1364 illius
1623 1310 1890 1368 rationem
1920 1312 2017 1365 lia-

2128 1310 2383 1364 τοσοῦτον
2405 1309 2612 1379 ἀπέσχε
2642 1308 2737 1362 τοῦ
2776 1307 3066 1379 προσέχειν
3104 1305 3182 1376 τῷ
3202 1304 3261 1369 ἐξ
3286 1304 3507 1373 ἀγάπης
3537 1303 3719 1354 ἐκεῖνα

442 1398 623 1451 buerit
650 1398 741 1467 qui
780 1398 893 1452 haec
926 1414 991 1452 ex
1030 1400 1297 1456 eharitate
1338 1400 1404 1455 ad
1444 1403 1564 1472 ejus
1595 1402 1855 1472 pietatem
1892 1420 2019 1474 per-

2126 1402 2423 1472 γεγραφότι
2455 1400 2591 1472 πρὸς
2623 1398 2722 1471 τὴν
2758 1398 2924 1453 αὐτοῦ
2951 1397 3258 1467 εὐλάϐειαν,
3284 1394 3427 1447 ὥστε
3457 1392 3610 1463 ᾠήθη
3650 1390 3717 1443 τὰ

441 1488 757 1557 scripserat,
788 1498 847 1542 ut
872 1489 943 1543 ita
973 1491 1217 1545 sentiens
1241 1500 1297 1545 et
1323 1492 1395 1547 ita
1420 1492 1630 1557 dicens,
1662 1493 1716 1547 in
1744 1495 2020 1553 Romano-

2124 1492 2349 1549 τοιαῦτα
2379 1492 2593 1564 φρονῶν
2627 1492 2720 1545 καὶ
2745 1490 2940 1560 λέγων,
2963 1489 3056 1543 καὶ
3087 1490 3186 1551 τάς
3224 1486 3509 1556 Ῥωμαίων
3548 1485 3715 1549 ἀκοὰς

450 1595 569 1632 rum
608 1566 839 1649 quoque
867 1596 1029 1637 aures
1072 1583 1353 1639 insinuare
1390 1600 1448 1639 se
1475 1600 1656 1655 posse,
1690 1587 2021 1657 easdemque

2127 1584 2472 1655 συναρπάσαι
2519 1583 2799 1637 δύνασθαι.
2844 1582 3097 1654 Γέγραφε
3159 1579 3269 1651 γὰρ
3313 1577 3524 1631 ἐκτοπὰ
3572 1595 3713 1640 τινα,

443 1683 825 1739 praeoccupare
886 1672 1139 1741 sperarit.
1204 1674 1420 1729 Etenim
1484 1677 1697 1745 prolixa
1753 1678 2021 1747 cpistola,

2129 1676 2341 1740 συνθεὶς
2366 1678 2424 1729 ἐν
2456 1676 2716 1748 ἐπιστολῇ
2757 1676 2948 1746 μακρᾷ
2968 1674 3047 1745 τῷ
3077 1673 3249 1744 κυρίῳ
3292 1689 3393 1742 μου
3413 1670 3506 1723 καί
3533 1670 3720 1722 θεοσε-

443 1759 676 1813 absurda
729 1761 977 1829 qumdam
1025 1763 1277 1834 dogmata
1332 1767 1684 1835 complexus,
1729 1783 1904 1839 eaque
1954 1770 2021 1824 ad

2127 1770 2375 1841 ϐεστάτῳ
2415 1771 2700 1841 ἐπισκόπῳ
2755 1768 2856 1838 τῆς
2892 1767 3179 1838 Ῥωμαίων
3227 1764 3559 1834 Ἐκκλησίας
3612 1765 3716 1815 Κε-

442 1849 724 1903 dominum
766 1865 956 1921 meum
995 1851 1383 1917 Caelestinum,
1423 1856 1730 1924 piissimum
1770 1858 2030 1913 Ecclesia:

2131 1859 2379 1929 λεστίνῳ,
2415 1860 2509 1913 καί
2547 1860 2613 1931 δὴ
2656 1859 2749 1912 καὶ
2804 1860 2918 1921 τοῖς
2972 1856 3123 1919 ἰδίοις
3158 1854 3385 1921 ἐνέθηκε
3426 1853 3722 1923 γράμμασι

441 1940 700 1996 Romamn
733 1943 1075 2013 episcopum,
1106 1945 1294 2011 missa,
1336 1946 1482 2001 inter
1523 1957 1720 2005 caetera
1764 1950 2027 2006 adversus

2135 1953 2277 2007 κατὰ
2319 1953 2428 2006 τῶν
2465 1952 2683 2006 ἐναντία
2719 1949 3053 2018 δοξαζόντων
3090 1944 3262 2017 αὐτῷ,
3296 1945 3379 1998 ὅτι
3402 1943 3514 2012 Τὴν
3560 1942 3724 2009 ἀγίαν

441 2033 562 2087 illos
593 2035 686 2103 qui
729 2034 796 2105 ab
841 2036 959 2105 ipso
992 2036 1348 2101 dissentiunt,
1380 2039 1497 2093 hazc
1528 2055 1748 2110 quoque
1780 2041 1978 2113 adjecit
2010 2061 2023 2096 :

2136 2044 2412 2116 Παρθένον
2442 2045 2705 2098 Θεοτόκον
2736 2042 2989 2111 λέγοντες
3012 2040 3072 2093 οὐ
3102 2039 3438 2109 φρίττουσιν.
3466 2030 3601 2087 Εἶτα
3631 2034 3724 2086 καὶ

438 2122 587 2177 Citra
631 2124 918 2179 horrorem
966 2142 1176 2181 sacram
1219 2128 1498 2199 Virginem
1546 2131 1639 2184 Dei
1690 2131 2027 2187 Genitricem

2135 2136 2401 2206 τετράδας
2436 2135 2582 2189 ἰδίων
2616 2135 2932 2204 ἐξηγήσεων
2966 2131 3306 2195 ἀπέστειλεν,
3356 2128 3421 2191 ἀς
3452 2127 3547 2180 καί
3594 2128 3726 2180 ἀνα-

440 2214 737 2281 appellant.
787 2215 931 2269 Misit
978 2225 1179 2286 prazter
1229 2217 1345 2272 hate
1390 2229 1446 2272 et
1493 2218 1757 2288 quosdam
1807 2236 2027 2291 quoque

2137 2224 2355 2293 γνόντες
2386 2225 2435 2276 οἰ
2470 2223 2611 2277 κατά
2658 2222 2758 2293 τὴν
2807 2221 3053 2292 μεγάλην
3100 2220 3257 2273 πόλιν
3318 2217 3540 2287 Ῥώμην
3576 2216 3728 2286 εὑρε-

440 2319 667 2358 suarum
694 2320 1001 2376 exegeseon
1021 2308 1415 2377 quaterniones
1443 2327 1455 2362 :
1482 2325 1622 2379 quos
1642 2326 1766 2365 eum
1793 2312 2028 2381 piissimi

2137 2316 2321 2379 θέντες
2352 2316 2763 2369 θεοσεϐέα-σταται
2809 2313 3121 2375 ἐπίσκοποι,
3148 2312 3244 2365 καὶ
3273 2311 3569 2381 συνεδρίων
3598 2309 3728 2361 πολ⁸

438 2395 705 2467 episcopi,
739 2397 833 2467 qui
868 2397 924 2451 in
960 2413 1154 2469 magna
1190 2396 1565 2453 Romanorum
1595 2400 1735 2455 urbe
1761 2402 2028 2472 comperti

2142 2406 2242 2459 λῶν
2274 2407 2603 2477 γενομένων,
2639 2403 2980 2473 κατεϐόησαν
3016 2401 3205 2469 αὐτοῦ,
3240 2402 3544 2470 φάσκοντες
3569 2402 3733 2470 ἐναρ.τ

439 2495 588 2552 sunt,
622 2488 1235 2559 legissent,.multisque
1280 2491 1630 2546 eonsessibus
1667 2492 2030 2548 consultatio-

2142 2498 2272 2566 γῶς,
2310 2499 2524 2568 αἵρεσιν
2566 2496 2728 2550 αὑτὸν
2775 2495 3169 2565 καινοτομῆσαι
3217 2492 3593 2563 παγχάλεπον,
3626 2492 3733 2561 τὴν

439 2579 716 2653 nibusque
762 2582 964 2638 habitis
1005 2584 1434 2649 examinassent,
1481 2585 1699 2639 illorum
1750 2593 2030 2640 auctorem

1813 2593 2031 2640 ictorem
2138 2587 2314 2640 οὐδενὶ
2343 2588 2452 2642 τῶν
2485 2588 2653 2642 πάλαι
2690 2587 2992 2657 γεγονότων
3010 2587 3404 2657 ἐξευρημένην.

439 2690 550 2731 non
600 2676 808 2747 absque
862 2677 1239 2748 indignatione
1283 2678 1681 2745 exsibilarunt;
1718 2680 1896 2749 palam
1961 2694 2275 2738 asserentes
2334 2697 2535 2736 novam
2598 2682 2753 2736 illum
2802 2695 3035 2751 eamque
3096 2679 3621 2749 perniciosissimam
3676 2690 3737 2735 et

440 2782 470 2820 a
504 2767 656 2821 nullo
693 2779 944 2825 veterum
980 2771 1369 2827 haereticorum
1407 2782 1568 2829 antea
1597 2791 1840 2844 unquam
1867 2777 2229 2848 excogitatam
2256 2777 2514 2832 hmresim
2542 2776 2815 2831 molitum.

510 2856 649 2925 Quia
668 2875 800 2930 ergo
822 2860 1109 2916 Nestorius
1132 2862 1249 2917 haec
1280 2862 1412 2918 illuc
1438 2864 1858 2934 perscripserat,
1883 2880 2033 2922 com-

2226 2865 2446 2936 Ἐπειδὴ
2489 2866 2546 2919 δὲ
2592 2865 2807 2935 ἀνάγκη
2846 2881 2938 2933 με,
2969 2864 3262 2935 γραψάσης
3297 2862 3402 2932 τῆς
3439 2862 3603 2916 αὐτοῦ
3638 2865 3734 2917 εὐ-

440 2947 632 3014 pulsus
656 2964 776 3025 sum
806 2958 863 3004 et
888 2965 991 3020 ego
1024 2965 1247 3019 quoque
1279 2966 1342 3005 ea
1381 2953 1568 3007 omnia
1607 2969 1730 3022 quae
1769 2954 1915 3010 inter
1945 2969 2031 3009 me

2143 2957 2366 3022 λαϐείας
2395 2958 2596 3020 ἐκεῖσε,
2625 2955 2802 3009 ταῦτα
2842 2955 2912 3009 τά
2952 2954 3213 3024 γεγονότα
3259 2956 3435 3007 εἰπεῖν
3491 2953 3734 3019 ἃπαντα,

440 3046 499 3091 et
528 3038 682 3093 illum
714 3040 1162 3107 intercesserant,
1192 3042 1439 3112 aperire,
1479 3060 1779 3116 earumque
1818 3046 2031 3103 littera-

2143 3048 2357 3120 πέμψαι
2408 3047 2465 3101 δέ
2517 3046 2614 3101 καὶ
2663 3045 2731 3099 τὰ
2782 3045 2871 3098 ίσα
2914 3045 3022 3098 τῶν
3065 3046 3195 3116 παρ’
3221 3042 3358 3112 ἐμοῦ
3411 3044 3734 3114 γραφέντων

442 3144 589 3196 rum,
615 3146 752 3202 quas
789 3134 858 3188 ad
886 3134 1041 3189 illum
1070 3135 1356 3201 dederam,
1382 3137 1631 3208 exempla
1666 3154 1764 3208 per
1801 3139 2033 3195 Posido-

2143 3140 2278 3210 πρὸς
2347 3139 2510 3192 αὐτὸν
2576 3138 2959 3208 γραμμάτων·
2996 3136 3371 3205 ἐκδεδήμηκεν
3415 3136 3734 3203 ἀναγκαίως

444 3240 600 3279 nium
654 3224 920 3281 dilectum
986 3227 1247 3283 Ecclesia:
1301 3229 1682 3287 Alexandrina:
1740 3231 2035 3287 diaconum

2146 3230 2406 3303 κληρικὸς
2458 3230 2557 3300 τῆς
2598 3228 2993 3299 Ἀλεξανδρέων
3046 3230 3075 3282 ό
3120 3226 3409 3297 ἀγαπητὸς
3484 3227 3736 3291 διάκονος

444 3317 687 3371 mittere.
722 3318 895 3373 Porro
932 3325 1118 3374 autem
1152 3320 1312 3376 lectis
1351 3322 1408 3376 in
1446 3322 1684 3379 concilio
1739 3324 2035 3393 expositio.

2149 3320 2522 3384 Ποσειδώνιος.
2580 3319 3056 3389 ’Λναγνωσθεισῶν
3131 3319 3314 3373 τοίνυν
3365 3320 3423 3372 ἐν
3476 3320 3740 3391 συνεδρίῳ

446 3406 611 3462 nibus
641 3407 790 3463 illius
820 3394 1200 3482 epistolisque',
1240 3420 1295 3467 et
1322 3412 1391 3467 iis
1414 3414 1689 3484 praacipue
1722 3414 1775 3468 in
1811 3414 2034 3485 quibus,

2149 3415 2251 3467 τῶν
2298 3414 2615 3484 ἐξηγήσεων
2644 3410 2834 3475 αὐτοῦ,
2867 3413 2964 3466 καὶ
2995 3412 3105 3465 τῶν
3140 3412 3443 3467 ἐπιστολῶν
3476 3412 3740 3483 μάλιστα,

449 3499 597 3569 quod
622 3510 868 3572 apertam
898 3504 1071 3574 ipsius
1094 3504 1555 3575 subscriptionem
1588 3523 1698 3577 pra:
1721 3523 1779 3563 se
1805 3507 2036 3575 ferrent,

2146 3507 2203 3559 ἐν
2219 3500 2299 3568 οἷς
2320 3506 2423 3558 οὐκ
2444 3505 2559 3558 ἐστι
2588 3504 2957 3572 συκοφαντίας
3006 3504 3173 3567 τόπος
3204 3504 3410 3575 (ἔχουσι
3438 3503 3547 3576 γὰρ
3572 3504 3737 3557 αὐτοῦ

448 3592 637 3649 nullus
667 3595 1063 3666 tergiversandi
1096 3596 1253 3653 locus
1282 3598 1529 3669 reliquus
1550 3606 1688 3665 erat,
1715 3608 1899 3655 sancta
1925 3601 2036 3656 Ro-

2152 3600 2244 3665 τὴν
2281 3595 2655 3667 ὑπογραφὴν),
2695 3596 2727 3665 ἡ
2769 3596 2901 3661 ἁγία
2945 3595 3233 3665 Ῥωμαίων
3272 3594 3489 3660 σύνοδος
3529 3596 3743 3664 φανερά

448 3699 610 3739 mana
639 3686 881 3758 synodus
905 3687 1169 3744 disertam
1200 3689 1387 3745 statim
1424 3690 1478 3744 in
1513 3690 1666 3746 illum
1703 3692 2037 3747 sententiam

2150 3688 2451 3754 τετύπωκε,
2482 3688 2577 3741 καὶ
2612 3687 2677 3758 δὴ
2721 3688 2816 3739 καὶ
2854 3687 3176 3758 γεγράφηκε
3201 3688 3340 3758 πρὸς
3356 3688 3456 3759 τὴν
3493 3687 3591 3759 σὴν
3622 3688 3741 3741 θεο-

452 3775 612 3842 tulit;
653 3793 761 3848 qua
794 3779 865 3835 de
907 3796 967 3836 re
1003 3788 1060 3835 et
1098 3780 1168 3837 ad
1210 3788 1360 3837 tuam
1384 3796 1603 3855 quoque
1630 3783 1890 3855 pietatem
1914 3800 2039 3856 per-

2152 3781 2393 3843 σέϐειαν,
2418 3774 2500 3843 οἷς
2528 3780 2623 3834 καὶ
2652 3780 2866 3849 ἀνάγκη
2885 3778 3171 3832 πείθεσθαι
3193 3781 3320 3843 τοὺς
3342 3780 3742 3850 ἀντεχομένους

451 3865 692 3935 scripsit.
743 3868 951 3924 Horum
1004 3872 1236 3942 proinde
1276 3873 1501 3929 decreto
1550 3874 1730 3930 modis
1781 3875 2041 3931 omnibus

2152 3874 2248 3946 τῆς
2288 3874 2426 3945 πρὸς
2466 3872 2687 3927 ἅπασαν
2730 3872 2827 3943 τὴν
2868 3872 3033 3925 Λύσιν
3074 3872 3380 3935 κοινωνίας.
3423 3873 3743 3943 Γεγράφασι

452 3954 759 4021 parendum
807 3968 891 4013 est
924 3960 1031 4017 illis
1061 3963 1155 4031 qui
1191 3976 1221 4016 a
1254 3963 1426 4018 totius
1446 3963 1762 4021 Occidentis
1790 3981 2038 4021 commu-

2154 3966 2259 4037 γὰρ
2289 3966 2385 4020 xui
2412 3964 2482 4019 τά
2522 3965 2613 4019 ἴσα
2651 3965 2746 4019 καὶ
2778 3964 2915 4035 πρὸς
2944 3963 3034 4027 τὸν
3063 3963 3478 4032 θεοφιλέστατον
3520 3963 3745 4016 ἐπίσκο-

454 4045 619 4101 nione
651 4049 907 4119 excidere
945 4052 1244 4107 noluerint.
1292 4054 1644 4124 Scripserunt
1680 4071 1915 4127 namque
1943 4075 2038 4114 ex-

2157 4076 2251 4112 πον
2285 4058 2687 4127 Θεσσαλονίκης
2721 4056 2971 4127 Ῥοῦφον,
3004 4056 3097 4128 καὶ
3144 4056 3282 4127 πρὸς
3326 4056 3545 4128 ἐτέρους
3591 4055 3748 4117 τινὰς

454 4136 644 4205 posite
674 4141 962 4196 sententia:
986 4145 1236 4214 exempla
1260 4160 1385 4200 cum
1414 4146 1481 4201 ad
1505 4148 1706 4203 Rufum
1731 4125 2040 4219 piissimum

2154 4147 2257 4200 τῶν
2290 4148 2429 4201 κατὰ
2464 4146 2563 4217 τὴν
2598 4145 2943 4201 Μακεδονίαν
2992 4125 3267 4208 θεοσεϐεῖς
3307 4145 3664 4207 ἐπισκόπους,
3693 4142 3745 4195 οἳ

456 4227 857 4286 Thessalonica:
883 4234 1224 4305 episcopum,
1248 4245 1363 4292 tum
1394 4239 1461 4293 ad
1490 4240 1627 4295 alios
1653 4257 1872 4312 quoque
1899 4259 2040 4298 non-

2152 4238 2249 4291 καὶ
2274 4238 2361 4290 ἀεὶ
2391 4236 2744 4305 συντρέχουσι
2774 4236 2895 4297 ταῖς
2919 4235 3050 4304 παρ’
3077 4233 3243 4287 αὐτοῦ
3275 4233 3500 4302 ψήφοις.
3530 4232 3743 4299 Γεγρά-

456 4317 641 4373 nullos
675 4320 1123 4391 religiosissimos
1154 4326 1486 4384 Macedonia:
1509 4331 1821 4401 episcopos,
1854 4334 1949 4403 qui
1973 4336 2042 4390 ab

2153 4350 2282 4400 φασι
2323 4330 2379 4382 δέ
2426 4327 2579 4384 οὐδὲν
2616 4323 2781 4397 ἦττον
2834 4327 2929 4379 καὶ
2971 4326 3110 4396 πρὸς
3153 4328 3251 4397 τῆς
3289 4324 3518 4381 Δὶλιέων
3555 4324 3744 4377 θεοσε-

458 4407 608 4464 illius
634 4413 904 4468 sententia
932 4430 1215 4487 nunquam
1248 4419 1531 4475 discedere
1561 4421 1758 4476 solent.
1794 4423 2041 4493 Scripse—

2156 4423 2412 4476 ϐέστατον
2468 4419 2767 4473 ἐπίσκοπον
2823 4418 3196 4472 ἰουϐενάλιον.
3246 4418 3359 4488 Τῆς
3408 4418 3506 4487 σῆς
3565 4416 3747 4469 τοίνυν

459 4510 590 4555 runt
640 4501 999 4562 nihilosecius
1054 4516 1112 4563 et
1151 4509 1219 4565 ad
1259 4511 1579 4567 Juvenalem
1608 4529 1831 4584 quoque
1858 4515 2042 4584 piissi-

2158 4514 2471 4575 θεοσεϐείας
2502 4512 2621 4564 ἐστί
2653 4512 2929 4580 σκοπῆσαι
2955 4510 3015 4562 τὸ
3048 4510 3352 4580 συμφέρον.
3401 4509 3594 4578 Ἡμεῖς
3635 4508 3749 4576 γάρ

458 4605 608 4644 mum
638 4591 1144 4669 Hierosolymorum
1173 4602 1515 4673 episcopum.
1547 4605 1665 4660 Jam
1695 4614 1800 4661 tua:
1826 4607 2049 4677 pietatis

2157 4610 2265 4671 τοῖς
2311 4607 2441 4676 παρ’
2488 4603 2653 4657 αὐτοῦ
2700 4601 3145 4673 ἀκολουθήσομεν
3198 4601 3452 4673 κρίμασι,
3511 4599 3748 4659 δεδιότες

459 4683 630 4741 fuerit
687 4684 907 4758 quidin
944 4710 1059 4749 rem
1104 4696 1352 4752 futurum
1392 4700 1465 4753 sit
1514 4700 1807 4771 diligenter
1840 4717 2048 4770 expen-

2158 4697 2564 4754 ἀπολισθαίνειν
2592 4696 2692 4763 τῆς
2726 4694 3002 4747 τοσούτων
3049 4692 3355 4757 κοινωνίας,
3394 4692 3492 4760 οὐχ
3516 4691 3605 4758 ὑφ’
3628 4688 3749 4740 ἐτέ-

459 4774 591 4832 dere
618 4776 715 4848 (l).
742 4782 859 4837 Nos
878 4785 1025 4840 enim
1053 4802 1175 4856 qua:
1205 4789 1281 4843 illi
1310 4790 1720 4859 iudicaverunt,
1748 4793 1903 4863 sequi
1934 4810 2050 4848 om-

2160 4802 2309 4864 ροιςς
2368 4789 2510 4842 τισὶν
2565 4787 3032 4857 ἠγανακτηκότων
3078 4785 3419 4856 πράγμασιν,
3482 4782 3604 4833 οὺδέ
3654 4780 3751 4832 ἐπὶ

461 4865 594 4921 nino
614 4873 1021 4931 constituimus.
1052 4878 1324 4935 Veremur
1350 4897 1590 4954 namque
1620 4900 1689 4940 ne
1714 4902 1743 4939 a
1770 4895 2048 4941 tantorum

2160 4886 2377 4955 μικροῖς
2413 4881 2800 4951 πεποιημένων
2840 4879 2937 4950 τὴν
2987 4878 3171 4950 κρίσιν
3216 4878 3310 4931 καὶ
3352 4876 3603 4945 κίνησιν
3630 4872 3749 4926 ἀλλ’

462 4957 709 5049 virorum
746 4962 1133 5043 communione
1167 4974 1505 5041 exeidamus,
1535 4978 1629 5046 qui
1663 4994 1773 5033 non
1802 4978 1873 5033 ob
1901 4979 2051 5034 aliud

2160 4978 2298 5049 ὑπὲρ
2325 4975 2493 5045 αὐτῆς
2518 4974 2617 5043 τῆς
2654 4973 2915 5038 πίστεως,
2954 4973 3048 5025 καὶ
3077 4972 3186 5025 τῶν
3221 4968 3501 5039 πανταχοῦ
3539 4983 3751 5034 κεκινη·

464 5047 845 5122 indignantur,
872 5074 1051 5129 neque
1090 5062 1163 5117 ob
1197 5066 1349 5133 parvi
1380 5069 1643 5122 momenti
1673 5085 1760 5123 res
1788 5072 2053 5125 commoti

2166 5047 2342 5137 μένων
2409 5062 2777 5134 Ἐκκλησιῶν,
2828 5062 2923 5114 καὶ
2962 5062 3061 5130 τῆς
3093 5060 3387 5131 οἰκοδομῆς
3414 5058 3525 5113 τῶν
3577 5055 3746 5109 λαῶν.

466 5151 615 5231 sunt,
651 5158 884 5215 eamque
909 5154 1244 5209 sententiam
1273 5156 1547 5223 tulerunt;
1575 5158 1685 5231 44
1708 5158 1802 5214 sed
1833 5169 2056 5230 propter

2164 5159 2437 5225 Πρόσειπε
2464 5157 2565 5227 τὴν
2599 5153 2751 5223 παρά
2805 5154 2889 5206 σοὶ
2931 5153 3300 5225 ἀδελφότητα*
3337 5153 3395 5206 σέ
3432 5153 3465 5222 ὴ
3500 5150 3592 5204 σὺν
3627 5147 3752 5223 ἐμοὶ

468 5230 644 5301 ipsam
670 5234 855 5305 ﬁdem,
884 5241 1279 5316 universasque
1310 5247 1462 5303 orbis
1503 5230 1776 5304 terrarum
1808 5251 2057 5307 turbatas

1310 5247 1462 5303 orbis
1503 5230 1776 5304 terrarum
1808 5251 2057 5307 turbatas
2164 5254 2221 5305 ἐν
2248 5250 2437 5321 Κυρίῳ
2466 5245 2888 5318 προσαγορεύει.

1539 5387 1713 5443 Variae
1743 5389 2009 5445 lectiones
2049 5390 2258 5445 codicis
2297 5383 2663 5459 Seguieriani.

542 5466 565 5495 '
592 5459 680 5528 ἐφ’
716 5461 944 5534 ἑτέροις.

547 5595 624 5679 (l)
666 5595 903 5653 Joannes
953 5599 1173 5667 quidem
1229 5607 1457 5659 tentavit
1515 5606 1751 5679 Nestorii
1812 5608 2056 5679 animum
2170 5608 2457 5679 lSestorius
2490 5608 2541 5662 in
2576 5609 2815 5679 speciem
2863 5610 3259 5675 aliquantumm
3303 5607 3522 5670 cedens,
3559 5623 3755 5663 vocem

478 5665 984 5749 flectercmqtnq‘lte'
1007 5686 1328 5749 permovere
1358 5685 1434 5738 ut,
1468 5676 1639 5749 priori
1666 5678 1938 5731 sententia
1975 5694 2059 5731 re-
2175 5678 2417 5746 Dciparw
2454 5695 2562 5733 non
2601 5665 2847 5735 absolute
2886 5665 3163 5749 rejiceret.
3202 5679 3338 5733 Vide
3374 5665 3756 5749 Joan'niszn-

479 5741 740 5819 tractata,
792 5737 849 5791 Β.
902 5738 963 5793 V.
1009 5737 1297 5819 Deiparam
1353 5737 1707 5819 confiteretur
1772 5764 1895 5801 cum
1949 5757 2058 5801 tota
2174 5737 2337 5801 tioch.
2372 5750 2531 5817 epist.
2583 5751 2648 5805 ad
2697 5737 3011 5806 Nestorium
3042 5751 3094 5805 in
3130 5749 3280 5806 Kctis
3323 5764 3477 5805 conc.
3523 5748 3756 5819 Ephes,

480 5804 759 5875 Ecclesia;
807 5824 998 5863 verum
1048 5804 1229 5867 surdis
1271 5814 1470 5869 cecinit
1518 5817 1765 5884 auribus,
1810 5820 2059 5887 quamvis
2175 5834 2225 5888 p.
2266 5835 2302 5885 ι,
2334 5836 2380 5874 c.
2409 5804 2501 5875 '25.
