4028 6208
356 238 443 298 ‘37

1761 241 2097 299 EPISTOLA
2146 244 2291 300 XIV.
2389 237 2403 249 ’

3582 246 3657 304 98

362 354 672 420 Ecclesias,
712 362 768 409 et
815 369 1168 410 communem
1240 356 1430 427 populi
1471 355 1912 411 mdiﬁrationem.
1974 359 2160 414 Saluta
2217 376 2337 430 quae
2384 359 2526 431 apud
2574 368 2623 415 te
2669 368 2755 414 est
2794 359 3231 429 fraternitatem;
3273 374 3394 431 qua:
3430 376 3645 419 merum

364 455 492 512 est,
520 447 568 501 in
596 447 824 501 Domino
852 455 905 502 te
932 448 1154 503 salutat.

1617 672 1954 733 EPISTULA
1990 677 2109 733 xw
2151 676 2243 748 (al.
2284 669 2423 745 xu).

1557 824 1763 867 CYRILLI
1790 826 1857 866 AD
1888 825 2111 867 ACACIUH
2142 823 2495 865 BERCEENSEII.

332 949 529 1024 Rogat
564 959 628 1006 ιιι
659 952 903 1007 animum
930 965 1088 1006 suum
1118 950 1182 1007 ob

1213 951 1504 1027 periculum
1529 952 1663 1027 ﬁdei
1687 970 1912 1027 maerore
1946 956 2251 1027 depressum
2288 956 2482 1027 erigat,
2502 953 2704 1027 sibique
2727 948 2922 1006 indicet
2955 946 3234 1008 consilium
3268 953 3500 1009 remedia
3534 954 3648 1026 for-

1289 1024 1429 1078 tiora
1467 1024 1772 1092 adhibendi,
1806 1042 1926 1081 cum
1958 1024 2101 1082 haud
2126 1024 2467 1097 profecissent
2499 1025 2731 1079 mitiora.

408 1151 496 1208 Οἱ
526 1153 741 1225 σφόδρα
781 1152 1136 1225 λυπούμενοι,
1178 1154 1275 1209 καὶ
1311 1128 1566 1228 φροντίσι
1602 1159 1952 1231 τετρωμένην

2129 1160 2233 1228 Qui
2280 1159 2433 1232 gravi
2482 1174 2606 1214 cum
2653 1158 2877 1215 tristitia
2929 1157 3337 1225 conﬂictantur,
3386 1161 3648 1233 curisque

342 1247 582 1317 ἔχοντες
621 1245 723 1318 τὴν
761 1246 1014 1317 καρδίαν,
1045 1247 1108 1300 οὐ
1144 1248 1358 1321 μικρῶς
1388 1248 1571 1321 ἔχουσι
1600 1252 1955 1325 παραψυχὴν,

339 1340 481 1392 ὅταν
523 1339 641 1391 τισὶ
668 1338 779 1392 τῶν
807 1340 1210 1412 δμογνωμόνων
1252 1340 1325 1396 τὰ
1367 1343 1455 1413 ἐφ’
1482 1338 1564 1409 οἷς
1599 1345 1954 1420 λελύπηνται,

340 1431 585 1499 λέγωσι.
612 1428 871 1494 Τοιοῦτός
894 1447 982 1494 τις
1020 1431 1224 1501 γέγονα
1253 1433 1412 1503 κάγώ
1429 1450 1444 1465 ⁸
1475 1435 1566 1491 διά
1589 1454 1672 1491 τοι
1703 1438 1864 1493 τοῦτο
1886 1442 1953 1512 τῇ

340 1524 417 1592 σῇ
468 1522 783 1593 τελειότητι
821 1522 1034 1594 γράψαι
1073 1524 1187 1579 δεῖν
1238 1525 1427 1599 ᾠήθην
1467 1528 1567 1593 τὰς
1606 1530 1806 1598 αἰτίας,
1866 1533 1953 1602 ἐφ’

336 1608 440 1679 al;
476 1614 733 1677 εἰκότως,
757 1611 834 1678 ὥς
862 1630 928 1683 γε
960 1609 1137 1686 οἶμαι,
1162 1615 1493 1691 λελύπημαι,
1533 1620 1738 1692 μᾶλλον
1770 1619 1830 1676 δὲ
1859 1624 1955 1677 καὶ

336 1706 423 1759 ἔτι
510 1704 815 1775 λυποῠμαι.
887 1706 964 1759 Οὐ
1013 1707 1126 1778 γὰρ
1179 1708 1382 1780 ήρκεσε
1436 1710 1516 1783 τῷ
1572 1712 1953 1785 εὐλαϐεστάτῳ

336 1798 648 1870 tandm]:
672 1796 956 1870 Νεστορίφ
1000 1798 1063 1852 τὸ
1094 1799 1183 1853 ἐπ’
1205 1800 1504 1874 ἐκκλησίας
1537 1804 1734 1872 εἰπεῖν,
1758 1804 1795 1860 ἃ
1816 1807 1903 1859 ἐπ’
1930 1811 1947 1843 ι

335 1892 658 1961 ἱκκλησίας
703 1889 1100 1957 ὲσκανδάλισε,
1156 1894 1252 1947 καὶ
1294 1894 1571 1966 παρέλυσε
1616 1896 1820 1963 πίστιν,
1852 1896 1951 1970 τὴν

338 1988 440 2040 ἐπὶ
474 1985 556 2057 τῷ
592 1985 817 2039 πάντων
844 1982 1005 2055 ἡμῶν
1030 1983 1248 2056 Σωτῆρι
1276 1985 1533 2059 Χριστῷ·
1554 1986 1693 2041 ἀλλά
1721 1987 1831 2060 γάρ
1855 1988 1952 2043 καὶ

337 2078 621 2148 ἠνέσχετο
646 2075 928 2147 Δωροθέου
954 2075 1102 2139 τινὸς
1129 2076 1434 2132 ἐπισκόπου
1464 2078 1842 2151 τολμήσαντος
1861 2081 1949 2133 ἐπ’

339 2167 659 2238 ἐκκλησίας
686 2166 787 2222 καὶ
819 2165 1094 2231 συνάξιως
1139 2168 1316 2223 είπείν
1363 2168 1701 2241 ἀναφανδόν
1750 2171 1821 2225 Εἴ
1864 2189 1949 2238 τις

342 2262 507 2330 λέγει
532 2261 803 2315 Θεοτόκον
825 2259 925 2330 τὴν
948 2259 1191 2331 Μαρίαν,
1226 2262 1477 2334 ἀνάθεμα
1497 2262 1657 2318 ἔστω.
1677 2263 1743 2317 Τί
1769 2264 1948 2317 τοίνυν

339 2355 630 2428 δράσομεν
658 2354 722 2407 ἐν
770 2351 1039 2425 ἐκκλησίᾳ
1075 2352 1345 2426 ὀρθοὸόξῳ
1369 2363 1395 2391 ¹¹
1420 2353 1950 2426 ἀναθεματισθέντες

343 2448 495 2519 μετὰ
515 2449 632 2503 τῶν
667 2447 842 2517 ἁγίων
880 2445 1175 2518 Πατέρων;
1204 2446 1460 2519 Εὑρίσκω
1486 2448 1596 2520 γὰρ
1627 2451 1686 2502 ὲν
1707 2464 1946 2520 συγγρα-

2064 1254 2475 1311 consauciatum
2511 1262 2707 1323 pectus
2729 1252 2955 1318 habent,
2984 1253 3020 1306 ii
3057 1268 3167 1307 non
3192 1268 3373 1324 parvae
3399 1257 3645 1311 consola-

2058 1346 2233 1402 tionis
2272 1346 2394 1401 loco
2428 1344 2632 1400 ducere
2660 1344 2859 1409 solent,
2887 1343 2933 1398 si
2960 1343 3288 1415 quibusdam
3322 1345 3441 1415 pari
3475 1347 3646 1403 animi

2061 1453 2227 1493 sensu
2273 1436 2522 1508 praeditis
2564 1451 2631 1491 ea
2677 1449 2953 1506 exponere
2993 1443 3217 1505 queant,
3259 1447 3485 1508 propter
3524 1454 3648 1509 qum

2061 1530 2248 1585 animo
2274 1528 2704 1584 diseruciantur.
2729 1527 2866 1594 Quia
2891 1531 3024 1597 e'rgo
3046 1536 3102 1582 et
3126 1527 3260 1582 mihi
3294 1546 3515 1601 quoque
3540 1532 3649 1587 hoc

2060 1612 2311 1693 tempore
2369 1622 2478 1676 tale
2540 1619 2805 1691 quiddam
2844 1620 3134 1685 usuvenit,
3179 1622 3483 1679 arbitratus
3521 1639 3647 1679 sum

2060 1724 2256 1765 causas
2294 1708 2367 1763 ob
2399 1723 2538 1778 quas
2572 1723 2684 1762 non
2719 1707 2946 1780 injusto,
2975 1717 3037 1763 ut
3071 1710 3328 1779 equidem
3366 1712 3644 1779 existimo,

2058 1801 2250 1857 dolore
2292 1800 2523 1856 all‘cctus
2565 1815 2709 1865 sum,
2745 1799 2856 1855 imo
2898 1816 3033 1856 vero
3079 1801 3306 1868 allicior,
3342 1803 3646 1875 integritati

2059 1899 2167 1951 tua:
2192 1892 2596 1963 patefaciendas
2629 1908 2771 1949 esse.
2800 1890 2921 1948 Non
2956 1893 3104 1948 enim
3139 1904 3224 1950 sat
3258 1895 3363 1951 fuit
3388 1913 3646 1953 reveren-
3696 1924 3704 1943 ι

2057 1980 2286 2038 dissimo
2306 1983 2559 2038 Nestorio
2578 1999 2642 2038 ea
2664 1983 2883 2054 publice
2903 1999 3003 2055 pro
3022 1986 3288 2041 concione
3331 2002 3645 2058 proponere

2056 2091 2178 2147 quae
2208 2076 2510 2131 Ecclesiam
2542 2076 2863 2148 gravissime
2885 2077 3252 2146 oll'enderent,
3284 2079 3559 2151 {idemque
3589 2082 3643 2137 in

2054 2165 2335 2223 Christum
2362 2165 2611 2221 omnium
2642 2174 2896 2222 nostrum
2925 2165 3265 2223 Salvatorem
3294 2179 3645 2236 everterent;

2055 2260 2153 2316 sed
2192 2261 2428 2316 ulterius
2466 2275 2812 2333 progressus,
2839 2261 3161 2331 episcopum
3202 2260 3497 2331 quemdam
3536 2262 3643 2316 Do-

2055 2353 2311 2409 rotheum
2354 2353 2534 2424 palam
2570 2353 2625 2409 in
2657 2352 2915 2421 ecclesia,
2948 2352 3081 2408 dum
3120 2368 3276 2409 sacra
3310 2367 3643 2425 perageren-

2056 2451 2169 2508 tur,
2217 2441 2512 2497 temerario
2558 2456 2698 2497 ausu
2744 2440 2968 2497 etl‘utire
3012 2456 3208 2512 passus
3248 2450 3335 2497 est
3368 2458 3381 2495 :
3418 2440 3475 2496 Si
3520 2440 3647 2512 quis

341 2545 482 2611 cui:
524 2543 627 2596 καὶ
660 2542 756 2595 τὸν
782 2541 884 2614 τῆς
909 2542 1154 2612 ἀοιδίμου
1191 2541 1413 2611 μνήμης
1460 2541 1759 2595 ἐπίσκοπον
1796 2542 1952 2595 Ἀθα-

2055 2529 2277 2583 Mariam
2300 2529 2591 2600 Deiparam
2611 2546 2733 2586 esse
2751 2530 2973 2595 dixerit,
2998 2530 3290 2587 anathema
3314 2531 3405 2587 sit.
3430 2531 3645 2603 Ecquid

340 2632 563 2697 νάσιον,
619 2631 947 2696 πλειστάκις
1018 2632 1192 2703 αὐτὴν
1248 2630 1602 2701 ὀνομάσαντα
1652 2630 1943 2686 Θεοτόκον’

343 2724 448 2778 καὶ
483 2723 584 2777 τὸν
632 2724 906 2794 μακάριον
946 2723 1004 2778 δὲ
1051 2723 1275 2795 Πατέρα
1320 2722 1481 2794 ήμῶν
1526 2721 1810 2792 Θεόφιλον,
1852 2725 1950 2777 καὶ

340 2814 577 2887 ’ἑτέρους
604 2814 843 2878 πολλοὺς
873 2813 982 2868 τῶν
1009 2813 1180 2884 ἁγίων
1221 2814 1316 2867 καὶ
1367 2813 1508 2867 κατά
1563 2814 1789 2886 καιροὺς
1836 2814 1951 2868 ἐπι-

351 2910 579 2963 σκόπων
598 2927 613 2941 ’
655 2909 824 2964 τοῦτο
854 2909 953 2981 μὲν
979 2909 1283 2975 Βασίλειον,
1310 2907 1470 2962 τοῦτο
1519 2907 1578 2962 δὲ
1622 2908 1946 2981 Γρηγόριον,

348 3002 449 3056 καὶ
478 3002 647 3056 αὐτὸν
669 3002 731 3055 δὲ
758 3002 849 3056 τὸν
868 3002 1140 3073 μακάριον
1168 3001 1438 3057 Ἀττικόν.
1463 3000 1653 3066 Οὐδεὶς
1673 3000 1751 3069 δὲ,
1767 2995 1947 3073 οϊμαι,

348 3093 463 3145 τῶν
491 3092 796 3163 ὀρθοδόξων
835 3092 1102 3145 Θεοτόκον
1135 3090 1303 3164 αὐτὴν
1335 3092 1510 3146 δέδιεν
1541 3094 1747 3147 εἰπεῖν·
1789 3094 1949 3165 εἰπερ

348 3186 516 3238 ἔστιν
544 3185 735 3256 ω.ηθὲς
763 3186 848 3239 ὅτι
870 3184 1007 3249 Θεός
1033 3186 1181 3239 ἐστιν
1206 3188 1235 3240 δ
1284 3186 1659 3258 Ἐμμανουήλ.
1688 3186 1950 3256 Γεγόνασι

358 3278 555 3331 τοίνυν
600 3278 836 3350 ἀνάθεμα
865 3278 1004 3353 πρὸς
1044 3278 1176 3333 Θεὸν
1200 3278 1354 3343 ὄντες
1374 3279 1518 3350 ἀγιοι
1552 3280 1817 3353 Πατέρες,
1853 3281 1951 3335 καὶ

363 3368 570 3433 πάντες
586 3369 698 3423 ὅσοι
711 3372 825 3434 τοῖς
845 3369 1031 3442 ὀρθοῖς
1052 3371 1150 3441 τῆς
1165 3370 1427 3442 ἀληθείας
1449 3371 1703 3443 ἑπόμενοι
1715 3371 1949 3444 δόγμασι

350 3458 491 3512 Θεὸν
500 3457 830 3529 ὁμολογοῦσι
844 3459 938 3514 τὸν
950 3460 1204 3530 Χριστόν.
1223 3460 1336 3515 Καὶ
1348 3462 1407 3514 οὐ
1427 3461 1590 3533 μέχρι
1610 3461 1817 3516 τούτων
1833 3463 1867 3532 ή
1885 3462 1952 3514 ὲκ

351 3551 449 3605 τοῦ
470 3551 805 3623 πράγματος
823 3552 997 3625 ζημία
1011 3571 1027 3585 ·
1058 3553 1195 3609 ἀλλὰ
1214 3552 1323 3626 γὰρ
1347 3554 1443 3608 καὶ
1472 3553 1872 3626 διεστράφησαν
1894 3554 1953 3607 αἱ

351 3641 461 3695 τῶν
481 3641 635 3695 λαῶν
666 3640 906 3712 γνῶμαι.
932 3642 1261 3716 Τεθρήνηκα
1310 3645 1422 3716 γάρ
1450 3643 1663 3698 ἀκούων
1691 3646 1818 3708 τοὺς
1850 3644 1952 3716 μὲν

350 3733 432 3794 είς
477 3727 647 3785 τοῦτο
691 3732 964 3798 πεσόντας
1007 3734 1273 3798 ἀπιστίας
1301 3734 1401 3805 ἤδη
1437 3736 1531 3789 καὶ
1576 3733 1842 3805 ἀμαθίας,
1872 3735 1952 3799 ὡς

353 3824 495 3892 μηδὲ
538 3821 677 3877 Θεὸν
712 3824 996 3894 ὁμολογεῖν
1033 3824 1126 3880 τὸν
1171 3825 1436 3898 Χριστόν
1479 3827 1608 3891 τοὺς
1652 3825 1730 3893 δὲ,
1774 3825 1878 3881 κᾶν
1902 3828 1951 3880 εί

350 3913 570 3967 ἕλοιντο
594 3915 882 3985 ὁμολογεῖν
928 3916 1066 3981 δλως
1093 3917 1256 3971 αὑτὸν
1284 3917 1437 3983 Θεὸν,
1463 3919 1631 3991 μηδὲν
1682 3918 1833 3988 ὑγιὲς
1863 3919 1950 3973 ἐπ’

350 4007 511 4078 αὐτῷ
538 4006 807 4073 δοξάζειν,
849 4007 967 4063 ἀλλ’
1007 4008 1226 4081 εὐδοκία
1264 4009 1359 4063 καί
1396 4010 1581 4080 χάριτι
1642 4009 1762 4081 μεθ’
1795 4010 1950 4082 ἡμῶν

351 4099 664 4169 κεκλῆσθαι
708 4101 849 4172 πρὸς
877 4099 1041 4155 τοῦτο
1069 4101 1347 4170 λέγοντας.
1385 4101 1570 4156 Ταῦτα
1613 4102 1814 4175 θρήνου
1857 4103 1952 4158 καὶ

1978 3892 2022 3952 C

352 4192 608 4264 οἰμωγῆς
630 4192 779 4263 ἀξια.
810 4192 949 4248 Ποία
978 4194 1090 4267 γὰρ
1111 4194 1249 4257 ὅλως
1288 4196 1321 4266 ή
1348 4195 1507 4265 χρεία
1553 4195 1647 4249 καὶ
1677 4196 1756 4258 είς
1787 4195 1952 4267 μέσον
1978 4180 1987 4187 ἢ

355 4286 594 4356 ἄγεσθαι
627 4287 697 4341 τά
722 4282 863 4341 οὕτω
889 4287 1062 4342 λεπτὰ
1096 4288 1190 4342 καὶ
1230 4286 1622 4360 κεκρυμμένα;
1666 4286 1765 4341 Διά
1810 4287 1863 4341 τί
1894 4286 1953 4341 δὲ

362 4382 443 4451 μὴ
517 4378 724 4450 μᾶλλον
779 4379 1000 4450 ἠθικαῖς
1061 4379 1388 4451 ἐξηγήσεσιν
1451 4377 1774 4450 ὠφελοῢμεν
1825 4378 1954 4443 τοὺς

358 4470 557 4535 λαοὺς,
605 4471 657 4524 εί
697 4469 773 4542 μὴ
810 4471 1020 4542 σφόδρα
1052 4471 1248 4542 ἔχομεν
1303 4470 1506 4535 ἱκανῶς
1545 4471 1626 4534 είς
1665 4469 1953 4541 ἀκρίϐειαν

358 4562 463 4633 τὴν
496 4562 864 4635 ὼγματικήη
915 4563 1133 4634 Ἐπειδὴ
1175 4562 1233 4616 δὲ
1282 4561 1576 4635 μονάζουσι
1628 4564 1743 4625 τοῖς
1811 4561 1954 4616 κατὰ

358 4656 462 4725 τὴν
492 4655 768 4723 Αἴγυπτον
809 4655 907 4710 καὶ
953 4656 1361 4728 Ἀλεξάνδρειαν
1405 4653 1865 4727 τεθορυϐημένοις
1889 4655 1955 4709 ἐκ

362 4746 624 4802 τοιούτων
656 4747 1105 4819 ἀναγνωσμάτων
1136 4749 1306 4819 ἧγουν
1359 4747 1698 4820 ἐξηγήσεων,
1727 4750 1822 4802 τὸν
1868 4749 1955 4820 ὀρο

370 4836 465 4889 (δὸν
495 4835 593 4906 τῆς
642 4837 883 4902 πίστεως
912 4838 1305 4909 ἒξηγησάμεθα
1335 4839 1518 4909 λόγον,
1558 4839 1955 4912 ἐκπεπολεμω-

369 4943 486 4988 ται,
516 4927 609 4981 καὶ
624 4928 853 4997 γέγονεν
877 4928 1072 5001 ἐχθρός
1091 4944 1106 4957 ⁸
1131 4931 1227 4984 καὶ
1248 4930 1504 5001 συλλέγει
1525 4933 1676 4996 τινάς
1709 4932 1957 5004 ἀγύρτας

366 5019 466 5071 καὶ
506 5020 1009 5091 κατεγνωσμένους,
1051 5021 1617 5106 καξθπαρασκευάζει
1661 5023 1958 5094 ψεύδεσθαι

362 5109 492 5164 κατ’
534 5110 673 5181 ἐμοῦ
715 5129 839 5166 τινα
884 5113 978 5166 ἐπὶ
1003 5100 1238 5189 πολλῶν.
1283 5116 1394 5172 Καὶ
1408 5116 1551 5189 τάχα
1593 5116 1840 5183 δικαίως.
1892 5116 1957 5170 Et

2049 2635 2181 2692 ergo
2221 2620 2275 2676 in
2317 2620 2753 2675 orthodoxorum
2798 2621 3043 2677 Ecclesia
3075 2636 3202 2677 cum
3233 2623 3439 2678 sanctis
3463 2622 3643 2678 Patri-

2051 2710 2155 2766 bus
2187 2711 2477 2766 anathema
2514 2710 2641 2766 facti
2683 2710 3040 2766 adoriemur?
3069 2710 3368 2781 Comperio
3402 2728 3645 2782 namque

2049 2807 2271 2860 acterna!
2323 2801 2604 2857 memoria:
2646 2803 2967 2873 episcopum
3024 2802 3388 2858 Athanasium
3444 2805 3646 2875 sapius

2050 2893 2202 2947 illam
2238 2892 2527 2964 Deiparam
2570 2893 2885 2964 appellare;
2926 2903 3091 2964 atque
3120 2895 3287 2950 etiam
3320 2895 3512 2951 beatos
3538 2896 3645 2951 Pa-

2052 2992 2166 3039 tres
2191 2993 2410 3039 nostros
2437 2983 2830 3055 Theophilum,
2867 2983 3153 3053 Basiliam,
3179 2984 3525 3057 Gregorium,
3552 2986 3649 3041 At-

2052 3075 2243 3138 ticum,
2269 3085 2327 3131 et
2357 3075 2494 3131 alios
2527 3084 2794 3147 praeterea
2835 3092 2947 3131 non
2986 3077 3212 3148 pauCos,
3241 3078 3335 3148 qui
3372 3094 3475 3149 per
3501 3086 3644 3135 tem-

2050 3183 2185 3239 pora
2221 3168 2503 3234 vixerunt,
2550 3179 2770 3226 sanctos
2811 3169 3123 3240 episcopos.
3170 3170 3418 3241 Denique
3455 3183 3642 3235 nemo,

2051 3262 2267 3333 opinor,
2303 3276 2372 3317 ex
2406 3261 2844 3317 orthodoxorum
2888 3277 3123 3318 numero
3160 3262 3311 3318 illam
3353 3262 3643 3333 Deiparam

2050 3355 2338 3411 nominare
2413 3353 2727 3421 dubitavit;
2797 3354 3248 3425 quandoquidem
3310 3368 3504 3409 verum
3560 3362 3646 3407 est

2050 3446 2467 3503 Emmanuelem
2504 3447 2676 3503 Deum
2704 3462 2845 3503 esse.
2872 3447 3052 3502 Erunt
3075 3446 3261 3516 itaque
3292 3446 3644 3500 anathemate

2052 3539 2341 3594 constricti
2388 3538 2563 3593 sancti
2608 3539 2831 3605 Patres,
2882 3539 2979 3610 qui
3020 3537 3347 3609 jamdudum
3398 3546 3526 3592 ante
3574 3539 3642 3592 ad

2050 3634 2224 3689 Deum
2256 3633 2567 3698 evolarunt,
2598 3631 2894 3701 caelerique
2928 3644 3142 3695 omnes,
3170 3636 3444 3698 quotquot
3478 3626 3643 3683 Chri-

2053 3733 2199 3780 stum
2229 3716 2565 3779 Deumesse
2605 3722 3057 3788 confessi,.recta
3099 3720 3347 3775 veritatis
3389 3719 3643 3791 dogmata

2054 3825 2463 3873 consectantur.
2497 3812 2688 3885 Neque
2724 3800 2859 3869 vero
2892 3812 2983 3868 bis
3018 3811 3222 3867 ﬁnibus
3258 3809 3463 3867 malum
3505 3825 3640 3888 con:

2055 3909 2215 3975 stitit,
2243 3907 2337 3964 sed
2361 3907 2692 3978 populorum
2718 3904 3057 3976 mentesjam
3080 3904 3364 3974 pervertit.
3391 3903 3640 3976 Intelligo

2054 4009 2227 4073 enim,
2249 4014 2306 4062 et
2327 4006 2553 4078 quidem
2581 4019 2694 4060 non
2716 4003 2836 4059 sine
2851 4000 3141 4074 'lacrymis,
3167 4002 3304 4058 alios
3324 4002 3547 4073 quidem
3572 4018 3641 4057 eo

2054 4099 2300 4172 perﬁdia:
2323 4107 2381 4154 et
2404 4096 2639 4152 inscitia).
2660 4095 2947 4166 prolapsos
2971 4095 3082 4166 jam
3107 4107 3249 4159 esse,
3278 4092 3339 4148 ut
3359 4092 3642 4148 Christum

2053 4191 2228 4249 Deum
2271 4206 2395 4247 esse
2432 4190 2637 4245 diserte
2679 4186 3031 4253 inﬁcientur;
3069 4185 3208 4242 alios
3264 4200 3397 4240 vero
3431 4186 3506 4241 ita
3546 4186 3641 4241 Dei

2054 4283 2479 4358 appellationem
2524 4280 2602 4337 illi
2646 4277 2859 4351 largiri,
2890 4287 2953 4333 ut
2987 4276 3128 4332 nihil
3167 4285 3350 4333 tamen
3388 4284 3536 4332 recte
3572 4275 3642 4331 de

2055 4379 2152 4436 illo
2191 4374 2434 4434 sentiant
2469 4393 2483 4429 :
2522 4374 2822 4445 opinantur
2868 4370 3016 4427 enim
3064 4370 3219 4426 illum
3269 4370 3505 4442 benigna
3542 4369 3641 4424 Dei

2054 4468 2340 4523 voluntate
2368 4474 2425 4521 et
2452 4463 2648 4536 gratia,
2680 4460 2911 4533 perinde
2946 4475 3013 4516 ac
3046 4476 3216 4516 unum
3256 4475 3324 4516 ex
3365 4460 3545 4526 nobis,
3571 4460 3640 4515 ad

2056 4560 2113 4616 id
2148 4555 2433 4630 dignitatis
2457 4563 2709 4613 evectum
2736 4567 2878 4609 esse.
2915 4552 3000 4608 An
3035 4566 3145 4607 non
3179 4550 3286 4623 45
3314 4551 3430 4607 hzec
3462 4552 3641 4625 lacry-

2056 4650 2164 4708 mis
2206 4658 2262 4707 et
2300 4649 2509 4722 gemitu
2545 4642 2669 4721 jure
2713 4654 2845 4702 sunt
2884 4644 3304 4716 prosequenda?
3344 4642 3640 4710 Quorsum,

2058 4758 2267 4816 quaeso,
2308 4740 2576 4796 attinebat
2614 4736 2840 4794 subtilia
2869 4737 2959 4792 illa
2990 4746 3046 4792 et
3077 4750 3275 4791 arcana
3308 4735 3367 4790 in
3398 4735 3643 4806 medium

2058 4834 2366 4893 adducere?
2397 4832 2509 4890 Cur
2535 4832 2722 4904 potius
2754 4829 3055 4886 moralibm
3082 4828 3519 4899 expositionibus
3541 4843 3643 4900 po-

2058 4929 2218 5000 pulos
2249 4942 2361 4982 non
2393 4925 2701 4989 erudimus,
2731 4923 2775 4979 si
2805 4922 2874 4979 ad
2907 4929 3154 4977 exactam
3181 4919 3495 4992 dogmatum
3530 4928 3642 4976 tra-

2059 5020 2354 5077 ctationem
2392 5033 2504 5074 non
2543 5032 2736 5073 sumus
2757 5014 2916 5070 valde
2939 5012 3162 5069 idonei?
3197 5010 3466 5068 Caeterum
3495 5010 3644 5083 quod

2060 5114 2130 5171 iis
2165 5114 2261 5185 qui
2301 5112 2603 5169 solitariam
2641 5109 2811 5166 vitam
2852 5121 2954 5177 per
2988 5103 3282 5177 Egyptum
3315 5112 3370 5159 et
3409 5103 3644 5159 Alexan-

362 5200 480 5271 γάρ
508 5201 731 5273 εἴχομεν
753 5202 915 5274 ζῆλον
936 5204 1096 5273 Θεοῦ,
1112 5198 1213 5261 ’καὶ
1246 5206 1348 5278 τῆς
1388 5208 1499 5262 τῶν
1522 5208 1785 5279 Πατέρων
1811 5207 1952 5280 φιλο-

2061 5207 2236 5264 driam
2282 5215 2471 5278 agunt,
2503 5211 2560 5259 et
2601 5197 2919 5273 huiusmodi
2960 5197 3366 5268 expositionum
3408 5193 3645 5250 lectione

363 5294 522 5358 θιῑας
546 5295 840 5366 ἐγινόμεθα
893 5300 1154 5370 μιμηταὶ,
1201 5300 1370 5356 πάλαι
1393 5300 1459 5358 ἂν
1499 5298 1642 5374 ἦμεν
1680 5302 1822 5357 κατὰ
1846 5301 1952 5356 τῶν

2064 5297 2380 5355 conturbati
2426 5295 2670 5357 fuerant,
2716 5297 2882 5345 rectae
2922 5287 3050 5344 ﬁdei
3091 5285 3420 5343 sententiam
3473 5299 3645 5355 expo-

364 5384 782 5456 τετολμηκότωι
833 5389 1148 5461 φλυαρῆσαι
1216 5393 1358 5448 κατά
1406 5393 1498 5448 τοῦ
1550 5394 1812 5465 Χριστοῦ,
1862 5396 1952 5449 καὶ

2065 5392 2320 5454 suissem,
2345 5388 2401 5441 in
2428 5387 2643 5440 hostem
2671 5381 2948 5436 infensum
2971 5393 3182 5446 versus,
3207 5376 3472 5449 quosdam
3501 5388 3645 5447 prae—

366 5479 897 5550 ἁναθεματισάντων
933 5485 1079 5553 ἡμᾶς
1118 5486 1243 5551 τοὺς
1275 5484 1508 5552 ζῶντας,
1545 5488 1640 5542 καὶ
1668 5488 1796 5552 τοὺς
1820 5487 1952 5559 πρὸς

2064 5482 2379 5554 stigiatores
2421 5476 2832 5544 desperataeque
2875 5469 3039 5529 sortis
3083 5470 3337 5526 homines
3372 5469 3429 5525 in
3474 5480 3646 5522 unum

1444 5604 1617 5661 Varia:
1647 5604 1913 5663 lectiones
1941 5601 2147 5660 codicis
2181 5596 2525 5670 Seguieriani

453 5696 469 5729 ι
504 5691 622 5760 τάς.
660 5706 723 5771 ..εξ
740 5692 1082 5770 Αόίιθοδὸξων.
