4028 6208
375 341 445 394 99
838 333 844 340 ’
1404 333 1468 385 S.
1510 329 1784 386 CYRlLLl
1827 328 2298 384 ALEXANDRlNl
2335 329 2652 385 ABClllEP.
3545 333 3642 387 100

377 452 671 519 colligere,
717 461 926 517 eosque
974 453 1035 501 ut
1080 441 1364 499 mendacia
1413 445 1470 496 in
1514 439 1711 512 vulgus
1759 440 1826 496 de
1879 456 1964 496 mc

2076 439 2207 493 Θεὸν
2230 440 2386 503 ὄντας
2411 441 2510 512 ἤδη
2534 439 2684 493 Πατέ
2695 457 2791 512 ρας
2821 439 3028 510 άγὶους,
3053 439 3231 510 ψῆφον
3251 439 3404 494 ὀσὲαν
3436 439 3645 510 ἒξενέγο

376 550 658 611 spargant,
692 540 998 594 subornare
1037 553 1144 591 non
1175 536 1398 591 desinit.
1443 536 1511 590 Et
1550 535 1694 589 forte
1730 551 1840 589 non
1873 534 1959 588 in-

2076 549 2266 596 καντες
2332 534 2410 585 Δι’
2449 529 2517 605 ἧς
2553 529 2622 604 ἦν
2663 534 2812 596 εἰκὸς
2845 532 3243 603 θεραπεύεσθαι
3279 534 3370 586 καὶ
3410 534 3536 598 τοὺς
3564 535 3645 599 εἰς

371 632 518 701 juria
565 631 618 684 id
669 631 831 684 nobis
877 626 1209 683 incommodi
1253 625 1472 680 accidit.
1517 623 1654 678 Nam
1693 624 1738 679 si
1779 625 1958 678 zelum

2076 623 2252 676 πίστιν
2294 624 2656 694 ἠδικημένους
2697 624 2807 678 τῶν
2843 623 3007 678 λαῶν.
3044 624 3317 695 Πρόσειπε
3364 625 3462 695 τὴν
3496 627 3646 697 παρὰ

379 720 476 773 Bei
508 719 914 782 habuissemus,
948 716 1234 785 sedulique
1266 715 1488 769 Patrum
1525 713 1746 784 pietatis
1773 713 1958 768 imita-

2076 719 2150 772 σοὶ
2181 718 2552 789 ἀδελφότητα*
2582 720 2702 791 σὲή
2745 721 2844 772 σὺν
2881 720 3005 790 ἐμοὶ
3053 721 3110 772 ἐν
3147 719 3337 790 Κυρίῳ
3377 736 3646 791 προσαγρ-

380 821 527 864 tores
579 810 908 873 fuissemus,
959 810 1162 880 justam
1215 805 1537 878 jamdudum
1603 817 1954 875 sanctamque
2061 809 2229 880 ρεύει.

379 901 853 957 condenmationis
899 900 1228 954 sententiam
1263 899 1321 952 in
1365 915 1462 954 eos
1500 899 1834 963 tulissemus,
1901 899 1996 968 qui
2041 909 2233 955 contra
2273 899 2555 956 Christum
2597 901 2842 971 obloqui,
2905 909 2961 956 et
2997 909 3106 956 tam
3143 918 3240 957 nos
3278 903 3426 973 ipsos
3459 903 3553 973 qui
3590 903 3644 957 in

378 993 522 1049 vivis
559 993 742 1047 adhuc
776 990 1049 1062 degimus,
1089 1005 1255 1060 quam
1289 1000 1508 1046 sanctos
1569 990 1760 1046 Patres
1787 991 1881 1060 qui
1940 991 2054 1063 jam
2089 992 2221 1047 olim
2256 991 2326 1047 ad
2367 993 2542 1048 Deum
2584 994 3051 1064 commigrarunt,
3090 994 3437 1049 anathemate
3479 995 3645 1052 ferire

376 1089 496 1143 ausi
535 1096 683 1142 sunt.
722 1087 838 1154 Qua
882 1087 1102 1176 quidem
1138 1085 1410 1140 sententia
1436 1093 1493 1141 et
1526 1085 1595 1140 iis
1659 1100 1901 1156 quoque,
1935 1093 1998 1139 ut
2070 1086 2356 1156 probabile
2397 1087 2478 1155 fit,
2517 1098 2834 1159 poteramus
2870 1089 3099 1152 mederi,
3125 1088 3219 1159 qui
3244 1105 3309 1144 ex
3333 1089 3491 1158 plebe
3519 1088 3643 1144 ﬁdei

377 1181 692 1238 scandalum
723 1179 868 1250 passi
897 1180 1134 1233 fuerant.
1159 1177 1352 1232 Saluta
1401 1193 1523 1250 quae
1562 1185 1741 1232 tecum
1786 1185 1870 1232 est
1909 1175 2311 1235 fraternitatem
2333 1197 2353 1234 ε
2380 1189 2433 1236 te
2455 1221 2470 1246 ,
2505 1198 2628 1251 qua
2659 1197 2877 1238 mecum
2911 1191 3018 1249 est,
3062 1183 3118 1238 in
3147 1183 3381 1239 Domino
3418 1183 3640 1239 salutat.

1608 1423 1944 1481 EPISTULA
1986 1425 2082 1481 XV
2121 1425 2215 1496 (οι.
2253 1423 2417 1498 XIII).

1472 1575 1644 1614 acacu
1671 1576 1880 1616 aeneus
1917 1548 2156 1618 episcopi
2198 1543 2267 1616 Ᾰο
2301 1577 2578 1617 cvmttuu.

449 1675 733 1746 Benignius
753 1672 822 1725 de
849 1671 1081 1725 Nestor-ii
1114 1673 1332 1742 ejusque
1379 1675 1642 1726 sociorum
1691 1689 1871 1727 errore
1909 1675 2300 1746 judicandnm,
2364 1691 2457 1727 nec
2507 1675 2740 1746 swerius
2797 1689 2917 1727 cum
2943 1673 3017 1728 eis
3064 1675 3360 1746 agendum;
3407 1675 3642 1728 eumdem

1283 1760 1487 1814 quoque
1517 1759 1630 1797 esse
1653 1761 1867 1798 sensum
1893 1744 2119 1799 Joannis
2151 1746 2463 1800 Antiocheni
2504 1743 2793 1815 signiﬁcat.

453 1883 690 1938 Domino
722 1896 846 1936 meo
873 1896 972 1950 per
1008 1879 1194 1933 omnia
1226 1879 1593 1944 sanctissimo,
1631 1881 1854 1950 Deoque
1879 1880 1965 1936 di-

2138 1880 2230 1952 Τῷ
2249 1881 2488 1954 δεσπότῃ
2534 1899 2638 1953 μου
2667 1881 2744 1952 τῷ
2788 1881 2965 1937 πάντα
3007 1882 3295 1950 ἁγιωτάτῳ
3341 1884 3435 1936 καὶ
3467 1884 3644 1951 Osco:-

373 1978 679 2034 lectissimo
709 1977 969 2047 episeopo
987 1975 1214 2046 Cyrillo,
1241 1975 1475 2030 Aeacius
1525 1975 1579 2029 in
1610 1976 1844 2031 Domino
1877 1993 1963 2032 sa-

2076 1976 2310 2045 λεστάτῳ
2377 1976 2670 2046 ἐπισκόπῳ
2723 1974 2980 2047 Κυριλλῳ
3045 1977 3298 2040 Ἀκάκιος
3349 1977 3408 2030 ὲν
3455 1979 3644 2048 Κυρίῳ

378 2071 573 2125 lutem.

451 2184 682 2240 Pietatis
703 2191 811 2237 tua:
841 2181 1056 2236 litteras
1074 2195 1254 2249 nuper
1296 2180 1366 2234 ad
1413 2193 1514 2233 nos
1545 2179 1802 2248 perlatas,
1832 2189 1960 2245 pro-

377 2290 500 2352 pter
530 2293 782 2333 rumores
816 2286 872 2331 et
904 2275 1095 2329 turbas
1113 2273 1167 2328 in
1193 2273 1332 2326 urbe
1355 2269 1962 2340 Constantinopolitana

379 2373 671 2434 excitatas,
723 2367 976 2423 infaustis
1021 2365 1276 2437 lacrymis
1351 2363 1715 2432 lamentisque
1774 2361 1963 2430 plenas

378 2465 508 2536 legi,
541 2463 599 2518 in
629 2461 833 2533 quibus
868 2459 1050 2514 elucet
1079 2455 1408 2513 Christiana
1436 2453 1563 2508 ﬁdei
1595 2449 1960 2523 profunditas,

378 2558 514 2612 dum
535 2557 641 2610 hoc
668 2555 836 2609 etiam
874 2552 1018 2607 inter
1046 2551 1151 2605 alia
1183 2549 1494 2612 continent,
1527 2544 1800 2616 principio
1821 2557 1962 2612 quo-

379 2666 488 2720 que
519 2649 636 2702 hare
665 2645 721 2700 in
765 2643 1011 2699 medium
1059 2641 1258 2696 atl‘erre
1311 2653 1782 2710 supervacaneum
1825 2635 1964 2690 fuis-

379 2737 638 2804 se.Quam
654 2735 799 2791 enim
820 2733 1113 2788 utilitatem
1133 2729 1362 2801 insignis
1375 2725 1788 2798 illedisput‘ator
1801 2725 1968 2793 Apol-

381 2829 575 2884 linaris
610 2826 953 2881 Laodiecnus
982 2824 1038 2877 in
1069 2821 1369 2877 Ecclesiam
1398 2819 1601 2886 attulit,
1632 2818 1766 2873 dum
1794 2816 1967 2873 veluti

383 2937 528 2977 unus
543 2938 574 2976 e
591 2919 938 2992 principibus
960 2916 1028 2972 dc
1054 2925 1201 2971 recta
1227 2914 1330 2970 fide
1355 2912 1620 2968 adversus
1637 2911 1764 2965 fidei
1782 2909 1968 2964 hostes

383 3013 664 3083 depugnat
677 3012 700 3065 ?
713 3010 797 3064 An
816 3025 948 3073 non,
964 3007 1095 3062 dum
1122 3022 1234 3062 sua:
1253 3004 1538 3076 sapientia:
1558 3003 1792 3058 nimium
1811 3001 1931 3056 fidit
1947 3041 1965 3065 ,

383 3103 628 3184 dumque
648 3117 716 3154 ex
745 3100 911 3154 inviis
936 3100 1209 3169 planeque
1238 3093 1770 3164 impermeabilibus,
1804 3106 1970 3163 quos-

385 3196 513 3251 dam
539 3201 753 3250 meatus
777 3201 835 3247 et
866 3189 1026 3261 quasi
1077 3189 1192 3243 vias
1227 3187 1284 3240 in
1321 3185 1810 3240 incontaminatam
1839 3183 1969 3238 sim-
1995 3223 2040 3282 Ο

385 3288 698 3359 plicemque
731 3283 937 3339 Christi
967 3281 1129 3336 tidem
1161 3278 1512 3334 introducere
1541 3276 1760 3340 nititur,
1793 3273 1847 3329 id
1870 3288 1968 3329 co-

385 3387 518 3434 natu
547 3391 647 3432 suo
687 3382 1017 3430 consecutus
1043 3381 1148 3435 est,
1203 3380 1264 3424 ut
1311 3369 1379 3422 ab
1403 3367 1658 3422 universa
1699 3363 1969 3422 catholica

386 3469 633 3526 Ecclesia
648 3468 793 3523 inter
810 3463 1191 3521 schismaticos
1206 3459 1540 3516 haberetur?
1560 3459 1642 3514 An
1661 3474 1769 3513 non
1789 3473 1818 3512 a
1833 3471 1971 3528 quo-

387 3563 513 3618 dam
523 3560 770 3634 ἤιε-61.
781 3557 895 3631 (sic)
913 3565 1161 3611 veterum
1174 3537 1560 3624 episcoporum
1579 3553 1791 3622 integro
1803 3565 1970 3606 sensu

387 3663 445 3711 et
475 3654 717 3725 perfecta
741 3648 940 3706 mentis
970 3646 1333 3732 intelligentia
1351 3644 1560 3702 dictum
1583 3654 1686 3710 est,
1714 3644 1844 3699 dum
1870 3643 1971 3698 be--

388 3765 460 3804 ne
496 3747 742 3810 affectos,
766 3759 834 3800 ne
857 3742 1133 3799 curiosius
1163 3757 1285 3810 quae
1305 3741 1607 3795 humanum
1633 3744 1854 3807 captum
1874 3752 1970 3790 ex-

391 3840 596 3895 cedunt
631 3837 1088 3908 pervestigarent,
1111 3832 1413 3904 reprimere
1443 3831 1638 3886 vellet:
1664 3827 1971 3895 Quomodo,

391 3930 591 4000 inquit,
632 3930 792 3994 Pater
815 3926 1171 3997 Unigenitum
1211 3923 1486 3996 genuerit,
1535 3919 1754 3976 silentio
1795 3918 1972 3972 hono-

391 4030 547 4075 retur
575 4018 678 4091 (1)?
703 4019 770 4073 Et
811 4017 867 4071 in
884 4015 1158 4071 sermonis
1186 4027 1482 4083 progressu
1512 4009 1701 4064 addit:
1734 4008 1973 4079 llujuscc

395 4111 478 4166 rei
527 4107 876 4178 investigatio
905 4122 1097 4160 omnes
1130 4101 1527 4175 pmpemodum
1575 4102 1830 4156 caelestes
1863 4099 1976 4152 vir-

393 4212 562 4267 tutes,
616 4201 822 4256 nedum
896 4199 1154 4252 homines
1209 4196 1566 4251 hominumve
1613 4192 1975 4264 cogitationes

393 4293 634 4350 excedit.
660 4288 948 4357 Quomodo
989 4303 1121 4359 ergo
1171 4286 1486 4342 necessaria
1529 4283 1974 4353 conveniensque

393 4401 506 4440 non
548 4391 632 4439 est
693 4382 783 4436 illa
829 4395 1112 4436 sacrarum
1166 4378 1579 4448 Scripturarum
1633 4375 1971 4432 admonitio:

403 4496 421 4528 ι
441 4476 652 4531 Altiora
686 4481 738 4529 te
762 4489 832 4530 ne
851 4472 1163 4544 quzesieris,
1188 4481 1245 4526 et
1277 4470 1512 4526 fortiora
1551 4479 1604 4524 te
1631 4484 1698 4522 ne
1715 4483 1974 4539 perscru-

2067 2069 2297 2138 χαίρειν.

2151 2179 2432 2250 Ἐνέτυχον
2461 2179 2754 2250 γράμμασι
2795 2180 2893 2248 τῆς
2946 2179 3045 2249 σῆς
3079 2174 3418 2242 θεοσεϐείας,
3457 2178 3522 2233 ἐκ
3555 2179 3646 2232 τοῦ

2068 2271 2337 2338 σύνεγγυς
2369 2273 2506 2342 ἡμῖν
2538 2269 2885 2325 άποδοθεῖσιν
2917 2269 3234 2334 άπεύκτοις,
3263 2269 3519 2341 δακρύων
3555 2273 3649 2326 καὶ

2066 2363 2282 2434 θρήνων
2314 2364 2556 2433 μεστοῖς,
2585 2361 2693 2415 τῶν
2712 2361 2853 2415 κατὰ
2884 2361 3457 2416 Κωνσταντινούπολιν
3487 2361 3652 2433 θρυλ-

2065 2455 2343 2526 λουμένων
2380 2454 2568 2509 ἕνεκεν
2588 2471 2601 2484 ·
2638 2457 2696 2508 ὲν
2725 2448 2809 2518 οἷς
2833 2453 2927 2508 καὶ
2959 2455 3156 2524 κρατεῖ
3192 2453 3254 2508 τὸ
3293 2453 3458 2527 βάθος
3490 2461 3516 2492 ν
3548 2453 3650 2522 τῆς

2067 2548 2209 2603 κατὰ
2255 2547 2491 2619 Χριστὸν
2542 2547 2815 2612 πίστεως,
2858 2544 2994 2599 καθὸ
3042 2546 3122 2599 δεῖ
3172 2547 3512 2617 μετέχουσιν,
3572 2545 3651 2610 ὡς

2069 2643 2322 2716 περιττὸν
2349 2638 2417 2713 ἦν
2437 2641 2616 2708 τοῦτο,
2651 2643 2745 2695 καὶ
2771 2641 2868 2712 τὴν
2887 2639 3062 2712 ἀρχὴν
3085 2640 3166 2704 εἰς
3194 2639 3363 2711 μέσον
3393 2638 3648 2709 ἀχθῆναι.

2068 2735 2134 2788 Τί
2169 2735 2278 2807 γὰρ
2310 2733 2522 2804 ὤνησεν
2565 2733 2942 2805 Ἀπολινάριος
2973 2734 3002 2785 6
3032 2731 3352 2796 Λαοδικεὺς,
3381 2724 3462 2794 εἷς
3490 2727 3566 2783 ὢν
3593 2731 3652 2781 ὲν

2069 2828 2182 2890 τοῖς
2210 2823 2520 2897 ἔμπροσθεν
2563 2825 2592 2876 6
2627 2825 2805 2895 μέγας
2837 2821 3176 2893 ἀγωνιστὴς.
3205 2821 3234 2874 ὁ
3263 2820 3408 2892 ὑπὲρ
3430 2820 3529 2890 τῆς
3560 2819 3651 2890 ὀρ·

2077 2915 2178 2987 θῆς
2213 2917 2445 2980 πίστεως
2476 2916 2754 2988 κραταιῶς
2808 2915 2944 2986 πρὸς
2973 2917 3100 2979 τοὺς
3142 2912 3372 2986 ἐχθροὺς
3407 2912 3652 2983 μαχεσά-

2075 3025 2273 3080 μενος;
2321 3008 2618 3080 Θαρσήσας
2657 3007 2851 3060 ἑαυτοῦ
2881 3009 2949 3078 τῇ
2994 3005 3195 3078 σοφίᾳ,
3238 3005 3334 3060 καὶ
3380 3003 3648 3076 ἐθελήσας

2072 3103 2506 3174 παρεισαγαγεῖν
2541 3099 2600 3165 ἐξ
2629 3099 2848 3171 ἀπόρων
2880 3099 3081 3170 πόρους
3121 3097 3273 3162 τινάς
3315 3098 3382 3168 τῇ
3436 3094 3653 3167 καθαρᾷ

2073 3193 2168 3246 καὶ
2191 3192 2365 3262 ἀδόλῳ
2400 3191 2496 3246 τοῦ
2522 3190 2762 3262 Χριστοῦ
2799 3190 3002 3255 πίστει,
3035 3191 3096 3243 οὑ
3144 3187 3556 3260 παρεσκεύασεν
3590 3189 3648 3241 ὲν

2074 3287 2186 3348 τοῖς
2225 3286 2606 3354 σχισματικοῖς
2641 3283 2834 3336 ἑαυτὸν
2870 3267 3020 3352 παρὰ
3048 3283 3114 3353 τῇ
3151 3279 3381 3334 καθόλου
3423 3279 3652 3351 Ἐκκλη-

2076 3375 2166 3445 σία
2193 3373 2539 3444 λογισθῆναι;
2568 3373 2682 3426 Οὐκ
2712 3372 2928 3444 εἴρηταί
2949 3390 3053 3426 τινι
3084 3371 3192 3427 τῶν
3220 3373 3325 3444 πρὸ
3351 3371 3508 3443 ἡμῶν
3537 3372 3649 3425 ἐπι-

2076 3466 2314 3531 σκόπων,
2349 3465 2660 3519 ἀναστεῖλαι
2693 3473 2719 3501 ι
2751 3464 3079 3535 βουλομένῳ,
3107 3465 3175 3519 τὰ
3205 3465 3346 3536 ὑπὲρ
3369 3464 3653 3536 ἄνθρωπον

2071 3556 2155 3626 μὴ
2191 3553 2647 3627 περιεργάζεσθαι
2679 3555 2806 3618 τοὺς
2847 3551 2906 3607 εὖ
2939 3554 3340 3625 διακειμένους,
3370 3553 3657 3626 ὲρῥωμένῃ

2076 3652 2143 3720 τῇ
2184 3647 2396 3719 διανοῐᾳ.
2442 3648 2538 3699 καὶ
2582 3646 2786 3700 ὲντελεῖ
2814 3645 3029 3699 συνέσει
3074 3645 3277 3717 ταύτην
3309 3647 3532 3719 meam
3560 3647 3657 3716 τὴν

2079 3741 2292 3811 φωνήν·
2322 3739 2446 3804 Πῶς
2468 3743 2496 3793 6
2523 3738 2712 3810 Πατὴρ
2739 3738 2831 3792 τὸν
2858 3739 3137 3811 Μονογενῆ
3169 3740 3448 3810 ἐγέννησε,
3480 3742 3656 3809 σιωπῇ

2075 3832 2328 3904 τιμάσθω
2356 3849 2369 3898 ;
2416 3832 2526 3886 Καὶ
2553 3833 2834 3904 προϊόντος
2862 3831 2957 3884 τοῦ
2989 3830 3182 3900 λόγου,
3230 3831 3660 3903 ἀπηριθμήσατο

2076 3927 2152 3988 ὡς
2202 3924 2555 3979 Διαλανθάνει
2587 3924 2682 3995 ἣδε
2723 3925 2758 3995 ἡ
2801 3923 2995 3995 ἔρευνα
3045 3924 3188 3978 κατὰ
3234 3923 3432 3997 μικρὸν
3479 3923 3660 3986 πάσας

2076 4016 2214 4087 ὁμοῦ
2256 4017 2354 4082 τὰς
2400 4016 2520 4070 κατ’
2569 4017 2798 4088 οὐρανὸν
2829 4017 3113 4087 δυνάμεις,
3179 4017 3408 4086 μήτοιγε
3447 4015 3656 4084 ἀνθρώ-

2078 4125 2234 4172 πους,
2279 4107 2376 4161 καὶ
2403 4107 2611 4161 ἔννοιαν
2645 4108 2970 4179 ἀνθρώπων.
3014 4107 3140 4170 Πῶς
3171 4107 3227 4160 δὲ
3252 4107 3352 4160 οὐκ
3385 4107 3659 4174 ἀναγκαία

2077 4202 2172 4255 καὶ
2211 4199 2556 4272 πρέπουσαή
2592 4200 2918 4271 παραίνεσις
2943 4201 3051 4254 τῶν
3081 4199 3240 4255 θείων
3275 4199 3530 4270 Γραφῶν,
3567 4201 3659 4254 ὲκ-

2079 4293 2408 4347 διδάσκουσα
2434 4307 2448 4322 ’
2483 4310 2502 4343 ι
2539 4290 2826 4364 Βαθύτερά
2857 4311 2950 4347 σου
2986 4293 3061 4364 μὴ
3102 4294 3277 4364 ζήτει,
3313 4295 3407 4349 καὶ
3443 4294 3660 4365 ἰσχυρό-

2079 4384 2215 4455 τερά
2255 4399 2350 4437 σου
2396 4383 2472 4455 μὴ
2505 4383 2726 4448 ἐξέταζε
2757 4393 2807 4440 γ.
2862 4386 2928 4438 ’Δ
2981 4385 3297 4457 προσετάγη
3332 4404 3415 4440 σοι
3440 4427 3454 4450 ,
3490 4386 3664 4439 ταῦτα

2079 4475 2310 4530 διανοοῦ.
2350 4475 2425 4528 υὺ
2483 4475 2592 4547 γὰρ
2636 4476 2796 4548 χρεία
2847 4493 2930 4530 σοι
2976 4476 3087 4531 τῶν
3127 4477 3476 4549 κρυπτῶνλ»
3516 4478 3578 4530 Οἱ
3607 4477 3662 4529 δὲ

399 4579 545 4625 tatus
593 4567 785 4622 fueris.
829 4565 961 4632 Quae
1011 4564 1107 4618 tibi
1161 4571 1432 4634 praecepta
1473 4571 1620 4627 sunt,
1665 4576 1729 4616 ea
1776 4559 1973 4630 cogita.

2085 4568 2616 4640 ὑπεραπολογεῖσθαι
2651 4568 2939 4640 ζητοῦντες
2961 4569 3070 4622 τῶν
3091 4569 3265 4624 ταῦτα
3291 4571 3543 4642 ἐννοῆσαι
3564 4571 3660 4624 καὶ

398 4659 519 4714 Non
543 4657 691 4713 enim
718 4655 817 4712 tibi
847 4655 1221 4711 necessarium
1246 4669 1309 4708 ea
1337 4668 1458 4723 quae
1486 4650 1808 4706 abscondita
1850 4659 1979 4704 sunt

396 4751 586 4808 videre
615 4750 793 4807 oculis
842 4750 954 4805 tuis
983 4749 1062 4802 “?
1085 4768 1102 4800 ι
1138 4748 1264 4802 lllos
1305 4754 1490 4802 autem
1537 4743 1633 4815 qui
1671 4743 1976 4813 inquirunt,

398 4844 509 4912 qua
539 4843 753 4898 ratione
786 4857 884 4898 eos
904 4849 1170 4898 excusent
1195 4839 1289 4909 qui
1315 4839 1431 4894 haze
1471 4852 1805 4909 cognoscere
1841 4835 1978 4891 etfa-

401 4935 518 4989 rive
571 4935 848 5001 laborant,
902 4933 1175 5007 ejusmodi
1219 4934 1351 5004 quid
1386 4949 1577 5004 passos
1629 4933 1804 4995 aiunt,
1859 4947 1981 5002 qua:

401 5027 564 5083 beato
595 5029 826 5084 Paulino
850 5031 1114 5100 episcopo
1146 5028 1413 5083 accidisse
1465 5026 1706 5082 traditur
1757 5027 1857 5098 (‘2).
1884 5027 1984 5080 llic

401 5121 549 5175 enim
570 5121 675 5176 etsi
701 5128 813 5177 tres
846 5121 1170 5194 hypostases
1212 5121 1389 5192 palam
1451 5119 1637 5174 dicere
1679 5130 1978 5182 recusaret,

403 5227 465 5268 re
504 5222 686 5269 tamen
730 5224 788 5270 et
822 5215 1026 5270 virtute
1049 5215 1118 5269 ab
1163 5214 1385 5268 illorum
1441 5211 1710 5266 sententia
1775 5221 1830 5265 et
1877 5210 1981 5264 litlt‘,

404 5306 627 5378 quiboc
666 5307 1090 5376 profitebantur,
1120 5321 1231 5363 non
1294 5304 1606 5361 recedebat.
1653 5302 1980 5358 Seetabatur

473 5442 514 5474 ³³
537 5440 704 5496 Eccli.
739 5457 816 5505 ιη,
838 5441 926 5496 2⁸2.

2087 4662 2298 4732 φράσαι
2345 4660 2838 4731 ἐπιχειρησάντων,
2892 4661 3193 4734 παρόμοιόν
3228 4680 3278 4715 τι
3312 4662 3530 4730 λέγουσι
3564 4679 3664 4715 πε⁶

2083 4754 2362 4815 πονθέναι,
2390 4747 2465 4806 ὧν
2497 4753 2794 4824 ὑπέμεινεν
2823 4755 2852 4806 6
2887 4754 3156 4825 μακάριος
3190 4755 3451 4818 Παυλῖνος
3487 4757 3514 4808 6
3545 4753 3666 4807 ἐπί-

2086 4863 2313 4909 σκοπος,
2355 4846 2414 4909 ὃς
2461 4849 2759 4917 παρῃτεῖτο
2802 4848 2952 4918 τρεῖς
2997 4847 3325 4911 ὑποστάσεις
3356 4848 3534 4916 λέγειν
3569 4849 3668 4919 ῥη-

2083 4939 2190 5002 τῶς
2214 4979 2228 5001 ,
2259 4939 2487 5009 δυνάμει
2519 4939 2612 4993 καὶ
2644 4939 2859 5008 ἀληθῶς
2885 4939 3056 4992 ταῦτα
3085 4950 3105 4976 ι
3143 4941 3382 5012 φρονῶν,
3409 4940 3585 4995 ταῦτα
3615 4942 3662 4976 ⁸*

2088 5029 2308 5100 μετιών.
2374 5031 2739 5102 ἰ-Ικολουοησε
2795 5032 2853 5086 δὲ
2900 5035 3012 5096 τοῖς
3069 5033 3306 5097 δυτικοῖς
3362 5033 3668 5102 omam»,

2088 5123 2405 5185 ἐπισκόποις
2430 5162 2444 5184 ,
2494 5123 2570 5193 τῷ
2603 5123 2934 5177 ἐστενῶσθαι
2972 5125 3068 5195 τὴν
3118 5126 3429 5196 Ῥωμαϊκὴν
3462 5126 3665 5194 ςωνὴν,

2089 5213 2181 5264 καὶ
2217 5213 2291 5284 μὴ
2320 5211 2580 5264 δύνασθαι
2627 5213 2764 5283 πρὸς
2804 5212 2902 5282 τὴν
2936 5215 3240 5285 ἡμετέρανδ
3259 5214 3370 5266 τῶν
3417 5210 3668 5283 Γραῐκῶν

2091 5303 2314 5373 φράσιν,
2348 5306 2496 5372 τρεῖς
2533 5303 2859 5367 ὑποστάσεις
2883 5304 3081 5371 λέγειν.

1502 5534 1676 5588 Variae
1696 5533 1961 5588 lectiones
1992 5531 2200 5587 codicis
2231 5531 2592 5598 Seguieriani.

474 5659 502 5688 ν
538 5650 725 5711 πάθος.
808 5660 830 5686 ι
857 5650 1196 5719 ἀναγγεῖλαι.
1276 5662 1303 5698 5'
1341 5651 1728 5723 περιεργάζου.

475 5760 552 5830 tl)
581 5760 740 5816 Basil.
773 5761 826 5816 in
850 5771 969 5818 orat
1015 5761 1090 5816 De
1113 5764 1387 5818 nativilatc
1410 5762 1622 5818 Christi.

1811 5662 1832 5688 ³
1867 5652 1932 5704 τά
1965 5651 2122 5704 αὐτά.

2205 5653 2250 5686 ε*
2281 5650 2349 5703 τά
2376 5651 2536 5705 αὐτά.

2164 5761 2237 5834 (2)
2275 5762 2409 5818 Vide
2439 5763 2660 5818 Ilieron.
2693 5765 2854 5834 epist.
2891 5766 2957 5820 57
2985 5775 3038 5820 et
3069 5765 3135 5819 58
3187 5763 3251 5819 ad
3280 5765 3510 5819 Damasu
3537 5782 3589 5818 ιι.
