4028 6208
319 296 421 350 lii

1716 298 2056 358 EPISTOLA
2097 296 2210 350 XV.

3390 293 3405 301 ’
3479 299 3581 351 ηιξ

320 417 423 472 hic
476 423 652 469 autem
704 412 988 483 piissimos
1031 413 1346 471 Occidentis
1402 414 1714 484 episc0pos,
1781 424 2072 483 propterea
2098 410 2245 483 quod
2284 410 2544 465 Romana:
2590 410 2795 482 linguae
2845 411 3125 482 angustia,
3187 412 3348 468 sicuti
3399 424 3585 471 nostra

324 513 513 561 (trra
534 502 770 574 phrasis,
798 514 919 559 tres
948 503 1270 573 hypostases
1292 502 1479 558 dicere
1498 503 1786 559 commode
1826 520 1938 559 non
1975 503 2135 558 ferat.

395 601 537 667 Πλὴν
562 600 647 652 ὅτι
673 596 782 668 χρὴ
826 596 1039 660 πάντας
1066 598 1214 670 ημᾶς
1250 597 1376 663 τοὺς
1404 596 1732 669 δυναμένους
1771 614 1887 650 συν-

2073 595 2563 651 Verumenimvero
2613 605 2833 666 oportet
2878 611 2980 652 nos
3056 613 3269 664 omnes,
3327 602 3422 669 qui
3478 603 3586 659 Ec~

319 693 498 759 ἀλγεῖν
547 690 648 742 καὶ
708 689 1084 759 συμπάσχεινο
1110 690 1176 760 τῇ
1236 689 1534 761 Ἐκκλησία
1575 688 1671 743 τοῦ
1719 687 1857 742 Θεοῦ
1880 726 1899 754 ,

313 783 441 854 περὶ
464 779 669 833 πολλοῦ
696 781 943 850 ποιῆσαι,
968 780 1321 835 καταστεῖλαι
1346 780 1446 853 τὴν
1476 780 1900 850 ὲξαγγελθεῖσαν

308 876 532 945 Mr
584 874 739 935 ὅπως
794 871 869 943 μὴ
926 872 1198 943 πρόφασις
1246 871 1376 943 δοθῇ
1433 874 1549 937 τοῖς
1599 872 1900 943 διασχίζειν

302 965 399 1018 καὶ
445 963 769 1032 διατέμνειν
824 960 924 1031 τὴν
994 960 1324 1033 Ἐκκλησίαν
1367 960 1464 1017 τοῦ
1500 961 1638 1017 Θεοῦ
1667 962 1900 1033 ἑτοίμως

300 1054 515 1123 ἔχουσι.
547 1052 647 1106 Διὸ
685 1052 796 1124 χρὴ
843 1052 944 1124 τὴν
977 1050 1077 1124 σὴν
1109 1052 1301 1125 ἔντελῆ
1346 1052 1442 1106 καὶ
1473 1051 1899 1124 ἀπηρτισμένην

300 1146 552 1212 σύνεσιν,
582 1148 636 1200 εί
676 1146 772 1200 καί
804 1163 887 1199 τοι
919 1145 1161 1198 τοιοῦτον
1191 1144 1291 1216 τὴν
1336 1144 1516 1218 ἀρχὴν
1545 1144 1807 1215 tamen,
1837 1143 1900 1197 τὸ

298 1239 499 1292 λυπεῖν
550 1249 579 1277 ι
630 1238 727 1290 καὶ
769 1237 1153 1313 διαταράττειν
1223 1234 1454 1300 πολλοὺς
1496 1234 1606 1289 τῶν
1651 1234 1899 1290 εῦλαϐῶν

298 1330 395 1383 καὶ
443 1327 824 1398 φιλοχρίστων
866 1327 1201 1397 δυνάμενον,
1235 1326 1588 1383 καταστεῖλαι
1640 1326 1703 1381 τὸ
1745 1332 1918 1399 xum-ﬁ

292 1422 426 1474 θέν·
481 1421 533 1473 εί
564 1419 662 1474 καὶ
704 1417 774 1472 τά
819 1418 1089 1489 μάλιστα,
1120 1418 1195 1483 ὠς
1248 1417 1465 1488 φθάσας
1500 1416 1658 1490 ἔφην,
1711 1416 1899 1471 πολλοὶ

294 1512 411 1565 τῶν
469 1510 585 1565 ἀπὸ
642 1509 1276 1573 Κωνσταντινουπόλεως
1331 1509 1748 1581 ἀφικνουμένων
1807 1511 1894 1575 είς

312 1605 661 1673 Ἀντιόχειαν
692 1601 790 1655 καὶ
834 1600 974 1673 πρὸς
1022 1602 1171 1672 ἡμᾶς
1194 1638 1212 1664 ,
1252 1600 1412 1656 τοῦτο
1462 1601 1563 1672 μὲν
1594 1602 1895 1674 κληρικῶν,

296 1698 469 1751 τοῦτο
486 1696 545 1749 δὲ
566 1693 794 1759 λαῖκῶν,
813 1694 1136 1764 συνηγορεῖν
1156 1688 1371 1747 δοκοῦσι
1392 1692 1470 1763 τῷ
1486 1692 1707 1764 ῥηθέντι
1725 1695 1894 1767 ῥητῷ,

293 1792 399 1843 οὐκ
425 1788 700 1851 ἐναντίως
718 1786 894 1856 ἔχοντι
908 1784 1052 1839 κατά
1082 1784 1323 1839 διάνοιαν
1344 1787 1411 1857 τῇ
1434 1786 1766 1859 ἀποστολικῇ
1804 1787 1895 1840 πί-

300 1900 418 1935 στει
450 1920 467 1944 ,
499 1880 733 1951 προσέτι
762 1878 822 1931 δὲ
855 1879 949 1932 καί
974 1880 1042 1950 τῇ
1069 1878 1179 1932 τῶν
1206 1878 1377 1946 ἀγίων
1408 1877 1673 1949 Πατέρων
1696 1878 1806 1932 τῶν
1838 1880 1897 1932 ὲν

295 1973 513 2041 Nacti;
540 1968 911 2024 συνελθόντων
925 1968 1052 2040 περὶ
1072 1968 1168 2022 τοῦ
1203 1968 1516 2039 ὁμοουσίου,
1539 1968 1896 2041 θεσπισθείσῃ

295 2067 395 2119 καὶ
418 2063 731 2133 διαδοθείσῃ
750 2064 830 2127 είς
854 2063 1036 2117 πᾶσαν
1054 2061 1152 2132 τὴν
1177 2061 1408 2116 καθόλου
1444 2060 1790 2133 Ἐκκλησίαν.
1822 2062 1896 2115 Τὸ

296 2157 486 2210 τρέφον
510 2154 738 2208 συνετὸν
766 2153 862 2207 καὶ
884 2152 1303 2224 συμπαθητικὺν
1322 2152 1417 2207 καὶ
1436 2155 1651 2221 ἐντελὲς
1672 2155 1771 2227 τῆς
1795 2155 1895 2225 σῆς

298 2246 647 2318 ἱερωσύνης,
690 2244 886 2315 καιροῦ
928 2243 1223 2307 καλοῦντος
1250 2283 1265 2307 ,
1317 2245 1692 2310 ἐπιδείξασθαι
1756 2264 1893 2300 κατ-

302 2337 537 2402 αξίωςον
563 2354 577 2365 ·
609 2334 1011 2405 μεσιτευούσης
1043 2352 1137 2388 σου
1168 2334 1271 2406 τῆς
1311 2336 1645 2409 ἁγιωσύνης,
1693 2335 1771 2406 τῷ
1800 2337 1894 2406 ρη-

290 2430 446 2482 ﬂint
477 2426 633 2499 ῥητῷ
663 2426 804 2497 πρὸς
824 2428 954 2491 τοὺς
975 2426 1319 2491 ἀκούσαντας
1348 2429 1443 2481 καὶ
1468 2428 1883 2501 διαρραγένταςο

290 2520 440 2573 ὥστε
487 2535 586 2571 σου
634 2518 738 2588 τὴν
790 2519 1101 2589 ἁγιωσύνην
1135 2521 1321 2574 ἐκεῖνα
1367 2520 1637 2591 φρονῆσαί
1683 2538 1741 2574 τε
1790 2522 1887 2576 καὶ

294 2611 644 2675 ἐπιτελέσαι,
705 2609 741 2664 ἃ
791 2608 1120 2679 δυνήσεται,
1184 2611 1594 2684 χειμαζομένης
1643 2613 1737 2666 ἐπὶ
1788 2612 1884 2667 τοῦ

296 2703 576 2772 παρόντος
623 2700 729 2770 τῆς
758 2699 993 2755 καθόλου
1029 2702 1359 2772 Ἐκκλησίας
1382 2745 1397 2770 ,
1426 2702 1506 2756 ἔτι
1539 2703 1744 2774 μᾶλλον
1784 2705 1880 2759 καὶ

298 2795 504 2866 μᾶλλον
529 2795 614 2859 είς
637 2793 773 2864 Baio;
796 2792 1240 2864 ἀναπεμφθῑψαι,
1267 2796 1571 2867 Δεσποτικῇ
1595 2812 1701 2849 τινι
1734 2798 1886 2868 φωνῇ

295 2887 605 2957 χρώμενον,
662 2885 758 2940 καὶ
800 2883 1143 2955 ἐπιτιμῶντα
1179 2887 1246 2955 τῇ
1279 2888 1443 2957 νοητῇ
1475 2886 1753 2958 θαλάττῃ,
1791 2886 1888 2939 ἐπὶ

290 2979 387 3033 τοῦ
410 2978 689 3047 παρόντος
713 2976 947 3047 δοκούσῃ
975 2975 1452 3048 διαταράττεσθαι,
1482 2980 1577 3034 καὶ
1608 2979 1886 3048 ἐπάγοντα

292 3072 374 3135 τὸ,
414 3089 433 3123 ι
467 3070 686 3129 Σιώπα,
721 3068 1032 3139 πεφίμωσο.
1073 3087 1091 3120 ι

1999 685 2185 741 clesiae
2216 685 2315 741 Dei
2337 685 2515 739 vicem
2537 684 2750 749 dolere,
2783 685 3078 756 eidemque
3121 690 3361 758 compati
3385 705 3582 759 possu-

1999 792 2144 840 mus,
2181 777 2395 831 nullum
2453 792 2564 831 non
2612 786 2869 833 conatum
2929 791 2992 831 ac
3039 777 3282 832 studium
3320 780 3584 838 adhibere

1998 881 2109 937 quo
2136 881 2329 922 vocem
2374 867 2517 921 male
2562 865 2807 937 elapsam
2858 866 3245 936 reprimamus,
3296 885 3367 925 ne
3418 886 3582 941 quam

1997 958 2130 1014 hinc
2153 958 2505 1015 occasionem
2529 966 2878 1030 aucupentur
2906 959 2985 1013 illi
3016 959 3114 1030 qui
3159 959 3259 1015 Dei
3278 961 3583 1019 Ecclesiam

1998 1049 2263 1107 divellere
2292 1049 2723 1121 discindereque
2744 1050 2922 1121 parati
2945 1059 3092 1106 sunt.
3137 1050 3505 1118 Quamobrem
3534 1055 3583 1109 si

1998 1142 2131 1213 quid
2156 1142 2264 1198 tale
2288 1143 2451 1201 initio
2479 1142 2712 1209 eﬂluxit,
2766 1143 2917 1213 quod
2962 1144 3175 1201 multos
3213 1146 3414 1201 merito
3449 1146 3583 1202 rell-

1996 1235 2192 1305 giosos
2214 1236 2448 1307 piosque
2487 1236 2744 1292 homines
2775 1235 2977 1308 adligat
2998 1246 3056 1293 et
3089 1239 3405 1300 conturbet,
3431 1248 3582 1295 tuam

2001 1325 2381 1396 integritatem
2428 1327 2801 1398 manibusque
2841 1329 3095 1384 numeris
3120 1328 3430 1387 absolutam
3448 1346 3584 1402 pru-

1998 1417 2245 1474 dentiam
2304 1434 2655 1492 summopere
2682 1421 2784 1477 niti
2835 1422 3017 1487 decet,
3065 1429 3127 1477 ut
3173 1432 3385 1479 motum
3431 1424 3585 1483 hunc

1998 1509 2265 1564 continuo
2303 1508 2499 1577 sedet,
2540 1527 2879 1583 quanquam,
2921 1521 2983 1569 ut
3007 1514 3124 1587 jam
3175 1514 3309 1579 dixi,
3354 1516 3581 1586 plurimi

1999 1608 2118 1655 tum
2141 1602 2294 1657 clero
2319 1603 2567 1674 ascripti,
2594 1612 2711 1659 tum
2737 1604 2919 1675 plebei
2946 1621 3260 1677 quoque,ex
3275 1607 3411 1664 urbe
3433 1608 3582 1665 Con-

1997 1694 2492 1765 stantinopolitana
2511 1697 2861 1755 Antiochiam
2908 1706 2966 1755 et
2993 1698 3061 1755 ad
3114 1713 3216 1754 nos
3266 1716 3441 1771 usque
3484 1719 3581 1757 vc-

1998 1786 2241 1854 nientes,
2272 1786 2572 1844 defendere
2595 1789 2857 1846 videntur
2874 1792 3022 1862 quod
3045 1792 3256 1849 dictum
3286 1803 3388 1849 est.
3413 1793 3584 1851 Aiunt

1998 1878 2148 1933 enim
2182 1878 2239 1933 in
2258 1894 2424 1935 sensu
2450 1881 2589 1936 nihil
2622 1882 2911 1938 continere
2937 1883 3085 1954 quod
3143 1885 3228 1939 vel
3267 1885 3584 1955 apostolicae

1930 1946 1971 2005 Β
1999 1969 2268 2026 doctrina:
2323 1972 2668 2040 adversetur,
2702 1974 2789 2030 vel
2836 1946 2971 2030 fidei
2995 1992 3027 2031 a
3072 1978 3279 2032 sanctis
3302 1946 3444 2033 Τειιι
3460 1978 3585 2034 ibus

1998 2061 2056 2115 in
2101 2062 2304 2126 Nicaea,
2347 2063 2413 2118 ad
2466 2064 2799 2121 homousiou
2851 2068 3303 2123 constituendum
3346 2085 3580 2141 congre-

1992 2151 2154 2221 gatis,
2194 2150 2435 2208 definitae
2479 2164 2536 2207 et
2588 2155 2864 2211 universa:
2914 2156 3175 2211 Ecclesiae
3213 2157 3434 2212 tradita:
3482 2174 3575 2214 re-

1994 2252 2221 2315 pugnet.
2284 2244 2422 2301 Cum
2474 2262 2722 2317 praesens
2807 2247 2994 2318 itaque
3068 2256 3295 2318 tempus
3340 2250 3408 2304 ad
3475 2250 3580 2306 hoc

1994 2346 2275 2406 provocet,
2324 2336 2612 2401 elabores,
2668 2354 2885 2410 quaeso,
2954 2350 3225 2409 quantum
3282 2342 3579 2412 prudentia

1992 2438 2048 2483 et
2074 2430 2457 2499 compassionc
2501 2430 2727 2495 valcas,
2755 2431 3079 2486 ostendere:
3142 2448 3322 2503 neque
3385 2447 3580 2504 grave-

1991 2522 2068 2576 ris
2103 2520 2351 2591 elapsum
2404 2522 2635 2577 verbum
2674 2522 2730 2577 in
2768 2538 2965 2579 eorum
3008 2524 3245 2595 gratiam
3283 2524 3380 2595 qui
3430 2524 3577 2579 hau-

1989 2622 2206 2679 serunt,
2230 2622 2288 2669 et
2308 2613 2381 2669 ob
2412 2613 2465 2669 id
2482 2614 2683 2669 divulsi
2702 2623 2853 2675 sunt,
2873 2630 2974 2685 per
2991 2626 3139 2670 tuam
3169 2616 3278 2688 65
3305 2616 3575 2673 sanctita-

1991 2711 2142 2771 tem,
2212 2706 2404 2776 tuique
2453 2706 2750 2761 sacerdotii
2805 2708 3234 2772 auctoritatem,
3292 2707 3362 2761 ad
3445 2723 3574 2762 eum

1987 2797 2213 2852 modum
2239 2796 2607 2866 comprimere
2629 2836 2645 2862 ,
2677 2804 2738 2850 ut
2759 2811 2824 2851 ea
2842 2812 2992 2852 nunc
3018 2798 3296 2867 praecipue
3314 2797 3574 2852 meditari

1989 2888 2288 2959 molirique
2341 2887 2586 2943 videaris
2638 2903 2761 2958 qua:
2810 2889 3040 2957 poteris,
3096 2888 3341 2943 Ecclesia
3385 2888 3575 2942 catino.

1985 2979 2093 3036 lica
2115 2981 2360 3051 graviter
2379 2980 2486 3035 hoc
2530 2988 2778 3050 tempore
2800 2980 3003 3050 agitata
3042 2988 3100 3037 et
3158 2980 3423 3035 ﬂuctibus
3472 2996 3573 3051 pe-

1986 3089 2058 3129 ne
2104 3087 2283 3129 mersa
2317 3073 2487 3145 magis
2530 3072 2813 3143 magisque
2866 3073 3396 3136 intumescentibus;
3437 3088 3573 3128 voce

292 3164 539 3235 proinde
580 3163 868 3219 Dominica
896 3171 1083 3228 utens,
1121 3160 1480 3234 spiritaleque
1540 3178 1714 3229 mare,
1764 3164 1914 3235 quod
1952 3167 2119 3223 modo
2172 3167 2457 3223 turbatum
2499 3166 2770 3230 cernitur,
2816 3166 3130 3237 increpans,
3181 3165 3316 3220 illud
3371 3165 3572 3235 depro-

298 3273 473 3312 mas:
494 3275 514 3307 ι
536 3256 699 3315 Tace,
719 3255 1041 3312 obmutesce
1063 3257 1129 3310 ³³.
1153 3276 1173 3308 ι

388 3347 652 3418 Ἐποὶησα
677 3347 728 3400 δὲ
767 3347 1186 3419 ἀναγνωσθῆναι
1214 3352 1313 3422 τὴν
1346 3349 1633 3420 ἐπιστολὴν
1656 3348 1757 3418 τῆς
1783 3349 1881 3419 σῆς

2055 3350 2307 3409 Pietatis.
2337 3359 2444 3406 tua
2500 3349 2788 3421 epistolam
2831 3348 3181 3403 sanctissimo
3229 3347 3426 3404 Joanni
3462 3348 3567 3404 Ee-

295 3438 610 3511 θεοσεόεἰας
662 3438 741 3508 τῷ
767 3439 1060 3509 ἁγιωτάτῳ
1096 3440 1379 3511 ἐπισκόπει)
1428 3442 1650 3513 Ἰωάννῃ
1674 3439 1753 3511 τῷ
1781 3442 1876 3512 τῆς

306 3530 665 3600 ’Δντιοχείας,
700 3530 797 3584 καὶ
828 3528 1178 3594 κατακούσας
1212 3532 1356 3602 μετά
1382 3531 1582 3604 πολλῆς
1619 3531 1718 3601 τῆς
1750 3548 1877 3586 συν-

290 3623 605 3692 αισθήσεως
644 3621 737 3674 καὶ
767 3622 1136 3692 συμπαθείας,
1183 3624 1255 3676 τὰ
1297 3625 1437 3678 αὐτὰ
1466 3627 1597 3695 ἡμῖν
1627 3622 1877 3695 βούλεται

289 3715 673 3785 πρεσϐυτικὴν
709 3714 937 3780 ἄγουσιν
968 3713 1206 3784 ἠλικίαν,
1236 3715 1430 3768 νεωστὶ
1459 3716 1539 3779 είς
1571 3714 1877 3786 ἐπισκοπὴν

290 3804 568 3876 ἐληλυθώς
593 3821 607 3832 ·
645 3804 702 3867 ὃς
732 3806 796 3875 τῇ
833 3803 927 3857 τοῦ
949 3803 1084 3857 Θεοῦ
1120 3806 1305 3876 χάριτι
1326 3796 1564 3876 ἀκμάζει
1590 3808 1646 3860 ἐν
1672 3809 1780 3870 τοῖς
1805 3810 1873 3877 τῇ

288 3898 569 3967 ἐπισκοπῇ
596 3897 879 3966 προσεῖναι
895 3895 1203 3964 ὀφείλουσιν
1222 3897 1496 3960 ὲπάθλοις,
1512 3898 1587 3960 ὡς
1616 3895 1759 3968 μέγα
1787 3896 1873 3949 ἐπ’

286 3985 437 4057 αὐτῷ
491 3987 736 4055 φρονεῖν,
790 3985 887 4037 καὶ
957 3984 1317 4054 σεμνύνεσθαι
1364 3987 1575 4051 πάντας
1603 3988 1730 4050 τοὺς
1773 3985 1875 4056 τῆς

283 4077 588 4146 ’Δνατολῆς
606 4076 1045 4140 ὲπισκόπους,πα
1054 4076 1303 4146 ρακαλῶν
1320 4094 1412 4130 σου
1430 4078 1525 4147 τὴν
1541 4077 1871 4143 θεοσέϐειαν,

280 4167 358 4229 ὡς
398 4163 935 4234 παραλαμϐάνεται,
983 4164 1123 4218 ὥστε
1178 4183 1271 4219 σου
1316 4166 1415 4238 τὴν
1463 4168 1758 4238 ἁγιοσύνην
1804 4173 1870 4242 τῇ

282 4256 583 4327 πρεπούσῃ
607 4256 638 4295 δ
663 4255 803 4325 αύτῇ
837 4255 1048 4309 συνέσει
1081 4254 1456 4329 χρησαμένην,
1491 4260 1874 4331 μεταχειρίσα-

283 4350 411 4402 σθαι
438 4347 505 4400 τὸ
535 4346 852 4417 ἑπισυμόἁν
880 4347 981 4401 οὐκ
1014 4347 1240 4404 ἀνεκτὸν
1268 4351 1439 4421 ῥῆμα,
1478 4350 1552 4415 ὡς
1575 4351 1642 4404 δι’
1665 4344 1740 4404 ὧν
1778 4351 1872 4407 λα-

279 4441 416 4505 λείςν
446 4440 519 4492 δι’
572 4431 651 4491 ὧν
684 4438 942 4510 πράττεις
965 4481 980 4504 ,
1017 4437 1079 4493 τὸ
1119 4441 1496 4505 ἁποστολικὸν,
1533 4441 1725 4514 καιροῦ
1767 4461 1870 4498 κα-

281 4529 537 4591 λοῦντος,
577 4526 826 4600 ἐπιδείξῃ
853 4526 912 4585 τὸ
959 4528 1166 4597 φάσκον
1190 4546 1203 4559 ·
1243 4549 1260 4581 ι
1324 4530 1452 4583 Ἐὰν
1495 4530 1634 4587 θέλω
1663 4536 1869 4607 χρήσα-

286 4618 414 4671 σθαι
450 4619 521 4687 τῇ
557 4616 775 4687 ἐξουσίᾳ
800 4655 818 4681 ,
923 4616 1124 4669 ἔδωκεν
1156 4619 1287 4689 ἡμῖν
1317 4618 1345 4671 ὀ
1384 4618 1517 4685 Θεὸς
1549 4621 1629 4685 εἰς
1662 4623 1870 4676 οἰκοδο-

1988 3442 2171 3499 clesiae
2190 3441 2549 3498 Antiochense
2577 3441 2839 3512 episcopo
2866 3440 2971 3510 legi
2991 3439 3215 3504 curavi;
3246 3454 3412 3509 quam
3466 3439 3560 3494 ille

1986 3550 2207 3605 quoque
2225 3550 2441 3589 summa
2481 3532 2807 3597 attentione,
2834 3547 2937 3586 nec
2971 3545 3144 3600 parvo
3162 3530 3370 3584 doloris
3396 3528 3565 3608 Βορέα

1982 3626 2216 3683 audivit.
2248 3626 2384 3680 Nam
2412 3625 2542 3678 licet
2569 3638 2763 3679 recens
2791 3621 3088 3676 admodum
3107 3619 3565 3703 adepiscopntum

1985 3718 2221 3781 venerit,
2258 3716 2452 3771 eadem
2477 3724 2658 3769 tamen
2680 3715 2798 3769 vult
2821 3723 2879 3768 et
2903 3712 3072 3767 sentit
3100 3727 3223 3783 quae
3250 3728 3353 3767 nos
3373 3728 3562 3777 senes;

1984 3806 2078 3876 qui
2093 3805 2263 3859 etiam
2277 3804 2373 3857 Dei
2397 3803 2571 3873 gratia
2591 3802 2860 3866 munitus,
2884 3801 2940 3856 in
2962 3800 3289 3856 muneribus
3312 3802 3565 3856 certami-

1982 3897 2258 3966 nibusque
2281 3894 2543 3964 episcopo
2566 3893 2748 3966 dignis
2768 3893 2906 3948 adeo
2938 3908 2997 3948 se
3029 3892 3174 3964 gerit
3205 3894 3446 3965 egregie,
3482 3902 3563 3949 ἰιι

1983 4003 2104 4043 sese
2140 3987 2207 4042 de
2229 3986 2549 4057 illojaetcnt
2576 3985 2975 4056 magniﬁceque
3000 3984 3298 4054 loquantur
3322 3984 3564 4041 Orientis

1980 4080 2229 4150 episcopi
2245 4094 2456 4135 omnes.
2490 4076 2592 4134 llic
2620 4088 2771 4133 tuam
2816 4091 3058 4148 quoque,
3111 4085 3171 4130 ut
3211 4075 3412 4140 fertur,
3440 4075 3561 4145 pic-

1982 4179 2149 4228 tatem
2174 4171 2377 4226 obnixe
2408 4177 2641 4242 rogatut
2682 4170 2945 4226 sanctitas
2997 4178 3114 4233 tua,
3147 4183 3211 4222 ea
3236 4182 3347 4237 qua
3392 4166 3562 4236 pollet

1983 4260 2279 4331 prudentia
2310 4276 2430 4325 usa,
2470 4260 2704 4316 verbum
2747 4259 2884 4313 illud
2912 4258 3058 4329 quod
3089 4257 3294 4313 excidit
3332 4266 3391 4312 et
3419 4256 3557 4312 tole-

1981 4352 2093 4408 rari
2122 4369 2234 4408 non
2273 4352 2459 4419 debet,
2491 4352 2560 4407 ad
2586 4367 2716 4407 cum
2750 4350 2975 4406 modum
2997 4358 3212 4414 tractet,
3243 4357 3305 4403 ut
3326 4358 3434 4403 tam
3461 4363 3559 4417 per

1979 4452 2045 4493 ea
2075 4453 2196 4509 qua:
2223 4439 2440 4495 dictura
2474 4447 2580 4503 est,
2602 4454 2766 4509 quam
2787 4454 2887 4508 per
2905 4453 2968 4492 ea
2995 4452 3213 4492 rursum
3248 4451 3370 4505 quae
3388 4436 3558 4490 factu-

1979 4545 2040 4584 ra
2094 4537 2199 4591 est,
2227 4530 2518 4585 occasione
2551 4529 2618 4583 ad
2674 4529 2780 4584 hoc
2836 4545 2986 4585 nunc
3027 4534 3380 4599 provocante,
3421 4525 3555 4581 illud

1983 4620 2345 4690 apostolicum
2367 4621 2608 4676 eluceat:
2660 4640 2677 4671 ι
2700 4620 2755 4675 Si
2788 4635 2874 4683 ca,
2923 4620 3120 4690 inquit,
3157 4625 3429 4688 potestate
3455 4632 3543 4673 vo-

288 4708 417 4778 μὴν,
453 4709 553 4762 καὶ
583 4708 683 4761 οὐκ
711 4708 793 4771 εἰς
829 4706 1152 4778 καθαίρεσιν
1172 4748 1187 4771 ,
1226 4709 1325 4762 οῦκ
1353 4710 1805 4783 αἰσχυνθήσομαι.
1844 4732 1863 4768 ι

1989 4710 2137 4785 luero
2160 4710 2243 4766 uti
2288 4726 2455 4781 quam
2494 4709 2649 4765 dedit
2680 4709 2840 4764 nobis
2861 4707 3074 4764 Deusin
3113 4704 3551 4769 aediﬁcationem,

286 4800 401 4852 τὸν
433 4798 494 4852 δὲ
522 4799 902 4853 ποθεινότατον
928 4798 1019 4853 τὸν
1042 4798 1109 4852 τὰ
1139 4801 1444 4872 γράμματα
1481 4803 1635 4875 ἡμῶν
1665 4805 1868 4875 ἐπαγό-

1989 4810 2034 4859 :t
2054 4819 2165 4857 non
2193 4803 2248 4857 in
2278 4803 2733 4867 destructionem,
2758 4818 2868 4857 non
2899 4801 3221 4856 erubescam
3244 4799 3354 4879 ³³.)
3378 4795 3552 4854 Cmtc-

290 4907 485 4961 μενον,
505 4891 687 4944 πιστὸν
732 4892 864 4945 δντα
918 4889 1013 4943 καὶ⁵
1070 4890 1397 4962 Χρὶστιανδν
1444 4894 1508 4947 ὲκ
1562 4896 1868 4966 προγόνων,

1989 4908 2093 4946 rum
2111 4891 2641 4949 desideratissimum
2693 4892 2841 4948 hunc
2884 4900 3133 4945 nostrum
3184 4888 3550 4954 tabellarium,

286 4982 626 5047 καταξὰοσον
657 4986 725 5054 τῇ
750 4981 949 5054 ὲνούσῃ
980 4982 1071 5035 καὶ
1099 4982 1481 5054 ὲνυπαρχούσῃ
1519 5001 1601 5038 σοι
1641 4986 1870 5056 φιλαγα-

1989 4983 2070 5054 ιιιί
2089 4984 2202 5053 jam
2229 4982 2355 5038 inde
2378 4999 2409 5039 a
2436 4984 2740 5055 majoribus
2760 4983 2875 5038 suis
2906 4980 3085 5035 fidelis
3118 4989 3173 5034 et
3203 4978 3552 5040 Christianus

281 5077 377 5148 θία
399 5118 416 5143 ,
451 5074 855 5146 προστήσεσθαι
889 5084 911 5112 ε
935 5090 950 5104 ·
999 5076 1093 5127 καὶ
1124 5075 1183 5128 ὲν
1225 5068 1305 5139 οἷς
1340 5074 1406 5127 ἂν
1434 5074 1654 5146 δεηθείη
1675 5116 1689 5137 ,
1738 5095 1871 5148 προ-

1989 5084 2073 5140 ξει,
2105 5090 2207 5145 pro
2249 5091 2314 5130 ea
2362 5092 2484 5148 qua:
2525 5078 2684 5148 plane
2726 5076 2825 5132 tibi
2875 5074 3039 5130 insita
3062 5083 3146 5129 est
3188 5073 3546 5144 benignitate,

280 5169 436 5233 νοίας
474 5167 635 5221 αὑτὸν
662 5166 895 5232 ἀξιῶσαι
922 5167 1021 5236 τῆς
1052 5166 1138 5219 σοὶ
1172 5165 1511 5239 πρεπούσης.
1550 5169 1740 5226 Πᾶσαν
1770 5168 1866 5240 τὴν

1989 5168 2259 5237 suscipere
2287 5168 2564 5241 digneris;
2615 5169 2749 5224 etsi
2784 5182 2891 5238 qua
2918 5165 2970 5219 in
3014 5182 3073 5221 re
3117 5180 3341 5236 cperam
3399 5171 3547 5219 tuam

284 5260 384 5314 σὺν
411 5261 498 5314 σοὶ
536 5259 913 5331 ἀδελφότητα,
941 5256 1053 5328 ἐγώ
1096 5275 1156 5311 τε
1191 5258 1283 5312 καὶ
1320 5258 1371 5312 οἱ
1423 5259 1519 5312 σὺν
1544 5260 1667 5330 ἐμοὶ
1698 5276 1868 5332 προσ-

1989 5258 2326 5324 lesidcrabit,
2358 5271 2470 5327 tua,
2490 5275 2694 5332 quaeso,
2746 5257 3092 5329 providentia
3123 5256 3201 5311 illi
3238 5271 3349 5311 non
3378 5253 3546 5312 desis.

277 5349 643 5421 αγορεύομεν.

1989 5350 2167 5406 l‘otam
2197 5369 2319 5422 quze
2347 5362 2525 5408 tecum
2557 5360 2641 5405 est
2660 5349 3079 5416 fraternitatem,
3101 5357 3157 5405 et
3182 5364 3303 5422 ego,
3338 5353 3397 5403 et
3447 5349 3540 5421 qui

1969 5458 2185 5498 mecum
2210 5454 2358 5509 sunt,
2382 5444 2678 5514 plurimum
2705 5444 3026 5499 salutamus.

356 5506 586 5562 aMarc.
620 5524 693 5571 tv,
719 5506 810 5562 59.
884 5506 930 5538 ³³
970 5506 1011 5560 ll
1040 5505 1170 5562 Cor.
1210 5522 1264 5571 ι,
1292 5507 1343 5561 8.

1387 5601 1558 5656 Variae
1582 5602 1844 5658 lectiones
1868 5606 2074 5662 codicis
2111 5606 2473 5676 chnicriani.

358 5719 383 5748 ⁸
416 5710 644 5768 λυποῦν.
733 5712 759 5753 δ
787 5711 1091 5785 προσούσῃ.
1167 5724 1187 5752 ε
1222 5714 1308 5767 Ῐσ.
1337 5714 1675 5781 προσὶεσθαι.
