4028 6208
443 284 542 340 to?)

2009 437 2081 449 «ν.-

1429 275 1485 330 S.
1525 269 1799 330 CYRILLI
1841 266 2309 324 ALEXANDRINI
2348 264 2666 323 ARClllEP.

3597 270 3698 322 Hii

1659 557 1997 614 EPISTULA
2033 557 2149 614 XVI
2190 557 2284 628 (οι.
2327 558 2488 628 XIV).

1349 715 1555 755 ῦγιιιιιι
1587 717 1652 754 AD
1676 715 1976 754 JUVENALEII
2009 713 2481 755 RIEBOSOLYMORUI
2505 710 2812 755 EPISCOPUII.

843 838 1072 900 Nuntiat
1089 839 1392 895 Nestorium
1418 840 1474 891 in
1519 838 1718 908 synodo
1745 836 1990 891 Romana
2040 837 2389 903 damnatum;
2430 837 2698 893 Caelestini
2725 852 2879 909 papa?
2905 837 3112 891 litteras
3134 831 3318 890 mittit.

506 977 996 1039 Desideratissimo
1011 973 1168 1030 fratri
1187 989 1249 1029 ac
1265 972 1643 1029 comministro
1658 971 1881 1027 domino
1897 987 2020 1028 meo

2195 979 2286 1050 Τῷ
2338 980 2514 1051 κυρίῳ
2573 995 2677 1051 μου
2739 976 3103 1048 ποθεινοτάτῳ
3156 977 3250 1030 καὶ
3303 974 3702 1048 συλλειτουργῷ

437 1073 709 1137 Juvenali,
733 1070 976 1142 Cyrillus
1001 1068 1297 1137 episcopus
1340 1065 1398 1118 in
1431 1065 1663 1119 Domino
1689 1064 1941 1119 salutem.

508 1166 796 1236 Optassem
823 1176 978 1225 sane,
1010 1156 1528 1214 reverendissimum
1568 1155 1889 1226 episcopum
1909 1157 2018 1212 Ne-

435 1259 698 1322 storium,
733 1255 1041 1326 proborum
1062 1252 1308 1307 virorum
1335 1249 1583 1320 vestigiis
1625 1249 1894 1315 innixum,
1927 1265 2018 1306 re-

432 1359 542 1404 ctae
576 1348 703 1402 ﬁdei
750 1345 1063 1403 doctrinam
1117 1341 1444 1397 consectari.
1507 1340 1644 1396 Nam
1703 1341 1828 1412 quis
1876 1353 2022 1396 sana:

436 1443 641 1500 mentis
695 1441 822 1495 illos
877 1439 973 1508 qui
1030 1436 1334 1492 Salvatoris
1381 1435 1532 1507 gregi
1574 1434 1819 1505 praafecti
1869 1443 2018 1498 sunt,

436 1533 857 1605 probatissimos
877 1531 988 1601 66
1014 1543 1135 1583 esse
1173 1542 1285 1581 non
1307 1527 1565 1596 exoptet?
1584 1524 1858 1593 Quoniam
1888 1540 2022 1580 vero

438 1637 643 1699 praeter
669 1640 888 1680 omnem
923 1638 1076 1694 spem
1103 1636 1291 1676 rerum
1323 1630 1520 1675 natura
1567 1619 1876 1675 interversa
1899 1626 1982 1674 881.
2005 1636 2017 1672 Ξ

439 1718 710 1789 siquidem
735 1732 898 1786 quem
954 1715 1235 1770 sincerum
1280 1722 1560 1783 pastorem
1603 1711 1719 1766 fore
1766 1710 2024 1781 speraba-

437 1826 584 1872 mus,
619 1810 764 1864 hunc
786 1817 954 1863 rectze
986 1807 1112 1862 fidei
1153 1816 1561 1878 persecutorem
1594 1805 1836 1859 evasisse
1869 1817 2020 1858 com-

437 1901 717 1971 perimus;
773 1901 1052 1970 reliquum
1101 1908 1187 1954 est
1241 1907 1304 1955 ut
1346 1898 1485 1955 illud
1523 1897 1726 1954 Christi
1775 1896 2022 1951 omnium

440 1999 690 2044 nostrum
725 1989 1030 2044 Salvatoris
1076 1989 1134 2042 in
1184 1997 1426 2044 mentem
1467 1999 1822 2042 revocemus:
1863 1983 2022 2039 «Non

437 2083 588 2146 veni,
621 2082 718 2145 ait,
743 2097 937 2151 pacem
973 2081 1195 2135 mittere
1245 2080 1302 2134 in
1340 2088 1564 2141 terram,
1614 2076 1708 2132 sed
1757 2075 2020 2146 gladium.

439 2173 578 2228 Veni
628 2173 776 2227 enim
831 2186 1089 2242 separare
1150 2171 1430 2226 hominem
1496 2169 1760 2223 adversus
1809 2176 2021 2237 patrem

441 2281 602 2319 silum
630 2265 694 2318 “.
725 2284 743 2315 ι
779 2263 936 2330 Quod
973 2264 1018 2318 si
1046 2264 1252 2333 absque
1292 2261 1443 2317 omni
1493 2261 1725 2316 crimine
1755 2265 1811 2313 et
1858 2271 2018 2323 noxa,

2136 1069 2500 1144 Ἰουϐεναλίῳ,
2530 1071 2802 1144 Κύριλλος
2835 1072 2892 1125 ἐν
2923 1069 3116 1142 Κυρίῳ
3145 1069 3378 1141 χαίρειν.

2193 1160 2458 1236 Ηὺχόμην
2494 1160 2592 1236 μὲν
2619 1165 2731 1227 τοῖς
2768 1161 2877 1216 τῶν
2908 1161 3384 1233 εὐδοκιμησάντων
3409 1163 3579 1232 ἴχνεσι
3605 1161 3704 1215 καὶ

2121 1261 2187 1331 τῇ
2245 1255 2379 1330 ὀρθῇ
2444 1258 2628 1311 πίστει
2683 1249 3109 1311 κατακολουθεῖν
3165 1246 3258 1308 τὸν
3309 1253 3702 1308 εὐλαϐέστατον

2122 1347 2422 1405 ἐπίσκοπον
2465 1342 2778 1420 Νεστόριον.
2827 1342 2926 1410 Τίς
2959 1343 3068 1418 γὰρ
3113 1343 3221 1400 τῶν
3268 1341 3328 1400 εὖ
3359 1342 3704 1418 φρονούντων

2123 1442 2223 1495 οὐκ
2245 1440 2309 1495 ἂν
2333 1439 2567 1506 εὔξαιτο,
2595 1439 3003 1509 δοκιμωτάτους
3022 1427 3162 1491 εἶναι
3189 1436 3316 1500 τοὺς
3341 1431 3704 1508 καθηγεῖσθαι

2122 1530 2389 1600 λαχόντας
2430 1528 2540 1584 τῶν
2587 1526 2684 1581 τοῦ
2731 1522 2986 1598 Σωτῆρος
3027 1525 3336 1597 ποιμνί·ων;
3380 1525 3599 1598 Ἐπειδὴ
3645 1524 3703 1580 δὲ

2125 1625 2254 1694 παρ’
2301 1621 2522 1684 ἐλπίδας
2553 1621 2588 1691 ἡ
2615 1619 2726 1674 τῶν
2759 1619 3100 1692 πραγμάτων
3129 1620 3264 1690 ἡμῖν
3294 1618 3564 1691 ἐκϐέϐηκε
3598 1620 3703 1690 φύ-

2126 1730 2209 1777 σις
2227 1730 2241 1744 ο
2276 1712 2336 1768 ὃν
2362 1711 2470 1782 γὰρ
2499 1706 2719 1764 ἔσεσθαι
2745 1709 3162 1782 προσεδοκῶμεν
3190 1710 3426 1779 ποιμένα
3458 1711 3703 1780 γνήσιον,

2123 1805 2312 1860 τοῦτον
2353 1799 2456 1874 τῆς
2486 1798 2654 1874 ὀρθῆς
2689 1803 2924 1867 πίστεως
2960 1802 3197 1874 διώκτην
3245 1803 3594 1874 εὑρήκαμεν·
3624 1803 3710 1856 δεῖ

2125 1895 2312 1952 λοιπὸν
2365 1893 2741 1967 μνημονεῦσαι
2801 1893 2896 1947 τοῦ
2952 1895 3170 1948 πάντων
3229 1893 3388 1966 ἡμῶν
3451 1895 3708 1965 Σωτῆρος

2125 1988 2386 2064 Χριστοῦ,
2417 1990 2667 2058 λέγοντος
2689 2006 2704 2020 ο
2746 2004 2767 2039 ι
2808 1988 2922 2042 οὐκ
2949 1982 3113 2058 ἦλθον
3144 1987 3326 2058 βαλεῖν
3359 1987 3583 2059 εἰρήνην
3615 1987 3710 2041 ἐπὶ

2123 2085 2224 2155 τὴν
2251 2082 2376 2153 γῆν,
2401 2081 2536 2136 ἀλλὰ
2568 2083 2866 2153 μάχαιραν.
2893 2074 3098 2134 τΗλοον
3119 2081 3228 2150 γὰρ
3249 2079 3470 2151 διχάσαι
3496 2079 3709 2150 ἄνθρω-

2125 2193 2226 2230 πον
2255 2175 2399 2229 κατὰ
2432 2174 2526 2228 τοῦ
2556 2173 2762 2245 πατρὸς
2786 2172 2973 2226 αὑτοῦ.
3017 2192 3036 2224 ι
3067 2175 3130 2226 Et
3153 2173 3210 2227 δὲ
3235 2173 3298 2243 δὴ
3334 2173 3428 2227 καὶ
3459 2167 3594 2244 πρὸς
3615 2179 3712 2239 γο-

2125 2268 2250 2331 νέας
2275 2268 2406 2338 ἡμῖν
2429 2267 2458 2319 ὁ
2487 2265 2724 2333 πόλεμος
2753 2259 3086 2334 ἀνέγκλητός
3109 2281 3169 2316 τε
3193 2264 3288 2316 καὶ
3319 2258 3708 2333 ἀνεπίληπτος,

442 2359 554 2411 imo
604 2372 738 2412 vero
770 2371 985 2411 summa
1041 2371 1167 2410 cum
1218 2355 1381 2410 laude
1427 2353 1632 2408 bellum
1664 2353 1720 2407 in
1768 2361 2022 2424 parentes

2133 2359 2334 2430 μᾶλλον
2377 2357 2435 2411 δὲ
2477 2355 2572 2410 καὶ
2618 2359 2820 2419 παντὸς
2863 2351 3088 2408 ἐπαίνου
3133 2349 3352 2425 μεστὸς,
3391 2353 3479 2406 ὅτε
3509 2355 3574 2424 τῇ
3613 2352 3712 2406 τοῦ

443 2449 767 2518 suscipitur,
802 2448 1029 2519 quando
1064 2447 1116 2502 id
1149 2446 1216 2502 ad
1243 2445 1449 2502 Christi
1475 2445 1703 2515 gloriam
1734 2443 1914 2500 facere
1941 2444 2026 2499 di-

441 2541 746 2611 gnoscitur,
784 2557 896 2610 quo
919 2545 1080 2610 pacto
1113 2539 1292 2593 modis
1333 2538 1592 2593 omnibus
1649 2537 2024 2594 necessarium

441 2646 552 2684 non
579 2639 683 2694 est,
709 2640 790 2696 ut,
821 2629 954 2684 licet
991 2629 1062 2683 ob
1112 2628 1296 2683 fratris
1321 2629 1588 2699 jactur-am
1617 2627 1874 2699 lacrymis
1895 2641 2025 2698 per-

443 2720 763 2784 fundamur,
804 2719 997 2774 divino
1034 2719 1152 2774 zelo
1192 2719 1565 2789 accingamur,
1614 2719 1862 2789 illudque
1905 2725 2026 2772 tan-

447 2823 562 2868 tum
585 2827 696 2866 non
723 2811 982 2865 omnibus
1017 2810 1112 2880 qui
1141 2819 1345 2865 terram
1374 2811 1641 2876 incolunt,
1677 2811 2023 2866 occinamus:

455 2922 471 2953 ι
498 2902 555 2957 Si
581 2902 708 2972 quis
739 2909 823 2955 est
842 2900 1080 2964 Domini,
1127 2901 1388 2971 jungatur
1423 2901 1560 2954 mihi
1596 2900 1714 2954 ⁸³2»
1756 2899 2026 2969 Equidem

444 2990 620 3046 amice
649 2991 777 3045 unis
797 2991 910 3060 jam
937 2998 1033 3044 aut
1082 2989 1273 3045 alteris
1325 2990 1480 3044 illum
1507 2989 1769 3046 admonui
1799 2991 2024 3055 litteris,

444 3096 514 3134 ne
544 3079 961 3149 propriijudicii
988 3094 1210 3134 sensum
1225 3080 1379 3149 sequi
1400 3080 1573 3144 malit,
1601 3095 1766 3150 quam
1793 3089 2023 3146 rectam,

443 3171 914 3241 apostolicamque
964 3178 1020 3224 et
1043 3170 1306 3225 Ecclesiis
1333 3171 1446 3241 jam
1491 3171 1622 3226 olim
1669 3170 1929 3227 traditam
1959 3171 2026 3226 ii-

449 3263 610 3327 dem;
662 3268 814 3315 ratu‘s
863 3259 980 3316 fore
1027 3271 1089 3316 ut
1138 3261 1241 3316 hac
1269 3262 1480 3317 ratione
1524 3261 1594 3316 ab
1620 3262 2026 3333 expositionum

446 3369 674 3410 suarum
735 3356 1007 3426 pravitate
1052 3354 1356 3411 recederet.
1418 3355 1619 3411 Verum
1669 3356 2026 3426 pharmacum

445 3447 850 3504 benevolentiae
883 3447 1032 3503 nihil
1057 3447 1327 3502 hactenus
1355 3447 1584 3519 profuit,
1603 3457 2027 3519 suggestumque

447 3539 738 3603 consilium
773 3538 827 3594 vi
855 3538 1056 3594 caruit.
1085 3538 1201 3594 lmo
1224 3555 1357 3594 vero
1383 3547 1596 3594 tantum
1618 3539 1793 3594 abfuit
1829 3547 1891 3592 ut
1929 3553 2028 3592 ve-

448 3630 629 3686 ritatis
672 3630 928 3700 dogmata
992 3630 1282 3701 complecti
1333 3629 1654 3696 instituerit,
1703 3639 1764 3686 ut
1815 3631 2028 3686 litteras

448 3737 671 3793 quoque
697 3737 795 3778 sua
830 3721 1008 3792 ipsius
1039 3721 1446 3793 subscriptione
1470 3722 1710 3776 munitas
1725 3721 1792 3776 ad
1817 3737 1905 3776 me
1927 3720 2024 3775 de-

448 3814 628 3880 derit;
666 3815 723 3868 in
752 3814 980 3885 quibus,
1008 3815 1157 3869 haud
1186 3830 1346 3870 secus
1378 3831 1442 3870 ac
1472 3815 1625 3887 gravi
1661 3815 1858 3885 injuria
1888 3830 1918 3869 a
1942 3829 2030 3869 me

448 3906 698 3973 affectus,
754 3909 1130 3964 stomachetur
1176 3919 1473 3981 aperteque
1511 3924 1721 3964 sacram
1756 3908 2030 3980 Virginem

447 4002 545 4056 Dei
575 4001 916 4057 Gcnitricem
940 4016 1064 4057 esse
1091 4001 1406 4056 inticiatur:
1451 3985 1851 4071 quod,'qua:so,
1899 3999 2030 4069 quid

450 4090 603 4145 aliud
644 4099 730 4146 est
755 4107 925 4161 quam
956 4090 1250 4146 manifeste
1289 4091 1471 4146 dicere
1500 4090 1934 4154 Emmanuelem,
1964 4105 2033 4145 ex

448 4196 561 4250 quo
581 4188 692 4236 tota
744 4180 940 4235 salutis
1003 4189 1206 4235 nostrae
1253 4179 1452 4236 ﬁducia
1515 4181 1742 4250 pendet,
1773 4195 1884 4236 non
1911 4195 2032 4236 esse

447 4287 642 4327 verum
664 4272 870 4325 Deum?

518 4362 820 4428 Caeterum,
857 4363 1161 4418 Romanam
1199 4363 1503 4419 Ecclesiam
1534 4363 1590 4418 in
1623 4379 1778 4419 suam
1808 4371 2033 4418 senten-

453 4456 586 4511 tiam
610 4455 936 4527 pertrahere
955 4470 1013 4510 se
1032 4469 1193 4526 posse
1215 4457 1533 4522 arbitratus,
1561 4454 1778 4527 scripsit
1804 4455 1871 4510 ad
1890 4456 2035 4526 ejus-

454 4549 580 4604 dem
635 4547 894 4604 Ecclesiae
940 4547 1260 4618 episcopum
1297 4547 1677 4613 leestinum,
1725 4547 2030 4613 dominum,

455 4639 681 4696 fratrem
707 4648 763 4696 et
787 4641 1225 4697 comministrum
1250 4653 1433 4696 meum
1484 4640 1642 4712 longe
1699 4640 2030 4710 piissimum,

452 4734 676 4805 Deoque
725 4735 1186 4801 dilectissimum;
1246 4735 1422 4806 iisque
1466 4733 1669 4790 litteris
1719 4734 2033 4805 dogmatum

453 4841 679 4881 suorum
709 4829 1128 4898 perversitatem
1155 4827 1407 4884 inseruit.
1435 4827 1581 4882 Misit
1605 4825 1780 4881 eidem
1814 4825 2033 4880 ctmul-

456 4926 538 4972 tas
558 4932 777 4986 quoque
807 4934 1087 4991 exegeses,
1142 4933 1209 4974 ex
1254 4917 1458 4989 quibus
1501 4933 1761 4989 perversa
1827 4917 2033 4972 sentire

2126 2449 2364 2522 Χριστοῦ
2384 2447 2514 2520 δόξῃ
2545 2443 2829 2502 συναθλεῖν
2855 2445 3176 2515 ἐγνώκαμεν
3193 2460 3207 2476 ο
3234 2445 3353 2506 πῶς
3368 2443 3468 2498 οὐκ
3493 2445 3712 2513 ἀνάγκη

2129 2545 2301 2608 πᾶσα,
2347 2541 2526 2597 καίτοι
2570 2537 2906 2610 δακρύοντας
2935 2536 3012 2602 ώς
3049 2537 3274 2607 ἀδελφὸν
3305 2535 3712 2598 ἀπολέσαντας,

2127 2634 2220 2688 τὸν
2249 2626 2471 2704 θεοφιλῆ
2503 2628 2913 2700 περιζώσασθαι
2948 2628 3109 2699 ζῆλον
3129 2669 3143 2692 ,
3171 2630 3268 2682 καὶ
3296 2627 3575 2698 μονονουχὶ
3598 2623 3716 2689 τοῖς

2127 2725 2231 2782 άνά
2260 2727 2445 2780 πᾶσαν
2493 2724 2594 2794 τὴν
2642 2723 2749 2792 γῆν
2786 2722 2964 2778 ἐκεῖνο
3008 2721 3185 2774 εἰπεῖν
3209 2736 3221 2750 ·
3270 2737 3291 2770 ι
3338 2718 3408 2771 Et’
3449 2735 3534 2780 τις
3575 2712 3716 2787 πρὸς

2128 2818 2357 2889 Κύριον,
2391 2817 2490 2869 ῐτω
2521 2817 2658 2887 πρός
2689 2831 2795 2886 με;
2834 2833 2853 2865 ι
2911 2812 3054 2880 Ἐγὼ
3090 2813 3189 2883 μὲν
3217 2809 3326 2882 γὰρ
3367 2810 3435 2864 δι’
3465 2809 3582 2874 ἐνὸς
3615 2808 3713 2862 καὶ

2131 2903 2386 2981 δευτέρου
2424 2908 2753 2979 γράμματος
2801 2906 2878 2968 ὼς
2925 2902 3153 2972 ἀδελφὺν
3200 2899 3595 2971 παρεκάλεσα,
3632 2897 3712 2970 μὴ

2129 3005 2252 3068 ταῖς
2296 3001 2457 3064 ἰδίαις
2493 2999 2806 3055 ἀκολουθεῖν
2849 2993 3119 3058 ἐννοίαις,
3163 2986 3302 3047 ἀλλὰ
3335 2993 3402 3063 τῇ
3439 2989 3573 3062 ὀρθῇ
3614 2991 3714 3044 καὶ

2129 3092 2464 3162 ἀποστολικῇ
2494 3091 2676 3144 πίστει
2713 3091 2780 3159 τῇ
2807 3081 3173 3156 παραδοθείσῃ
3219 3083 3340 3147 ταῖς
3365 3081 3548 3150 ἁγίαις
3589 3081 3713 3134 Ἐκ-

2129 3185 2406 3257 κλησίαις,
2451 3177 2659 3252 οἰηθεὶς
2697 3174 3032 3243 ἀπαλλάξειν
3065 3175 3228 3229 αὐτὸν
3265 3175 3367 3244 τῆς
3405 3173 3511 3227 τῶν
3541 3170 3712 3226 αὐτοῦ

2130 3277 2480 3352 γραμμάτων
2536 3274 2883 3344 σκαιότητος.
2964 3266 3104 3323 Ἀλλ’
3131 3265 3283 3322 οὐδὲν
3315 3265 3493 3336 ὢνησε
3522 3263 3585 3317 τὸ
3612 3260 3712 3333 τῆς

2129 3369 2420 3432 διαθέσεως
2483 3367 2796 3439 φάρμακον.
2850 3363 3169 3434 Ἀπρακτος
3221 3358 3446 3429 γέγονεν
3493 3357 3526 3429 ἠ
3576 3375 3713 3427 συμ-

2131 3465 2317 3534 ϐουλή.
2347 3459 2458 3518 Καὶ
2485 3456 2742 3515 τοσοῦτον
2764 3456 2970 3527 ἀπέσχε
2995 3452 3090 3509 τοῦ
3121 3453 3296 3507 θέλειν
3320 3453 3431 3515 τοῖς
3454 3447 3556 3520 τῆς
3581 3445 3714 3519 ἀλη-

2130 3555 2282 3619 θείας
2316 3551 2545 3608 ἓπεσθαι
2582 3547 2870 3620 δόγμασιν,
2922 3543 3062 3599 ὥστε
3088 3544 3199 3598 καὶ
3245 3539 3534 3613 ἐπιστολὴν
3572 3541 3714 3593 ἀπο-

2133 3649 2338 3704 στεῖλαι
2366 3643 2506 3716 πρός
2532 3657 2596 3713 με
2624 3640 2742 3712 μεθ’
2775 3636 3101 3710 ὑπογραφῆς
3132 3635 3289 3700 ιδίας,
3324 3625 3438 3704 ἐνῇ
3475 3631 3568 3686 καὶ
3595 3632 3716 3684 ἐπι-

2132 3741 2360 3812 πλήττει
2399 3738 2500 3808 μέν
2523 3777 2538 3802 ,
2577 3733 2653 3798 ὡς
2683 3731 3024 3802 λυπούμενος
3049 3769 3065 3792 ,
3111 3727 3481 3798 διωμολόγηκε
3519 3725 3576 3778 δέ
3627 3740 3718 3777 σα·

2133 3834 2270 3904 φῶς,
2298 3831 2560 3887 Θεοτόκον
2590 3828 2764 3881 εἰπεῖν
2799 3825 2874 3896 μὴ
2915 3819 3055 3877 εἶναι
3085 3822 3183 3891 τὴν
3215 3820 3376 3890 ἁγίαν
3401 3817 3713 3889 Παρθένον*

2133 3927 2269 3996 ὅπερ
2312 3923 2462 3977 ἐστὶν
2501 3919 2751 3990 ἐναργῶς
2799 3918 2994 3978 εἰπεῖν,
3036 3913 3110 3985 μὴ
3152 3908 3292 3966 εἶναι
3325 3911 3458 3964 Θεὸν
3495 3908 3716 3977 ἀληθῶς

2132 4017 2223 4070 τὸν
2259 4012 2628 4088 Ἐμμανουὴλ,
2654 4011 2738 4081 ἐφ’
2765 4002 2809 4079 ᾧ
2838 4008 2936 4074 τὰς
2965 4005 3263 4078 σωτηρίους
3281 4003 3308 4044 (ι
3339 4002 3534 4075 ἔχομεν
3560 4000 3717 4054 ἐλπί-

2132 4108 2248 4171 δας.

2469 4169 2500 4193 θ

2206 4371 2426 4444 Οἱηθεὶς
2452 4370 2509 4425 δὲ
2535 4372 2616 4426 ὅτι
2649 4368 2743 4424 καὶ
2763 4368 2861 4438 τὴν
2901 4365 3188 4440 Ῥωμαίων
3230 4361 3558 4432 Ἐκκλησίαν
3586 4375 3716 4417 συν·

2137 4462 2388 4536 αρπάσαι
2426 4461 2718 4533 δυνήσεται
2743 4503 2758 4527 ,
2795 4458 3001 4531 ἔγραψε
3041 4457 3178 4528 πρὸς
3211 4456 3302 4510 τὸν
3344 4455 3535 4524 κύριόν
3567 4470 3670 4524 μου
3696 4492 3713 4515 ,

2137 4555 2230 4612 τὸν
2287 4555 2682 4610 εὐλαϐέστατον
2727 4552 2824 4605 καὶ
2879 4549 3300 4604 θεοσεϐέστατον
3355 4545 3580 4616 ἀδελφὸν
3619 4545 3718 4599 καὶ

2139 4648 2547 4720 συλλειτουργδν
2571 4643 3020 4713 Κελεστῖνον,τῆς
3055 4641 3343 4712 Ῥωμαίων
3386 4638 3717 4709 Ἐκκλησίας

2136 4742 2456 4804 ἐπίσκοπον,
2483 4737 2658 4802 ἐνθεὶς
2686 4735 2805 4800 ταῖς
2839 4733 3150 4797 ἐπιστολαῖς
3181 4732 3285 4786 τῶν
3315 4728 3480 4784 αὑτοῦ
3509 4728 3718 4798 δογμά-

2134 4853 2242 4889 των
2265 4833 2361 4904 τὴν
2385 4832 2740 4902 διαστροφήν.
2775 4827 3039 4899 Πέπομφε
3066 4822 3121 4878 δέ
3153 4823 3246 4878 καὶ
3272 4821 3562 4892 ἐξηγήσεις
3591 4820 3719 4872 πολ-

2134 4923 2254 4988 λὰς,
2286 4923 2346 4987 ἐξ
2375 4911 2449 4976 ὧν
2480 4919 2804 4991 ἐλήλεγκται
2833 4911 3048 4989 φρονῶν
3077 4914 3144 4969 τὰ
3165 4912 3593 4984 διεστραμμένω
3622 4911 3717 4964 καὶ

453 5017 646 5077 aperte
673 5007 1077 5079 deprehensus,
1125 5011 1255 5081 jure
1303 5008 1504 5063 merito
1546 5009 1616 5063 ab
1640 5009 1733 5063 illo
1761 5009 2026 5063 luereseos

2139 5013 2492 5084 κατεγνώσθη
2519 5009 2707 5066 λοιπὸν
2741 5011 3024 5082 ἀραρότως
3051 5007 3124 5071 ὡς
3155 5006 3449 5077 αἱρετικός.
3495 5000 3716 5070 Ἐπειδὴ

451 5106 536 5154 est
567 5098 986 5157 condemnatus.
1012 5099 1153 5156 Cum
1200 5099 1366 5171 igitur
1389 5099 1881 5154 reverendissimus
1901 5099 2026 5168 piis-

2138 5107 2319 5163 τοίνυν
2374 5108 2403 5160 ὁ
2443 5101 2838 5177 μνημονευθεὶς
2895 5098 3291 5163 εὐλαϐέστατος
3335 5098 3428 5152 καὶ
3472 5094 3718 5150 θεοσεϐέ-

453 5189 734 5260 simusque
763 5192 1023 5248 Romam:
1067 5192 1330 5248 Ecclesia:
1359 5190 1654 5262 episcopus
1701 5190 2032 5245 leestinus

453 5294 733 5353 comperta
756 5285 824 5340 de
860 5286 954 5340 illo
978 5286 1289 5356 scripserit,
1317 5285 1571 5355 ipsasque
1616 5283 1830 5337 litteras
1853 5282 1919 5336 ad
1945 5298 2030 5338 me

453 5375 689 5442 dederit,
717 5375 974 5447 equidem
1038 5380 1160 5435 illas
1213 5379 1459 5434 vicissim
1518 5376 1586 5432 ad
1647 5388 1699 5432 te
1735 5377 2031 5433 mittendas

527 5508 571 5540 “
601 5509 789 5564 Matth.
820 5529 872 5577 χ,
896 5511 984 5566 54.
1059 5514 1102 5545 ³⁸
1134 5513 1306 5570 Exod.
1338 5529 1503 5580 xxx",
1543 5511 1632 5567 26.

2140 5215 2334 5263 στατος
2377 5198 2476 5269 τῆς
2518 5196 2805 5268 Ῥωμαίων
2849 5194 3176 5264 Ἐκκλησίας
3207 5193 3509 5252 ἐπίσκοπος
3543 5186 3714 5240 Κελε-

2139 5293 2313 5356 στῖνος
2360 5290 2569 5361 φανερὰ
2613 5271 2861 5360 γέγραφε
2900 5284 3028 5358 περὶ
3079 5287 3244 5342 αὑτοῦ
3272 5328 3284 5348 ,
3315 5285 3408 5339 καὶ
3459 5281 3714 5349 πέπομφε

2137 5381 2273 5454 πρός
2308 5398 2375 5451 με
2407 5379 2506 5443 τὰς
2533 5378 2837 5444 ἐπιστολὰς,
2869 5379 2980 5432 δεῖν
3012 5377 3200 5450 ᾠήθην
3240 5373 3554 5430 ἀποστεῖλαι
3583 5366 3716 5423 ταύ·

1553 5626 1722 5682 Variac
1753 5623 2018 5680 lectiones
2039 5621 2246 5677 codicis
2282 5621 2649 5690 Seguicriaui.

527 5717 555 5759 d
588 5719 685 5791 τῆς
711 5717 998 5789 σωτηρίας.
