4028 6208
259 220 354 274 105
1635 219 1970 277 EPISTOLA
2007 220 2170 277 XVII.

3393 221 3490 279 ιοσ

254 353 373 401 τας,
407 334 505 391 καὶ
534 335 898 408 ἀκονηθεῖσαν
929 335 1141 390 οῖκοθεν
1175 335 1255 401 εἰς
1293 337 1492 410 εὐσεϐῆ
1534 339 1695 409 ζῆλον
1727 340 1824 408 τὴν

1931 340 2251 405 existimavi,
2271 355 2380 409 quo
2403 338 2663 394 nimirum
2698 339 2849 409 pium
2883 338 3174 409 quemdam
3196 340 3399 403 zelum,
3424 340 3491 394 ad

260 428 361 499 σὴν
406 426 711 481 θεοσέδειαν
759 428 1117 497 διαναστῆσαι
1163 429 1251 491 διὰ
1303 430 1398 483 τοῦ
1455 431 1818 501 γράμματος·

258 518 404 581 ὅπως
419 519 484 572 ἂν
504 520 569 572 ἐκ
589 521 721 588 μιᾶς
744 520 947 591 ψυχῆς,
980 523 1075 575 καὶ
1105 524 1354 577 συντόνου
1376 522 1704 593 προθυμίας,
1726 521 1826 592 τὴν

260 611 338 673 εἰς
362 610 594 679 Χριστὸν
630 612 858 680 ἀγάπην
887 610 1212 682 ζωσώμεθα,
1247 613 1345 666 καί.
1378 613 1642 684 σώσωμεν
1663 613 1827 676 λαοὺς

257 700 664 765 κινδυνεύοντας
687 743 703 765 ,
733 704 829 755 καὶ
855 704 1144 774 στήσωμεν
1194 703 1520 775 Ἐκκλησίαν
1557 705 1657 775 τὴν
1683 702 1827 755 οὕτω

252 790 514 860 διαφανῆ,
566 790 881 861 σύμφρονες
931 792 1215 861 γεγονότες
1267 791 1513 862 δηλονότι
1574 792 1826 853 ἑκάστοις

250 883 502 946 ἅπαντες,
530 884 634 935 καὶ
668 883 813 937 κατὰ
840 883 930 937 τὸν
962 883 1249 952 ὁρισθέντα
1284 882 1452 936 τύπον
1485 883 1827 937 ἐπιστέλλον-

246 992 328 1037 τες
356 974 519 1043 αὐτῷ
559 976 658 1028 καὶ
690 978 805 1038 τοῖς
837 975 1004 1038 λαοῖς.
1042 974 1141 1027 Ἂν
1173 975 1271 1044 μὲν
1287 973 1690 1044 -ὠφελήσωμεν,
1733 974 1827 1027 καὶ

247 1066 687 1136 μεταστήσωμεν
710 1065 849 1119 κατὰ
874 1065 935 1119 τὸ
960 1064 1156 1134 ἀληθὲς
1182 1065 1365 1127 αὐτὸν.
1390 1058 1466 1119 ὧν
1494 1064 1824 1134 πεφρόνηκε,

246 1157 671 1226 κεκερδήκαμεν
701 1157 793 1210 τὸν
820 1156 1067 1225 ἀδελφὸν,
1092 1156 1186 1208 καί⁵
1209 1154 1532 1224 σεσώκαμεν
1556 1154 1790 1224 ποιμένα
1809 1168 1824 1184 ·

245 1247 329 1299 ἐάν
356 1246 419 1298 δὲ
460 1247 756 1316 ἄπρακτος
783 1248 817 1316 ἡ
871 1245 1147 1316 συμϐουλὴ
1192 1245 1352 1315 ἡμῶν
1382 1245 1631 1315 γένηται,
1668 1243 1827 1307 αὐτὸς

244 1337 420 1406 ἑαυτῷ
460 1336 784 1406 ἐπιγράψας
809 1336 871 1389 τὸ
901 1334 1136 1405 συμϐάν.
1160 1335 1320 1398 αὐτὸς
1344 1335 1453 1388 τῶν
1490 1335 1706 1388 οἰκείων
1742 1335 1830 1387 πό-

244 1446 341 1482 νων
372 1427 571 1481 ἔδεται
607 1428 733 1491 τοὺς
781 1426 1049 1494 καρπούς.
1083 1429 1175 1479 Δεῖ
1200 1426 1259 1479 δὲ
1306 1427 1454 1497 ἡμᾶς
1487 1425 1825 1493 ἀναγκαίως,

243 1521 329 1575 καὶ
363 1520 451 1591 τῷ
501 1506 841 1590 φιλοχρίστῷ
900 1518 997 1571 καί
1040 1517 1414 1586 εὐσεϐεστάτῳ
1459 1515 1691 1586 βασιλεῖ,
1735 1515 1830 1568 καὶ

1925 446 2088 500 quem
2114 432 2315 500 alioqui
2341 432 2516 501 pietas
2540 441 2633 486 tua
2666 440 2860 500 suapte
2898 438 3096 485 natura
3131 431 3354 486 incensa
3384 441 3489 495 est,

1926 520 2127 575 litteris
2148 521 2258 576 illis
2274 522 2626 585 exsuscitem,
2652 528 2924 590 quatenus
2944 520 3190 574 unanimi
3218 535 3492 575 consensu

1925 611 2200 681 alacrique
2243 617 2595 668 contentione
2626 612 2949 668 charitatem
2977 628 3101 681 qua:
3126 621 3214 668 est
3244 613 3300 666 in
3325 612 3494 669 Chri-

1926 709 2012 755 sto
2030 701 2403 772 accingamur,
2438 704 2545 773 67
2600 702 2915 773 populoque
2964 717 3076 756 non
3116 702 3302 771 parvis
3345 704 3498 773 peri-

1925 794 2066 848 culis
2109 794 2327 864 objccto
2381 796 2612 850 salutem
2660 809 3038 864 procuremus,
3086 809 3152 850 ac
3196 793 3498 851 Ecclesiam

1925 884 2163 953 denique
2185 884 2324 938 adeo
2344 884 2697 955 conspicuam
2723 885 3100 956 illustremque
3121 886 3496 943 stabiliamus:

1926 977 2033 1033 hoc
2063 985 2245 1031 autem
2299 992 2722 1047 consequemur,
2773 978 2818 1032 si
2853 976 3054 1048 singuli
3103 991 3230 1031 cum
3268 979 3500 1049 singulis

1928 1079 2315 1139 congruentes,
2345 1067 2649 1122 secundum
2682 1066 3005 1137 praeﬁnitam
3030 1066 3341 1131 formulam,
3370 1082 3498 1123 cum

1928 1158 1996 1212 ad
2047 1159 2249 1228 ipsum,
2301 1166 2416 1211 tum
2477 1158 2545 1211 ad
2601 1158 2862 1227 populum
2906 1173 3127 1228 quoque
3169 1158 3497 1213 scribamus.

1927 1249 2061 1304 Nam
2087 1249 2132 1302 si
2163 1249 2217 1303 in
2246 1264 2363 1302 rem
2387 1248 2441 1303 id
2458 1248 2775 1313 fecerimus,
2801 1248 2907 1302 hoc
2925 1256 3009 1302 est
3056 1248 3100 1303 si
3137 1247 3292 1303 illum
3329 1249 3399 1303 ab
3431 1248 3501 1303 iis

1930 1353 2053 1407 qua:
2084 1338 2354 1392 hactenus
2380 1338 2566 1401 sentit,
2595 1336 2662 1391 ad
2690 1337 2977 1392 veritatem
3030 1338 3496 1402 transtulerimus,

1929 1428 2336 1484 lucrifaciemus
2365 1429 2613 1493 fratrem,
2642 1429 2985 1483 servabimus
3001 1438 3058 1483 et
3081 1428 3341 1484 Ecclesiae
3357 1446 3499 1499 quo-

1928 1535 2036 1589 que
2088 1530 2401 1590 pastorem:
2454 1521 2539 1575 sin
2596 1536 2729 1574 vero
2761 1520 3053 1574 consilium
3103 1519 3211 1574 hoc
3250 1529 3498 1575 nostrum

243 1616 417 1672 ἅπασι
436 1614 497 1667 δὲ
523 1616 643 1677 τοῖς
666 1615 726 1667 ἐν
745 1613 888 1665 τέλει
917 1610 1126 1683 γράψαι
1182 1610 1276 1664 καὶ
1326 1608 1726 1680 συμόουλεῦσαι
1752 1610 1826 1677 μὴ

1931 1608 2132 1662 frustra
2167 1617 2483 1679 susceptum
2508 1608 2695 1674 fuerit,
2721 1611 2825 1665 sibi
2856 1608 3344 1679 ipsiquodcunque
3376 1619 3498 1665 tan-

243 1706 589 1777 προτιμῆσαι
627 1704 728 1774 τῆς
767 1705 848 1765 εἰς
886 1677 1123 1773 Χριστὸν
1152 1677 1465 1764 εὐσεϐείας,
1500 1699 1787 1770 ἄνθρωπον
1808 1712 1821 1726 ·

1936 1698 2059 1752 dem
2090 1698 2356 1762 evenerit,
2392 1700 2696 1764 ascribens,
2722 1700 2972 1755 laborum
3003 1715 3230 1754 suorum
3259 1699 3500 1754 fructum

243 1795 372 1849 ἀλλά
401 1792 749 1865 χαρίσασθαι
776 1796 845 1863 τῇ
881 1791 1171 1863 οἰκουμένῃ
1203 1791 1267 1844 τὸ
1294 1791 1508 1862 βέϐαιον
1537 1793 1619 1853 εἰς
1644 1791 1827 1844 πίστιν

1934 1788 2050 1859 ipse
2084 1790 2459 1845 manducabit.
2489 1789 2777 1861 Oportebit
2799 1799 3006 1856 autem,
3024 1792 3226 1848 litteris
3246 1790 3316 1847 ad
3337 1791 3500 1848 Chri-

243 1886 405 1958 ὸρθὴν
428 1924 447 1951 ,
484 1884 589 1938 καὶ
634 1883 891 1954 ποιμένος
923 1881 1229 1947 ἀπαλλάξαι
1279 1880 1517 1953 πονηροῦ
1564 1881 1633 1935 τὰ
1666 1880 1827 1952 θρέμ-

1932 1880 2329 1936 stianissimum
2392 1883 2812 1953 piissimumque
2885 1885 3273 1955 imperatorem
3342 1894 3504 1941 caete-

246 1993 392 2048 ματα
416 2016 435 2040 ,
470 1978 524 2029 εἰ
554 1976 630 2047 μὴ
669 1978 790 2038 ταῖς
822 1975 1079 2030 ἁπάντων
1111 1975 1247 2028 εἰκει
1280 1973 1631 2045 συμϐουλαῖς.
1661 1973 1827 2043 Πρόσ-

1932 1984 2138 2040 rosque
2179 1971 2234 2025 in
2293 1973 2617 2043 magistratu
2661 1974 2991 2030 constitutos
3046 1975 3251 2041 missis,
3307 1975 3500 2031 iisdem

242 2085 363 2121 ειπε
400 2069 507 2139 τήν
561 2067 717 2139 παρὰ
751 2067 837 2121 σοὶ
868 2066 1242 2137 ἀδελφότηταο
1292 2065 1352 2119 σὲ
1383 2066 1418 2136 ἡ
1452 2066 1552 2119 σὺν
1600 2065 1734 2136 ἡμῖν
1775 2064 1827 2117 ὲν

1931 2060 2289 2131 persuadere,
2329 2063 2461 2118 hinc
2502 2064 2748 2134 quidem,
2805 2081 2875 2120 ne
2914 2066 3129 2136 pietati,
3154 2083 3278 2137 quae
3325 2075 3413 2124 cst
3444 2067 3501 2123 in

243 2160 436 2231 Κυρίῳ
464 2160 895 2232 προσαγορεύει.

1931 2152 2233 2219 Christum,
2257 2154 2369 2210 ulla
2394 2156 2607 2212 ratione
2635 2157 2918 2214 hominem
2963 2158 3271 2215 anteferam
3302 2176 3318 2225 ;
3373 2158 3502 2214 inde

243 2264 405 2313 vero,
445 2258 509 2304 ut
537 2256 822 2304 terrarum
846 2248 971 2303 orbi
994 2258 1158 2303 rectm
1198 2248 1330 2303 fidei
1368 2246 1722 2303 stabilitatem
1746 2241 2063 2308 concilient,
2086 2258 2325 2315 ovesque
2360 2262 2391 2300 a
2450 2247 2594 2302 malo
2637 2259 2855 2319 pastore
2893 2250 3152 2316 liberent,
3197 2250 3305 2307 nisi
3342 2250 3390 2305 is
3423 2257 3505 2304 ta.

249 2331 379 2395 men
409 2340 483 2395 ita
511 2351 873 2412 comparatus
918 2341 1011 2407 sit,
1046 2348 1109 2395 ut
1136 2341 1382 2395 omnium
1425 2337 1670 2396 consiliis
1712 2335 1943 2405 obsequi
2002 2336 2154 2392 velit.
2227 2337 2414 2394 Saluta
2479 2355 2601 2410 quae
2653 2341 2797 2411 apud
2843 2349 2896 2398 te
2947 2351 3031 2398 est
3067 2342 3500 2406 fraternitatem;

247 2445 361 2502 qua:
378 2430 534 2503 apud
557 2446 663 2489 nos
686 2439 794 2500 est,
823 2442 881 2488 te
897 2432 955 2488 in
979 2432 1212 2488 Domino
1231 2432 1449 2488 salutat.

1847 2574 1917 2584 -ο

1479 2677 1813 2739 EPISTOLA
1850 2680 1991 2737 xvn
2034 2680 2127 2752 (οι.
2162 2670 2300 2748 XV).

1232 2842 1435 2882 ενιιιιιι
1465 2844 1529 2881 ΑΒ
1552 2841 1848 2881 NESTORIUII
1877 2842 1943 2880 DE
1966 2830 2521 2878 EXCOMIIUNICA'I‘IOXE-

245 2961 431 3038 Cgrifli
454 2975 506 3021 et
530 2968 725 3038 synodi
744 2967 1124 3038 Alexandrina:
1145 2965 1373 3038 Patrum
1403 2966 1676 3037 Expositio
1707 2965 1832 3038 ﬁdei
1863 2965 2132 3038 catholicae
2159 2962 2222 3018 de
2255 2960 2647 3038 [acarnationis
2672 2959 2938 3038 mystgriq,
2959 2959 3110 3029 cujus
3132 2959 3240 3014 Iure
3257 2974 3461 3038 summa
3486 2978 3504 3013 :

320 3056 340 3088 ι
404 3027 629 3110 Πηὶιιῆιι
681 3040 835 3110 carni
886 3037 1106 3110 Verbum
1142 3036 1427 3110 secundum
1477 3027 1821 3110 personant_(

1931 3038 1960 3088 ι’
2009 3032 2348 3110 suspiciam
2382 3027 2756 3110 conﬁtemarfi
2795 3027 3198 3110 subjunguntu'
3240 3029 3505 3110 duodecim

314 3108 756 3162 anathematismi
782 3109 835 3161 in
869 3108 1052 3176 quibus
1086 3107 1334 3176 pra’cipui
1363 3101 1564 3160 errores
1594 3123 1729 3161 vero:
1765 3101 2155 3161 Incarnationis
2184 3101 2432 3176 doctrinm
2467 3101 2690 3170 oppositi
2724 3101 3175 3176 condemnamur;
3202 3118 3270 3176 ac,
3297 3103 3507 3176 tandem

312 3178 495 3247 ipsum
539 3176 839 3231 Nestorium
881 3169 917 3229 ὶι
958 3192 1064 3247 suo
1085 3169 1447 3229 communione
1480 3175 1865 3247 segregandam
1902 3176 2238 3247 denuntiant,
2267 3172 2367 3247 nisi
2405 3169 2546 3225 intra
2583 3179 2785 3241 tempus
2817 3171 2975 3239 juxta
3000 3169 3271 3247 patimini
3305 3172 3507 3247 litteras

311 3240 489 3300 simul
537 3251 874 3302 transmissae
917 3245 1240 3317 pne/initum
1291 3261 1472 3300 veram
1510 3240 1671 3313 ﬁdem
1709 3246 1792 3300 hic
1829 3246 2151 3315 prepositam
2185 3241 2520 3310 conﬁteatur,
2544 3255 2745 3293 errores
2781 3248 2957 3292 autem
2993 3240 3248 3295 indicatos
3284 3243 3507 3297 anathe-

317 3318 566 3369 matizet.

315 3448 412 3518 Τῷ
440 3446 823 3516 εὐλαϐεστάτῳ
859 3446 956 3499 καὶ
1002 3444 1400 3517 θεοφιλεστάτῳ
1434 3444 1827 3516 συλλειτουργῷ

2000 3445 2238 3518 Cyrillus
2268 3454 2324 3500 et
2359 3443 2600 3516 synodus
2628 3458 2698 3500 ex
2724 3442 2940 3515 Egypti
2974 3445 3255 3514 provincia
3278 3445 3510 3501 Alexan-

242 3538 529 3608 Νεστορίῳ
550 3579 566 3602 ,
610 3536 883 3607 Κύριλλος
924 3537 1019 3589 καὶ
1063 3537 1098 3606 ἡ
1137 3535 1465 3589 συνελθοῦσα
1513 3536 1731 3599 σύνοδος
1769 3538 1827 3589 ὲν

256 3629 647 3700 Ἀλεξανδρείᾳ
664 3629 731 3681 ὲκ
753 3629 853 3698 τῆς
884 3628 1263 3697 Αἰγυπτιακῆς
1282 3626 1600 3697 διοικήσεως
1624 3628 1683 3680 ἐν
1709 3628 1827 3679 Κυ-

247 3720 349 3789 ρίῳ
377 3720 622 3789 χαίρειν.

313 3811 421 3864 Τοῦ
448 3809 709 3880 Σωτῆρος
740 3807 899 3878 ἡμῶν
924 3806 1172 3875 λέγοντος
1194 3807 1458 3876 ἐναργῶς
1501 3826 1520 3857 ι
1564 3806 1622 3860 ὐ
1659 3805 1829 3875 φιλῶν

245 3904 458 3974 πατέρα
482 3902 522 3972 ἢ
555 3900 775 3971 μητέρα
806 3898 951 3971 ὑπὲρ
980 3899 1104 3969 ἐμὲ,
1134 3900 1234 3952 οὐκ
1265 3898 1382 3952 ἔστι
1409 3915 1511 3968 μου
1541 3899 1710 3965 ἄξιοςο
1735 3899 1830 3952 καὶ

245 3997 277 4047 ὀ
320 3992 495 4062 φιλῶν
534 3991 656 4044 υἱὸν
685 3989 720 4061 ἢ
762 3990 1033 4060 θυγατέρα
1078 3990 1222 4060 ὑπὲρ
1250 3990 1378 4060 ἐμὲ,
1413 3990 1515 4043 οὐκ
1567 3990 1683 4043 ἔστι
1724 4007 1828 4059 μου

245 4085 391 4150 ἄξιος
416 4101 432 4116 ο
477 4102 501 4134 ›
531 4083 586 4136 τί
613 4080 877 4153 πάθωμεν
905 4084 1088 4153 ἡμεῖς,
1126 4082 1176 4134 οἰ
1206 4082 1354 4151 παρὰ
1380 4081 1479 4151 τῆς
1530 4080 1632 4150 σῆς
1666 4080 1829 4134 εὐλα-

246 4175 398 4238 Gaia;
425 4171 847 4240 ἀπαιτούμενοι,
877 4172 939 4224 τὸ
987 4172 1353 4244 ύπεραγαπᾷν
1384 4189 1444 4225 σε
1483 4171 1578 4227 τοῦ
1611 4172 1828 4225 πάντων

244 4266 409 4336 ἡμῶν
430 4266 693 4335 Σωτῆρος
709 4261 947 4333 Χριστοῦ
971 4278 987 4327 ;
1008 4262 1105 4325 Τίς
1131 4263 1277 4332 ἡμᾶς
1303 4264 1361 4317 ὲν
1381 4260 1564 4335 ἡμέρᾳ
1596 4268 1829 4339 κρίσεως

245 4358 437 4429 ὀνῆσαι
488 4357 819 4427 δυνήσεται,
868 4354 901 4424 ἦ
955 4353 1114 4407 ποίαν
1162 4355 1469 4426 εὑρήσομεν
1498 4359 1827 4428 ἀπολογίαν,

248 4448 463 4518 σιωπὴν
480 4445 633 4498 οὕτω
656 4443 989 4514 τιμήσαντες
1011 4444 1111 4515 τὴν
1137 4446 1375 4515 μακρὰν,
1410 4447 1501 4498 ἐπὶ
1531 4450 1651 4512 ταῖς
1678 4450 1830 4521 παρὰ

251 4536 347 4589 σοῦ
373 4533 704 4605 γενομέναις
733 4533 853 4584 κατ’
885 4531 1051 4597 αὐτοῦ
1094 4532 1427 4605 δυσφημίαις
1453 4553 1467 4602 ;
1499 4538 1608 4592 Καὶ
1645 4540 1694 4592 εἰ
1730 4540 1829 4610 μὲν

248 4626 447 4679 σαυτὸν
472 4624 687 4693 ἠδίκεις
726 4623 909 4693 μόνον,
933 4625 1003 4677 τὰ
1027 4624 1257 4679 τοιαῦτα
1299 4628 1513 4697 φρονῶν
1558 4630 1651 4682 καὶ
1682 4629 1829 4683 διδά-

250 4717 623 4787 σων.ῆττων
646 4716 713 4768 ἂν
738 4711 807 4785 ἦν
822 4718 857 4785 ή
876 4716 1116 4786 φροντίς⁹
1144 4717 1331 4788 ἐπειδὴ
1358 4718 1418 4771 δὲ
1437 4721 1614 4773 πᾶσαν
1636 4722 1830 4775 ὲσκαν-

1934 3536 2066 3592 driaa
2088 3543 2414 3608 congregata
2452 3535 2705 3625 Nestorio
2724 3534 3136 3606 religiosissime
3154 3535 3508 3606 piissimoquc

1934 3643 2214 3683 sacrorum
2239 3626 2615 3682 comministro
2638 3626 2693 3680 in
2717 3626 2950 3680 Domino
2972 3626 3224 3683 salutem.

2001 3820 2141 3876 Cum
2166 3820 2412 3875 Salvator
2439 3825 2628 3872 noster
2653 3815 2857 3872 diserte
2879 3817 3202 3886 pronuntiet
3228 3817 3272 3849 ³⁸
3309 3835 3321 3870 :
3362 3837 3380 3869 ι
3404 3817 3506 3885 Qui

1934 3918 2081 3965 amat
2099 3918 2309 3980 patrem
2331 3917 2425 3963 aut
2447 3916 2678 3962 matrem
2707 3906 2833 3977 plus
2849 3921 3015 3977 quam
3041 3922 3150 3972 me,
3171 3922 3285 3963 non
3307 3916 3396 3964 est
3420 3923 3509 3964 me

1934 3998 2134 4069 dignus
2155 4040 2170 4062 ,
2192 4005 2250 4051 et
2265 3997 2360 4067 qui
2402 4005 2548 4050 amat
2583 3995 2756 4049 filium
2777 4004 2872 4050 aut
2888 3994 3055 4050 filiam
3078 3997 3377 4067 plusquam
3398 4013 3510 4060 me,

1933 4104 2044 4146 non
2069 4100 2154 4145 est
2192 4104 2279 4143 me
2317 4087 2551 4158 dignus;
2582 4106 2602 4139 ›
2647 4086 2780 4156 quid
2808 4086 2971 4141 nobis
2992 4085 3104 4151 ﬁet,
3125 4102 3157 4141 a
3178 4087 3381 4156 quibus
3417 4098 3508 4144 tua

1934 4182 2109 4252 pietas
2150 4194 2318 4249 supra
2354 4177 2635 4233 Christum
2680 4175 2927 4231 omnium
2968 4175 3307 4233 Salvatorem
3348 4176 3503 4247 diligi

1933 4270 2205 4341 postulat?
2229 4268 2362 4335 Quis
2378 4267 2433 4321 in
2446 4266 2536 4332 die
2546 4264 2740 4337 judicii
2757 4264 2917 4319 nobis
2935 4264 3387 4333 patrocinabitur,
3408 4271 3504 4319 aut

1934 4362 2149 4431 qualem
2169 4368 2299 4414 tunc
2310 4357 2717 4414 excusationem
2734 4355 3194 4425 inveniemus,qui
3211 4363 3360 4410 tanto
3378 4362 3511 4410 tem-

1932 4464 2067 4520 pore
2081 4450 2300 4505 silentio
2318 4454 2653 4509 utentes,tua
2669 4446 2761 4500 illa
2782 4444 3297 4515 maledicta,quibus
3312 4444 3365 4498 in
3382 4458 3509 4500 eum

1936 4541 2205 4609 invasisti,
2229 4537 2729 4596 dissimulavimus?
2754 4536 2910 4604 Quod
2935 4536 3004 4600 si,
3029 4536 3158 4591 dum
3190 4536 3308 4590 haec
3338 4533 3512 4589 sentis

1934 4644 1991 4690 et
2032 4633 2218 4697 doces,
2264 4633 2501 4702 teipsum
2553 4627 2931 4685 tantummodo
2968 4628 3214 4692 laederes,
3258 4624 3511 4682 fortassis

1935 4728 2117 4782 minor
2142 4740 2245 4780 nos
2268 4722 2581 4779 sollicitudo
2611 4727 2856 4787 teneret;
2880 4728 2937 4775 at
2963 4718 3091 4789 quia
3125 4727 3291 4773 totam
3316 4716 3509 4772 Eccle-

244 4807 475 4871 δάλισας
511 4806 860 4877 Ἐκκλησίαν,
894 4808 986 4859 καί
1009 4807 1187 4878 ζύμην
1217 4809 1484 4879 αἱρέσεως
1508 4812 1707 4882 ἀήθους
1735 4814 1827 4866 καὶ

1931 4819 2068 4874 siam
2108 4816 2348 4887 graviter
2376 4812 2672 4877 offendisti,
2700 4827 2765 4867 ac
2795 4827 2904 4867 non
2940 4812 3009 4866 iis
3042 4808 3206 4864 modo
3233 4809 3327 4879 qui
3359 4807 3506 4863 Con-

243 4897 423 4967 ξένης
454 4897 795 4970 ἐμϐέϐληκας
830 4900 945 4961 τοῖς
991 4898 1159 4962 λαοῖςο
1193 4901 1289 4953 καὶ
1329 4902 1451 4971 οὐχὶ
1496 4906 1609 4966 τοῖς
1653 4904 1829 4957 ἐκεῖσε

248 4990 425 5061 μόνον
454 5000 504 5052 ⁸,
536 4990 666 5043 ἀλλὰ
693 4992 805 5062 γὰρ
834 4990 932 5044 καὶ
962 4992 1073 5054 τοῖς
1115 4991 1431 5062 ἅπανταχοῦ
1472 4993 1830 5065 (περιηνέχθη

246 5080 364 5134 nino
390 5081 507 5133 σῶν
527 5081 844 5152 ἐξηγήσεων
888 5080 960 5134 τὰ
989 5080 1166 5151 βιϐλία
1189 5083 1206 5151 )
1233 5102 1245 5114 ·
1277 5087 1427 5148 ποῖος
1453 5085 1533 5138 ἔτι
1561 5086 1669 5138 τῶν
1699 5086 1830 5157 παρ’

246 5171 389 5239 ἡμῖν
431 5170 646 5239 nuntii;
676 5170 695 5209 ί
738 5172 963 5242 ἀρκέσει
994 5173 1170 5241 λόγος.
1238 5175 1270 5244 ἢ
1316 5176 1435 5239 πῶς
1469 5177 1570 5230 οὐκ
1614 5178 1829 5248 ἀνάγκη

249 5259 569 5331 μεμνῆσθαι
609 5259 703 5313 τοῦ
744 5262 982 5332 Χριστοῦ
1023 5262 1290 5332 λέγοντοςσ
1344 5285 1363 5316 ι
1402 5267 1496 5336 Μὴ
1534 5268 1829 5337 νομίσητε,

327 5416 371 5447 ³³⁸
400 5414 595 5469 Matth.
635 5430 689 5477 ι,
716 5413 805 5469 37.

1935 4907 2290 4977 stantinopoli
2324 4914 2633 4969 versantur,
2672 4918 2828 4958 novae
2860 4901 3200 4969 insolitaeque
3234 4900 3509 4955 haereseos

1935 5000 2288 5060 fermentum,
2328 4996 2424 5052 sed
2458 4996 2716 5051 omnibus
2746 4994 2928 5050 ubivis
2974 4992 3220 5050 locorum
3260 4990 3510 5062 degenti~

1936 5091 2042 5146 bus
2073 5088 2320 5161 objccisti
2355 5087 2841 5159 (circumferuntur
2872 5083 3018 5140 enim
3050 5084 3252 5155 passim
3288 5091 3508 5138 tuarum

1936 5196 2237 5252 exegeseon
2262 5179 2478 5250 libelli),
2502 5194 2642 5249 quae.
2668 5178 2919 5240 obsecro,
2949 5175 3127 5231 oratio
3155 5175 3376 5233 silentio
3406 5187 3509 5228 no-

1937 5279 2055 5326 stro
2093 5269 2440 5325 defendendo
2482 5269 2614 5324 satis
2654 5268 2850 5325 idonea
2893 5267 3219 5338 reperietur,
3255 5265 3370 5339 σε
3409 5271 3507 5319 aut

1314 5508 1487 5563 Varia:
1512 5510 1776 5568 lectiones
1799 5514 2004 5570 codicis
2026 5516 2389 5587 Segnicriani.

331 5633 355 5662 ο
388 5623 590 5692 μόνοις.
679 5620 849 5687 (ταῖς
888 5623 1018 5694 παρ’
1062 5621 1217 5692 ἡμῶν
1274 5626 1530 5686 σιωπαῖς.

496 5718 748 5778 Parum.
813 5718 930 5779 Gn.
976 5718 1120 5778 LXX
1134 5717 1259 5777 VII.
