4028 6208
417 316 526 373 107

1415 291 1473 344 S.
1512 282 1788 344 CYRlLLl
1826 274 2295 336 ALEXANDRINI
2340 271 2651 329 ARCHIEP.

3580 257 3684 314 108

422 427 701 505 quomodo
728 415 997 480 sermonis
1016 413 1225 471 Christi
1263 420 1538 466 memores
1562 418 1685 459 esse
1705 416 1816 456 non
1847 406 2002 468 pete-
2034 449 2035 455 η

2135 411 2188 446 τι
2218 388 2382 463 ἦλθον
2417 390 2599 461 βαλεῖν
2634 387 2728 440 ἐπὶ
2768 385 2868 455 τὴν
2897 383 3000 454 γῆν
3028 380 3273 451 εἰρήνην,
3313 377 3451 431 ἀλλά
3482 377 3683 448 μάχαι-

2154 504 2171 505 ,,
2230 500 2243 505 -
2271 480 2475 505 «mn--.
2514 480 2620 505 --.ιω
2646 478 2855 505 sua--.
2883 474 3165 505 z..a-.-.......
3196 469 3338 505 ...ηδ
3358 468 3451 505 ...ηπ
3479 469 3683 505 mn...»

425 521 635 579 rimus?
671 539 689 568 ι
718 517 839 571 Non
877 508 1101 583 putetis,
1131 503 1331 573 inquit,
1356 498 1503 569 quod
1534 508 1725 567 pacem
1756 488 2001 545 venerim

416 614 646 668 mittere
667 620 833 676 super
854 611 1080 660 terram,
1108 594 1205 649 sed
1231 590 1492 663 gladium.
1518 586 1656 642 Veni
1679 582 1827 639 enim
1859 578 2003 635 divi-

412 706 558 762 ‘dere
581 699 861 756 hominem
885 698 1076 747 contra
1098 695 1311 757 patrem
1340 695 1521 742 suum,
1545 686 1601 732 et
1622 676 1788 730 filiam
1814 678 2006 727 contra

425 806 660 852 matrem
684 803 839 845 suam
868 786 964 838 ³⁷.)
984 780 1146 836 Certe
1172 776 1217 832 si
1247 775 1382 830 ﬁdes
1401 772 1656 833 violatur,
1679 763 1860 821 omnis
1884 777 2005 816 om-

428 891 559 945 nino
604 896 736 953 erga
778 881 1039 949 parentes
1082 865 1388 924 reverentia
1430 873 1688 930 tanquam
1730 854 1913 910 inanis
1950 860 2007 907 et

427 944 737 1053 periculosa
759 944 966 1033 valeat;
999 965 1229 1019 facessat
1251 960 1341 1013 lex
1366 955 1454 1009 illa
1478 950 1681 1007 amoris
1711 961 1839 1018 erga
1865 944 2006 999 libe-

429 1089 521 1128 ros
553 1078 618 1125 et
662 1068 862 1122 fratres
899 1079 911 1115 :
948 1057 1078 1129 quia
1117 1053 1257 1108 mori
1305 1049 1494 1118 utique
1538 1044 1710 1098 satius
1774 1047 1859 1095 est
1902 1036 2010 1108 piis

418 1177 595 1233 'quam
638 1158 846 1219 vivere,
884 1170 901 1203 ι
939 1158 999 1204 ut
1034 1145 1339 1204 meliorem,
1377 1156 1396 1190 ι
1443 1135 1587 1191 sicut
1612 1132 1877 1202 scriptum
1901 1135 2007 1191 est,

440 1277 457 1306 ι
491 1250 775 1309 inveniant
803 1238 1261 1299 resurrectionem
1287 1232 1352 1284 ³⁸.
1384 1248 1402 1281 ι

500 1342 645 1401 Ecce
662 1342 836 1412 igitur
857 1352 962 1391 una
984 1346 1107 1387 cum
1130 1334 1317 1382 sancta
1340 1320 1568 1394 synodo,
1592 1332 1714 1389 quae
1738 1316 1793 1370 in
1816 1328 2012 1384 magna

433 1442 805 1493 Romanorum
836 1427 1075 1486 civitate,
1101 1417 1447 1475 sanctissimo
1470 1422 1526 1467 et
1550 1405 2015 1466 reverendissimo

430 1531 695 1601 episcopo
738 1524 905 1577 fratre
952 1532 1015 1571 ac
1060 1510 1441 1567 comministro
1491 1512 1681 1560 nostro
1718 1498 2016 1556 Caelestino

440 1621 785 1694 praesidente,
820 1608 1101 1671 convenit,
1126 1607 1236 1677 jam
1267 1600 1431 1657 tertio
1460 1597 1548 1652 his
1582 1606 1632 1651 te
1664 1592 1862 1649 litteris
1883 1605 2016 1645 eon-

438 1724 702 1769 testamur
727 1716 783 1760 et
807 1704 1170 1763 obtestamur,
1194 1704 1256 1751 ut
1277 1694 1565 1749 consilium
1587 1696 1834 1743 nostrum
1863 1696 2019 1737 secu-

434 1819 545 1868 tus,
571 1818 600 1856 a
635 1796 851 1855 stolidis
873 1795 983 1849 illis
1010 1788 1373 1857 absurdisque
1397 1780 1764 1855 dogmatibus,
1790 1790 1911 1845 qua:
1934 1772 2018 1826 fo-

430 1910 532 1950 ‘wes
566 1890 892 1963 publiceque
917 1885 1104 1945 doces,
1131 1878 1439 1939 abstineas,
1481 1872 1755 1938 ﬁdemque
1789 1872 2016 1925 rectam,

432 1996 493 2041 et
511 1958 623 2055 jam
654 1981 783 2036 inde
806 1958 881 2032 ab
912 1973 1072 2030 initio
1096 1986 1195 2041 per
1219 1974 1437 2022 sanctos
1473 1958 1752 2032 apostolos
1772 1962 1829 2009 et
1852 1966 2021 2006 evan-

439 2076 683 2148 gelistas,
708 2070 803 2142 qui
826 2067 981 2123 verbi
996 2059 1339 2134 spectatores
1362 2064 1419 2111 et
1441 2049 1681 2108 ministri
1705 2047 1931 2102 fuerunt
1953 2041 2020 2103 ³⁸,

439 2162 705 2222 Ecclesiis
735 2158 991 2214 traditam
1030 2133 1350 2207 reverenter
1387 2140 1673 2210 suscipias.
1706 2133 1862 2202 Quod
1894 2144 2025 2185 sane

434 2258 546 2313 nisi
583 2258 739 2327 juxta
772 2262 990 2318 tempus
1030 2246 1087 2299 in
1123 2239 1323 2295 litteris
1353 2231 1636 2292 Coelestini
1672 2221 2026 2283 sacratissimi

440 2341 1001 2410 reverendissimique
1025 2333 1211 2390 fratris
1236 2339 1292 2387 et
1317 2320 1682 2384 eomministri
1718 2316 1893 2373 nostri
1920 2313 2029 2368 Βοι-

404 2434 409 2441 ’
442 2453 734 2498 manorum
770 2430 1016 2504 episcopi
1056 2436 1376 2496 expressum
1413 2415 1855 2489 praafinitumque
1884 2420 2028 2477 prae-

444 2531 838 2593 stiteris,certo
861 2499 1003 2579 scias
1025 2518 1229 2574 nullam
1259 2512 1356 2567 tibi
1381 2510 1643 2577 deinceps
1666 2518 1791 2558 eum
1815 2499 2028 2569 episco-

447 2717 661 2773 nullum
687 2708 926 2779 denique
950 2706 1097 2759 inter
1118 2715 1214 2756 eos
1244 2700 1425 2753 locum
1459 2692 1708 2747 futurum
1747 2697 1889 2739 esse.
1921 2679 2035 2736 Nec

445 2808 596 2865 enim
620 2802 740 2859 ﬁeri
766 2769 970 2871 potest,
994 2802 1057 2849 ut
1079 2805 1182 2846 nos
1203 2784 1478 2843 Ecclesias
1504 2777 1773 2838 turbatas,
1800 2769 2036 2843 populos

444 2899 712 2960 'oﬁ‘ensos,
737 2860 902 2947 fidem
924 2892 1132 2941 rectam
1154 2878 1561 2935 labefactatam,
1585 2879 1808 2940 gregem
1830 2860 2036 2918 Christi

448 2946 791 3061 negligamus
822 2978 1023 3033 misere
1054 2972 1155 3027 abs
1189 2976 1241 3023 te
1278 2966 1625 3033 dissipatum,
1655 2955 1750 3026 qui
1784 2952 1961 3014 illum,
1990 2946 2036 3003 si

452 3080 677 3153 quidem
710 3069 936 3146 perinde
964 3082 1029 3123 ac
1058 3079 1161 3119 nos
1197 3067 1363 3115 rectae
1399 3052 1527 3109 fidei
1567 3046 1877 3105 doctrinam
1902 3057 2034 3097 con-

452 3135 654 3232 sectari
688 3135 1115 3230 sanctorumque
1148 3156 1374 3212 Patrum
1405 3147 1666 3219 pietatem
1696 3135 1943 3195 aemulari
1965 3135 2036 3189 li-

456 3267 689 3329 buisset,
717 3255 925 3328 alioqui
967 3250 1242 3306 debueras
1288 3252 1635 3298 conservare.
1680 3233 1869 3301 Itaque
1912 3241 2037 3282 cum

458 3357 737 3419 omnibus,
763 3326 880 3406 tum
924 3340 1162 3405 clericis,
1197 3345 1315 3391 tum
1338 3330 1494 3390 laicis
1538 3339 1779 3398 quoque,
1804 3335 1944 3391 quos
1983 3326 2042 3372 tu

458 3455 685 3524 propter
718 3443 882 3500 ﬁdem
928 3424 1419 3493 excommunicasti
1449 3422 1537 3477 vel
1569 3417 1762 3475 ordine
1799 3409 2041 3474 movisti,

461 3504 516 3524 τ-
536 3504 587 3522 ί.

456 3534 1006 3600 communicavimus.
1040 3523 1197 3581 Haud
1222 3520 1371 3576 enim
1401 3531 1501 3587 par
1531 3519 1652 3568 erat
1678 3522 1806 3571 eos,
1828 3504 1927 3577 qui
1960 3517 2048 3557 re-

461 3646 610 3693 ctam
632 3630 796 3687 fidem
818 3634 1008 3682 tenere
1032 3616 1366 3675 maluerunt,
1390 3608 1461 3687 ob
1482 3605 1727 3674 iniquam
1749 3608 1899 3653 tuam
1924 3609 2049 3650 sen-

458 3726 692 3785 tentiam
732 3717 1127 3776 detrimentum
1167 3700 1390 3775 aliquod
1425 3698 1561 3771 pati,
1589 3695 1662 3751 ob
1696 3692 1752 3747 id
1784 3687 2049 3745 nimirum

460 3817 612 3890 quod
635 3822 782 3870 recte
810 3806 1112 3865 sentientes
1147 3807 1254 3854 tua:
1291 3791 1557 3850 doctrinae
1578 3782 1833 3843 assentiri
1854 3779 2049 3835 nolue-

466 3869 617 3966 runt.
650 3869 788 3962 ﬁam
821 3908 877 3957 et
908 3897 1075 3968 hujus
1108 3901 1330 3962 quoque
1367 3872 1833 3939 exauctorationis
1859 3870 1916 3926 in
1935 3869 2053 3940 epi-

462 4001 605 4059 stola
642 4009 809 4068 quam
841 3990 910 4047 ad
930 3959 1142 4057 magnae
1157 3982 1344 4035 Roma
1367 3968 1773 4030 sanctissimum
1792 3970 1848 4017 et
1865 3959 2052 4029 coepi-

462 4051 695 4161 scopum
728 4092 978 4142 nostrum
1008 4051 1372 4133 émlestinum
1407 4059 1714 4132 scripsisti,
1738 4054 1800 4110 ﬁt
1823 4051 2051 4107 mentio.

460 4141 739 4242 Caeterum
759 4175 985 4232 minime
1004 4178 1089 4225 sat
1104 4165 1209 4221 erit
1228 4162 1275 4218 si
1292 4154 1598 4217 reverentia
1618 4160 1712 4207 tua
1729 4147 1906 4203 solum
1927 4141 2054 4198 ﬁdei

469 4233 801 4346 svmb-olum,
827 4261 973 4333 quod
1012 4275 1041 4312 a
1062 4268 1255 4325 magna
1278 4251 1369 4305 illa
1392 4244 1601 4317 synodo
1633 4255 1753 4311 qua:
1772 4238 1828 4293 in
1847 4233 2056 4305 Spiritu

476 4372 665 4423 sancto
688 4359 801 4433 69
836 4357 893 4411 in
928 4352 1067 4408 urbe
1087 4347 1267 4403 Nicaea
1289 4339 1565 4414 quondam
1587 4331 1865 4397 convenit,
1886 4341 2056 4398 expo-

470 4459 642 4513 situm
658 4422 763 4515 esvt,
782 4444 1070 4503 nobiscum
1087 4434 1433 4493 conﬁteatur.
1450 4426 1588 4483 Nam
1610 4422 1713 4479 etsi
1732 4433 1866 4474 voce
1899 4426 2061 4473 tenus

477 4689 648 4799 retine
689 4689 1085 4791 interpretaris.
1125 4709 1330 4764 Verum
1377 4710 1576 4774 praeter
1605 4699 1711 4753 hoc
1741 4689 2054 4749 addendum

479 4787 620 4875 illud
641 4821 746 4878 est,
775 4787 1065 4877 ut—scripto
1099 4816 1164 4856 ac
1185 4792 1543 4870 jurejurando
1569 4787 1805 4845 afﬁrmes
1832 4793 1884 4839 te
1913 4796 2057 4852 pra:-

481 4918 634 4965 terea
655 4874 1117 4961 anathematizare
1137 4906 1259 4963 quae
1289 4887 1519 4943 sceleste
1542 4889 1598 4937 et
1625 4878 1852 4951 profane
1875 4874 2059 4929 hacte-

484 5012 588 5056 nus
614 4993 860 5059 sensisti,
889 5000 946 5047 et
972 5005 1038 5045 ea
1074 4996 1296 5040 rursum
1331 4975 1559 5048 posthac
1591 4981 1644 5027 te
1679 4980 1969 5026 sensurum
2004 4968 2063 5019 et

486 5093 780 5146 docturum
820 5082 1138 5155 polliceare,
1174 5087 1293 5143 quae
1324 5077 1382 5123 et
1410 5079 1513 5120 nos
1556 5071 1614 5117 et
1655 5059 1839 5116 caeteri
1877 5068 2069 5110 omnes

486 5183 759 5252 quotquot
782 5142 872 5228 vel
895 5172 950 5225 in
976 5142 1271 5225 Occidente
1290 5156 1379 5213 vel
1398 5155 1455 5209 in
1474 5150 1699 5207 Oriente
1730 5148 1925 5202 vivunt
1946 5142 2065 5214 epi-

1301 5261 1426 5305 rum
1462 5243 1651 5299 duces.
1693 5238 1773 5294 Ad
1804 5195 2035 5307 epistoia

2168 5195 2420 5300 ἐχούσαις
2455 5195 2553 5276 καὶ
2583 5214 2998 5285 ἀνεπιλήπτως,
3026 5208 3143 5270 ταῖς
3172 5199 3500 5274 γραφείσαις
3523 5195 3750 5247 ἐπιστο-

2802 5304 2895 5307 ηρ
3166 5297 3178 5307 .
3250 5295 3277 5307 ..
3351 5290 3431 5307 ..κ
3460 5280 3750 5307 ,.___._1,_,

1372 5280 1426 5302 ιι.
1462 5280 1651 5299 ww...
1693 5280 1773 5294 ..μ
1806 5280 2035 5307 Ἴρην--

1366 5334 1666 5398 exandriua
1706 5328 1952 5387 Ecclesia
1997 5341 2035 5380 at

2314 5280 2451 5388 πρδς
2480 5312 2580 5384 τὴν
2609 5310 2707 5382 σὴν
2734 5280 3017 5361 εὐλάϐειαν
3044 5297 3195 5371 παρὰ
3216 5295 3314 5367 τῆς
3351 5280 3751 5356 Ἀλεξανδρέων

486 5269 660 5340 scopi,
696 5267 953 5322 doctores
991 5275 1057 5316 ac
1095 5252 1299 5329 populo

488 5378 655 5439 porro
686 5359 837 5431 quod
874 5355 1093 5419 attinet,
1129 5362 1270 5420 quas
1300 5342 1363 5400 Al

561 5542 601 5573 ’τ
637 5535 829 5594 Matth.
858 5550 914 5599 ι,
941 5531 1033 5595 54,
1061 5529 1148 5584 35.
1222 5522 1266 5557 ³⁸
1290 5522 1459 5580 Hebr.
1488 5534 1564 5583 ιι,
1594 5515 1685 5570 ⁸55.
1760 5511 1803 5543 ³⁹
1830 5508 1965 5562 Luc.
1998 5521 2039 5570 t,
2060 5502 2113 5558 2.

2109 504 2208 556 ραν
2230 500 2243 514 °
2271 480 2475 537 Ἦλθον
2513 480 2624 551 γὰρ
2645 478 2858 549 διχάσαι
2881 474 3165 547 ἄνθρωπον
3196 469 3340 524 κατὰ
3358 468 3451 523 τοῦ
3479 469 3683 538 πατρὸς

2106 572 2293 638 αὐτοῦ,
2324 573 2418 625 καὶ
2445 569 2723 640 θυγατέρα
2750 565 2895 619 κατά
2917 565 3018 634 τῆς
3044 560 3248 633 μητρὸς
3287 559 3493 630 αὐτῆς
3527 578 3546 610 ι
3585 560 3685 612 Πί-

2108 681 2278 727 στεως
2311 663 2421 735 γάρ
2448 658 2832 729 ἀδικουμένης,
2875 654 3086 726 ἐρρέτω
3118 652 3243 723 μὲν,
3282 652 3357 714 ὡς
3389 649 3559 714 ἕωλος
3594 651 3689 703 καὶ

2110 753 2437 824 ἐπισφαλὴς,
2464 753 2498 823 ἡ
2527 750 2664 821 πρὸς
2700 748 2894 817 γονέας
2926 743 3109 807 αἰδώς·
3151 743 3430 815 ἠρεμείτω
3455 740 3514 795 δὲ
3543 742 3638 795 καὶ
3660 743 3691 794 ὀ

2107 846 2207 915 τῆς
2242 846 2323 907 είς
2350 843 2516 896 τέκνα
2546 841 2640 894 καὶ
2672 837 2936 907 ἀδελφοὺς
2967 834 3353 906 φιλοστοργίας
3385 833 3569 903 νόμος,
3595 834 3692 885 καὶ

2109 937 2204 991 τοῦ
2238 935 2336 1007 ζῇν
2366 934 2604 1005 ἀμείνων
2636 932 2778 984 ἔστω
2802 932 2826 971 8
2855 929 3041 984 λοιπὸν
3072 930 3186 991 τοῖς
3220 923 3505 979 εὐσεσέσιν
3533 925 3562 977 ὀ
3591 924 3691 977 θά-

2111 1046 2287 1093 νατος,
2325 1047 2345 1079 ι
2381 1028 2466 1082 ἵνα
2506 1024 2816 1096 κρείττονος
2849 1020 3202 1083 ἀναστάσεως
3224 1017 3451 1087 τύχωσι,
3492 1034 3511 1067 ι
3547 1014 3697 1068 κατά

2113 1122 2175 1177 τὸ
2218 1118 2636 1191 γεγραμμένον.

2199 1276 2332 1332 Ἰδοὺ
2364 1275 2545 1329 τοίνυν
2592 1273 2713 1343 ἅμα
2743 1274 2810 1341 τῇ
2856 1269 2989 1339 ἁγίᾳ
3035 1265 3258 1336 συνόδῳ,
3293 1265 3360 1335 τῇ
3411 1263 3553 1316 κατὰ
3596 1252 3699 1330 τὴν

2121 1370 2363 1444 μεγάλην
2414 1366 2636 1437 Ῥώμην
2674 1360 3085 1431 συνειλεγμένη,
3138 1355 3561 1430 προεδρεύοντος
3600 1351 3699 1404 τοῦ

2117 1462 2415 1518 ὀσιωτάτου
2436 1459 2529 1513 καὶ
2553 1454 2969 1510 θεοσεϐεστάτου
2992 1447 3220 1518 ἀδελφοῦ
3242 1449 3337 1502 καὶ
3358 1445 3700 1513 συλλειτουρ-

2120 1556 2219 1626 γοῦ
2252 1553 2411 1626 ήμῶν
2442 1549 2765 1605 Κέλεστίνου
2800 1545 2894 1599 τοῦ
2927 1542 3252 1604 ἐπισκόπου,
3287 1540 3384 1593 καὶ
3413 1536 3583 1607 τρίτῳ
3616 1551 3701 1587 σοι

2120 1648 2296 1718 τούτῳ
2336 1638 2828 1715 διαμαρωρόμεθα
2874 1635 3195 1707 γράμματι,
3243 1626 3704 1701 συμϐουλεύοντες

2049 1750 2092 1804 Β
2122 1737 2456 1809 ἀποσχέσθαι
2487 1736 2585 1806 μὲν
2609 1732 2717 1785 τῶν
2745 1728 2887 1783 οὕτω
2910 1724 3116 1780 σκαιῶν
3139 1724 3233 1776 καὶ
3254 1718 3704 1790 διεστραμμένων

2122 1807 2432 1903 δογμάτων,
2462 1827 2498 1882 ἀ
2545 1826 2639 1880 καὶ
2668 1822 2886 1895 φρονεῖς
2919 1819 3015 1872 καὶ
3052 1815 3349 1877 διδάσκεις,
3381 1807 3703 1866 ἀνθελέσθαι

2122 1898 2307 1994 δὲτὴν
2334 1921 2502 1993 ὀρθὴν
2535 1918 2738 1981 πίστιν,
2778 1914 2877 1985 τὴν
2911 1912 3033 1974 ταῖς
3072 1903 3424 1975 Ἐκκλησίαις
3457 1898 3704 1971 παραδο-

2125 1991 2313 2071 θεῖσαν
2344 1991 2404 2078 ὲτξ
2427 2011 2602 2081 ἀρχῆς
2628 2007 2715 2061 διὰ
2744 2005 2852 2060 τῶν
2885 2002 3057 2072 ἁγίων
3085 1996 3397 2053 ἀποστόλων
3418 1994 3512 2047 καὶ
3539 1991 3708 2061 εὐαγο

2126 2107 2409 2179 γελιστῶν.
2450 2102 2498 2157 οἳ
2534 2102 2628 2155 καὶ
2660 2097 2927 2154 αὐτόπται
2975 2092 3072 2148 καέι
3101 2087 3376 2160 ὑπηρέται
3412 2083 3507 2139 τοῦ
3546 2082 3708 2150 λόγου

2126 2173 2407 2270 γεγόνασι.
2441 2194 2553 2247 Καὶ
2582 2193 2629 2244 εί
2666 2188 2741 2261 μὴ
2768 2185 2928 2241 τοῦτο
2956 2184 3204 2255 δράσειεν
3249 2180 3284 2249 ἡ
3313 2177 3381 2249 σὴ
3421 2173 3699 2239 εὐλάϐεια,

2128 2265 2272 2346 κατά
2303 2288 2400 2358 τὴν
2438 2282 2752 2355 ὁρισθεῖσαν
2785 2274 3126 2349 προθεσμίαν
3156 2273 3215 2325 ὲν
3253 2270 3368 2331 τοῖς
3412 2265 3713 2337 γράμμασι

2128 2383 2222 2438 τοῦ
2282 2354 2748 2450 μνημονευθέντος
2790 2366 3089 2425 ὀσιωτάτου
3149 2362 3245 2417 καὶ
3286 2354 3715 2413 θεοσεόεστάτου

2128 2446 2490 2544 ἀδελφοῦ-καὶ
2524 2459 2935 2533 συλλειτουργοῦ
2970 2457 3127 2530 ήμῶν
3157 2451 3254 2509 τοῦ
3289 2451 3391 2522 τῆς
3422 2446 3719 2518 Ῥωμαίων

2144 2539 2472 2635 Ἐκκλησίας
2513 2557 2810 2613 ἐπισκόπου
2849 2549 3197 2612 Κελεστίνου,
3241 2545 3477 2616 γίνωσκε
3516 2539 3720 2593 σαυτὸν

2132 2663 2322 2718 οὐδένα
2365 2659 2566 2730 κλῆρον
2610 2654 2803 2725 ἔχοντα
2857 2648 2978 2721 μεθ’
3023 2646 3202 2718 ἡμῶν,
3256 2642 3380 2697 οὐδὲ
3438 2640 3602 2692 τόπον
3682 2635 3718 2705 ἢ

2134 2756 2291 2824 λόγον
2349 2753 2408 2805 ὲν
2458 2729 2569 2809 τοῖς
2624 2743 2829 2817 ἱερεῦσι
2880 2740 2973 2794 τοῦ
3028 2736 3164 2792 Θεοῦ
3212 2735 3309 2790 καὶ
3375 2729 3718 2790 ἐπισκόποις.

2137 2819 2273 2904 Οὐδὲ
2295 2845 2405 2917 γὰρ
2437 2842 2709 2911 ἐνδέχεται
2736 2834 2999 2905 περιϊδεῖν
3030 2830 3179 2901 ἡμᾶς
3219 2822 3545 2893 Ἐκκλησίας
3576 2819 3723 2873 οὕτω

2136 2910 2616 3008 τεθορυϐημένας,
2670 2927 2761 2981 καὶ
2813 2918 3302 2979 σκανδαλισθέντας
3364 2912 3529 2975 λαοὺς
3554 2951 3570 2973 ,
3624 2910 3725 2962 καὶ

2140 3002 2323 3083 πίστιν
2371 3002 2542 3096 ὀρθὴν
2590 3016 2980 3088 ἀθετουμένην,
3028 3011 3122 3066 καὶ
3166 3004 3522 3077 διασπώμενα
3570 3002 3724 3072 παρά

2144 3121 2237 3176 σοῦ
2262 3120 2331 3173 τὰ
2357 3087 2604 3185 ποίμνια,
2636 3110 2731 3164 τοῦ
2774 3087 2969 3171 σώζειν
3005 3101 3316 3173 ὀφείλοντος
3336 3138 3352 3163 ,
3392 3094 3551 3165 εἴπερ
3578 3087 3726 3164 ἦσθα

2144 3212 2263 3269 καθ’
2294 3210 2442 3282 ἡμᾶς
2472 3205 2640 3279 ὀρθῆς
2669 3201 2826 3270 δόξης
2852 3196 3110 3269 ἐραστὴς,
3144 3193 3243 3264 τὴν
3271 3189 3381 3244 τῶν
3408 3186 3577 3256 ἁγίων
3607 3186 3725 3237 Πα-

2143 3276 2645 3378 τέρωνηίχνηλατῶν
2670 3291 2969 3348 εὐσέϐειαν.
3002 3288 3210 3343 ’Ἅπασι
3229 3283 3288 3336 δὲ
3306 3282 3418 3345 τοῖς
3445 3277 3597 3348 παρά
3626 3276 3727 3342 σῆς

2146 3370 2430 3455 εὐλαϐείας
2461 3384 2886 3461 κεχωρισμένοις
2911 3379 2999 3433 διὰ
3024 3377 3122 3449 τὴν
3154 3375 3357 3439 πίστιν,
3389 3371 3422 3442 ἢ
3463 3370 3728 3438 καθαιρε-

2149 3490 2286 3544 θεῖσι
2328 3486 2537 3546 λαῖκοῖς
2570 3497 2631 3533 τε
2664 3478 2758 3532 καὶ
2808 3473 3088 3545 κληρικοῐς
3108 3509 3123 3535 ,
3170 3462 3478 3523 κοινωνικοὶ
3526 3460 3729 3521 πάντες

2149 3579 2336 3653 ἐσμέν.
2369 3576 2447 3631 Οὐ
2469 3574 2580 3645 γάρ
2612 3573 2728 3624 ἐστι
2754 3567 2963 3623 δίκαιον
2986 3564 3114 3626 τοὺς
3147 3558 3285 3631 ὀρθὰ
3311 3556 3527 3628 φρονεῖν
3556 3552 3726 3620 ἔγνω·

2151 3641 2314 3733 κότας
2355 3668 2477 3729 σαῖς
2500 3641 2803 3718 ἀδικεῖσθαι
2823 3657 3047 3728 ψήφοις,
3071 3654 3154 3707 ὅτι
3180 3652 3231 3705 ot
3254 3647 3279 3686 δ
3308 3646 3491 3710 καλῶς
3519 3641 3733 3697 ποιοῦν·

2150 3780 2241 3827 τες
2268 3758 2646 3830 ἀντειρήκασι.
2688 3750 2860 3806 Τοῦτο
2891 3747 3000 3819 γὰρ
3025 3744 3156 3801 αὐτὸ
3183 3739 3649 3813 καταμεμήνυκας
3672 3736 3736 3787 ἐν

2152 3858 2220 3928 τῇ
2249 3827 2508 3922 ἐπιστολῇ
2557 3849 2625 3919 τῇ
2675 3841 2950 3917 γραφείσῃ
2992 3837 3146 3910 παρὰ
3187 3833 3282 3889 σοῦ
3323 3832 3463 3906 πρὸς
3499 3829 3592 3884 τὸν
3632 3827 3737 3899 τῆς

2158 3918 2405 4020 μεγάλης
2444 3918 2669 4012 ’ῥώμης
2703 3934 3009 4006 ἀγιιῖιτατον
3034 3930 3130 3985 καὶ
3149 3926 3547 3982 συνεπίσκοπον
3572 3918 3737 3993 ἡμῶν

2157 4012 2496 4097 ίίελεστῖνον.
2538 4033 2652 4088 Οὐκ
2681 4028 2907 4101 ἀρκέσει
2933 4024 2991 4078 δὲ
3027 4025 3095 4094 τῇ
3126 4023 3192 4091 σῇ
3221 4015 3480 4086 εὐλαϐείᾳ
3514 4012 3575 4068 τὸ
3608 4028 3739 4065 συν·-

2155 4129 2488 4202 ομολογῆσαι
2532 4124 2691 4196 μόνον
2728 4121 2792 4174 τὺ
2824 4120 2923 4190 τῆς
2964 4114 3201 4175 πίστεως
3234 4104 3521 4179 σύμϐολὸν,
3554 4102 3615 4155 τὸ
3639 4102 3740 4154 ὲκ·-

2156 4190 2310 4279 τεθὲν
2324 4190 2466 4273 κατά
2486 4190 2710 4284 καιροὺς
2731 4211 2788 4264 ὲν
2811 4208 2952 4277 ἁγίῳ
2978 4201 3257 4273 Πνεύνματι
3287 4195 3441 4269 παρά
3456 4195 3555 4264 τῆς
3575 4190 3741 4259 ἀγίας

2160 4312 2255 4367 καὶ
2286 4306 2527 4382 μεγάλης
2556 4280 2795 4363 συνόδου,
2824 4296 2924 4366 τῆς
2948 4291 3094 4347 κατά
3123 4288 3350 4360 καιροὺς
3380 4280 3742 4353 συναχθείσης

2091 4414 2135 4471 ι)
2164 4408 2221 4460 ὲν
2367 4370 2652 4454 Νικαέων.
2681 4387 2963 4457 Νενόηκας
2986 4382 3097 4452 γὰρ
3126 4380 3219 4434 καὶ
3249 4378 3602 4451 ήρμήνευσας
3637 4370 3743 4424 οὒκ

2160 4462 2337 4566 ἀρθῶξ
2365 4485 2518 4551 αὐτὸ,
2540 4475 2989 4550 διεστραμμένους
3011 4471 3069 4526 δὲ
3096 4469 3317 4542 μᾶλλον,
3344 4464 3447 4521 κᾶν
3474 4462 3744 4535 ὁμολογῇς

2029 4626 2057 4637 -
2160 4552 2227 4657 τῇ
2262 4552 2414 4654 φωνῇ
2448 4576 2547 4646 τὴν
2577 4572 2744 4639 λέξιν.
2785 4564 2947 4623 Ἀλλά
2973 4562 3083 4635 γὰρ
3120 4557 3411 4615 ἀκόλουθον
3447 4552 3745 4625 ἐγγράφως

2162 4639 2257 4731 κὲἑι
2275 4639 2564 4741 ένωμότως
2587 4660 2943 4735 ὁμολογῆσαι,
2971 4655 3053 4709 ὅτι
3081 4652 3177 4707 καὶ
3197 4644 3615 4717 ἀναθεματίζεις
3643 4639 3747 4711 μὲν

2162 4730 2231 4823 τά
2262 4730 2435 4837 μιαρὰ
2462 4730 2661 4814 σαυτοῖὶ
2695 4753 2790 4808 καὶ
2827 4747 3031 4822 βέϐηλα
3062 4744 3327 4814 δόγμα-ια’
3370 4736 3657 4808 φρονήσεις
3684 4730 3747 4783 δὲ

2165 4823 2274 4916 καὶ.
2290 4823 2521 4920 διδάξεις
2541 4891 2556 4917 ,
2584 4849 2622 4905 ἃ.
2671 4846 2766 4901 καὶ
2816 4843 2976 4913 ἡμεῖς
3009 4838 3209 4898 πάντες
3232 4874 3247 4899 ,
3276 4832 3329 4886 οἵ
3354 4847 3415 4883 τε
3454 4825 3597 4881 κατὰ
3642 4823 3747 4892 τὴν

2178 4915 2448 5021 Ἑσπέραν
2594 4941 2693 5012 τὴν
2723 4936 2901 5007 Ἐᾠαν
2942 4930 3233 4986 ἐπίσκοποι
3252 4967 3267 4992 ,
3291 4923 3387 4978 καὶ
3408 4915 3744 4979 διδάσκαλοι,

2166 5006 2260 5100 καὶ
2303 5006 2451 5096 λαῶν
2493 5006 2809 5108 ἡγούμενοι.
2851 5026 3109 5103 Συνέθεῖο
3150 5020 3206 5074 δὲ
3245 5018 3341 5072 καὶ
3371 5016 3405 5086 ἡ
3452 5011 3594 5067 κατά
3642 5006 3746 5079 τὴν

2177 5098 2400 5205 ’ὝΡώμιην
2424 5098 2559 5198 ἁγία
2591 5098 2836 5185 σόνοδος,
2863 5119 2960 5173 καὶ
2987 5100 3149 5187 ἡμεῖς
3180 5112 3416 5173 ἅπαντες
3432 5146 3447 5171 ,
3471 5104 3546 5167 ὼς
3567 5098 3750 5171 ὀρθῶς

1566 5637 1739 5697 Variae
1765 5632 2028 5691 lectiones
2066 5620 2271 5682 codicis
2294 5609 2652 5687 Seguieriani.

571 5768 597 5807 ι
629 5758 801 5811 ἔσται.
878 5752 907 5791 ιι
935 5747 1036 5801 σοί.
