4028 6208
460 255 570 313 έΗΙ

1498 238 1556 294 S.
1596 235 1872 292 CYRILLI
1913 232 2380 288 ALEXANDRINI
2421 230 2740 286 ARCHIEP.

3635 224 3740 280 H2

466 369 748 445 dignitatis
795 372 1010 421 tantum
1053 367 1111 416 et
1161 355 1508 414 auctoritatis
1552 351 2052 409 communicatione

2157 349 2357 421 μᾶλλον
2390 349 2640 420 ἀλλήλοις
2678 349 2744 418 τῆ
2771 345 2866 412 τῆς
2897 344 3054 412 ἀξίας
3081 343 3176 398 καὶ
3208 339 3498 403 αὑθεντίας
3531 338 3740 408 ἐνότητι

470 440 612 520 inter
635 476 696 517 se
733 457 1122 514 consocientur
1154 452 1282 519 (hoc
1315 447 1466 505 enim
1505 446 1710 507 dicere,
1735 442 1872 496 nihil
1902 440 2051 494 aliud

463 567 736 625 estquam
762 552 982 607 inanem
1005 544 1302 618 quamdam
1324 555 1525 596 vocum
1549 536 1846 592 novitatem
1872 533 2053 602 inepte

465 640 868 720 profundere);
913 654 1095 709 neque
1137 637 1278 691 duos
1324 629 1714 689 constituimus
1765 625 2046 680 Christos:

462 719 700 799 alterum
745 755 846 810 per
893 752 952 792 se
999 749 1066 789 ae
1113 743 1362 787 seorsum
1413 725 1509 780 Dei
1550 722 1727 777 Patris
1778 719 2049 781 Verbum,

462 837 700 892 alterum
727 833 881 885 illum
906 841 1098 882 rursus
1118 835 1386 880 seorsum,
1410 817 1504 887 qui
1539 830 1605 869 ex
1624 811 1857 866 muliere
1895 818 2057 862 natus

465 937 580 992 est;
610 925 706 981 sed
736 937 908 978 unum
945 920 1211 973 duntaxat
1243 913 1524 968 Christum
1565 905 1932 977 agnoscimus,
1958 899 2053 953 Dei

466 1002 729 1072 videlicet
755 1013 933 1069 Patris
952 1009 1192 1066 Verbum
1223 1018 1346 1058 cum
1372 1015 1558 1063 carne,
1587 1013 1752 1068 quam
1774 993 2055 1065 propriam

467 1111 574 1166 sibi
614 1109 828 1163 ascivit.
867 1105 1024 1158 Tune
1057 1113 1117 1154 ut
1149 1099 1336 1156 homo,
1371 1093 1659 1148 nobiscum
1717 1095 1914 1142 unctus
1951 1090 2055 1147 est,

467 1218 593 1258 cum
627 1211 807 1255 tamen
850 1198 965 1266 ipse
1003 1193 1075 1248 sit
1106 1190 1199 1260 qui
1232 1186 1499 1258 Spiritum
1529 1183 1622 1236 dat
1649 1197 1758 1235 non
1797 1175 2057 1246 indignis,

480 1297 648 1364 idque
677 1309 787 1347 non
845 1289 911 1343 ad
967 1297 1302 1344 mensuram,
1357 1289 1415 1332 ut
1475 1278 1672 1331 beatus
1727 1267 2061 1338 evangelista

469 1389 715 1443 Joannes
777 1391 1008 1436 testatur
1045 1380 1110 1431 “.
1182 1373 1290 1429 Sed
1333 1385 1511 1440 neque
1572 1368 1668 1422 Dei
1733 1363 1969 1418 Verbum
2006 1350 2062 1412 in

473 1495 640 1534 sacrae
689 1472 928 1541 Virginis
983 1469 1116 1526 lilio,
1165 1463 1335 1521 veluti
1394 1462 1446 1516 in
1498 1455 1775 1514 communi
1823 1451 2061 1522 quodam

472 1571 692 1626 homine
754 1562 1087 1619 inhabitasse
1145 1559 1408 1617 dicimus,
1453 1569 1521 1608 ne
1577 1548 1831 1605 Christus
1885 1541 2066 1598 Deiier

473 1665 636 1718 homo
684 1672 804 1712 esse
851 1653 1189 1722 intelligatur
1246 1649 1382 1704 Nam
1426 1647 1556 1699 licet
1581 1639 1823 1697 Verbum
1869 1636 1921 1688 in
1961 1650 2062 1687 no-

470 1754 556 1808 bis
582 1746 844 1805 habitarit
865 1747 928 1808 ",
956 1755 1286 1810 onmemque
1314 1735 1620 1792 divinitatis
1658 1725 2060 1802 plenitudinem
2090 1712 2133 1766 Β

467 1840 829 1912 corporaliter
856 1837 909 1891 in
934 1834 1154 1889 Christo
1192 1829 1501 1885 inhabitare
1533 1823 1759 1879 Litteris
1778 1818 2057 1890 proditum

469 1936 540 1992 sit
561 1935 628 1996 ⁸⁸³,
659 1938 898 1986 attamen
924 1944 1032 1982 non
1065 1925 1139 1980 ita
1163 1923 1216 1977 in
1241 1922 1335 1976 illo
1369 1917 1656 1977 habitavit,
1686 1913 1820 1968 utin
1857 1908 2060 1965 sanctis

469 2028 782 2084 inhabitare
813 2021 1035 2077 dicitur.
1064 2014 1340 2072 Habitavit
1370 2013 1518 2068 enim
1555 2006 1862 2064 secundum
1897 2011 2058 2056 natu-

470 2135 586 2174 ram
617 2115 855 2178 unitum,
886 2125 994 2165 non
1034 2109 1087 2163 in
1118 2121 1338 2161 carnem
1376 2110 1666 2171 mutatum,
1706 2097 1798 2152 tali
1841 2093 2059 2148 inhabi-

457 2210 698 2274 tatione,
737 2205 954 2278 qualem
983 2200 1092 2255 diei
1119 2207 1297 2270 potest
1322 2192 1562 2249 hominis
1586 2191 1767 2246 anima
1799 2201 1924 2257 erga
1955 2184 2059 2240 sibi

468 2300 758 2372 proprium
787 2311 990 2366 corpus
1017 2291 1243 2347 habere.

541 2412 646 2482 71,
689 2409 843 2468 Unus
870 2408 1058 2476 itaque
1081 2413 1167 2460 est
1194 2400 1454 2457 Christus
1499 2407 1557 2452 et
1588 2394 1763 2450 Filius
1786 2401 1842 2448 et
1871 2390 2058 2447 Darni-

471 2518 578 2559 nus
595 2504 665 2565 “.
685 2516 795 2556 non
813 2498 886 2553 ita
907 2495 1064 2567 quasi
1084 2495 1250 2550 homo
1269 2506 1390 2547 eam
1419 2496 1634 2544 tantum
1652 2500 1778 2540 cum
1797 2484 1909 2538 Deo
1932 2497 2063 2536 con-

460 2592 810 2666 junctionem
832 2587 1064 2671 sortitus
1083 2584 1176 2649 sit,
1199 2597 1321 2653 qua:
1339 2581 1394 2634 in
1414 2579 1529 2633 sola
1548 2575 1836 2647 dignitatis
1857 2573 1941 2627 vel
1970 2588 2064 2626 au-

469 2683 746 2742 ctoritatis
762 2667 979 2736 unitate
1005 2676 1181 2748 posita
1200 2675 1288 2730 sit.
1325 2673 1444 2728 Non
1463 2671 1610 2725 enim
1634 2667 1864 2722 honoris
1884 2680 2065 2734 sequa-

469 2778 598 2833 litas
636 2781 862 2829 naturas
902 2769 1023 2825 unit
1053 2787 1067 2821 :
1099 2765 1303 2843 alioqui
1352 2764 1551 2819 Petrus
1586 2768 1642 2814 et
1661 2759 1924 2820 Joannes,
1969 2754 2062 2825 qui

475 2866 626 2939 paris
653 2861 938 2935 dignitatis
953 2858 1286 2916 exstiterunt
1303 2864 1579 2925 quatenus
1594 2850 1810 2906 scilicet
1830 2846 2065 2917 apostoli

469 2974 536 3014 ac
582 2956 758 3014 sancti
783 2952 1068 3022 discipuli,
1089 2965 1198 3004 non
1233 2962 1377 3002 tinus
1400 2953 1608 3008 essent,
1647 2941 1742 2997 sed
1771 2941 1881 2995 duo
1921 2957 1934 2992 :
1966 2953 2066 2993 nec

2161 443 2514 513 (καινοιρωνία
2577 441 2684 512 γὰρ
2737 439 2925 500 τοῦτο,
2986 439 3080 492 καὶ
3128 437 3315 508 ἕτερον
3354 433 3507 487 οὐδὲν
3525 434 3567 503 ),
3617 432 3742 486 οὔτε

2162 537 2270 606 μὴν
2303 537 2536 606 Χριστὸν
2574 533 2756 596 ἰδικῶς
2786 531 3145 601 ὀνομάζοντες
3172 528 3264 583 τὸν
3293 529 3358 580 ὲκ
3387 524 3521 579 Θεοῦ
3546 525 3741 592 Λόγον.

2160 631 2256 682 καί
2281 629 2480 697 ὁμοίως
2523 626 2706 688 ίδικῶς
2739 623 2972 695 Χριστὸν
2999 623 3206 692 ἕτερον,
3237 621 3330 673 τὸν
3357 621 3421 672 ὲκ
3452 618 3742 686 γυναικόςο

2159 718 2276 772 ἀλλ’
2301 719 2399 771 ἕνα
2435 717 2597 788 μόνον
2632 717 2835 776 εἰδότες
2873 717 2916 767 Χ
2927 712 3129 785 ριστὸν.
3157 712 3249 764 τὸν
3277 713 3342 763 ὲκ
3368 708 3504 762 Θεοῦ
3535 707 3747 777 [ἰατρὸς

2159 809 2333 878 Λόγον
2364 810 2502 880 μετὰ
2529 809 2626 879 τῆς
2662 809 2796 870 ἰδίας
2828 806 3049 876 σαρκός.
3094 805 3227 857 Τότε
3258 803 3367 872 γὰρ
3393 800 3748 868 ἀνθρωπίνως

2159 904 2443 973 κέχρισται
2481 902 2598 971 μεθ’
2635 901 2816 971 ήμῶν,
2868 899 3043 953 καίτοι
3091 899 3204 959 τοῖς
3235 895 3406 959 ἀξίοις
3443 893 3539 945 τοῦ
3565 891 3749 944 λαϐεῖν

2160 993 2220 1046 τὸ
2266 994 2490 1063 Πνεῦμα
2524 992 2700 1055 διδοὺς
2739 992 2937 1058 αὐτὸς,
2969 989 3058 1042 καὶ
3090 990 3191 1042 ούκ
3220 988 3284 1039 ἐκ
3335 986 3565 1057 μέτρου,
3603 983 3750 1036 καθά

2162 1104 2327 1156 φησιν
2352 1086 2380 1136 ὁ
2412 1085 2682 1157 μακάριος
2711 1083 3108 1151 εύαγγελιστὴς
3151 1079 3424 1148 Ἰωάννης.
3468 1075 3608 1130 Ἀλλ’
3639 1075 3749 1127 οὐδ’

2160 1181 2337 1234 ἐκεῖνό
2371 1197 2573 1250 φαμεν,
2602 1181 2684 1232 ὅτι
2708 1175 3026 1246 κατῴκησεν
3049 1177 3076 1227 ὁ
3100 1170 3326 1226 ἐκθεοῦ
3362 1169 3556 1237 Λόγος,
3587 1167 3661 1230 ὡς
3691 1168 3749 1218 ἐν

2162 1271 2435 1345 ἀνθρώπῳ
2456 1270 2639 1341 κοινῷ,
2667 1269 2745 1341 τῷ
2773 1272 2837 1322 ὲκ
2860 1269 2956 1338 τῆς
2986 1267 3146 1334 ἁγίας
3179 1261 3453 1334 Παρθένου
3481 1277 3746 1329 γεγεννη-

2166 1365 2330 1436 μένῳ·
2365 1365 2454 1417 ἵνα
2485 1363 2558 1434 μὴ
2589 1363 2847 1432 θεοφόρος
2871 1360 3157 1429 ἄνθρωπος
3187 1358 3360 1408 νοοῖτο
3390 1352 3644 1424 Χριστός.
3685 1352 3748 1403 El
3773 1375 3780 1380 -

2163 1457 2271 1526 γὰρ
2302 1456 2394 1508 καὶ
2421 1456 2730 1524 ἐσκήνωσεν
2767 1454 2824 1505 ὲν
2853 1453 2983 1521 ἡμῖν
3010 1451 3038 1502 ὁ
3075 1447 3270 1514 Λόγος,
3304 1446 3521 1516 εἴρηται
3563 1443 3618 1495 δὲ
3654 1442 3751 1493 καὶ

2164 1553 2221 1603 ὲν
2248 1546 2469 1618 Χριστῷ
2496 1544 2822 1614 κατοικῆσαι
2844 1543 2952 1595 πᾶν
2977 1541 3038 1594 τὸ
3066 1539 3339 1610 πλήρωμα
3370 1537 3465 1606 τῆς
3495 1534 3749 1602 θεότητος

2169 1639 2516 1710 σωματικῶς·
2550 1637 2664 1691 ἀλλ’
2687 1633 2780 1690 οῦν
2804 1633 3114 1704 ἐννοοῦμεν,
3144 1633 3226 1685 ὅτι
3261 1630 3553 1699 γενόμενος
3585 1625 3746 1697 σὰρξ,

2161 1722 2262 1802 οὐχ’
2297 1731 2486 1801 ὥσπερ
2518 1732 2574 1783 ἐν
2605 1731 2717 1791 τοῖς
2744 1728 2923 1796 ἁγίοις
2951 1723 3279 1793 κατοικῆσαι
3318 1720 3562 1788 λέγεται,
3605 1720 3748 1771 κατὰ

2161 1823 2253 1877 τὸν
2302 1822 2415 1874 ῐσον
2445 1820 2540 1873 καὶ
2579 1820 2636 1872 ὲν
2676 1817 2826 1886 αὐτῷ
2859 1816 3060 1887 τρόπον
3104 1813 3356 1882 γενέσθαι
3400 1807 3751 1881 διοριζόμεθα

2162 1914 2260 1985 τὴν
2290 1911 2631 1982 κατοίκησιν.
2681 1907 2824 1962 Ἀλλ’
2868 1906 3090 1970 ἐνωθεὶς
3136 1904 3278 1958 κατὰ
3308 1903 3490 1972 φύσιν,
3521 1902 3613 1954 καὶ
3647 1900 3748 1952 οὐκ

2163 2007 2242 2069 είς
2275 2004 2452 2076 σάρκα
2470 2000 2723 2073 τραπεὶς,
2756 1998 3012 2068 τοιαύτην
3045 1997 3339 2067 ἐποιήσατο
3361 1993 3457 2065 τὴν
3490 1991 3749 2059 κατοίκη-

2165 2115 2271 2162 σιν,
2304 2097 2370 2166 ἣν
2408 2093 2474 2147 ἂν
2506 2092 2651 2162 ἔχειν
2690 2091 2903 2159 λέγοιτο
2943 2090 3038 2143 καὶ
3068 2090 3104 2162 ἡ
3132 2087 3230 2144 τοῦ
3276 2085 3562 2158 ἀνθρώπου
3603 2082 3748 2153 ψυχὴ

2165 2190 2300 2261 πρὸς
2322 2189 2380 2241 τὸ
2402 2187 2529 2240 ἴδιον
2556 2185 2755 2255 ἑαυτῆς
2788 2184 2965 2254 σῶμα.
3115 2217 3168 2249 ,λ

2239 2377 2335 2446 Εἷς
2361 2377 2454 2436 οῦν
2484 2382 2593 2453 ἄρα
2617 2381 2854 2454 Χριστὸς
2880 2380 2974 2434 καὶ
3006 2379 3131 2443 Υίὸς
3169 2379 3262 2432 καὶ
3291 2379 3515 2449 Κύριος,
3549 2379 3649 2448 οὐχ
3673 2377 3756 2440 ὡς

2165 2476 2462 2544 συνάφειαν
2505 2474 2692 2539 ἁπλῶς
2732 2475 2832 2544 τὴν
2864 2474 2940 2537 ὡς
2980 2473 3134 2538 Θεὸν,
3181 2473 3392 2542 ἐνότητι
3434 2471 3534 2541 τῆς
3567 2470 3753 2534 ἀξίας,

2163 2571 2330 2640 ἤγουν
2365 2567 2676 2632 αὐθεντίας,
2721 2567 2937 2638 ἔχοντος
2986 2564 3276 2635 ἀνθρώπου
3323 2563 3459 2633 πρὸς
3489 2562 3642 2615 Θεόν.
3675 2562 3755 2616 Οὐ

2164 2660 2274 2730 γὰρ
2306 2659 2416 2711 ἑνοῖ
2445 2657 2543 2721 τὰς
2569 2656 2762 2726 φύσεις
2791 2659 2824 2726 ἡ
2866 2654 3106 2725 ἰσοτιμία
3127 2671 3139 2684 ’
3173 2653 3266 2706 καὶ
3294 2652 3426 2720 γοῦν
3453 2652 3661 2722 Πέτρος
3690 2669 3753 2704 τε

2167 2751 2260 2804 καὶ
2312 2750 2588 2818 Ἰωάννης,
2627 2742 2859 2818 ἰσότιμοι
2893 2747 2992 2818 μὲν
3020 2745 3290 2816 ἀλλήλοις,
3329 2744 3464 2798 καθὸ
3493 2745 3588 2796 καὶ
3615 2744 3752 2798 ἀπό-

2169 2841 2345 2894 στολοι
2373 2839 2466 2892 καὶ
2490 2838 2636 2907 ἅγιοι
2665 2837 2937 2909 μαθηταί·
2980 2836 3120 2906 πλὴν
3147 2835 3246 2904 οὐχ
3277 2829 3357 2897 εἷς
3389 2834 3438 2886 οἱ
3467 2833 3581 2887 δύο.
3613 2832 3754 2887 Οὔτε

2171 2935 2276 3003 μὴν
2332 2931 2474 2985 κατὰ
2521 2929 2822 3001 παράθεσιν
2874 2928 2965 2982 τὸν
3027 2927 3127 2997 τῆς
3183 2924 3479 2994 συναφείας
3523 2924 3754 2994 νοοῦμεν

471 3063 694 3105 rursum
717 3044 1066 3116 appositione
1093 3042 1296 3096 factum
1333 3036 1692 3107 intelligimus
1714 3031 2062 3102 mujunctio—

2168 3025 2371 3096 τρόπον
2393 3041 2404 3052 ·
2434 3023 2533 3076 οὐκ
2554 3022 2773 3092 ἀπόχρη
2798 3020 2905 3089 γὰρ
2922 3019 3080 3072 τοῦτο
3104 3017 3240 3089 πρὸς
3256 3017 3450 3070 ἕνωσιν
3481 3018 3716 3086 φυσικήν
3737 3031 3751 3045 ⁸

474 3142 564 3198 nis
605 3138 865 3204 modum;
899 3151 966 3190 ea
1002 3133 1152 3189 enim
1190 3131 1260 3186 ad
1296 3129 1603 3184 naturalem
1634 3125 1895 3180 unionem
1937 3139 2068 3178 eon-

473 3226 810 3286 stituendam
853 3233 938 3280 sat
979 3237 1102 3278 esse
1154 3219 1381 3290 nequit;
1416 3232 1596 3288 neque
1625 3213 1935 3271 secundum
1983 3212 2066 3268 af-

474 3319 765 3377 t'ectualem
788 3313 1369 3375 connnnnicationern,
1399 3307 1678 3380 quomodo
1710 3322 1812 3362 nos
1835 3305 2068 3361 Domino

473 3415 846 3475 colueremus,
899 3422 1175 3476 unusque,
1209 3413 1273 3458 ut
1321 3403 1587 3472 scriptum
1627 3409 1711 3454 est
1728 3399 1792 3462 ⁸⁵,
1818 3413 1946 3453 cum
1998 3412 2067 3451 eo

473 3506 703 3578 spiritus
739 3501 1044 3564 eﬂieimur;
1084 3498 1195 3550 imo
1217 3509 1350 3550 vero
1391 3490 1799 3563 coniunctionis
1823 3488 2066 3544 vocabu-

469 3600 610 3658 lum,
641 3605 902 3664 tanquam
939 3591 1005 3644 ad
1041 3590 1298 3645 unionem
1341 3587 1486 3641 hanc
1514 3582 1929 3655 exprimendam
1961 3580 2066 3634 mi-

470 3704 581 3744 nus
627 3685 913 3748 idoneum,
950 3679 1329 3749 repudiamus.
1399 3674 1509 3730 Sed
1556 3688 1736 3743 neque
1771 3671 1866 3726 Dei
1891 3670 2069 3726 Patris

475 3779 743 3840 Verbum,
778 3774 987 3832 Christi
1031 3773 1204 3827 Deum
1233 3778 1328 3824 aut
1360 3767 1653 3822 Dominum
1682 3764 2062 3828 nominamus;

467 3889 545 3928 anc
570 3885 742 3926 unum
792 3882 987 3923 rursus
1019 3865 1303 3921 Christum
1329 3871 1386 3918 et
1425 3861 1628 3916 Filium
1670 3869 1728 3914 et
1773 3857 2065 3912 Dominum

468 3965 535 4018 in
562 3963 705 4017 duos
738 3968 936 4030 aperte
985 3956 1333 4018 divellentes,
1380 3954 1435 4008 in
1469 3950 1824 4022 blasphemiae
1857 3949 2064 4005 crimen

464 4063 693 4130 -(_utpote
740 4054 915 4109 Deum
958 4052 1138 4122 ipsum
1193 4050 1279 4104 sui
1326 4045 1502 4116 ipsius
1539 4043 1827 4098 dominum
1864 4039 2070 4098 eonstie

470 4146 734 4216 tuentes)
787 4142 1117 4198 incidamus.
1177 4138 1422 4195 Verbum
1465 4135 1611 4191 enim
1653 4134 1784 4195 Dei,
1822 4139 1883 4185 ut
1925 4144 2068 4200 saepe

471 4243 587 4314 iam
609 4235 1022 4296 admonuimus,
1063 4231 1217 4287 carni
1244 4227 1550 4286 secundum
1586 4223 1920 4296 hypostasim
1949 4222 2069 4276 uni-

483 4341 622 4392 tum,
648 4335 704 4381 et
724 4325 872 4380 Deus
891 4331 996 4388 est,
1023 4330 1080 4377 et
1109 4327 1491 4375 creaturarum
1517 4314 1762 4370 omnium
1782 4312 2064 4376 Dominus;

2108 3110 2135 3136 "
2169 3116 2293 3169 οὔτε
2330 3116 2440 3186 μὴν
2469 3115 2545 3178 ὼς
2573 3113 2715 3166 κατὰ
2756 3111 2995 3192 μέθεξιν
3029 3110 3308 3183 σχετικὴν,
3355 3110 3430 3174 ὼς
3472 3110 3564 3164 καὶ
3591 3111 3755 3180 ἡμεῖς

2170 3209 2506 3282 κολλώμενοι
2556 3207 2634 3280 τῷ
2667 3208 2880 3279 Κυρίῳ,
2939 3205 3094 3284 κατὰ.
3120 3206 3181 3259 τὸ
3235 3204 3635 3277 γεγραμμένον,
3692 3204 3754 3257 ἒν

2170 3302 2392 3372 πνεῦμά
2416 3303 2583 3372 ἐσμεν
2606 3300 2744 3372 πρὸς
2763 3300 2924 3354 αὐτόν
2946 3316 2960 3331 ’
2987 3289 3188 3370 μᾶλλον
3203 3297 3260 3350 δὲ
3272 3297 3332 3350 τὸ
3343 3297 3442 3367 τῆς
3459 3296 3755 3366 συναφείας

2169 3394 2340 3464 ὄνομα
2373 3392 2813 3464 παραιτούμεθα,
2840 3391 2916 3454 ὡς
2960 3390 3061 3443 οὐκ
3108 3388 3232 3459 ἔχον
3279 3387 3476 3451 ἱκανῶς
3511 3386 3753 3457 σημῆναι

2168 3487 2266 3560 τὴν
2296 3487 2514 3540 ἕνωσιν.
2549 3484 2688 3537 Ἀλλ’
2707 3484 2829 3537 οὐδὲ
2859 3482 2992 3536 Θεὸν
3019 3482 3052 3553 ἢ
3097 3481 3376 3552 Δεσπότην
3398 3480 3491 3534 τοῦ
3513 3479 3752 3551 Χριστοῦ

2168 3577 2260 3629 τὸν
2297 3577 2360 3628 ὲκ
2393 3573 2530 3628 Θεοῦ
2563 3573 2777 3645 Πατρὸς
2809 3572 2983 3641 Λόγον
3011 3571 3352 3642 ὀνομάζομεν
3372 3586 3388 3600 ο
3427 3571 3512 3626 ἵνα
3545 3569 3619 3642 μὴ
3650 3570 3754 3623 πά-

2169 3668 2252 3722 λιν
2298 3665 2602 3736 ἁναφανδὸν
2636 3666 2923 3736 τέμνωμεν
2966 3665 3046 3728 είς
3078 3664 3172 3716 δύο
3225 3663 3316 3718 τὸν
3351 3663 3448 3716 ἕνα
3495 3662 3753 3734 Χριστὸν,

2170 3759 2262 3811 τὸν
2300 3758 2424 3810 Υἱὸν
2457 3760 2550 3810 καὶ
2583 3756 2814 3828 Κύριον,
2837 3757 2934 3810 καὶ
2969 3754 3283 3826 δυσφημίας
3309 3754 3614 3826 ἐγκλήματι
3651 3771 3756 3807 πε-

2175 3850 2507 3922 ριπέσωμεν,
2567 3849 2700 3903 Θεὸν
2753 3847 2950 3902 ἑαυτοῦ
3005 3849 3100 3901 καὶ
3147 3847 3415 3916 δεσπότην
3471 3844 3757 3910 ποιοῦντες

2169 3943 2354 3998 αὐτόν.
2404 3941 2658 4006 Ἐνωθεὶς
2696 3941 2836 4012 γὰρ,
2889 3941 2964 4005 ὡς
3012 3939 3112 4012 ήδη
3169 3937 3526 4009 προείπομεν,
3575 3939 3603 3990 ό
3656 3937 3753 3990 τοῦ

2170 4035 2307 4089 Θεοῦ
2361 4035 2534 4104 Λόγος
2589 4037 2753 4106 σαρκὶ
2795 4033 2926 4088 καθ’
2975 4034 3300 4099 ὑπόστασιν,
3333 4032 3465 4094 Θεὸς
3499 4031 3598 4102 μέν
3634 4032 3753 4083 ἐστι

2171 4127 2279 4180 τῶν
2327 4126 2487 4187 ὅλων,
2533 4125 2786 4190 δεσπόζει
2816 4126 2873 4179 δὲ
2904 4123 2998 4178 τοῦ
3049 4123 3280 4186 παντός·
3311 4121 3438 4176 οῦτε
3486 4121 3542 4174 δὲ
3591 4120 3756 4182 αὐτὸς

2171 4217 2367 4272 ἑαυτοῦ
2415 4217 2603 4282 δοῦλός
2651 4220 2824 4282 ἐστιν,
2864 4217 2989 4271 οὔτε
3035 4217 3323 4288 δεσπότης.
3369 4214 3578 4284 Εῦηθες
3619 4215 3750 4285 γὰρ,

2177 4310 2379 4382 μᾶλλον
2416 4310 2474 4364 δὲ
2523 4311 2625 4381 ’ήδη
2678 4310 2776 4364 xui.
2815 4309 3095 4373 δυσσεϐὲς,
3141 4309 3202 4361 τὸ
3231 4308 3376 4362 οὕτω
3409 4308 3624 4378 φρονεῖν
3659 4306 3753 4358 καί

475 4419 565 4476 sui
598 4425 782 4472 autem
837 4413 1013 4484 ipsius
1059 4426 1242 4481 neque
1283 4409 1578 4473 dominus,
1637 4419 1816 4475 neque
1867 4418 2063 4458 servus

2175 4403 2376 4472 λέγειν.
2415 4404 2560 4473 Ἔφη
2593 4403 2690 4474 μὲν
2707 4403 2816 4474 γὰρ
2841 4402 2972 4455 Θεὸν
3000 4400 3195 4453 ἑαυτοῦ
3219 4400 3310 4453 τὸν
3333 4399 3551 4470 Πατέρα
3577 4397 3754 4450 καίτοι

473 4519 585 4566 est.
630 4509 710 4564 ita
739 4507 886 4562 enim
920 4519 1115 4575 sapere
1176 4510 1271 4557 aut
1301 4499 1510 4563 dicere,
1553 4498 1690 4552 nihil
1727 4495 1876 4551 aliud
1919 4503 2066 4550 esset

477 4616 645 4672 quam
707 4598 878 4668 impie
930 4596 1203 4666 desipere.
1264 4593 1517 4664 Appellat
1572 4589 1796 4660 quidem
1845 4588 2061 4642 Patrem

479 4693 653 4747 Deum
679 4705 844 4745 suum
862 4689 931 4752 ",
962 4687 1087 4741 licet
1120 4687 1266 4740 Deus
1294 4695 1487 4739 natura
1521 4681 1614 4745 sit,
1657 4689 1712 4736 et
1739 4695 1807 4734 ex
1840 4687 2065 4748 paterna

478 4781 790 4839 substantia
811 4779 1078 4850 genitum.
1098 4778 1216 4832 Non
1239 4775 1554 4847 ignoramus
1581 4781 1781 4834 tamen,
1814 4784 1937 4824 cum
1963 4768 2067 4822 hoc

481 4876 603 4945 ipso
627 4873 776 4943 quod
819 4873 966 4928 Deus
991 4880 1096 4934 est,
1133 4869 1414 4924 hominem
1435 4881 1655 4936 quoque
1690 4863 1895 4918 factum
1922 4875 2065 4925 esse,

483 4965 830 5037 proindeque
862 4963 1168 5020 secundum
1208 4961 1382 5031 legem
1411 4959 1665 5012 humanae
1694 4965 1904 5011 natura:
1931 4969 2067 5007 con-

480 5065 796 5127 gruentem,
827 5056 938 5111 Deo
963 5054 1274 5125 subjectum
1292 5065 1433 5106 esse.
1459 5049 1680 5104 interim
1708 5056 1766 5102 ut
1787 5047 1870 5102 sui
1896 5044 2068 5115 ipsius

481 5149 571 5204 vel
607 5149 772 5213 Deus,
797 5147 881 5202 vel
913 5145 1170 5201 dominus
1195 5143 1285 5207 sit,
1313 5141 1366 5197 id
1407 5140 1525 5195 ﬁeri
1559 5139 1708 5193 nulla
1736 5138 1947 5193 ratione
1973 5150 2070 5206 p0-

485 5247 617 5297 test.
642 5240 714 5295 Ut
749 5239 917 5294 homo
951 5238 1140 5308 igitur,
1175 5247 1231 5290 et
1259 5233 1326 5288 ad
1356 5231 1749 5288 exinanitionis
1793 5227 2069 5284 conditio-

2170 4498 2303 4562 Θεὸς
2333 4498 2407 4551 ὢν
2441 4497 2624 4568 φύσει,
2664 4498 2757 4550 καὶ
2786 4498 2851 4550 ἐκ
2890 4497 2988 4567 τῆς
3024 4495 3212 4559 οὐσίας
3243 4493 3430 4548 αὑτοῦ.
3486 4491 3623 4545 Ἀλλ’
3655 4491 3756 4543 οὐκ

2172 4591 2522 4660 ῆγνοήκαμεν
2547 4590 2629 4643 ὅτι
2659 4588 2797 4659 μετὰ
2817 4587 2910 4640 τοῦ
2954 4589 3134 4657 μεῖναι
3160 4585 3312 4650 Θεὸς,
3346 4585 3440 4640 καὶ
3469 4582 3755 4654 ἄνθρωπος

2171 4680 2398 4749 γέγονεν
2429 4679 2534 4732 ὑπὸ
2581 4679 2722 4750 Θεῷ,
2754 4679 2898 4733 κατὰ
2939 4696 3002 4748 γε
3032 4677 3123 4730 τὸν
3170 4678 3451 4748 πρέποντα
3481 4675 3642 4744 νόμον
3684 4676 3753 4744 τῇ

2172 4771 2272 4840 τῆς
2309 4771 2730 4842 ἀνθρωπότητος
2764 4772 2944 4842 φύσει.
2997 4769 3168 4832 Αὐτὸς
3200 4769 3256 4822 δὲ
3287 4767 3480 4822 ἑαυτοῦ
3525 4767 3643 4830 πῶς
3686 4766 3755 4819 ἂν

2175 4864 2385 4931 γένοιτο
2415 4864 2603 4936 Θεὸςῆ
2631 4865 2930 4934 δεσπότης;
2956 4862 3185 4927 Οὐκοῦν,
3219 4861 3294 4924 ὡς
3331 4860 3636 4930 ἄνθρωπος,
3662 4859 3757 4911 καὶ

2174 4954 2296 5007 ὅσον
2321 4951 2455 5027 ἧκεν
2492 4955 2571 5018 είς
2593 4972 2657 5024 γε
2695 4954 2755 5007 τὸ
2797 4953 3006 5025 πρέπον
3038 4955 3150 5015 τοῖς
3180 4951 3280 5020 τῆς
3326 4950 3609 5011 κενώσεως
3660 4948 3760 5016 μὲ-

2170 5062 2342 5116 .τροις,
2377 5047 2480 5100 ὑπὸ
2505 5047 2624 5117 Θεῷ
2657 5047 2775 5115 μεθ’
2805 5045 2960 5116 ἡμῶν
2990 5047 3181 5098 ἑαυτὸν
3210 5039 3350 5098 εἷναί
3384 5059 3569 5114 φησιν.
3596 5040 3756 5094 Οὕτω

2174 5137 2364 5205 γέγονε
2406 5139 2500 5191 καὶ
2547 5138 2651 5190 ὑπὸ
2694 5137 2896 5207 νόμον,
2947 5137 3123 5189 καίτοι
3177 5135 3415 5205 λαλήσας
3465 5133 3624 5195 αὐτὸς
3661 5130 3756 5183 τὸν

2175 5230 2360 5301 νόμον,
2391 5233 2485 5285 καὶ
2513 5231 2810 5302 νομοθέτης
2839 5230 3119 5301 ὑπάρχων,
3143 5229 3218 5292 ὡς
3241 5229 3395 5290 Θεός.

482 5349 610 5392 nem
637 5331 785 5402 quod
817 5338 1047 5400 spectat,
1072 5345 1226 5398 aeque
1257 5342 1322 5382 ac
1345 5341 1448 5381 nos
1476 5325 1590 5380 Deo
1618 5339 1676 5379 se
1699 5321 1983 5378 subditum
2011 5320 2235 5376 fatetur.
2273 5321 2352 5376 Ad
2389 5323 2536 5379 hunc
2557 5339 2778 5394 quoque
2809 5321 3032 5378 modum
3069 5320 3174 5375 sub
3205 5321 3324 5390 lege
3347 5317 3525 5375 factus
3561 5324 3644 5373 est
3682 5317 3753 5383 ",

485 5423 724 5488 etiamsi,
759 5432 819 5478 ut
842 5423 1006 5485 Deus,
1040 5421 1216 5490 legem
1244 5420 1359 5489 ipse
1381 5418 1571 5476 tulerit
1595 5431 1660 5472 ac
1689 5411 2070 5486 promulgarit.

561 5583 606 5615 “
651 5582 809 5637 Joan.
847 5596 925 5644 ιιι,
959 5579 1047 5634 54.
1122 5580 1166 5612 δ’
1198 5578 1354 5634 Joan.
1383 5594 1436 5645 ι,
1471 5579 1556 5634 Η.

491 5656 533 5686 δ’
553 5652 732 5708 Galat.
755 5667 826 5715 tv,
855 5651 918 5704 4.

1636 5577 1682 5610 ⁸⁸
1706 5575 1917 5633 Coloss.
1949 5590 2020 5640 ιι,
2050 5573 2107 5629 9.
2179 5570 2230 5607 “
2251 5567 2421 5629 lCor.
2450 5585 2563 5636 vm,
2597 5567 2652 5630 6,
2724 5571 2769 5604 “
2795 5570 2816 5626 l
2844 5568 2972 5626 Cor.
3015 5582 3088 5632 Vl,
3122 5566 3206 5618 l7.

3283 5563 3329 5597 ’⁵⁸
3353 5563 3508 5620 Joan.
3545 5579 3632 5628 xx,
3665 5565 3754 5616 l7.
