4028 6208
328 354 433 410 H3

1699 358 2035 417 EPISTULA
2075 359 2231 415 XVII.

3476 357 3591 413 ηε

401 471 818 544 Παραιτούμεθα
843 470 901 524 δὲ
931 470 1111 540 λέγειν
1136 469 1232 524 ἐπὶ
1257 471 1493 543 Χριστοῦ
1516 492 1531 505 ·
1562 474 1661 527 Διά
1682 475 1775 528 τὸν
1810 493 1901 545 φο-

2079 474 2350 531 Cavemus
2383 472 2547 527 etiam
2569 473 2673 527 hoc
2710 472 2868 527 modo
2891 472 3037 543 l’oqui
3067 473 3133 529 de
3155 471 3375 527 Christo
3403 488 3417 526 :
3447 472 3580 528 Pro-

332 565 567 636 ροῦντα,
620 561 711 614 τὸν
766 559 1107 631 φορούμενον
1156 560 1326 615 σέδω·
1379 562 1467 615 6ιά
1521 565 1615 617 τὸν
1671 566 1903 635 ἀόρατον

330 652 619 726 προσκυνῶ
665 651 758 705 τὸν
816 650 1115 722 ὁρώμενον.
1173 652 1409 723 Φρικτδν
1452 654 1510 708 δὲ
1562 656 1698 726 πρὸς
1728 656 1903 728 τούτῳ

324 748 543 801 κάκεῖνο
573 745 772 798 εἰπεῖν·
792 744 852 797 Ὀ
878 743 1104 814 ληφθεὶς
1127 744 1206 815 τῷ
1227 744 1444 798 λαϐόντι
1472 764 1680 820 συγχρη
1690 750 1902 820 ματίζει

313 838 468 899 Θεός.
529 840 595 889 ’0
626 835 740 906 γάρ
776 834 951 888 ταῦτα
983 834 1158 903 λέγων
1188 834 1467 908 διατέμνει
1516 838 1677 892 πάλιν
1703 842 1785 903 είς
1810 840 1905 895 δύο

312 926 619 996 Χριστοὺς,
649 926 747 979 καὶ
792 924 1080 996 ἄνθρωπον
1114 926 1330 997 ἵστησιν
1363 928 1466 982 ἀνά
1498 929 1663 1001 μέρος
1697 930 1901 997 ίδικῶς,

309 1022 406 1072 καὶ
442 1018 590 1071 Θεὸν
638 1017 865 1088 ὁμοίως.
911 1016 1179 1087 Ἀρνείται
1201 1017 1309 1087 γὰρ
1335 1018 1783 1090 ὁμολογουμένως
1805 1022 1904 1093 τὴν

307 1111 539 1175 ἕνωσιν,
569 1107 701 1161 καθ’
729 1108 796 1177 ἢν
819 1107 919 1178 οὐχ
942 1108 1018 1171 ὠς
1042 1107 1231 1180 ἔτερος
1264 1110 1322 1162 ὲν
1348 1109 1433 1162 έτέ
1444 1127 1521 1181 ρῳ
1552 1127 1905 1183 συμπροσκυ-

305 1195 486 1255 νέἰταί
516 1216 643 1264 τις,
686 1196 814 1251 οὔτε
861 1197 968 1269 μὴν
1006 1200 1437 1271 συγχρηματίζει
1466 1202 1599 1265 Θεός
1624 1220 1637 1233 ο
1675 1203 1792 1256 ἀλλ’
1822 1198 1904 1269 εἷς

303 1283 518 1349 νοεῖται
537 1293 781 1362 Χριστὸς
812 1291 1043 1363 Ἰησοῦς,
1068 1292 1194 1356 Υίὸς
1215 1295 1528 1365 μονογενὴς,
1552 1296 1649 1366 μιᾷ
1664 1312 1903 1366 προσκυ-

302 1389 469 1457 νήσει
498 1383 819 1454 τιμώμενος
854 1382 994 1452 μετά
1020 1383 1117 1452 τῆς
1147 1383 1281 1447 ἰδίας
1311 1384 1532 1455 σαρκός.
1579 1384 1906 1454 Ὀμολογοῦ-

306 1495 414 1548 μεν
448 1476 507 1529 δὲ
536 1476 625 1528 ὅτι
655 1474 821 1537 αὐτὸς
852 1477 881 1528 ὁ
907 1475 973 1527 ὲκ
1017 1473 1154 1527 Θεοῦ
1199 1475 1411 1545 Πατρὺς
1439 1475 1723 1545 γεννηθεὶς
1751 1476 1900 1540 Υἱὸς,

303 1569 406 1621 καὶ
446 1566 592 1628 Θεὸς
626 1565 949 1636 μονογενὴς,
981 1565 1157 1619 καίτοι
1187 1566 1329 1620 κατὰ
1373 1567 1536 1636 φύσιν
1567 1567 1705 1622 ίδίαν
1733 1570 1903 1641 ὑπάρ-

301 1677 424 1728 χων
460 1656 706 1727 ἀπαθὴς,
753 1657 921 1728 σαρκὶ
965 1656 1230 1711 πέπονθεν
1256 1658 1397 1731 ὑπὲρ
1423 1659 1600 1731 ἡμῶν,
1637 1661 1778 1716 κατὰ
1804 1660 1904 1727 τὰς

302 1748 566 1819 Γριςράς,
595 1749 689 1801 καὶ
711 1743 780 1818 ἦν
805 1747 885 1818 τῷ
914 1747 1281 1819 σταυρωθέντι
1313 1747 1524 1820 σώματι
1554 1750 1624 1804 τὰ
1644 1752 1740 1821 τῆς
1766 1752 1904 1815 ιδίας

303 1839 519 1912 σαρκὸς
548 1839 781 1902 ἀπαθῶς
821 1838 1192 1910 οἰκειούμενος
1240 1840 1386 1911 πάθη
1401 1819 1421 1869 γ’
1448 1841 1631 1913 χάριτι
1671 1819 1728 1894 est
1766 1841 1902 1895 Θεοῦ
1936 1819 1978 1873 Β

304 1934 404 1986 καὶ
450 1931 604 2004 ὑπὲρ
650 1931 855 1994 παντὸς
903 1930 1171 2000 ἐγεύσατο
1215 1930 1448 1985 θανάτου
1470 1972 1483 1996 ,
1540 1932 1716 1996 διδοὺς
1755 1932 1905 2004 αὐτῷ

301 2027 366 2079 τὸ
394 2025 538 2079 τόιον
566 2023 752 2095 σῶμα,
791 2023 972 2077 καίτοι
1004 2023 1145 2077 κατά
1166 2023 1327 2092 φύσιν
1352 2024 1614 2096 ὑπάρχων
1642 2024 1776 2095 ζωὴ,
1812 2026 1906 2078 καὶ

301 2115 475 2178 αὐτὸς
501 2114 631 2184 ὣνή
660 2112 981 2176 ἀνάστασις.
1012 2114 1130 2167 Ἵνα
1155 2114 1264 2186 γὰρ
1288 2116 1515 2186 ἀρρήτῳ
1544 2114 1773 2185 δυνάμει
1802 2133 1906 2168 πα-

301 2208 483 2277 τήσας
502 2204 601 2259 τὸν
635 2202 889 2269 θάνατον,
929 2204 1005 2268 ὡς
1025 2204 1084 2257 ἐν
1104 2221 1167 2274 γε
1185 2204 1250 2276 δὴ
1269 2204 1462 2278 πρώτῃ
1488 2208 1553 2276 τῇ
1584 2206 1689 2277 ἰδίᾳ
1718 2206 1902 2277 σαρκὶ,

304 2297 540 2366 γένηται
581 2296 945 2367 πρωτότοκος
976 2297 1040 2349 ὲκ
1086 2295 1320 2369 νεκρῶν,
1370 2296 1464 2351 καὶ
1520 2297 1744 2369 ἀπαρχὴ
1794 2297 1903 2350 τῶν

307 2362 549 2459 μη
558 2362 768 2459 μένων·
802 2387 1099 2460 όδοποιήσῃ
1115 2362 1268 2459 τὲντῇ
1293 2386 1390 2441 τοῦ
1421 2362 1715 2458 ἀνθρώπου
1731 2362 1902 2457 ⁷φύσει.

302 2474 406 2544 τὴν
433 2476 517 2537 είς
553 2474 867 2543 ἀφθαρσίαν
894 2474 1205 2546 ἀναδρομὴν
1238 2474 1422 2547 χάριτι
1460 2473 1617 2537 Θεοῦ,
1649 2475 1904 2548 καθάπερ

304 2565 527 2637 εφημεν
587 2565 819 2637 ἀρτίως,
874 2564 1021 2635 ὑπὲρ
1070 2564 1271 2629 πάντ’θς
1322 2566 1589 2634 ἐγεύσατο
1643 2565 1898 2620 θάνατον’

303 2658 616 2727 τριήμερος
644 2654 706 2709 δὲ
736 2655 939 2709 ἀνεϐίω
962 2656 1268 2720 σκυλεύσας
1297 2655 1391 2710 τὸν
1419 2656 1570 2728 ᾅδην.
1606 2658 1770 2710 Ὥστε
1800 2657 1904 2711 κάν

304 2747 548 2817 λέγηται
598 2747 674 2799 δι’
727 2745 1023 2818 ἀνθρώπου
1058 2746 1313 2816 γενέσθαι
1356 2750 1389 2819 ἠ
1441 2749 1737 2814 ἀνάστασις
1792 2751 1904 2806 τῶν

304 2839 545 2909 νεκρῶν,
580 2838 720 2892 ἀλλά
755 2837 987 2908 νοοῦμεν
1026 2838 1315 2910 ἄνθρωπον
1344 2839 1439 2892 τὸν
1470 2841 1536 2895 ἐκ
1571 2841 1709 2894 Θεοῦ
1739 2859 1903 2911 γεγο-

304 2928 438 2982 νότα
468 2929 655 2998 Λόγον
681 2946 696 2959 ·
725 2931 823 2982 καὶ
866 2928 1124 2983 λελύσθαι
1156 2929 1225 2982 δι’
1259 2930 1427 2984 αὐτοῦ
1457 2930 1554 2984 τοῦ
1580 2931 1813 2986 θανάτου
1841 2934 1905 2986 τὸ

308 3020 548 3090 κράτοςο
584 3019 709 3090 ἥξει
744 3021 803 3073 δὲ
828 3021 972 3075 κατά
998 3022 1245 3094 καιροὺς,
1288 3023 1365 3087 ὡς
1392 3019 1474 3087 εἷς
1498 3023 1627 3086 Υἱὸς
1655 3024 1750 3076 καὶ
1792 3025 1905 3078 Κύ-

308 3126 453 3213 ριοιςἶ
474 3113 625 3213 ὲν-τῇ
654 3109 784 3213 δόξη
809 3110 905 3165 τοῦ
929 3111 1167 3213 Πρτρὸς,
1204 3113 1293 3166 ἵνα
1320 3114 1485 3185 κρίνῃ
1520 3113 1620 3184 τὴν
1652 3112 1903 3183 οίκουμέ-
1929 3154 1975 3213 c

308 3217 409 3272 νην
435 3203 500 3256 ὲν
528 3202 865 3275 δικαιοσύνῃ,
890 3203 1038 3257 κο.θά
1061 3205 1394 3276 γέγραπται.

2006 574 2129 637 pter
2149 581 2276 620 eum
2311 564 2403 634 qui
2432 564 2633 628 induit,
2682 562 2934 618 indutum
2981 572 3319 629 veneror;ct
3360 574 3585 635 propter

2007 657 2341 712 invisibilem
2377 657 2653 711 visibilem
2688 657 2875 711 adoro.
2909 657 3273 712 Prmtereaict
3313 655 3418 711 hoc
3449 672 3589 726 quo-

2004 765 2113 818 que
2166 764 2277 803 non
2319 748 2528 818 absque
2580 748 2811 801 horrore
2847 748 3089 802 dicitur:
3126 748 3450 816 Assumptus
3477 763 3585 802 una

2005 855 2129 894 cum
2156 850 2469 895 assumeute
2506 840 2787 893 coexsistit
2809 840 2971 894 Deus.
3002 838 3103 906 Qui
3126 843 3272 894 enim
3298 839 3401 892 hoc
3422 838 3584 892 modo

2004 933 2329 1003 loquuntur,
2352 948 2522 987 unum
2554 948 2745 987 rursus
2764 932 3043 987 Christum
3078 932 3131 986 in
3150 932 3287 987 duos
3307 931 3582 996 dividunt,

2004 1033 2060 1080 et
2086 1025 2361 1079 hominem
2389 1040 2486 1094 per
2512 1040 2569 1078 se
2591 1040 2862 1088 seorsum,
2897 1032 2953 1079 et
2992 1024 3162 1079 Deum
3202 1024 3456 1079 similiter
3488 1040 3588 1097 per

2005 1130 2065 1169 se
2092 1130 2341 1170 seorsum
2381 1115 2674 1177 collocant,
2720 1126 3014 1184 veramque
3049 1114 3312 1168 unionem
3354 1114 3457 1169 hac
3500 1127 3589 1166 ra-

2007 1208 2154 1263 tione
2189 1207 2531 1277 apertissime
2559 1206 2894 1261 inﬁciantur.
2931 1205 3247 1261 Secundum
3268 1206 3411 1261 hanc
3436 1206 3585 1261 enim

2005 1302 2144 1355 alter
2166 1299 2337 1355 veluti
2378 1300 2430 1353 in
2457 1298 2629 1353 altero
2659 1314 2768 1352 non
2796 1297 2957 1351 simul
2980 1298 3269 1362 adoratur,
3299 1312 3479 1367 neque
3514 1295 3589 1351 si-

2006 1392 2119 1445 mul
2154 1406 2279 1446 cum
2310 1390 2485 1445 altero
2528 1389 2673 1443 Deus
2717 1387 2961 1453 exsistit;
2989 1387 3083 1441 sed
3138 1403 3284 1441 unus
3327 1386 3585 1455 idemque

2007 1486 2112 1555 72
2135 1483 2389 1540 Christus
2419 1482 2598 1545 Jesus,
2621 1482 3045 1552 unigenitusque
3076 1480 3173 1534 Dei
3202 1479 3377 1534 Filius
3402 1477 3586 1533 animo

2004 1574 2335 1643 concipitur,
2368 1571 2461 1642 qui
2491 1587 2596 1626 una
2613 1570 2934 1625 adoratione
2956 1569 3117 1625 simul
3144 1584 3268 1623 cum
3301 1583 3397 1622 sua
3420 1582 3585 1622 carne

2004 1664 2225 1720 colitur.
2253 1662 2591 1718 Confitemur
2615 1662 2778 1717 etiam
2813 1660 2991 1731 ipsum
3016 1659 3356 1730 unigenitum
3379 1657 3476 1712 Dei
3498 1657 3590 1712 ιιῗὶ-

2005 1754 2140 1845 lipm
2171 1769 2240 1808 ex
2269 1754 2430 1807 Patre
2459 1759 2673 1814 natum,
2709 1750 2927 1805 etiamsi
2972 1749 3272 1804 secundum
3307 1748 3584 1818 pr0priam

2007 1841 2263 1901 naturam
2303 1842 2660 1913 impassibilis
2682 1842 2774 1906 sit,
2816 1841 2994 1894 nostri
3031 1849 3214 1895 tamen
3239 1854 3404 1895 causa
3437 1852 3581 1892 mor-

2009 1942 2117 1990 tem
2146 1934 2201 1987 in
2243 1948 2431 1997 carne,
2469 1932 2773 1986 secundum
2809 1929 3143 2000 Scripturas,
3174 1943 3395 1999 passum
3441 1941 3585 1991 esse,

2005 2025 2350 2096 propriaeque
2401 2023 2583 2078 carnis
2637 2021 2984 2085 aﬂlictiones,
3031 2035 3170 2090 quas
3200 2016 3483 2073 ‘nimirum
3527 2017 3585 2071 in

2005 2110 2266 2165 cruciﬁxo
2294 2124 2526 2179 corpore
2570 2109 2820 2179 pertulit,
2855 2108 2995 2163 citra
3038 2107 3206 2162 ullam
3243 2107 3329 2161 sui
3372 2106 3584 2177 passio-

2005 2216 2130 2256 nem
2168 2201 2274 2255 sibi
2312 2200 2571 2255 ascivisse
2600 2219 2612 2253 :
2643 2201 2816 2271 gratia
2863 2200 3009 2255 enim
3052 2199 3150 2254 Dei
3200 2208 3434 2254 mortem
3483 2212 3587 2269 pro

2003 2295 2261 2350 omnibus
2294 2291 2619 2365 gustavit“;
2672 2308 2798 2346 nam
2848 2292 2951 2347 etsi
2992 2290 3297 2347 secundum
3328 2298 3583 2345 naturam

2002 2393 2059 2441 et
2087 2385 2199 2441 vita
2242 2394 2298 2439 et
2332 2392 2679 2438 mortuorum
2729 2383 3064 2438 resurrectio
3093 2382 3405 2442 exsisteret,
3452 2393 3584 2450 pro-

2002 2477 2185 2546 prium
2224 2485 2407 2530 tamen
2463 2490 2669 2545 corpus
2715 2475 2861 2529 ultro
2908 2476 2967 2529 in
3020 2482 3257 2529 mortem
3289 2473 3579 2528 obtulit”.

2001 2569 2219 2625 Etenim
2251 2583 2382 2639 quo,
2421 2568 2474 2621 vi
2514 2567 2752 2637 quadam
2793 2582 2993 2622 arcana
3033 2573 3090 2621 et
3139 2564 3482 2629 admirabili,
3523 2563 3583 2619 in

2001 2661 2221 2731 propria
2248 2659 2419 2714 veluti
2444 2658 2498 2712 in
2520 2658 2693 2727 prima
2711 2673 2810 2711 sua
2837 2672 3005 2711 carne
3035 2664 3211 2710 morte
3241 2652 3583 2724 proculcata,

2002 2750 2400 2821 primogenitus
2430 2763 2497 2802 ex
2536 2746 2770 2801 mortuis
2792 2747 2872 2809 ⁸⁸,
2904 2743 3411 2812 dormientiumque
3462 2741 3583 2810 pri-

2003 2840 2172 2895 mitias
2204 2839 2359 2894 fieret
2382 2839 2449 2904 ⁸¹,
2470 2837 2686 2913 iterque
2714 2836 2971 2888 humanae
2995 2841 3207 2888 naturae
3231 2846 3296 2887 ac
3338 2830 3605 2886 reditum'

2003 2929 2070 2984 ad
2094 2927 2579 2996 incorruptionem.
2607 2924 2849 2980 muniret
2872 2923 2938 2988 ⁸⁸,
2974 2921 3072 2978 Dei
3115 2920 3290 2992 gratia
3342 2927 3599 2976 mortem,

2004 3037 2106 3091 pro
2145 3020 2424 3085 omnibus,
2453 3029 2515 3073 ut
2544 3017 2709 3073 modo
2739 3016 2978 3081 aiebam,
3008 3014 3355 3087 degustavlt;
3377 3021 3435 3068 et
3458 3020 3603 3083 post.

2005 3112 2249 3167 triduum
2312 3112 2439 3167 vitae
2492 3111 2784 3165 restitutus
2809 3149 2823 3173 ,
2884 3107 3163 3163 infernum
3232 3103 3586 3175 despoliavit.

2004 3202 2374 3269 Quamobrem
2421 3202 2551 3256 licet
2578 3210 2923 3255 mortuorum
2971 3195 3308 3253 resurrectio
3349 3210 3449 3266 per
3476 3194 3582 3248 ho-

308 3293 534 3349 minem
565 3293 702 3348 facta
739 3294 956 3351 dicatur
980 3296 1049 3361 ⁵³,
1099 3296 1379 3352 hominem
1422 3306 1604 3352 tamen
1645 3296 1798 3351 illum
1844 3293 2009 3351 simul
2064 3294 2164 3349 Dei
2202 3293 2446 3348 Verbum
2484 3291 2758 3347 exstitisse
2804 3289 3196 3360 intelligamus,
3229 3286 3349 3357 qui,
3386 3285 3583 3343 mortis

314 3390 562 3461 imperio
590 3388 882 3455 destructo,
930 3401 1187 3460 tanquam
1220 3407 1362 3447 unus
1422 3391 1690 3446 Dominus
1722 3399 1781 3445 et
1820 3389 1995 3444 Filius
2018 3388 2074 3443 in
2118 3386 2299 3445 Patris
2335 3386 2505 3457 gloria
2545 3401 2647 3442 suo
2705 3393 2953 3454 tempore
3013 3389 3284 3440 venturus
3346 3390 3461 3436 est.
3492 3394 3584 3435 or-

312 3484 444 3543 bem
481 3491 749 3537 terrarum
785 3483 839 3537 in
858 3483 1093 3554 iustitia,
1118 3492 1179 3538 ut
1210 3483 1478 3552 scriptum
1498 3482 1668 3547 est”,
1695 3481 2062 3552 judicaturus.
2558 3500 2563 3504 ·

394 3576 743 3643 ’ἀναγκαίως
784 3575 841 3629 δὲ
871 3577 1094 3629 κάκεῖνο
1137 3575 1552 3647 προσθήσομενο
1590 3573 1894 3643 καταγγέλ-

304 3668 497 3730 λοντες
526 3665 639 3737 γὰρ
665 3666 755 3721 τὸν
786 3667 926 3720 κατά
960 3666 1139 3737 σάρκα
1172 3665 1401 3719 θάνατον
1439 3665 1536 3719 τοῦ
1572 3664 1895 3738 μονογενοῦς

307 3756 441 3810 Υἱοῦ
472 3755 576 3808 τοῦ
616 3753 775 3820 Θεοῦ,
812 3755 956 3809 τοῦτ’
988 3755 1156 3822 ἔστιν,
1203 3756 1378 3828 Ἰησοῦ
1413 3757 1671 3828 Χριστοῦ,
1705 3757 1804 3827 τήν
1832 3772 1894 3808 τε

306 3850 374 3902 ὲκ
399 3846 622 3919 νεκρῶν
646 3846 965 3914 ἀναϐίωσιν,
987 3848 1083 3901 καὶ
1104 3846 1202 3918 τὴν
1226 3848 1304 3911 είς
1333 3848 1596 3918 οὐρανοὺς
1626 3846 1894 3917 ἀνάληψιν

303 3938 727 4011 ὁμολογοῦντες,
761 3938 859 4009 τὴν
893 3939 1234 4010 ἀναίμακτον
1268 3941 1325 3993 ἐν
1365 3941 1485 4003 ταῖς
1548 3936 1894 4008 Ἐκκλησίαις

306 4032 576 4103 τελοῦμεν
598 4031 788 4085 θυσίαν
804 4040 910 4085 ιιό.
932 4032 1199 4104 πρόσιμεν
1220 4049 1278 4085 τε
1305 4031 1447 4086 οὕτω
1464 4033 1584 4095 ταῖς
1605 4032 1895 4102 μυστικαῖς

304 4123 593 4192 εὐλογίαις
621 4124 717 4176 καὶ⁵
746 4122 1104 4193 ἀγιαζόμεθα,
1142 4123 1360 4195 μέτοχοι
1388 4123 1671 4196 γενόμενοι
1703 4124 1803 4193 τῆς
1834 4137 1895 4174 τε

304 4215 477 4283 ἁγίας
530 4214 751 4285 σαρκὸς,
787 4215 885 4268 καὶ
915 4214 1010 4268 τοῦ
1050 4215 1234 4285 τιμίου
1282 4216 1517 4286 αἵματος
1547 4215 1641 4269 τοῦ
1675 4214 1896 4269 πάντων

303 4305 474 4377 ἡμῶν
514 4305 767 4376 Σωτῆρος
795 4304 1053 4376 Χριστοῦ.
1102 4308 1213 4361 Καὶ
1250 4308 1347 4379 οὐχ
1377 4310 1453 4372 ὡς
1492 4309 1669 4380 σάρκα
1709 4305 1895 4378 κοινὴν

305 4399 614 4470 δεχόμενοι,
641 4396 718 4469 μὴ
749 4397 961 4465 γένοιτο
982 4415 996 4429 ο
1022 4398 1147 4452 οὔτε
1175 4400 1282 4470 μὴν
1302 4400 1378 4463 ὡς
1406 4400 1600 4471 ἀνδρὸς
1631 4398 1896 4471 ἡγιασμέ-

305 4510 421 4558 ναν,
484 4494 585 4546 καὶ
619 4492 982 4561 συναφθέντος
1030 4492 1107 4563 τῷ
1142 4494 1302 4565 Λόγῳ
1349 4494 1490 4547 κατὰ
1535 4491 1635 4563 τὴν
1667 4492 1893 4561 ἑνότητα

2066 3570 2211 3639 Quin
2243 3569 2378 3625 illud
2394 3584 2616 3639 quoque
2642 3583 2750 3622 non
2783 3580 3008 3636 possum
3044 3564 3150 3618 hoc
3177 3562 3300 3617 loco
3328 3576 3438 3615 non
3478 3558 3579 3614 adn

1994 3666 2187 3737 jieere,
2213 3677 2409 3731 nempe
2454 3649 2723 3729 unigeniti
2750 3657 2871 3711 Filii
2893 3655 3011 3718 Dei,
3036 3655 3141 3709 hoc
3159 3660 3246 3707 est
3270 3652 3400 3707 .lesu
3421 3650 3583 3706 Chri-

1999 3756 2088 3819 sti,
2123 3761 2379 3814 mortem,
2414 3758 2471 3805 et
2494 3766 2561 3803 ex
2594 3749 2827 3802 mortuis
2859 3743 3327 3799 resurrectionem
3359 3757 3577 3798 annun-

1999 3845 2272 3907 tiantes",
2300 3841 2658 3913 ejusdemque
2685 3839 2741 3892 in
2771 3836 2968 3891 malum
2994 3832 3420 3903 assumptioncm
3449 3847 3580 3887 con-

2001 3939 2238 3999 ﬁtentes,
2264 3934 2617 3988 incruentum
2647 3928 2703 3983 in
2731 3925 2975 3982 Ecclesia
3006 3924 3337 3981 sacriﬁcium
3361 3940 3461 3981 nos
3483 3939 3577 3980 cc-

1996 4028 2231 4089 lebrare,
2254 4032 2418 4094 atque
2448 4020 2518 4075 ad
2550 4018 2809 4092 mysticas
2846 4015 3260 4073 benedictiones
3291 4016 3574 4079 accedere,

1996 4128 2053 4176 et
2076 4115 2428 4179 sanetiiicari,
2450 4121 2639 4183 utpote
2668 4109 2969 4181 participes
2989 4123 3156 4164 sacra:
3175 4108 3360 4163 carnis
3385 4115 3442 4163 et
3457 4121 3580 4175 pre-

2000 4211 2124 4265 tiosi
2148 4207 2432 4279 sanguinis
2454 4203 2661 4260 Christi
2686 4201 2932 4257 omnium
2962 4207 3215 4254 nostrum
3252 4198 3572 4255 Salvatoris.

1994 4302 2185 4373 Neque
2225 4300 2372 4356 enim
2407 4298 2573 4355 illam.
2600 4303 2661 4351 ut
2694 4310 2915 4351 carnem
2952 4308 3299 4348 communem
3345 4289 3587 4359 suscipi:

1998 4408 2162 4448 mus:
2191 4390 2337 4446 absit
2361 4389 2502 4444 hoc!
2539 4402 2719 4457 neque
2751 4401 2944 4440 rursus
2976 4393 3234 4453 tauquam
3262 4382 3365 4437 viri
3385 4382 3569 4451 cujus-

1996 4488 2140 4558 piam
2172 4480 2517 4545 sanctiﬁcati,
2561 4486 2657 4533 aut
2701 4474 2983 4547 dignitatis
3032 4472 3343 4542 aequalitate
3392 4470 3574 4526 Verbo

307 4583 409 4653 τῆς
437 4582 629 4649 ἀξίας,
646 4583 816 4654 ἤγουν
844 4584 920 4647 ὼς
946 4578 1101 4638 θείαν
1123 4585 1395 4656 ἐνοίκησιν
1417 4582 1713 4655 ἐσχηκότος
1730 4598 1745 4613 ο
1774 4581 1891 4635 ἀλλ’

2003 4577 2320 4641 consociati,
2346 4584 2440 4630 aut
2473 4573 2717 4628 divinam
2757 4566 3210 4624 inhabitatiouem
3241 4564 3444 4629 sortiti,
3475 4564 3583 4619 sed:

308 4673 386 4738 ὥς
435 4674 706 4740 ζωοποιὸν
752 4674 992 4747 ἀληθῶς,
1045 4677 1139 4731 καὶ
1174 4676 1310 4729 ίδίαν
1348 4673 1514 4729 αὑτοῦ
1546 4671 1642 4728 τοῦ
1688 4672 1887 4741 Λόγου.

312 4766 436 4836 lari-1
475 4765 588 4837 γάρ
614 4765 691 4819 ὢν
719 4767 861 4821 κατὰ
890 4766 1054 4835 φύσιν
1078 4767 1153 4830 ὡς
1181 4766 1334 4832 Θεὸς,
1358 4766 1547 4838 ἐπειδὴ
1576 4765 1798 4833 γέγονεν
1831 4762 1891 4818 ἐν

313 4854 457 4925 ’πρὸς
491 4857 589 4928 τὴν
620 4858 815 4912 ἑαυτοῦ
845 4859 1044 4930 σάρκα,
1083 4859 1348 4924 ζωοποιον
1389 4860 1670 4927 ἀπέφηνεν
1696 4856 1884 4927 αὑτήν.

313 4947 490 5001 Ὥστε
527 4949 627 5004 κᾶν
660 4951 797 5024 λέγῃ
830 4952 967 5024 πρὸς
1006 4954 1187 5023 ἡμᾶς’
1249 4973 1269 5006 ‹
1329 4952 1522 5022 Ἀμὴν,
1568 4949 1716 5020 ἀμὴν
1747 4948 1895 5015 λέγω

310 5039 472 5108 ὑμῖν,
506 5039 597 5093 ὲάν
624 5042 698 5112 μὴ
729 5044 943 5113 φάγητε
959 5043 1058 5113 τὴν
1081 5045 1263 5115 σάρκα
1284 5043 1380 5097 τοῦ
1400 5042 1530 5097 Υίοῦ
1556 5041 1650 5096 τοῦ
1674 5039 1770 5095 ἀνθ
1780 5037 1887 5109 ρώ-

310 5141 441 5195 που,
472 5127 567 5181 καὶ
598 5130 761 5200 πίητε
792 5128 959 5184 αὐτοῦ
986 5130 1049 5183 τὸ
1079 5126 1220 5203 αἷμα
1241 5150 1254 5165 ·
1296 5152 1314 5185 ι
1342 5134 1439 5204 οὐχ
1482 5133 1558 5196 ὡς
1600 5127 1886 5201 ἀνθρώπου

372 5330 419 5361 ⁵⁸
442 5328 712 5403 ηςιιτρ,
729 5329 781 5403 θ.
854 5331 901 5365 δ’
924 5331 1097 5389 Galat.
1125 5350 1183 5403 ιι,
1210 5334 1299 5391 30.
1372 5336 1417 5369 ⁸⁰
1442 5335 1649 5393 Coloss.
1675 5351 1713 5402 ι,
1745 5337 1830 5393 18.

310 5414 467 5466 mm,
490 5401 547 5458 9.
616 5400 663 5433 ⁸⁸
693 5400 858 5458 lCor.
886 5419 961 5470 xl,
982 5403 1071 5460 26.

1929 5336 1973 5368 ⁸³
2001 5333 2167 5390 ICor.
2209 5348 2298 5398 av,
2328 5332 2417 5387 20.
2490 5325 2700 5384 “Ibid.
2742 5322 2829 5377 55.

1997 4682 2256 4741 tanquam
2289 4683 2418 4722 vere
2449 4663 2721 4720 vivificam
2759 4660 3039 4732 ipsiusque
3067 4658 3233 4714 Verbi
3269 4655 3567 4727 propriam.

1994 4765 2131 4820 Nam
2147 4777 2277 4817 cum
2296 4760 2406 4815 vita
2448 4758 2521 4813 sit
2549 4764 2610 4811 ut
2635 4756 2781 4810 Deus
2801 4752 3101 4811 secundum
3126 4760 3401 4814 naturam,
3427 4758 3575 4820 post-

1997 4870 2158 4926 quam
2185 4867 2356 4907 unum
2389 4848 2650 4921 quiddam
2677 4860 2804 4901 cum
2837 4845 2952 4914 ipsa
2984 4858 3082 4898 sua
3109 4855 3278 4896 carne
3309 4839 3584 4896 effectum-

1996 4953 2103 5008 est,
2129 4939 2442 4996 viviﬁcandi
2472 4938 2733 4992 virtutem
2766 4934 2845 4989 illi
2866 4930 3119 4989 contulit.
3154 4929 3413 4996 Quamvis
3440 4947 3574 5002 ergo

1998 5035 2068 5092 ad
2097 5049 2201 5089 nos
2219 5034 2367 5087 dicat
2402 5050 2416 5084 :
2461 5050 2479 5081 ι
2511 5029 2707 5093 Amen,
2734 5040 2892 5082 amen
2920 5024 3045 5079 dico
3074 5022 3249 5088 vobis,
3279 5023 3384 5077 nisi
3414 5039 3573 5078 man-

1999 5126 2335 5184 ducaveritis
2356 5139 2576 5180 carnem
2609 5122 2735 5178 Filii
2774 5117 3036 5183 hominis,
3073 5123 3131 5171 et
3164 5115 3418 5172 biberitis
3451 5116 3579 5187 ejus

2934 5320 2982 5363 ’ἕ
3009 5320 3147 5381 ibid.
3172 5322 3261 5377 21.
3348 5321 3393 5359 ﬂ“
3423 5319 3573 5383 P331.

1392 5584 1565 5640 Varia:
1586 5584 1849 5641 lectiones
1875 5584 2081 5641 codicis
2112 5579 2474 5654 chuieriaui.

379 5767 459 5796 τιν’
480 5759 755 5834 λατρείαν,
