4028 6208
430 293 529 347 H9

1422 306 1476 362 S.
1521 309 1797 364 CYRILLI
1835 311 2304 372 ALEXANDRINI
2343 319 2644 376 ARClllEP

3582 325 3684 380 120

426 410 666 468 Verbum
728 424 848 472 erat
901 416 1045 486 apud
1111 418 1282 472 Deum
1308 420 1354 450 ⁷ο
1384 439 1396 472 :
1431 441 1450 472 ι
1494 430 1551 476 ct
1582 422 1762 491 ipsum
1803 425 2002 480 saecula

2112 428 2276 497 Λόγος
2304 427 2373 500 ἦν
2404 431 2542 502 πρὸς
2571 432 2661 485 τὸν
2689 431 2822 485 Θεόν
2845 449 2857 462 ·
2901 451 2920 485 ι
2958 433 3052 486 καὶ
3076 433 3237 497 αὐτός
3269 436 3384 487 ἐστι
3408 434 3518 490 τῶν
3548 436 3688 489 alth-

423 504 694 570 condidit,
735 506 996 577 Patrique
1021 524 1268 564 octavum
1319 527 1408 566 res
1434 527 1629 569 omnes
1651 516 2002 584 procreavit;

422 595 520 650 sed
559 597 690 666 quia
717 595 958 652 humana
992 608 1189 654 natura
1214 603 1518 658 secundum
1543 605 1877 677 hypostasim
1898 609 2004 664 sibi

424 687 596 749 unita,
645 703 968 758 corpoream
995 730 1010 755 ,
1048 699 1108 744 ut
1155 693 1320 748 modo
1365 695 1706 762 dicebamus,
1753 715 1818 754 ex
1844 708 2006 756 utero

423 780 766 836 nativitatem
792 791 1082 851 expertum
1103 796 1223 840 est:
1257 803 1368 842 non
1394 789 1542 858 quod
1586 799 1812 860 propter
1846 801 2006 846 natu-

423 885 541 926 ram
569 874 848 943 prepriam
871 878 1181 945 temporali,
1203 894 1268 933 ea
1294 879 1553 936 videlicet
1575 897 1696 950 quae
1725 882 1782 936 in
1815 883 2002 938 novis-

421 962 578 1017 simis
608 965 792 1019 seculi
828 967 1171 1037 temporibus
1199 970 1419 1037 accidit,
1447 973 1730 1027 nativitate
1755 989 2005 1029 necessa-

422 1053 508 1108 rio
548 1053 821 1125 indigeret
865 1048 1000 1113 :sed
1030 1075 1140 1128 quo
1172 1069 1372 1116 nostra;
1416 1078 1635 1133 quoque
1683 1065 2004 1121 substantia:

421 1153 607 1199 ortum
648 1161 745 1201 sua
778 1148 1165 1206 benedictione
1193 1154 1522 1219 cumularet,
1556 1155 2000 1226 maledictioque,

420 1252 549 1308 qua
574 1241 827 1295 mortalia
851 1256 1082 1312 corpora
1114 1245 1382 1300 nostrain
1429 1256 1665 1303 mortem
1698 1248 2005 1319 praecipita-

422 1329 538 1396 bat,
567 1330 675 1386 hoc
719 1333 840 1403 ipso
869 1335 925 1389 in
950 1344 1236 1404 posterum
1269 1346 1462 1392 contra
1485 1340 1805 1395 universum
1831 1357 2004 1408 genus

427 1427 684 1476 nostrum
724 1422 914 1478 saevire
955 1423 1273 1490 desisteret,
1297 1442 1408 1496 quo
1439 1428 1573 1484 illud
1610 1430 2002 1486 carniunitum

421 1528 490 1565 ex
527 1512 762 1568 muliere
809 1513 864 1567 in
905 1515 1086 1571 lucem
1134 1519 1466 1586 prodiisset;
1519 1529 1577 1575 et
1607 1521 1702 1575 illo
1737 1522 1999 1577 tandem:

430 1623 448 1653 ι
484 1602 544 1656 ln
585 1603 774 1659 dolore
795 1605 974 1674 paries
997 1605 1138 1662 ﬁlios
1158 1609 1227 1672 τι,
1259 1628 1276 1659 ›
1310 1625 1408 1678 per
1434 1611 1612 1680 ipsum
1639 1611 2000 1680 labefactato;

423 1709 615 1748 verum
643 1709 765 1748 esse
787 1696 1109 1751 ostenderet
1136 1699 1282 1768 quod
1312 1701 1596 1770 prophetae
1632 1717 1766 1757 voce
1793 1702 2002 1756 dictum

2107 538 2213 573 νων
2244 523 2273 574 ό
2314 523 2544 594 ποιητὴς
2567 563 2581 585 .
2616 525 2882 588 συναῒδιος
2913 525 2991 595 τῷ
3029 527 3226 597 “arpi,
3274 527 3367 580 καὶ
3403 527 3513 580 τῶν
3546 529 3684 584 ὅλων

2105 611 2437 684 δημιουργός
2460 629 2474 644 °
2510 615 2647 679 ἀλλ’,
2684 617 2760 680 ὡς
2803 618 2907 688 ἥδη
2932 618 3303 689 προείπομεν,
3338 619 3524 691 ὲπειδη
3559 621 3682 674 καθ’

2106 706 2404 758 ὑπόστασιν
2432 708 2640 772 ὲνώσας
2669 709 2850 780 ἑαυτῷ
2877 710 2938 763 τὸ
2967 709 3329 779 ἀνθρώπινον,
3360 712 3455 764 καὶ
3483 715 3546 765 ὲκ
3581 714 3684 783 μή·

2105 813 2240 867 τρας
2291 798 2462 868 αὐτῆς
2499 801 2754 870 γέννησιν
2807 801 3070 872 ὑπέμεινε
3108 803 3410 872 σαρκικήν·
3464 804 3563 874 οὐχ
3607 804 3684 868 ὡς

2103 887 2317 956 δεηθεὶς
2348 891 2678 958 ἀναγκαίως,
2712 893 2834 963 ἦτοι
2867 893 2954 946 διὰ
2983 891 3083 963 τὴν
3112 893 3248 944 ίδίαν
3275 893 3456 962 φύσιν,
3496 895 3598 964 τῆς
3625 896 3685 948 ἐν

2106 980 2283 1050 χρόνῳ
2299 981 2393 1034 καὶ
2419 983 2475 1034 ὲν
2492 983 2742 1052 ἐσχάτοις
2763 983 2858 1037 τοῦ
2878 984 3072 1048 αἰῶνος
3097 988 3310 1056 καιροῖς
3334 988 3640 1054 γεννήσεως
3665 1001 3682 1019 ⁸

2104 1071 2220 1124 ἀλλ’
2267 1072 2353 1125 ἵνα
2388 1073 2483 1126 καὶ
2518 1074 2690 1144 αὐτὴν
2735 1075 2840 1144 τῆς
2878 1075 3168 1145 ὑπάρξεως
3213 1076 3370 1148 ἡμῶν
3411 1076 3686 1149 εὐλογήσῃ

2104 1162 2202 1232 τὴν
2235 1165 2411 1234 ἀρχὴν
2436 1183 2448 1196 ι
2479 1166 2573 1218 καὶ
2600 1166 2872 1236 τεκούσης
2919 1168 3178 1235 γυναικὸς
3207 1166 3370 1219 αὐτὸν
3414 1167 3685 1221 ἑνωθέντα

2107 1256 2292 1324 σαρκὶ,
2337 1257 2617 1325 παύσηται
2656 1259 2840 1312 λοιπὸν
2870 1261 2903 1328 ἡ
2944 1260 3087 1312 κατὰ
3132 1259 3332 1321 παντὸς
3369 1257 3465 1310 τοῦ
3494 1259 3683 1326 γένους

2106 1348 2215 1417 ἀρὰ
2262 1347 2558 1416 πέμπουσα
2591 1351 2730 1418 πρὸς
2779 1349 3016 1404 θάνατον
3047 1350 3116 1403 τὰ
3149 1351 3214 1403 ὲκ
3247 1353 3351 1421 γῆς
3390 1349 3548 1420 ἡμῶν
3580 1347 3686 1401 σώ-

2109 1456 2276 1508 ματα,
2310 1439 2405 1491 καὶ
2431 1439 2510 1503 τὸ,
2552 1458 2571 1490 ι
2623 1442 2713 1496 Ἐν
2738 1439 2937 1504 λύπαις
2965 1439 3094 1512 τέξῃ
3123 1441 3291 1495 τέκνα
3316 1481 3330 1504 ,
3370 1460 3388 1492 ι
3419 1441 3487 1495 δι’
3515 1439 3682 1494 αὐτοῦ

2105 1532 2570 1602 καταργούμενον,
2598 1534 2796 1604 ἀληθὲς
2821 1535 3077 1604 ἀποφήνῃ
3105 1534 3166 1587 τὸ
3193 1532 3280 1586 διὰ
3304 1533 3403 1601 τῆς
3424 1533 3516 1586 τοῦ
3554 1529 3687 1603 προ·-

2106 1622 2277 1690 φήτου
2307 1622 2520 1690 φωνῆς’
2561 1641 2578 1674 ι
2617 1623 2892 1677 Κατέπιεν
2917 1625 2946 1675 ό
2979 1621 3209 1683 θάνατος
3235 1618 3458 1689 ἰσχύσας
3481 1637 3494 1650 ·
3542 1637 3561 1670 ι
3593 1617 3688 1671 καὶ

2107 1712 2269 1765 πάλιν
2297 1729 2312 1743 ο
2344 1730 2363 1761 ι
2418 1713 2666 1782 Ἀφεῖλεν
2703 1716 2730 1766 ὁ
2762 1713 2894 1776 Θεὸς
2940 1714 3046 1766 πᾶν
3081 1711 3315 1782 δάκρυον
3345 1710 3454 1764 ἀπὸ
3485 1707 3688 1772 παντὸς

422 1783 602 1840 fuerat
639 1803 651 1838 :
680 1805 698 1837 ι
721 1786 1012 1858 Absorpsit
1041 1805 1193 1845 mors
1214 1793 1521 1861 praevalens
1542 1796 1586 1826 ⁷⁸
1611 1812 1623 1859 ;
1654 1804 1709 1849 et
1734 1812 1955 1852 rursum
1985 1816 1998 1851 :

2112 1803 2419 1873 προσώπου.
2475 1825 2494 1855 ι
2538 1804 2757 1876 Ταύτης
2803 1803 2912 1874 γὰρ
2945 1803 3108 1856 ’ἑνεκα
3137 1803 3235 1872 τῆς
3262 1801 3441 1862 αἰτίας
3464 1841 3478 1864 ,
3507 1799 3687 1869 φαμὲν

429 1895 451 1924 ι
472 1874 712 1936 Abstulit
729 1877 876 1932 Deus
895 1893 1116 1933 omnem
1138 1879 1433 1951 lacrymani
1460 1881 1528 1935 ab
1551 1884 1697 1937 omni
1726 1884 1864 1939 facie
1882 1886 1948 1939 ⁷³.
1976 1907 1994 1938 ι

417 1965 534 2021 llac
561 1965 678 2037 ipsa
711 1984 933 2039 quoque
955 1969 1025 2026 de
1051 1986 1217 2027 causa
1261 1973 1428 2028 simul
1464 1991 1589 2030 cum
1622 1979 1826 2033 sanctis
1869 1994 2003 2048 apo-

418 2058 576 2115 stolis
600 2059 667 2114 ad
693 2061 916 2131 nuptias
947 2062 1002 2118 in
1025 2063 1173 2120 Cana
1207 2064 1441 2121 Galilaeae
1467 2076 1742 2131 vocatum,
1795 2069 1904 2124 huc
1945 2087 2003 2126 se

417 2149 740 2214 contulisse,
778 2166 988 2222 suaque
1027 2153 1416 2210 benedictione
1459 2157 1684 2212 easdem
1719 2159 2006 2230 dispensa-

419 2241 560 2297 torie
616 2242 1011 2300 cohonestasse
1056 2245 1294 2302 dicimus
1324 2248 1390 2302 ⁷⁸.
1429 2249 1555 2303 Haec
1606 2260 1830 2317 tenere,
1885 2253 2002 2307 haec

417 2346 611 2402 sapore
632 2349 758 2394 cum
785 2351 821 2390 α
853 2337 1059 2393 sanctis
1095 2339 1361 2433 apostolis
1385 2348 1442 2394 et
1485 2343 1856 2413 evangelistis,
1888 2352 2001 2398 tum

417 2423 488 2480 ab
513 2426 772 2482 universa
794 2443 1015 2500 quoque
1039 2423 1291 2485 sacra'et
1320 2431 1508 2486 divina
1543 2432 1855 2503 Scriptura,
1887 2444 2002 2490 tum

416 2531 486 2574 ex
516 2519 701 2576 veraci
749 2519 989 2592 denique
1035 2533 1352 2579 sanctorum
1392 2526 1617 2580 Patrum
1659 2529 2004 2583 confessione

416 2609 601 2665 edocti
619 2626 829 2668 sumus.
852 2614 950 2670 His
969 2614 1228 2671 omnibus
1241 2625 1298 2671 et
1323 2625 1375 2671 te
1397 2633 1616 2687 quoque
1632 2619 2003 2686 subscribere,

418 2707 474 2756 et
497 2702 638 2757 citra
662 2719 884 2760 omnem
922 2706 1111 2761 fucum
1143 2722 1209 2762 ac
1237 2708 1427 2763 dolum
1466 2725 1572 2763 una
1601 2711 1892 2766 nobiscum
1923 2729 2009 2769 as-

2107 1899 2270 1951 αὐτὸν
2304 1901 2684 1971 οἰκονομικῶς,
2729 1901 2824 1953 καὶ
2851 1900 3013 1953 αὐτὸν
3042 1898 3334 1968 εὐλογῆσαι
3367 1896 3459 1948 τὸν
3487 1895 3685 1964 γάμον,

2107 1991 2204 2044 καὶ
2255 1991 2511 2045 ἀπελθεῖν
2565 1992 2906 2062 κεκλημένον
2959 1993 3017 2046 ὲν
3070 1991 3226 2061 Κανᾷ
3265 1990 3364 2060 τῆς
3396 1986 3688 2049 Γαλιλαίας

2105 2084 2239 2154 ὁμοῦ
2266 2087 2382 2147 τοῖς
2403 2085 2581 2152 ἁγίοις
2610 2085 2947 2146 ἀποστόλοις.
2982 2083 3168 2136 Ταῦτα
3201 2083 3419 2152 φρονεῖν
3446 2077 3686 2146 δεδιδάγ-

2104 2176 2246 2242 μεθα
2277 2174 2430 2245 παρά
2460 2176 2569 2228 τῶν
2594 2176 2764 2244 ἁγίων
2786 2175 3103 2228 ἀποστόλων
3139 2173 3232 2224 καὶ
3257 2168 3684 2240 εὐαγγελιστῶν,

2105 2265 2198 2316 καὶ
2236 2266 2417 2334 πάσης
2449 2265 2506 2317 δὲ
2539 2266 2639 2336 τῆς
2678 2265 3039 2319 θεοπνεύστου
3087 2263 3332 2334 Γραφῆς,
3366 2262 3468 2314 ’καὶ
3497 2261 3560 2312 ὲκ
3591 2259 3690 2328 τῆς

2105 2357 2214 2409 τῶν
2247 2357 2534 2428 μακαρίων
2568 2357 2829 2430 Πατέρων
2855 2357 3087 2427 ἀληθοῦς
3119 2354 3427 2426 ὁμολογίας.
3466 2351 3692 2412 Τούτοις

2108 2447 2280 2501 ἀπασι
2315 2449 2410 2500 καὶ
2439 2449 2539 2520 τὴν
2593 2451 2693 2520 σὴν
2729 2449 3017 2502 εὐλάϐειαν
3067 2446 3381 2503 συναινέσαι
3415 2442 3544 2514 χρὴ.
3592 2440 3690 2494 καὶ

2109 2539 2400 2594 συνθέσθαι
2426 2541 2548 2611 δίχα
2568 2541 2721 2594 δόλου
2750 2544 2767 2577 ι
2793 2541 3012 2603 παντός.
3049 2542 3117 2592 ¹¹Λ
3141 2539 3198 2591 δέ
3218 2541 3364 2591 ἐστιν
3393 2535 3689 2602 ἀναγκαῖον

2109 2631 2507 2701 ἀναθεματίσαι
2539 2633 2638 2703 τὴν
2667 2633 2764 2704 σὴν
2805 2633 3116 2696 εὐλάϐειαν,
3154 2629 3522 2684 ὑποτέτακται
3560 2625 3689 2695 τῇδε

2110 2719 2266 2790 ἡμῶν
2288 2723 2354 2791 τῇ
2383 2723 2664 2792 ἐπιστολῇ.

417 2791 613 2846 sentiri
644 2804 882 2863 oportet.
936 2795 1067 2862 Quae
1102 2812 1238 2852 vero
1277 2813 1306 2851 a
1347 2808 1440 2852 tua
1491 2804 1801 2855 reverentia
1845 2804 2211 2865 anathematis
2261 2791 2639 2868 exsecratione
2691 2810 3049 2869 condemnari
3084 2823 3308 2864 necesse
3351 2814 3454 2870 est,
3488 2818 3554 2859 ea
3594 2815 3689 2855 n0-

417 2891 548 2936 strze
587 2882 719 2938 huic
754 2885 1070 2955 epistolam
1104 2888 1253 2943 hunc
1285 2888 1509 2944 modum
1545 2891 1934 2961 subjiciuntur.

491 2977 601 3047 76
629 2978 671 3032 Ι.
698 2977 755 3033 Si
783 2978 910 3048 quis
938 2995 1050 3034 non
1099 2983 1398 3038 confitetur
1448 2985 1864 3040 Emmanuelem
1912 3003 2005 3040 ve—

419 3082 548 3120 rum
577 3068 752 3122 Deum
771 3083 914 3134 esse,
949 3079 1007 3125 et
1031 3071 1105 3125 ob
1145 3071 1201 3128 id
1223 3083 1470 3128 sanctam
1495 3075 1774 3146 Virginem
1807 3076 2002 3145 Deipa-

2180 2993 2257 3044 A'.
2298 2992 2366 3044 Εἴ
2389 3008 2473 3054 τις
2495 2992 2592 3061 οὐχ
2627 2991 2882 3061 ὁμολογεί
2907 2989 3041 3042 Θεὸν
3077 2983 3217 3042 εἶναι
3244 2987 3388 3040 κατὰ
3425 2985 3686 3056 ἀλήθειαν

2107 3082 2197 3135 τὸν
2236 3082 2624 3154 Ἐμμανουὴλ,
2659 3083 2754 3136 καὶ
2788 3080 2878 3135 διὰ
2918 3079 3076 3133 τοῦτο
3105 3077 3366 3132 Θεοτόκον
3401 3077 3497 3148 τὴν
3531 3078 3690 3145 ἁγίαν

417 3175 542 3215 ram
559 3160 774 3232 (genuit
791 3163 940 3217 enim
984 3163 1076 3218 illa
1110 3164 1461 3220 incarnatum
1507 3161 1604 3221 D'ei
1639 3167 1883 3223 Verbum
1913 3185 2003 3224 se-

2112 3172 2382 3244 Παρθένον
2409 3174 2748 3245 (γεγέννηκε
2778 3175 2887 3242 γὰρ
2917 3170 3198 3243 σαρκικῶς
3229 3169 3407 3242 σάρκα
3429 3169 3692 3238 γεγονότα

418 3252 670 3307 eundum
685 3255 933 3324 carnem)
954 3297 969 3320 ,
995 3257 1292 3312 anathema
1321 3259 1411 3313 sit.

491 3344 558 3399 ll.
597 3343 806 3415 Siquis
850 3361 961 3402 non
1013 3349 1328 3414 conﬁtetur,
1384 3351 1478 3405 Dei
1527 3353 1708 3407 Patris
1752 3353 2000 3408 Verbum

419 3437 575 3492 carni
621 3437 927 3494 secundum
966 3439 1308 3511 hypostasim
1339 3444 1581 3509 unitum,
1607 3453 1663 3500 et
1699 3461 1870 3499 unum
1899 3461 2007 3500 una

417 3545 548 3586 cum
595 3545 693 3585 sua
729 3545 894 3587 carne
924 3547 1048 3587 esse
1086 3533 1406 3600 Christum,
1457 3536 1712 3591 eumdem
1746 3537 2008 3592 nimirum

417 3623 592 3679 Deum
615 3623 780 3678 simul
805 3632 862 3678 et
889 3624 1174 3680 hominem
1192 3667 1206 3691 ,
1239 3628 1530 3682 anathema
1559 3628 1651 3684 sit.

489 3716 578 3772 ill.
607 3716 663 3773 Si
696 3718 822 3788 quis
860 3718 915 3772 in
949 3734 1061 3774 uno
1091 3719 1313 3776 Christo
1346 3730 1472 3790 post
1509 3722 1772 3777 unionem
1812 3723 2010 3778 dividit

418 3809 761 3881 hypostases,
805 3826 980 3881 eaque
1035 3811 1301 3879 duntaxat
1349 3813 1742 3884 conjunctione
1783 3815 2008 3870 easdem

418 3902 577 3958 inter
611 3917 670 3956 se
697 3903 892 3968 nectit,
918 3919 1040 3974 quae
1073 3915 1158 3961 est
1200 3905 1509 3959 secundum
1533 3904 1877 3976 dignitatem,
1905 3905 2012 3960 hoc

417 4003 505 4050 cst
535 3995 920 4050 auctoritatem
942 4035 956 4060 ,
988 3995 1075 4050 vel
1117 4003 1445 4065 potestatem
1468 4037 1481 4058 ,
1511 4004 1567 4050 et
1599 4012 1708 4050 non
1733 4011 1797 4050 ea
1826 3995 2012 4065 potius

419 4101 542 4157 quae
582 4094 668 4142 est
705 4087 1007 4142 secundum
1049 4087 1355 4141 naturalem
1396 4086 1685 4149 unionem,
1719 4087 2010 4141 anathema

419 4181 512 4234 sit-

492 4271 579 4325 IV.
619 4269 675 4325 Si
709 4271 833 4340 quis
853 4270 1068 4326 duabus
1105 4273 1356 4340 personis
1397 4272 1480 4326 vel
1507 4272 1896 4342 hypostasibus
1916 4287 2012 4326 eas

418 4378 586 4419 voces
627 4363 911 4428 attribuit,
964 4379 1087 4434 quae
1140 4365 1194 4417 in
1239 4365 1569 4435 evangelicis
1607 4375 1663 4420 et
1697 4364 2013 4435 apostolicis

420 4454 725 4525 Scripturis
770 4455 973 4526 passim
1028 4465 1366 4522 occurrunt;
1403 4472 1593 4525 quaeve
1631 4473 1662 4511 a
1698 4456 1904 4511 sanctis
1944 4455 2012 4510 de

2109 3265 2199 3318 τὸν
2229 3266 2295 3322 ἐκ
2319 3264 2456 3318 Θεοῦ
2487 3265 2720 3334 Λόγον),
2751 3264 3005 3334 ἀνάθεμα
3033 3262 3194 3315 ἔστω.

2179 3349 2255 3406 B'.
2294 3350 2363 3404 Εῐ
2404 3369 2488 3416 τις
2534 3353 2633 3423 οὐχ
2677 3352 2970 3423 ὁμολογεῖ,
3010 3353 3175 3422 σαρκὶ
3222 3350 3346 3404 καθ’
3394 3350 3691 3421 ὑπόστασιν

2108 3441 2350 3512 ἡνῶσθαι
2390 3443 2480 3495 τὸν
2526 3443 2588 3496 ὲκ
2628 3441 2762 3496 Θεοῦ
2812 3441 3027 3512 Πατρὸς
3055 3440 3266 3510 Λόγον,
3309 3439 3408 3494 ἕνα
3444 3456 3508 3491 τε
3553 3437 3692 3492 εἶναι

2110 3532 2345 3603 Χριστὸν
2379 3532 2517 3603 μετά
2564 3533 2664 3602 τῆς
2701 3531 2838 3597 ιδίας
2869 3532 3093 3603 σαρκὸς,
3134 3531 3226 3584 τὸν
3257 3531 3420 3583 αὐτὸν
3448 3527 3693 3600 δηλονότι

2110 3625 2243 3678 Θεὸν
2271 3625 2408 3694 ὁμοῦ
2443 3625 2538 3678 καὶ
2561 3625 2869 3696 ἄνθρωπον,
2906 3623 3158 3693 ἀνάθεμα
3186 3621 3347 3675 ἔστω.

2183 3719 2255 3772 I".
2293 3717 2360 3771 Εἴ
2383 3736 2466 3782 τις
2491 3719 2583 3772 ἐπὶ
2611 3719 2704 3773 τοῦ
2750 3717 2867 3780 ἑνὸς
2909 3717 3152 3788 Χριστοῦ
3185 3716 3387 3786 διαιρεῖ
3411 3714 3505 3778 τάς
3564 3715 3696 3769 ὐπο-

2114 3811 2331 3873 στάσεις
2366 3811 2505 3880 μετά
2524 3811 2622 3881 τὴν
2638 3811 2854 3876 ἕνωσιν,
2877 3811 3014 3882 μόνῃ
3049 3810 3334 3863 συνάπτων
3365 3808 3534 3874 αὐτὰς
3566 3827 3692 3863 συν-

2113 3903 2279 3972 αφεία
2310 3906 2374 3974 τῇ
2410 3903 2548 3956 κατά
2580 3903 2677 3974 τὴν
2731 3902 2910 3966 ἀξίαν,
2962 3903 3131 3973 ἡγουν
3178 3900 3435 3972 αὐθεντίᾳ
3468 3900 3500 3970 ἢ
3529 3901 3692 3956 δυνα-

2114 3997 2286 4067 στείᾳ,
2308 3999 2402 4048 καὶ
2419 3996 2541 4066 οὐχὶ
2573 3996 2634 4066 δὴ
2665 3995 2865 4066 μᾶλλον
2891 3995 3091 4065 συνόδῳ
3117 3997 3182 4065 τῇ
3210 3992 3330 4047 καθ’
3361 3993 3552 4048 ἕνωσιν
3581 4014 3680 4066 φυ-

2115 4088 2293 4157 σικὴν,
2322 4087 2569 4156 ἀνάθεμα
2605 4086 2766 4139 ἔστω.

2185 4265 2255 4316 Δ“.
2279 4264 2347 4316 Ei
2364 4281 2446 4326 τις
2469 4262 2782 4333 προσώποις
2810 4263 2981 4328 δυσὶν,
3017 4262 3185 4331 ἤγουν
3214 4259 3570 4323 ὑποστάσεσι,
3593 4258 3692 4322 τάς

2109 4373 2171 4408 τε
2212 4355 2270 4408 ἐν
2302 4357 2413 4417 τοῖς
2439 4353 2817 4420 εὐαγγελικοῖς
2852 4352 2944 4406 καὶ
2979 4352 3360 4414 ἀποστολικοῖς
3394 4350 3692 4418 Συγγράμ·

2120 4465 2251 4518 μασι
2308 4447 2550 4516 διανέμει
2613 4444 2817 4514 φωνὰς,
2870 4444 2902 4514 ἢ
2956 4445 3048 4495 ἐπὶ
3092 4443 3312 4513 Χριστῷ
3374 4444 3527 4513 παρά
3583 4442 3693 4494 τῶν

417 4546 664 4613 Christo,
711 4554 806 4602 aut
848 4547 918 4602 ab
965 4547 1084 4618 ipso
1130 4563 1349 4618 quoque
1402 4546 1625 4602 Christo
1678 4549 1746 4602 de
1783 4563 1841 4602 se
1893 4546 2003 4618 ipsc

2117 4539 2289 4607 ἁγίων
2342 4537 2660 4607 λεγομένας,
2702 4535 2734 4606 ἢ
2772 4537 2901 4606 παρ’
2951 4535 3116 4588 αὐτοῦ
3173 4537 3300 4606 περὶ
3335 4533 3526 4588 ἑαυτοῦ
3553 4550 3568 4566 ·
3601 4533 3694 4586 καὶ

421 4637 586 4693 dictae
643 4645 805 4704 sunt;
851 4647 909 4693 et
963 4639 1095 4693 alias
1147 4639 1371 4707 quidem
1413 4639 1626 4693 homini
1677 4655 1927 4694 seorsum
1976 4653 2007 4692 a

421 4729 521 4786 Dei
555 4731 737 4786 Verbo
766 4730 1116 4786 considerato
1137 4731 1398 4795 ascribit,
1424 4731 1558 4785 alias
1586 4746 1718 4786 vero
1746 4741 2007 4800 tanquam

424 4821 480 4874 in
520 4820 762 4876 divinam
792 4824 1130 4894 majestatem
1185 4822 1574 4876 convenientes
1603 4863 1617 4884 ,
1673 4821 1774 4876 soli
1830 4821 2010 4876 Verbo

421 4909 570 4980 quod
604 4925 671 4964 ex
697 4912 810 4966 Deo
840 4913 998 4966 Patre
1021 4919 1125 4975 est,
1157 4912 1562 4976 accommodat,
1601 4913 1890 4968 anathema
1914 4914 2006 4968 sit.

491 5001 554 5056 V.
589 5000 645 5056 Si
679 5005 805 5073 quis
835 5005 1019 5060 dicere
1046 5004 1232 5068 audet,
1269 5003 1548 5058 Christum
1573 5021 1696 5059 esse
1729 5005 2008 5058 hominem

424 5092 697 5150 deiferum
729 5104 786 5151 et
816 5111 924 5151 non
957 5096 1139 5167 potius
1171 5096 1341 5150 Deum
1372 5111 1563 5150 verum
1583 5136 1595 5160 ,
1623 5103 1811 5164 utpote
1840 5111 2010 5148 unum

425 5188 843 5258 naturalemque
888 5189 1118 5254 Filium,
1156 5199 1427 5258 quatenus
1465 5186 1724 5240 nimirum
1768 5187 2007 5240 Verbum

425 5289 557 5328 caro
587 5276 814 5343 factum,
849 5281 1001 5334 carni
1025 5291 1082 5336 et
1116 5281 1366 5351 sanguini
1391 5279 1620 5350 perinde
1647 5293 1709 5332 ac
1734 5293 1833 5332 nos
1856 5293 2006 5331 com-

426 5365 799 5421 municavit"
823 5409 837 5432 ,
873 5371 1162 5425 anathema
1197 5372 1286 5426 sit.

2114 4633 2214 4694 τὰς
2243 4632 2338 4702 μὲν
2365 4631 2440 4694 ὼς
2469 4628 2741 4700 ἀνθρώπῳ
2770 4628 2922 4699 παρὰ
2944 4626 3034 4679 τὸν
3061 4629 3123 4680 ὲκ
3146 4625 3281 4679 Θεοῦ
3310 4625 3482 4694 Λόγον
3512 4623 3696 4686 ἰδικῶς

2116 4725 2391 4795 νοουμένῳ
2438 4723 2784 4792 προσάπτει,
2820 4721 2919 4784 τὰς
2964 4720 3018 4772 δὲ
3067 4719 3143 4782 ὼς
3181 4719 3505 4789 θεοπρεπεῖς
3549 4717 3696 4786 μόνῳ

2115 4816 2193 4886 τῷ
2221 4820 2285 4869 ὲκ
2313 4814 2446 4868 Θεοῦ
2476 4815 2689 4886 Πατρὸς
2715 4814 2897 4884 Λόγῳ,
2937 4813 3184 4883 ἀνάθεμα
3214 4812 3376 4864 ἔστω.

2187 4992 2264 5044 E'.
2310 4992 2378 5044 Et'
2415 5008 2499 5053 τις
2541 4989 2716 5059 τολμᾷ
2746 4989 2950 5056 λέγειν,
2984 4988 3240 5058 θεοφόρον
3280 4986 3567 5057 ἄνθρωπον
3605 4984 3696 5038 τδν

2117 5085 2351 5154 Χριστὸν
2374 5124 2389 5146 ,
2426 5084 2520 5135 καὶ
2552 5082 2672 5151 οὐχὶ
2713 5081 2777 5152 δὴ
2820 5081 3020 5150 μᾶλλον
3056 5081 3190 5134 Θεὸν
3220 5075 3360 5132 εἷναι
3389 5080 3530 5132 κατά
3560 5077 3696 5146 ἀλή-

2115 5178 2289 5242 θειαν,
2325 5176 2402 5238 ὡς
2448 5176 2575 5228 Υίὸν
2604 5175 2701 5227 ἐνα
2749 5175 2842 5226 καὶ
2873 5173 3032 5242 φύσει
3062 5215 3076 5237 ,
3109 5173 3245 5226 καθὸ
3277 5173 3466 5242 γέγονε
3501 5170 3637 5241 σὰρξ
3668 5170 3697 5222 ό

2115 5269 2308 5336 Λόγος,
2351 5266 2444 5320 καὶ
2475 5265 2842 5336 κεκοινώνηκε
2873 5266 3270 5337 παραπλησίως
3299 5266 3434 5336 ἡμῖν
3466 5263 3696 5331 αἵματος

2113 5365 2208 5416 καὶ
2241 5361 2462 5431 σαρκὸς,
2501 5359 2749 5428 ἀνάθεμα
2787 5356 2946 5410 ἔστω.

501 5504 726 5563 "Joau.
750 5521 786 5568 ι,
815 5505 865 5568 l,
895 5505 948 5558 εὶ.
1028 5509 1069 5538 ⁷¹
1095 5508 1230 5563 Gen.
1267 5525 1343 5572 ιιι,
1389 5509 1470 5564 16.
1551 5508 1596 5539 ⁷³
1627 5507 1764 5561 Osce
1795 5521 1908 5569 xnl,
1935 5504 1996 5557 li

2121 5501 2140 5531 ³
2166 5500 2267 5554 lsa.
2301 5514 2438 5560 xxv,
2486 5497 2536 5551 8.
2617 5499 2663 5528 ⁷⁵
2691 5497 2846 5552 Joan.
2875 5510 2932 5558 ιι,
2969 5493 2986 5546 l
3020 5509 3173 5563 seqq.
3250 5491 3482 5546 "llehr.
3509 5506 3567 5554 ιι,
3608 5489 3696 5546 l-l.

1496 5646 1666 5702 Varia:
1704 5645 1967 5700 lectiones
2001 5642 2210 5699 codicis
2240 5638 2605 5711 chuieriani.

506 5735 524 5775 ‘
565 5731 745 5800 λόγου.
