4028 6208
272 359 369 413 ii!

1655 357 1990 417 EPISTOLA
2028 360 2186 417 XVII.

3424 363 3527 416 1ίᾶ

345 483 448 547 ς’,
485 478 552 530 ει
579 492 658 538 τις
686 472 864 543 τολμᾷ
912 471 1114 543 λέγειν,
1144 472 1339 543 Θεδνῆ
1379 472 1659 543 Δεσπότην
1706 471 1844 528 εἶναι

2023 473 2110 529 Vl.
2143 472 2201 528 Si
2231 472 2357 543 quis
2386 474 2483 528 Dei
2506 474 2681 530 Patris
2709 472 2973 541 Verbum,
2997 475 3204 530 Christi
3227 475 3397 530 Deum
3437 476 3524 531 vel

263 570 371 624 τοῦ
407 567 639 642 Χριστοῦ
662 567 759 621 τὸν
784 568 852 623 ὲκ
884 565 1021 621 Θεοῦ
1050 564 1262 635 [ἰατρὸς
1291 565 1485 633 Λόγον,
1520 566 1614 618 καὶ
1636 565 1757 635 οὐχὶ
1784 564 1850 636 δὴ

269 659 479 729 μᾶλλον
504 658 599 711 τὸν
629 657 794 712 αὐτὸν
826 656 1083 728 ὁμολογεῖ
1106 655 1240 709 Θεὸν
1263 654 1402 726 ὁμοῦ
1422 672 1483 708 τε
1518 655 1615 708 καὶ
1644 654 1853 726 ἄνθρω-

264 773 386 819 πον,
419 755 499 815 ὡς
525 751 819 820 γεγονότος
844 750 1050 822 σαρκὸς
1072 748 1167 803 τοῦ
1195 748 1392 817 Λόγου,
1415 747 1559 803 κατά
1586 746 1684 811 τὰς
1707 747 1851 817 Βρα-

259 848 387 917 (ρᾶς,
417 844 681 914 ἀνάθεμα
710 843 887 909 ⁸[στω.

323 957 399 1009 Z'.
434 955 507 1008 Et
538 954 630 1018 τίς
662 970 831 1025 φησιν
853 993 868 1017 ,
895 952 971 1016 ὡς
998 952 1287 1023 ἄνθρωπον
1320 947 1654 1022 ἐνηργῆσθαι
1697 948 1853 1020 παρά

254 1047 345 1100 ωῦ
371 1045 515 1100 Θεοῦ
546 1045 731 1113 Λόγου
750 1045 842 1097 τὸν
882 1042 1112 1113 Ἰησοῦν,
1144 1041 1242 1094 xui.
1265 1039 1365 1112 τὴν
1393 1038 1488 1094 τοῦ
1514 1039 1851 1105 Μονογενοῦς

253 1137 511 1204 εὐδοξίαν
530 1148 563 1175 ιι
594 1135 921 1207 περιῆφθαι,
951 1134 1026 1198 ὡς
1053 1133 1241 1205 ἓτερον
1273 1142 1304 1171 ν
1323 1133 1454 1203 παρ’
1475 1130 1639 1185 αὐτὸν
1674 1130 1852 1202 ὑπάρ-

253 1245 421 1299 χοντα
446 1235 502 1293 ι,
530 1227 792 1296 ἀνάθεμα
824 1226 986 1281 ἔστω.

323 1336 409 1391 H’.
444 1337 519 1391 Et
546 1354 635 1399 τις
659 1335 924 1405 τολμήσει
954 1343 982 1379 ῐ
1005 1332 1188 1401 λέγειν
1221 1331 1315 1385 τὸν
1348 1330 1728 1402 ἀναληφθέντα
1755 1331 1851 1386 ἄν-

253 1430 482 1500 θρωπον
530 1424 1076 1499 συμπροσκυνείσθαι
1113 1425 1225 1477 δεῖν
1253 1423 1331 1494 τῷ
1365 1422 1485 1494 Θεῷ
1527 1423 1709 1494 Λόγῳ,
1753 1423 1851 1476 καὶ

256 1518 715 1584 συνδοξάςεσθαι,
754 1517 851 1570 καὶ
891 1512 1360 1586 συγχρηματίζειν
1392 1513 1524 1565 Θεὸν
1560 1522 1606 1579 ⁸,
1635 1513 1710 1576 ὡς
1733 1513 1850 1566 ἓτε-

254 1627 347 1680 ρον
380 1612 443 1662 ὲν
464 1608 645 1678 ἑτέρῳ
674 1606 758 1676 (τὸ
777 1605 908 1675 γὰρ,
936 1603 1079 1667 σὺν,
1110 1603 1198 1657 ἀεὶ
1216 1600 1665 1672 προστιθέμενον,
1692 1601 1851 1655 τοῦτο

253 1701 399 1752 νοεῖν
427 1693 822 1769 ἀναγκάζει),
856 1693 951 1747 καὶ
974 1691 1098 1761 οὐχὶ
1122 1689 1186 1762 δὴ
1229 1689 1431 1759 μᾶλλον
1464 1692 1562 1760 μιᾷ
1605 1708 1842 1761 προσκυ-

254 1793 411 1862 νήσει
455 1790 599 1862 τιμᾷ
626 1789 722 1842 τὸν
758 1783 1124 1857 Ἐμμανουὴλ,
1158 1781 1252 1836 καὶ
1292 1781 1605 1873 μίαναύτῷ
1629 1783 1728 1852 τὴν
1756 1782 1845 1835 δο-
1880 1813 1925 1873 Β

257 1882 509 1949 ξολογᾶιν
566 1878 918 1950 ἀναπέμπει,
967 1875 1101 1930 καθὸ
1147 1874 1338 1945 γέγονε
1391 1872 1529 1943 σὰρξ
1564 1875 1592 1927 ό
1632 1874 1807 1942 Λόγος
1830 1912 1848 1939 ,

257 1976 514 2045 ἀνάθεμα
543 1973 718 2026 ἔστω.

322 2152 403 2206 Θν.
419 2148 492 2204 Εἴ
508 2150 601 2213 τίς
612 2146 861 2219 φησιτδν
887 2145 986 2200 ἕνα
1008 2142 1214 2216 Κύριον
1226 2138 1436 2212 Ἰησοῦν
1453 2140 1687 2214 Χριστὸν
1702 2139 1847 2194 δεδο-

257 2243 452 2311 ξάσθαι
500 2241 658 2313 παρά
703 2238 799 2295 τοῦ
833 2237 1152 2309 Πνεῦματος
1194 2236 1271 2299 ὡς
1313 2233 1572 2304 ἀλλοτρίᾳ
1616 2232 1846 2303 δυνάμει

258 2338 328 2406 τῇ
358 2334 428 2387 δι’
474 2330 648 2386 αὑτοῦ
687 2329 1000 2401 χρώμενον,
1045 2328 1139 2381 καὶ
1167 2326 1299 2397 παρ’
1330 2320 1497 2378 αὐτοῦ
1527 2321 1759 2376 λαϐόντα
1785 2320 1848 2375 τὸ

259 2428 500 2498 ἑνεργεῖν
528 2422 798 2477 δύνασθαι
830 2419 974 2474 κατά
1016 2417 1341 2488 πνευμάτων
1370 2414 1722 2485 ἀκαθάρτων,
1751 2412 1845 2466 καὶ

258 2521 314 2574 τὸ
334 2518 585 2590 πληροῦν
612 2518 697 2581 εἰς
726 2512 1049 2584 ἀνθρώπους
1080 2509 1177 2572 τὰς
1204 2506 1531 2578 θεοσημείας
1551 2547 1567 2570 ,
1598 2505 1694 2560 xui.
1724 2504 1847 2575 οὐχὶ

257 2612 317 2683 δὴ
350 2609 564 2682 μᾶλλον
608 2608 744 2660 ἴδιον
771 2604 938 2659 αὑτοῦ
967 2602 1029 2657 τὺ
1058 2601 1287 2673 Πνεῦμά
1323 2616 1457 2670 φησι
1486 2639 1502 2666 ,
1550 2598 1621 2652 δι’
1649 2592 1711 2652 οὗ
1750 2598 1845 2651 καὶ

257 2705 525 2775 ἑνήργηκε
553 2700 657 2764 τάς
681 2696 1025 2770 θεοσημείας,
1061 2693 1309 2764 ἀνάθεμα
1338 2690 1501 2746 ἔστω.

318 2907 375 2962 l.
424 2902 728 2975 ’Δρχιερέα
769 2901 866 2955 καὶ
893 2896 1192 2953 ἀπόστολον
1232 2895 1331 2964 τῆς
1366 2888 1661 2963 ὁμολογίας
1684 2888 1843 2958 ἡμῶν

252 2994 587 3067 γεγενῆσθαι
629 2988 868 3061 Χριστὸν
892 2990 926 3058 ἡ
956 2986 1077 3040 θεία
1109 2984 1261 3052 λέγει
1287 2981 1503 3052 Γραφὴ,
1534 2992 1841 3067 προσκεκος

256 3064 473 3152 mutva:
521 3081 671 3150 ὑπὲρ
716 3078 875 3149 ἡμῶν
914 3074 1110 3129 ἑαυτὸν
1144 3073 1224 3137 εἰς
1271 3070 1447 3141 ὀσμὴν
1489 3068 1715 3130 εὐωδίας
1763 3064 1840 3136 τῷ

1956 563 2247 617 Dominum
2276 578 2397 619 esse
2425 564 2648 629 dixerit;
2678 578 2859 634 neque
2894 574 3019 635 post
3050 565 3287 621 Verbum
3320 580 3522 620 secun-

1954 655 2088 710 dum
2144 656 2455 726 Scripturas
2512 658 2878 724 incarnatum,
2937 674 3109 713 unum
3160 656 3526 726 eumdemque

1954 746 2126 800 Deum
2171 748 2335 801 simul
2390 756 2446 802 et
2485 747 2766 804 hominem
2815 764 2937 804 esse
2992 749 3276 804 confessus
3328 747 3522 812 fuerit,

1953 838 2242 892 anathema
2264 839 2353 893 sit.

2025 947 2136 1001 VII.
2167 946 2225 1003 Si
2260 948 2385 1018 quis
2426 949 2613 1005 Jesum
2646 950 2928 1006 Christum
2964 961 3025 1006 ut
3048 952 3326 1007 hominem
3354 968 3385 1007 a
3412 951 3527 1008 Dco

1951 1038 2135 1095 Verbo
2172 1048 2434 1109 operante
2473 1050 2685 1096 motum
2718 1041 2888 1099 fuisse
2916 1043 3135 1108 dixerit,
3168 1054 3223 1099 et
3247 1042 3525 1113 Unigeniti

1951 1131 2124 1200 gloria
2151 1131 2322 1187 fuisse
2366 1132 2767 1188 circumdatum
2801 1136 2957 1204 quasi
2996 1136 3231 1190 alterum
3271 1136 3341 1190 ab
3369 1135 3524 1204 ipso,

1952 1221 2242 1276 anathema
2268 1222 2358 1278 sit.

2021 1335 2158 1391 Vill.
2194 1337 2251 1392 Si
2283 1338 2408 1407 quis
2438 1339 2715 1394 hominem
2738 1348 3103 1409 assumptum,
3125 1356 3235 1394 una
3252 1356 3376 1395 cum
3406 1339 3525 1409 ipso

1951 1425 2046 1479 Dei
2074 1427 2254 1482 Verbo
2284 1428 2648 1496 adorandum,
2686 1446 2794 1485 una
2828 1446 2954 1485 cum
2990 1430 3084 1484 illo
3108 1438 3366 1500 tanquam
3391 1430 3523 1485 alte-

1954 1530 2073 1567 rum
2105 1515 2160 1570 in
2193 1516 2364 1571 altero
2396 1519 2771 1583 exsistentem,
2800 1520 2971 1574 Deum
3003 1520 3388 1589 appellandum
3403 1535 3525 1575 esse

1949 1603 2139 1660 dicere
2177 1622 2346 1661 ausus
2382 1607 2559 1667 fuerit
2601 1609 2771 1681 (hunc
2803 1610 2949 1665 enim
2982 1610 3323 1665 intellectum
3354 1611 3523 1679 parti-

1949 1695 2093 1761 cula,
2126 1714 2275 1763 cum,
2320 1698 2530 1770 adjecta
2571 1709 2837 1770 perpetuo
2891 1709 2948 1756 et
2978 1700 3291 1756 necessario
3328 1701 3525 1756 aﬂ'erre

1950 1788 2279 1858 consuevit),
2321 1797 2377 1844 et
2418 1806 2528 1844 non
2570 1806 2680 1845 una
2728 1792 2912 1860 potius
2949 1792 3267 1847 adoratione
3305 1792 3526 1846 Emma-

1948 1875 2167 1930 nuelem
2199 1879 2305 1948 77
2352 1879 2604 1943 honorat,
2648 1894 2922 1949 unamque
2964 1879 3044 1933 illi
3073 1879 3523 1949 gloriﬁcationem

1947 1966 2221 2032 attribuit,
2262 1978 2533 2038 quatenus
2568 1971 2805 2026 Verbum
2848 1970 3051 2026 factum
3079 1980 3166 2026 est
3199 1986 3360 2037 caro,
3395 1987 3527 2027 ana-

1948 2055 2132 2112 thema
2161 2059 2251 2113 sit.

2010 2148 2101 2203 IX.
2138 2148 2195 2204 Si
2218 2151 2344 2220 quis
2368 2168 2537 2207 unum
2559 2154 2851 2212 Dominum
2872 2161 3123 2209 nostrum
3153 2153 3340 2209 Jesum
3359 2154 3525 2215 Chri-

1948 2247 2090 2294 stum
2121 2256 2152 2295 a
2181 2240 2389 2312 Spiritu
2418 2253 2609 2299 sancto
2638 2245 2999 2315 gloriﬁcatum
3021 2246 3236 2311 asserit,
3267 2255 3523 2317 tanquam

1946 2332 2124 2386 aliena
2154 2333 2358 2389 virtute
2398 2350 2560 2390 usum
2586 2351 2651 2390 ea
2691 2352 2814 2405 qua;
2849 2352 2948 2407 per
2976 2338 3155 2407 ipsum
3195 2347 3307 2405 est;
3340 2338 3524 2394 eﬂica-
3592 2364 3616 2385 ι

1947 2423 2218 2492 ciamque,
2253 2440 2359 2494 qua
2402 2434 2595 2482 contra
2636 2426 2948 2481 immundos
2978 2428 3210 2498 spiritus
3251 2438 3523 2494 uteretur,

1944 2522 2001 2567 et
2038 2512 2225 2567 divina
2272 2514 2416 2569 inter
2462 2515 2716 2571 homines
2748 2516 3011 2572 miracula
3059 2527 3413 2588 operaretur,
3452 2518 3525 2572 ab

1946 2603 2065 2673 ipso
2110 2604 2305 2658 eodem
2358 2606 2637 2675 accepisse
2683 2607 2945 2676 praedicat
2972 2617 3029 2663 et
3082 2625 3193 2664 non
3236 2609 3523 2680 proprium

1944 2694 2093 2750 illius
2114 2695 2192 2749 ait
2211 2710 2331 2751 esse
2364 2696 2650 2765 Spiritum,
2675 2714 2776 2767 per
2796 2714 2963 2768 quem
2998 2700 3183 2755 divina
3222 2701 3376 2771 signa
3401 2702 3524 2757 edi-

1945 2784 2056 2851 dit,
2087 2787 2375 2841 anathema
2404 2789 2499 2842 sit.

2014 2895 2082 2949 Χ.
2122 2894 2403 2950 Christum
2439 2897 2627 2953 Jesum
2674 2907 2874 2955 nostrae
2915 2900 3278 2955 confessionis
3305 2899 3521 2971 pontiﬁ-

1943 3001 2062 3041 cem
2088 2995 2144 3040 et
2170 2988 2476 3057 apostolum
2504 2989 2779 3045 exstitisse
2799 2990 2868 3055 "',
2909 2991 3272 3061 eumdemquc
3317 2999 3511 3047 semet-

1943 3078 2120 3147 ipsum
2151 3094 2252 3148 pro
2284 3078 2446 3134 nobis
2481 3080 2537 3134 in
2565 3080 2792 3135 odorem
2829 3082 3119 3137 suavitatis
3148 3083 3260 3137 Deo
3288 3092 3345 3137 et
3370 3082 3519 3137 Patri

248 3175 369 3244 Θεῷ
398 3173 504 3225 mi.
534 3169 733 3240 Πατρε.
768 3168 833 3220 Εἰ
850 3183 935 3229 τις
969 3165 1151 3217 τοίνυν
1184 3162 1450 3233 ἀρχιερέα
1476 3160 1570 3213 καὶ
1598 3158 1835 3213 ἀπόστο-

1946 3165 2205 3222 obtulisse
2222 3168 2289 3232 ⁸⁷⁷,
2325 3168 2511 3223 divina
2549 3168 2834 3240 Scriptura
2863 3180 3276 3227 commemorat.
3315 3172 3372 3228 Si
3396 3173 3522 3243 quis

246 3266 343 3319 λον
365 3262 540 3334 ἡμῶν
577 3257 902 3329 γεγενῆσθαί
944 3272 1131 3327 φησιν,
1177 3254 1280 3306 οὐκ
1305 3250 1467 3304 αὑτὸν
1494 3249 1586 3303 τὸν
1609 3250 1675 3302 ἐκ
1700 3246 1836 3300 Θεοῦ

245 3356 463 3424 Λόγον,
496 3355 586 3406 ὅτε
627 3352 808 3420 γέγονε
853 3347 995 3420 σάρξ
1037 3347 1131 3401 καὶ
1170 3346 1292 3399 καθ’
1327 3344 1473 3414 ἡμᾶς
1515 3340 1836 3410 ἄνθρωπος,

245 3448 376 3504 ἀλλ’
401 3447 483 3510 ὡς
522 3446 703 3516 ἕτερον
745 3441 876 3514 παρ’
904 3439 1068 3494 αὑτὸν
1101 3437 1288 3500 ima;
1316 3435 1605 3503 ἄνθρωπον
1632 3432 1697 3485 ὲκ
1737 3447 1839 3500 γυ·-

244 3540 440 3603 ναικός
464 3545 475 3552 ’
510 3537 544 3607 ἢ
583 3538 640 3590 et
661 3553 745 3599 τις
771 3535 919 3604 λέγει
940 3572 955 3596 ,
1003 3532 1096 3587 καὶ
1131 3529 1272 3599 ὑπὲρ
1303 3526 1498 3580 ἑαυτοῦ
1538 3540 1837 3596 προσενεγ-

247 3634 361 3687 κεῖν
389 3631 559 3685 αὐτὸν
591 3629 694 3700 τὴν
725 3625 1063 3699 προσφορὰν,
1099 3624 1193 3677 καὶ
1220 3610 1341 3691 οῦχὶ
1364 3620 1429 3691 δὴ
1463 3618 1665 3689 μᾶλλον
1697 3616 1837 3686 ὑπὲρ

250 3728 426 3795 μόνων
461 3722 623 3795 ἡμῶν
651 3722 734 3789 (οὐ
757 3719 954 3790 γὰρᾶν
978 3716 1172 3789 ἐδεήθη
1195 3712 1512 3785 προσφορᾶς
1536 3711 1565 3763 ὁ
1590 3709 1663 3780 μὴ
1680 3706 1835 3770 εἰδὼς

249 3819 524 3890 ἁμαρτίαν
540 3817 586 3885 ),
610 3812 863 3883 ἀνάθεμα
890 3810 1051 3866 ἔστω.

1938 3274 2070 3330 ergo
2095 3259 2318 3325 dixerit,
2343 3263 2663 3332 pontiﬁcem
2713 3264 2770 3319 et
2801 3266 3110 3335 apostolum
3133 3276 3384 3322 nostrum
3409 3282 3519 3322 non

1939 3365 2059 3406 esse
2090 3353 2448 3407 constitutum
2491 3354 2671 3424 ipsum
2707 3356 2804 3412 Dei
2850 3357 3112 3422 Verbum,
3163 3364 3519 3428 posteaquam

1938 3457 2068 3497 caro
2098 3452 2154 3498 et
2185 3444 2351 3499 homo
2383 3446 2543 3500 nobis
2573 3447 2767 3503 similis
2805 3449 3011 3504 iactum
3059 3459 3177 3516 est;
3214 3449 3309 3504 sed
3335 3449 3519 3503 homi-

1938 3549 2064 3589 nem
2103 3535 2278 3602 illum,
2312 3537 2405 3607 qui
2428 3554 2494 3592 cx
2526 3538 2757 3595 muliere
2786 3550 2948 3595 natus
2969 3548 3073 3605 est,
3105 3541 3258 3610 quasi
3284 3541 3518 3594 alterum

1937 3626 2249 3696 quempiam
2285 3628 2353 3681 ab
2382 3628 2502 3696 ipso
2524 3628 2803 3683 diversum
2837 3639 2972 3684 :aut
3007 3631 3053 3684 si
3077 3622 3202 3701 quis
3238 3632 3515 3686 Christum

1937 3727 2038 3781 pro
2069 3714 2251 3782 seipso
2283 3730 2503 3784 quoque
2524 3757 2538 3779 ,
2583 3725 2639 3771 et
2669 3734 2797 3771 non‘
2822 3719 3009 3787 potius
3052 3736 3155 3789 pro
3188 3720 3349 3776 nobis
3382 3723 3517 3779 solis

1936 3802 2271 3858 sacriﬁcium
2317 3805 2586 3860 obtulisse
2639 3806 2991 3862 aliirmaverit
3035 3811 3234 3880 (neque
3282 3813 3430 3866 enim
3471 3813 3516 3869 is

1820 3881 1839 3903 “
1936 3895 2215 3950 oblatione
2232 3911 2370 3965 Opus
2392 3897 2650 3963 habebat,
2677 3899 2773 3968 qui
2800 3900 3013 3956 nullum
3049 3912 3336 3973 peccatum
3362 3920 3513 3961 com-

314 4080 421 4133 ιΑν.
471 4076 544 4130 Εἴ
579 4092 669 4138 τις
703 4075 802 4145 οὐχ
847 4071 1103 4143 ὁμολογεῖ
1143 4069 1243 4139 τὴν
1278 4067 1371 4122 τοῦ
1419 4067 1626 4139 Κυρίου
1656 4068 1834 4137 σάρκα

249 4170 519 4237 ζωοποιδν
552 4165 719 4232 εἶναι,
752 4167 846 4219 καὶ
877 4164 1013 4218 ἰδίαν
1035 4160 1199 4214 αὐτοῦ
1230 4158 1321 4213 τοῦ
1347 4161 1410 4213 ὲκ
1442 4158 1575 4213 Θεοῦ
1615 4158 1835 4227 Πατρὸς

248 4263 447 4329 Λόγου,
478 4259 594 4313 ἀλλ’
620 4259 696 4322 ὡς
717 4257 905 4327 ἐτέρου
935 4256 1079 4319 τινὸς
1109 4254 1237 4324 παρ’
1271 4248 1831 4321 αὐτὸν,,συνημμένου

251 4353 347 4421 μὲν
370 4350 528 4421 αὐτῷ
564 4350 710 4405 κατά
738 4351 837 4420 τὴν
870 4349 1049 4414 ἀξίαν,
1111 4347 1300 4417 ἤγουν,
1355 4345 1432 4407 ὡς
1468 4344 1637 4415 μόνην
1683 4342 1833 4395 θείαν

248 4443 524 4513 ἐνοίκησιν
544 4454 572 4481 ι
602 4440 901 4510 ἐσχηκότος
922 4456 935 4468 ’
956 4439 1050 4492 καὶ
1077 4438 1200 4507 οὐχὶ⁵
1223 4436 1288 4506 δὴ
1315 4434 1515 4506 μᾶλλον
1546 4432 1831 4500 ζωοποιὸν,

248 4534 318 4598 ὡς
343 4505 584 4605 ἔφημεν,
722 4505 946 4601 γέγονεν
978 4531 1081 4585 ἰδία
1113 4505 1208 4584 τοῦ
1238 4505 1412 4598 Λόγου
1438 4527 1532 4582 τοῦ
1560 4527 1630 4581 τὰ
1651 4525 1829 4581 πάντα
1862 4505 1905 4558 D

246 4626 535 4695 ζωογονεῖν
572 4624 870 4695 ἰσχύοντος,
894 4622 1143 4693 ἀνάθεμα
1171 4621 1330 4675 ἔστω.

317 4842 425 4894 1Β¹.
472 4841 541 4894 Εἴ
570 4858 657 4905 τις
681 4842 781 4913 οὐχ
817 4841 1073 4913 ὁμολογεῖ
1098 4839 1187 4892 τὸν
1214 4838 1309 4892 τοῦ
1337 4836 1473 4890 Θεοῦ
1510 4835 1681 4902 Λόγον
1715 4849 1824 4886 πα-

243 4930 417 4985 θόντα
450 4932 627 5002 σαρκὶ,
654 4932 750 4984 καὶ
782 4928 1196 5000 ἐσταυρωμένον
1227 4929 1430 4998 σαρκὶ,
1463 4926 1559 4978 καὶ
1588 4922 1820 4977 θανάτου

241 5022 584 5092 γευσάμενον
622 5023 825 5095 σαρκὶ,
855 5022 1117 5092 γεγονότα
1148 5038 1207 5073 τε
1242 5017 1583 5088 πρωτότοκον
1620 5017 1683 5067 ἐκ
1712 5013 1822 5067 τῶν

242 5113 478 5185 νεκρῶν,
523 5114 658 5167 καθὸ
685 5113 800 5183 ζωή
828 5112 890 5165 τέ
944 5113 1060 5164 εστι
1097 5110 1192 5163 καὶ
1228 5106 1492 5173 ζωοποιὸς
1530 5105 1607 5168 ὡς
1652 5103 1814 5173 Θεὸς,

242 5206 493 5277 ἀνάθεμα
517 5205 678 5261 ἔστω.

310 5444 359 5478 ⁷⁸
396 5445 565 5502 Bebr.
598 5461 677 5512 ιιι,
714 5446 766 5499 1.
836 5446 881 5479 ⁷⁷
913 5444 1113 5515 Ephes.
1154 5463 1204 5513 v,
1233 5445 1287 5500 2.
1358 5445 1404 5477 ⁷³
1428 5444 1637 5501 Coloss.
1670 5442 1824 5511 1,18.

1935 3986 2207 4055 miserat),
2244 3990 2536 4045 anathema
2562 3991 2654 4045 sit.

2007 4076 2097 4131 Xl.
2133 4077 2190 4132 Si
2230 4080 2353 4149 quis
2388 4080 2560 4150 ipsam
2602 4083 2816 4139 Domini
2849 4101 3073 4141 carnem
3109 4085 3404 4153 viviﬁcam,
3435 4088 3522 4158 ip-

1936 4166 2161 4236 siusque
2218 4169 2385 4224 Verbi
2435 4171 2581 4240 quod
2615 4189 2681 4228 ex
2720 4175 2880 4230 Patre
2926 4182 3043 4241 est,
3091 4177 3365 4246 propriam
3393 4193 3514 4234 esse

1934 4259 2234 4328 negaverit,
2264 4260 2360 4315 sed
2393 4263 2619 4318 alterius
2642 4265 2948 4336 cujuspiam
2973 4265 3077 4336 ipsi
3107 4266 3287 4322 Verbo
3312 4282 3515 4322 secun-

1934 4346 2065 4400 dum
2090 4348 2411 4419 dignitatem
2460 4359 2669 4408 tantum
2694 4355 3008 4427 conjuncti,
3033 4357 3137 4411 hoc
3156 4365 3242 4412 cst
3270 4357 3512 4412 divinam

1935 4447 2147 4494 tantum
2173 4441 2626 4500 inhabitationem
2662 4448 2867 4513 sortiti,
2900 4464 3021 4503 esse
3059 4449 3295 4513 dixerit;
3331 4464 3512 4517 neque

1933 4546 2064 4587 vero
2089 4533 2271 4602 potius
2296 4535 2568 4590 viviﬁcam
2591 4538 2875 4594 confessus
2905 4539 3092 4604 fuerit,
3118 4549 3178 4594 ut
3208 4539 3375 4593 modo
3396 4555 3511 4595 me—

1926 4626 2212 4693 minimus,
2235 4643 2303 4683 eo
2327 4630 2474 4698 quod
2496 4631 2681 4698 Verbi,
2710 4634 2858 4702 quod
2892 4633 3077 4688 omnia
3105 4631 3383 4687 viviﬁcare
3409 4646 3513 4701 po-

1927 4723 2056 4782 test,
2090 4718 2233 4773 facta
2271 4719 2342 4774 sit
2362 4722 2605 4792 prOpria,
2650 4724 2943 4778 anathema
2964 4725 3053 4779 sit.

1996 4828 2111 4883 XII.
2149 4829 2205 4885 Si
2236 4830 2359 4899 quis
2400 4847 2511 4885 non
2545 4832 2869 4898 conﬁtetur,
2896 4833 2993 4887 Dei
3025 4832 3268 4888 Verbum
3310 4848 3511 4886 secun~

1925 4918 2058 4974 dum
2085 4934 2307 4976 carnem
2326 4937 2567 4991 passum,
2600 4923 2904 4978 secundum
2921 4938 3142 4978 carnem
3162 4921 3506 4987 cruciﬁxum,

1929 5023 2274 5086 mortemque
2303 5016 2607 5071 secundum
2636 5032 2858 5072 carnem
2908 5024 3178 5087 gustasse,
3213 5024 3271 5071 et
3296 5016 3507 5086 primo-

1925 5108 2172 5179 genitum
2202 5110 2421 5165 tandem
2460 5126 2528 5166 ex
2561 5112 2796 5166 mortuis
2833 5110 3037 5166 factum
3067 5109 3277 5173 esse",
3309 5115 3507 5177 quate-

1924 5215 2031 5256 nus
2061 5200 2321 5258 videlicct
2359 5202 2470 5259 vita
2514 5211 2599 5260 cst
2641 5213 2697 5260 et
2737 5200 3016 5257 viviﬁcum
3060 5209 3121 5256 ut
3164 5201 3344 5268 Deus,
3376 5214 3510 5257 ana-

1925 5295 2116 5350 thema
2159 5294 2251 5351 sit.

1304 5600 1477 5656 Variae
1505 5599 1770 5655 lectiones
1802 5596 2010 5654 codicis
2034 5596 2392 5667 Seguieriani.

312 5768 343 5801 ι
372 5761 636 5828 ἐξουσίαν.
715 5773 744 5804 ν
778 5763 971 5835 ἑτέρῳ.
1053 5780 1078 5807 ι
1108 5766 1423 5837 ὑπάρχοντι.
1499 5776 1527 5815 θ’
1551 5764 1745 5836 τολμᾷ.

1827 5774 1848 5802 ι
1888 5761 2026 5834 Θεῷ.

2106 5775 2131 5803 ι
2161 5760 2452 5816 οἱκείωσιν.
