4028 6208
424 355 524 412 1'25

1405 354 1462 411 s.
1501 350 1780 419 CYRILLI
1818 340 2293 413 ALEXANDRiNi
2327 353 2645 417 ARCHIEP.

3563 356 3665 423 124

1619 626 1953 695 εριδτοω.
1991 628 2155 683 xvm
2196 626 2287 699 (ol.
2329 627 2493 698 xw).

1252 804 1457 843 σηιιιι
1493 806 1560 843 ΑΙ)
1591 804 1798 846 ειειιυιι
1830 805 2167 855 Ρορυιιυκρυε
2199 807 2876 848 CONSTANTISOPOLITANUI.

423 953 536 1025 78
560 948 812 1025 Ejusdem
841 942 1027 1025 Cyrilli
1050 942 1269 1025 epistola
1307 944 1376 996 ad
1403 944 1991 1025 clerum-populumque
2022 927 2056 986 Α

2137 945 2225 1025 οὗ·
2245 947 2475 1025 αὐτο-ῦδ
2509 946 2817 1025 Κυρὶλτῐου
2835 943 3129 1025 ἐπιστολὴ
3183 942 3487 1025 αγιςναςιθιιῒοτιίι⁸
3506 945 3669 1025 Δπρὸς

494 1015 1137 1087 ῖοηξςιαηιὶηοροίὶιαηιιιη
1174 1015 1283 1087 {in
1328 1016 1664 1087 quascribit,
1697 1032 1762 1068 ne
1816 1024 1993 1087 atten-

496 1092 627 1145 dant
660 1083 1121 1156 impiw'doctrina:
1167 1083 1397 1137 Nestorii
1442 1084 1851 1156 hwretici,rneve
1896 1086 1997 1156 ipsi

495 1155 908 1221 communicent,
961 1157 1005 1210 si
1058 1171 1153 1224 pro
1203 1160 1415 1224 pastore
1466 1164 1645 1208 manet
1690 1155 1842 1224 lupus
1871 1155 1997 1209 :sed

500 1231 665 1299 inagis
719 1226 943 1281 viriliter
970 1222 1139 1299 agunt
1166 1222 1221 1278 in
1252 1222 1518 1299 Domino,_
1540 1232 1590 1299 et
1644 1222 1797 1278 suam
1838 1224 1998 1299 ﬁdem

498 1293 822 1354 constantem
850 1293 1074 1351 servent.
1098 1293 1365 1347 Prwterea
1397 1295 1596 1358 scribit,
1620 1310 1675 1347 se
1709 1296 1999 1348 communi-

500 1386 621 1424 care
643 1384 758 1421 cum
791 1368 853 1419 iis
879 1366 970 1434 qui
1000 1381 1032 1416 a
1061 1362 1303 1435 Nestorio
1342 1361 1491 1433 ejecti
1530 1373 1677 1429 sunt,
1708 1366 1846 1435 quod
1885 1365 1998 1435 ejus

499 1441 747 1493 doctrina:
769 1434 1208 1491 contradixerint.

504 1681 883 1741 Dilectissimis
914 1695 979 1735 ac
1015 1678 1499 1735 desideratissimis
1535 1656 1834 1745 fratribus,
1876 1695 2003 1749 pre—

435 1776 689 1847 sbyteris,
715 1772 983 1835 diaconis,
1010 1770 1323 1842 populoque
1370 1770 2003 1840 Constantinopolitano,

434 1868 668 1939 Cyrillus
693 1864 1008 1935 episcopus,
1052 1870 1110 1918 et
1157 1860 1399 1931 synodus
1439 1876 1563 1931 qua:
1593 1877 1660 1916 ex
1691 1860 2013 1931 Egyptiaca

434 1957 661 2013 dimcesi
721 1952 1105 2010 Alexandriam
1162 1951 1454 2018 convenit,
1510 1952 1569 2007 in
1633 1952 1867 2007 Domino
1930 1967 2011 2007 sa.-

435 2052 628 2107 intem.

507 2161 696 2217 Serius
734 2171 792 2216 et
819 2161 913 2215 vix
940 2158 1163 2214 tandem
1201 2172 1270 2213 eo
1314 2154 1658 2218 devenimus,
1704 2167 1814 2221 quo
1853 2150 2019 2207 initio

2164 1016 2273 1069 τὸν
2288 1015 2520 1084 κλῆρον
2538 1017 2635 1070 καὶ
2657 1017 2763 1070 τὸν
2781 1016 2935 1069 λαὸν
2950 1014 3667 1084 Κωνσταντινουπόλεωςς

2165 1087 2235 1156 ἐν
2275 1081 2314 1156 ᾗ
2351 1081 2588 1156 γράερει,
2633 1085 2789 1141 ὣστε
2819 1085 2905 1153 μὴ
2944 1082 3284 1156 ,προσέχειν-
3324 1082 3671 1156 αὑτοὺς-τῇ

2167 1152 2838 1221 δυοῖὰεϐεἴδιδασκαλίῃ
2863 1154 2970 1208 τοῦ
2994 1152 3287 1220 αἰρετικοῦ
3314 1152 3670 1220 Νεστορίου,

2162 1226 2317 1295 μήτε
2333 1225 2783 1295 μὴνκοινωνεῖν
2805 1224 2994 1289 αὐτῷ,
3031 1225 3083 1295 ei
3105 1222 3275 1295 μένει
3316 1223 3506 1295 λύκος
3538 1223 3675 1295 ἀντὶ

2170 1291 2469 1364 ποιμένος
2502 1294 2662 1364 ἀλλὰ
2678 1295 2921 1364 μᾶλλον
2952 1291 3327 1364 ἀνδρίζεσθαι
3359 1291 3440 1364 ἐκ
3456 1292 3673 1358 Κυρίῳ,

2170 1362 2280 1418 καί
2306 1364 2421 1432 τὴν
2450 1362 2691 1420 ἑαυτῶν
2708 1365 2917 1417 πίστιν
2939 1362 3138 1429 τηρεῖν
3154 1362 3673 1432 ᾲὰπαρακόμιστον.

2176 1436 2307 1510 "En
2330 1427 2395 1487 re
2423 1434 2747 1510 γράφε-ικαὶ
2772 1427 3096 1510 κοινωνοὺς
3122 1427 3451 1510 sinauton
3466 1432 3678 1510 éxgln:

2173 1503 2386 1570 θέντας
2407 1502 2567 1572 παρὰ
2594 1504 2941 1572 Νεστορίου,
2968 1502 3359 1567 ἀντειπόντας
3385 1502 3573 1554 αὐτοῦ
3603 1502 3677 1566 τῇ

2174 1572 2553 1640 διδασκαλίᾳ.

2176 1685 2303 1748 Τοῖς
2333 1685 2635 1754 ἀγαπητοῖς
2677 1684 2772 1739 καὶ
2824 1683 3224 1749 ποθεινοτάτοις
3256 1681 3504 1750 ἀδελφοῖς
3548 1697 3679 1750 πρε-

2108 1776 2412 1847 σϐυτέροις,
2442 1776 2732 1840 διακόνοις,
2764 1774 2860 1828 καὶ
2890 1774 3004 1845 λαῷ
3037 1773 3678 1836 Κωνσταντινουπόλεως,
3718 1774 3721 1775 ⁷

2109 1866 2377 1938 Κύριλλος
2420 1866 2752 1930 ἐπίσκοπος,
2786 1866 2879 1918 καὶ
2927 1867 2961 1936 ἡ
2998 1864 3325 1918 συνελθοῦσα
3374 1863 3586 1925 σύνοδος
3625 1864 3694 1919 ἐν.

2123 1958 2499 2030 Ἀλεξανδρείᾳ
2525 1959 2587 2011 ἐκ
2614 1960 2713 2029 τῆς
2740 1957 3113 2027 Αἰγυπτιακῆς
3135 1956 3471 2029 διοικήσεως,
3494 1957 3552 2009 ἐν
3573 1954 3684 2008 Κύι-

2114 2052 2215 2123 ρίῳ
2244 2050 2472 2121 χαίρειν.

2194 2164 2321 2232 Ὀψέ
2357 2164 2476 2233 μὲν,
2507 2162 2600 2215 καὶ
2633 2162 2783 2233 μόλις
2812 2160 3057 2232 ἤλθομεν,
3082 2162 3168 2229 ἐφ’
3196 2160 3335 2231 ὅπερ
3365 2153 3432 2231 ἦν
3466 2158 3685 2228 ἄμεινον

438 2254 629 2308 venire
686 2250 1016 2321 oportebat,
1055 2263 1253 2318 nempe
1298 2256 1360 2302 ut
1402 2245 1709 2310 communis
1766 2245 2011 2298 omnium
2046 2262 2056 2316 ι

2137 2272 2172 2309 ,ν
2219 2256 2417 2325 ἀρχαῖς
2465 2252 2662 2319 ἐλθεῖν,
2710 2252 2772 2305 τὸ
2819 2251 3073 2322 φροντίδα
3126 2250 3312 2303 θέσθαι
3357 2247 3537 2317 φαμὲν
3590 2245 3687 2312 τῆς

438 2350 682 2397 vestrum
711 2339 905 2396 salutis
933 2353 1121 2395 curam
1152 2337 1577 2407 susciperemus,
1603 2351 1707 2391 nec
1737 2350 1837 2390 vos
1862 2335 2013 2392 circa

445 2435 610 2490 ﬁdem
638 2432 877 2488 tumultu
921 2429 1173 2501 quassari
1221 2429 1685 2499 permitteremus.
1738 2426 2012 2482 Casterum

440 2524 639 2579 vestris
660 2522 812 2578 hisce
841 2520 1086 2591 querelis
1108 2517 1523 2588 respondemus,
1544 2531 1645 2571 nos
1676 2517 2015 2587 praeteritum

443 2627 660 2687 tempus
686 2630 797 2670 non
831 2614 1038 2683 absque
1065 2613 1218 2667 luctu
1242 2618 1299 2666 et
1324 2604 1585 2683 iacrymis'
1612 2610 1858 2679 exegisse
1876 2650 1891 2674 ,
1919 2624 2016 2663 ex-

443 2715 755 2778 spectantes
788 2714 849 2762 ut
869 2703 1204 2759 venerabilis
1225 2702 1521 2772 episcopus
1548 2701 1860 2763 Nestorius,
1890 2714 2017 2754 cum

444 2795 695 2851 consiliis
724 2803 782 2850 et
804 2791 1276 2848 admonitionibus
1301 2788 1711 2856 ecclesiasticis,
1760 2797 1881 2842 tum
1920 2803 2019 2842 ve-

445 2896 620 2940 strum
642 2898 862 2954 quoque
884 2881 1131 2936 omnium
1156 2878 1630 2951 increpationibus
1650 2886 1953 2948 permotus,
1991 2892 2022 2931 a

447 2975 722 3047 perversis
756 2974 866 3029 illis
889 2971 1257 3040 absurdisque
1281 2970 1399 3025 suis
1423 2969 1772 3040 dogmatibus
1793 2968 2023 3024 recede-

449 3077 556 3131 ret,
586 3067 858 3136 iidemque
886 3081 918 3120 a
933 3064 1142 3120 sanctis
1164 3062 1426 3133 apostolis
1448 3070 1505 3117 et
1541 3060 1871 3131 evangelicis
1893 3060 2028 3115 scri-

451 3158 723 3228 ptoribus,
748 3172 853 3213 nec
896 3173 1009 3213 non
1034 3156 1105 3211 ab
1144 3156 1404 3212 universo
1444 3153 1792 3211 sacerdotum
1832 3153 2027 3209 ordine

452 3246 714 3301 Ecciesiis
744 3244 1022 3310 traditam,
1058 3251 1484 3313 sanctorumque
1512 3242 1904 3313 prophetarum
1934 3258 2030 3297 vo—

454 3336 613 3391 cibus
643 3345 700 3391 et
727 3336 988 3397 oraculis.
1019 3351 1090 3390 ne
1123 3334 1256 3405 quid
1287 3333 1606 3389 detrimenti
1630 3334 1831 3403 capiat,
1877 3333 2027 3388 obsi-

456 3436 674 3497 gnatam
717 3441 825 3480 una
874 3426 1163 3481 nobiscum
1207 3434 1504 3481 veneratus
1547 3426 2027 3495 complecteretur.

457 3516 595 3582 Quia
626 3532 759 3572 vero
781 3516 981 3587 partim
1007 3532 1075 3571 ex
1105 3516 1191 3571 his
1214 3532 1337 3586 qua:
1364 3516 1582 3586 publice
1614 3516 1761 3586 apud
1800 3531 1901 3571 vos
1932 3530 2032 3586 pro

2120 2345 2374 2399 ἁπάντων
2400 2343 2551 2412 ὑμῶν
2586 2341 2875 2412 σωτηρίας,
2912 2339 3124 2394 καὶτοῦ
3158 2339 3232 2409 μὴ
3268 2339 3465 2408 χρῆναι
3497 2335 3697 2399 παθεῖν.

2118 2437 2211 2490 τὸν
2241 2436 2332 2488 ἐπὶ
2364 2438 2430 2505 τῇ
2473 2435 2652 2487 πίστει
2695 2432 2940 2503 θόρυϐον.
2997 2428 3436 2499 Ἀπολογούμεθα
3477 2427 3533 2480 δέ
3571 2429 3695 2487 ταῖς

2122 2528 2377 2582 ἁπάντων
2409 2525 2563 2595 ὑμῶν
2604 2524 2690 2577 διὰ
2720 2522 2879 2576 τοῦτο
2914 2522 3143 2584 λύπαις·
3176 2518 3553 2586 διετελέσαμεν
3585 2515 3703 2584 γάρ

2122 2620 2222 2673 οὐκ
2268 2617 2534 2689 ἀδακρυτὶ
2568 2616 2659 2668 τὸν
2697 2612 3063 2685 παρῳχηκότα
3091 2611 3308 2681 καιρόνο
3348 2603 3695 2677 προσεδοκῶ-

2129 2729 2226 2783 μεν
2262 2712 2339 2774 δὲ,
2379 2712 2462 2764 ὅτι
2495 2708 2825 2779 συμϐουλαῖς
2852 2705 2948 2758 καὶ
2988 2702 3372 2773 παραινέσεσιν
3404 2698 3699 2767 ἐκκλησια-

2130 2805 2342 2866 στικαῖς
2365 2844 2379 2868 ,
2413 2802 2507 2855 καὶ
2548 2802 2662 2863 τοῖς
2707 2801 2857 2870 παρὰ
2891 2797 3110 2852 πάντων
3142 2792 3296 2865 ὑμῶν
3327 2790 3571 2860 ἐλέγχοις
3603 2805 3699 2858 με-

2127 2893 2463 2962 ταστήσεται,
2491 2890 2588 2960 μὲν
2611 2889 2720 2941 τῶν
2751 2885 3153 2959 ἀπηχεστάτων,
3191 2879 3383 2949 ἐαυτοῦ
3417 2878 3700 2947 δογμάτων

2130 2986 2159 3038 ὁ
2188 2983 2580 3044 εὐλαϐέστατος
2604 2979 2897 3042 ἐπίσκοπος
2923 2977 3233 3048 Νεστόριος,
3259 2975 3480 3045 τιμήσει
3502 2972 3558 3024 δὲ
3584 2971 3700 3041 μεθ’

2132 3075 2288 3147 ἡμῶν
2313 3074 2413 3145 τὴν
2438 3073 2641 3139 πίστιν,
2666 3072 2764 3143 τὴν
2788 3069 3182 3142 παραδοθεῖσαν
3207 3070 3326 3129 ταῖς
3359 3062 3707 3132 Ἐκκλησὶαις

2134 3168 2286 3240 παρά
2311 3183 2370 3219 τε
2393 3165 2501 3218 τῶν
2522 3164 2693 3232 ἁγίων
2718 3162 3029 3216 ἀποστόλων
3050 3160 3149 3217 καὶ
3168 3153 3588 3225 εὐαγγελιστῶν,
3612 3150 3708 3203 καὶ

2136 3261 2289 3332 παρὰ
2317 3258 2517 3321 παντὸς
2549 3254 2827 3327 ἱερατικοῦ
2856 3254 3135 3324 τάγματος
3153 3291 3167 3315 ,
3200 3251 3293 3303 καὶ
3320 3249 3439 3309 ταῖς
3480 3243 3568 3297 διὰ
3596 3242 3719 3297 τῶν,

2136 3352 2305 3423 ἁγίων
2351 3349 2647 3422 προφητῶν
2691 3349 2895 3416 φωναῖς
2942 3346 3021 3407 είς
3056 3344 3118 3396 τὸ
3156 3343 3299 3412 ἔχειν
3340 3336 3515 3409 ὀρθῶς
3573 3351 3707 3423 κατέ

2138 3422 2605 3515 εσφραγισμένην.
2651 3437 2869 3509 Ἐπειδὴ
2898 3438 2955 3491 δὲ
2990 3436 3084 3491 καὶ
3106 3434 3166 3498 ἐξ
3201 3426 3275 3486 ὧν
3303 3428 3431 3501 παρ’
3472 3427 3599 3497 ὑμῖν
3625 3422 3709 3476 ἐπ’

2142 3535 2434 3606 ἐκκλησίας
2462 3532 2638 3587 λαλῶν
2666 3532 2725 3584 οὐ
2765 3529 3017 3592 παύεται,
3054 3526 3146 3579 καὶ
3170 3527 3236 3577 ἐκ
3274 3522 3381 3575 τῶν
3420 3516 3709 3588 ἐγγράφως

459 3607 725 3662 concione
765 3621 1078 3677 proponere
1115 3620 1227 3661 non
1254 3612 1455 3672 cessat,
1503 3606 1708 3675 partim
1744 3621 1938 3661 rursus
1966 3620 2035 3660 ex

2138 3628 2450 3698 ἐξηγήσεων
2491 3621 2656 3677 αὐτοῦ
2692 3613 3108 3691 πεπλανημένον
3140 3615 3487 3686 εὑρίσκομεν,
3518 3609 3613 3667 καὶ
3648 3608 3713 3661 οὐ

460 3696 626 3753 editis
661 3696 730 3751 ab
771 3697 869 3751 illo
902 3696 1249 3767 exegesibus,
1292 3696 1533 3767 graviter
1562 3712 1689 3751 eum
1724 3696 2034 3762 seductum,

462 3804 565 3842 nec
600 3788 810 3858 vulgari
840 3802 1059 3857 quoque
1095 3786 1326 3857 perﬁdia
1352 3795 1408 3841 et
1448 3787 1729 3857 impietate
1756 3787 2037 3842 irretitum

464 3878 855 3946 comperimus,
881 3877 961 3943 ad,
995 3892 1114 3931 eam
1171 3877 1557 3933 necessitatem
1599 3878 1779 3933 adacti
1823 3893 2035 3942 sumus,

466 3978 528 4023 ut
568 3968 847 4039 synodicis
880 3968 1081 4023 litteris
1116 3975 1372 4023 testatum
1402 3968 1482 4022 illi
1524 3968 1853 4034 faceremus,
1892 3970 2041 4039 quod

465 4060 573 4114 nisi
608 4076 774 4130 quam
800 4060 1109 4123 celerrime,
1157 4058 1265 4113 hoc
1312 4066 1415 4124 est,
1453 4059 1599 4113 intra
1634 4059 1967 4129 praeﬁnitum
2011 4076 2042 4115 a

466 4151 758 4207 Caelestino
804 4150 1149 4206 sanctissimo
1178 4150 1439 4204 Romanae
1480 4151 1739 4206 Ecclesia:
1783 4151 2044 4221 episcopo

468 4242 684 4295 dierum
714 4240 983 4309 spatium,
1030 4255 1061 4292 a
1094 4238 1362 4293 doctrina:
1386 4254 1500 4294 suae
1533 4241 1874 4296 novitatibus
1915 4241 2045 4297 abs-

469 4331 720 4395 tinuerit,
772 4345 947 4399 eaque
975 4347 1099 4400 qua:
1135 4331 1244 4400 79
1274 4331 1419 4404 apud
1445 4347 1547 4386 vos
1569 4332 1780 4398 docuit,
1822 4333 2047 4403 suisque

470 4422 628 4476 libris
647 4420 743 4491 qui
767 4421 913 4491 apud
940 4437 1042 4477 nos
1066 4422 1234 4476 etiam
1263 4421 1638 4491 reperiuntur,
1679 4423 1935 4487 inseruit,
1960 4422 2046 4477 vel

473 4513 646 4569 inseri
693 4527 826 4567 sane
872 4514 1106 4578 curavit,
1153 4528 1254 4569 suo
1286 4513 1654 4583 chirographo
1686 4513 2047 4569 anathemati-

2142 3721 2375 3793 μετρίως
2404 3715 2766 3772 δυσσεϐοὖντα
2803 3712 2932 3784 περὶ
2972 3710 3069 3782 τὴν
3096 3709 3297 3762 πίστινο
3325 3704 3509 3758 λοιπὸν
3541 3702 3713 3793 ἀναγ-

2140 3791 2309 3876 καίως
2352 3811 2586 3883 ἧλθομεν
2631 3810 2724 3860 ἐπὶ
2757 3806 2818 3859 τὸ
2864 3804 3059 3876 χρῆναι
3094 3801 3182 3853 διὰ
3215 3793 3492 3852 συνοδικοῦ
3528 3791 3714 3863 γράμ-

2145 3923 2311 3977 ματος
2347 3903 2494 3973 αὐτῷ
2535 3896 3043 3972 διαμαρτύρασθαι,
3091 3893 3164 3955 ὡς
3209 3892 3256 3943 εί
3307 3889 3381 3959 μὴ
3424 3886 3717 3977 ἀπόσχοιτο

2142 3999 2240 4069 τὴν
2267 3996 2529 4067 ταχίστην
2551 3993 2660 4045 τῶν
2685 3989 2877 4045 ἑαυτοῦ
2905 3984 3283 4056 καινοτομιῶν,
3319 3981 3414 4034 καὶ
3449 3977 3590 4040 κατᾲ

2143 4068 2450 4161 ὁρισθεῖσαν
2488 4082 2827 4156 προθεσμίαν
2858 4078 3010 4151 παρὰ
3036 4076 3129 4130 τοῦ
3159 4073 3454 4128 ὁσιωτάτου
3486 4071 3577 4123 καὶ
3608 4068 3722 4121 θεο-

2148 4181 2475 4236 σεϐεστάτου
2492 4178 2591 4247 τῆς
2626 4174 2910 4244 Ῥωμαίων
2938 4168 3263 4240 Ἑκκλησίας
3292 4163 3589 4219 ἐπισκόπου
3613 4162 3719 4212 Κε-

2145 4272 2409 4337 λεστίνου,
2446 4266 2834 4337 ἀναθεματίσει
2875 4263 2973 4333 μὲν
3012 4261 3303 4331 ἐγγράφως
3334 4258 3535 4316 ἐκεῖνα,
3578 4251 3720 4322 άπερ

2148 4364 2335 4435 εἴρηκέ
2365 4379 2425 4415 τε
2465 4361 2592 4429 παρ’
2637 4360 2784 4428 ὑμῖν,
2830 4358 2921 4410 καὶ
2964 4355 3167 4425 βίϐλοις
3200 4350 3478 4419 ἐνέθηκεν,
3524 4345 3557 4415 ἢ
3591 4342 3723 4411 γοῦν

2149 4455 2432 4525 ἐντεθῆναι
2461 4449 2892 4523 παρεσκεύασεν,
2919 4448 2974 4501 αἳ
3008 4447 3101 4500 καὶ
3124 4444 3254 4512 παρ’
3282 4444 3413 4513 ἡμῖν
3440 4442 3597 4499 εἰσιν,
3632 4437 3725 4489 οὑ-

2148 4548 2274 4601 δὲνα
2294 4524 2573 4606 κοινωνίας
2595 4542 2707 4611 ἔχει
2733 4540 2897 4593 τόπον
2926 4538 3060 4609 πρὸς
3084 4537 3210 4598 τοὺς
3236 4533 3417 4605 ίερέας
3446 4528 3541 4584 τοῦ
3564 4524 3723 4592 Θεοῦ,

477 4614 593 4670 zct,
618 4607 830 4660 nullum
853 4605 1217 4671 consortium,
1246 4620 1426 4675 neque
1460 4604 1630 4659 nilum
1670 4604 1728 4658 in
1764 4613 2053 4675 posterum

2151 4636 2266 4697 ἀλλ’
2296 4636 2448 4689 ἐσται
2475 4604 2695 4690 πάντων
2730 4604 3033 4701 ἀλλότριος.

476 4696 620 4751 inter
660 4697 974 4753 sacerdotes
1004 4696 1101 4751 Dei
1126 4696 1309 4751 locum
1335 4695 1653 4750 habiturum
1682 4710 1827 4762 esse,
1854 4694 1951 4751 sed
1982 4695 2052 4751 ab

475 4788 721 4843 omnium
743 4788 1004 4845 societate
1027 4804 1255 4859 prorsus
1283 4788 1526 4844 alienum
1558 4787 1697 4843 fore.

546 4902 717 4956 Nemo
752 4912 935 4958 autem
978 4903 1121 4958 hanc
1166 4901 1604 4973 qualemcunque
1645 4902 2052 4958 cunctationem

478 4992 613 5046 vitio
640 4992 800 5049 nobis
817 5003 1013 5050 vertat.
1041 4993 1228 5063 Neque
1249 4992 1397 5048 enim
1422 5008 1587 5064 grege
1608 4999 1715 5046 tam
1738 5006 2050 5056 numeroso,

480 5082 590 5137 imo
618 5098 749 5138 vero
781 5084 1056 5149 omnibus,
1108 5090 1380 5153 quotquot
1430 5081 1613 5137 ubivis
1650 5082 1895 5153 gentium
1928 5095 2053 5134 ver-

481 5182 693 5237 santur,
724 5174 941 5244 populis
977 5182 1034 5230 et
1058 5174 1320 5231 Ecciesiis
1359 5174 1697 5245 perturbatis
1734 5172 2054 5228 dormitavi-

2227 4897 2500 4952 Δίτιάσθω
2527 4897 2584 4949 δὲ
2619 4894 2805 4965 μηδεὶς
2837 4893 2933 4961 τὴν
2963 4886 3236 4962 μέλλησιν.
3270 4887 3345 4941 Οὐ
3373 4886 3480 4955 γὰρ
3506 4881 3731 4936 ἐνυστάο

2162 4990 2330 5059 ξαμεν
2371 4986 2774 5058 θορυϐουμένης
2805 4983 2947 5036 οὕτω
2985 4981 3225 5053 μεγάλης
3256 4978 3458 5047 άγέλης
3479 5018 3492 5039 ,
3532 4974 3732 5045 μᾶλλον

2159 5080 2216 5133 δὲ
2247 5076 2473 5131 καὶτῶν
2507 5073 2846 5144 ἁπανταχόσε
2890 5072 3034 5124 λαῶν
3075 5073 3167 5123 καὶ
3208 5064 3565 5135 Ἑκκλησιῶν·
3608 5066 3733 5131 ἐμι-

2165 5168 2456 5241 μησάμεθα
2484 5167 2542 5219 δὲ
2573 5166 2697 5230 τοὺς
2729 5164 2976 5235 ἰατρικὴν
3003 5162 3223 5233 ἔχοντας
3257 5158 3567 5231 ἐμπειρίαν,
3595 5153 3644 5206 οἳ
3667 5153 3739 5206 τὰ

483 5279 626 5329 mus,
661 5264 757 5319 sed
790 5265 1093 5335 peritorum
1133 5265 1477 5321 medicorum
1521 5264 1847 5319 industriam
1879 5263 2056 5319 hacin

2161 5262 2218 5314 ἐν
2247 5263 2359 5323 τοῖς
2392 5257 2609 5329 σώμασι
2637 5257 2897 5327 γινόμενα
2930 5254 3038 5307 τῶν
3072 5253 3261 5306 παθῶν
3301 5252 3399 5305 οὐκ
3430 5249 3590 5309 εὐθὺς
3614 5245 3737 5307 ταῖς

488 5363 640 5424 parte
670 5355 863 5409 imitati
891 5371 1081 5411 sumus
1114 5375 1127 5410 :
1160 5357 1216 5411 bi
1237 5356 1385 5413 cnim
1416 5356 1639 5411 morbos
1666 5364 1721 5411 et
1748 5357 1977 5410 vulnera
2003 5356 2056 5409 in

2160 5353 2249 5407 διὰ
2281 5352 2499 5423 σιδήρου
2542 5351 2637 5403 καὶ
2682 5349 2853 5420 πυρὸς
2891 5348 3259 5418 ὑποφέρουσιν
3297 5346 3591 5411 ἀνάγκαις,
3621 5338 3740 5391 ἀλλ’
3770 5374 3777 5375 κ

438 5470 447 5475 ’
488 5442 729 5501 humano
754 5460 982 5514 corpore
1009 5448 1289 5503 nascentia
1308 5464 1418 5503 non
1441 5448 1623 5502 statim
1654 5448 1775 5519 igne
1798 5457 1893 5501 aut
1916 5447 2056 5503 ferro

2164 5443 2344 5514 ἠπίαις
2367 5444 2425 5497 ἒν
2452 5444 2646 5514 ἀρχαῖς
2681 5439 2991 5513 φαρμάκοις
3032 5438 3545 5510 καταμαλάσσουσι,
3582 5445 3741 5500 περιέ

1554 5625 1725 5683 Varim
1756 5628 2018 5685 lectiones
2040 5621 2246 5680 codicis
2266 5620 2626 5693 Seguieriani.

572 5775 599 5808 ο
630 5761 796 5819 Abest
823 5777 851 5816 a
876 5760 995 5816 cod.
1028 5762 1150 5835 Seg.
1176 5763 1277 5818 hoc
1305 5766 1652 5836 prooemium.
