4028 6208
465 379 568 434 127

1487 369 1544 425 S.
1585 365 1861 425 CYRILLI
1898 362 2368 419 ALEXANDle
2406 362 2724 419 ARCIIIEP.

3627 362 3731 418 C28

428 499 724 547 'sentanea
773 496 939 552 sunt,
992 485 1281 540 nobiscum
1333 490 1584 554 saperet;
1634 480 1909 550 ﬁdemque
1943 492 2034 548 per

2143 474 2279 547 ὀρθά
2310 475 2405 529 ml.
2428 475 2636 541 είκότα,
2671 474 2766 528 καὶ
2792 473 2914 537 ταῖς
2937 471 3321 539 θεοπνεύστοις
3364 475 3731 546 συμϐαίνοντα

459 589 681 638 sanctos
710 579 988 649 apostolos
1007 585 1064 632 et
1091 575 1475 646 evangelistas,
1509 574 1605 644 qui
1630 573 1876 645 germani
1923 587 2042 642 my-

459 671 756 725 steriorum
771 667 979 724 Christi
999 666 1412 736 dispensatores
1433 664 1791 729 exstiterunt,
1813 662 2040 717 manda-

463 772 695 832 tumque
738 769 800 816 ut
858 759 1217 830 Evangelium
1265 759 1416 813 illius
1467 758 1727 812 universo
1766 766 2042 812 terrarum

456 851 580 907 orbi
627 852 1043 916 annuntiarent,
1088 849 1438 914 habuerunt,
1460 849 1576 920 jam
1616 846 1746 901 inde
1776 847 1845 901 ab
1879 846 2042 901 initio

456 943 718 998 traditam
766 943 1095 1012 susciperet.
1153 940 1224 996 At
1265 941 1394 1011 quia
1425 940 1480 995 in
1528 938 1724 993 iisdem
1756 939 2041 995 erroribus

454 1043 795 1102 perseverat,
826 1033 1304 1103 blasphemiasque
1334 1030 1692 1101 blaspbentiis
1715 1030 2003 1085 cumulans
2023 1069 2038 1095 ,

454 1120 522 1175 ad
574 1120 856 1179 deteriora
890 1122 1126 1177 subinde
1181 1121 1409 1191 gradum
1458 1120 1611 1186 facit,
1647 1127 1705 1176 et
1746 1121 2042 1191 peregrina

453 1210 745 1281 alienaque
771 1213 1047 1283 dogmata,
1088 1226 1212 1281 qua:
1259 1218 1448 1265 sancta
1474 1210 1572 1264 Dei
1614 1210 1862 1266 Ecclesia
1891 1226 2045 1265 nun-

452 1316 618 1370 quam
651 1304 893 1374 agnovit,
920 1317 1228 1373 proponere
1251 1317 1364 1355 non
1395 1300 1631 1367 desinit;
1663 1316 1883 1372 aequum
1917 1317 2042 1357 esse

453 1394 892 1450 existimavimus
926 1396 1012 1451 vel
1046 1394 1220 1450 ternis
1245 1393 1448 1450 litteris
1483 1396 1638 1451 illum
1666 1396 2041 1451 commonefa-

452 1498 577 1540 cere
608 1503 621 1538 :
653 1487 857 1556 quibus
888 1486 995 1540 illa:
1039 1500 1262 1556 quoque
1292 1485 1582 1552 accedunt,
1618 1502 1741 1557 quae
1769 1487 1881 1559 jam
1930 1503 2041 1542 una

453 1592 582 1631 cum
626 1579 828 1633 nostris
876 1576 1174 1649 postremis
1217 1594 1249 1633 a
1281 1579 1631 1634 sanctissimo
1677 1579 2040 1651 piissimoque

452 1667 622 1723 fratre
660 1677 715 1723 et
733 1669 1114 1723 comministro
1142 1675 1335 1724 nostro
1358 1667 1658 1725 Caelestino
1693 1685 1903 1741 magnae
1941 1684 2039 1724 ur-

452 1758 537 1813 bis
562 1760 751 1814 Romae
780 1760 1041 1831 episcopo
1072 1759 1252 1815 missa:
1271 1766 1421 1814 sunt.
1833 1746 1843 1771 ¹

519 1846 745 1904 Summa
770 1858 958 1905 autem
991 1849 1388 1905 admonitionis
1415 1850 1531 1906 haec
1558 1859 1644 1906 est
1682 1867 1700 1905 :
1758 1850 2033 1922 siquidem

448 1940 796 2011 resipiscere,
841 1936 991 1997 et‘ca
1034 1958 1158 2012 quae
1206 1941 1367 2006 dixit,
1400 1942 1660 2013 lacrymis
1691 1942 1935 2010 diluere,
1972 1961 2037 2001 ac

446 2029 702 2102 dogmata
747 2049 869 2103 qua:
920 2034 1055 2089 falsa
1095 2034 1404 2104 proposuit,
1432 2033 1640 2104 scripto
1686 2037 2037 2092 anathemate

320 2126 333 2140 ’
447 2123 839 2189 condemnare,
864 2131 920 2179 ct
952 2132 1165 2179 rectam
1200 2124 1422 2180 tandem
1472 2125 1919 2197 incnlpatamquc
1941 2143 2035 2182 ca-

446 2213 978 2289 tholicasEcclesia:
1024 2214 1189 2270 ﬁdem
1231 2214 1475 2271 voluerit
1533 2228 1866 2287 agnoscere;
1916 2217 2035 2273 fore

409 2313 411 2315 ‘
444 2311 507 2358 ut
541 2306 782 2371 veniam,
815 2304 862 2360 si
893 2312 1076 2360 tamen
1108 2321 1230 2360 eam
1248 2314 1418 2376 petat,
1449 2319 1507 2362 et
1547 2323 1669 2377 qua:
1698 2316 1916 2377 oportet
1937 2308 2036 2363 do-

442 2395 560 2450 ceri
590 2411 650 2451 se
676 2397 838 2462 sinat,
885 2407 1291 2468 promereatur.
1325 2397 1431 2467 ει
1473 2397 1570 2453 Sin
1590 2414 1723 2454 vero
1761 2414 1826 2455 ca
1849 2399 2034 2455 facere

442 2487 733 2554 recusarit,
765 2490 836 2545 ab
890 2489 1277 2560 episcoporum
1318 2499 1463 2545 coetu
1488 2530 1503 2556 ,
1534 2503 1753 2545 necnon
1789 2507 1821 2546 a
1853 2492 2031 2564 magi-

441 2576 597 2631 sterii
614 2577 882 2649 dignitate
909 2595 968 2635 se
990 2595 1216 2649 prorsus
1238 2579 1479 2635 alienum
1502 2589 1888 2652 extorremque
1910 2598 2033 2638 esse

442 2668 735 2740 intelligat.
794 2670 985 2740 Neque
1029 2670 1178 2725 enim
1226 2679 1405 2726 tutum
1450 2682 1556 2736 est,
1587 2673 1784 2743 lupum
1824 2672 2031 2729 Christi

441 2759 702 2830 gregibus
740 2760 1001 2816 infestum
1048 2761 1153 2816 sub
1210 2761 1449 2831 pastoris
1486 2763 1671 2832 specie
1709 2763 2029 2819 admittere.

440 2849 557 2905 Viri
587 2851 772 2923 itaque
805 2861 1005 2917 estote.
1034 2860 1111 2918 et,
1155 2858 1220 2908 ut
1249 2868 1440 2909 servos
1465 2854 1563 2910 Dei
1608 2854 1788 2921 de'cet,
1818 2855 2031 2911 anima-

441 2956 565 2994 rum
606 2950 920 2997 vestrarum
956 2956 1148 2999 curam
1193 2942 1476 3012 suscipite,
1518 2951 1635 2998 tum
1675 2960 1778 3014 pro
1822 2942 2031 3001 Christi

438 3032 633 3101 gloria,
659 3041 715 3088 et
740 3040 802 3087 ut
831 3032 965 3088 fides
988 3049 1110 3103 quae
1135 3032 1191 3087 in
1213 3034 1394 3103 ipsum
1420 3042 1525 3099 est,
1553 3042 1706 3091 recta
1733 3043 1790 3091 et
1813 3036 2030 3092 sincera

2147 572 2392 641 Γραφαῖς
2414 610 2429 636 ,
2456 570 2672 625 ἑλέσθαι
2707 587 2767 623 τε
2799 569 2904 641 τὴν
2949 570 3134 623 πίστιν
3184 569 3284 641 τὴν
3333 570 3732 639 παραδοθεῖσαν

2146 662 2354 716 ἀνωθεν
2384 664 2508 725 ταῖς
2557 660 2905 732 Ἐκκλησίαις
2953 662 3105 733 παρά
3135 678 3196 715 τε
3250 661 3361 716 τῶν
3390 662 3561 731 ἁγίων
3597 663 3734 717 ἀπο-

2148 754 2352 808 στόλων
2379 755 2472 808 ml.
2494 753 2919 823 εὐαγγελιστῶν,
2937 754 2987 807 οἳ
3017 754 3112 807 ml.
3141 754 3433 822 γεγόνασιν
3455 754 3733 824 οἰκονόμοι

2144 847 2357 917 γνήσιοι
2383 845 2494 899 τῶν
2522 845 2616 899 τοῦ
2648 843 2887 917 Χριστοῦ
2930 845 3270 916 μυστηρίων,
3303 846 3398 898 καὶ
3426 846 3731 916 ἱερουργεῖν

2144 937 2451 1009 ἐτάχθησαν
2478 937 2540 991 τὺ
2566 937 2898 1007 Εύαγγέλιον
2924 936 3089 990 αὑτοῦ
3119 939 3233 1000 τοῖς
3270 936 3376 991 ἀνά
3410 939 3593 992 πᾶσαν
3629 938 3731 1009 τὴν

2146 1029 2240 1082 ὑπ’
2269 1028 2518 1100 οὐρανόν.
2562 1026 2783 1098 Ἐπειδὴ
2816 1025 2874 1080 δὲ
2921 1025 3231 1098 μεμένηκεν
3267 1027 3328 1080 ὲν
3371 1030 3485 1091 τοῖς
3511 1028 3726 1094 αὐτοῖς,

2144 1121 2286 1192 τάχα
2327 1121 2501 1192 δήπου
2534 1120 2631 1174 καὶ
2662 1119 2721 1173 ὲν
2764 1108 2974 1190 ίείροσι
3023 1118 3252 1187 γέγονε,
3297 1119 3614 1191 προστιθεὶς
3640 1121 3730 1175 ἀεὶ

2144 1213 2456 1284 δυσφημίας
2484 1212 2575 1265 ἐπὶ
2619 1212 2991 1280 δυσφημίαις,
3031 1212 3128 1265 ml.
3170 1211 3297 1276 ξένα
3342 1213 3438 1266 καὶ
3471 1213 3731 1284 ἀλλότρια

2144 1303 2424 1366 παντελῶς
2457 1302 2820 1373 ἐξηγούμενος
2863 1300 3132 1371 δόγματα,
3172 1303 3209 1357 ἃ
3256 1303 3330 1375 μὴ
3355 1302 3496 1357 οἶδεν
3526 1304 3665 1367 ὅλως
3688 1306 3725 1375 ή

2142 1396 2275 1465 ἁγία
2323 1394 2585 1465 καθολικὴ
2642 1393 2976 1464 Ἐκκλησία·
3026 1394 3432 1465 ὲδικαιὼσαμεν
3478 1396 3730 1468 ὑπομνη-

2144 1485 2341 1540 σθέντα
2362 1496 2386 1525 ο
2435 1484 2603 1557 τρίτῳ
2642 1485 2963 1556 γράμματι,
3002 1486 3182 1557 τούτῳ
3218 1486 3283 1558 δὴ
3308 1486 3388 1557 τῷ
3417 1487 3727 1557 πεμφθέντι

2143 1576 2297 1650 παρά
2326 1593 2386 1630 τε
2409 1576 2598 1649 ἡμῶν,
2622 1577 2718 1630 ml.
2742 1576 2834 1631 τοῦ
2857 1578 3156 1633 δσιωτάτου
3181 1578 3276 1632 καὶ
3305 1578 3725 1634 θεοσεδεστάτου

2141 1666 2373 1736 ἀδελφοῦ
2399 1667 2559 1739 ἡμῶν
2581 1667 2675 1722 ml.
2696 1668 2972 1722 συλλειτου
2981 1668 3111 1739 ργοῦ
3134 1668 3483 1734 Κελεστίνου,
3506 1670 3600 1723 τοῦ
3626 1670 3726 1741 τῆς

2147 1759 2391 1829 μεγάλης
2429 1756 2651 1828 Ῥώμης
2677 1756 3005 1815 ἐπισκόπου.
3296 1758 3302 1763 ”

2210 1848 2275 1901 El
2309 1848 2407 1918 μὲν
2433 1846 2609 1901 ἕλοιτο
2642 1850 2995 1919 μετανοῆσαι,
3037 1850 3133 1903 καὶ
3173 1849 3258 1918 ἐφ’
3294 1843 3378 1914 οἷς
3410 1850 3597 1921 εἴρηκε
3638 1850 3729 1903 δα-

2140 1938 2375 2012 κρύσας,
2410 1938 2807 2010 άναθεματίσαι
2852 1940 2949 2010 μὲν
2995 1941 3292 2011 ἐγγράφως
3338 1940 3405 1995 τά
3437 1940 3726 2013 διεστραμ-

2141 2030 2281 2101 μένα
2310 2029 2508 2083 ἑαυτοῦ
2559 2030 2828 2101 δόγματα,
2859 2032 3192 2103 ὁμολογῆσαι
3220 2032 3278 2085 δὲ
3301 2030 3479 2103 ὀρθῶς
3510 2034 3603 2085 καὶ
3632 2034 3727 2085 άν-

2140 2119 2461 2188 επιλήπτως
2509 2121 2607 2192 τῆς
2645 2122 2939 2192 καθολικῆς
2994 2122 3321 2192 Ἑκκλησίας
3364 2123 3463 2193 τὴν
3520 2123 3724 2185 πίστιν,

2139 2212 2323 2282 μένειν
2362 2212 2546 2275 αύτδν,
2590 2211 2922 2282 συγγνώμην
2962 2212 3218 2266 αἰτοῦντα
3238 2255 3252 2278 ,
3282 2214 3377 2266 ml.
3404 2214 3441 2268 ἃ.
3476 2213 3559 2267 δεῖ
3588 2230 3727 2284 μαν-

2136 2304 2386 2359 θάνοντα.
2426 2304 2490 2355 Ei
2526 2302 2583 2355 δὲ
2628 2301 2703 2373 μὴ
2747 2302 2920 2356 ἕλοιτο
2947 2303 3121 2357 ταῦτα
3160 2303 3399 2374 πρᾶξαι,
3443 2304 3726 2374 ἀλλότριον

2135 2395 2298 2450 αὐτὸν
2331 2391 2472 2447 εἶναι
2497 2393 2593 2454 καὶ
2612 2392 2760 2457 ξένον
2788 2393 2882 2446 τοῦ
2913 2392 3075 2465 χοροῦ
3108 2393 3216 2448 τῶν
3246 2394 3582 2458 ἐπισκόπων,
3628 2394 3730 2446 καὶ

2134 2486 2228 2540 τοῦ
2256 2484 2635 2540 διδασκαλικοῦ
2679 2482 3010 2555 ἀξιώματος.
3052 2487 3127 2539 Οὐ
3174 2486 3284 2558 γάρ
3324 2488 3471 2538 ἐστιν
3502 2484 3729 2539 ἀκίνδυ-

2134 2598 2223 2635 νον
2252 2582 2311 2635 ὲν
2330 2581 2461 2635 εῖδει
2492 2582 2749 2651 ποιμένος
2777 2579 2941 2632 λύκον
2971 2581 3259 2648 ἐπαφεῖναι
3280 2578 3454 2632 δεινὸν
3478 2579 3593 2640 τοῖς
3622 2576 3724 2630 τοῦ

2134 2674 2389 2745 Σωτῆρος
2442 2673 2736 2744 ποιμνίοις.
2804 2670 3148 2741 Ἀνδρίξεσθε
3207 2669 3385 2723 τοίνυν
3413 2670 3493 2733 ὡς
3544 2666 3726 2723 δοῦλοι

2133 2766 2369 2837 Χριστοῦ
2393 2764 2445 2831 ἀ,
2475 2766 2572 2819 ml.
2600 2763 2921 2837 φροντίσατε
2954 2761 3065 2816 τῶν
3099 2761 3245 2815 ἰδίων
3275 2759 3486 2831 ψυχῶν,
3541 2760 3723 2815 πάντα

2133 2857 2465 2928 πράττοντες
2495 2855 2638 2926 ὑπὲρ
2685 2854 2787 2925 τῆς
2818 2853 2983 2923 δόξης
3009 2851 3104 2906 τοῦ
3133 2851 3402 2924 Χριστοῦ,
3441 2851 3538 2905 καὶ
3573 2851 3725 2915 ὅπως

2131 2948 2198 3003 ἂν
2221 2951 2255 3020 ἡ
2288 2948 2369 3011 είς
2394 2947 2559 3002 αὐτὸν
2590 2947 2772 3010 πίστις
2802 2945 2938 3017 ὀρθὴ
2972 2946 3067 2999 καὶ
3092 2944 3407 3008 ἀκαταίτιος
3440 2942 3720 3013 κηρύττη-

2131 3060 2223 3096 ται
2264 3038 2562 3111 πανταχοῦ.
2590 3038 2761 3093 Τοῦτο
2788 3038 2897 3110 γάρ
2937 3038 3081 3109 ὑμᾶς
3110 3037 3205 3092 καὶ
3242 3036 3353 3091 τῶν
3384 3034 3521 3107 μετὰ
3546 3032 3722 3089 ταῦτα

440 3119 647 3189 ubique
701 3121 951 3176 locorum
1010 3122 1398 3188 annuntietur,
1437 3121 1578 3177 nihil
1630 3139 1743 3178 non
1794 3131 2024 3181 tentate.

2141 3132 2393 3187 κινδύνων
2422 3130 2745 3197 ἀπαλλάξει,
2773 3129 2868 3183 καὶ
2890 3129 2986 3191 ἐπὶ
3009 3127 3104 3182 τοῦ
3143 3127 3291 3181 θείου
3327 3126 3571 3198 βήματος
3598 3140 3723 3177 στε-

439 3204 556 3264 lloc
585 3210 734 3264 enim
763 3225 862 3265 vos
886 3219 941 3265 et
960 3225 991 3265 a
1021 3209 1222 3266 futuris
1250 3210 1516 3282 periculis
1545 3212 1827 3279 liberabit,
1858 3223 1914 3269 et
1936 3230 2031 3270 co-

2141 3227 2308 3296 ράνων
2332 3224 2633 3296 ἀξιωθῆναι
2663 3222 3108 3293 παρασκευάσει,
3139 3219 3238 3291 τῆς
3268 3220 3348 3282 είς
3378 3218 3538 3272 αὑτὸν
3581 3216 3721 3284 άγά·

440 3312 557 3352 ram
589 3298 778 3355 divino
799 3299 1062 3354 tribunali
1097 3315 1302 3356 corona
1335 3300 1530 3372 dignos
1552 3302 1772 3367 eiiicict,
1807 3303 2027 3360 Christo

2126 3333 2234 3387 πης
2257 3315 2420 3369 ἕνεκα
2442 3315 2763 3386 σύμπαντας
2780 3312 3182 3384 ἀποδεχομένου
3202 3308 3299 3363 τοῦ
3322 3310 3543 3364 πάντων
3559 3304 3720 3387 ἡμῶν

440 3390 688 3445 omnium
728 3400 979 3479 nostrum
1024 3392 1310 3451 Salvatore
1355 3403 1585 3465 propter
1628 3402 1869 3451 vestram
1898 3413 2028 3468 erga

2141 3385 2379 3479 Σωτῆρος
2415 3405 2676 3477 Χριστοῦ.
2717 3424 2735 3456 ι
2790 3402 3137 3459 Ἀσπάσασθε
3170 3400 3434 3471 ἀλλήλους
3465 3399 3524 3451 ἐν
3557 3385 3718 3467 φιλη-

443 3481 598 3537 illum
620 3470 974 3540 dilectionem
1007 3485 1271 3542 laudante
1307 3502 1501 3543 omnes
1533 3496 1592 3542 et
1614 3478 2024 3545 re‘munerante.

449 3568 724 3627 «Salutate
753 3573 991 3629 invicem
1012 3574 1071 3628 in
1085 3576 1277 3630 osculo
1295 3584 1505 3632 sancto.
1521 3575 1774 3632 Salutant
1796 3594 1894 3633 vos
1915 3578 2028 3634 fra-

443 3670 557 3717 tres
576 3663 671 3734 qui
688 3680 905 3721 mecum
929 3675 1060 3723 sunt
1079 3669 1146 3723 ⁸⁸.
1176 3689 1195 3720 ι
1218 3668 1360 3739 Opto
1379 3684 1479 3724 vos
1496 3669 1555 3724 in
1572 3669 1795 3726 Christo
1817 3673 2020 3739 valere,

443 3750 631 3810 dilecti
656 3762 712 3812 et
741 3756 1196 3817 desideratissimi
1227 3760 1448 3816 fratres.

2131 3517 2261 3572 ματι
2295 3500 2454 3569 ἁγίῳ.
2522 3498 2887 3573 Ἀσπάζονται
2922 3499 3070 3569 ὑμᾶς
3114 3497 3165 3550 οἱ
3214 3494 3312 3548 σὺν
3342 3492 3472 3563 ἐμοὶ
3514 3489 3719 3552 πάντες

2128 3590 2365 3658 ἀδελφοί.
2398 3609 2416 3641 ι
2468 3587 2772 3661 Ἐῥρῶσθαι
2810 3588 2955 3659 ὑμᾶς
2987 3588 3045 3641 ὲν
3076 3584 3266 3658 Κυρίῳ
3293 3581 3548 3657 εὔχομαι,
3579 3579 3711 3648 ἀγα-

2133 3682 2298 3752 πητοὶ
2323 3681 2416 3734 καὶ
2444 3680 2832 3734 ποθεινότατοι.

1648 4008 1984 4066 EPISTOLA
2024 4012 2124 4067 XX
2159 4012 2252 4085 (οί.
2294 4011 2509 4082 XVIII).

904 4152 1105 4193 CYIIILLI
1137 4154 1202 4194 AD
1230 4154 1440 4193 οιειιωι
1479 4155 1823 4205 POPULUMQUE
1858 4160 2031 4200 ALEXA

2147 4166 2293 4203 INUM.
2326 4164 2357 4203 Ε
2398 4163 2574 4204 11110Βο
2598 4164 2734 4202 ANTE
2766 4160 3002 4202 SYNODUM
3032 4158 3265 4200 SCRIPTA.

834 4285 911 4337 r“?
979 4275 1043 4330 Ut
1067 4274 1326 4328 continuis
1355 4277 1593 4345 precibus
1619 4295 1741 4334 suos
1782 4298 1878 4352 pro
1916 4292 2059 4341 recta
2096 4286 2201 4354 ﬁde
2232 4286 2566 4358 periclitante
2603 4289 2823 4337 conatus
2850 4279 3125 4350 adjuuent.

514 4413 893 4486 Presbyteris,
941 4413 1221 4479 diaconis,
1282 4415 1597 4487 populoque
1650 4418 2024 4480 Alexandrino

2198 4427 2468 4496 Κύριλλος
2518 4424 2951 4496 πρεσϐυτέροις,
2987 4421 3082 4475 καὶ
3128 4416 3418 4477 διακόνοις,
3471 4411 3567 4464 καὶ
3600 4408 3716 4479 λαῷ

443 4505 661 4562 dilectis
692 4504 1291 4577 desideratissimisque
1323 4504 1561 4578 Cyrillus
1592 4509 1647 4564 in
1681 4510 1912 4568 Domino
1939 4530 2030 4570 sa-

2141 4518 2568 4589 Ἀλεξανδρείας,
2598 4515 2905 4586 ἀγαπητοῖς
2941 4512 3036 4566 ml.
3069 4505 3472 4564 ποθεινοτάτοις
3505 4500 3565 4554 ἐν
3599 4499 3718 4551 Κυ-

444 4600 639 4655 lutem.
678 4616 693 4633 ι

512 4690 699 4747 Gratia
723 4700 782 4748 et
800 4689 1139 4762 benignitate
1162 4689 1367 4747 Christi
1391 4691 1692 4749 Salvatoris
1713 4696 1888 4750 nostri
1912 4712 1999 4751 ma
2014 4726 2031 4737 -

442 4797 610 4851 gnum
633 4783 917 4852 latumque
940 4784 1166 4853 pelagus
1186 4782 1419 4847 emensi,
1446 4783 1750 4843 incolumes
1776 4787 2031 4844 Rhodum

2132 4607 2234 4680 ρίῳ
2261 4608 2491 4679 χαίρειν.

2199 4703 2399 4773 Χάριτι
2446 4700 2540 4755 καὶ
2587 4695 2966 4769 φιλανθρωπίᾳ
3013 4693 3108 4747 τοῦ
3155 4691 3371 4748 πάντων
3406 4689 3562 4761 ἡμῶν
3597 4687 3715 4739 Σω-

2129 4795 2296 4866 τῆρος
2328 4791 2589 4865 Χριστοῦ,
2632 4790 2693 4843 τὸ
2720 4788 2893 4841 πλατὺ
2927 4785 3021 4840 ml.
3049 4785 3193 4857 μέγα
3220 4778 3585 4853 διενηξάμεθα
3613 4775 3714 4829 πέ-

441 4873 820 4942 pervenimus,
852 4890 917 4930 ea
953 4882 1243 4930 ventorum
1284 4875 1512 4931 lenitate
1554 4881 2028 4953 prosperitateque

2141 4887 2317 4955 λαγος,
2345 4883 2573 4946 ἁπαλοῖς
2600 4899 2658 4935 τε
2691 4881 2785 4935 ml.
2814 4877 3192 4951 ἡμερωτάτοις
3216 4874 3543 4943 πνεύμασιν,
3571 4867 3715 4920 ὥστε

444 4962 551 5026 usi,
586 4971 648 5018 ut
680 4971 851 5020 totam
896 4966 1044 5021 illam
1080 4965 1485 5037 navigationem
1524 4970 1663 5026 citra
1701 4988 1919 5030 omnem
1953 4975 2025 5029 ti—

443 5071 658 5112 morem
711 5072 1040 5129 omncmque
1093 5058 1220 5114 vita:
1277 5058 1575 5117 discrimen
1631 5066 2025 5136 percgerimus.

2134 4978 2258 5048 δίχα
2293 4976 2461 5046 φόϐου
2495 4976 2590 5029 καὶ
2623 4972 2867 5039 κινδύνου
2932 4968 3133 5032 παντὸς
3184 4966 3276 5020 τὸν
3312 4963 3479 5018 πλοῦν
3524 4956 3715 5026 ἐξανύ-

2129 5087 2327 5133 σαντας
2364 5066 2656 5136 ἀφικέσθαι
2699 5067 2779 5129 είς
2827 5063 2925 5134 τὴν
2982 5060 3200 5115 Ῥοδίων
3226 5102 3240 5124 ,
3296 5052 3715 5123 δοξολογοῦντας

441 5148 624 5215 Quare
676 5150 851 5206 Deum
908 5149 1310 5222 gloriﬁcantes,
1360 5151 1682 5224 debitasque
1726 5158 2028 5228 gratiarum

2141 5159 2279 5226 θεὸν,
2309 5159 2404 5212 καὶ
2439 5157 2699 5225 λέγοντας
2727 5153 2866 5225 μετὰ
2894 5152 2997 5222 τῆς
3020 5151 3114 5205 τοῦ
3141 5147 3451 5208 Ψάλλοντος
3478 5139 3663 5228 φωνῆς
3694 5154 3710 5168 ·

443 5242 690 5297 actiones
710 5243 892 5299 eidem
917 5243 1313 5313 persolventcs,
1340 5260 1465 5299 cum
1490 5226 1761 5316 Propheta
1783 5248 1840 5303 in
1864 5249 2029 5306 hasce

2141 5272 2153 5304 ι
2196 5252 2267 5306 Σὺ
2303 5247 2587 5311 δεσπόζεις
2620 5246 2714 5300 τοῦ
2748 5245 2986 5316 κράτους
3016 5242 3113 5313 τῆς
3144 5239 3420 5306 θαλάσσης
3441 5276 3456 5299 ,
3489 5229 3586 5285 ml.
3614 5226 3711 5280 τὸν

443 5343 608 5386 voces
630 5335 986 5407 prorupimus
1012 5354 1026 5388 :
1062 5355 1079 5388 ι
1109 5336 1190 5392 Tu
1218 5336 1523 5393 dominaris
1543 5340 1800 5409 potestati
1827 5345 2025 5408 maris;

2141 5340 2290 5396 σάλον
2322 5338 2431 5391 τῶν
2462 5335 2722 5407 κυμάτων
2748 5334 2919 5404 αὐτῆς
2941 5333 3005 5386 σὺ
3024 5326 3453 5400 καταπραΰνεις.
3480 5339 3499 5374 ι
3520 5318 3709 5373 Ἐπει-

444 5428 657 5476 motum
695 5435 878 5479 autem
898 5425 1182 5483 ﬂuctuum
1222 5431 1341 5501 ejus
1380 5437 1440 5486 tu
1481 5430 1701 5502 mitigas
1722 5429 1793 5485 “.
1836 5452 1853 5484 ι
1888 5432 2026 5500 Quia

2141 5432 2191 5504 ἰὴ
2219 5432 2278 5485 δὲ
2306 5426 2374 5501 ἦν
2422 5429 2719 5498 ἀναγκαῖον
2762 5425 3003 5489 ἀπόντας
3049 5421 3127 5501 τῷ
3173 5418 3408 5493 σώματι,
3438 5410 3710 5484 παρόντας

518 5555 568 5590 ⁸³
590 5557 747 5613 Rom.
775 5574 883 5623 xvi,
917 5559 1001 5614 I6.
1078 5560 1129 5595 ‘“
1160 5564 1281 5620 Psal
1335 5581 1566 5622 Lxxxvm
1589 5608 1604 5632 ,
1656 5566 1742 5623 I0.

1509 5701 1684 5759 Varia:
1714 5700 1976 5758 lectiones
2004 5697 2210 5755 codicis
2240 5695 2603 5769 Seguieriani.

520 5790 543 5821 ο
580 5779 1038 5854 ὑπομνησθέντες.
1114 5782 1141 5825 τι
1169 5784 1325 5842 Θεοῦ.
