4028 6208
1731 219 2071 279 EPISTOLA
2108 219 2253 276 XXI.

3497 227 3602 286 {30

318 343 381 398 ἃ
406 340 502 413 τῷ
531 336 822 410 πνεύματι,
850 336 1291 410 περιπτύξασθαι
1318 336 1409 392 διὰ
1434 334 1531 391 τοῦ
1561 336 1905 409 γράμματος1

2017 350 2151 392 vero
2184 351 2283 406 par
2322 343 2470 400 erat,
2509 343 2573 392 ut
2615 351 2849 409 corpore
2896 337 3135 407 absens,
3169 338 3371 411 spiritu
3418 349 3607 399 autem

318 437 407 500 ὡς
436 432 629 496 τέκνα,
667 430 776 484 δεῖν
810 428 1004 500 ᾠήθην
1041 429 1349 483 ἐπιστεῖλαι
1388 428 1526 494 τέως
1560 428 1735 483 ταῦτα
1764 428 1914 500 ύμῖν,

323 528 431 581 καὶ
459 522 658 595 ἀναργῆ
686 519 1058 592 καταστῆσαι.
1102 519 1356 575 Πιστεύω
1391 519 1525 592 γὰρ,
1557 520 1641 573 ὅτι
1672 517 1926 590 προσθή-,

326 634 420 672 σει
448 618 480 671 δ
517 615 651 677 Θεὸς
684 613 759 667 τὰ
805 610 991 678 λοιπὰ,
1032 612 1129 666 καὶ
1180 610 1270 665 διά
1314 611 1417 682 τῆς
1459 610 1718 666 ἀπάντων
1762 611 1918 682 ὑμῶν

322 707 642 781 προσευχῆς
688 704 1205 778 ¹παρακεκλημένος.
1237 702 1463 768 Δείξατε
1493 702 1695 775 ’τοίνυνκ
1714 703 1795 766 είς
1826 705 1918 755 τὸν

316 801 571 871 παρόντα
615 799 856 867 μάλιστα
894 795 1107 868 καιρδν,
1154 795 1231 859 ὡς
1272 792 1486 866 καρπὸν
1522 795 1764 865 ἀγάπης,
1817 792 1917 857 τὰς

314 892 463 962 ὑπὲρ
502 890 670 962 ήμῶν
700 888 1015 960 προσευχὰς
1057 885 1252 959 (κάγὼ
1296 886 1408 958 γὰρ
1451 885 1611 940 τοῦτο
1645 885 1816 941 ποιῶν
1851 884 1914 938 οὐ

310 979 751 1051 διαλιμπάνω),
777 978 867 1033 ἴνα
893 978 1060 1032 πάλιν
1101 979 1132 1031 ὁ
1173 976 1386 1041 πάντας
1404 976 1715 1048 ,συντρίϐων
1759 968 1914 1029 πὀλέ-

311 1090 456 1143 μους
478 1072 619 1135 θεὸς
641 1111 658 1136 ,
685 1074 715 1124 6
747 1070 857 1124 τῶν
887 1071 1173 1141 δυνάμεων
1203 1069 1430 1141 Κύριος,
1459 1070 1809 1140 καταστήσας
1846 1067 1915 1121 τά

312 1164 527 1235 μεταξὺ
553 1205 571 1231 ,
628 1164 728 1216 καὶ
776 1163 952 1217 πάντα
999 1162 1198 1233 ῥαΐσας
1246 1161 1484 1233 πόλεμον
1532 1173 1578 1227 ε,
1625 1162 1917 1233 χαίροντας

308 1258 463 1328 ἡμᾶς
500 1256 795 1328 χαίρουσιν
817 1256 894 1319 ὡς
936 1255 1150 1319 τέκνοις
1178 1254 1383 1325 ἀποδῷ.
1410 1253 1597 1308 Πάντα
1621 1254 1731 1325 γὰρ
1763 1252 1915 1308 δύνα-

306 1367 425 1413 ται,
455 1348 612 1404 κατά
640 1348 705 1402 τὸ
746 1348 1169 1419 γεγραμμένονο
1201 1346 1456 1400 ἀδυνατεῖ
1490 1345 1548 1399 δὲ
1579 1344 1730 1414 αὐτῷ
1776 1360 1914 1398 παν-

308 1441 486 1505 τελῶς
514 1440 696 1495 οὐδέν.
730 1440 846 1511 Τῆς
875 1439 933 1493 δὲ
960 1440 1091 1511 ὑμίν
1123 1438 1426 1511 συντρόφου
1464 1438 1559 1491 καὶ
1595 1435 1914 1508 πρεπούσης

306 1532 627 1596 ἐπιεικείας
681 1531 1002 1602 ἀντέχεσθε.
1055 1529 1228 1585 Τοῦτο
1277 1530 1389 1603 γάρ
1440 1530 1716 1597 ἀποφανεῖ
1767 1529 1913 1598 ὑμᾶς

310 1625 558 1694 μάλιστα
591 1623 1028 1694 δοκιμωτάτους,
1063 1623 1113 1677 οἲ
1138 1623 1233 1677 καὶ
1259 1621 1494 1685 ἀπόντος
1519 1619 1614 1673 καὶ
1644 1619 1913 1689 παρόντος

2018 443 2281 499 praesens,
2320 429 2524 485 litteris
2559 445 2660 485 vos
2700 439 2959 501 tanquam
3000 432 3142 488 ﬁlios
3184 434 3605 503 complecterer,

2010 533 2127 573 non
2166 520 2329 589 potui
2380 520 2770 587 intermittere,
2807 522 2941 591 quin
2985 522 3105 578 haec
3149 524 3360 580 interea
3399 525 3470 580 ad
3508 540 3609 582 vos

2016 610 2454 677 perscriberem,
2505 620 2944 683 prmsentemque
2984 630 3167 669 rerum
3205 631 3454 671 mearum
3492 625 3606 672 sta-
3664 601 3681 611 ’

2018 708 2137 757 tum
2162 702 2322 757 vobis
2347 702 2737 773 patefacerem.
2766 705 2903 760 Fore
2929 706 3077 760 enim
3108 707 3346 774 conﬁdo,
3366 717 3427 762 ut
3463 711 3609 766 Deus

2014 802 2260 848 vestrum
2288 793 2535 848 omnium
2568 794 2828 864 precibus
2856 804 3207 864 provocatus,
3237 805 3432 852 caztera
3465 814 3606 869 quo-

2016 900 2146 955 que,
2168 900 2291 955 qua:
2316 885 2622 940 etiamnum
2654 887 2867 956 reliqua
2896 896 3046 952 sunt,
3073 889 3311 958 adjiciat.
3336 890 3605 945 Exhibcte

2015 974 2246 1045 proinde
2268 974 2374 1029 hoc
2393 976 2697 1045 praesertim
2723 986 2971 1047 tempore
2994 980 3162 1033 veluti
3185 987 3394 1033 certum
3415 996 3606 1049 quent-

2015 1068 2140 1121 dam
2178 1067 2494 1122 dilectionis
2529 1067 2794 1133 fructum,
2828 1079 3040 1143 vestras
3078 1087 3177 1141 pro
3213 1071 3377 1125 nobis
3413 1087 3606 1141 preces

2016 1159 2164 1231 (nam
2199 1168 2255 1215 et
2278 1175 2378 1231 ego
2407 1175 2625 1230 quoque
2651 1160 2707 1215 id
2737 1161 2917 1217 facere
2949 1178 3057 1216 non
3086 1162 3325 1234 desino),
3352 1179 3462 1232 quo
3490 1163 3604 1218 vir-

2014 1261 2191 1308 tutum
2224 1253 2512 1319 Dominus,
2550 1253 2646 1323 qui
2678 1268 2842 1309 omne
2881 1254 3087 1309 bellum
3129 1263 3384 1325 potenter
3418 1265 3607 1312 conte-

2012 1346 2088 1401 rit
2119 1345 2189 1411 ⁸⁸,
2221 1348 2405 1401 omnia
2437 1362 2559 1416 quae
2587 1347 2719 1402 huic
2748 1362 2951 1403 causae»
2978 1347 3379 1404 intervenerint
3417 1352 3603 1406 suavi—

2014 1444 2098 1490 ter
2123 1449 2479 1505 componens,
2516 1451 2848 1507 omnemque
2884 1445 3265 1508 tempestatem
3295 1450 3351 1495 et
3385 1441 3603 1496 turbam

2012 1527 2289 1598 mitigans,
2315 1529 2425 1597 82
2449 1543 2551 1583 nos
2571 1528 2874 1599 gaudentes
2894 1529 3053 1584 vobis
3072 1530 3461 1600 gaudentibus,
3484 1541 3607 1587 tan-

2012 1634 2176 1688 quam
2198 1618 2346 1683 ﬁliis,
2365 1619 2548 1674 denuo
2568 1620 2843 1675 restituat.
2858 1619 3054 1676 Omnia
3071 1623 3241 1687 enim,
3259 1633 3319 1677 ut
3334 1625 3602 1695 scriptum

307 1716 404 1769 τοῦ
431 1715 579 1770 κατά
604 1715 826 1786 πνεῦμα
853 1715 1084 1786 πατρὸς,
1115 1715 1210 1768 τὸν
1235 1713 1433 1783 εὐγενῆ
1457 1713 1554 1767 καὶ
1584 1711 1905 1782 ἀξιόληπτον

2009 1721 2097 1765 est
2119 1711 2184 1774 “,
2225 1720 2428 1780 potest,
2456 1721 2514 1766 et
2541 1712 2681 1766 nihil
2704 1722 2785 1767 est
2813 1713 2890 1767 illi
2916 1714 3277 1784 impossibile.
3316 1716 3602 1772 Honestati

306 1809 511 1876 τιμᾶτε
554 1805 700 1874 βίον.
751 1824 769 1856 ι
825 1804 1176 1860 Ἀσπάσασθε
1216 1804 1483 1875 ἀλλήλους
1526 1804 1587 1856 ὲν
1635 1802 1902 1873 φιλήματι

2009 1801 2168 1856 vobis
2202 1802 2479 1873 ingenitae,
2513 1811 2820 1874 vestraque
2855 1804 3188 1875 professioni
3220 1816 3603 1862 consentanea:

309 1898 473 1968 ἁγίῳ.
510 1916 532 1950 ι
587 1896 963 1961 Ἀσπάζονται
1001 1898 1146 1969 ὑμᾶς
1173 1897 1223 1949 oi
1258 1895 1356 1949 σὺν
1379 1893 1503 1966 ἐμοὶ
1527 1894 1769 1964 ἀδελφοί.
1789 1894 1905 1967 Ἐρ-

2011 1893 2203 1948 sedulo
2242 1893 2565 1949 incumbite.
2605 1895 2718 1951 Hoc
2757 1901 2907 1950 enim
2942 1898 3086 1968 apud
3128 1913 3321 1967 omnes
3356 1900 3603 1968 apprime

309 1989 520 2062 ρῶσθαι
559 1989 708 2059 ὑμᾶς
740 1991 800 2043 ὲν
831 1989 1028 2061 Κυρίῳ
1058 1987 1283 2061 εὔχομαι
1306 2028 1321 2053 ,
1356 1985 1633 2058 ἀγαπητοὶ
1675 1985 1768 2040 καὶ
1803 2002 1903 2039 που

2011 1984 2426 2040 commendatos
2470 2002 2568 2041 vos
2616 1987 2846 2053 reddet,
2875 2004 3093 2060 'ncmpe
3129 1990 3175 2045 si
3216 1990 3375 2045 Patre
3418 1998 3604 2046 vestro

305 2080 630 2138 δεινότατοι.
969 2103 977 2109 ·

2012 2075 2286 2146 spirituali
2336 2085 2450 2131 tum
2491 2079 2739 2144 absente,
2779 2090 2894 2135 tum
2939 2091 3228 2153 prmscntc,
3268 2082 3601 2137 laudabilem

303 2172 436 2226 rita:
466 2172 741 2228 rationem
771 2171 1081 2235 sectemini.
1128 2191 1147 2224 ι
1178 2172 1421 2228 Salutate
1451 2185 1551 2227 vos
1580 2169 1813 2225 invicem
1850 2168 1903 2224 in
1945 2169 2136 2223 osculo
2169 2178 2358 2223 sancto
2382 2169 2449 2222 ⁸⁷.
2482 2190 2513 2245 ιλ
2536 2170 2640 2237 Qui
2668 2188 2885 2229 mecum
2950 2184 3078 2230 sunt
3143 2174 3365 2243 fratres,
3394 2192 3491 2233 vos
3514 2189 3603 2231 sa-

301 2267 511 2321 lutant.
544 2265 747 2323 Valere
776 2280 879 2323 vos
904 2265 1068 2337 cupio
1096 2264 1153 2321 in
1186 2266 1442 2331 Domino,
1471 2262 1816 2320 dilectissimi
1848 2273 1906 2317 et
1949 2262 2425 2318 desideratissimi.

1534 2579 1873 2636 EPISTOLA
1909 2578 2030 2636 xx:
2073 2582 2166 2653 (οι.
2207 2581 2375 2653 XIX).

1809 2733 1876 2771 AD
1903 2732 2128 2773 εοευειι.

1424 2845 1683 2915 Ejusdem
1708 2862 1828 2900 cum
1854 2849 2183 2916 praecedente
2206 2852 2526 2921 argumenti.

379 2989 658 3063 xoptate;
690 2987 1140 3075 πρεσϐυτέροις,
1168 2987 1265 3040 acad.
1304 2985 1606 3052 διακόνοις,
1656 2992 1752 3043 καὶ
1785 2990 1900 3063 λαῷ

2073 2993 2311 3065 Cyrillus
2335 2995 2694 3068 presbyteris,
2724 2995 2994 3061 diaconis,
3020 2997 3336 3070 populoque
3368 3001 3602 3058 Alexan-

315 3081 733 3154 Ἀλεξανδρείας
761 3120 778 3146 ,
834 3079 1144 3150 ἀγαπητοῖς
1197 3076 1295 3131 καὶ
1348 3076 1780 3147 ποθεινοτάτοις,
1846 3082 1905 3134 ὲν

2008 3085 2173 3140 drino
2216 3086 2435 3143 dilectis
2478 3087 3076 3159 desideratissimisque
3128 3089 3184 3146 in
3227 3090 3463 3148 Domino
3508 3110 3598 3150 sa-

304 3175 505 3247 Κυρίιρ
535 3175 768 3246 χαίρειν.

387 3267 634 3338 Διψῶντί
658 3284 742 3335 μοι
777 3265 942 3320 πάλιν
969 3264 1070 3336 τῆς
1100 3265 1253 3338 ὑμῶν
1277 3267 1579 3330 ἐπιεικείας
1608 3266 1709 3338 τὴν
1733 3266 1905 3338 πρόσ-

308 3378 509 3435 ρησιν,
552 3358 753 3413 δέδοται
774 3358 869 3412 τοῦ
893 3357 1126 3429 γράφειν
1152 3360 1342 3431 καιρὸς
1363 3359 1458 3415 καὶ
1491 3358 1674 3424 τόπος.
1709 3359 1904 3431 Ἐσμὲν

302 3451 608 3524 τοιγαροῦν
638 3453 697 3504 ἐν
717 3453 786 3522 τῇ
820 3450 1115 3521 Ἐφεσίων,
1148 3451 1236 3506 διὰ
1255 3451 1354 3517 τάς
1390 3451 1608 3505 πάντων
1636 3451 1789 3523 ὑμῶν
1813 3451 1904 3504 εύ-

302 3546 412 3619 Xa,-
425 3546 485 3598 ἑν
501 3542 783 3615 εὐρωστίᾳ
801 3542 1196 3610 διατελούντες,
1225 3542 1323 3597 καὶ
1356 3542 1543 3596 λοιπὸν
1560 3543 1728 3612 ἐγγὺς
1754 3542 1905 3614 ἔχον-

304 3654 397 3699 τες
412 3635 618 3703 τὸντῆς
636 3633 861 3687 συνόδου
878 3634 1093 3705 καιρόν.
1105 3633 1441 3705 Πιστεύομεν
1454 3634 1510 3688 δὲ
1527 3636 1608 3689 ὅτι
1621 3634 1855 3706 Χριστὸς
1874 3636 1903 3689 ὁ

310 3728 530 3782 πάντων
583 3727 805 3798 Σωτὴρ,
836 3727 1091 3799 καθαρὰς
1135 3728 1409 3798 ἀποφανεί
1448 3726 1902 3799 διεστραμμένων

306 3819 527 3873 ὲννοιῶν
547 3818 653 3883 τὰς
683 3818 880 3873 ἑαυτοῦ
910 3819 1259 3889 Ἐκκλησίας,
1290 3820 1383 3875 καὶ
1416 3820 1517 3891 τὴν
1530 3818 1695 3892 ὀρθὴν
1723 3819 1903 3873 πίστιν

304 3912 764 3979 ἀποκαταστήσει
799 3907 819 3947 ἲ
856 3909 1190 3980 φανοτάτηψ
1236 3909 1378 3964 ὥστε
1413 3910 1621 3973 πάντας
1652 3902 1900 3981 πανταχῆ

306 4002 589 4073 καθαροὺς
623 4001 719 4054 καὶ
752 3999 1041 4071 ἀμώμους,
1072 4001 1453 4073 ἁκαπήλευτον
1479 4001 1702 4072 ἔχοντας
1733 3999 1902 4072 αὐτὴν

302 4094 460 4155 ὁσίας
486 4093 668 4163 αίρειν
706 4095 898 4163 χεῖρας
931 4095 1014 4156 είς
1050 4094 1393 4164 προσευχὰς,
1424 4093 1601 4147 ἐκεῖνο
1642 4093 1901 4162 λέγοντας

302 4183 478 4238 τδδιά
514 4183 702 4255 φωνῆς
733 4182 831 4237 τοῦ
860 4183 1138 4254 μακαρίου
1166 4183 1332 4237 Δαδίδ
1357 4198 1370 4211 ·
1403 4201 1422 4235 ι
1464 4182 1901 4254 Κατευθυνθήτω

302 4277 341 4346 η
388 4276 676 4347 προσευχῇ
722 4291 829 4344 μου
855 4273 930 4337 ὡς
960 4274 1215 4345 θυμίαμα
1244 4274 1476 4328 ἐνώπιόν
1509 4290 1604 4327 σου
1628 4291 1641 4304 ⁸
1670 4273 1899 4345 ἔπαρσις

2007 3176 2203 3233 lutem.

2076 3269 2420 3326 Desideranti
2466 3272 2603 3327 mihi
2648 3281 2893 3328 vestram
2938 3273 3376 3331 moderationem
3415 3275 3600 3332 denuo

2005 3362 2372 3431 consalutare,
2415 3374 2632 3436 tempus
2659 3373 2715 3420 et
2747 3366 2904 3421 locus
2941 3366 3286 3422 commodam
3317 3368 3598 3424 scribendi

2004 3455 2349 3511 occasionem
2375 3457 2700 3513 attulerunt.
2731 3458 2835 3513 Per
2857 3459 3105 3513 omnium
3137 3459 3325 3529 itaque
3348 3468 3594 3514 vestrum

2002 3560 2197 3615 preces
2226 3546 2281 3601 in
2310 3546 2677 3618 Ephesiorum
2721 3550 3012 3619 metropoli
3048 3550 3282 3620 agimus,
3309 3552 3598 3607 commoda

2004 3640 2223 3688 utentes
2262 3634 2608 3701 valetudine,
2653 3636 3087 3707 inehoandwque
3140 3638 3334 3709 synodi
3378 3647 3599 3710 tempus

2004 3723 2061 3778 in
2092 3723 2257 3778 horas
2294 3733 2699 3794 exspectantes.
2733 3726 3077 3782 Conﬁdimus
3108 3739 3315 3794 autem,
3346 3731 3593 3785 omnium

2005 3813 2346 3869 Salvatorem
2395 3813 2681 3870 Christum
2725 3815 3001 3870 Ecclesias
3047 3831 3176 3870 suas
3216 3815 3285 3871 ab
3336 3818 3597 3874 omnibus

2002 3907 2279 3979 perversis
2302 3906 2571 3962 doctrinis
2604 3914 3055 3978 repurgaturum,
3082 3917 3402 3981 rectamque
3429 3911 3593 3968 ﬁdem

2002 4000 2263 4055 omnibus
2296 3999 2476 4070 palam
2508 3998 2818 4067 facturum;
2847 4014 2959 4070 quo
2985 4014 3179 4055 omnes
3203 4001 3410 4073 ubique
3440 4004 3593 4060 loco-

2002 4106 2125 4145 rum
2167 4099 2411 4162 agentes,
2447 4088 2660 4153 mundi,
2700 4091 2967 4161 inculpati
3008 4092 3334 4163 sinceraque
3370 4094 3475 4150 ﬁde
3507 4113 3596 4150 or-

2003 4180 2140 4244 nati,
2162 4197 2332 4251 puras
2357 4197 2554 4237 manus
2577 4182 2643 4238 ad
2666 4198 2863 4254 preces
2885 4184 3069 4238 levare
3085 4181 3155 4250 ⁸⁸,
3181 4183 3428 4256 illudque
3446 4186 3593 4242 beati

2003 4273 2229 4328 Davidis
2250 4273 2437 4329 dicere
2460 4275 2679 4331 valeant
2703 4294 2716 4329 :
2754 4295 2771 4327 ι
2802 4276 3082 4349 Dirigatur
3103 4277 3283 4333 oratio
3307 4294 3429 4334 mea
3452 4280 3595 4335 sicut

302 4342 414 4420 τῶν
438 4342 805 4437 inpii-upon,
837 4364 1000 4418 θυσία
1029 4342 1313 4437 ἑσπερινή.
1350 4384 1369 4417 ι
1411 4366 1768 4437 Περιέρχεται
1783 4342 1903 4435 -γάρ

2008 4364 2295 4420 incensum
2320 4365 2375 4419 in
2404 4375 2701 4438 conspectu
2730 4376 2861 4422 tuo:
2885 4368 3122 4423 elevatio
3145 4385 3408 4425 manuum
3440 4387 3592 4427 mea—

303 4459 335 4511 δ
361 4458 606 4528 πονηρὸς
633 4456 699 4509 τὸ
731 4456 1031 4527 ἀκοίμητον
1055 4455 1264 4528 θηρίον,
1296 4456 1663 4512 ἐπιϐουλεύων
1687 4459 1757 4528 τῇ
1775 4455 1900 4526 δόξῃ

304 4549 402 4603 τοῦ
443 4549 692 4621 Χριστοῦ
719 4564 736 4579 ο
766 4548 941 4620 ἰσχύει
972 4549 1031 4602 δὲ
1071 4548 1208 4613 ὅλως
1230 4550 1406 4612 οὐδὲν,
1433 4549 1708 4621 ἀργούσης
1733 4546 1900 4602 αὐτοῦ

304 4642 406 4708 τῆς
459 4639 785 4709 σκαιότητος
811 4680 826 4705 ,
871 4640 966 4692 καὶ
1009 4640 1402 4712 ἀπρακτούσης
1458 4642 1558 4712 τῆς
1608 4638 1897 4711 πονηρίας.

320 4732 701 4787 Ἑπιῦουλεύει
731 4732 840 4805 γὰρ
873 4732 976 4786 οὐκ
1004 4732 1277 4805 ἀνθρώπῳ
1305 4732 1470 4802 κοινῷ
1524 4731 1644 4785 οὐδὲ
1675 4731 1754 4784 ἐνὶ
1788 4730 1897 4784 τῶν

309 4823 437 4878 καθ’
460 4826 608 4894 ἡμᾶς
630 4823 823 4888 ἀπλῶς
847 4864 862 4889 ,
906 4823 1049 4878 κατά
1076 4824 1137 4878 τὸ
1163 4823 1354 4878 δοκοῦν
1377 4828 1493 4888 τοῖς
1520 4825 1663 4887 νέοις
1681 4824 1889 4894 δογμα-

307 4917 569 4979 τισταῖς,
624 4914 763 4969 ἀλλά
813 4913 936 4984 Θεῷ
986 4913 1066 4985 τῷ
1125 4914 1303 4968 πάντα
1365 4914 1625 4985 ἰσχύοντι.
1677 4913 1889 4967 Οὐκοῦν

305 5005 562 5059 ἀκουέτω
587 5005 743 5078 παρά
767 5005 973 5067 παντὸς
997 5005 1320 5074 ἀγαπῶντος
1341 5004 1580 5077 Χριστόν
1605 5021 1619 5035 ο
1661 5022 1681 5055 ι
1712 5004 1889 5075 Σκλη-

307 5100 404 5168 ρὰν
444 5112 528 5149 σοι
574 5098 635 5150 τὸ
679 5097 820 5168 πρὸς
860 5096 1064 5167 κέντρα
1102 5096 1401 5162 λακτίζειν.
1450 5116 1470 5150 ι
1508 5096 1747 5168 Ῑιλήττει
1779 5096 1891 5167 γὰρ

307 5187 504 5242 ἑαυτὸν
539 5189 570 5242 δ
612 5187 872 5255 δείλαιος,
909 5188 1005 5243 καὶ
1050 5187 1186 5260 ὁμοῦ
1217 5192 1330 5255 τοῖς
1365 5190 1512 5253 ἰδίοις
1550 5190 1760 5252 τέκνοις
1791 5207 1889 5242 πε-

375 5361 421 5396 ⁸³
455 5365 647 5422 Judith
676 5381 800 5429 ut,
980 5367 1029 5399 ⁸³
1067 5367 1202 5422 Luc.
1244 5382 1282 5429 ι,
1334 5366 1423 5420 57.

2003 4468 2128 4508 rum
2153 4494 2167 4519 ,
2215 4454 2549 4510 sacriﬁcium
2593 4455 2976 4525 vespertinum
3010 4454 3077 4510 ⁸⁹.
3113 4475 3132 4508 ι
3183 4456 3595 4514 Circumcursat

2001 4546 2151 4601 enim
2177 4562 2437 4617 perversa
2463 4548 2555 4603 illa
2583 4548 2930 4619 pervigilque
2955 4548 3153 4613 bestia,
3176 4548 3380 4605 Christi
3407 4551 3593 4621 glorise

2001 4637 2275 4695 insidians
2315 4656 2328 4692 :
2373 4647 2429 4693 at
2468 4639 2609 4693 nihil
2655 4639 2882 4694 omnino
2924 4648 3129 4710 potest,
3177 4640 3325 4695 inani
3367 4657 3595 4711 prorsus

2000 4746 2264 4802 cassaque
2297 4730 2448 4788 illius
2478 4730 2695 4788 feritate
2730 4739 2786 4788 et
2814 4732 3019 4787 malitia
3048 4742 3427 4803 permanente.
3459 4734 3594 4789 Insi-

1995 4821 2182 4878 diatur
2205 4823 2415 4894 quippe
2447 4839 2559 4879 non
2592 4823 2804 4880 homini
2834 4826 3073 4897 cuipiam
3100 4824 3337 4895 vulgari,
3367 4825 3593 4882 nobisve

1995 4914 2198 4979 simili,
2250 4906 2397 4971 sicut
2452 4916 2546 4972 isti
2601 4932 2875 4973 novorum
2924 4915 3241 4988 dogmatum
3279 4916 3591 4975 inventores

1997 5006 2366 5074 arbitrantur,
2397 5008 2494 5065 sed
2533 5010 2650 5066 Deo
2688 5009 3077 5080 omnipotenti.
3104 5009 3308 5065 Audiat
3354 5009 3522 5081 igitur
3559 5026 3591 5065 a

1995 5098 2198 5168 quovis
2230 5097 2513 5156 Christum
2556 5112 2817 5158 amante:
2860 5120 2878 5152 ι
2906 5100 3115 5154 Durum
3152 5108 3238 5155 est
3271 5100 3370 5156 tibi
3399 5109 3589 5156 contra

1996 5190 2285 5247 stimulum
2312 5194 2607 5250 calcitrare
2630 5193 2698 5248 “.
2728 5212 2747 5246 ι
2778 5190 2930 5248 Ferit
2961 5191 3111 5246 enim
3151 5193 3321 5247 miser
3348 5191 3589 5261 seipsum

1529 5365 1575 5397 ⁸⁷
1615 5367 1773 5422 Rom.
1817 5383 1903 5422 xvr

2008 5368 2056 5422 [ἴ.
2132 5365 2178 5398 ⁸⁸
2207 5368 2387 5423 lTim.
2415 5384 2475 5434 ll,
2511 5369 2565 5425 8.
2630 5367 2677 5400 ”
2707 5366 2853 5424 Psal.
2882 5381 3010 5451 cn,
3024 5365 3079 5422 2.
3155 5368 3202 5403 ”
3225 5367 3348 5426 Act.
3377 5383 3454 5436 Ix,
3486 5367 3542 5424 ὅ.

1375 5528 1549 5584 Varize
1582 5530 1849 5588 icctiones
1882 5533 2092 5589 codicis
2130 5532 2495 5605 Segnieriani.

378 5654 405 5683 ε
430 5647 677 5716 θόρυῗον.
766 5655 785 5693 τ
817 5656 991 5710 ἅπασι
1018 5659 1383 5724 καταστήσαι.
