4028 6208
494 260 589 316 131

1494 254 1551 316 S.
1591 255 1867 341 CY‘RILLI
1905 257 2378 340 ALEXANDRINI
2415 254 2733 315 ARCHIEP.

3647 261 3747 315 {53

493 387 711 444 unaque
736 387 862 428 cum
895 371 1024 428 [iliis
1054 371 1171 428 suis
1205 368 1272 426 ad
1306 371 1592 427 interitum
1627 383 1773 426 ruet.
1813 371 1946 427 Nam
1978 372 2072 442 qui
2103 411 2110 434 al

2179 374 2353 426 σεῖται
2378 373 2514 444 πρὸς
2530 373 2778 443 ὕλεθρσν.
2797 369 2870 426 01
2898 372 3008 442 γὰρ
3030 372 3100 427 τὰ
3122 371 3262 443 ὀρθὰ
3282 370 3392 424 τῶν
3411 371 3585 440 ἁγίων
3622 374 3749 426 Ἑκ-

491 476 642 522 recta
662 466 1032 522 Ecclesiarum
1049 466 1307 536 dogmata
1325 471 1668 534 pervertunt,
1683 463 1750 518 de
1769 471 1915 519 sorte
1933 465 2082 520 illius

490 565 648 621 sunt,
693 572 872 626 neque
911 556 1008 612 Dei
1041 554 1310 626 judicium
1357 555 1591 610 evadere
1627 563 1879 624 possunt.
1913 553 2080 610 Orate

490 649 658 720 igitur
682 664 782 718 pro
814 648 995 712 nobis,
1027 657 1089 702 ut
1114 647 1212 702 Dei
1242 648 1492 702 omnium
1517 647 1817 703 Salvatoris
1850 661 2080 702 munere

486 737 810 808 gaudentes,
837 737 1208 808 gaudentibus
1239 738 1442 794 iterum
1471 739 1846 793 restituamur.
1875 735 2078 792 Omnia

486 827 635 881 enim
674 827 786 897 83
809 835 1020 897 potest,
1042 835 1098 882 et
1123 827 1263 882 nihil
1284 827 1510 882 omnino
1529 836 1617 882 est
1645 825 1796 896 quod
1821 825 1936 896 ipse
1957 839 2068 879 non

458 928 673 988 .queat.
709 939 726 970 ι
759 919 1002 974 Salutate
1030 934 1128 973 vos
1155 919 1392 975 invicem
1423 919 1478 974 in
1508 919 1697 974 osculo
1735 929 1926 973 saneto
1950 918 2016 970 ".
2042 935 2060 969 ι

487 1010 737 1064 Salutant
792 1024 927 1074 vos,
996 1011 1091 1081 qui
1148 1025 1364 1066 mecum
1418 1020 1549 1066 sunt
1608 1011 1824 1065 fratres.
1871 1009 2068 1065 Valere

485 1113 584 1153 vos
630 1099 685 1153 in
729 1100 962 1156 Domino
1001 1111 1234 1172 exopto,
1276 1100 1465 1161 dilecti
1514 1111 1570 1157 et
1610 1098 2066 1157 desideratissimi

485 1189 707 1247 fratres.

2067 1354 2133 1368 ’-

2177 464 2418 534 κλησιῶν
2438 464 2852 536 διαστρέφοντες
2862 464 3138 536 δόγματα,
3167 464 3266 534 τῆς
3281 464 3497 517 ἐκείνου
3529 464 3750 534 μερίδος

2174 555 2343 608 είσίν·
2387 556 2449 610 οὗ
2473 555 2761 626 φεύξονται
2791 557 2851 610 δὲ
2883 550 2944 610 τὸ
2972 557 3145 628 κρίμα
3176 557 3272 610 τοῦ
3301 554 3460 610 Θεοῦ.
3509 557 3745 626 Προσεύο

2174 646 2336 717 Χεσθε
2371 648 2549 702 τοίνυν
2579 649 2726 721 ὺπὲρ
2755 648 2943 720 ἡμῶν,
2981 649 3068 703 ἵνα
3096 649 3125 701 ὁ
3147 647 3290 712 θεὸς
3329 649 3358 701 ὁ
3389 648 3607 702 πάντων
3643 649 3753 702 Σω-

2172 737 2278 808 τὴρ
2302 777 2316 798 ,
2358 738 2474 808 δοίη
2524 738 2688 794 πάλιν
2737 740 2993 811 χαίρουσι
3048 739 3340 810 χαίροντας
3391 739 3746 808 ἀποδοθῆναι.

2173 828 2358 882 Πάντα
2402 829 2512 900 γὰρ
2550 832 2810 895 δύναται,
2845 832 2941 885 καὶ
2985 831 3236 885 ἀδυνατεῖ
3269 830 3548 894 παντελῶς
3595 831 3750 885 οὐδὲν

2171 919 2341 992 αὐτῷ.
2373 939 2398 972 ι
2445 922 2788 977 Ἀσπάσασθε
2814 923 3077 994 ἀλλήλους
3115 927 3174 977 ὲν
3213 921 3478 995 φιλήματι
3511 923 3672 993 ἁγίῳ.
3725 942 3742 972 ι

2183 1010 2547 1076 Ἀσπάζονται
2579 1014 2724 1087 ὑμᾶς
2753 1017 2801 1069 οί
2846 1016 2943 1070 σὺν
2983 1015 3108 1087 ἐμοὶ
3149 1011 3389 1084 ἀδελφοί.
3440 1016 3751 1088 Ἐῥρῶσθαι

2169 1103 2316 1174 ὑμᾶς
2346 1106 2403 1157 ὲν
2441 1107 2632 1180 Κυρίῳ
2666 1107 2899 1180 εὔχομαι
2925 1148 2940 1174 ,
2977 1108 3251 1180 ἀγαπητοὶ
3281 1108 3374 1162 καὶ
3401 1107 3621 1179 ἀδελφοὶ
3654 1124 3751 1162 πο-

2171 1194 2488 1252 θεινότατοι.

1683 1459 2021 1520 EPISTULA
2057 1464 2203 1522 xxn
2245 1466 2338 1539 (ol.
2381 1465 2523 1537 xx).

1501 1610 1711 1651 JOANNIS
1737 1611 2046 1652 ANTlOCIlENl
2080 1614 2319 1655 EPISCOPI
2351 1617 2415 1656 AD
2441 1617 2719 1656 CYRILLUM'.

927 1727 1080 1793 Quod
1113 1727 1347 1782 nondum
1385 1726 1582 1798 synodo
1617 1727 1846 1797 adfuerit
1875 1729 2079 1783 itineris
2113 1728 2492 1803 longitudinem
2517 1742 2567 1786 et
2594 1730 2951 1802 diﬁcult-atem
2980 1743 3250 1792 Mutatur.

551 1867 782 1922 Domino
813 1878 938 1918 meo
963 1862 1400 1933 religiosissimo,
1428 1862 1886 1933 sanctissimeque
1913 1844 2110 1930 com-‘1

2241 1867 2331 1938 Τῷ
2357 1867 2595 1940 δεσπότῃ
2629 1887 2730 1940 μου
2761 1867 2840 1940 τῷ
2869 1870 3286 1943 Θεοφιλεστάτῳ,
3320 1871 3415 1926 καὶ
3455 1874 3746 1950 ἁγιωτάτῳ

421 1950 424 1951 ν
479 1958 733 2015 ministro
768 1953 993 2025 Cyrillo,
1025 1953 1264 2008 Joannes
1292 1951 1348 2006 in
1372 1952 1606 2008 Domino
1634 1953 1887 2008 salutem.

545 2050 666 2106 Non
702 2046 1058 2103 mediocriter
1085 2060 1173 2100 me
1202 2044 1434 2110 cruciat,
1463 2052 1818 2116 posteaquam
1861 2047 2064 2102 sancti-

475 2155 561 2200 tas
586 2154 677 2199 tua
699 2140 903 2212 Ephesi
930 2148 1132 2210 praesto
1153 2153 1275 2193 esse
1300 2137 1488 2208 coepit,
1518 2153 1722 2208 paucos
1751 2139 1916 2193 hosce
1942 2139 2063 2195 dies

475 2251 564 2291 me
611 2233 874 2289 abfuisse.
917 2230 1137 2286 Etenim
1188 2228 1498 2283 sanctitatis
1547 2236 1654 2282 tuae
1698 2227 2057 2297 desiderium,

473 2327 648 2399 magis
681 2339 847 2396 quam
891 2338 982 2377 res
1019 2321 1157 2392 ipsa.
1197 2329 1258 2375 ut
1303 2321 1408 2374 iter
1448 2319 1554 2374 hoc
1592 2334 1756 2388 quam
1795 2319 2062 2378 citissime

473 2419 757 2474 absolvere
786 2414 1024 2486 cupiam,
1051 2427 1139 2467 me
1172 2411 1436 2468 stimulat.
1476 2409 1721 2467 Tandem
1769 2427 1900 2483 ergo
1936 2422 2062 2483 post

473 2511 675 2566 multas
708 2508 1015 2565 exantlatas
1043 2505 1261 2561 itineris
1288 2504 1587 2570 molestias,
1611 2505 1919 2560 sanctitatis
1953 2515 2060 2561 tuae

470 2602 732 2672 precibus
776 2601 1028 2672 adjutus,
1073 2614 1176 2668 pro
1219 2596 1431 2651 foribus
1470 2611 1612 2652 sum.
1656 2597 1794 2651 Nam
1836 2597 2060 2668 triginta

472 2704 618 2750 totos
640 2693 760 2748 dies
789 2694 891 2764 (tot
914 2692 1061 2746 enim
1093 2689 1258 2760 spatii
1287 2688 1641 2758 intercapedo
1662 2688 1922 2760 postulat)
1955 2689 2061 2743 iter

2170 1957 2572 2031 συλλειτουργῷ
2624 1959 2900 2031 Κυρίλλῳ,
2920 1961 3173 2032 Ἰωάννης
3199 1963 3257 2016 ὲν
3291 1963 3481 2036 Κυρίῳ
3508 1967 3741 2038 χαίρειν.

2236 2048 2371 2102 Οὐδὲ
2407 2050 2506 2120 ἐμὲ
2540 2051 2777 2122 μετρίως
2811 2051 3017 2113 δάκνει,
3062 2051 3122 2105 τὸ
3152 2051 3289 2116 ὅλως
3325 2055 3426 2124 τῆς
3461 2054 3740 2127 ὑμετέρας

2162 2139 2441 2210 ὁσιότητος
2477 2142 2558 2204 εἰς
2593 2142 2828 2211 Ἔφεσον
2870 2142 3323 2214 παραγενομένης
3346 2183 3361 2208 ,
3400 2143 3500 2210 τὰς
3541 2148 3744 2218 μικρὰς

2161 2228 2366 2290 ταύτας
2400 2227 2697 2299 ὑστερῆσαι
2740 2229 2976 2299 ἡμέρας.
3019 2225 3130 2298 Τῆς
3162 2227 3271 2301 γὰρ
3312 2229 3500 2300 χρείας
3547 2233 3576 2283 ὁ
3615 2232 3744 2302 περὶ

2161 2319 2260 2391 τὴν
2292 2318 2388 2392 σὴν
2419 2319 2727 2392 ἁγιωσύνην
2759 2319 2923 2384 πόθος
2967 2319 3128 2373 πλέον
3161 2337 3251 2389 μοι
3283 2320 3524 2387 ἔγκειται
3552 2321 3744 2375 συντόά

2161 2430 2268 2476 νως
2287 2415 2384 2485 τὴν
2418 2414 2538 2468 ὁδὸν
2562 2414 2841 2481 sgnum.
2874 2415 3003 2482 Εἰμὶ
3033 2412 3162 2482 γοῦν
3187 2413 3280 2468 ἐπὶ
3313 2413 3505 2485 Θύραις
3531 2409 3742 2479 λοιπὸν,

2160 2505 2260 2575 τῆς
2307 2508 2406 2576 σῆς
2437 2506 2726 2577 ἁγιότητος
2755 2507 2972 2577 εὐχαῖς,
3026 2507 3194 2560 πολὺν
3244 2504 3483 2570 ὑποστὰς
3510 2505 3605 2559 τὸν
3639 2506 3744 2576 τῆς

2160 2596 2466 2668 ὁδοιπορίας
2495 2597 2676 2651 πόνον.
2717 2597 2959 2668 Ἡμέρας
2985 2597 3093 2668 γὰρ
3122 2597 3230 2668 ἔχω
3255 2597 3552 2668 τριάκοντα
3584 2600 3737 2665 (τοσ-

2161 2685 2319 2748 οῦτος
2350 2687 2461 2756 γὰρ
2505 2687 2534 2738 ό
2587 2686 2786 2751 κύκλος
2817 2688 2916 2758 τῆς
2948 2687 3069 2741 ὁδοῦ
3112 2687 3263 2758 ἔχει)
3299 2686 3534 2751 ὁδεύων,
3581 2687 3743 2740 οὐδα-

468 2801 646 2856 usque
691 2784 855 2848 facio,
897 2783 1039 2836 nihil
1082 2781 1382 2851 quidquam
1421 2779 1627 2849 quietis
1655 2794 1881 2848 prorsus
1921 2773 2058 2833 mihi

2166 2775 2281 2845 μῶς
2312 2775 2419 2827 οὐδ’
2457 2775 2594 2839 ὅλως
2631 2776 2867 2840 ἐνδιδοὺς
2911 2777 3126 2847 ἑαυτῷ,
3171 2776 3328 2831 ἐνίων
3379 2777 3488 2830 τῶν
3532 2777 3740 2849 κυρίων

469 2875 783 2947 indulgens,
815 2873 1006 2928 multis
1049 2871 1269 2926 interim
1315 2869 1746 2941 religiosissimis
1783 2868 2058 2939 episcopis

2166 2867 2267 2918 τῶν
2296 2865 2726 2935 θεοφιλεστάτων
2761 2869 3094 2934 ἐπισκόπων,
3139 2870 3425 2941 ἀνωμαλίᾳ
3467 2871 3610 2924 κατὰ
3637 2870 3738 2938 τὴν

468 2967 543 3022 oh
591 2966 806 3022 itineris
849 2962 1227 3018 diﬁicultatem
1293 2961 1534 3032 graviter
1583 2958 1832 3022 aliiictis,
1876 2973 2055 3028 neque

2166 2957 2278 3012 όδὺν
2313 2959 2699 3029 χρησαμένων,
2725 2957 2878 3024 ζώων
2904 2960 2962 3014 δὲ
2991 2960 3204 3013 πολλῶν
3238 2961 3604 3014 πεπτωκότων
3632 2961 3743 3015 ἀπὸ

468 3053 662 3126 paucis
693 3068 911 3124 quoque
937 3051 1200 3123 jumentis
1230 3050 1301 3104 ob
1335 3048 1662 3105 continuum
1700 3046 2054 3118 profectionis

2166 3045 2255 3112 τῆς
2301 3045 2554 3100 συντόνου
2604 3047 2938 3119 ὁδοιπορίας.
2976 3044 3152 3120 Εὕχου
3185 3044 3303 3112 οὖν,
3336 3050 3572 3104 δέσποτα
3592 3090 3608 3116 ,
3641 3049 3742 3104 καὶ

467 3148 713 3203 laborem
748 3143 1054 3200 exstinctis.
1092 3143 1173 3197 Tu
1216 3142 1404 3213 igitur,
1445 3141 1688 3206 domine,
1719 3139 1892 3195 Deum
1925 3154 2051 3209 pre-

2166 3135 2358 3202 ταύτας
2381 3137 2480 3202 τὰς
2509 3139 2692 3204 πέντε,
2725 3138 2758 3208 ἢ
2795 3135 2856 3204 ἒξ
2883 3139 3049 3210 μονὰς
3073 3144 3119 3207 ε,
3151 3141 3374 3205 ἀλύπως
3405 3141 3552 3212 ἡμᾶς
3580 3140 3739 3194 όδεῦι

467 3239 632 3302 ceris,
675 3237 926 3300 obsecro,
959 3243 1021 3290 ut
1065 3235 1231 3290 hosce
1270 3234 1516 3304 quinque
1562 3241 1659 3287 aut
1702 3246 1798 3286 sex
1839 3229 2054 3284 itineris
2080 3214 2110 3271 ί

2166 3239 2270 3293 ται,
2299 3227 2395 3282 καὶ
2420 3228 2644 3292 ἀλύπως
2682 3229 3122 3300 περιπτύξασοαι
3161 3230 3260 3303 τὴν
3301 3230 3452 3302 ἱερὰν
3475 3231 3605 3302 ἡμῖν
3639 3228 3736 3283 καὶ

467 3330 588 3384 dies
625 3329 746 3383 sine
781 3326 1032 3382 molestia
1076 3339 1425 3395 percurrere,
1457 3336 1783 3390 sacrumque
1826 3335 1891 3375 ac
1928 3335 2056 3375 san-

2166 3319 2308 3372 5σίαν
2341 3318 2610 3391 κεφαλήν.
2650 3320 2713 3373 Οἱ
2753 3319 2883 3391 περί¹
2913 3320 3004 3373 τὸν
3035 3320 3224 3392 κύριόν
3275 3339 3378 3392 μου
3406 3321 3500 3375 τὸν
3550 3319 3738 3389 θεοφι-

467 3429 617 3473 ctum
663 3425 817 3472 tuum
860 3423 1027 3487 caput
1066 3430 1190 3470 cum
1231 3414 1431 3486 gaudio
1465 3413 1627 3468 nobis
1670 3411 1962 3483 complecti
2001 3419 2058 3467 et

2166 3409 2411 3464 λέστατον
2458 3410 2754 3465 ἐπίσκοπον
2817 3407 3094 3482 Ἰωάννην,
3140 3411 3376 3477 Παῦλον,
3423 3409 3734 3481 Μακάρων,

463 3508 772 3564 exosculari
809 3508 994 3563 liceat.
1042 3505 1310 3562 Dominus
1348 3521 1506 3561 meus
1543 3505 1802 3570 Joannes,
1830 3504 2054 3570 Paulus,

2166 3500 2625 3572 προσφθέγγονταῐ
2656 3519 2749 3557 σου
2799 3505 2898 3576 τὴν
2941 3504 3197 3574 ὁσιότητα
3218 3545 3234 3569 ,
3269 3505 3364 3558 καὶ
3397 3503 3580 3556 πᾶσαν
3633 3500 3734 3572 τὴν

464 3599 756 3665 Macarius,
792 3599 1086 3668 cretei-ique
1122 3597 1219 3668 qui
1264 3595 1409 3667 apud
1456 3612 1544 3652 me
1585 3603 1733 3660 sunt,
1765 3595 1879 3650 Deo
1915 3595 2050 3650 cha-

2166 3594 2262 3646 σὺν
2293 3593 2378 3647 σοὶ
2401 3592 2760 3666 ἀδελφότητα,
2789 3594 2900 3665 ἐγώ
2922 3613 2980 3650 τε
3011 3595 3108 3650 καλ⁸
3131 3594 3182 3648 οἱ
3207 3595 3303 3649 σὺν
3325 3595 3469 3666 ἐμοὶ,
3501 3593 3734 3647 πλεῖστα

466 3692 672 3748 rissimi
727 3692 968 3763 episcopi
1017 3691 1366 3747 sanctitatem
1419 3698 1568 3747 tuam
1622 3689 1882 3744 salutant.
1935 3685 2050 3758 Ego

2166 3687 2660 3759 προσαγορεύομεν.
2691 3687 3072 3761 Ἐῤῥωμένως,
3093 3688 3528 3760 ὑπερευχόμενος
3550 3685 3735 3757 ἡμῶν,

464 3796 684 3851 quoque
711 3796 834 3836 cum
863 3779 1002 3836 meis
1029 3779 1348 3836 domesticis
1374 3780 1688 3835 universam
1713 3793 1836 3849 quae
1863 3786 2045 3833 tecum

2166 3776 2480 3848 διατελοίης,
2509 3779 2746 3834 δέσποτα
2770 3780 3151 3850 θεοφιλέστατε
3185 3781 3282 3834 καὶ
3318 3776 3602 3831 ὁσιώτατε.

464 3883 548 3928 est
579 3873 977 3930 fraternitatem
1013 3875 1312 3946 plurimum
1345 3876 1544 3932 saluto.
1578 3872 1876 3932 Incolumis
1907 3873 2047 3938 vale,
2089 3881 2145 3928 et
2201 3889 2302 3944 pro
2364 3875 2524 3930 nobis
2556 3889 2713 3932 orare
2743 3887 2930 3950 perge,
2972 3875 3194 3932 domine
3223 3873 3468 3946 piissime
3505 3886 3567 3927 ac
3599 3884 3731 3925 sau-

465 3965 725 4021 ctissime.

1599 4211 1712 4283 84
1741 4209 2075 4266 EPISTOLA
2111 4207 2280 4264 χχιιι
2322 4201 2414 4276 (οι.
2454 4202 2632 4273 χιιι).

1311 4361 1520 4403 CYBILLI
1565 4367 1629 4404 AD
1661 4366 1897 4412 οιιοεολιι
1931 4365 1999 4403 DE
2028 4363 2194 4402 CLERO
2234 4355 2879 4401 CONSTANTINOPOLITANO.

889 4479 955 4535 Ut
1005 4479 1327 4536 Caudidiani
1360 4493 1409 4537 ct
1448 4484 1676 4540 Nestor-ii
1715 4485 1988 4539 molimina
2027 4486 2327 4546 irritentur,
2362 4481 2486 4552 quid
2526 4480 2716 4549 Ephesi
2752 4486 2952 4549 gestum
2986 4479 3053 4531 sit
3089 4483 3298 4531 narrat.

530 4615 767 4687 Cyrillus
816 4617 1266 4689 archiepiscopus
1317 4620 1740 4685 Alexandrinus,
1789 4622 2044 4678 Comario
2078 4627 2110 4685 ι]

2218 4617 2484 4688 Κύριλλος
2509 4615 2940 4686 ἀρχιεπίσκοπος
2973 4611 3400 4682 Ἀλεξανδρείας,
3429 4612 3696 4685 Κομαρίῳ

457 4715 515 4760 et
553 4708 836 4762 Potamoni
884 4708 1193 4779 episcOpis,
1244 4721 1299 4766 et
1349 4712 1572 4768 domino
1612 4715 1880 4770 Dalmatio
1918 4732 2038 4770 mo-

2166 4711 2242 4764 ιαὶ
2273 4709 2560 4778 ΙΙοτάμωνι
2619 4703 3027 4777 [Ποταμίωνι],
3088 4704 3446 4768 ἐπισκόποις,
3497 4706 3590 4758 καὶ
3642 4706 3722 4776 τῷ

459 4798 828 4852 uastcriorum
856 4800 1319 4863 archimandritte,
1342 4812 1398 4857 ct
1422 4804 1711 4859 Timotheo
1729 4815 1786 4862 et
1807 4805 2038 4878 Eulogio

2166 4799 2543 4873 ἰρχιμανδρίτῃ
2596 4798 2704 4851 τῶν
2751 4797 3147 4869 μοναστηρίων,
3186 4796 3262 4867 τῷ
3289 4797 3460 4867 κυρίῳ
3497 4797 3720 4866 Δαλμα-

461 4887 816 4958 presbyteris,
837 4890 1054 4948 dilectis
1074 4908 1135 4946 ac
1155 4892 1652 4962 desideratissimis,
1671 4905 1727 4952 ct
1750 4898 1802 4952 in
1819 4898 2040 4953 Christo

2166 4896 2263 4966 τίῳ,
2303 4895 2398 4947 καὶ
2426 4891 2692 4961 Τιμοθέῳ,
2725 4892 2819 4944 καὶ
2850 4890 3089 4962 Εὐλογίῳ
3120 4891 3509 4962 πρεσϐυτέροις
3531 4932 3546 4955 ,
3578 4893 3720 4959 ἀγα-

458 4979 832 5046 sanctiﬁcatis,
863 4983 1156 5051 plurimam
1188 4985 1441 5040 salutem.

2166 4987 2331 5055 mret;
2353 4984 2447 5036 καὶ
2464 4982 2884 5047 ποθεινοτάτοις,
2909 4984 3002 5037 καὶ
3020 4985 3076 5036 ὲν
3097 4981 3318 5054 Χριστῷ
3339 4981 3716 5052 ἡγιασμένοις,

740 5066 747 5072 ’
2140 5076 2365 5130 πλεῖστα
2391 5075 2623 5145 χαίρειν.

2209 5165 2631 5236 Προσεδοκῶμεν
2659 5162 2882 5220 ἐλθόντα
2914 5164 3004 5218 τὸν
3042 5165 3220 5236 τίμιον
3264 5165 3574 5236 Νεστόριον,
3620 5180 3718 5233 με-

2135 5256 2410 5326 ταγνῶναι
2457 5258 2541 5325 ἐφ’
2573 5252 2656 5320 οἷς
2704 5257 3143 5328 δεδυσφήμηκεν,
3177 5259 3271 5336 ἀφ’
3305 5251 3367 5313 οὗ
3402 5254 3716 5327 κεχειροτό-

528 5151 992 5224 Exspectabamus
1042 5157 1418 5216 honorabilem
1479 5161 1793 5219 Nestorium
1849 5181 2036 5220 acces-

455 5257 670 5311 surum,
711 5262 774 5302 ac
803 5249 1126 5318 pmnitentia
1149 5254 1376 5309 ductum
1406 5255 1477 5310 ob
1502 5271 1567 5311 ea
1590 5273 1712 5326 qua:
1737 5264 1860 5327 post
1885 5258 2036 5312 ordi-

530 5400 574 5433 "
607 5400 745 5455 Rom
774 5444 786 5456 .
814 5420 923 5472 xw,
969 5408 1056 5464 16.

1549 5535 1723 5593 Variae
1757 5535 2020 5593 lectiones
2052 5535 2260 5593 codicis
2291 5533 2650 5606 Seguieriani.

533 5635 558 5678 ‘
595 5625 827 5708 ἡμέρας.
