  <div class='ocr_page' id='page_1' title='image "/cluster/home/n/w/nwhite01/storage/ocr_20150623/77/hvd.32044052822863/072.png"; bbox 0 0 4028 6208; ppageno 0'>
   <div class='ocr_carea' id='block_1_1' title="bbox 323 207 424 273">
    <p class='ocr_par' dir='ltr' id='par_1_1' title="bbox 323 207 424 273">
     <span class='ocr_line' id='line_1_1' title="bbox 323 207 424 273; baseline 0.03 -3"><span class='ocrx_word' id='word_1_1' title='bbox 323 207 424 273; x_wconf 69' lang='grc'><strong>133</strong></span> 
     </span>
    </p>
   </div>
   <div class='ocr_carea' id='block_1_2' title="bbox 1697 223 2261 283">
    <p class='ocr_par' dir='ltr' id='par_1_2' title="bbox 1697 223 2261 283">
     <span class='ocr_line' id='line_1_2' title="bbox 1697 223 2261 283; baseline 0.004 -3"><span class='ocrx_word' id='word_1_2' title='bbox 1697 223 2033 283; x_wconf 82' lang='lat' dir='ltr'><strong>EPISTOLA</strong></span> <span class='ocrx_word' id='word_1_3' title='bbox 2069 225 2261 282; x_wconf 77' lang='lat' dir='ltr'><strong>XXIII.</strong></span> 
     </span>
    </p>
   </div>
   <div class='ocr_carea' id='block_1_3' title="bbox 3499 239 3603 295">
    <p class='ocr_par' dir='ltr' id='par_1_3' title="bbox 3499 239 3603 295">
     <span class='ocr_line' id='line_1_3' title="bbox 3499 239 3603 295; baseline 0.01 -1"><span class='ocrx_word' id='word_1_4' title='bbox 3499 239 3603 295; x_wconf 62' lang='grc'><strong>154</strong></span> 
     </span>
    </p>
   </div>
   <div class='ocr_carea' id='block_1_4' title="bbox 314 330 1908 419">
    <p class='ocr_par' dir='ltr' id='par_1_4' title="bbox 314 330 1908 410">
     <span class='ocr_line' id='line_1_4' title="bbox 314 330 1908 410; baseline 0.003 -21"><span class='ocrx_word' id='word_1_5' title='bbox 314 353 486 406; x_wconf 80' lang='grc' dir='ltr'>νηται</span> <span class='ocrx_word' id='word_1_6' title='bbox 505 376 522 402; x_wconf 88' lang='grc'><strong>,</strong></span> <span class='ocrx_word' id='word_1_7' title='bbox 550 336 644 389; x_wconf 73' lang='grc' dir='ltr'>καὶ</span> <span class='ocrx_word' id='word_1_8' title='bbox 671 330 1016 406; x_wconf 79' lang='grc' dir='ltr'><strong>συγγνώμην</strong></span> <span class='ocrx_word' id='word_1_9' title='bbox 1041 332 1265 406; x_wconf 74' lang='grc' dir='ltr'>αἰτῆσαι</span> <span class='ocrx_word' id='word_1_10' title='bbox 1295 338 1446 410; x_wconf 79' lang='grc' dir='ltr'><strong>παρά</strong></span> <span class='ocrx_word' id='word_1_11' title='bbox 1467 336 1568 410; x_wconf 80' lang='grc' dir='ltr'>τῆς</span> <span class='ocrx_word' id='word_1_12' title='bbox 1599 338 1764 409; x_wconf 85' lang='grc' dir='ltr'>ἀγίας</span> <span class='ocrx_word' id='word_1_13' title='bbox 1792 356 1908 394; x_wconf 90' lang='grc' dir='ltr'>συν-</span> 
     </span>
    </p>
   </div>
   <div class='ocr_carea' id='block_1_5' title="bbox 2009 330 3605 419">
    <p class='ocr_par' dir='ltr' id='par_1_5' title="bbox 2022 342 3605 419">
     <span class='ocr_line' id='line_1_5' title="bbox 2022 342 3605 419; baseline 0.008 -22"><span class='ocrx_word' id='word_1_14' title='bbox 2022 342 2304 399; x_wconf 90' lang='lat' dir='ltr'><strong>nationem</strong></span> <span class='ocrx_word' id='word_1_15' title='bbox 2347 357 2504 401; x_wconf 87' lang='lat' dir='ltr'><strong>suam</strong></span> <span class='ocrx_word' id='word_1_16' title='bbox 2554 344 2878 418; x_wconf 85' lang='lat' dir='ltr'><strong>blasphemo</strong></span> <span class='ocrx_word' id='word_1_17' title='bbox 2917 361 3014 404; x_wconf 89' lang='lat' dir='ltr'><strong>ore</strong></span> <span class='ocrx_word' id='word_1_18' title='bbox 3059 349 3310 419; x_wconf 79' lang='lat' dir='ltr'><strong>protulit,</strong></span> <span class='ocrx_word' id='word_1_19' title='bbox 3351 366 3380 406; x_wconf 88' lang='lat' dir='ltr'><strong>a</strong></span> <span class='ocrx_word' id='word_1_20' title='bbox 3417 364 3605 411; x_wconf 82' lang='lat' dir='ltr'><strong>sancta</strong></span> 
     </span>
    </p>
   </div>
   <div class='ocr_carea' id='block_1_6' title="bbox 317 423 1917 503">
    <p class='ocr_par' dir='ltr' id='par_1_6' title="bbox 317 423 1917 503">
     <span class='ocr_line' id='line_1_6' title="bbox 317 423 1917 503; baseline 0.003 -24"><span class='ocrx_word' id='word_1_21' title='bbox 317 425 484 480; x_wconf 66' lang='grc' dir='ltr'>όὼυο</span> <span class='ocrx_word' id='word_1_22' title='bbox 518 427 568 480; x_wconf 85' lang='grc' dir='ltr'><strong>εί</strong></span> <span class='ocrx_word' id='word_1_23' title='bbox 593 424 682 480; x_wconf 72' lang='grc' dir='ltr'>καὶ</span> <span class='ocrx_word' id='word_1_24' title='bbox 709 425 793 478; x_wconf 82' lang='grc' dir='ltr'><strong>δτι</strong></span> <span class='ocrx_word' id='word_1_25' title='bbox 824 423 1065 495; x_wconf 83' lang='grc' dir='ltr'>μάλιστα</span> <span class='ocrx_word' id='word_1_26' title='bbox 1095 423 1270 491; x_wconf 77' lang='grc' dir='ltr'>οὕτως</span> <span class='ocrx_word' id='word_1_27' title='bbox 1302 428 1646 483; x_wconf 83' lang='grc' dir='ltr'>ἐπικίνδυνον</span> <span class='ocrx_word' id='word_1_28' title='bbox 1668 429 1730 484; x_wconf 83' lang='grc' dir='ltr'><strong>τὺ</strong></span> <span class='ocrx_word' id='word_1_29' title='bbox 1757 430 1917 503; x_wconf 86' lang='grc' dir='ltr'>χαρί-</span> 
     </span>
    </p>
   </div>
   <div class='ocr_carea' id='block_1_7' title="bbox 321 514 1919 598">
    <p class='ocr_par' dir='ltr' id='par_1_7' title="bbox 321 514 1919 598">
     <span class='ocr_line' id='line_1_7' title="bbox 321 514 1919 598; baseline 0.003 -26"><span class='ocrx_word' id='word_1_30' title='bbox 321 518 530 573; x_wconf 86' lang='grc' dir='ltr'>σασθαι</span> <span class='ocrx_word' id='word_1_31' title='bbox 567 514 899 588; x_wconf 74' lang='grc' dir='ltr'><strong>συγγνώμην</strong></span> <span class='ocrx_word' id='word_1_32' title='bbox 943 516 1125 589; x_wconf 71' lang='grc' dir='ltr'>αὐτῷ·</span> <span class='ocrx_word' id='word_1_33' title='bbox 1175 519 1238 572; x_wconf 83' lang='grc' dir='ltr'>οὐ</span> <span class='ocrx_word' id='word_1_34' title='bbox 1282 519 1394 592; x_wconf 83' lang='grc' dir='ltr'>γὰρ</span> <span class='ocrx_word' id='word_1_35' title='bbox 1435 521 1716 593; x_wconf 76' lang='grc' dir='ltr'>ἐνεδέχετο</span> <span class='ocrx_word' id='word_1_36' title='bbox 1759 523 1919 598; x_wconf 65' lang='grc' dir='ltr'><strong>ἀνδρὶ⁹</strong></span> 
     </span>
    </p>
   </div>
   <div class='ocr_carea' id='block_1_8' title="bbox 320 609 1918 686">
    <p class='ocr_par' dir='ltr' id='par_1_8' title="bbox 320 609 1918 686">
     <span class='ocr_line' id='line_1_8' title="bbox 320 609 1918 686; baseline 0.003 -20"><span class='ocrx_word' id='word_1_37' title='bbox 320 611 552 666; x_wconf 81' lang='grc' dir='ltr'>τοιαῦτα</span> <span class='ocrx_word' id='word_1_38' title='bbox 575 609 876 682; x_wconf 75' lang='grc' dir='ltr'>κηρύξαντι</span> <span class='ocrx_word' id='word_1_39' title='bbox 911 610 1134 682; x_wconf 73' lang='grc' dir='ltr'>(πᾶσαν</span> <span class='ocrx_word' id='word_1_40' title='bbox 1159 613 1272 685; x_wconf 80' lang='grc' dir='ltr'><strong>γάρ</strong></span> <span class='ocrx_word' id='word_1_41' title='bbox 1302 613 1587 685; x_wconf 75' lang='grc' dir='ltr'>διέστρεψε</span> <span class='ocrx_word' id='word_1_42' title='bbox 1609 615 1710 686; x_wconf 81' lang='grc' dir='ltr'>τὴν</span> <span class='ocrx_word' id='word_1_43' title='bbox 1738 616 1918 671; x_wconf 77' lang='grc' dir='ltr'>οἰκου-</span> 
     </span>
    </p>
   </div>
   <div class='ocr_carea' id='block_1_9' title="bbox 319 701 1916 778">
    <p class='ocr_par' dir='ltr' id='par_1_9' title="bbox 319 701 1916 778">
     <span class='ocr_line' id='line_1_9' title="bbox 319 701 1916 778; baseline 0.003 -23"><span class='ocrx_word' id='word_1_44' title='bbox 319 705 512 775; x_wconf 71' lang='grc' dir='ltr'>μένην,</span> <span class='ocrx_word' id='word_1_45' title='bbox 565 703 660 756; x_wconf 60' lang='grc' dir='ltr'><strong>καί⁵</strong></span> <span class='ocrx_word' id='word_1_46' title='bbox 716 701 818 773; x_wconf 76' lang='grc' dir='ltr'>τὴν</span> <span class='ocrx_word' id='word_1_47' title='bbox 876 701 1331 776; x_wconf 79' lang='grc' dir='ltr'>θρησκευομένην</span> <span class='ocrx_word' id='word_1_48' title='bbox 1393 704 1505 758; x_wconf 87' lang='grc' dir='ltr'><strong>τῶν</strong></span> <span class='ocrx_word' id='word_1_49' title='bbox 1575 705 1916 778; x_wconf 86' lang='grc' dir='ltr'>Ἐκκλησιῶν</span> 
     </span>
    </p>
   </div>
   <div class='ocr_carea' id='block_1_10' title="bbox 313 792 1916 870">
    <p class='ocr_par' dir='ltr' id='par_1_10' title="bbox 313 792 1916 870">
     <span class='ocr_line' id='line_1_10' title="bbox 313 792 1916 870; baseline 0.002 -22"><span class='ocrx_word' id='word_1_50' title='bbox 313 794 600 865; x_wconf 76' lang='grc' dir='ltr'><strong>παρέλυσε</strong></span> <span class='ocrx_word' id='word_1_51' title='bbox 647 793 866 865; x_wconf 85' lang='grc' dir='ltr'>πίστιν)</span> <span class='ocrx_word' id='word_1_52' title='bbox 919 792 1252 864; x_wconf 86' lang='grc' dir='ltr'>χαρίσασθαι</span> <span class='ocrx_word' id='word_1_53' title='bbox 1301 795 1657 868; x_wconf 79' lang='grc' dir='ltr'><strong>συγγνώμην.</strong></span> <span class='ocrx_word' id='word_1_54' title='bbox 1706 798 1769 850; x_wconf 82' lang='lat' dir='ltr'><strong>Ei</strong></span> <span class='ocrx_word' id='word_1_55' title='bbox 1806 798 1916 870; x_wconf 84' lang='grc' dir='ltr'>γὰρ</span> 
     </span>
    </p>
   </div>
   <div class='ocr_carea' id='block_1_11' title="bbox 312 885 1916 961">
    <p class='ocr_par' dir='ltr' id='par_1_11' title="bbox 312 885 1916 961">
     <span class='ocr_line' id='line_1_11' title="bbox 312 885 1916 961; baseline 0.002 -21"><span class='ocrx_word' id='word_1_56' title='bbox 312 887 409 940; x_wconf 77' lang='grc' dir='ltr'>καὶ</span> <span class='ocrx_word' id='word_1_57' title='bbox 440 886 471 938; x_wconf 78' lang='grc' dir='ltr'><strong><em>ὁ</em></strong></span> <span class='ocrx_word' id='word_1_58' title='bbox 507 885 644 956; x_wconf 83' lang='grc' dir='ltr'>μίαν</span> <span class='ocrx_word' id='word_1_59' title='bbox 692 885 914 956; x_wconf 77' lang='grc' dir='ltr'>ἀφιέναι</span> <span class='ocrx_word' id='word_1_60' title='bbox 940 885 1224 956; x_wconf 76' lang='grc' dir='ltr'>δύσφημον</span> <span class='ocrx_word' id='word_1_61' title='bbox 1253 887 1440 958; x_wconf 81' lang='grc' dir='ltr'>φωνὴν</span> <span class='ocrx_word' id='word_1_62' title='bbox 1471 888 1750 961; x_wconf 81' lang='grc' dir='ltr'><strong>τολμήσας</strong></span> <span class='ocrx_word' id='word_1_63' title='bbox 1774 890 1916 944; x_wconf 85' lang='grc' dir='ltr'><strong>κατά</strong></span> 
     </span>
    </p>
   </div>
   <div class='ocr_carea' id='block_1_12' title="bbox 309 976 1911 1052">
    <p class='ocr_par' dir='ltr' id='par_1_12' title="bbox 309 976 1911 1052">
     <span class='ocr_line' id='line_1_12' title="bbox 309 976 1911 1052; baseline 0.004 -23"><span class='ocrx_word' id='word_1_64' title='bbox 309 977 424 1029; x_wconf 77' lang='grc' dir='ltr'><strong>τῶν</strong></span> <span class='ocrx_word' id='word_1_65' title='bbox 451 976 874 1032; x_wconf 74' lang='grc' dir='ltr'>εὐσεϐεστάτων</span> <span class='ocrx_word' id='word_1_66' title='bbox 907 978 1004 1032; x_wconf 80' lang='grc' dir='ltr'>καὶ</span> <span class='ocrx_word' id='word_1_67' title='bbox 1031 977 1394 1049; x_wconf 82' lang='grc' dir='ltr'>φιλοχρίστων</span> <span class='ocrx_word' id='word_1_68' title='bbox 1420 980 1582 1051; x_wconf 78' lang='grc' dir='ltr'>ἡμῶν</span> <span class='ocrx_word' id='word_1_69' title='bbox 1621 981 1911 1052; x_wconf 83' lang='grc' dir='ltr'>βασιλέων,</span> 
     </span>
    </p>
   </div>
   <div class='ocr_carea' id='block_1_13' title="bbox 307 1059 1912 1143">
    <p class='ocr_par' dir='ltr' id='par_1_13' title="bbox 307 1059 1912 1143">
     <span class='ocr_line' id='line_1_13' title="bbox 307 1059 1912 1143; baseline 0.003 -22"><span class='ocrx_word' id='word_1_70' title='bbox 307 1059 544 1130; x_wconf 83' lang='grc' dir='ltr'>δικαίως</span> <span class='ocrx_word' id='word_1_71' title='bbox 576 1068 847 1138; x_wconf 73' lang='grc' dir='ltr'>ὑπομένει</span> <span class='ocrx_word' id='word_1_72' title='bbox 873 1068 973 1132; x_wconf 83' lang='grc' dir='ltr'><strong>τὰς</strong></span> <span class='ocrx_word' id='word_1_73' title='bbox 1001 1070 1069 1122; x_wconf 86' lang='grc' dir='ltr'><strong>ἐκ</strong></span> <span class='ocrx_word' id='word_1_74' title='bbox 1098 1069 1211 1123; x_wconf 88' lang='grc' dir='ltr'><strong>τῶν</strong></span> <span class='ocrx_word' id='word_1_75' title='bbox 1255 1071 1438 1142; x_wconf 83' lang='grc' dir='ltr'>νόμων</span> <span class='ocrx_word' id='word_1_76' title='bbox 1463 1073 1912 1143; x_wconf 82' lang='grc' dir='ltr'>ἀγανακτήσεις,</span> 
     </span>
    </p>
   </div>
   <div class='ocr_carea' id='block_1_14' title="bbox 308 1155 1915 1236">
    <p class='ocr_par' dir='ltr' id='par_1_14' title="bbox 308 1155 1915 1236">
     <span class='ocr_line' id='line_1_14' title="bbox 308 1155 1915 1236; baseline 0.006 -28"><span class='ocrx_word' id='word_1_77' title='bbox 308 1155 374 1208; x_wconf 87' lang='grc' dir='ltr'>οὐ</span> <span class='ocrx_word' id='word_1_78' title='bbox 403 1155 620 1226; x_wconf 80' lang='grc' dir='ltr'>μᾶλλον</span> <span class='ocrx_word' id='word_1_79' title='bbox 648 1157 680 1210; x_wconf 84' lang='grc' dir='ltr'><strong>δ</strong></span> <span class='ocrx_word' id='word_1_80' title='bbox 707 1157 909 1228; x_wconf 79' lang='grc' dir='ltr'>ἀσεϐὴς</span> <span class='ocrx_word' id='word_1_81' title='bbox 935 1158 996 1211; x_wconf 89' lang='grc' dir='ltr'>τὸ</span> <span class='ocrx_word' id='word_1_82' title='bbox 1040 1159 1286 1229; x_wconf 80' lang='grc' dir='ltr'><strong>σύμπαν,</strong></span> <span class='ocrx_word' id='word_1_83' title='bbox 1332 1163 1362 1215; x_wconf 88' lang='grc' dir='ltr'><strong>ὁ</strong></span> <span class='ocrx_word' id='word_1_84' title='bbox 1407 1161 1468 1214; x_wconf 83' lang='grc' dir='ltr'>τὸ</span> <span class='ocrx_word' id='word_1_85' title='bbox 1504 1164 1704 1233; x_wconf 83' lang='grc' dir='ltr'>εὐαγὲς</span> <span class='ocrx_word' id='word_1_86' title='bbox 1753 1165 1915 1236; x_wconf 83' lang='grc' dir='ltr'>ήμῶν</span> 
     </span>
    </p>
   </div>
   <div class='ocr_carea' id='block_1_15' title="bbox 307 1247 1910 1328">
    <p class='ocr_par' dir='ltr' id='par_1_15' title="bbox 307 1247 1910 1328">
     <span class='ocr_line' id='line_1_15' title="bbox 307 1247 1910 1328; baseline 0.007 -29"><span class='ocrx_word' id='word_1_87' title='bbox 307 1247 648 1318; x_wconf 78' lang='grc' dir='ltr'><strong>ἀνατρέπων</strong></span> <span class='ocrx_word' id='word_1_88' title='bbox 681 1249 1002 1320; x_wconf 83' lang='grc' dir='ltr'>μυστήριον,</span> <span class='ocrx_word' id='word_1_89' title='bbox 1037 1251 1130 1304; x_wconf 75' lang='grc' dir='ltr'><strong>καὶ</strong></span> <span class='ocrx_word' id='word_1_90' title='bbox 1157 1252 1398 1324; x_wconf 82' lang='grc' dir='ltr'>ἀναιρῶν</span> <span class='ocrx_word' id='word_1_91' title='bbox 1427 1253 1527 1324; x_wconf 74' lang='grc' dir='ltr'>τὴν</span> <span class='ocrx_word' id='word_1_92' title='bbox 1562 1257 1910 1328; x_wconf 81' lang='grc' dir='ltr'>οἰκονομίαν,</span> 
     </span>
    </p>
   </div>
   <div class='ocr_carea' id='block_1_16' title="bbox 308 1340 1914 1419">
    <p class='ocr_par' dir='ltr' id='par_1_16' title="bbox 308 1340 1914 1419">
     <span class='ocr_line' id='line_1_16' title="bbox 308 1340 1914 1419; baseline 0.009 -29"><span class='ocrx_word' id='word_1_93' title='bbox 308 1340 376 1408; x_wconf 72' lang='grc' dir='ltr'>ἡν</span> <span class='ocrx_word' id='word_1_94' title='bbox 414 1340 447 1391; x_wconf 85' lang='grc' dir='ltr'><strong>δ</strong></span> <span class='ocrx_word' id='word_1_95' title='bbox 481 1340 648 1408; x_wconf 77' lang='grc' dir='ltr'>ἆγιος</span> <span class='ocrx_word' id='word_1_96' title='bbox 676 1340 771 1393; x_wconf 74' lang='grc' dir='ltr'>καὶ</span> <span class='ocrx_word' id='word_1_97' title='bbox 804 1340 1186 1414; x_wconf 79' lang='grc' dir='ltr'>φιλάνθρωπος</span> <span class='ocrx_word' id='word_1_98' title='bbox 1223 1345 1316 1399; x_wconf 85' lang='grc' dir='ltr'>τοῦ</span> <span class='ocrx_word' id='word_1_99' title='bbox 1356 1345 1494 1400; x_wconf 81' lang='grc' dir='ltr'>Θεοῦ</span> <span class='ocrx_word' id='word_1_100' title='bbox 1537 1348 1751 1419; x_wconf 81' lang='grc' dir='ltr'>Πατρδς</span> <span class='ocrx_word' id='word_1_101' title='bbox 1785 1350 1914 1414; x_wconf 84' lang='grc' dir='ltr'>Υἱὸς</span> 
     </span>
    </p>
   </div>
   <div class='ocr_carea' id='block_1_17' title="bbox 309 1431 1911 1509">
    <p class='ocr_par' dir='ltr' id='par_1_17' title="bbox 309 1431 1911 1509">
     <span class='ocr_line' id='line_1_17' title="bbox 309 1431 1911 1509; baseline 0.009 -28"><span class='ocrx_word' id='word_1_102' title='bbox 309 1431 627 1502; x_wconf 74' lang='grc' dir='ltr'>μονογενὴς</span> <span class='ocrx_word' id='word_1_103' title='bbox 675 1431 743 1484; x_wconf 84' lang='grc' dir='ltr'><strong>δι’</strong></span> <span class='ocrx_word' id='word_1_104' title='bbox 777 1434 928 1503; x_wconf 76' lang='grc' dir='ltr'>ἡμᾶς</span> <span class='ocrx_word' id='word_1_105' title='bbox 961 1434 1272 1506; x_wconf 84' lang='grc' dir='ltr'>ἐπλήρωσε,</span> <span class='ocrx_word' id='word_1_106' title='bbox 1308 1437 1664 1504; x_wconf 80' lang='grc' dir='ltr'>καταξιώσας</span> <span class='ocrx_word' id='word_1_107' title='bbox 1693 1441 1911 1509; x_wconf 78' lang='grc' dir='ltr'>ἀνθρω-</span> 
     </span>
    </p>
   </div>
   <div class='ocr_carea' id='block_1_18' title="bbox 309 1524 1912 1607">
    <p class='ocr_par' dir='ltr' id='par_1_18' title="bbox 309 1524 1912 1607">
     <span class='ocr_line' id='line_1_18' title="bbox 309 1524 1912 1607; baseline 0.012 -37"><span class='ocrx_word' id='word_1_108' title='bbox 309 1537 415 1585; x_wconf 72' lang='grc' dir='ltr'><strong>πος</strong></span> <span class='ocrx_word' id='word_1_109' title='bbox 435 1524 722 1590; x_wconf 77' lang='grc' dir='ltr'>γενέσθαι,</span> <span class='ocrx_word' id='word_1_110' title='bbox 755 1524 842 1578; x_wconf 76' lang='grc' dir='ltr'>ἵνα</span> <span class='ocrx_word' id='word_1_111' title='bbox 880 1527 1092 1592; x_wconf 81' lang='grc' dir='ltr'>πάντας</span> <span class='ocrx_word' id='word_1_112' title='bbox 1119 1529 1269 1599; x_wconf 77' lang='grc' dir='ltr'>ἡμᾶς</span> <span class='ocrx_word' id='word_1_113' title='bbox 1301 1529 1474 1602; x_wconf 78' lang='grc' dir='ltr'>σώσῃ,</span> <span class='ocrx_word' id='word_1_114' title='bbox 1500 1533 1594 1585; x_wconf 75' lang='grc' dir='ltr'><strong>καὶ</strong></span> <span class='ocrx_word' id='word_1_115' title='bbox 1623 1533 1912 1607; x_wconf 77' lang='grc' dir='ltr'><strong>ἀπαλλάξῃ</strong></span> 
     </span>
    </p>
   </div>
   <div class='ocr_carea' id='block_1_19' title="bbox 305 1609 1912 1693">
    <p class='ocr_par' dir='ltr' id='par_1_19' title="bbox 305 1609 1912 1693">
     <span class='ocr_line' id='line_1_19' title="bbox 305 1609 1912 1693; baseline 0.011 -33"><span class='ocrx_word' id='word_1_116' title='bbox 305 1609 412 1683; x_wconf 82' lang='grc' dir='ltr'>τὴν</span> <span class='ocrx_word' id='word_1_117' title='bbox 444 1612 540 1664; x_wconf 78' lang='grc' dir='ltr'><strong>ὑπ’</strong></span> <span class='ocrx_word' id='word_1_118' title='bbox 564 1613 799 1685; x_wconf 76' lang='grc' dir='ltr'>οὐρανὸν</span> <span class='ocrx_word' id='word_1_119' title='bbox 827 1616 1106 1688; x_wconf 83' lang='grc' dir='ltr'>ἁμαρτίας</span> <span class='ocrx_word' id='word_1_120' title='bbox 1151 1620 1248 1673; x_wconf 80' lang='grc' dir='ltr'>καὶ</span> <span class='ocrx_word' id='word_1_121' title='bbox 1271 1619 1535 1686; x_wconf 88' lang='grc' dir='ltr'>θανάτου;</span> <span class='ocrx_word' id='word_1_122' title='bbox 1573 1622 1720 1693; x_wconf 84' lang='grc' dir='ltr'>Πλὴν</span> <span class='ocrx_word' id='word_1_123' title='bbox 1749 1624 1912 1678; x_wconf 87' lang='grc' dir='ltr'>ἐθαυ-</span> 
     </span>
    </p>
   </div>
   <div class='ocr_carea' id='block_1_20' title="bbox 309 1704 1985 1789">
    <p class='ocr_par' dir='ltr' id='par_1_20' title="bbox 309 1704 1985 1789">
     <span class='ocr_line' id='line_1_20' title="bbox 309 1704 1985 1789; baseline 0.009 -34"><span class='ocrx_word' id='word_1_124' title='bbox 309 1704 586 1774; x_wconf 81' lang='grc' dir='ltr'>μάσαμεν</span> <span class='ocrx_word' id='word_1_125' title='bbox 634 1707 736 1776; x_wconf 68' lang='grc' dir='ltr'>τὴν</span> <span class='ocrx_word' id='word_1_126' title='bbox 773 1706 1209 1780; x_wconf 77' lang='grc' dir='ltr'>σκληροκαρδίαν</span> <span class='ocrx_word' id='word_1_127' title='bbox 1254 1711 1351 1766; x_wconf 74' lang='grc' dir='ltr'><strong>τοῦ</strong></span> <span class='ocrx_word' id='word_1_128' title='bbox 1401 1713 1616 1783; x_wconf 83' lang='grc' dir='ltr'>ἀνδρός.</span> <span class='ocrx_word' id='word_1_129' title='bbox 1675 1716 1752 1769; x_wconf 77' lang='grc' dir='ltr'><strong>Οὐ</strong></span> <span class='ocrx_word' id='word_1_130' title='bbox 1802 1715 1912 1789; x_wconf 80' lang='grc' dir='ltr'>γὰρ</span> <span class='ocrx_word' id='word_1_131' title='bbox 1945 1709 1985 1764; x_wconf 84' lang='grc' dir='ltr'><strong>Β</strong></span> 
     </span>
    </p>
   </div>
   <div class='ocr_carea' id='block_1_21' title="bbox 308 1797 1908 1880">
    <p class='ocr_par' dir='ltr' id='par_1_21' title="bbox 308 1797 1908 1880">
     <span class='ocr_line' id='line_1_21' title="bbox 308 1797 1908 1880; baseline 0.009 -33"><span class='ocrx_word' id='word_1_132' title='bbox 308 1797 674 1868; x_wconf 73' lang='grc' dir='ltr'><strong>μετενόησεν,</strong></span> <span class='ocrx_word' id='word_1_133' title='bbox 705 1798 826 1852; x_wconf 75' lang='grc' dir='ltr'>οὐδὲ</span> <span class='ocrx_word' id='word_1_134' title='bbox 855 1799 1141 1866; x_wconf 80' lang='grc' dir='ltr'>ἔκλαυσεν,</span> <span class='ocrx_word' id='word_1_135' title='bbox 1177 1802 1264 1871; x_wconf 67' lang='grc' dir='ltr'>ἐφ’</span> <span class='ocrx_word' id='word_1_136' title='bbox 1302 1799 1386 1868; x_wconf 76' lang='grc' dir='ltr'><strong>οἷς</strong></span> <span class='ocrx_word' id='word_1_137' title='bbox 1432 1806 1608 1859; x_wconf 78' lang='grc' dir='ltr'>είπεῖν</span> <span class='ocrx_word' id='word_1_138' title='bbox 1638 1807 1908 1880; x_wconf 82' lang='grc' dir='ltr'>ἐτόλμησε</span> 
     </span>
    </p>
   </div>
   <div class='ocr_carea' id='block_1_22' title="bbox 308 1887 1905 1968">
    <p class='ocr_par' dir='ltr' id='par_1_22' title="bbox 308 1887 1905 1968">
     <span class='ocr_line' id='line_1_22' title="bbox 308 1887 1905 1968; baseline 0.009 -29"><span class='ocrx_word' id='word_1_139' title='bbox 308 1888 457 1940; x_wconf 82' lang='grc' dir='ltr'><strong>κατά</strong></span> <span class='ocrx_word' id='word_1_140' title='bbox 491 1887 598 1957; x_wconf 76' lang='grc' dir='ltr'>τῆς</span> <span class='ocrx_word' id='word_1_141' title='bbox 623 1887 784 1958; x_wconf 79' lang='grc' dir='ltr'>δόξης</span> <span class='ocrx_word' id='word_1_142' title='bbox 807 1887 901 1942; x_wconf 75' lang='grc' dir='ltr'><strong>τοῦ</strong></span> <span class='ocrx_word' id='word_1_143' title='bbox 929 1890 1150 1946; x_wconf 89' lang='grc' dir='ltr'>πάντων</span> <span class='ocrx_word' id='word_1_144' title='bbox 1173 1893 1330 1964; x_wconf 85' lang='grc' dir='ltr'>ήμῶν</span> <span class='ocrx_word' id='word_1_145' title='bbox 1362 1895 1617 1968; x_wconf 79' lang='grc' dir='ltr'>Σωτῆρος</span> <span class='ocrx_word' id='word_1_146' title='bbox 1644 1899 1905 1968; x_wconf 78' lang='grc' dir='ltr'>Χριστοῦ.</span> 
     </span>
    </p>
   </div>
   <div class='ocr_carea' id='block_1_23' title="bbox 317 1980 1908 2056">
    <p class='ocr_par' dir='ltr' id='par_1_23' title="bbox 317 1980 1908 2056">
     <span class='ocr_line' id='line_1_23' title="bbox 317 1980 1908 2056; baseline 0.008 -24"><span class='ocrx_word' id='word_1_147' title='bbox 317 1980 494 2033; x_wconf 74' lang='grc' dir='ltr'><strong>Ἀλλά</strong></span> <span class='ocrx_word' id='word_1_148' title='bbox 518 1980 630 2051; x_wconf 81' lang='grc' dir='ltr'><strong>γὰρ</strong></span> <span class='ocrx_word' id='word_1_149' title='bbox 665 1981 762 2035; x_wconf 84' lang='grc' dir='ltr'>καὶ</span> <span class='ocrx_word' id='word_1_150' title='bbox 793 1981 851 2034; x_wconf 83' lang='grc' dir='ltr'><strong>ἐν</strong></span> <span class='ocrx_word' id='word_1_151' title='bbox 894 1982 1106 2052; x_wconf 80' lang='grc' dir='ltr'>Ἐφέσω</span> <span class='ocrx_word' id='word_1_152' title='bbox 1133 1986 1544 2056; x_wconf 80' lang='grc' dir='ltr'>παραγεγονὼς,</span> <span class='ocrx_word' id='word_1_153' title='bbox 1575 1992 1688 2054; x_wconf 81' lang='grc' dir='ltr'>τοῖς</span> <span class='ocrx_word' id='word_1_154' title='bbox 1722 1991 1908 2056; x_wconf 77' lang='grc' dir='ltr'>αὐτοῖς</span> 
     </span>
    </p>
   </div>
   <div class='ocr_carea' id='block_1_24' title="bbox 303 2071 1909 2153">
    <p class='ocr_par' dir='ltr' id='par_1_24' title="bbox 303 2071 1909 2153">
     <span class='ocr_line' id='line_1_24' title="bbox 303 2071 1909 2153; baseline 0.007 -28"><span class='ocrx_word' id='word_1_155' title='bbox 303 2073 589 2143; x_wconf 73' lang='grc' dir='ltr'>ἐκέχρητο</span> <span class='ocrx_word' id='word_1_156' title='bbox 613 2071 817 2141; x_wconf 82' lang='grc' dir='ltr'>λόγοις,</span> <span class='ocrx_word' id='word_1_157' title='bbox 849 2075 943 2128; x_wconf 82' lang='grc' dir='ltr'>καὶ</span> <span class='ocrx_word' id='word_1_158' title='bbox 976 2074 1140 2130; x_wconf 84' lang='grc' dir='ltr'>πάλιν</span> <span class='ocrx_word' id='word_1_159' title='bbox 1171 2075 1375 2145; x_wconf 74' lang='grc' dir='ltr'>ἔδειξεν</span> <span class='ocrx_word' id='word_1_160' title='bbox 1397 2079 1563 2134; x_wconf 82' lang='grc' dir='ltr'>αὑτὸν</span> <span class='ocrx_word' id='word_1_161' title='bbox 1605 2081 1909 2153; x_wconf 72' lang='grc' dir='ltr'>φρονοῦντα</span> 
     </span>
    </p>
   </div>
   <div class='ocr_carea' id='block_1_25' title="bbox 305 2165 1910 2247">
    <p class='ocr_par' dir='ltr' id='par_1_25' title="bbox 305 2165 1910 2247">
     <span class='ocr_line' id='line_1_25' title="bbox 305 2165 1910 2247; baseline 0.009 -30"><span class='ocrx_word' id='word_1_162' title='bbox 305 2167 382 2219; x_wconf 75' lang='grc' dir='ltr'><strong>τα</strong></span> <span class='ocrx_word' id='word_1_163' title='bbox 410 2165 854 2238; x_wconf 79' lang='grc' dir='ltr'>διεστραμμένα·</span> <span class='ocrx_word' id='word_1_164' title='bbox 893 2166 971 2231; x_wconf 83' lang='grc' dir='ltr'>ὼς</span> <span class='ocrx_word' id='word_1_165' title='bbox 999 2169 1094 2222; x_wconf 80' lang='grc' dir='ltr'><strong>καὶ</strong></span> <span class='ocrx_word' id='word_1_166' title='bbox 1121 2169 1229 2223; x_wconf 90' lang='grc' dir='ltr'><strong>τῶν</strong></span> <span class='ocrx_word' id='word_1_167' title='bbox 1257 2170 1550 2244; x_wconf 79' lang='grc' dir='ltr'>ἐπισήμων</span> <span class='ocrx_word' id='word_1_168' title='bbox 1577 2175 1910 2247; x_wconf 81' lang='grc' dir='ltr'>μητροπολι-</span> 
     </span>
    </p>
   </div>
   <div class='ocr_carea' id='block_1_26' title="bbox 304 2257 1910 2335">
    <p class='ocr_par' dir='ltr' id='par_1_26' title="bbox 304 2257 1910 2335">
     <span class='ocr_line' id='line_1_26' title="bbox 304 2257 1910 2335; baseline 0.009 -25"><span class='ocrx_word' id='word_1_169' title='bbox 304 2257 425 2311; x_wconf 78' lang='grc' dir='ltr'><strong>τῶν</strong></span> <span class='ocrx_word' id='word_1_170' title='bbox 457 2259 552 2313; x_wconf 68' lang='grc' dir='ltr'><strong>καὶ</strong></span> <span class='ocrx_word' id='word_1_171' title='bbox 595 2258 1036 2316; x_wconf 81' lang='grc' dir='ltr'>θεοσεδεστάτων</span> <span class='ocrx_word' id='word_1_172' title='bbox 1067 2262 1384 2318; x_wconf 82' lang='grc' dir='ltr'>ἐπισκόπων</span> <span class='ocrx_word' id='word_1_173' title='bbox 1404 2305 1418 2327; x_wconf 86' lang='grc'><strong>,</strong></span> <span class='ocrx_word' id='word_1_174' title='bbox 1457 2265 1650 2335; x_wconf 80' lang='grc' dir='ltr'>λόγους</span> <span class='ocrx_word' id='word_1_175' title='bbox 1681 2269 1910 2332; x_wconf 84' lang='grc' dir='ltr'>δικαίως</span> 
     </span>
    </p>
   </div>
   <div class='ocr_carea' id='block_1_27' title="bbox 307 2344 1910 2423">
    <p class='ocr_par' dir='ltr' id='par_1_27' title="bbox 307 2344 1910 2423">
     <span class='ocr_line' id='line_1_27' title="bbox 307 2344 1910 2423; baseline 0.009 -25"><span class='ocrx_word' id='word_1_176' title='bbox 307 2345 456 2417; x_wconf 71' lang='grc' dir='ltr'>πρὸς</span> <span class='ocrx_word' id='word_1_177' title='bbox 479 2347 648 2401; x_wconf 85' lang='grc' dir='ltr'>αὑτὸν</span> <span class='ocrx_word' id='word_1_178' title='bbox 677 2349 995 2417; x_wconf 78' lang='grc' dir='ltr'>κινούντων,</span> <span class='ocrx_word' id='word_1_179' title='bbox 1039 2344 1160 2406; x_wconf 77' lang='grc' dir='ltr'>εἶτα</span> <span class='ocrx_word' id='word_1_180' title='bbox 1193 2355 1590 2423; x_wconf 76' lang='grc' dir='ltr'>συγκλειόντων</span> <span class='ocrx_word' id='word_1_181' title='bbox 1625 2358 1788 2413; x_wconf 82' lang='grc' dir='ltr'>αὐτὸν</span> <span class='ocrx_word' id='word_1_182' title='bbox 1819 2359 1910 2414; x_wconf 81' lang='grc' dir='ltr'><strong>διὰ</strong></span> 
     </span>
    </p>
   </div>
   <div class='ocr_carea' id='block_1_28' title="bbox 309 2438 1908 2517">
    <p class='ocr_par' dir='ltr' id='par_1_28' title="bbox 309 2438 1908 2517">
     <span class='ocr_line' id='line_1_28' title="bbox 309 2438 1908 2517; baseline 0.011 -27"><span class='ocrx_word' id='word_1_183' title='bbox 309 2441 415 2510; x_wconf 84' lang='grc' dir='ltr'>τῆς</span> <span class='ocrx_word' id='word_1_184' title='bbox 452 2438 821 2495; x_wconf 73' lang='grc' dir='ltr'>θεοπνεύστου</span> <span class='ocrx_word' id='word_1_185' title='bbox 866 2443 1094 2514; x_wconf 81' lang='grc' dir='ltr'>Γραφῆς</span> <span class='ocrx_word' id='word_1_186' title='bbox 1117 2485 1132 2510; x_wconf 92' lang='grc'><strong>,</strong></span> <span class='ocrx_word' id='word_1_187' title='bbox 1181 2447 1274 2500; x_wconf 78' lang='grc' dir='ltr'>καὶ</span> <span class='ocrx_word' id='word_1_188' title='bbox 1306 2446 1634 2514; x_wconf 81' lang='grc' dir='ltr'>διδαξάντων</span> <span class='ocrx_word' id='word_1_189' title='bbox 1662 2451 1744 2506; x_wconf 78' lang='grc' dir='ltr'>ὅτι</span> <span class='ocrx_word' id='word_1_190' title='bbox 1774 2451 1908 2517; x_wconf 82' lang='grc' dir='ltr'>Θεός</span> 
     </span>
    </p>
   </div>
   <div class='ocr_carea' id='block_1_29' title="bbox 308 2529 1908 2614">
    <p class='ocr_par' dir='ltr' id='par_1_29' title="bbox 308 2529 1908 2614">
     <span class='ocr_line' id='line_1_29' title="bbox 308 2529 1908 2614; baseline 0.011 -34"><span class='ocrx_word' id='word_1_191' title='bbox 308 2529 464 2584; x_wconf 75' lang='grc' dir='ltr'>ἐστιν</span> <span class='ocrx_word' id='word_1_192' title='bbox 494 2533 526 2585; x_wconf 81' lang='grc' dir='ltr'><strong>δ</strong></span> <span class='ocrx_word' id='word_1_193' title='bbox 559 2532 630 2585; x_wconf 69' lang='grc' dir='ltr'>ἐκ</span> <span class='ocrx_word' id='word_1_194' title='bbox 657 2533 759 2603; x_wconf 82' lang='grc' dir='ltr'><strong>τῆς</strong></span> <span class='ocrx_word' id='word_1_195' title='bbox 795 2533 960 2598; x_wconf 81' lang='grc' dir='ltr'>ἁγίας</span> <span class='ocrx_word' id='word_1_196' title='bbox 989 2535 1271 2607; x_wconf 83' lang='grc' dir='ltr'>Παρθένου</span> <span class='ocrx_word' id='word_1_197' title='bbox 1305 2541 1449 2594; x_wconf 78' lang='grc' dir='ltr'>κατὰ</span> <span class='ocrx_word' id='word_1_198' title='bbox 1501 2541 1681 2610; x_wconf 80' lang='grc' dir='ltr'>σάρκα</span> <span class='ocrx_word' id='word_1_199' title='bbox 1712 2559 1908 2614; x_wconf 74' lang='grc' dir='ltr'>γεννη‹</span> 
     </span>
    </p>
   </div>
   <div class='ocr_carea' id='block_1_30' title="bbox 308 2621 1905 2706">
    <p class='ocr_par' dir='ltr' id='par_1_30' title="bbox 308 2621 1905 2706">
     <span class='ocr_line' id='line_1_30' title="bbox 308 2621 1905 2706; baseline 0.013 -36"><span class='ocrx_word' id='word_1_200' title='bbox 308 2621 446 2686; x_wconf 69' lang='grc' dir='ltr'>θεὶς,</span> <span class='ocrx_word' id='word_1_201' title='bbox 481 2622 735 2696; x_wconf 79' lang='grc' dir='ltr'>ἀθεμίτῳ</span> <span class='ocrx_word' id='word_1_202' title='bbox 780 2627 932 2697; x_wconf 83' lang='grc' dir='ltr'>φωνῇ</span> <span class='ocrx_word' id='word_1_203' title='bbox 961 2628 1328 2700; x_wconf 81' lang='grc' dir='ltr'>χρησάμενος,</span> <span class='ocrx_word' id='word_1_204' title='bbox 1367 2630 1472 2704; x_wconf 78' lang='grc' dir='ltr'>ἔφη</span> <span class='ocrx_word' id='word_1_205' title='bbox 1493 2649 1509 2663; x_wconf 84' lang='grc'><strong>·</strong></span> <span class='ocrx_word' id='word_1_206' title='bbox 1570 2633 1712 2702; x_wconf 86' lang='grc' dir='ltr'><strong>Ἐγὼ</strong></span> <span class='ocrx_word' id='word_1_207' title='bbox 1743 2634 1905 2706; x_wconf 87' lang='grc' dir='ltr'>διμη-</span> 
     </span>
    </p>
   </div>
   <div class='ocr_carea' id='block_1_31' title="bbox 306 2716 1905 2797">
    <p class='ocr_par' dir='ltr' id='par_1_31' title="bbox 306 2716 1905 2797">
     <span class='ocr_line' id='line_1_31' title="bbox 306 2716 1905 2797; baseline 0.01 -30"><span class='ocrx_word' id='word_1_208' title='bbox 306 2716 458 2768; x_wconf 79' lang='grc' dir='ltr'>ναῖον</span> <span class='ocrx_word' id='word_1_209' title='bbox 479 2717 578 2770; x_wconf 73' lang='grc' dir='ltr'><strong>καὶ</strong></span> <span class='ocrx_word' id='word_1_210' title='bbox 600 2721 926 2789; x_wconf 82' lang='grc' dir='ltr'>τριμηναίον</span> <span class='ocrx_word' id='word_1_211' title='bbox 941 2720 1074 2775; x_wconf 84' lang='grc' dir='ltr'>Θεὸν</span> <span class='ocrx_word' id='word_1_212' title='bbox 1099 2723 1162 2776; x_wconf 85' lang='grc' dir='ltr'>οὑ</span> <span class='ocrx_word' id='word_1_213' title='bbox 1186 2724 1332 2793; x_wconf 84' lang='grc' dir='ltr'>λέγω</span> <span class='ocrx_word' id='word_1_214' title='bbox 1355 2742 1368 2755; x_wconf 73' lang='grc' dir='ltr'><strong>ο</strong></span> <span class='ocrx_word' id='word_1_215' title='bbox 1396 2725 1492 2780; x_wconf 80' lang='grc' dir='ltr'>καὶ</span> <span class='ocrx_word' id='word_1_216' title='bbox 1521 2725 1657 2781; x_wconf 83' lang='grc' dir='ltr'>ἀλλα</span> <span class='ocrx_word' id='word_1_217' title='bbox 1678 2727 1736 2781; x_wconf 86' lang='grc' dir='ltr'>δὲ</span> <span class='ocrx_word' id='word_1_218' title='bbox 1765 2727 1905 2797; x_wconf 77' lang='grc' dir='ltr'>πρὸς</span> 
     </span>
    </p>
   </div>
   <div class='ocr_carea' id='block_1_32' title="bbox 305 2805 1906 2890">
    <p class='ocr_par' dir='ltr' id='par_1_32' title="bbox 305 2805 1906 2890">
     <span class='ocr_line' id='line_1_32' title="bbox 305 2805 1906 2890; baseline 0.01 -32"><span class='ocrx_word' id='word_1_219' title='bbox 305 2805 524 2872; x_wconf 72' lang='grc' dir='ltr'>τούτοις</span> <span class='ocrx_word' id='word_1_220' title='bbox 564 2809 768 2878; x_wconf 71' lang='grc' dir='ltr'>ἔτερα,</span> <span class='ocrx_word' id='word_1_221' title='bbox 799 2811 1044 2884; x_wconf 85' lang='grc' dir='ltr'>ἀναιρῶν</span> <span class='ocrx_word' id='word_1_222' title='bbox 1079 2814 1180 2887; x_wconf 81' lang='grc' dir='ltr'>τὴν</span> <span class='ocrx_word' id='word_1_223' title='bbox 1215 2816 1634 2890; x_wconf 83' lang='grc' dir='ltr'>ἐνανθρὼπησιν</span> <span class='ocrx_word' id='word_1_224' title='bbox 1662 2818 1756 2873; x_wconf 80' lang='grc' dir='ltr'>τοῦ</span> <span class='ocrx_word' id='word_1_225' title='bbox 1792 2821 1906 2874; x_wconf 90' lang='grc' dir='ltr'><strong>Μο-</strong></span> 
     </span>
    </p>
   </div>
   <div class='ocr_carea' id='block_1_33' title="bbox 306 2913 586 2966">
    <p class='ocr_par' dir='ltr' id='par_1_33' title="bbox 306 2913 586 2966">
     <span class='ocr_line' id='line_1_33' title="bbox 306 2913 586 2966; baseline 0.014 -17"><span class='ocrx_word' id='word_1_226' title='bbox 306 2913 586 2966; x_wconf 78' lang='grc' dir='ltr'>νογενους.</span> 
     </span>
    </p>
   </div>
   <div class='ocr_carea' id='block_1_34' title="bbox 2021 436 3607 512">
    <p class='ocr_par' dir='ltr' id='par_1_34' title="bbox 2021 436 3607 512">
     <span class='ocr_line' id='line_1_34' title="bbox 2021 436 3607 512; baseline 0.006 -21"><span class='ocrx_word' id='word_1_227' title='bbox 2021 436 2232 508; x_wconf 87' lang='lat' dir='ltr'><strong>synodo</strong></span> <span class='ocrx_word' id='word_1_228' title='bbox 2282 437 2497 492; x_wconf 82' lang='lat' dir='ltr'><strong>veniam</strong></span> <span class='ocrx_word' id='word_1_229' title='bbox 2548 439 2850 509; x_wconf 84' lang='lat' dir='ltr'><strong>petiturum</strong></span> <span class='ocrx_word' id='word_1_230' title='bbox 2891 457 2906 492; x_wconf 91' lang='lat'><strong>:</strong></span> <span class='ocrx_word' id='word_1_231' title='bbox 2945 456 3257 512; x_wconf 81' lang='lat' dir='ltr'><strong>quanquam</strong></span> <span class='ocrx_word' id='word_1_232' title='bbox 3308 443 3472 499; x_wconf 82' lang='lat' dir='ltr'><strong>etiam</strong></span> <span class='ocrx_word' id='word_1_233' title='bbox 3526 446 3607 502; x_wconf 88' lang='lat' dir='ltr'><strong>sic</strong></span> 
     </span>
    </p>
   </div>
   <div class='ocr_carea' id='block_1_35' title="bbox 2022 529 3606 608">
    <p class='ocr_par' dir='ltr' id='par_1_35' title="bbox 2022 529 3606 608">
     <span class='ocr_line' id='line_1_35' title="bbox 2022 529 3606 608; baseline 0.006 -24"><span class='ocrx_word' id='word_1_234' title='bbox 2022 529 2259 586; x_wconf 81' lang='lat' dir='ltr'><strong>maxime</strong></span> <span class='ocrx_word' id='word_1_235' title='bbox 2284 530 2657 602; x_wconf 88' lang='lat' dir='ltr'><strong>periculosum</strong></span> <span class='ocrx_word' id='word_1_236' title='bbox 2692 539 2813 587; x_wconf 88' lang='lat' dir='ltr'><strong>erat</strong></span> <span class='ocrx_word' id='word_1_237' title='bbox 2836 533 3052 588; x_wconf 81' lang='lat' dir='ltr'><strong>veniam</strong></span> <span class='ocrx_word' id='word_1_238' title='bbox 3086 535 3189 604; x_wconf 82' lang='lat' dir='ltr'><strong>ipsi</strong></span> <span class='ocrx_word' id='word_1_239' title='bbox 3217 535 3382 602; x_wconf 88' lang='lat' dir='ltr'><strong>dare;</strong></span> <span class='ocrx_word' id='word_1_240' title='bbox 3424 553 3606 608; x_wconf 90' lang='lat' dir='ltr'><strong>neque</strong></span> 
     </span>
    </p>
   </div>
   <div class='ocr_carea' id='block_1_36' title="bbox 2020 621 3608 695">
    <p class='ocr_par' dir='ltr' id='par_1_36' title="bbox 2020 621 3608 695">
     <span class='ocr_line' id='line_1_36' title="bbox 2020 621 3608 695; baseline 0.004 -17"><span class='ocrx_word' id='word_1_241' title='bbox 2020 621 2171 678; x_wconf 88' lang='lat' dir='ltr'><strong>enim</strong></span> <span class='ocrx_word' id='word_1_242' title='bbox 2205 622 2554 693; x_wconf 78' lang='lat' dir='ltr'><strong>expediebat,</strong></span> <span class='ocrx_word' id='word_1_243' title='bbox 2595 623 2828 688; x_wconf 84' lang='lat' dir='ltr'><strong>homini,</strong></span> <span class='ocrx_word' id='word_1_244' title='bbox 2865 625 2960 695; x_wconf 81' lang='lat' dir='ltr'><strong>qui</strong></span> <span class='ocrx_word' id='word_1_245' title='bbox 3001 626 3206 681; x_wconf 81' lang='lat' dir='ltr'><strong>talibus</strong></span> <span class='ocrx_word' id='word_1_246' title='bbox 3243 627 3608 685; x_wconf 87' lang='lat' dir='ltr'><strong>concionibus</strong></span> 
     </span>
    </p>
   </div>
   <div class='ocr_carea' id='block_1_37' title="bbox 2019 717 3607 791">
    <p class='ocr_par' dir='ltr' id='par_1_37' title="bbox 2019 717 3607 791">
     <span class='ocr_line' id='line_1_37' title="bbox 2019 717 3607 791; baseline 0.006 -22"><span class='ocrx_word' id='word_1_247' title='bbox 2019 729 2240 770; x_wconf 85' lang='lat' dir='ltr'><strong>onmem</strong></span> <span class='ocrx_word' id='word_1_248' title='bbox 2285 723 2554 771; x_wconf 86' lang='lat' dir='ltr'><strong>terrarum</strong></span> <span class='ocrx_word' id='word_1_249' title='bbox 2594 717 2784 772; x_wconf 79' lang='lat' dir='ltr'><strong>orbem</strong></span> <span class='ocrx_word' id='word_1_250' title='bbox 2832 720 3120 789; x_wconf 83' lang='lat' dir='ltr'><strong>pervertit,</strong></span> <span class='ocrx_word' id='word_1_251' title='bbox 3168 720 3440 791; x_wconf 81' lang='lat' dir='ltr'><strong>ﬁdemque</strong></span> <span class='ocrx_word' id='word_1_252' title='bbox 3479 724 3607 778; x_wconf 88' lang='lat' dir='ltr'><strong>reli-</strong></span> 
     </span>
    </p>
   </div>
   <div class='ocr_carea' id='block_1_38' title="bbox 2019 804 3602 878">
    <p class='ocr_par' dir='ltr' id='par_1_38' title="bbox 2019 804 3602 878">
     <span class='ocr_line' id='line_1_38' title="bbox 2019 804 3602 878; baseline 0.006 -20"><span class='ocrx_word' id='word_1_253' title='bbox 2019 804 2170 874; x_wconf 80' lang='lat' dir='ltr'><strong>giose</strong></span> <span class='ocrx_word' id='word_1_254' title='bbox 2195 805 2265 859; x_wconf 87' lang='lat' dir='ltr'><strong>ab</strong></span> <span class='ocrx_word' id='word_1_255' title='bbox 2291 805 2557 862; x_wconf 84' lang='lat' dir='ltr'><strong>Ecclesiis</strong></span> <span class='ocrx_word' id='word_1_256' title='bbox 2593 819 2867 864; x_wconf 73' lang='lat' dir='ltr'><strong>servatam</strong></span> <span class='ocrx_word' id='word_1_257' title='bbox 2900 818 2958 866; x_wconf 85' lang='lat' dir='ltr'><strong>et</strong></span> <span class='ocrx_word' id='word_1_258' title='bbox 2989 810 3194 865; x_wconf 86' lang='lat' dir='ltr'><strong>cultam</strong></span> <span class='ocrx_word' id='word_1_259' title='bbox 3233 811 3602 878; x_wconf 76' lang='lat' dir='ltr'><strong>labefactavit,</strong></span> 
     </span>
    </p>
   </div>
   <div class='ocr_carea' id='block_1_39' title="bbox 2021 888 3716 974">
    <p class='ocr_par' dir='ltr' id='par_1_39' title="bbox 2021 888 3716 974">
     <span class='ocr_line' id='line_1_39' title="bbox 2021 888 3716 974; baseline 0.006 -23"><span class='ocrx_word' id='word_1_260' title='bbox 2021 897 2236 951; x_wconf 79' lang='lat' dir='ltr'><strong>veniam</strong></span> <span class='ocrx_word' id='word_1_261' title='bbox 2302 900 2625 955; x_wconf 83' lang='lat' dir='ltr'><strong>concedere.</strong></span> <span class='ocrx_word' id='word_1_262' title='bbox 2669 902 2887 956; x_wconf 86' lang='lat' dir='ltr'><strong>Etenim</strong></span> <span class='ocrx_word' id='word_1_263' title='bbox 2923 903 2969 958; x_wconf 92' lang='lat' dir='ltr'><strong>si</strong></span> <span class='ocrx_word' id='word_1_264' title='bbox 3011 904 3122 967; x_wconf 90' lang='lat' dir='ltr'><strong>ille,</strong></span> <span class='ocrx_word' id='word_1_265' title='bbox 3151 905 3245 974; x_wconf 85' lang='lat' dir='ltr'><strong>qui</strong></span> <span class='ocrx_word' id='word_1_266' title='bbox 3271 905 3357 960; x_wconf 90' lang='lat' dir='ltr'><strong>vel</strong></span> <span class='ocrx_word' id='word_1_267' title='bbox 3386 906 3604 961; x_wconf 84' lang='lat' dir='ltr'><strong>unicam</strong></span> <span class='ocrx_word' id='word_1_268' title='bbox 3710 888 3716 896; x_wconf 89' lang='grc'><em>’</em></span> 
     </span>
    </p>
   </div>
   <div class='ocr_carea' id='block_1_40' title="bbox 2020 987 3606 1064">
    <p class='ocr_par' dir='ltr' id='par_1_40' title="bbox 2020 987 3606 1064">
     <span class='ocr_line' id='line_1_40' title="bbox 2020 987 3606 1064; baseline 0.008 -23"><span class='ocrx_word' id='word_1_269' title='bbox 2020 987 2279 1046; x_wconf 77' lang='lat' dir='ltr'><strong>infamem</strong></span> <span class='ocrx_word' id='word_1_270' title='bbox 2320 1005 2510 1046; x_wconf 86' lang='lat' dir='ltr'><strong>vocem</strong></span> <span class='ocrx_word' id='word_1_271' title='bbox 2549 1002 2740 1048; x_wconf 89' lang='lat' dir='ltr'><strong>contra</strong></span> <span class='ocrx_word' id='word_1_272' title='bbox 2771 995 3050 1064; x_wconf 77' lang='lat' dir='ltr'><strong>piissimus</strong></span> <span class='ocrx_word' id='word_1_273' title='bbox 3076 994 3606 1053; x_wconf 80' lang='lat' dir='ltr'><strong>Christianissimus-</strong></span> 
     </span>
    </p>
   </div>
   <div class='ocr_carea' id='block_1_41' title="bbox 2017 1081 3605 1156">
    <p class='ocr_par' dir='ltr' id='par_1_41' title="bbox 2017 1081 3605 1156">
     <span class='ocr_line' id='line_1_41' title="bbox 2017 1081 3605 1156; baseline 0.006 -21"><span class='ocrx_word' id='word_1_274' title='bbox 2017 1096 2125 1151; x_wconf 85' lang='lat' dir='ltr'><strong>que</strong></span> <span class='ocrx_word' id='word_1_275' title='bbox 2177 1081 2539 1153; x_wconf 85' lang='lat' dir='ltr'><strong>imperatores</strong></span> <span class='ocrx_word' id='word_1_276' title='bbox 2585 1085 2913 1156; x_wconf 86' lang='lat' dir='ltr'><strong>depromere</strong></span> <span class='ocrx_word' id='word_1_277' title='bbox 2959 1104 3129 1143; x_wconf 88' lang='lat' dir='ltr'><strong>ausus</strong></span> <span class='ocrx_word' id='word_1_278' title='bbox 3173 1087 3359 1153; x_wconf 86' lang='lat' dir='ltr'><strong>fuerit,</strong></span> <span class='ocrx_word' id='word_1_279' title='bbox 3405 1090 3605 1145; x_wconf 87' lang='lat' dir='ltr'><strong>merito</strong></span> 
     </span>
    </p>
   </div>
   <div class='ocr_carea' id='block_1_42' title="bbox 2015 1173 3604 1253">
    <p class='ocr_par' dir='ltr' id='par_1_42' title="bbox 2015 1173 3604 1253">
     <span class='ocr_line' id='line_1_42' title="bbox 2015 1173 3604 1253; baseline 0.006 -24"><span class='ocrx_word' id='word_1_280' title='bbox 2015 1173 2198 1244; x_wconf 78' lang='lat' dir='ltr'><strong>legum</strong></span> <span class='ocrx_word' id='word_1_281' title='bbox 2260 1175 2692 1247; x_wconf 78' lang='lat' dir='ltr'><strong>indignationem</strong></span> <span class='ocrx_word' id='word_1_282' title='bbox 2746 1196 2855 1235; x_wconf 89' lang='lat' dir='ltr'><strong>non</strong></span> <span class='ocrx_word' id='word_1_283' title='bbox 2907 1181 3120 1246; x_wconf 82' lang='lat' dir='ltr'><strong>evadit,</strong></span> <span class='ocrx_word' id='word_1_284' title='bbox 3167 1191 3373 1252; x_wconf 87' lang='lat' dir='ltr'><strong>quanto</strong></span> <span class='ocrx_word' id='word_1_285' title='bbox 3401 1184 3604 1253; x_wconf 74' lang='lat' dir='ltr'><strong>iustius</strong></span> 
     </span>
    </p>
   </div>
   <div class='ocr_carea' id='block_1_43' title="bbox 2015 1267 3712 1344">
    <p class='ocr_par' dir='ltr' id='par_1_43' title="bbox 2015 1267 3712 1344">
     <span class='ocr_line' id='line_1_43' title="bbox 2015 1267 3712 1344; baseline 0.01 -25"><span class='ocrx_word' id='word_1_286' title='bbox 2015 1280 2137 1320; x_wconf 89' lang='lat' dir='ltr'><strong>eam</strong></span> <span class='ocrx_word' id='word_1_287' title='bbox 2157 1267 2396 1337; x_wconf 81' lang='lat' dir='ltr'><strong>experiri</strong></span> <span class='ocrx_word' id='word_1_288' title='bbox 2430 1284 2530 1338; x_wconf 89' lang='lat' dir='ltr'><strong>par</strong></span> <span class='ocrx_word' id='word_1_289' title='bbox 2554 1278 2640 1324; x_wconf 90' lang='lat' dir='ltr'><strong>est</strong></span> <span class='ocrx_word' id='word_1_290' title='bbox 2671 1271 2826 1326; x_wconf 89' lang='lat' dir='ltr'><strong>illum</strong></span> <span class='ocrx_word' id='word_1_291' title='bbox 2855 1275 3080 1342; x_wconf 81' lang='lat' dir='ltr'><strong>penitus</strong></span> <span class='ocrx_word' id='word_1_292' title='bbox 3109 1273 3364 1344; x_wconf 88' lang='lat' dir='ltr'><strong>impium,</strong></span> <span class='ocrx_word' id='word_1_293' title='bbox 3389 1275 3483 1344; x_wconf 89' lang='lat' dir='ltr'><strong>qui</strong></span> <span class='ocrx_word' id='word_1_294' title='bbox 3510 1291 3600 1330; x_wconf 85' lang='lat' dir='ltr'><strong>sa-</strong></span> <span class='ocrx_word' id='word_1_295' title='bbox 3709 1333 3712 1336; x_wconf 82' lang='lat'><strong><em>.</em></strong></span> 
     </span>
    </p>
   </div>
   <div class='ocr_carea' id='block_1_44' title="bbox 2013 1359 3602 1436">
    <p class='ocr_par' dir='ltr' id='par_1_44' title="bbox 2013 1359 3602 1436">
     <span class='ocr_line' id='line_1_44' title="bbox 2013 1359 3602 1436; baseline 0.009 -25"><span class='ocrx_word' id='word_1_296' title='bbox 2013 1369 2363 1414; x_wconf 88' lang='lat' dir='ltr'><strong>crosanctum</strong></span> <span class='ocrx_word' id='word_1_297' title='bbox 2412 1359 2811 1420; x_wconf 82' lang='lat' dir='ltr'><strong>incarnationis</strong></span> <span class='ocrx_word' id='word_1_298' title='bbox 2855 1368 3178 1436; x_wconf 86' lang='lat' dir='ltr'><strong>mysterium</strong></span> <span class='ocrx_word' id='word_1_299' title='bbox 3223 1377 3496 1432; x_wconf 79' lang='lat' dir='ltr'><strong>evertere,</strong></span> <span class='ocrx_word' id='word_1_300' title='bbox 3537 1384 3602 1425; x_wconf 89' lang='lat' dir='ltr'><strong>ac</strong></span> 
     </span>
    </p>
   </div>
   <div class='ocr_carea' id='block_1_45' title="bbox 2015 1449 3602 1527">
    <p class='ocr_par' dir='ltr' id='par_1_45' title="bbox 2015 1449 3602 1527">
     <span class='ocr_line' id='line_1_45' title="bbox 2015 1449 3602 1527; baseline 0.006 -23"><span class='ocrx_word' id='word_1_301' title='bbox 2015 1449 2481 1520; x_wconf 85' lang='lat' dir='ltr'><strong>dispensationem</strong></span> <span class='ocrx_word' id='word_1_302' title='bbox 2519 1453 2743 1509; x_wconf 88' lang='lat' dir='ltr'><strong>abolere</strong></span> <span class='ocrx_word' id='word_1_303' title='bbox 2783 1464 3014 1511; x_wconf 87' lang='lat' dir='ltr'><strong>conatus</strong></span> <span class='ocrx_word' id='word_1_304' title='bbox 3039 1465 3146 1520; x_wconf 88' lang='lat' dir='ltr'><strong>est,</strong></span> <span class='ocrx_word' id='word_1_305' title='bbox 3175 1473 3338 1527; x_wconf 85' lang='lat' dir='ltr'><strong>quam</strong></span> <span class='ocrx_word' id='word_1_306' title='bbox 3379 1471 3602 1514; x_wconf 88' lang='lat' dir='ltr'><strong>sanctus</strong></span> 
     </span>
    </p>
   </div>
   <div class='ocr_carea' id='block_1_46' title="bbox 2014 1543 3604 1620">
    <p class='ocr_par' dir='ltr' id='par_1_46' title="bbox 2014 1543 3604 1620">
     <span class='ocr_line' id='line_1_46' title="bbox 2014 1543 3604 1620; baseline 0.005 -24"><span class='ocrx_word' id='word_1_307' title='bbox 2014 1549 2073 1596; x_wconf 90' lang='lat' dir='ltr'><strong>et</strong></span> <span class='ocrx_word' id='word_1_308' title='bbox 2113 1543 2386 1614; x_wconf 76' lang='lat' dir='ltr'><strong>benignus</strong></span> <span class='ocrx_word' id='word_1_309' title='bbox 2433 1545 2530 1600; x_wconf 89' lang='lat' dir='ltr'><strong>Dei</strong></span> <span class='ocrx_word' id='word_1_310' title='bbox 2573 1545 2751 1601; x_wconf 87' lang='lat' dir='ltr'><strong>Patris</strong></span> <span class='ocrx_word' id='word_1_311' title='bbox 2799 1547 2972 1603; x_wconf 83' lang='lat' dir='ltr'><strong>Filius</strong></span> <span class='ocrx_word' id='word_1_312' title='bbox 3011 1549 3329 1620; x_wconf 82' lang='lat' dir='ltr'><strong>unigenitus</strong></span> <span class='ocrx_word' id='word_1_313' title='bbox 3376 1559 3604 1620; x_wconf 72' lang='lat' dir='ltr'><strong>promer</strong></span> 
     </span>
    </p>
   </div>
   <div class='ocr_carea' id='block_1_47' title="bbox 2015 1633 3605 1710">
    <p class='ocr_par' dir='ltr' id='par_1_47' title="bbox 2015 1633 3605 1710">
     <span class='ocr_line' id='line_1_47' title="bbox 2015 1633 3605 1710; baseline 0.008 -25"><span class='ocrx_word' id='word_1_314' title='bbox 2015 1647 2117 1686; x_wconf 88' lang='lat' dir='ltr'><strong>nos</strong></span> <span class='ocrx_word' id='word_1_315' title='bbox 2153 1633 2422 1702; x_wconf 78' lang='lat' dir='ltr'><strong>implevit,</strong></span> <span class='ocrx_word' id='word_1_316' title='bbox 2453 1635 2619 1690; x_wconf 91' lang='lat' dir='ltr'><strong>homo</strong></span> <span class='ocrx_word' id='word_1_317' title='bbox 2647 1637 2765 1690; x_wconf 84' lang='lat' dir='ltr'><strong>fieri</strong></span> <span class='ocrx_word' id='word_1_318' title='bbox 2801 1651 2910 1692; x_wconf 79' lang='lat' dir='ltr'><strong>non</strong></span> <span class='ocrx_word' id='word_1_319' title='bbox 2949 1638 3296 1710; x_wconf 85' lang='lat' dir='ltr'><strong>dedignatus,</strong></span> <span class='ocrx_word' id='word_1_320' title='bbox 3327 1650 3387 1695; x_wconf 91' lang='lat' dir='ltr'><strong>ut</strong></span> <span class='ocrx_word' id='word_1_321' title='bbox 3407 1657 3605 1697; x_wconf 73' lang='lat' dir='ltr'><strong>omnes</strong></span> 
     </span>
    </p>
   </div>
   <div class='ocr_carea' id='block_1_48' title="bbox 2012 1720 3603 1798">
    <p class='ocr_par' dir='ltr' id='par_1_48' title="bbox 2012 1720 3603 1798">
     <span class='ocr_line' id='line_1_48' title="bbox 2012 1720 3603 1798; baseline 0.007 -22"><span class='ocrx_word' id='word_1_322' title='bbox 2012 1737 2114 1776; x_wconf 90' lang='lat' dir='ltr'><strong>nos</strong></span> <span class='ocrx_word' id='word_1_323' title='bbox 2138 1723 2322 1778; x_wconf 89' lang='lat' dir='ltr'><strong>salvos</strong></span> <span class='ocrx_word' id='word_1_324' title='bbox 2352 1724 2577 1789; x_wconf 83' lang='lat' dir='ltr'><strong>faceret,</strong></span> <span class='ocrx_word' id='word_1_325' title='bbox 2604 1727 2983 1798; x_wconf 88' lang='lat' dir='ltr'><strong>mundumque</strong></span> <span class='ocrx_word' id='word_1_326' title='bbox 3016 1731 3334 1785; x_wconf 86' lang='lat' dir='ltr'><strong>universum</strong></span> <span class='ocrx_word' id='word_1_327' title='bbox 3365 1747 3395 1785; x_wconf 92' lang='lat' dir='ltr'><strong>a</strong></span> <span class='ocrx_word' id='word_1_328' title='bbox 3425 1720 3603 1787; x_wconf 62' lang='grc' dir='ltr'>εὖνοι-ιο</span> 
     </span>
    </p>
   </div>
   <div class='ocr_carea' id='block_1_49' title="bbox 2011 1817 3604 1898">
    <p class='ocr_par' dir='ltr' id='par_1_49' title="bbox 2011 1817 3604 1898">
     <span class='ocr_line' id='line_1_49' title="bbox 2011 1817 3604 1898; baseline 0.006 -30"><span class='ocrx_word' id='word_1_329' title='bbox 2011 1823 2069 1869; x_wconf 83' lang='lat' dir='ltr'><strong>et</strong></span> <span class='ocrx_word' id='word_1_330' title='bbox 2098 1825 2324 1885; x_wconf 86' lang='lat' dir='ltr'><strong>peccato</strong></span> <span class='ocrx_word' id='word_1_331' title='bbox 2351 1817 2649 1884; x_wconf 81' lang='lat' dir='ltr'><strong>liberaret?</strong></span> <span class='ocrx_word' id='word_1_332' title='bbox 2669 1821 2869 1875; x_wconf 85' lang='lat' dir='ltr'><strong>Verum</strong></span> <span class='ocrx_word' id='word_1_333' title='bbox 2901 1823 3172 1892; x_wconf 88' lang='lat' dir='ltr'><strong>stupenda</strong></span> <span class='ocrx_word' id='word_1_334' title='bbox 3197 1832 3281 1878; x_wconf 90' lang='lat' dir='ltr'><strong>est</strong></span> <span class='ocrx_word' id='word_1_335' title='bbox 3299 1825 3406 1878; x_wconf 84' lang='lat' dir='ltr'><strong>viri</strong></span> <span class='ocrx_word' id='word_1_336' title='bbox 3434 1824 3604 1898; x_wconf 84' lang='lat' dir='ltr'><strong>hujus</strong></span> 
     </span>
    </p>
   </div>
   <div class='ocr_carea' id='block_1_50' title="bbox 2013 1905 3603 1986">
    <p class='ocr_par' dir='ltr' id='par_1_50' title="bbox 2013 1905 3603 1986">
     <span class='ocr_line' id='line_1_50' title="bbox 2013 1905 3603 1986; baseline 0.006 -26"><span class='ocrx_word' id='word_1_337' title='bbox 2013 1905 2240 1972; x_wconf 88' lang='lat' dir='ltr'><strong>duritia,</strong></span> <span class='ocrx_word' id='word_1_338' title='bbox 2275 1910 2587 1980; x_wconf 88' lang='lat' dir='ltr'><strong>mentisque</strong></span> <span class='ocrx_word' id='word_1_339' title='bbox 2631 1911 2951 1969; x_wconf 85' lang='lat' dir='ltr'><strong>obstinatio.</strong></span> <span class='ocrx_word' id='word_1_340' title='bbox 2994 1914 3183 1985; x_wconf 85' lang='lat' dir='ltr'><strong>Neque</strong></span> <span class='ocrx_word' id='word_1_341' title='bbox 3228 1916 3376 1970; x_wconf 89' lang='lat' dir='ltr'><strong>enim</strong></span> <span class='ocrx_word' id='word_1_342' title='bbox 3422 1917 3603 1986; x_wconf 85' lang='lat' dir='ltr'><strong>poeni-</strong></span> 
     </span>
    </p>
   </div>
   <div class='ocr_carea' id='block_1_51' title="bbox 2013 1999 3606 2078">
    <p class='ocr_par' dir='ltr' id='par_1_51' title="bbox 2013 1999 3606 2078">
     <span class='ocr_line' id='line_1_51' title="bbox 2013 1999 3606 2078; baseline 0.005 -26"><span class='ocrx_word' id='word_1_343' title='bbox 2013 1999 2140 2064; x_wconf 89' lang='lat' dir='ltr'><strong>tuit,</strong></span> <span class='ocrx_word' id='word_1_344' title='bbox 2171 2015 2351 2070; x_wconf 88' lang='lat' dir='ltr'><strong>neque</strong></span> <span class='ocrx_word' id='word_1_345' title='bbox 2381 2017 2446 2057; x_wconf 90' lang='lat' dir='ltr'><strong>ea</strong></span> <span class='ocrx_word' id='word_1_346' title='bbox 2471 2002 2602 2058; x_wconf 87' lang='lat' dir='ltr'><strong>ﬂetu</strong></span> <span class='ocrx_word' id='word_1_347' title='bbox 2635 2003 2820 2070; x_wconf 87' lang='lat' dir='ltr'><strong>diluit,</strong></span> <span class='ocrx_word' id='word_1_348' title='bbox 2847 2021 2969 2076; x_wconf 81' lang='lat' dir='ltr'><strong>quae</strong></span> <span class='ocrx_word' id='word_1_349' title='bbox 3005 2016 3196 2061; x_wconf 89' lang='lat' dir='ltr'><strong>contra</strong></span> <span class='ocrx_word' id='word_1_350' title='bbox 3233 2008 3463 2078; x_wconf 84' lang='lat' dir='ltr'><strong>gloriam</strong></span> <span class='ocrx_word' id='word_1_351' title='bbox 3488 2023 3606 2061; x_wconf 84' lang='lat' dir='ltr'><strong>om-</strong></span> 
     </span>
    </p>
   </div>
   <div class='ocr_carea' id='block_1_52' title="bbox 2009 2089 3601 2152">
    <p class='ocr_par' dir='ltr' id='par_1_52' title="bbox 2009 2089 3601 2152">
     <span class='ocr_line' id='line_1_52' title="bbox 2009 2089 3601 2152; baseline 0.005 -8"><span class='ocrx_word' id='word_1_352' title='bbox 2009 2089 2162 2144; x_wconf 90' lang='lat' dir='ltr'><strong>nium</strong></span> <span class='ocrx_word' id='word_1_353' title='bbox 2182 2100 2434 2146; x_wconf 86' lang='lat' dir='ltr'><strong>nostrum</strong></span> <span class='ocrx_word' id='word_1_354' title='bbox 2459 2092 2756 2150; x_wconf 87' lang='lat' dir='ltr'><strong>Salvatoris</strong></span> <span class='ocrx_word' id='word_1_355' title='bbox 2775 2093 2981 2150; x_wconf 84' lang='lat' dir='ltr'><strong>Christi</strong></span> <span class='ocrx_word' id='word_1_356' title='bbox 3004 2095 3190 2151; x_wconf 87' lang='lat' dir='ltr'><strong>dicere</strong></span> <span class='ocrx_word' id='word_1_357' title='bbox 3213 2112 3381 2152; x_wconf 88' lang='lat' dir='ltr'><strong>ausus</strong></span> <span class='ocrx_word' id='word_1_358' title='bbox 3401 2097 3601 2152; x_wconf 81' lang='lat' dir='ltr'><strong>fuerat.</strong></span> 
     </span>
    </p>
   </div>
   <div class='ocr_carea' id='block_1_53' title="bbox 2010 2180 3604 2258">
    <p class='ocr_par' dir='ltr' id='par_1_53' title="bbox 2010 2180 3604 2258">
     <span class='ocr_line' id='line_1_53' title="bbox 2010 2180 3604 2258; baseline 0.005 -22"><span class='ocrx_word' id='word_1_359' title='bbox 2010 2180 2152 2248; x_wconf 85' lang='lat' dir='ltr'><strong>Quin</strong></span> <span class='ocrx_word' id='word_1_360' title='bbox 2179 2183 2348 2238; x_wconf 88' lang='lat' dir='ltr'><strong>etiam</strong></span> <span class='ocrx_word' id='word_1_361' title='bbox 2377 2199 2502 2239; x_wconf 88' lang='lat' dir='ltr'><strong>cum</strong></span> <span class='ocrx_word' id='word_1_362' title='bbox 2531 2187 2775 2241; x_wconf 84' lang='lat' dir='ltr'><strong>venisset</strong></span> <span class='ocrx_word' id='word_1_363' title='bbox 2807 2188 3109 2258; x_wconf 88' lang='lat' dir='ltr'><strong>Ephesum,</strong></span> <span class='ocrx_word' id='word_1_364' title='bbox 3146 2187 3342 2244; x_wconf 90' lang='lat' dir='ltr'><strong>iisdem</strong></span> <span class='ocrx_word' id='word_1_365' title='bbox 3379 2201 3604 2244; x_wconf 84' lang='lat' dir='ltr'><strong>rursum</strong></span> 
     </span>
    </p>
   </div>
   <div class='ocr_carea' id='block_1_54' title="bbox 2010 2277 3603 2349">
    <p class='ocr_par' dir='ltr' id='par_1_54' title="bbox 2010 2277 3603 2349">
     <span class='ocr_line' id='line_1_54' title="bbox 2010 2277 3603 2349; baseline 0.005 -21"><span class='ocrx_word' id='word_1_366' title='bbox 2010 2289 2146 2329; x_wconf 91' lang='lat' dir='ltr'><strong>usus</strong></span> <span class='ocrx_word' id='word_1_367' title='bbox 2181 2284 2266 2330; x_wconf 89' lang='lat' dir='ltr'><strong>est</strong></span> <span class='ocrx_word' id='word_1_368' title='bbox 2311 2277 2684 2344; x_wconf 87' lang='lat' dir='ltr'><strong>sermonibus,</strong></span> <span class='ocrx_word' id='word_1_369' title='bbox 2716 2280 2919 2349; x_wconf 87' lang='lat' dir='ltr'><strong>quibus</strong></span> <span class='ocrx_word' id='word_1_370' title='bbox 2956 2288 3119 2347; x_wconf 84' lang='lat' dir='ltr'><strong>ante;</strong></span> <span class='ocrx_word' id='word_1_371' title='bbox 3163 2295 3227 2335; x_wconf 89' lang='lat' dir='ltr'><strong>ac</strong></span> <span class='ocrx_word' id='word_1_372' title='bbox 3264 2281 3447 2335; x_wconf 89' lang='lat' dir='ltr'><strong>denuo</strong></span> <span class='ocrx_word' id='word_1_373' title='bbox 3477 2296 3603 2336; x_wconf 87' lang='lat' dir='ltr'><strong>cer-</strong></span> 
     </span>
    </p>
   </div>
   <div class='ocr_carea' id='block_1_55' title="bbox 2009 2367 3603 2442">
    <p class='ocr_par' dir='ltr' id='par_1_55' title="bbox 2009 2367 3603 2442">
     <span class='ocr_line' id='line_1_55' title="bbox 2009 2367 3603 2442; baseline 0.004 -23"><span class='ocrx_word' id='word_1_374' title='bbox 2009 2375 2125 2420; x_wconf 88' lang='lat' dir='ltr'><strong>tum</strong></span> <span class='ocrx_word' id='word_1_375' title='bbox 2153 2367 2414 2422; x_wconf 87' lang='lat' dir='ltr'><strong>omnibus</strong></span> <span class='ocrx_word' id='word_1_376' title='bbox 2445 2368 2711 2424; x_wconf 91' lang='lat' dir='ltr'><strong>indicium</strong></span> <span class='ocrx_word' id='word_1_377' title='bbox 2743 2369 2894 2435; x_wconf 85' lang='lat' dir='ltr'><strong>fecit,</strong></span> <span class='ocrx_word' id='word_1_378' title='bbox 2931 2387 2990 2426; x_wconf 89' lang='lat' dir='ltr'><strong>se</strong></span> <span class='ocrx_word' id='word_1_379' title='bbox 3021 2387 3052 2426; x_wconf 90' lang='lat' dir='ltr'><strong>a</strong></span> <span class='ocrx_word' id='word_1_380' title='bbox 3077 2387 3339 2442; x_wconf 87' lang='lat' dir='ltr'><strong>perversa</strong></span> <span class='ocrx_word' id='word_1_381' title='bbox 3377 2381 3603 2426; x_wconf 87' lang='lat' dir='ltr'><strong>senten-</strong></span> 
     </span>
    </p>
   </div>
   <div class='ocr_carea' id='block_1_56' title="bbox 2011 2456 3607 2532">
    <p class='ocr_par' dir='ltr' id='par_1_56' title="bbox 2011 2456 3607 2532">
     <span class='ocr_line' id='line_1_56' title="bbox 2011 2456 3607 2532; baseline 0.005 -22"><span class='ocrx_word' id='word_1_382' title='bbox 2011 2456 2084 2510; x_wconf 85' lang='lat' dir='ltr'><strong>tia</strong></span> <span class='ocrx_word' id='word_1_383' title='bbox 2113 2456 2340 2513; x_wconf 91' lang='lat' dir='ltr'><strong>minime</strong></span> <span class='ocrx_word' id='word_1_384' title='bbox 2365 2459 2607 2514; x_wconf 88' lang='lat' dir='ltr'><strong>alienum</strong></span> <span class='ocrx_word' id='word_1_385' title='bbox 2641 2475 2782 2516; x_wconf 88' lang='lat' dir='ltr'><strong>esse.</strong></span> <span class='ocrx_word' id='word_1_386' title='bbox 2819 2463 3008 2532; x_wconf 86' lang='lat' dir='ltr'><strong>Itaque</strong></span> <span class='ocrx_word' id='word_1_387' title='bbox 3042 2477 3167 2517; x_wconf 89' lang='lat' dir='ltr'><strong>cum</strong></span> <span class='ocrx_word' id='word_1_388' title='bbox 3198 2461 3423 2532; x_wconf 85' lang='lat' dir='ltr'><strong>quidam</strong></span> <span class='ocrx_word' id='word_1_389' title='bbox 3460 2462 3607 2518; x_wconf 80' lang='lat' dir='ltr'><strong>cele-</strong></span> 
     </span>
    </p>
   </div>
   <div class='ocr_carea' id='block_1_57' title="bbox 2007 2544 3603 2623">
    <p class='ocr_par' dir='ltr' id='par_1_57' title="bbox 2007 2544 3603 2623">
     <span class='ocr_line' id='line_1_57' title="bbox 2007 2544 3603 2623; baseline 0.004 -24"><span class='ocrx_word' id='word_1_390' title='bbox 2007 2544 2222 2601; x_wconf 88' lang='lat' dir='ltr'><strong>briorcs</strong></span> <span class='ocrx_word' id='word_1_391' title='bbox 2278 2549 2720 2618; x_wconf 86' lang='lat' dir='ltr'><strong>metropolitani,</strong></span> <span class='ocrx_word' id='word_1_392' title='bbox 2770 2551 3118 2622; x_wconf 85' lang='lat' dir='ltr'><strong>piissimique</strong></span> <span class='ocrx_word' id='word_1_393' title='bbox 3173 2552 3452 2623; x_wconf 90' lang='lat' dir='ltr'><strong>episcopi,</strong></span> <span class='ocrx_word' id='word_1_394' title='bbox 3501 2551 3603 2606; x_wconf 88' lang='lat' dir='ltr'><strong>ad-</strong></span> 
     </span>
    </p>
   </div>
   <div class='ocr_carea' id='block_1_58' title="bbox 2010 2641 3604 2712">
    <p class='ocr_par' dir='ltr' id='par_1_58' title="bbox 2010 2641 3604 2712">
     <span class='ocr_line' id='line_1_58' title="bbox 2010 2641 3604 2712; baseline 0.002 -19"><span class='ocrx_word' id='word_1_395' title='bbox 2010 2655 2205 2695; x_wconf 87' lang='lat' dir='ltr'><strong>versus</strong></span> <span class='ocrx_word' id='word_1_396' title='bbox 2230 2655 2356 2694; x_wconf 90' lang='lat' dir='ltr'><strong>eum</strong></span> <span class='ocrx_word' id='word_1_397' title='bbox 2385 2641 2744 2709; x_wconf 72' lang='lat' dir='ltr'><strong>quaastionem</strong></span> <span class='ocrx_word' id='word_1_398' title='bbox 2780 2643 2979 2697; x_wconf 86' lang='lat' dir='ltr'><strong>merito</strong></span> <span class='ocrx_word' id='word_1_399' title='bbox 3015 2650 3323 2708; x_wconf 80' lang='lat' dir='ltr'><strong>moverent,</strong></span> <span class='ocrx_word' id='word_1_400' title='bbox 3345 2642 3604 2712; x_wconf 87' lang='lat' dir='ltr'><strong>clareque</strong></span> 
     </span>
    </p>
   </div>
   <div class='ocr_carea' id='block_1_59' title="bbox 2011 2731 3606 2802">
    <p class='ocr_par' dir='ltr' id='par_1_59' title="bbox 2011 2731 3606 2802">
     <span class='ocr_line' id='line_1_59' title="bbox 2011 2731 3606 2802; baseline 0.001 -16"><span class='ocrx_word' id='word_1_401' title='bbox 2011 2746 2080 2786; x_wconf 83' lang='lat' dir='ltr'><strong>ex</strong></span> <span class='ocrx_word' id='word_1_402' title='bbox 2131 2731 2321 2787; x_wconf 86' lang='lat' dir='ltr'><strong>divina</strong></span> <span class='ocrx_word' id='word_1_403' title='bbox 2367 2731 2654 2802; x_wconf 87' lang='lat' dir='ltr'><strong>Scriptura</strong></span> <span class='ocrx_word' id='word_1_404' title='bbox 2705 2734 3100 2788; x_wconf 85' lang='lat' dir='ltr'><strong>convincerent</strong></span> <span class='ocrx_word' id='word_1_405' title='bbox 3144 2743 3201 2788; x_wconf 92' lang='lat' dir='ltr'><strong>et</strong></span> <span class='ocrx_word' id='word_1_406' title='bbox 3246 2733 3606 2788; x_wconf 87' lang='lat' dir='ltr'><strong>ostenderent</strong></span> 
     </span>
    </p>
   </div>
   <div class='ocr_carea' id='block_1_60' title="bbox 2013 2823 3600 2896">
    <p class='ocr_par' dir='ltr' id='par_1_60' title="bbox 2013 2823 3600 2896">
     <span class='ocr_line' id='line_1_60' title="bbox 2013 2823 3600 2896; baseline 0.001 -18"><span class='ocrx_word' id='word_1_407' title='bbox 2013 2823 2186 2878; x_wconf 87' lang='lat' dir='ltr'><strong>Deum</strong></span> <span class='ocrx_word' id='word_1_408' title='bbox 2205 2838 2329 2879; x_wconf 86' lang='lat' dir='ltr'><strong>esse</strong></span> <span class='ocrx_word' id='word_1_409' title='bbox 2352 2824 2531 2888; x_wconf 85' lang='lat' dir='ltr'><strong>illum,</strong></span> <span class='ocrx_word' id='word_1_410' title='bbox 2553 2839 2716 2895; x_wconf 84' lang='lat' dir='ltr'><strong>quem</strong></span> <span class='ocrx_word' id='word_1_411' title='bbox 2740 2833 2928 2880; x_wconf 88' lang='lat' dir='ltr'><strong>sancta</strong></span> <span class='ocrx_word' id='word_1_412' title='bbox 2950 2824 3118 2896; x_wconf 74' lang='lat' dir='ltr'><strong>Virgo</strong></span> <span class='ocrx_word' id='word_1_413' title='bbox 3147 2825 3449 2879; x_wconf 89' lang='lat' dir='ltr'><strong>secundum</strong></span> <span class='ocrx_word' id='word_1_414' title='bbox 3475 2838 3600 2879; x_wconf 89' lang='lat' dir='ltr'><strong>car-</strong></span> 
     </span>
    </p>
   </div>
   <div class='ocr_carea' id='block_1_61' title="bbox 2011 2919 3600 2992">
    <p class='ocr_par' dir='ltr' id='par_1_61' title="bbox 2011 2919 3600 2992">
     <span class='ocr_line' id='line_1_61' title="bbox 2011 2919 3600 2992; baseline 0.004 -21"><span class='ocrx_word' id='word_1_415' title='bbox 2011 2932 2138 2972; x_wconf 89' lang='lat' dir='ltr'><strong>nem</strong></span> <span class='ocrx_word' id='word_1_416' title='bbox 2168 2928 2454 2989; x_wconf 77' lang='lat' dir='ltr'><strong>genuerat,</strong></span> <span class='ocrx_word' id='word_1_417' title='bbox 2482 2919 2536 2974; x_wconf 88' lang='lat' dir='ltr'><strong>in</strong></span> <span class='ocrx_word' id='word_1_418' title='bbox 2565 2921 2708 2975; x_wconf 89' lang='lat' dir='ltr'><strong>hanc</strong></span> <span class='ocrx_word' id='word_1_419' title='bbox 2733 2921 3056 2976; x_wconf 88' lang='lat' dir='ltr'><strong>sceleratam</strong></span> <span class='ocrx_word' id='word_1_420' title='bbox 3079 2935 3274 2976; x_wconf 90' lang='lat' dir='ltr'><strong>vocem</strong></span> <span class='ocrx_word' id='word_1_421' title='bbox 3305 2920 3600 2992; x_wconf 87' lang='lat' dir='ltr'><strong>prorupit:</strong></span> 
     </span>
    </p>
   </div>
   <div class='ocr_carea' id='block_1_62' title="bbox 307 2989 3601 3088">
    <p class='ocr_par' dir='ltr' id='par_1_62' title="bbox 307 2989 3601 3088">
     <span class='ocr_line' id='line_1_62' title="bbox 307 2989 3601 3088; baseline 0.008 -41"><span class='ocrx_word' id='word_1_422' title='bbox 307 2991 426 3063; x_wconf 79' lang='lat' dir='ltr'><strong>Ego</strong></span> <span class='ocrx_word' id='word_1_423' title='bbox 472 2993 803 3052; x_wconf 81' lang='lat' dir='ltr'><strong>bimestrem</strong></span> <span class='ocrx_word' id='word_1_424' title='bbox 855 3005 914 3053; x_wconf 84' lang='lat' dir='ltr'><strong>et</strong></span> <span class='ocrx_word' id='word_1_425' title='bbox 961 2998 1299 3056; x_wconf 83' lang='lat' dir='ltr'><strong>trimestrem</strong></span> <span class='ocrx_word' id='word_1_426' title='bbox 1347 2989 1522 3059; x_wconf 76' lang='lat' dir='ltr'><strong>Deum</strong></span> <span class='ocrx_word' id='word_1_427' title='bbox 1563 3020 1675 3061; x_wconf 89' lang='lat' dir='ltr'><strong>non</strong></span> <span class='ocrx_word' id='word_1_428' title='bbox 1721 3005 1848 3062; x_wconf 90' lang='lat' dir='ltr'><strong>dico</strong></span> <span class='ocrx_word' id='word_1_429' title='bbox 1889 3025 1904 3064; x_wconf 91' lang='lat'><strong>:</strong></span> <span class='ocrx_word' id='word_1_430' title='bbox 1945 3011 2148 3081; x_wconf 88' lang='lat' dir='ltr'><strong>quibus</strong></span> <span class='ocrx_word' id='word_1_431' title='bbox 2187 3013 2292 3069; x_wconf 82' lang='lat' dir='ltr'><strong>alia</strong></span> <span class='ocrx_word' id='word_1_432' title='bbox 2337 3013 2552 3070; x_wconf 86' lang='lat' dir='ltr'><strong>addidit</strong></span> <span class='ocrx_word' id='word_1_433' title='bbox 2617 3021 2730 3070; x_wconf 85' lang='lat' dir='ltr'><strong>non</strong></span> <span class='ocrx_word' id='word_1_434' title='bbox 2769 3030 2966 3086; x_wconf 87' lang='lat' dir='ltr'><strong>pauca,</strong></span> <span class='ocrx_word' id='word_1_435' title='bbox 3026 2989 3601 3088; x_wconf 46' lang='lat' dir='ltr'><strong>Unigenitiincar—ua-</strong></span> 
     </span>
    </p>
   </div>
   <div class='ocr_carea' id='block_1_63' title="bbox 307 3084 1242 3158">
    <p class='ocr_par' dir='ltr' id='par_1_63' title="bbox 307 3084 1242 3158">
     <span class='ocr_line' id='line_1_63' title="bbox 307 3084 1242 3158; baseline 0.007 -19"><span class='ocrx_word' id='word_1_436' title='bbox 307 3084 523 3140; x_wconf 81' lang='lat' dir='ltr'><strong>tionem</strong></span> <span class='ocrx_word' id='word_1_437' title='bbox 549 3100 582 3139; x_wconf 88' lang='lat' dir='ltr'><strong>e</strong></span> <span class='ocrx_word' id='word_1_438' title='bbox 611 3087 798 3143; x_wconf 83' lang='lat' dir='ltr'><strong>medio</strong></span> <span class='ocrx_word' id='word_1_439' title='bbox 829 3088 991 3158; x_wconf 84' lang='lat' dir='ltr'><strong>plane</strong></span> <span class='ocrx_word' id='word_1_440' title='bbox 1023 3091 1242 3148; x_wconf 84' lang='lat' dir='ltr'><strong>tollens.</strong></span> 
     </span>
    </p>
   </div>
   <div class='ocr_carea' id='block_1_64' title="bbox 384 3170 1908 3266">
    <p class='ocr_par' dir='ltr' id='par_1_64' title="bbox 384 3170 1908 3266">
     <span class='ocr_line' id='line_1_64' title="bbox 384 3170 1908 3266; baseline 0.011 -40"><span class='ocrx_word' id='word_1_441' title='bbox 384 3172 614 3227; x_wconf 75' lang='grc' dir='ltr'>Δέδοται</span> <span class='ocrx_word' id='word_1_442' title='bbox 644 3173 741 3266; x_wconf 64' lang='grc' dir='ltr'>μὲν</span> <span class='ocrx_word' id='word_1_443' title='bbox 764 3170 856 3230; x_wconf 81' lang='grc' dir='ltr'>οὖν</span> <span class='ocrx_word' id='word_1_444' title='bbox 878 3179 944 3249; x_wconf 82' lang='grc' dir='ltr'>τῇ</span> <span class='ocrx_word' id='word_1_445' title='bbox 977 3177 1110 3250; x_wconf 79' lang='grc' dir='ltr'>ἁγίᾳ</span> <span class='ocrx_word' id='word_1_446' title='bbox 1141 3180 1344 3254; x_wconf 85' lang='grc' dir='ltr'>συνόδῳ</span> <span class='ocrx_word' id='word_1_447' title='bbox 1373 3183 1684 3256; x_wconf 80' lang='grc' dir='ltr'>προθεσμία</span> <span class='ocrx_word' id='word_1_448' title='bbox 1712 3189 1745 3260; x_wconf 80' lang='grc' dir='ltr'><strong>ἡ</strong></span> <span class='ocrx_word' id='word_1_449' title='bbox 1779 3188 1908 3257; x_wconf 80' lang='grc' dir='ltr'>ἁγία</span> 
     </span>
    </p>
   </div>
   <div class='ocr_carea' id='block_1_65' title="bbox 2009 3170 3598 3266">
    <p class='ocr_par' dir='ltr' id='par_1_65' title="bbox 2084 3188 3598 3266">
     <span class='ocr_line' id='line_1_65' title="bbox 2084 3188 3598 3266; baseline 0.005 -21"><span class='ocrx_word' id='word_1_450' title='bbox 2084 3189 2162 3244; x_wconf 81' lang='lat' dir='ltr'><strong>Ac</strong></span> <span class='ocrx_word' id='word_1_451' title='bbox 2191 3188 2464 3245; x_wconf 85' lang='lat' dir='ltr'><strong>terminus</strong></span> <span class='ocrx_word' id='word_1_452' title='bbox 2495 3189 2720 3260; x_wconf 89' lang='lat' dir='ltr'><strong>quidem</strong></span> <span class='ocrx_word' id='word_1_453' title='bbox 2749 3188 2859 3260; x_wconf 75' lang='lat'><strong>85</strong></span> <span class='ocrx_word' id='word_1_454' title='bbox 2897 3199 3098 3246; x_wconf 67' lang='lat' dir='ltr'><strong>sancta:</strong></span> <span class='ocrx_word' id='word_1_455' title='bbox 3127 3192 3336 3263; x_wconf 81' lang='lat' dir='ltr'><strong>synodo</strong></span> <span class='ocrx_word' id='word_1_456' title='bbox 3359 3209 3390 3249; x_wconf 92' lang='lat' dir='ltr'><strong>a</strong></span> <span class='ocrx_word' id='word_1_457' title='bbox 3414 3195 3598 3266; x_wconf 88' lang='lat' dir='ltr'><strong>piissi-</strong></span> 
     </span>
    </p>
   </div>
   <div class='ocr_carea' id='block_1_66' title="bbox 308 3259 1900 3349">
    <p class='ocr_par' dir='ltr' id='par_1_66' title="bbox 308 3259 1900 3349">
     <span class='ocr_line' id='line_1_66' title="bbox 308 3259 1900 3349; baseline 0.013 -34"><span class='ocrx_word' id='word_1_458' title='bbox 308 3259 673 3337; x_wconf 67' lang='grc' dir='ltr'>Πεντήκοστὴ</span> <span class='ocrx_word' id='word_1_459' title='bbox 691 3267 836 3339; x_wconf 75' lang='grc' dir='ltr'><strong>παρά</strong></span> <span class='ocrx_word' id='word_1_460' title='bbox 855 3268 965 3324; x_wconf 90' lang='grc' dir='ltr'><strong>τῶν</strong></span> <span class='ocrx_word' id='word_1_461' title='bbox 980 3269 1411 3339; x_wconf 82' lang='grc' dir='ltr'>θεοφιλεστάτων</span> <span class='ocrx_word' id='word_1_462' title='bbox 1427 3277 1587 3348; x_wconf 84' lang='grc' dir='ltr'>ήμῶν</span> <span class='ocrx_word' id='word_1_463' title='bbox 1614 3259 1900 3349; x_wconf 80' lang='grc' dir='ltr'>βασιλέων.</span> 
     </span>
    </p>
   </div>
   <div class='ocr_carea' id='block_1_67' title="bbox 313 3355 1906 3446">
    <p class='ocr_par' dir='ltr' id='par_1_67' title="bbox 313 3355 1906 3446">
     <span class='ocr_line' id='line_1_67' title="bbox 313 3355 1906 3446; baseline 0.013 -38"><span class='ocrx_word' id='word_1_464' title='bbox 313 3355 402 3409; x_wconf 75' lang='grc' dir='ltr'><strong>Τὸ</strong></span> <span class='ocrx_word' id='word_1_465' title='bbox 418 3356 534 3427; x_wconf 76' lang='grc' dir='ltr'><strong>γάρ</strong></span> <span class='ocrx_word' id='word_1_466' title='bbox 554 3358 759 3428; x_wconf 83' lang='grc' dir='ltr'>πρῶτον</span> <span class='ocrx_word' id='word_1_467' title='bbox 777 3362 1036 3434; x_wconf 79' lang='grc' dir='ltr'>γράμμα,</span> <span class='ocrx_word' id='word_1_468' title='bbox 1054 3364 1121 3418; x_wconf 89' lang='grc' dir='ltr'><strong>δι’</strong></span> <span class='ocrx_word' id='word_1_469' title='bbox 1145 3360 1208 3422; x_wconf 79' lang='grc' dir='ltr'><strong>οὗ</strong></span> <span class='ocrx_word' id='word_1_470' title='bbox 1228 3369 1567 3441; x_wconf 79' lang='grc' dir='ltr'>κεκλήμεθα,</span> <span class='ocrx_word' id='word_1_471' title='bbox 1585 3373 1776 3428; x_wconf 81' lang='grc' dir='ltr'>τοῦτον</span> <span class='ocrx_word' id='word_1_472' title='bbox 1791 3374 1906 3446; x_wconf 75' lang='grc' dir='ltr'>ἔχει</span> 
     </span>
    </p>
   </div>
   <div class='ocr_carea' id='block_1_68' title="bbox 310 3447 1906 3534">
    <p class='ocr_par' dir='ltr' id='par_1_68' title="bbox 310 3447 1906 3534">
     <span class='ocr_line' id='line_1_68' title="bbox 310 3447 1906 3534; baseline 0.011 -30"><span class='ocrx_word' id='word_1_473' title='bbox 310 3447 415 3504; x_wconf 76' lang='grc' dir='ltr'>τὸν</span> <span class='ocrx_word' id='word_1_474' title='bbox 445 3447 638 3504; x_wconf 78' lang='grc' dir='ltr'>τύπον.</span> <span class='ocrx_word' id='word_1_475' title='bbox 667 3453 1109 3527; x_wconf 80' lang='grc' dir='ltr'>Κατηντήσαμεν</span> <span class='ocrx_word' id='word_1_476' title='bbox 1140 3458 1198 3512; x_wconf 79' lang='grc' dir='ltr'>δὲ</span> <span class='ocrx_word' id='word_1_477' title='bbox 1232 3460 1330 3514; x_wconf 73' lang='grc' dir='ltr'>ἐπὶ</span> <span class='ocrx_word' id='word_1_478' title='bbox 1362 3463 1464 3534; x_wconf 82' lang='grc' dir='ltr'><strong>τὴν</strong></span> <span class='ocrx_word' id='word_1_479' title='bbox 1505 3463 1768 3534; x_wconf 79' lang='grc' dir='ltr'>Ἐφεσίων</span> <span class='ocrx_word' id='word_1_480' title='bbox 1805 3467 1906 3521; x_wconf 80' lang='grc' dir='ltr'>πό-</span> 
     </span>
    </p>
   </div>
   <div class='ocr_carea' id='block_1_69' title="bbox 307 3541 1906 3630">
    <p class='ocr_par' dir='ltr' id='par_1_69' title="bbox 307 3541 1906 3630">
     <span class='ocr_line' id='line_1_69' title="bbox 307 3541 1906 3630; baseline 0.011 -33"><span class='ocrx_word' id='word_1_481' title='bbox 307 3541 398 3597; x_wconf 81' lang='grc' dir='ltr'><strong>λιν</strong></span> <span class='ocrx_word' id='word_1_482' title='bbox 416 3543 528 3614; x_wconf 75' lang='grc' dir='ltr'>πρὸ</span> <span class='ocrx_word' id='word_1_483' title='bbox 550 3544 653 3616; x_wconf 84' lang='grc' dir='ltr'>τῆς</span> <span class='ocrx_word' id='word_1_484' title='bbox 676 3545 990 3619; x_wconf 80' lang='grc' dir='ltr'>ὁρισθείσης</span> <span class='ocrx_word' id='word_1_485' title='bbox 1021 3551 1239 3623; x_wconf 76' lang='grc' dir='ltr'>ἡμέρας</span> <span class='ocrx_word' id='word_1_486' title='bbox 1260 3569 1274 3583; x_wconf 91' lang='grc'><strong>·</strong></span> <span class='ocrx_word' id='word_1_487' title='bbox 1308 3553 1371 3607; x_wconf 83' lang='grc' dir='ltr'>οὐ</span> <span class='ocrx_word' id='word_1_488' title='bbox 1393 3555 1501 3627; x_wconf 85' lang='grc' dir='ltr'><strong>γὰρ</strong></span> <span class='ocrx_word' id='word_1_489' title='bbox 1530 3552 1599 3628; x_wconf 78' lang='grc' dir='ltr'>ἦν</span> <span class='ocrx_word' id='word_1_490' title='bbox 1627 3575 1906 3630; x_wconf 82' lang='grc' dir='ltr'>καταφρο-</span> 
     </span>
    </p>
   </div>
   <div class='ocr_carea' id='block_1_70' title="bbox 307 3633 1904 3718">
    <p class='ocr_par' dir='ltr' id='par_1_70' title="bbox 307 3633 1904 3718">
     <span class='ocr_line' id='line_1_70' title="bbox 307 3633 1904 3718; baseline 0.011 -32"><span class='ocrx_word' id='word_1_491' title='bbox 307 3633 475 3704; x_wconf 77' lang='grc' dir='ltr'>νῆσαι</span> <span class='ocrx_word' id='word_1_492' title='bbox 501 3633 845 3691; x_wconf 78' lang='grc' dir='ltr'>δεσποτικῶν</span> <span class='ocrx_word' id='word_1_493' title='bbox 873 3637 1280 3711; x_wconf 85' lang='grc' dir='ltr'>θεσπισμάτων.</span> <span class='ocrx_word' id='word_1_494' title='bbox 1316 3643 1534 3717; x_wconf 79' lang='grc' dir='ltr'>Ἐπειδὴ</span> <span class='ocrx_word' id='word_1_495' title='bbox 1571 3647 1632 3701; x_wconf 81' lang='grc' dir='ltr'><strong>δέ</strong></span> <span class='ocrx_word' id='word_1_496' title='bbox 1663 3648 1904 3718; x_wconf 83' lang='grc' dir='ltr'>ἀκηκόα-</span> 
     </span>
    </p>
   </div>
   <div class='ocr_carea' id='block_1_71' title="bbox 311 3727 1905 3811">
    <p class='ocr_par' dir='ltr' id='par_1_71' title="bbox 311 3727 1905 3811">
     <span class='ocr_line' id='line_1_71' title="bbox 311 3727 1905 3811; baseline 0.01 -32"><span class='ocrx_word' id='word_1_497' title='bbox 311 3745 414 3797; x_wconf 82' lang='grc' dir='ltr'><strong>μεν</strong></span> <span class='ocrx_word' id='word_1_498' title='bbox 437 3727 707 3799; x_wconf 69' lang='grc' dir='ltr'>ἔρχεσθαι</span> <span class='ocrx_word' id='word_1_499' title='bbox 733 3729 826 3784; x_wconf 74' lang='grc' dir='ltr'><strong>τὸν</strong></span> <span class='ocrx_word' id='word_1_500' title='bbox 843 3729 1238 3788; x_wconf 78' lang='grc' dir='ltr'>εὐλαδέστατον</span> <span class='ocrx_word' id='word_1_501' title='bbox 1257 3735 1351 3788; x_wconf 74' lang='grc' dir='ltr'>καὶ</span> <span class='ocrx_word' id='word_1_502' title='bbox 1379 3735 1793 3807; x_wconf 80' lang='grc' dir='ltr'>θεοφιλέστατον</span> <span class='ocrx_word' id='word_1_503' title='bbox 1805 3739 1905 3811; x_wconf 84' lang='grc' dir='ltr'>τῆς</span> 
     </span>
    </p>
   </div>
   <div class='ocr_carea' id='block_1_72' title="bbox 324 3817 1904 3902">
    <p class='ocr_par' dir='ltr' id='par_1_72' title="bbox 324 3817 1904 3902">
     <span class='ocr_line' id='line_1_72' title="bbox 324 3817 1904 3902; baseline 0.011 -33"><span class='ocrx_word' id='word_1_504' title='bbox 324 3817 651 3887; x_wconf 70' lang='grc' dir='ltr'>Ἀντιοχέων</span> <span class='ocrx_word' id='word_1_505' title='bbox 679 3819 979 3876; x_wconf 82' lang='grc' dir='ltr'>ἐπίσκοπον</span> <span class='ocrx_word' id='word_1_506' title='bbox 1013 3823 1291 3896; x_wconf 81' lang='grc' dir='ltr'>Ἰωάννην,</span> <span class='ocrx_word' id='word_1_507' title='bbox 1317 3830 1904 3902; x_wconf 78' lang='grc' dir='ltr'>περιεμείναμενήμέ-</span> 
     </span>
    </p>
   </div>
   <div class='ocr_carea' id='block_1_73' title="bbox 312 3909 1904 3991">
    <p class='ocr_par' dir='ltr' id='par_1_73' title="bbox 312 3909 1904 3991">
     <span class='ocr_line' id='line_1_73' title="bbox 312 3909 1904 3991; baseline 0.01 -30"><span class='ocrx_word' id='word_1_508' title='bbox 312 3925 416 3980; x_wconf 83' lang='grc' dir='ltr'><strong>ρας</strong></span> <span class='ocrx_word' id='word_1_509' title='bbox 433 3909 761 3978; x_wconf 72' lang='grc' dir='ltr'>ἑκκαίδεκα,</span> <span class='ocrx_word' id='word_1_510' title='bbox 790 3913 972 3967; x_wconf 86' lang='grc' dir='ltr'>καίτοι</span> <span class='ocrx_word' id='word_1_511' title='bbox 998 3914 1182 3987; x_wconf 81' lang='grc' dir='ltr'>πάσης</span> <span class='ocrx_word' id='word_1_512' title='bbox 1196 3917 1299 3988; x_wconf 86' lang='grc' dir='ltr'>τῆς</span> <span class='ocrx_word' id='word_1_513' title='bbox 1331 3919 1550 3973; x_wconf 80' lang='grc' dir='ltr'>συνόδου</span> <span class='ocrx_word' id='word_1_514' title='bbox 1569 3919 1782 3991; x_wconf 82' lang='grc' dir='ltr'>βοώσης</span> <span class='ocrx_word' id='word_1_515' title='bbox 1811 3923 1904 3977; x_wconf 73' lang='grc' dir='ltr'>καὶ</span> 
     </span>
    </p>
   </div>
   <div class='ocr_carea' id='block_1_74' title="bbox 310 3998 1904 4085">
    <p class='ocr_par' dir='ltr' id='par_1_74' title="bbox 310 3998 1904 4085">
     <span class='ocr_line' id='line_1_74' title="bbox 310 3998 1904 4085; baseline 0.012 -33"><span class='ocrx_word' id='word_1_516' title='bbox 310 3998 585 4072; x_wconf 75' lang='grc' dir='ltr'>λεγούσης</span> <span class='ocrx_word' id='word_1_517' title='bbox 606 4041 622 4066; x_wconf 90' lang='grc'><strong>,</strong></span> <span class='ocrx_word' id='word_1_518' title='bbox 651 4003 736 4057; x_wconf 84' lang='grc' dir='ltr'>ὅτι</span> <span class='ocrx_word' id='word_1_519' title='bbox 766 4004 976 4069; x_wconf 81' lang='grc' dir='ltr'>ἐκεῖνος</span> <span class='ocrx_word' id='word_1_520' title='bbox 1001 4007 1063 4060; x_wconf 76' lang='grc' dir='ltr'>οὐ</span> <span class='ocrx_word' id='word_1_521' title='bbox 1094 4007 1344 4078; x_wconf 78' lang='grc' dir='ltr'>βούλεται</span> <span class='ocrx_word' id='word_1_522' title='bbox 1390 4013 1741 4085; x_wconf 80' lang='grc' dir='ltr'>συνεδρεῦσαι</span> <span class='ocrx_word' id='word_1_523' title='bbox 1762 4031 1776 4046; x_wconf 82' lang='lat'><strong><em>°</em></strong></span> <span class='ocrx_word' id='word_1_524' title='bbox 1813 4015 1904 4070; x_wconf 80' lang='grc' dir='ltr'><strong>δέ·</strong></span> 
     </span>
    </p>
   </div>
   <div class='ocr_carea' id='block_1_75' title="bbox 307 4091 1904 4178">
    <p class='ocr_par' dir='ltr' id='par_1_75' title="bbox 307 4091 1904 4178">
     <span class='ocr_line' id='line_1_75' title="bbox 307 4091 1904 4178; baseline 0.01 -32"><span class='ocrx_word' id='word_1_525' title='bbox 307 4091 463 4147; x_wconf 64' lang='grc' dir='ltr'>ἔοικε</span> <span class='ocrx_word' id='word_1_526' title='bbox 490 4093 604 4166; x_wconf 74' lang='grc' dir='ltr'><strong>γὰρ</strong></span> <span class='ocrx_word' id='word_1_527' title='bbox 638 4095 716 4166; x_wconf 82' lang='grc' dir='ltr'>μὴ</span> <span class='ocrx_word' id='word_1_528' title='bbox 739 4095 847 4167; x_wconf 78' lang='grc' dir='ltr'><strong>ἀρα</strong></span> <span class='ocrx_word' id='word_1_529' title='bbox 872 4097 1194 4170; x_wconf 78' lang='grc' dir='ltr'>καθαίρεσιν</span> <span class='ocrx_word' id='word_1_530' title='bbox 1223 4101 1494 4178; x_wconf 76' lang='grc' dir='ltr'>ὑπομείνῃ</span> <span class='ocrx_word' id='word_1_531' title='bbox 1514 4106 1543 4158; x_wconf 79' lang='grc' dir='ltr'><strong>δ</strong></span> <span class='ocrx_word' id='word_1_532' title='bbox 1574 4106 1904 4178; x_wconf 83' lang='grc' dir='ltr'>τιμιώτατος</span> 
     </span>
    </p>
   </div>
   <div class='ocr_carea' id='block_1_76' title="bbox 307 4183 1899 4270">
    <p class='ocr_par' dir='ltr' id='par_1_76' title="bbox 307 4183 1899 4270">
     <span class='ocr_line' id='line_1_76' title="bbox 307 4183 1899 4270; baseline 0.011 -35"><span class='ocrx_word' id='word_1_533' title='bbox 307 4183 651 4255; x_wconf 77' lang='grc' dir='ltr'>Νεστόριος,</span> <span class='ocrx_word' id='word_1_534' title='bbox 687 4185 914 4258; x_wconf 58' lang='grc' dir='ltr'>ληφθεὶς</span> <span class='ocrx_word' id='word_1_535' title='bbox 955 4183 1030 4243; x_wconf 85' lang='grc' dir='ltr'><strong>ἐκ</strong></span> <span class='ocrx_word' id='word_1_536' title='bbox 1069 4194 1168 4263; x_wconf 76' lang='grc' dir='ltr'>τῆς</span> <span class='ocrx_word' id='word_1_537' title='bbox 1209 4193 1300 4245; x_wconf 81' lang='grc' dir='ltr'><strong>ὑπ’</strong></span> <span class='ocrx_word' id='word_1_538' title='bbox 1337 4197 1502 4250; x_wconf 77' lang='grc' dir='ltr'>αὐτὸν</span> <span class='ocrx_word' id='word_1_539' title='bbox 1552 4198 1899 4270; x_wconf 82' lang='grc' dir='ltr'>Ἐκκλησίας,</span> 
     </span>
    </p>
   </div>
   <div class='ocr_carea' id='block_1_77' title="bbox 310 4276 1902 4364">
    <p class='ocr_par' dir='ltr' id='par_1_77' title="bbox 310 4276 1902 4364">
     <span class='ocr_line' id='line_1_77' title="bbox 310 4276 1902 4364; baseline 0.011 -36"><span class='ocrx_word' id='word_1_540' title='bbox 310 4277 411 4328; x_wconf 80' lang='grc' dir='ltr'>καὶ</span> <span class='ocrx_word' id='word_1_541' title='bbox 441 4276 574 4342; x_wconf 60' lang='lat' dir='ltr'><strong>tuo;</strong></span> <span class='ocrx_word' id='word_1_542' title='bbox 599 4277 665 4332; x_wconf 76' lang='grc' dir='ltr'><strong>τὸ</strong></span> <span class='ocrx_word' id='word_1_543' title='bbox 695 4281 932 4351; x_wconf 79' lang='grc' dir='ltr'>πρᾶγμα</span> <span class='ocrx_word' id='word_1_544' title='bbox 959 4283 1296 4355; x_wconf 78' lang='grc' dir='ltr'>αἰσχύνεται.</span> <span class='ocrx_word' id='word_1_545' title='bbox 1327 4289 1394 4341; x_wconf 88' lang='grc' dir='ltr'><strong>Ὃ</strong></span> <span class='ocrx_word' id='word_1_546' title='bbox 1428 4291 1522 4342; x_wconf 73' lang='grc' dir='ltr'>καὶ</span> <span class='ocrx_word' id='word_1_547' title='bbox 1545 4289 1718 4356; x_wconf 76' lang='grc' dir='ltr'>ἔδειξε</span> <span class='ocrx_word' id='word_1_548' title='bbox 1745 4293 1839 4346; x_wconf 79' lang='grc' dir='ltr'>καὶ</span> <span class='ocrx_word' id='word_1_549' title='bbox 1868 4295 1902 4364; x_wconf 89' lang='grc' dir='ltr'><strong>ή</strong></span> 
     </span>
    </p>
   </div>
   <div class='ocr_carea' id='block_1_78' title="bbox 311 4369 1904 4453">
    <p class='ocr_par' dir='ltr' id='par_1_78' title="bbox 311 4369 1904 4453">
     <span class='ocr_line' id='line_1_78' title="bbox 311 4369 1904 4453; baseline 0.009 -33"><span class='ocrx_word' id='word_1_550' title='bbox 311 4372 485 4440; x_wconf 80' lang='grc' dir='ltr'>πεῖρα</span> <span class='ocrx_word' id='word_1_551' title='bbox 529 4369 593 4424; x_wconf 74' lang='grc' dir='ltr'><strong>τὸ</strong></span> <span class='ocrx_word' id='word_1_552' title='bbox 625 4371 816 4426; x_wconf 78' lang='grc' dir='ltr'>λοιπὸν</span> <span class='ocrx_word' id='word_1_553' title='bbox 851 4374 1123 4446; x_wconf 82' lang='grc' dir='ltr'>ἀληθινῶς</span> <span class='ocrx_word' id='word_1_554' title='bbox 1146 4393 1159 4406; x_wconf 82' lang='lat'><strong><em>°</em></strong></span> <span class='ocrx_word' id='word_1_555' title='bbox 1191 4378 1492 4448; x_wconf 80' lang='grc' dir='ltr'>ὑπερέθετο</span> <span class='ocrx_word' id='word_1_556' title='bbox 1532 4382 1641 4453; x_wconf 80' lang='grc' dir='ltr'>γὰρ</span> <span class='ocrx_word' id='word_1_557' title='bbox 1683 4383 1778 4436; x_wconf 74' lang='grc' dir='ltr'>τοῦ</span> <span class='ocrx_word' id='word_1_558' title='bbox 1814 4383 1904 4438; x_wconf 83' lang='grc' dir='ltr'>ἐλ-</span> 
     </span>
    </p>
   </div>
   <div class='ocr_carea' id='block_1_79' title="bbox 313 4454 1905 4542">
    <p class='ocr_par' dir='ltr' id='par_1_79' title="bbox 313 4454 1905 4542">
     <span class='ocr_line' id='line_1_79' title="bbox 313 4454 1905 4542; baseline 0.013 -36"><span class='ocrx_word' id='word_1_559' title='bbox 313 4454 450 4508; x_wconf 73' lang='grc' dir='ltr'>θεῖν.</span> <span class='ocrx_word' id='word_1_560' title='bbox 498 4457 874 4528; x_wconf 78' lang='grc' dir='ltr'>Προλασόντες</span> <span class='ocrx_word' id='word_1_561' title='bbox 901 4464 1012 4536; x_wconf 90' lang='grc' dir='ltr'><strong>γάρ</strong></span> <span class='ocrx_word' id='word_1_562' title='bbox 1040 4481 1186 4528; x_wconf 83' lang='grc' dir='ltr'>τινες</span> <span class='ocrx_word' id='word_1_563' title='bbox 1214 4467 1323 4521; x_wconf 88' lang='grc' dir='ltr'><strong>τῶν</strong></span> <span class='ocrx_word' id='word_1_564' title='bbox 1367 4468 1466 4522; x_wconf 78' lang='grc' dir='ltr'>σὺν</span> <span class='ocrx_word' id='word_1_565' title='bbox 1509 4471 1657 4542; x_wconf 80' lang='grc' dir='ltr'>αὐτῷ</span> <span class='ocrx_word' id='word_1_566' title='bbox 1686 4473 1905 4527; x_wconf 73' lang='grc' dir='ltr'>εὐλαδεο</span> 
     </span>
    </p>
   </div>
   <div class='ocr_carea' id='block_1_80' title="bbox 314 4540 1979 4633">
    <p class='ocr_par' dir='ltr' id='par_1_80' title="bbox 314 4540 1979 4633">
     <span class='ocr_line' id='line_1_80' title="bbox 314 4540 1979 4633; baseline 0.014 -36"><span class='ocrx_word' id='word_1_567' title='bbox 314 4545 532 4599; x_wconf 78' lang='grc' dir='ltr'>στάτων</span> <span class='ocrx_word' id='word_1_568' title='bbox 571 4550 892 4607; x_wconf 84' lang='grc' dir='ltr'>ἐπισκόπων</span> <span class='ocrx_word' id='word_1_569' title='bbox 919 4557 984 4607; x_wconf 83' lang='grc' dir='ltr'><strong>ἐκ</strong></span> <span class='ocrx_word' id='word_1_570' title='bbox 1015 4555 1118 4624; x_wconf 81' lang='grc' dir='ltr'>τῆς</span> <span class='ocrx_word' id='word_1_571' title='bbox 1157 4557 1451 4630; x_wconf 77' lang='grc' dir='ltr'>Ἀνατολῆς</span> <span class='ocrx_word' id='word_1_572' title='bbox 1488 4540 1696 4633; x_wconf 78' lang='grc' dir='ltr'>ἔφησαν</span> <span class='ocrx_word' id='word_1_573' title='bbox 1719 4581 1733 4596; x_wconf 77' lang='grc' dir='ltr'><strong>ο</strong></span> <span class='ocrx_word' id='word_1_574' title='bbox 1781 4565 1902 4618; x_wconf 76' lang='grc' dir='ltr'><strong>Ἐν·</strong></span> <span class='ocrx_word' id='word_1_575' title='bbox 1936 4540 1979 4594; x_wconf 78' lang='lat' dir='ltr'><strong>D</strong></span> 
     </span>
    </p>
   </div>
   <div class='ocr_carea' id='block_1_81' title="bbox 313 4637 1906 4720">
    <p class='ocr_par' dir='ltr' id='par_1_81' title="bbox 313 4637 1906 4720">
     <span class='ocr_line' id='line_1_81' title="bbox 313 4637 1906 4720; baseline 0.016 -33"><span class='ocrx_word' id='word_1_576' title='bbox 313 4637 562 4691; x_wconf 76' lang='grc' dir='ltr'>ετεξλατο</span> <span class='ocrx_word' id='word_1_577' title='bbox 591 4641 724 4711; x_wconf 83' lang='grc' dir='ltr'>ἡμῖν</span> <span class='ocrx_word' id='word_1_578' title='bbox 759 4644 789 4696; x_wconf 84' lang='grc' dir='ltr'><strong>ό</strong></span> <span class='ocrx_word' id='word_1_579' title='bbox 827 4645 1017 4714; x_wconf 79' lang='grc' dir='ltr'>κύριος</span> <span class='ocrx_word' id='word_1_580' title='bbox 1064 4647 1366 4720; x_wconf 83' lang='grc' dir='ltr'>Ἰωάννηςό</span> <span class='ocrx_word' id='word_1_581' title='bbox 1394 4653 1691 4720; x_wconf 83' lang='grc' dir='ltr'>ἐπίσκοπος</span> <span class='ocrx_word' id='word_1_582' title='bbox 1729 4659 1906 4712; x_wconf 77' lang='grc' dir='ltr'>εἰπεῖν</span> 
     </span>
    </p>
   </div>
   <div class='ocr_carea' id='block_1_82' title="bbox 314 4729 1905 4817">
    <p class='ocr_par' dir='ltr' id='par_1_82' title="bbox 314 4729 1905 4817">
     <span class='ocr_line' id='line_1_82' title="bbox 314 4729 1905 4817; baseline 0.016 -38"><span class='ocrx_word' id='word_1_583' title='bbox 314 4730 381 4797; x_wconf 81' lang='grc' dir='ltr'><strong>τῇ</strong></span> <span class='ocrx_word' id='word_1_584' title='bbox 432 4729 718 4805; x_wconf 76' lang='grc' dir='ltr'>θεοσεϐείᾳ</span> <span class='ocrx_word' id='word_1_585' title='bbox 752 4734 931 4805; x_wconf 68' lang='grc' dir='ltr'>ὑμῶν,</span> <span class='ocrx_word' id='word_1_586' title='bbox 977 4738 1061 4792; x_wconf 84' lang='grc' dir='ltr'>ὅτι</span> <span class='ocrx_word' id='word_1_587' title='bbox 1091 4740 1218 4794; x_wconf 84' lang='grc' dir='ltr'><strong>Ἐὰν</strong></span> <span class='ocrx_word' id='word_1_588' title='bbox 1259 4741 1526 4813; x_wconf 86' lang='grc' dir='ltr'>βραδύνω,</span> <span class='ocrx_word' id='word_1_589' title='bbox 1565 4750 1837 4817; x_wconf 84' lang='grc' dir='ltr'>πράττετε</span> <span class='ocrx_word' id='word_1_590' title='bbox 1877 4751 1905 4804; x_wconf 88' lang='grc' dir='ltr'><strong>δ</strong></span> 
     </span>
    </p>
   </div>
   <div class='ocr_carea' id='block_1_83' title="bbox 318 4818 1905 4913">
    <p class='ocr_par' dir='ltr' id='par_1_83' title="bbox 318 4818 1905 4913">
     <span class='ocr_line' id='line_1_83' title="bbox 318 4818 1905 4913; baseline 0.016 -42"><span class='ocrx_word' id='word_1_591' title='bbox 318 4818 613 4913; x_wconf 70' lang='grc' dir='ltr'>πράττετε.</span> <span class='ocrx_word' id='word_1_592' title='bbox 645 4824 982 4896; x_wconf 80' lang='grc' dir='ltr'>Συναχθεῐσα</span> <span class='ocrx_word' id='word_1_593' title='bbox 1010 4831 1195 4886; x_wconf 82' lang='grc' dir='ltr'>τοίνυν</span> <span class='ocrx_word' id='word_1_594' title='bbox 1219 4838 1252 4904; x_wconf 76' lang='grc' dir='ltr'>ἡ</span> <span class='ocrx_word' id='word_1_595' title='bbox 1278 4835 1408 4904; x_wconf 81' lang='grc' dir='ltr'>ἁγία</span> <span class='ocrx_word' id='word_1_596' title='bbox 1435 4837 1652 4903; x_wconf 79' lang='grc' dir='ltr'>σύνοδος</span> <span class='ocrx_word' id='word_1_597' title='bbox 1671 4843 1737 4913; x_wconf 82' lang='grc' dir='ltr'>τῇ</span> <span class='ocrx_word' id='word_1_598' title='bbox 1764 4842 1905 4896; x_wconf 86' lang='grc' dir='ltr'>κατὰ</span> 
     </span>
    </p>
   </div>
   <div class='ocr_carea' id='block_1_84' title="bbox 333 4909 1904 5003">
    <p class='ocr_par' dir='ltr' id='par_1_84' title="bbox 333 4909 1904 5003">
     <span class='ocr_line' id='line_1_84' title="bbox 333 4909 1904 5003; baseline 0.015 -38"><span class='ocrx_word' id='word_1_599' title='bbox 333 4909 701 4986; x_wconf 74' lang='grc' dir='ltr'>Ἀλεξανδρεῖς</span> <span class='ocrx_word' id='word_1_600' title='bbox 731 4919 894 4991; x_wconf 80' lang='grc' dir='ltr'>ὀγδόῃ</span> <span class='ocrx_word' id='word_1_601' title='bbox 927 4921 1021 4975; x_wconf 69' lang='grc' dir='ltr'>καὶ</span> <span class='ocrx_word' id='word_1_602' title='bbox 1053 4924 1225 4979; x_wconf 72' lang='grc' dir='ltr'>εἰκάδι</span> <span class='ocrx_word' id='word_1_603' title='bbox 1246 4926 1272 4966; x_wconf 76' lang='grc' dir='ltr'>ιι</span> <span class='ocrx_word' id='word_1_604' title='bbox 1307 4926 1403 4980; x_wconf 76' lang='grc' dir='ltr'><strong>τοῦ</strong></span> <span class='ocrx_word' id='word_1_605' title='bbox 1435 4928 1610 4984; x_wconf 74' lang='grc' dir='ltr'>Παυνὶ</span> <span class='ocrx_word' id='word_1_606' title='bbox 1641 4909 1811 5003; x_wconf 79' lang='grc' dir='ltr'>μηνὸς</span> <span class='ocrx_word' id='word_1_607' title='bbox 1845 4935 1904 4988; x_wconf 81' lang='grc' dir='ltr'><strong>ἐν</strong></span> 
     </span>
    </p>
   </div>
   <div class='ocr_carea' id='block_1_85' title="bbox 310 5005 1897 5097">
    <p class='ocr_par' dir='ltr' id='par_1_85' title="bbox 310 5005 1897 5097">
     <span class='ocr_line' id='line_1_85' title="bbox 310 5005 1897 5097; baseline 0.015 -41"><span class='ocrx_word' id='word_1_608' title='bbox 310 5005 381 5097; x_wconf 64' lang='grc' dir='ltr'>τῇ</span> <span class='ocrx_word' id='word_1_609' title='bbox 405 5007 625 5097; x_wconf 2' lang='grc' dir='ltr'>,μεγάλῃ</span> <span class='ocrx_word' id='word_1_610' title='bbox 675 5009 978 5085; x_wconf 77' lang='grc' dir='ltr'>ἐκκλησίᾳ,</span> <span class='ocrx_word' id='word_1_611' title='bbox 1027 5018 1092 5087; x_wconf 78' lang='grc' dir='ltr'><strong>τῇ</strong></span> <span class='ocrx_word' id='word_1_612' title='bbox 1145 5017 1454 5092; x_wconf 80' lang='grc' dir='ltr'>καλουμένῃ</span> <span class='ocrx_word' id='word_1_613' title='bbox 1511 5022 1644 5095; x_wconf 77' lang='grc' dir='ltr'>ἁγία</span> <span class='ocrx_word' id='word_1_614' title='bbox 1685 5026 1897 5097; x_wconf 82' lang='grc' dir='ltr'>Μαρίᾳ,</span> 
     </span>
    </p>
   </div>
   <div class='ocr_carea' id='block_1_86' title="bbox 311 5094 1898 5186">
    <p class='ocr_par' dir='ltr' id='par_1_86' title="bbox 311 5094 1898 5186">
     <span class='ocr_line' id='line_1_86' title="bbox 311 5094 1898 5186; baseline 0.014 -38"><span class='ocrx_word' id='word_1_615' title='bbox 311 5094 580 5152; x_wconf 73' lang='grc' dir='ltr'>ἐκάλεσεν</span> <span class='ocrx_word' id='word_1_616' title='bbox 595 5101 782 5168; x_wconf 76' lang='grc' dir='ltr'>αὑτὸν,</span> <span class='ocrx_word' id='word_1_617' title='bbox 804 5105 1069 5176; x_wconf 74' lang='grc' dir='ltr'>πέμψασα</span> <span class='ocrx_word' id='word_1_618' title='bbox 1088 5109 1522 5178; x_wconf 77' lang='grc' dir='ltr'>εὐλαϐεστάτους</span> <span class='ocrx_word' id='word_1_619' title='bbox 1541 5094 1898 5186; x_wconf 81' lang='grc' dir='ltr'>ἐπισκόπους,</span> 
     </span>
    </p>
   </div>
   <div class='ocr_carea' id='block_1_87' title="bbox 309 5187 1901 5277">
    <p class='ocr_par' dir='ltr' id='par_1_87' title="bbox 309 5187 1901 5277">
     <span class='ocr_line' id='line_1_87' title="bbox 309 5187 1901 5277; baseline 0.015 -36"><span class='ocrx_word' id='word_1_620' title='bbox 309 5187 453 5243; x_wconf 76' lang='grc' dir='ltr'>ὥστε</span> <span class='ocrx_word' id='word_1_621' title='bbox 485 5191 665 5248; x_wconf 76' lang='grc' dir='ltr'>ἐλθεῖν</span> <span class='ocrx_word' id='word_1_622' title='bbox 695 5196 881 5262; x_wconf 77' lang='grc' dir='ltr'>αὐτὸν,</span> <span class='ocrx_word' id='word_1_623' title='bbox 909 5202 1004 5254; x_wconf 60' lang='grc' dir='ltr'><strong>καὶ⁵</strong></span> <span class='ocrx_word' id='word_1_624' title='bbox 1043 5206 1309 5276; x_wconf 82' lang='grc' dir='ltr'>συστῆσαι</span> <span class='ocrx_word' id='word_1_625' title='bbox 1333 5207 1513 5277; x_wconf 78' lang='grc' dir='ltr'>ἑαυτῷ</span> <span class='ocrx_word' id='word_1_626' title='bbox 1560 5209 1605 5274; x_wconf 80' lang='lat' dir='ltr'><strong>i,</strong></span> <span class='ocrx_word' id='word_1_627' title='bbox 1633 5209 1728 5264; x_wconf 71' lang='grc' dir='ltr'>καὶ</span> <span class='ocrx_word' id='word_1_628' title='bbox 1761 5211 1901 5264; x_wconf 80' lang='grc' dir='ltr'>ἀπο·</span> 
     </span>
    </p>
   </div>
   <div class='ocr_carea' id='block_1_88' title="bbox 309 5280 1902 5375">
    <p class='ocr_par' dir='ltr' id='par_1_88' title="bbox 309 5280 1902 5375">
     <span class='ocr_line' id='line_1_88' title="bbox 309 5280 1902 5375; baseline 0.014 -42"><span class='ocrx_word' id='word_1_629' title='bbox 309 5280 674 5352; x_wconf 72' lang='grc' dir='ltr'>λογήσασθαι,</span> <span class='ocrx_word' id='word_1_630' title='bbox 712 5289 840 5361; x_wconf 83' lang='grc' dir='ltr'>περὶ</span> <span class='ocrx_word' id='word_1_631' title='bbox 861 5284 938 5345; x_wconf 81' lang='grc' dir='ltr'>ὧν</span> <span class='ocrx_word' id='word_1_632' title='bbox 972 5293 1182 5361; x_wconf 80' lang='grc' dir='ltr'>ἐδίδαξε</span> <span class='ocrx_word' id='word_1_633' title='bbox 1211 5297 1305 5350; x_wconf 77' lang='grc' dir='ltr'>καὶ</span> <span class='ocrx_word' id='word_1_634' title='bbox 1331 5296 1589 5370; x_wconf 71' lang='grc' dir='ltr'>ἔγραψεν.</span> <span class='ocrx_word' id='word_1_635' title='bbox 1638 5300 1698 5355; x_wconf 86' lang='lat'><strong>&#39;0</strong></span> <span class='ocrx_word' id='word_1_636' title='bbox 1717 5301 1775 5354; x_wconf 86' lang='grc' dir='ltr'><strong>δέ</strong></span> <span class='ocrx_word' id='word_1_637' title='bbox 1800 5301 1902 5375; x_wconf 79' lang='grc' dir='ltr'>τὴν</span> 
     </span>
    </p>
   </div>
   <div class='ocr_carea' id='block_1_89' title="bbox 313 5375 1904 5462">
    <p class='ocr_par' dir='ltr' id='par_1_89' title="bbox 313 5375 1904 5462">
     <span class='ocr_line' id='line_1_89' title="bbox 313 5375 1904 5462; baseline 0.014 -35"><span class='ocrx_word' id='word_1_638' title='bbox 313 5375 415 5443; x_wconf 80' lang='grc' dir='ltr'>μὲν</span> <span class='ocrx_word' id='word_1_639' title='bbox 449 5375 678 5450; x_wconf 74' lang='grc' dir='ltr'>πρώτην</span> <span class='ocrx_word' id='word_1_640' title='bbox 721 5383 1016 5456; x_wconf 77' lang='grc' dir='ltr'>ἀπόκρισιν</span> <span class='ocrx_word' id='word_1_641' title='bbox 1059 5388 1374 5460; x_wconf 81' lang='grc' dir='ltr'>ἐποιήσατο,</span> <span class='ocrx_word' id='word_1_642' title='bbox 1406 5390 1604 5462; x_wconf 82' lang='grc' dir='ltr'>λέγων,</span> <span class='ocrx_word' id='word_1_643' title='bbox 1647 5393 1731 5448; x_wconf 81' lang='grc' dir='ltr'>ὅτι</span> <span class='ocrx_word' id='word_1_644' title='bbox 1767 5394 1904 5448; x_wconf 78' lang='grc' dir='ltr'><strong>Σκέ-</strong></span> 
     </span>
    </p>
   </div>
   <div class='ocr_carea' id='block_1_90' title="bbox 2011 3280 3600 3352">
    <p class='ocr_par' dir='ltr' id='par_1_90' title="bbox 2011 3280 3600 3352">
     <span class='ocr_line' id='line_1_90' title="bbox 2011 3280 3600 3352; baseline 0.007 -18"><span class='ocrx_word' id='word_1_645' title='bbox 2011 3280 2116 3336; x_wconf 87' lang='lat' dir='ltr'><strong>mis</strong></span> <span class='ocrx_word' id='word_1_646' title='bbox 2168 3281 2594 3351; x_wconf 87' lang='lat' dir='ltr'><strong>imperatoribus</strong></span> <span class='ocrx_word' id='word_1_647' title='bbox 2637 3282 2981 3352; x_wconf 66' lang='lat' dir='ltr'><strong>praestitutus</strong></span> <span class='ocrx_word' id='word_1_648' title='bbox 3023 3293 3142 3338; x_wconf 90' lang='lat' dir='ltr'><strong>erat</strong></span> <span class='ocrx_word' id='word_1_649' title='bbox 3191 3299 3346 3340; x_wconf 89' lang='lat' dir='ltr'><strong>sacra</strong></span> <span class='ocrx_word' id='word_1_650' title='bbox 3399 3287 3600 3345; x_wconf 88' lang='lat' dir='ltr'><strong>Pente-</strong></span> 
     </span>
    </p>
   </div>
   <div class='ocr_carea' id='block_1_91' title="bbox 2008 3373 3600 3448">
    <p class='ocr_par' dir='ltr' id='par_1_91' title="bbox 2008 3373 3600 3448">
     <span class='ocr_line' id='line_1_91' title="bbox 2008 3373 3600 3448; baseline 0.004 -19"><span class='ocrx_word' id='word_1_651' title='bbox 2008 3383 2188 3429; x_wconf 90' lang='lat' dir='ltr'><strong>costes</strong></span> <span class='ocrx_word' id='word_1_652' title='bbox 2216 3373 2353 3428; x_wconf 90' lang='lat' dir='ltr'><strong>dies.</strong></span> <span class='ocrx_word' id='word_1_653' title='bbox 2397 3373 2597 3429; x_wconf 64' lang='lat' dir='ltr'><strong>Primae</strong></span> <span class='ocrx_word' id='word_1_654' title='bbox 2631 3374 2778 3429; x_wconf 87' lang='lat' dir='ltr'><strong>enim</strong></span> <span class='ocrx_word' id='word_1_655' title='bbox 2809 3374 3030 3430; x_wconf 91' lang='lat' dir='ltr'><strong>illorum</strong></span> <span class='ocrx_word' id='word_1_656' title='bbox 3073 3375 3273 3432; x_wconf 68' lang='lat' dir='ltr'><strong>litterae</strong></span> <span class='ocrx_word' id='word_1_657' title='bbox 3300 3377 3504 3448; x_wconf 86' lang='lat' dir='ltr'><strong>quibus</strong></span> <span class='ocrx_word' id='word_1_658' title='bbox 3529 3381 3600 3436; x_wconf 88' lang='lat' dir='ltr'><strong>ad</strong></span> 
     </span>
    </p>
   </div>
   <div class='ocr_carea' id='block_1_92' title="bbox 2007 3465 3600 3538">
    <p class='ocr_par' dir='ltr' id='par_1_92' title="bbox 2007 3465 3600 3538">
     <span class='ocr_line' id='line_1_92' title="bbox 2007 3465 3600 3538; baseline 0.003 -18"><span class='ocrx_word' id='word_1_659' title='bbox 2007 3465 2279 3537; x_wconf 82' lang='lat' dir='ltr'><strong>synodum</strong></span> <span class='ocrx_word' id='word_1_660' title='bbox 2324 3466 2715 3531; x_wconf 89' lang='lat' dir='ltr'><strong>evocabamur,</strong></span> <span class='ocrx_word' id='word_1_661' title='bbox 2757 3465 2832 3521; x_wconf 87' lang='lat' dir='ltr'><strong>ita</strong></span> <span class='ocrx_word' id='word_1_662' title='bbox 2871 3466 3160 3538; x_wconf 88' lang='lat' dir='ltr'><strong>jubebant.</strong></span> <span class='ocrx_word' id='word_1_663' title='bbox 3211 3466 3365 3523; x_wconf 87' lang='lat' dir='ltr'><strong>Ilanc</strong></span> <span class='ocrx_word' id='word_1_664' title='bbox 3411 3480 3600 3526; x_wconf 86' lang='lat' dir='ltr'><strong>autem</strong></span> 
     </span>
    </p>
   </div>
   <div class='ocr_carea' id='block_1_93' title="bbox 2006 3553 3598 3626">
    <p class='ocr_par' dir='ltr' id='par_1_93' title="bbox 2006 3553 3598 3626">
     <span class='ocr_line' id='line_1_93' title="bbox 2006 3553 3598 3626; baseline 0.005 -15"><span class='ocrx_word' id='word_1_665' title='bbox 2006 3558 2372 3626; x_wconf 68' lang='lat' dir='ltr'><strong>praestitutam</strong></span> <span class='ocrx_word' id='word_1_666' title='bbox 2403 3558 2551 3614; x_wconf 90' lang='lat' dir='ltr'><strong>diem</strong></span> <span class='ocrx_word' id='word_1_667' title='bbox 2594 3574 2696 3614; x_wconf 90' lang='lat' dir='ltr'><strong>nos</strong></span> <span class='ocrx_word' id='word_1_668' title='bbox 2730 3568 2922 3614; x_wconf 87' lang='lat' dir='ltr'><strong>nostro</strong></span> <span class='ocrx_word' id='word_1_669' title='bbox 2960 3558 3201 3614; x_wconf 89' lang='lat' dir='ltr'><strong>adventu</strong></span> <span class='ocrx_word' id='word_1_670' title='bbox 3233 3559 3289 3613; x_wconf 91' lang='lat' dir='ltr'><strong>in</strong></span> <span class='ocrx_word' id='word_1_671' title='bbox 3319 3553 3598 3618; x_wconf 74' lang='lat' dir='ltr'><strong>civitatem</strong></span> 
     </span>
    </p>
   </div>
   <div class='ocr_carea' id='block_1_94' title="bbox 2007 3648 3598 3720">
    <p class='ocr_par' dir='ltr' id='par_1_94' title="bbox 2007 3648 3598 3720">
     <span class='ocr_line' id='line_1_94' title="bbox 2007 3648 3598 3720; baseline 0.006 -17"><span class='ocrx_word' id='word_1_672' title='bbox 2007 3648 2374 3720; x_wconf 87' lang='lat' dir='ltr'><strong>Ephesiorum</strong></span> <span class='ocrx_word' id='word_1_673' title='bbox 2413 3651 2840 3716; x_wconf 89' lang='lat' dir='ltr'><strong>antevertimus;</strong></span> <span class='ocrx_word' id='word_1_674' title='bbox 2872 3665 3052 3720; x_wconf 91' lang='lat' dir='ltr'><strong>neque</strong></span> <span class='ocrx_word' id='word_1_675' title='bbox 3086 3650 3235 3705; x_wconf 89' lang='lat' dir='ltr'><strong>enim</strong></span> <span class='ocrx_word' id='word_1_676' title='bbox 3274 3651 3508 3711; x_wconf 87' lang='lat' dir='ltr'><strong>decebat</strong></span> <span class='ocrx_word' id='word_1_677' title='bbox 3539 3665 3598 3713; x_wconf 88' lang='lat' dir='ltr'><strong>ut</strong></span> 
     </span>
    </p>
   </div>
   <div class='ocr_carea' id='block_1_95' title="bbox 2007 3740 3599 3815">
    <p class='ocr_par' dir='ltr' id='par_1_95' title="bbox 2007 3740 3599 3815">
     <span class='ocr_line' id='line_1_95' title="bbox 2007 3740 3599 3815; baseline 0.004 -20"><span class='ocrx_word' id='word_1_678' title='bbox 2007 3740 2361 3795; x_wconf 88' lang='lat' dir='ltr'><strong>dominorum</strong></span> <span class='ocrx_word' id='word_1_679' title='bbox 2385 3750 2704 3797; x_wconf 88' lang='lat' dir='ltr'><strong>nostrorum</strong></span> <span class='ocrx_word' id='word_1_680' title='bbox 2731 3743 2912 3797; x_wconf 87' lang='lat' dir='ltr'><strong>edicta</strong></span> <span class='ocrx_word' id='word_1_681' title='bbox 2937 3744 3362 3815; x_wconf 82' lang='lat' dir='ltr'><strong>negligeremus.</strong></span> <span class='ocrx_word' id='word_1_682' title='bbox 3393 3745 3599 3801; x_wconf 80' lang='lat' dir='ltr'><strong>Verum</strong></span> 
     </span>
    </p>
   </div>
   <div class='ocr_carea' id='block_1_96' title="bbox 2005 3833 3598 3906">
    <p class='ocr_par' dir='ltr' id='par_1_96' title="bbox 2005 3833 3598 3906">
     <span class='ocr_line' id='line_1_96' title="bbox 2005 3833 3598 3906; baseline 0.004 -20"><span class='ocrx_word' id='word_1_683' title='bbox 2005 3839 2362 3902; x_wconf 88' lang='lat' dir='ltr'><strong>posteaquam</strong></span> <span class='ocrx_word' id='word_1_684' title='bbox 2385 3833 2694 3903; x_wconf 87' lang='lat' dir='ltr'><strong>piissimum</strong></span> <span class='ocrx_word' id='word_1_685' title='bbox 2720 3833 3305 3906; x_wconf 78' lang='lat' dir='ltr'><strong>religiosissimumque</strong></span> <span class='ocrx_word' id='word_1_686' title='bbox 3328 3836 3598 3892; x_wconf 82' lang='lat' dir='ltr'><strong>Joannem</strong></span> 
     </span>
    </p>
   </div>
   <div class='ocr_carea' id='block_1_97' title="bbox 2006 3922 3597 3998">
    <p class='ocr_par' dir='ltr' id='par_1_97' title="bbox 2006 3922 3597 3998">
     <span class='ocr_line' id='line_1_97' title="bbox 2006 3922 3597 3998; baseline 0.004 -20"><span class='ocrx_word' id='word_1_687' title='bbox 2006 3922 2326 3994; x_wconf 88' lang='lat' dir='ltr'><strong>episcopum</strong></span> <span class='ocrx_word' id='word_1_688' title='bbox 2375 3923 2786 3979; x_wconf 81' lang='lat' dir='ltr'><strong>Antiochenum</strong></span> <span class='ocrx_word' id='word_1_689' title='bbox 2829 3924 3126 3981; x_wconf 84' lang='lat' dir='ltr'><strong>adventare</strong></span> <span class='ocrx_word' id='word_1_690' title='bbox 3168 3928 3597 3998; x_wconf 87' lang='lat' dir='ltr'><strong>accepissemus,</strong></span> 
     </span>
    </p>
   </div>
   <div class='ocr_carea' id='block_1_98' title="bbox 2007 4009 3596 4084">
    <p class='ocr_par' dir='ltr' id='par_1_98' title="bbox 2007 4009 3596 4084">
     <span class='ocr_line' id='line_1_98' title="bbox 2007 4009 3596 4084; baseline 0.004 -20"><span class='ocrx_word' id='word_1_691' title='bbox 2007 4009 2190 4065; x_wconf 90' lang='lat' dir='ltr'><strong>adhuc</strong></span> <span class='ocrx_word' id='word_1_692' title='bbox 2210 4011 2489 4067; x_wconf 84' lang='lat' dir='ltr'><strong>sexdecim</strong></span> <span class='ocrx_word' id='word_1_693' title='bbox 2515 4011 2634 4068; x_wconf 90' lang='lat' dir='ltr'><strong>dies</strong></span> <span class='ocrx_word' id='word_1_694' title='bbox 2657 4013 3118 4084; x_wconf 79' lang='lat' dir='ltr'><strong>exspectavimus,</strong></span> <span class='ocrx_word' id='word_1_695' title='bbox 3137 4025 3462 4072; x_wconf 88' lang='lat' dir='ltr'><strong>cumtamen</strong></span> <span class='ocrx_word' id='word_1_696' title='bbox 3484 4025 3596 4071; x_wconf 90' lang='lat' dir='ltr'><strong>tota</strong></span> 
     </span>
    </p>
   </div>
   <div class='ocr_carea' id='block_1_99' title="bbox 1984 4102 3596 4174">
    <p class='ocr_par' dir='ltr' id='par_1_99' title="bbox 1984 4102 3596 4174">
     <span class='ocr_line' id='line_1_99' title="bbox 1984 4102 3596 4174; baseline 0.004 -18"><span class='ocrx_word' id='word_1_697' title='bbox 1984 4102 2250 4174; x_wconf 79' lang='lat' dir='ltr'><strong>&#39;synodus</strong></span> <span class='ocrx_word' id='word_1_698' title='bbox 2281 4104 2628 4170; x_wconf 85' lang='lat' dir='ltr'><strong>reclamaret,</strong></span> <span class='ocrx_word' id='word_1_699' title='bbox 2653 4119 2906 4161; x_wconf 89' lang='lat' dir='ltr'><strong>asserens</strong></span> <span class='ocrx_word' id='word_1_700' title='bbox 2929 4106 3082 4161; x_wconf 91' lang='lat' dir='ltr'><strong>illum</strong></span> <span class='ocrx_word' id='word_1_701' title='bbox 3121 4109 3402 4163; x_wconf 88' lang='lat' dir='ltr'><strong>consessui</strong></span> <span class='ocrx_word' id='word_1_702' title='bbox 3430 4109 3596 4163; x_wconf 81' lang='lat' dir='ltr'><strong>inter-</strong></span> 
     </span>
    </p>
   </div>
   <div class='ocr_carea' id='block_1_100' title="bbox 2005 4195 3598 4267">
    <p class='ocr_par' dir='ltr' id='par_1_100' title="bbox 2005 4195 3598 4267">
     <span class='ocr_line' id='line_1_100' title="bbox 2005 4195 3598 4267; baseline 0.003 -18"><span class='ocrx_word' id='word_1_703' title='bbox 2005 4209 2125 4249; x_wconf 87' lang='lat' dir='ltr'><strong>esse</strong></span> <span class='ocrx_word' id='word_1_704' title='bbox 2176 4210 2286 4250; x_wconf 88' lang='lat' dir='ltr'><strong>non</strong></span> <span class='ocrx_word' id='word_1_705' title='bbox 2332 4195 2497 4261; x_wconf 83' lang='lat' dir='ltr'><strong>velle,</strong></span> <span class='ocrx_word' id='word_1_706' title='bbox 2529 4196 2675 4267; x_wconf 90' lang='lat' dir='ltr'><strong>quod</strong></span> <span class='ocrx_word' id='word_1_707' title='bbox 2710 4207 3002 4263; x_wconf 89' lang='lat' dir='ltr'><strong>metueret,</strong></span> <span class='ocrx_word' id='word_1_708' title='bbox 3046 4214 3117 4253; x_wconf 90' lang='lat' dir='ltr'><strong>ne</strong></span> <span class='ocrx_word' id='word_1_709' title='bbox 3156 4197 3296 4255; x_wconf 88' lang='lat' dir='ltr'><strong>forte</strong></span> <span class='ocrx_word' id='word_1_710' title='bbox 3335 4214 3598 4255; x_wconf 81' lang='lat' dir='ltr'><strong>reveren-</strong></span> 
     </span>
    </p>
   </div>
   <div class='ocr_carea' id='block_1_101' title="bbox 2005 4283 3599 4357">
    <p class='ocr_par' dir='ltr' id='par_1_101' title="bbox 2005 4283 3599 4357">
     <span class='ocr_line' id='line_1_101' title="bbox 2005 4283 3599 4357; baseline 0.003 -19"><span class='ocrx_word' id='word_1_711' title='bbox 2005 4283 2268 4340; x_wconf 88' lang='lat' dir='ltr'><strong>dissimus</strong></span> <span class='ocrx_word' id='word_1_712' title='bbox 2289 4285 2599 4352; x_wconf 88' lang='lat' dir='ltr'><strong>Nestorius,</strong></span> <span class='ocrx_word' id='word_1_713' title='bbox 2624 4287 2717 4357; x_wconf 90' lang='lat' dir='ltr'><strong>qui</strong></span> <span class='ocrx_word' id='word_1_714' title='bbox 2749 4301 2816 4342; x_wconf 79' lang='lat' dir='ltr'><strong>ex</strong></span> <span class='ocrx_word' id='word_1_715' title='bbox 2846 4287 2994 4342; x_wconf 90' lang='lat' dir='ltr'><strong>illius</strong></span> <span class='ocrx_word' id='word_1_716' title='bbox 3015 4288 3259 4344; x_wconf 83' lang='lat' dir='ltr'><strong>Ecclesia</strong></span> <span class='ocrx_word' id='word_1_717' title='bbox 3284 4294 3599 4357; x_wconf 84' lang='lat' dir='ltr'><strong>assumptus</strong></span> 
     </span>
    </p>
   </div>
   <div class='ocr_carea' id='block_1_102' title="bbox 2005 4375 3598 4450">
    <p class='ocr_par' dir='ltr' id='par_1_102' title="bbox 2005 4375 3598 4450">
     <span class='ocr_line' id='line_1_102' title="bbox 2005 4375 3598 4450; baseline 0 -19"><span class='ocrx_word' id='word_1_718' title='bbox 2005 4375 2204 4441; x_wconf 85' lang='lat' dir='ltr'><strong>fuerat,</strong></span> <span class='ocrx_word' id='word_1_719' title='bbox 2236 4377 2359 4433; x_wconf 91' lang='lat' dir='ltr'><strong>loco</strong></span> <span class='ocrx_word' id='word_1_720' title='bbox 2391 4393 2493 4433; x_wconf 90' lang='lat' dir='ltr'><strong>suo</strong></span> <span class='ocrx_word' id='word_1_721' title='bbox 2534 4389 2892 4435; x_wconf 88' lang='lat' dir='ltr'><strong>moveretur:</strong></span> <span class='ocrx_word' id='word_1_722' title='bbox 2929 4395 3052 4450; x_wconf 72' lang='lat' dir='ltr'><strong>qua:</strong></span> <span class='ocrx_word' id='word_1_723' title='bbox 3089 4394 3179 4435; x_wconf 90' lang='lat' dir='ltr'><strong>res</strong></span> <span class='ocrx_word' id='word_1_724' title='bbox 3220 4380 3322 4448; x_wconf 89' lang='lat' dir='ltr'><strong>ipsi</strong></span> <span class='ocrx_word' id='word_1_725' title='bbox 3366 4379 3598 4432; x_wconf 87' lang='lat' dir='ltr'><strong>fortasse</strong></span> 
     </span>
    </p>
   </div>
   <div class='ocr_carea' id='block_1_103' title="bbox 2003 4470 3598 4542">
    <p class='ocr_par' dir='ltr' id='par_1_103' title="bbox 2003 4470 3598 4542">
     <span class='ocr_line' id='line_1_103' title="bbox 2003 4470 3598 4542; baseline 0.001 -18"><span class='ocrx_word' id='word_1_726' title='bbox 2003 4471 2213 4542; x_wconf 85' lang='lat' dir='ltr'><strong>justum</strong></span> <span class='ocrx_word' id='word_1_727' title='bbox 2254 4470 2525 4540; x_wconf 90' lang='lat' dir='ltr'><strong>pudorem</strong></span> <span class='ocrx_word' id='word_1_728' title='bbox 2564 4471 2855 4526; x_wconf 86' lang='lat' dir='ltr'><strong>incuteret.</strong></span> <span class='ocrx_word' id='word_1_729' title='bbox 2897 4471 3070 4538; x_wconf 86' lang='lat' dir='ltr'><strong>Quam</strong></span> <span class='ocrx_word' id='word_1_730' title='bbox 3105 4471 3474 4541; x_wconf 85' lang='lat' dir='ltr'><strong>suspicionem</strong></span> <span class='ocrx_word' id='word_1_731' title='bbox 3507 4487 3598 4526; x_wconf 87' lang='lat' dir='ltr'><strong>ve-</strong></span> 
     </span>
    </p>
   </div>
   <div class='ocr_carea' id='block_1_104' title="bbox 2011 4561 3598 4635">
    <p class='ocr_par' dir='ltr' id='par_1_104' title="bbox 2011 4561 3598 4635">
     <span class='ocr_line' id='line_1_104' title="bbox 2011 4561 3598 4635; baseline 0.001 -19"><span class='ocrx_word' id='word_1_732' title='bbox 2011 4577 2125 4616; x_wconf 88' lang='lat' dir='ltr'><strong>ram</strong></span> <span class='ocrx_word' id='word_1_733' title='bbox 2147 4561 2448 4629; x_wconf 82' lang='lat' dir='ltr'><strong>exstitisse,</strong></span> <span class='ocrx_word' id='word_1_734' title='bbox 2475 4563 2594 4634; x_wconf 89' lang='lat' dir='ltr'><strong>ipsa</strong></span> <span class='ocrx_word' id='word_1_735' title='bbox 2614 4574 2802 4634; x_wconf 85' lang='lat' dir='ltr'><strong>postea</strong></span> <span class='ocrx_word' id='word_1_736' title='bbox 2825 4562 3162 4635; x_wconf 79' lang='lat' dir='ltr'><strong>experientia</strong></span> <span class='ocrx_word' id='word_1_737' title='bbox 3187 4562 3396 4632; x_wconf 92' lang='lat' dir='ltr'><strong>liquido</strong></span> <span class='ocrx_word' id='word_1_738' title='bbox 3416 4570 3598 4618; x_wconf 86' lang='lat' dir='ltr'><strong>osten—</strong></span> 
     </span>
    </p>
   </div>
   <div class='ocr_carea' id='block_1_105' title="bbox 2004 4654 3596 4720">
    <p class='ocr_par' dir='ltr' id='par_1_105' title="bbox 2004 4654 3596 4720">
     <span class='ocr_line' id='line_1_105' title="bbox 2004 4654 3596 4720; baseline -0.001 -10"><span class='ocrx_word' id='word_1_739' title='bbox 2004 4654 2120 4720; x_wconf 85' lang='lat' dir='ltr'><strong>dit;</strong></span> <span class='ocrx_word' id='word_1_740' title='bbox 2164 4671 2290 4710; x_wconf 90' lang='lat' dir='ltr'><strong>nam</strong></span> <span class='ocrx_word' id='word_1_741' title='bbox 2317 4656 2535 4711; x_wconf 89' lang='lat' dir='ltr'><strong>distulit</strong></span> <span class='ocrx_word' id='word_1_742' title='bbox 2564 4655 2862 4710; x_wconf 83' lang='lat' dir='ltr'><strong>adventum</strong></span> <span class='ocrx_word' id='word_1_743' title='bbox 2889 4670 3072 4710; x_wconf 91' lang='lat' dir='ltr'><strong>suum.</strong></span> <span class='ocrx_word' id='word_1_744' title='bbox 3100 4654 3316 4710; x_wconf 88' lang='lat' dir='ltr'><strong>Etenim</strong></span> <span class='ocrx_word' id='word_1_745' title='bbox 3346 4654 3596 4709; x_wconf 89' lang='lat' dir='ltr'><strong>nonnulli</strong></span> 
     </span>
    </p>
   </div>
   <div class='ocr_carea' id='block_1_106' title="bbox 2004 4742 3594 4816">
    <p class='ocr_par' dir='ltr' id='par_1_106' title="bbox 2004 4742 3594 4816">
     <span class='ocr_line' id='line_1_106' title="bbox 2004 4742 3594 4816; baseline -0.008 -8"><span class='ocrx_word' id='word_1_746' title='bbox 2004 4769 2072 4808; x_wconf 85' lang='lat' dir='ltr'><strong>ex</strong></span> <span class='ocrx_word' id='word_1_747' title='bbox 2120 4747 2485 4805; x_wconf 89' lang='lat' dir='ltr'><strong>orientalibus</strong></span> <span class='ocrx_word' id='word_1_748' title='bbox 2534 4746 2655 4816; x_wconf 83' lang='lat' dir='ltr'><strong>ejus</strong></span> <span class='ocrx_word' id='word_1_749' title='bbox 2706 4744 3003 4815; x_wconf 85' lang='lat' dir='ltr'><strong>episcopis,</strong></span> <span class='ocrx_word' id='word_1_750' title='bbox 3048 4743 3117 4798; x_wconf 90' lang='lat' dir='ltr'><strong>ab</strong></span> <span class='ocrx_word' id='word_1_751' title='bbox 3160 4743 3254 4797; x_wconf 90' lang='lat' dir='ltr'><strong>illo</strong></span> <span class='ocrx_word' id='word_1_752' title='bbox 3305 4742 3594 4813; x_wconf 63' lang='lat' dir='ltr'><strong>pramissr,</strong></span> 
     </span>
    </p>
   </div>
   <div class='ocr_carea' id='block_1_107' title="bbox 2004 4835 3597 4909">
    <p class='ocr_par' dir='ltr' id='par_1_107' title="bbox 2004 4835 3597 4909">
     <span class='ocr_line' id='line_1_107' title="bbox 2004 4835 3597 4909; baseline -0.006 -11"><span class='ocrx_word' id='word_1_753' title='bbox 2004 4844 2122 4899; x_wconf 67' lang='lat' dir='ltr'><strong>haec</strong></span> <span class='ocrx_word' id='word_1_754' title='bbox 2145 4840 2544 4897; x_wconf 85' lang='lat' dir='ltr'><strong>denuntiarunt</strong></span> <span class='ocrx_word' id='word_1_755' title='bbox 2569 4855 2581 4891; x_wconf 92' lang='lat'>:</span> <span class='ocrx_word' id='word_1_756' title='bbox 2608 4837 2877 4909; x_wconf 59' lang='lat' dir='ltr'><strong>Praecepit</strong></span> <span class='ocrx_word' id='word_1_757' title='bbox 2897 4836 3059 4891; x_wconf 88' lang='lat' dir='ltr'><strong>nobis</strong></span> <span class='ocrx_word' id='word_1_758' title='bbox 3077 4835 3335 4890; x_wconf 86' lang='lat' dir='ltr'><strong>dominus</strong></span> <span class='ocrx_word' id='word_1_759' title='bbox 3358 4835 3597 4890; x_wconf 82' lang='lat' dir='ltr'><strong>Joannes</strong></span> 
     </span>
    </p>
   </div>
   <div class='ocr_carea' id='block_1_108' title="bbox 2003 4925 3596 5006">
    <p class='ocr_par' dir='ltr' id='par_1_108' title="bbox 2003 4925 3596 5006">
     <span class='ocr_line' id='line_1_108' title="bbox 2003 4925 3596 5006; baseline -0.005 -17"><span class='ocrx_word' id='word_1_760' title='bbox 2003 4935 2320 5006; x_wconf 89' lang='lat' dir='ltr'><strong>episcopus,</strong></span> <span class='ocrx_word' id='word_1_761' title='bbox 2352 4939 2412 4986; x_wconf 92' lang='lat' dir='ltr'><strong>ut</strong></span> <span class='ocrx_word' id='word_1_762' title='bbox 2441 4937 2638 4986; x_wconf 66' lang='lat' dir='ltr'><strong>vestrm</strong></span> <span class='ocrx_word' id='word_1_763' title='bbox 2665 4929 2856 4999; x_wconf 88' lang='lat' dir='ltr'><strong>pietati</strong></span> <span class='ocrx_word' id='word_1_764' title='bbox 2885 4928 3134 4984; x_wconf 85' lang='lat' dir='ltr'><strong>dicamus</strong></span> <span class='ocrx_word' id='word_1_765' title='bbox 3158 4945 3170 4980; x_wconf 89' lang='lat'><strong>:</strong></span> <span class='ocrx_word' id='word_1_766' title='bbox 3195 4925 3251 4982; x_wconf 87' lang='lat' dir='ltr'><strong>Si</strong></span> <span class='ocrx_word' id='word_1_767' title='bbox 3283 4926 3596 4993; x_wconf 87' lang='lat' dir='ltr'><strong>tardavero,</strong></span> 
     </span>
    </p>
   </div>
   <div class='ocr_carea' id='block_1_109' title="bbox 2001 5019 3594 5098">
    <p class='ocr_par' dir='ltr' id='par_1_109' title="bbox 2001 5019 3594 5098">
     <span class='ocr_line' id='line_1_109' title="bbox 2001 5019 3594 5098; baseline -0.007 -15"><span class='ocrx_word' id='word_1_768' title='bbox 2001 5027 2150 5098; x_wconf 90' lang='lat' dir='ltr'><strong>quod</strong></span> <span class='ocrx_word' id='word_1_769' title='bbox 2185 5024 2385 5081; x_wconf 84' lang='lat' dir='ltr'><strong>facturi</strong></span> <span class='ocrx_word' id='word_1_770' title='bbox 2426 5025 2580 5088; x_wconf 90' lang='lat' dir='ltr'><strong>estis,</strong></span> <span class='ocrx_word' id='word_1_771' title='bbox 2619 5023 2673 5077; x_wconf 90' lang='lat' dir='ltr'><strong>id</strong></span> <span class='ocrx_word' id='word_1_772' title='bbox 2712 5021 2945 5077; x_wconf 85' lang='lat' dir='ltr'><strong>faciatis.</strong></span> <span class='ocrx_word' id='word_1_773' title='bbox 2979 5019 3178 5075; x_wconf 88' lang='lat' dir='ltr'><strong>Sancta</strong></span> <span class='ocrx_word' id='word_1_774' title='bbox 3212 5019 3398 5090; x_wconf 90' lang='lat' dir='ltr'><strong>itaque</strong></span> <span class='ocrx_word' id='word_1_775' title='bbox 3429 5035 3594 5090; x_wconf 88' lang='lat' dir='ltr'><strong>syno-</strong></span> 
     </span>
    </p>
   </div>
   <div class='ocr_carea' id='block_1_110' title="bbox 2003 5110 3594 5176">
    <p class='ocr_par' dir='ltr' id='par_1_110' title="bbox 2003 5110 3594 5176">
     <span class='ocr_line' id='line_1_110' title="bbox 2003 5110 3594 5176; baseline -0.008 0"><span class='ocrx_word' id='word_1_776' title='bbox 2003 5121 2108 5176; x_wconf 91' lang='lat' dir='ltr'><strong>dus</strong></span> <span class='ocrx_word' id='word_1_777' title='bbox 2132 5127 2327 5175; x_wconf 86' lang='lat' dir='ltr'><strong>octavo</strong></span> <span class='ocrx_word' id='word_1_778' title='bbox 2353 5125 2410 5173; x_wconf 86' lang='lat' dir='ltr'><strong>et</strong></span> <span class='ocrx_word' id='word_1_779' title='bbox 2433 5117 2698 5172; x_wconf 90' lang='lat' dir='ltr'><strong>vicesimo</strong></span> <span class='ocrx_word' id='word_1_780' title='bbox 2724 5115 2814 5170; x_wconf 92' lang='lat' dir='ltr'><strong>die</strong></span> <span class='ocrx_word' id='word_1_781' title='bbox 2837 5111 3042 5168; x_wconf 85' lang='lat' dir='ltr'><strong>mensis</strong></span> <span class='ocrx_word' id='word_1_782' title='bbox 3063 5110 3258 5176; x_wconf 88' lang='lat' dir='ltr'><strong>Pauni,</strong></span> <span class='ocrx_word' id='word_1_783' title='bbox 3282 5118 3343 5166; x_wconf 90' lang='lat' dir='ltr'><strong>ut</strong></span> <span class='ocrx_word' id='word_1_784' title='bbox 3364 5111 3594 5165; x_wconf 80' lang='lat' dir='ltr'><strong>Alexan-</strong></span> 
     </span>
    </p>
   </div>
   <div class='ocr_carea' id='block_1_111' title="bbox 2003 5202 3595 5278">
    <p class='ocr_par' dir='ltr' id='par_1_111' title="bbox 2003 5202 3595 5278">
     <span class='ocr_line' id='line_1_111' title="bbox 2003 5202 3595 5278; baseline -0.009 -8"><span class='ocrx_word' id='word_1_785' title='bbox 2003 5215 2151 5270; x_wconf 89' lang='lat' dir='ltr'><strong>drini</strong></span> <span class='ocrx_word' id='word_1_786' title='bbox 2200 5219 2420 5278; x_wconf 85' lang='lat' dir='ltr'><strong>vocant,</strong></span> <span class='ocrx_word' id='word_1_787' title='bbox 2469 5209 2525 5266; x_wconf 90' lang='lat' dir='ltr'><strong>in</strong></span> <span class='ocrx_word' id='word_1_788' title='bbox 2574 5208 2808 5266; x_wconf 89' lang='lat' dir='ltr'><strong>ecclesia</strong></span> <span class='ocrx_word' id='word_1_789' title='bbox 2859 5220 3074 5276; x_wconf 81' lang='lat' dir='ltr'><strong>magna,</strong></span> <span class='ocrx_word' id='word_1_790' title='bbox 3117 5219 3240 5274; x_wconf 71' lang='lat' dir='ltr'><strong>qua:</strong></span> <span class='ocrx_word' id='word_1_791' title='bbox 3288 5202 3595 5274; x_wconf 86' lang='lat' dir='ltr'><strong>appellatur</strong></span> 
     </span>
    </p>
   </div>
   <div class='ocr_carea' id='block_1_112' title="bbox 2003 5295 3593 5372">
    <p class='ocr_par' dir='ltr' id='par_1_112' title="bbox 2003 5295 3593 5372">
     <span class='ocr_line' id='line_1_112' title="bbox 2003 5295 3593 5372; baseline -0.008 -10"><span class='ocrx_word' id='word_1_792' title='bbox 2003 5305 2203 5362; x_wconf 88' lang='lat' dir='ltr'><strong>Sancta</strong></span> <span class='ocrx_word' id='word_1_793' title='bbox 2243 5305 2432 5367; x_wconf 83' lang='lat' dir='ltr'><strong>Maria,</strong></span> <span class='ocrx_word' id='word_1_794' title='bbox 2468 5309 2816 5372; x_wconf 80' lang='lat' dir='ltr'><strong>congregata,</strong></span> <span class='ocrx_word' id='word_1_795' title='bbox 2856 5298 3040 5354; x_wconf 90' lang='lat' dir='ltr'><strong>missis</strong></span> <span class='ocrx_word' id='word_1_796' title='bbox 3083 5297 3413 5370; x_wconf 86' lang='lat' dir='ltr'><strong>quibusdam</strong></span> <span class='ocrx_word' id='word_1_797' title='bbox 3459 5295 3593 5351; x_wconf 87' lang='lat' dir='ltr'><strong>reli—</strong></span> 
     </span>
    </p>
   </div>
   <div class='ocr_carea' id='block_1_113' title="bbox 2000 5385 3570 5467">
    <p class='ocr_par' dir='ltr' id='par_1_113' title="bbox 2000 5385 3570 5467">
     <span class='ocr_line' id='line_1_113' title="bbox 2000 5385 3570 5467; baseline -0.007 -16"><span class='ocrx_word' id='word_1_798' title='bbox 2000 5394 2330 5467; x_wconf 80' lang='lat' dir='ltr'><strong>giosissimis</strong></span> <span class='ocrx_word' id='word_1_799' title='bbox 2357 5392 2652 5464; x_wconf 88' lang='lat' dir='ltr'><strong>episcopis,</strong></span> <span class='ocrx_word' id='word_1_800' title='bbox 2679 5391 2938 5452; x_wconf 65' lang='lat' dir='ltr'><strong>Nestoris</strong></span> <span class='ocrx_word' id='word_1_801' title='bbox 2960 5389 3273 5457; x_wconf 82' lang='lat' dir='ltr'><strong>denuntiat,</strong></span> <span class='ocrx_word' id='word_1_802' title='bbox 3300 5396 3362 5445; x_wconf 91' lang='lat' dir='ltr'><strong>ut</strong></span> <span class='ocrx_word' id='word_1_803' title='bbox 3383 5385 3570 5444; x_wconf 85' lang='lat' dir='ltr'><strong>veniat</strong></span> 
     </span>
    </p>
   </div>
   <div class='ocr_carea' id='block_1_114' title="bbox 1410 5546 2509 5618">
    <p class='ocr_par' dir='ltr' id='par_1_114' title="bbox 1410 5546 2509 5618">
     <span class='ocr_line' id='line_1_114' title="bbox 1410 5546 2509 5618; baseline -0.003 -18"><span class='ocrx_word' id='word_1_804' title='bbox 1410 5547 1586 5604; x_wconf 77' lang='lat' dir='ltr'><strong>Variae</strong></span> <span class='ocrx_word' id='word_1_805' title='bbox 1611 5548 1877 5605; x_wconf 90' lang='lat' dir='ltr'><strong>lectiones</strong></span> <span class='ocrx_word' id='word_1_806' title='bbox 1911 5547 2120 5604; x_wconf 87' lang='lat' dir='ltr'><strong>codicis</strong></span> <span class='ocrx_word' id='word_1_807' title='bbox 2143 5546 2509 5618; x_wconf 39' lang='lat' dir='ltr'><strong>Seguieriani,</strong></span> 
     </span>
    </p>
   </div>
   <div class='ocr_carea' id='block_1_115' title="bbox 382 5645 1112 5716">
    <p class='ocr_par' dir='ltr' id='par_1_115' title="bbox 382 5645 1112 5716">
     <span class='ocr_line' id='line_1_115' title="bbox 382 5645 1112 5716; baseline 0.011 -17"><span class='ocrx_word' id='word_1_808' title='bbox 382 5645 408 5686; x_wconf 64' lang='grc' dir='ltr'><strong>δ</strong></span> <span class='ocrx_word' id='word_1_809' title='bbox 444 5646 668 5716; x_wconf 68' lang='grc' dir='ltr'>δεκάτη.</span> <span class='ocrx_word' id='word_1_810' title='bbox 751 5653 766 5691; x_wconf 65' lang='lat'><strong>&#39;1</strong></span> <span class='ocrx_word' id='word_1_811' title='bbox 800 5651 885 5706; x_wconf 73' lang='grc' dir='ltr'><strong>ισ.</strong></span> <span class='ocrx_word' id='word_1_812' title='bbox 920 5652 1112 5707; x_wconf 75' lang='grc' dir='ltr'>ἑαυτόν</span> 
     </span>
    </p>
   </div>
  </div>
