4028 6208
510 235 612 295 155

1536 242 1593 298 S.
1632 240 1905 298 CYRILLI
1952 239 2409 296 ALEXANDRINI
2448 236 2765 295 ARCHIEP.

3652 235 3752 291 l56

505 349 724 420 sibique
755 365 864 405 non
903 351 1064 418 desit,
1099 369 1162 409 ac
1190 355 1258 410 de
1310 357 1378 412 iis
1416 372 1538 426 qua:
1576 359 1868 426 scripserat
1899 366 1954 411 et
1984 355 2059 409 do-

2187 371 2386 423 πτομαι
2407 355 2502 407 καὶ
2523 351 2653 424 ὁρῶ.
2685 351 2960 422 Κέκληται
2978 351 3215 423 δευτέρῳ
3243 351 3752 422 παραναγνωστικῷ

503 448 716 505 cuerat,
754 458 938 497 coram
986 445 1254 500 rationem
1297 447 1510 502 reddat.
1557 448 1651 502 llle
1693 456 1872 500 autem
1907 445 2080 515 primo

503 535 829 604 respondit:
861 537 1260 603 Considerabo,
1292 551 1350 594 et
1392 539 1610 594 videbo.
1652 539 1960 593 Accersitus
1995 546 2080 591 est

498 641 634 696 ergo
686 627 858 681 altera
909 629 1174 683 citatione
1231 646 1330 700 per
1388 631 1762 684 sanctissimos
1816 628 2076 698 quosdam

498 716 809 786 episcopos,
850 717 1050 772 iterum
1091 734 1120 772 a
1158 731 1343 774 sancta
1373 721 1578 790 synodo
1605 719 1670 772 ad
1704 734 1828 771 eum
1861 718 2072 770 missos.

498 806 593 860 Ille
620 823 752 860 vero
791 824 907 861 rem
946 817 1062 862 tum
1100 810 1375 863 commisit
1414 810 1571 877 plane
1610 807 1903 875 indignam.
1938 805 2072 860 Nam

497 899 754 953 militesa
781 899 1121 954 Candidiano
1169 898 1702 969 magnificentissimo
1741 897 1938 950 comite
1979 910 2070 950 ac-

496 999 685 1058 ceptos
727 1001 854 1044 ante
901 993 1047 1046 :edes
1094 993 1145 1044 in
1188 989 1746 1058 quibusversabatur
1788 989 2074 1042 collocavit

496 1094 622 1132 cum
662 1079 898 1134 fustibus
928 1090 987 1134 ut
1012 1089 1282 1140 arcerent,
1316 1079 1360 1131 si
1399 1077 1491 1145 qui
1525 1076 1664 1129 forte
1703 1077 1768 1129 ad
1799 1077 1950 1129 illum
1990 1077 2073 1130 in-

496 1170 650 1238 gredi
679 1171 900 1224 vellent.
943 1171 1076 1224 Cum
1106 1178 1286 1222 autem
1327 1168 1653 1222 sanctissimi
1680 1168 1942 1236 episcopi,
1975 1169 2070 1237 qui

495 1261 648 1315 missi
682 1261 918 1323 fuerant,
948 1268 1380 1329 perseverarent,
1409 1273 1578 1310 unum
1605 1258 1709 1312 hoc
1738 1267 2067 1322 asserentes,

493 1366 554 1407 se
594 1368 703 1406 non
736 1353 925 1406 adesse
965 1361 1024 1404 ut
1063 1367 1316 1419 asperum
1351 1351 1628 1420 quidpiam
1672 1350 1942 1413 dicerent,
1981 1353 2067 1406 vel

494 1444 766 1505 audirent,
803 1442 897 1495 sed
949 1451 1009 1494 ut
1049 1442 1202 1510 juxta
1257 1449 1458 1495 sanctae
1509 1441 1702 1511 synodi
1751 1443 2066 1496 mandatum

495 1534 670 1602 ipsum
711 1540 986 1593 vocarent,
1017 1530 1180 1584 variis
1222 1546 1355 1584 usus
1389 1539 1474 1583 est
1509 1530 1972 1594 cxcusationibus,
2007 1541 2065 1585 ut

492 1625 586 1693 qui
624 1621 956 1677 conscientia
992 1636 1090 1674 sua
1128 1620 1456 1690 redargutus
1497 1620 1686 1674 venire
1739 1621 1926 1674 nollet.
1971 1623 2062 1677 Usi

490 1710 678 1769 sumus
707 1711 868 1766 tertia
907 1711 1107 1765 deinde
1141 1711 1424 1775 citatione,
1461 1726 1525 1764 ac
1559 1711 1901 1765 diversarum
1935 1729 2064 1781 pro-

488 1801 788 1855 vinciarum
825 1799 1100 1868 episc0pis
1129 1799 1312 1852 denuo
1344 1799 1411 1852 ad
1447 1800 1601 1853 illum
1636 1800 1942 1865 destinatis,
1971 1801 2060 1856 ille

487 1906 680 1945 rursus
703 1890 940 1945 militum
965 1890 1280 1944 violentiam
1303 1889 1576 1952 adhibuit,
1596 1903 1774 1959 neque
1799 1891 2060 1945 accedere

483 1982 676 2037 voluit.
719 1981 856 2036 Cum
892 1996 1021 2050 ergo
1057 1988 1244 2034 sancta
1287 1980 1529 2050 synodus
1565 1981 1923 2044 consedisset,
1960 1997 2062 2037 nec

483 2089 592 2126 non
620 2073 1012 2128 ecclesiasticis
1038 2071 1416 2126 sanctionibus
1448 2072 1724 2135 insistens,
1763 2073 1910 2126 illius
1947 2073 2062 2141 epi-

483 2164 651 2218 stolas
671 2173 728 2218 et
745 2163 1118 2232 expositiones
1138 2163 1379 2232 legisset,
1399 2163 1677 2232 lectasque
1702 2163 2058 2232 blasphemiis

482 2251 674 2321 plenas
713 2251 1108 2320 comperisset;
1147 2251 1260 2321 86
1301 2260 1356 2304 et
1399 2250 1620 2319 quidam
1667 2261 1929 2319 prmterea
1976 2254 2058 2306 in-

481 2341 665 2409 signes
709 2340 1054 2422 piissimique
1116 2341 1360 2410 episc0pi
1408 2342 1812 2410 metropolitani
1874 2346 2056 2399 testati

479 2442 685 2496 essent,
716 2431 865 2500 quod
911 2432 965 2485 in
1013 2432 1128 2502 ipsa
1176 2446 1394 2501 quoque
1434 2431 1799 2500 Ephesiorum
1837 2434 2057 2490 civitate

480 2537 606 2576 cum
669 2523 802 2592 ipsis
857 2523 1191 2593 disceptans,
1251 2523 1436 2578 Jcsum
1501 2522 1673 2577 Deum
1712 2539 1832 2580 esse
1866 2535 2054 2595 aperte

478 2613 806 2670 sententiam
837 2613 891 2667 in
920 2614 1074 2668 illum
1097 2614 1346 2683 protulit.

551 2701 692 2770 Quia
721 2719 854 2759 vero
887 2705 1258 2758 necessarium
1297 2716 1381 2761 est
1419 2714 1479 2761 ut
1513 2706 1686 2776 pietas
1707 2716 1912 2772 vestra,
1941 2709 2059 2766 bmc

483 2794 603 2864 ipsa
637 2802 916 2862 comperta
951 2793 1178 2857 habens,
1207 2794 1328 2849 illos
1357 2811 1576 2866 quoque
1605 2797 1674 2852 de
1707 2796 1794 2853 his
1817 2815 2059 2856 commo-

484 2885 722 2940 nefaciat
755 2901 890 2955 quos
927 2901 992 2940 ea
1027 2886 1260 2940 maxime
1295 2888 1437 2942 scire
1469 2899 1706 2959 oportet,
1731 2893 1915 2947 ne.ch
1941 2894 2058 2963 ipse

482 2975 570 3029 vel
611 2975 704 3028 alii
751 2976 896 3029 illius
937 2975 1179 3031 fautores
1225 2976 1469 3034 honestis
1507 2981 1693 3034 verbis
1728 2996 2054 3052 quemquam

480 3062 815 3134 subripiant,
859 3078 1038 3134 operze
1083 3067 1323 3136 pretium
1368 3071 1555 3125 censui
1596 3081 1655 3125 ut
1689 3073 1804 3127 haec
1847 3074 2058 3130 indica-

479 3167 620 3210 rem.
665 3155 940 3210 Habemus
978 3171 1198 3225 quoque
1233 3158 1459 3215 Joannis
1493 3161 1725 3230 piissimi
1758 3164 2058 3233 religiosis-

481 3245 719 3315 simique
766 3246 1008 3316 episcopi
1055 3249 1338 3317 epistolam
1388 3251 1455 3304 ad
1501 3269 1627 3306 eum
1674 3257 2056 3324 perscriptam,

483 3352 592 3406 qua
622 3352 754 3391 sane
785 3337 986 3391 acriter
1020 3337 1173 3391 illum
1214 3339 1482 3410 increpat;
1515 3351 1771 3411 tanquam
1799 3345 1892 3413 qui
1919 3361 2058 3400 nova

483 3435 539 3480 et
565 3425 730 3496 impia
752 3426 1002 3495 dogmata
1028 3427 1083 3480 in
1108 3429 1382 3484 Ecclesias
1403 3431 1688 3497 invexerit,
1715 3443 2059 3491 sanctorum-

483 3532 590 3585 que
626 3517 1083 3587 evangelistarum
1118 3526 1173 3572 et
1210 3521 1582 3590 apostolorum
1615 3523 1922 3579 doctrinam
1953 3528 2058 3582 Ec-

481 3607 666 3662 clesiis
709 3609 966 3664 traditam
1009 3619 1240 3666 evertat.
1271 3612 1341 3666 At
1380 3614 1507 3682 quia
1537 3615 1671 3668 nihil
1704 3615 1770 3669 ad
1808 3616 2061 3686 blasphe-

482 3697 717 3752 miarum
763 3715 985 3754 suarum
1025 3701 1397 3758 defensionem
1442 3705 1638 3760 afferre
1678 3715 1876 3776 potest,
1906 3724 2060 3763 noxa:

480 3802 594 3842 sua:
626 3789 874 3845 velamen
917 3807 1190 3860 quaerens,
1219 3793 1297 3848 ait
1331 3810 1344 3846 :
1377 3792 1622 3860 Quatuor
1669 3796 1882 3851 dierum
1925 3799 2061 3853 dila-

481 3878 684 3933 tionem
716 3882 868 3950 petii,
900 3881 1076 3937 donec
1105 3884 1316 3939 veniret
1345 3887 1634 3956 episcopus
1660 3888 2056 3956 Antiocltenus,

477 3975 534 4020 et
585 3969 885 4023 noluerunt
935 3972 1272 4038 concedere,
1322 3989 1448 4028 cum
1497 3984 1677 4030 tamen
1724 3989 2059 4034 memoratus

478 4059 861 4114 sanctissimus
906 4063 1197 4131 episcopus
1231 4064 1470 4119 Joannes
1503 4068 1691 4121 venire
1731 4081 2054 4124 recusasset.

477 4148 610 4202 Nam
645 4150 690 4203 si
725 4151 917 4205 adesse
950 4152 1231 4216 voluisset,
1259 4169 1518 4222 quorsum
1554 4158 1818 4226 pertinuit
1862 4169 1923 4214 ut
1960 4177 2058 4231 per

479 4255 610 4294 suos
665 4241 956 4310 episcopos
1013 4243 1348 4313 significaret
1391 4264 1404 4298 :
1451 4245 1506 4300 Si
1559 4248 1877 4316 tardavero,
1937 4269 2058 4322 quae

2184 445 2338 514 παρά
2381 447 2478 515 τῆς
2523 443 2679 511 ἁγίας
2730 443 2970 506 συνόδου,
3009 443 3170 496 πάλιν
3214 441 3575 511 πεμφθέντων
3615 441 3753 510 πρὸς

2182 535 2346 588 αὑτὸν
2395 533 2832 587 θεοσεϐεστάτων
2890 533 3224 587 ἐπισκόπων.
3295 533 3352 584 '0
3406 531 3463 584 δέ
3516 533 3750 603 πρᾶγμα

2177 624 2344 677 ποιῶν
2373 624 2592 687 ἄτοπον,
2626 623 2963 694 στρατιώτας
2988 622 3169 675 λαϐὼν
3200 621 3350 691 παρά
3385 622 3480 674 τοῦ
3515 623 3752 692 μεγαλο-

2178 713 2560 784 πρεπεστάτου
2627 713 2868 783 κόμητος
2926 711 3312 776 Κανδιδιανοῦ,
3381 711 3577 780 ἔστησε
3641 713 3750 781 πρὸ

2174 805 2271 873 τῆς
2309 804 2486 867 οίκίας
2515 804 2699 868 αὑτοῦ,
2731 806 2868 874 μετά
2905 805 3156 874 ῥοπάλων
3183 803 3405 856 κωλύων
3432 805 3444 852 Ι
3486 803 3751 856 εἰσελθεῖν

2173 911 2294 947 τινα
2334 895 2469 964 πρὸς
2513 896 2695 947 αὑτόν.
2757 896 2842 958 Ὠς
2891 896 2947 947 δὲ
2995 895 3262 965 ἐπέμενον
3315 895 3364 946 οἱ
3403 895 3749 962 πεμφθέντες

2174 986 2467 1053 ἁγιώτατοι
2518 988 2829 1047 ἐπίσκοποι,
2881 988 3150 1054 λέγοντες,
3191 989 3272 1039 ὅτι
3311 987 3476 1038 Οὐδὲν
3510 987 3748 1056 χαλεπὸν

2172 1076 2405 1147 ῆλθομεν
2423 1081 2626 1146 εἰπεῖν,
2663 1078 2694 1148 ἢ
2729 1077 2979 1141 ἀκοῦσαι,
3022 1079 3136 1130 ἀλλ’
3166 1080 3199 1147 ή
3233 1077 3360 1144 ἁγία
3389 1077 3603 1139 σύνοδος
3649 1077 3748 1130 αύ-

2170 1167 2260 1220 τὸν
2294 1168 2478 1231 καλεῖ,
2518 1169 2792 1238 ἀφορμαῖς
2822 1169 3084 1240 ἐκέχρητο
3118 1169 3416 1238 διαφόροις,
3442 1169 3516 1230 ὡς
3553 1167 3627 1236 μὴ
3661 1168 3750 1220 θέ-

2169 1257 2276 1310 λων
2319 1258 2592 1311 ἀνελθεῖνσ
2632 1261 2933 1328 ἐπέπληττε
2980 1261 3087 1329 γὰρ
3119 1258 3266 1328 αὑτῷ
3316 1259 3341 1298 lt
3395 1260 3453 1310 τὸ
3485 1259 3741 1322 συνειδὸς.

2168 1346 2300 1401 Εἶτα
2343 1351 2662 1419 κεχρήμεθα
2695 1353 2788 1404 καὶ
2829 1353 2997 1424 τρίτῳ
3048 1350 3594 1421 παραναγνωστικῷτ
3648 1351 3746 1403 καὶ

2168 1441 2330 1494 πάλιν
2362 1443 2720 1511 πεμφθέντων
2747 1445 3062 1496 ἐπισκόπων
3104 1444 3236 1513 πρὸς
3265 1443 3428 1495 αὑτὸν
3458 1444 3521 1494 ἐκ
3550 1441 3741 1511 διαφό-

2170 1549 2277 1601 ρων
2312 1533 2612 1602 ἐπαρχιῶν,
2646 1535 2806 1588 πάλιν
2832 1538 2897 1605 τῇ
2938 1534 3046 1586 τῶν
3079 1534 3428 1603 στρατιωτῶν
3465 1535 3743 1607 ἐχρήσατο

2169 1620 2288 1689 βία,
2317 1623 2412 1673 καὶ
2441 1623 2540 1674 οὑκ
2572 1622 2834 1692 ἠθέλησεν
2871 1624 3062 1675 ἐλθεῖν.
3100 1621 3444 1675 Καθεσθεῖσα
3488 1622 3665 1673 τοίνυν
3705 1622 3738 1691 ή

2099 1697 2137 1768 ﬂ
2167 1711 2300 1778 ἁγία
2324 1712 2558 1775 σύνοδος,
2589 1715 2682 1766 καὶ
2703 1714 3116 1784 ἀκολουθήσασα
3144 1715 3256 1776 τοῖς
3278 1714 3376 1782 τῆς
3411 1713 3738 1782 Ἐκκλησξας

2167 1801 2420 1871 θεσμοῖς,
2467 1803 2562 1854 καὶ
2598 1802 2908 1870 ἀναγνοῦσα
2935 1804 3036 1866 τὰς
3077 1803 3367 1864 ἐπιστολὰς
3397 1803 3559 1855 αὑτοῦ
3585 1843 3600 1868 ,
3643 1805 3740 1856 καὶ

2165 1891 2265 1954 τάς
2293 1891 2618 1962 ἐξηγήσεις,
2664 1895 2758 1946 καὶ
2787 1894 3022 1964 εὑροῦσα
3063 1893 3385 1963 δυσφημιῶν
3431 1893 3597 1955 αὑτὰς
3636 1910 3737 1962 με-

2167 1983 2319 2046 στὰς,
2354 1985 2821 2056 μαρτυρησάντων
2850 1985 2907 2037 δὲ
2944 1985 3037 2037 καὶ
3075 1985 3362 2054 ἐπισήμων
3397 1984 3488 2036 καὶ
3519 1983 3738 2035 εὑλαδε-

2165 2077 2375 2129 στάτων
2406 2077 2719 2130 ἐπισκόπων
2769 2076 3201 2147 μητροπολιτῶν,
3247 2077 3329 2129 ὅτι
3381 2077 3440 2128 ἐν
3469 2075 3606 2145 αὑτῇ
3665 2076 3734 2144 τῇ

2177 2166 2461 2234 Ἐφεσίων,
2490 2167 2584 2220 καὶ
2607 2168 2743 2238 πρὸς
2768 2169 2914 2238 ἡμᾶς
2941 2167 3338 2237 διαλεγόμενος,
3371 2167 3557 2235 σαφῶς
3585 2166 3738 2237 εἴρη-

2163 2273 2257 2308 κεν
2278 2257 2359 2310 ὃτι
2383 2257 2482 2309 οὑκ
2511 2257 2625 2310 ἐστι
2656 2259 2790 2320 Θεὸς
2821 2260 2849 2310 ὁ
2892 2258 3120 2328 Ἰησοῦς,
3151 2258 3398 2310 καθεῖλεν
3421 2258 3604 2321 αὑτὸν,
3639 2257 3736 2310 καὶ

2163 2345 2378 2400 δικαίαν
2437 2348 2530 2400 καὶ
2613 2348 2836 2417 ἔννομον
2896 2349 2996 2418 τὴν
3054 2348 3232 2420 ψῆφον
3292 2348 3553 2419 ἐξήνεγκε
3611 2348 3736 2402 κατ’

2165 2453 2350 2492 αυτου.

2121 2537 2404 2602 negasset,
2449 2529 2626 2599 ipsum
2669 2530 2925 2600 deposuit
2971 2546 3035 2588 ac
3077 2533 3278 2604 justam
3326 2531 3739 2604 legitimamque

2248 2710 2466 2782 Ἐπειδὴ
2502 2711 2558 2764 δέ
2598 2707 2665 2783 ῆν
2697 2711 3026 2780 ἀναγκαῖον,
3056 2711 3230 2766 ταῦτα
3265 2712 3409 2767 αὐτὰ
3457 2714 3738 2785 μαθοῦσαν

2162 2800 2262 2871 τὴν
2309 2801 2582 2872 ὑμετέραν
2615 2801 2943 2866 θεοσέϐειαν,
2979 2802 3185 2867 διδάξαι
3222 2802 3316 2866 οὓς
3346 2801 3452 2875 χρὴ
3501 2805 3739 2874 μάλιστα

2163 2891 2302 2946 αὑτά
2335 2892 2545 2960 μαθεῖν,
2575 2892 2663 2944 ἵνα
2694 2893 2768 2962 μὴ
2805 2894 3132 2966 συναρπάζῃ
3173 2894 3206 2965 ἢ
3240 2893 3425 2958 αὑτὸς,
3465 2894 3497 2965 ἢ
3536 2897 3586 2948 οἱ
3635 2914 3734 2950 συε-

2164 2984 2558 3047 σπουδάζοντες
2607 2983 2774 3052 αὑτῷ,
2817 2985 2990 3038 ταῦτα
3048 2987 3364 3054 ἀναγκαίως
3421 2989 3733 3060 μεμήνυκα.

2167 3075 2405 3146 ’Έχομεν
2431 3078 2486 3130 δέ
2511 3080 2600 3131 καὶ
2630 3079 2726 3132 τοῦ
2747 3080 3164 3136 θεοσεϐεστάτου
3195 3083 3292 3136 καὶ
3319 3083 3737 3151 θεοφιλεστάτου

2160 3169 2460 3222 ἐπισκόπου
2509 3171 2757 3224 Ἰωάννου
2806 3174 3092 3244 ἐπιστολὴν
3141 3178 3446 3245 γραφεῖσαν
3475 3175 3611 3248 πρὸς
3640 3179 3740 3230 αὑ-

2158 3259 2280 3324 τὸν,
2330 3259 2398 3311 δι’
2429 3253 2496 3330 ἦς
2539 3261 2741 3332 σφόδρα
2786 3263 2938 3333 αὑτῷ
2986 3266 3212 3336 ἐπιτιμᾷ
3235 3305 3250 3327 ,
3284 3265 3358 3326 ὼς
3389 3267 3548 3319 καινὰ
3569 3305 3584 3329 ,
3640 3268 3737 3320 καὶ

2159 3351 2328 3420 ἀσεϐῆ
2385 3351 2630 3420 δόγματα
2671 3355 3033 3422 εἰσενεγκόντι
3079 3357 3158 3419 είς
3210 3355 3309 3418 τὰς
3369 3355 3732 3421 Ἐκκλησίας,

2160 3446 2254 3495 καὶ
2287 3442 2616 3512 παραλύοντι
2655 3444 2716 3497 τὸ
2743 3445 3000 3516 κήρυγμα
3033 3446 3094 3498 τὸ
3131 3447 3195 3499 ἐκ
3225 3446 3333 3499 τῶν
3368 3448 3539 3515 ἁγίων
3572 3445 3737 3516 εὐαγ-

2159 3530 2421 3598 γελιστῶν
2458 3531 2476 3570 1
2509 3533 2606 3586 καὶ¹
2642 3535 2954 3587 ἀποστόλων
2999 3536 3300 3606 παραδοθὲν
3348 3540 3468 3601 ταῖς
3511 3539 3737 3609 Ἐκκλη-

2161 3620 2324 3682 σέαις.
2389 3621 2603 3692 Ἐπειδὴ
2652 3622 2707 3675 δὲ
2749 3623 2898 3677 οὐδὲν
2936 3624 3161 3678 δύναται
3211 3627 3348 3696 πρὸς
3382 3628 3480 3691 τὰς
3530 3627 3732 3682 ἐαυτοῦ

2158 3708 2473 3780 δυσφημίας
2531 3713 2732 3775 εἰπεῖν,
2785 3715 3181 3786 προφασίζεται
3233 3717 3313 3770 ὅτι
3373 3720 3735 3790 Παρεκόιλεσα

2160 3800 2371 3872 ἡμέρας
2405 3802 2676 3874 τέσσαρας
2722 3805 3085 3876 ὑπερτεθῆναι
3115 3809 3221 3872 ἕως
3260 3809 3327 3862 ἂν
3354 3804 3734 3882 παραγένῆται

2157 3892 2186 3944 ὁ
2216 3892 2316 3961 τῆς
2367 3893 2682 3965 Ἀντιοχέων
2729 3896 3046 3961 ἐπίσκοπος,
3086 3901 3181 3951 καὶ
3223 3900 3325 3952 οὑκ
3367 3899 3690 3954 ἐνδεδὼκασι
3714 3941 3732 3968 ,

2159 3982 2336 4036 καίτοι
2367 3984 2459 4038 τοῦ
2489 3986 2953 4057 μνημονευθέντος
3001 3989 3248 4042 Ἰωάννου
3275 3991 3579 4058 ἀγιωτάτου
3609 3993 3732 4045 ἐπι-

2160 4074 2365 4126 σκόπου
2414 4079 2895 4148 παραιτησαμένου
2938 4079 3036 4150 τὴν
3078 4079 3283 4148 ἄφιξιν.
3328 4080 3537 4151 Εμγάρ
3569 4081 3732 4152 ἤθελε

2157 4167 2448 4233 παρεῖναι,
2477 4165 2564 4218 διὰ
2596 4169 2648 4219 τί
2682 4171 2921 4238 ἐμήνυσε
2950 4169 3042 4222 διά
3071 4169 3181 4223 τῶν
3223 4170 3327 4222 ὑπὸ
3371 4173 3528 4241 χεῖρα
3561 4170 3728 4224 αὑτοῦ

2157 4253 2495 4319 ἐπισκόπων,
2519 4256 2600 4308 ὅτι
2625 4258 2748 4310 Ἐἀν
2780 4258 3044 4328 βραδύνω,
3072 4260 3338 4329 πράττετε
3363 4261 3392 4313 ὃ
3419 4262 3686 4331 πράττετε
3712 4280 3728 4330 ;

480 4329 677 4384 facturi
703 4331 855 4394 estis,
890 4332 1083 4387 facite?
1106 4334 1291 4388 Noluit
1321 4336 1488 4400 enim,
1515 4346 1576 4390 ut
1600 4338 1734 4403 dixi,
1765 4341 2049 4408 interesse,

2171 4341 2254 4406 Ὠς
2287 4343 2396 4414 γὰρ
2423 4345 2579 4415 ἔφην,
2602 4349 2702 4403 οὐκ
2723 4348 2953 4418 ἠθέλησε
2968 4353 3250 4420 παρεῖναι,
3285 4329 3571 4415 εἰδὼςξὸτι
3596 4329 3730 4405 πανέ-

481 4419 660 4474 scicns
692 4419 806 4475 fore
849 4431 909 4476 ut
943 4432 1129 4478 saneta
1169 4426 1408 4496 synodus
1436 4427 1795 4497 depositionis
1834 4444 2050 4488 senten-

480 4511 612 4563 tiam
645 4511 700 4564 in
727 4511 1060 4578 Nestorium,
1091 4517 1182 4584 qui
1223 4516 1487 4573 adversus
1518 4521 1762 4574 omnium
1797 4533 2047 4579 nostrum

481 4599 819 4656 Salvatorem
868 4603 1144 4659 Christum
1193 4607 1358 4678 impia
1408 4610 1834 4682 blasphemaque
1881 4618 2047 4672 verba

479 4695 802 4760 protulerat,
827 4697 1049 4752 omnino
1086 4698 1270 4754 ferret.
1307 4701 1574 4766 Quoniam
1617 4720 1769 4770 vero,
1797 4716 1857 4761 ut
1893 4709 2051 4764 intel—

481 4783 610 4847 lexi,
644 4786 940 4842 relationes
975 4805 1004 4842 a
1040 4791 1581 4861 magniﬁcentissimo
1622 4798 1822 4854 comite
1857 4799 2056 4855 Candi-

479 4872 644 4929 diano
687 4877 880 4936 delata:
921 4891 1077 4945 sunt,
1123 4883 1268 4937 cauti
1316 4900 1379 4939 ac
1420 4887 1706 4956 vigilantes
1746 4900 1949 4956 estote,
1990 4908 2053 4947 ac

479 4963 690 5030 docete,
710 4974 1133 5028 commentarios
1160 4990 1342 5028 rerum
1363 4976 1417 5030 in
1449 4978 1687 5035 Ncstorii
1711 4982 2050 5053 depositione

480 5065 754 5126 gestarum
786 5065 1030 5118 nondum
1058 5065 1293 5134 perfecte
1327 5061 1666 5137 conscriptos
1696 5085 1816 5125 esse
1853 5091 1866 5125 :
1905 5074 2048 5128 unde

478 5160 548 5198 ne
593 5145 658 5198 ad
698 5147 983 5219 religiosos
1028 5154 1250 5223 quidem
1294 5155 1638 5226 victoresque
1689 5159 2048 5230 imperatores

480 5243 695 5288 nostros
733 5239 1074 5307 relationem,
1105 5262 1226 5315 qua:
1245 5244 1384 5300 mitti
1416 5246 1598 5311 debet,
1624 5247 1804 5305 adhuc
1825 5253 2047 5312 mittere

480 5322 758 5391 potuimus
783 5344 796 5378 :
823 5335 896 5394 at,
921 5332 1032 5388 Deo
1058 5335 1198 5391 bene
1224 5336 1457 5403 favente,
1483 5353 1588 5392 una
1610 5353 1732 5394 cum
1761 5357 2045 5402 commen-

2156 4451 2264 4497 τως
2310 4436 2504 4507 ήάγία
2552 4437 2767 4502 σύνοδος
2817 4439 3244 4509 καταψηφιεῖται
3289 4443 3584 4513 Νεστορίου
3627 4445 3730 4512 τήν

2157 4526 2496 4597 καθαίρεσιν,
2530 4528 2606 4592 ὡς
2628 4529 2799 4598 ἀσεϐῆ
2828 4531 2921 4584 καὶ
2948 4531 3210 4602 δύσφημα
3239 4533 3570 4604 λαλήσαντος
3585 4536 3727 4588 κατὰ

2154 4617 2246 4670 τοῦ
2284 4619 2501 4671 πάντων
2540 4621 2697 4689 ήμῶν
2731 4622 2984 4692 Σωτῆρος
3018 4625 3276 4694 Χριστοῦ.
3328 4627 3480 4678 Ἐπεὶ
3503 4623 3616 4690 οὗν,
3651 4629 3727 4693 ὼς

2154 4709 2377 4779 ἔμαθον,
2413 4711 2786 4782 ἀνηνέχθησαν
2831 4715 3101 4786 ἀναφοραὶ
3149 4717 3299 4788 παρά
3348 4717 3442 4770 τοῦ
3493 4720 3728 4786 μεγαλο-

2156 4803 2534 4872 πρεπεστάτου
2561 4805 2801 4875 κόμητος
2832 4807 3207 4871 Κανδιδιανοῦ,
3227 4811 3431 4880 νήψατε
3453 4812 3729 4866 διδάσκον-

2152 4907 2273 4957 τες,
2305 4893 2386 4946 ὅτι
2425 4891 2578 4946 οὔπω
2611 4893 2678 4947 τὰ
2705 4895 3072 4966 ὑπομνήματα
3092 4938 3107 4962 ,
3135 4899 3205 4952 τὰ
3235 4902 3601 4972 πεπραγμένα
3631 4903 3726 4956 ἐπὶ

2152 4985 2218 5052 τῇ
2253 4983 2569 5054 καθαιρέσει
2599 4984 2762 5038 αὑτοῦ
2785 5027 2800 5048 ,
2838 4987 3229 5060 ἐτελειώθησαν
3264 4993 3322 5044 ἐν
3351 4993 3578 5063 χάρταις
3601 5009 3615 5022 ο
3645 4992 3727 5045 διὸ

2151 5074 2253 5127 οὑκ
2293 5073 2656 5146 ἠδυνήθημεν,
2709 5075 2833 5130 οὔτε
2883 5078 2979 5149 τὴν
3015 5082 3293 5152 ἀναφορὰν
3343 5084 3592 5154 πέμψαι,
3622 5084 3726 5154 τὴν

2155 5165 2472 5234 ὀφείλουσαν
2504 5170 2815 5238 πεμφθῆναι
2842 5171 2977 5241 πρὸς
3005 5175 3129 5236 τοὺς
3152 5175 3391 5240 εὐσεϐεῖς
3444 5176 3536 5229 καὶ
3572 5194 3727 5246 νικη-

2153 5258 2250 5321 τὰς
2275 5259 2431 5328 ἡμῶν
2462 5259 2702 5330 βασιλεῖς
2727 5276 2738 5288 ·
2775 5263 2871 5314 σὺν
2896 5264 3013 5334 Θεῷ
3039 5264 3095 5317 δέ
3120 5267 3314 5332 είπεῖν,
3350 5267 3726 5338 καταλήψεται

2153 5351 2186 5421 ή
2233 5352 2484 5422 ἀναφορὰ
2509 5351 2649 5423 μετά
2693 5353 2800 5407 τῶν
2830 5353 3253 5428 ὑπομνημάτων,
3290 5359 3358 5412 ἂν
3401 5361 3540 5422 τέως
3586 5361 3724 5429 ἡμῖν

1565 5503 1737 5562 Variae
1757 5507 2019 5568 lectiones
2041 5513 2247 5573 codicis
2268 5515 2626 5589 Seguicriani.

526 5591 542 5640 ί
587 5593 902 5657 κωλύονται.
978 5604 1002 5642 ⁸
1045 5607 1224 5663 αὐτόν.
1309 5613 1328 5651 ι
1366 5617 1649 5688 Πατέρων.
