4028 6208
461 281 563 338 139

1419 270 1474 324 S.
1514 264 1788 323 CYRILLI
1827 262 2296 318 ALEXANDRINI
2331 261 2648 338 ARCHIEP.

3615 260 3712 315 ΗΘ

461 397 512 451 id
542 410 642 450 usu
668 390 857 451 venire
888 390 1191 450 videamus,
1233 401 1362 442 cum
1398 385 1566 439 etiam
1588 382 1836 454 vulgaria
1866 391 1921 437 et
1953 383 2041 435 in-

2149 381 2232 434 ’ότε
2259 381 2354 434 καὶ
2383 380 2450 433 τά
2480 378 2656 442 κοινὰ,
2688 377 2782 431 καὶ
2807 377 2874 430 τά
2909 376 3170 440 κάτωθεν,
3198 376 3293 431 καὶ
3320 376 3590 448 μερίμνης
3621 379 3716 446 γέ-

461 486 660 541 feriora
687 499 795 537 non
822 481 939 536 sine
964 480 1150 533 labore
1174 476 1433 546 cuipiam,
1477 490 1579 529 nee
1599 474 1737 529 citra
1763 472 2042 527 molestias

457 588 514 632 et
536 591 698 633 curas
721 573 1004 643 obtingere
1034 568 1538 639 deprehendantur.
1553 567 1754 622 Verum
1775 565 1927 619 inter
1942 564 2044 617 hes

459 669 672 722 labores
702 665 885 719 dicere
918 662 1244 716 didicimus:
1278 679 1295 710 ι
1320 659 1564 713 Viriliter
1594 673 1712 729 age,
1734 665 1790 712 et
1822 656 2040 712 confor-

461 769 608 813 tetur
660 772 756 810 cor
805 762 994 816 tuum,
1045 761 1102 806 et
1152 750 1360 804 sustine
1403 750 1692 803 Dominum
1711 749 1824 801 9’.»
1879 747 2043 802 Certo

459 864 698 918 namque
731 854 1065 916 persuasum’
1097 843 1363 897 habemus
1398 848 1628 894 conatus
1670 840 1736 893 ad
1781 838 2042 893 virtutem

460 943 772 1007 spectantes
822 934 1118 1004 gloriosum
1171 933 1407 986 fructum
1463 930 1793 993 sortituros,
1831 943 2042 997 nosque

461 1028 724 1099 spiritalis
758 1025 1097 1081 fortitudinis
1124 1039 1344 1086 munus,
1380 1023 1693 1076 mercedem
1728 1037 1849 1091 qum
1879 1038 1909 1075 a
1931 1022 2043 1096 Deo

462 1122 744 1184 redditur,
777 1128 1111 1190 reperturos.
1172 1115 1406 1171 Proinde
1440 1115 1866 1185 impurissimam
1895 1114 2043 1167 illam

463 1213 740 1276 hieresim,
761 1227 881 1282 qum
897 1219 1084 1266 contra
1105 1217 1275 1263 totum
1300 1215 1574 1262 terrarum
1592 1207 1784 1261 orbem
1799 1221 1917 1261 sese
1932 1210 2042 1276 jam

462 1301 725 1361 extollere
757 1310 1084 1366 tentavcrat,
1121 1314 1406 1369 cornuque
1436 1298 1491 1352 in
1518 1298 1688 1353 altum
1712 1307 1900 1353 erecto
1934 1297 2042 1350 ini-

463 1395 727 1466 quitatem
747 1399 936 1446 contra
949 1391 1119 1444 Deum
1141 1388 1469 1458 loquebatur
1481 1386 1670 1457 ",ipse
1695 1386 1841 1440 Deus
1853 1385 2043 1439 demo-

465 1488 595 1542 litus
624 1492 788 1548 est,et
810 1483 962 1538 velut
987 1481 1258 1535 ﬂammam
1278 1480 1592 1551 quampiam
1613 1485 1763 1533 recta
1784 1477 2043 1532 Ecclesise

464 1580 717 1649 dogmata
746 1575 1040 1645 depascere
1088 1573 1389 1637 volentem,
1418 1570 1764 1642 unigenitum
1784 1567 1883 1623 Dei
1905 1568 2041 1622 Ver-

465 1672 595 1725 bum
622 1667 916 1732 exstinxit;
943 1666 1120 1736 ipsum
1145 1666 1295 1720 illius
1318 1667 1660 1720 inventorem
1681 1669 1738 1717 et
1761 1669 2042 1716 auctorem

462 1768 794 1830 prostratum
812 1767 1264 1828 enervatumqne,
1284 1773 1380 1828 per
1395 1765 1597 1811 sanctae
1611 1753 1804 1825 synodi
1819 1759 2042 1807 senten-
2078 1735 2118 1787 Β

463 1851 592 1905 tiam
622 1866 652 1904 a
679 1849 987 1905 sacerdotio
1021 1864 1312 1904 semovens
1335 1865 1347 1902 :
1374 1848 1558 1918 itaque
1579 1844 1690 1900 laeti
1719 1845 1831 1916 jam
1857 1842 2044 1897 dicere

463 1956 751 2010 possumus
775 1958 786 1994 :
818 1959 836 1990 ‹
864 1938 1229 2010 Magniﬁcavit
1248 1937 1513 1992 Dominus
1535 1935 1712 1990 facere
1733 1932 2041 1995 nobiscum,

462 2033 588 2085 facti
613 2048 804 2086 sumus
834 2031 1082 2086 lmtantes
1099 2032 1166 2082 ⁸⁵.
1191 2048 1209 2080 ι
1240 2028 1527 2083 Gaudeant
1547 2026 1696 2081 enim
1721 2023 1918 2078 merito
1943 2022 2043 2076 do-

463 2132 646 2176 clores
692 2138 756 2177 ac
812 2121 1000 2193 populi
1042 2120 1232 2185 duces,
1267 2121 1429 2175 ﬁdem
1457 2127 1662 2172 rectam
1696 2131 1816 2172 esse
1841 2114 2043 2169 contir-

465 2223 664 2268 matam
690 2254 705 2278 ,
762 2223 819 2269 et
861 2214 1065 2284 ubique
1113 2211 1377 2267 celebrari
1425 2209 1672 2263 omnium
1707 2206 2043 2262 Salvatorem

463 2313 517 2358 et
567 2305 738 2358 Deum
760 2345 773 2368 ,
824 2303 1148 2375 Satanajam
1177 2317 1515 2372 compresso,
1544 2315 1605 2354 ac
1628 2297 1901 2353 scandalis
1923 2311 2046 2366 qure

465 2395 838 2450 concitaverat
884 2395 1136 2459 sublatis,
1181 2393 1539 2462 veritatisque
1571 2389 1916 2460 dogmatibus
1952 2386 2049 2440 ad-

465 2503 658 2541 versus
698 2486 1043 2542 mendacium
1085 2485 1314 2540 victoria
1343 2483 1557 2554 potitis,
1595 2482 1668 2536 ita
1695 2488 1756 2535 ut
1783 2481 1893 2552 jam
1925 2494 2045 2532 om-

467 2591 565 2631 nes
602 2591 712 2630 uno
738 2592 834 2631 ore
862 2585 919 2631 et
940 2593 1046 2630 una
1069 2591 1200 2630 voce
1221 2575 1471 2629 dicamus
1495 2593 1506 2627 :
1541 2593 1558 2624 ι
1582 2573 1736 2630 Unus
1757 2573 2044 2636 Dominus,

469 2683 580 2723 una
620 2667 783 2731 ﬁdes,
841 2683 1009 2720 unum
1062 2666 1442 2736 baptisma95.»
1484 2664 1610 2719 Haec
1630 2662 1852 2732 quidem
1885 2662 2049 2716 etiam

471 2774 616 2814 nunc
655 2767 909 2828 tanquam
938 2758 1063 2812 ﬁliis
1089 2757 1396 2828 perscribo,
1430 2754 1775 2810 admirabilia
1807 2753 2053 2808 Salvato-

469 2854 543 2908 ris
585 2855 758 2909 nostri
799 2869 966 2922 opera
995 2868 1307 2916 recensens,
1338 2861 1398 2906 ut
1424 2850 1752 2921 prolixiores
1783 2848 1849 2903 ad
1877 2849 2049 2903 Deum

470 2960 663 3014 preces
709 2945 984 3002 fundatis.
1040 2960 1150 3013 quo
1204 2944 1298 2998 illo
1339 2943 1559 2998 tandem
1607 2942 1907 3015 aspirante,
1959 2941 2048 2995 in-

2147 491 2259 543 μει,
2289 474 2386 526 καὶ
2409 471 2498 525 διά
2532 471 2708 523 πόνων
2735 469 2976 539 ἔρχεται.
3015 467 3175 521 Ἀλλά
3213 469 3307 522 καὶ
3339 470 3396 521 ὲν
3429 467 3506 539 τῷ
3535 471 3716 522 πονεῖν

2143 563 2500 635 δεδιδάγμεθα
2531 563 2712 631 λέγειν
2734 579 2750 594 ο
2780 581 2799 613 ι
2854 561 3128 632 Ἀνδρίζου
3149 576 3171 623 ,·
3211 562 3720 631 καὶ·κραταιούσθω

2143 659 2178 726 ὴ
2209 656 2404 728 καρδία
2429 672 2544 718 σου,
2567 655 2663 707 καὶ
2687 653 2982 724 ὑπόμεινον
3011 652 3101 705 τδν
3126 653 3349 723 Κύριον.
3388 673 3406 704 ι
3439 653 3722 725 Τεθαρσή-

2143 764 2320 818 καμεν
2345 745 2476 818 γὰρ,
2500 746 2580 798 ὄτι
2603 745 2815 816 καρπὸς
2833 743 3060 814 εὐκλεὴς
3086 747 3198 808 τοῖς
3216 744 3295 806 είς
3318 743 3518 815 ἀρετὴν
3551 755 3718 797 σπου-

2143 839 2412 908 δάσμασιν
2455 837 2681 899 ἕπεται,
2709 836 2808 888 καὶ
2844 835 3222 904 πνευματικῆς
3252 834 3505 904 ἀνδρείας
3542 835 3720 902 ξένιον

2145 931 2449 1000 εὑρήσομεν
2490 927 2580 980 τὸν
2622 927 2775 998 παρά
2812 925 2947 979 Θεοῦ
3001 924 3214 995 μισθόν.
3266 925 3491 995 Αἴρεσιν
3537 927 3721 980 τοίνυν

2149 1019 2523 1092 μιαρωτάτην,
2569 1018 2999 1088 ἐπιχειρήσασαν
3029 1017 3130 1087 ⁴ήδη
3167 1017 3308 1070 κατά
3347 1017 3528 1088 πάσης
3566 1021 3720 1090 αἴρε-

2147 1115 2271 1168 σθαι
2299 1114 2400 1184 τῆς
2427 1112 2518 1166 ὑπ’
2552 1110 2778 1182 οὐρανὸν
2812 1109 2907 1162 καὶ
2939 1107 3300 1178 ἀνυψώσασαν
3333 1115 3357 1142 °
3387 1111 3468 1172 είς
3492 1109 3625 1179 ὕψος
3659 1109 3720 1163 τὸ

2145 1207 2334 1278 κέρας,
2361 1204 2456 1258 κα)⁸
2500 1202 2769 1256 λαλοῦσαν
2797 1200 3010 1255 ἀδικίαν
3048 1200 3190 1254 κατά
3222 1199 3317 1252 τοῦ
3347 1199 3505 1263 Θεοῦ,
3545 1201 3721 1255 καθεῖ-

2144 1301 2237 1354 λεν
2285 1299 2451 1360 αύτὸς
2474 1338 2489 1363 ,
2531 1297 2628 1352 καὶ
2663 1291 2861 1367 οἷάπερ
2890 1295 3083 1364 φλόγα,
3117 1299 3510 1367 κατεμπρῆσαι
3540 1297 3726 1351 θέλουο

2149 1409 2245 1446 σαν
2273 1393 2341 1446 τὰ
2356 1391 2492 1463 ὀρθά
2525 1391 2622 1462 τῆς
2671 1389 2995 1461 Ἐκκλησίας
3021 1388 3266 1460 δόγματα
3293 1430 3308 1451 ,
3342 1389 3669 1443 κατέσϐεσεν
3696 1393 3725 1444 ὀ

2150 1484 2444 1555 μονογενὴς
2467 1483 2561 1536 τοῦ
2593 1482 2730 1535 Θεοῦ
2765 1482 2956 1551 Λόγος,
2991 1481 3082 1535 τὸν
3107 1481 3310 1551 ταύτης
3344 1483 3574 1554 εὑρετὴν
3631 1484 3724 1535 καὶ

2148 1575 2363 1645 πατέρα
2425 1575 2786 1646 καταργήσας
2816 1591 2875 1626 τε
2914 1573 3072 1645 ὁμοῦ,
3099 1573 3191 1626 καὶ
3220 1573 3432 1637 παύσας
3457 1575 3552 1645 τῆς
3579 1576 3727 1647 ἱερω-

2147 1663 2333 1734 σύνης,
2352 1663 2520 1735 ψήφῳ
2544 1663 2645 1733 τῆς
2673 1663 2837 1732 ἁγίας
2863 1663 3079 1716 συνόδου
3107 1679 3120 1691 ο
3149 1662 3288 1715 ὥστε
3321 1665 3414 1716 καὶ
3433 1664 3724 1734 χαίροντας

2149 1758 2296 1828 ἡμᾶς
2320 1756 2528 1822 λέγειν·
2564 1775 2582 1807 ι
2638 1755 2967 1826 Ἐμεγάλυνε
2998 1753 3202 1825 Κύριος
3231 1754 3324 1807 τοῦ
3358 1756 3578 1826 ποιῆσαι
3603 1756 3726 1826 μεθ’

2151 1846 2344 1917 ήμῶν,
2383 1845 2726 1917 ἐγενήθημεν
2765 1847 3199 1918 εὐφραινόμενοι.
3259 1866 3277 1898 ›
3321 1847 3565 1917 Εὑθυμία
3616 1850 3725 1919 γὰρ

2151 1939 2246 1991 καὶ
2278 1937 2644 2017 διδασκάλοις,
2673 1939 2769 1992 καὶ
2801 1941 2916 2002 τοῖς
2970 1938 3115 1993 λαῶν
3156 1939 3495 2010 ἡγουμένοις,
3539 1939 3599 1992 τὸ
3627 1941 3724 2010 τὴν

2150 2027 2317 2099 ὀρθὴν
2350 2027 2713 2098 κρατύνεσθαι
2741 2028 2943 2094 πίστιν,
2976 2027 3070 2082 καὶ
3103 2027 3421 2092 δοξάζεσθαι
3447 2026 3724 2098 πανταχοῦ

2151 2120 2242 2172 τὸν
2265 2120 2375 2172 τῶν
2401 2119 2539 2172 ὅλων
2567 2118 2794 2189 Σωτῆρα
2839 2120 2934 2172 καὶ
2972 2119 3124 2182 Θεὸν,
3153 2118 3596 2189 καταργουμένου
3629 2116 3723 2170 τοῦ

2151 2211 2388 2271 Σατανᾶ,
2413 2210 2508 2263 καὶ
2532 2209 2892 2281 ἀνῃρημένων
2911 2208 3018 2262 τῶν
3044 2209 3172 2281 παρ’
3203 2210 3367 2263 αὐτοῦ
3392 2209 3723 2271 σκανδάλων,

2152 2301 2381 2356 καὶτῶν
2426 2301 2525 2372 τῆς
2571 2299 2828 2370 ἀληθείας
2859 2299 3146 2371 δογμάτων
3187 2300 3590 2371 κατισχυόντων
3629 2299 3726 2353 τοῦ

2151 2391 2408 2463 ψεύδους·
2441 2392 2526 2445 ἵνα
2555 2392 2758 2456 πάντες
2799 2390 2860 2455 ἐξ
2899 2401 2927 2440 P
2968 2391 3086 2455 ἑνὸς
3120 2392 3385 2461 στόματος
3429 2389 3730 2460 ὁμοφώνως

2153 2471 2434 2554 λέγωμεν·
2472 2502 2489 2533 ι
2529 2475 2626 2546 Εἷς
2645 2483 2872 2554 Κύριος,
2901 2484 3000 2553 μία
3030 2483 3233 2546 πίστις,
3268 2481 3326 2536 ἓν
3359 2481 3658 2552 βάπτισμα.
3704 2500 3723 2532 ι

2155 2576 2340 2630 Ταῦτα
2373 2575 2469 2629 καὶ
2494 2573 2588 2628 νῦν
2610 2575 2686 2638 ὡς
2716 2575 2928 2636 τέκνοις
2956 2575 3184 2644 γράφω,
3218 2573 3287 2626 τά
3321 2571 3600 2642 παράδοξα
3633 2571 3728 2624 τοῦ

2158 2667 2406 2738 Σωτῆρος
2437 2666 2794 2737 διηγούμενος
2814 2681 2828 2694 ⁸
2862 2666 2949 2718 ἵνα
2981 2665 3366 2734 ὲκτενεστέρας
3400 2663 3591 2733 ποιῆτε
3629 2662 3729 2725 τάς

2158 2758 2466 2829 προσευχάς
2492 2775 2506 2790 θ
2529 2756 2670 2811 ὥστε
2697 2758 2911 2828 ἰσχῦσαι
2944 2756 3080 2828 μετά
3099 2756 3199 2827 τῆς
3225 2754 3318 2808 τοῦ
3344 2753 3480 2808 Θεοῦ
3512 2753 3728 2823 βουλῆς,

2156 2848 2446 2921 χαίροντας
2491 2848 2775 2920 χαίρουσιν
2819 2848 3145 2918 ἀποδοθῆναι
3194 2846 3310 2916 μετ’
3343 2845 3639 2917 εύρωστίας
3674 2855 3724 2896 (ι.

2169 2938 2470 3010 Ἐρρὦθαι
2499 2941 2643 3009 ὑμᾶς
2668 2940 2724 2991 ὲν
2753 2938 2941 3010 Κυρίῳ
2975 2937 3224 3008 εὔχομαι.

470 3037 715 3091 eolumes
760 3037 1173 3108 gaudentcsque
1226 3037 1384 3091 vobis
1425 3038 1794 3109 gaudentibus
1845 3033 2066 3092 restitui
2103 3035 2395 3104 possimus.
2443 3036 2636 3091 Valere
2683 3050 2782 3090 vos
2825 3034 2878 3088 in
2923 3034 3156 3089 Domino
3208 3041 3426 3102 exopto.

1583 3324 1698 3394 39
1731 3324 2068 3380 EPISTOLA
2105 3325 2274 3380 xxv:
2320 3325 2413 3396 (al.
2456 3324 2668 3396 xxn').

1459 3459 1474 3470 ’
1496 3481 1560 3518 an
1589 3481 1788 3520 erueso
1817 3482 1881 3520 an
1917 3481 2119 3521 errans
2143 3481 2492 3521 uomenonuu
2523 3477 2761 3520 scmma.

1785 3605 2042 3675 Ejusdem
2068 3607 2388 3676 argumenti.

536 3738 988 3810 Religiosissimis
1025 3736 1398 3807 piissimisque
1445 3738 1839 3794 monachorum
1872 3741 2046 3795 Patri-

2226 3739 2524 3812 Κύριλλος,
2555 3741 2668 3802 τοῖς
2704 3738 3119 3802 εὐλαϐεστάτοις
3151 3737 3244 3792 καὶ
3284 3737 3728 3806 θεοσεὸεστάτοις

401 3865 406 3868 -
470 3833 595 3895 bus,
613 3829 938 3899 ceterisque
957 3829 1050 3898 qui
1075 3829 1431 3882 monasticam
1452 3829 1617 3883 vitam
1639 3845 1747 3884 una
1763 3831 2049 3887 vobiscum

469 3927 730 3973 exercent
746 3927 804 3973 et
829 3902 1006 3972 in'ﬁde
1027 3917 1122 3971 Dei
1142 3924 1458 3972 constanter
1482 3926 1857 3987 perseverant,
1881 3919 2048 3973 dilec-

473 4013 542 4066 tis
558 4027 621 4065 ac
649 4009 1153 4072 desideratissimis,
1171 4008 1429 4079 Cyrillus,
1455 4009 1510 4062 in
1535 4010 1766 4064 Domino
1792 4011 2044 4065 salutem.

542 4102 806 4156 Domimis
829 4107 1024 4153 noster
1042 4100 1203 4154 .lcsus
1227 4100 1502 4162 Christus,
1529 4115 1559 4153 a
1585 4101 1834 4156 scelestis
1848 4102 2050 4156 Judazis

470 4191 822 4246 contumeliis
867 4190 1118 4254 aﬂ‘ectus,
1155 4191 1372 4256 illusus,
1423 4191 1673 4260 colaphis
1715 4207 1780 4247 ac
1822 4193 2052 4263 ﬂagellis

470 4298 664 4348 emsus,
717 4297 782 4336 ac
806 4291 1084 4352 postremo
1114 4291 1341 4351 propter
1366 4296 1466 4336 nos
1496 4289 1553 4336 et
1579 4297 1679 4350 pro
1704 4283 1866 4338 nobis
1893 4283 2047 4340 cruci

387 4415 392 4424 .
467 4375 681 4440 afﬁxus,
713 4389 838 4428 cum
866 4389 1058 4428 omnes
1079 4374 1134 4428 in
1163 4375 1341 4444 ipsum
1381 4375 1767 4444 delinquentes
1797 4385 1853 4430 et
1882 4377 2049 4448 impia

466 4466 761 4521 adversum
811 4479 871 4518 se
918 4464 1098 4533 capita
1143 4474 1425 4518 moventes
1470 4473 1750 4528 cerneret,
1798 4465 1981 4520 aiebat
2031 4485 2045 4520 :

478 4579 494 4606 ι
515 4558 584 4612 Ει
610 4555 847 4611 sustinui
892 4555 987 4626 qui
1017 4555 1179 4608 simul
1203 4556 1651 4620 contristaretur,
1683 4564 1738 4610 et
1768 4572 1878 4611 non
1907 4557 2045 4624 fuit;

466 4660 523 4704 et
599 4650 984 4713 consolantes,
1061 4656 1118 4702 et
1187 4663 1298 4700 non
1365 4647 1701 4702 inveni“.i
1766 4648 2047 4719 Ejusmodi

468 4741 751 4811 quidpiam
805 4755 953 4794 nunc
1004 4754 1223 4809 quoque
1277 4739 1546 4792 accidisse
1596 4739 1868 4795 videmus.
1935 4741 2048 4794 lmo

468 4847 622 4898 vero,
671 4848 740 4888 ne
788 4833 1006 4887 sincere
1047 4829 1289 4884 ﬁdelium
1327 4829 1504 4883 zelum
1560 4829 1761 4901 injuria
1794 4829 2044 4894 alliciam,

466 4923 737 4996 plurimos
776 4923 988 4987 habuit,
1023 4921 1116 4992 qui
1144 4928 1370 4991 propter
1405 4921 1644 4976 Nestorii
1678 4921 2048 4992 blasphemias

465 5015 630 5071 simul
671 5016 977 5071 contristati
1012 5014 1255 5097 fuerunt,
1309 5029 1622 5083 quanquam
1654 5029 1765 5067 non
1797 5014 2044 5067 omnium

2157 3833 2404 3902 Πατράσι
2434 3833 2683 3901 μοναχοῖς
2703 3829 2834 3901 [τῶν
2870 3829 3164 3901 μοναχῶνῙ,
3203 3831 3295 3883 καὶ
3325 3833 3435 3894 τοῖς
3471 3831 3566 3884 σὺν
3599 3833 3729 3903 ὑμῖν

2154 3924 2244 3975 τὸν
2268 3923 2474 3993 μονήρη
2500 3923 2611 3993 βίον
2645 3922 2893 3986 ἀσκοῦσι,
2921 3923 3012 3975 καὶ
3043 3924 3101 3977 ὲν
3131 3917 3307 3976 πίστει
3337 3923 3471 3976 Θεοῦ
3501 3923 3728 3995 ἱδρυμέ-

2153 4031 2283 4077 νοις,
2306 4015 2610 4087 ἀγαπητοῖς
2634 4015 2728 4068 καὶ
2744 4015 3161 4078 ποθεινοτάτοις,
3185 4017 3243 4067 ὲν
3271 4015 3459 4086 Κυρίῳ
3490 4015 3725 4086 χαίρειν.

2233 4106 2293 4158 '0
2327 4105 2531 4177 Κύριος
2568 4105 2726 4176 ήμῶν
2767 4105 2974 4176 Ἰησοῦς
3004 4107 3272 4177 Χριστὸς,
3303 4107 3391 4160 ὅτε
3440 4107 3538 4169 τὰς
3575 4109 3728 4177 παρά

2150 4196 2258 4248 τῶν
2308 4196 2538 4248 ἀνοσίων
2581 4195 2850 4248 Ἰουδαίων
2895 4195 3156 4264 ὑπέμεινε
3203 4195 3487 4266 παροινίας
3509 4195 3725 4259 ,κλοιδο⁴

2155 4288 2415 4360 ρούμενος
2443 4288 2536 4342 καὶ
2569 4287 2935 4360 ῥαπιζόμενος
2985 4289 3076 4341 καὶ
3106 4288 3519 4358 μαστιζόμενος,
3545 4288 3638 4341 καὶ
3664 4289 3727 4339 τὸ

2149 4382 2460 4434 τελευταῖον
2486 4418 2501 4442 ,
2547 4379 2625 4449 τῷ
2659 4377 2727 4431 δι’
2771 4380 2918 4449 ἡμᾶς
2970 4380 3065 4432 καὶ
3108 4379 3251 4450 ὑπὲρ
3298 4379 3455 4448 ἡμῶν
3507 4379 3726 4450 σταυρῷ

2152 4470 2425 4543 προσηλού
2435 4487 2592 4541 μενος
2617 4510 2631 4532 ,
2659 4470 2800 4542 ὁρῶν
2826 4470 3073 4534 ἅπαντας
3111 4473 3237 4534 τοὺς
3268 4468 3726 4540 πλημμελοῦντας

2150 4567 2229 4628 είς
2253 4565 2432 4626 αὑτὸν,
2471 4563 2564 4616 καί
2588 4563 2685 4624 τάς
2709 4563 2958 4626 ἀνοσίους
2999 4563 3084 4616 ἐπ’
3117 4562 3266 4633 αύτῷ
3301 4562 3544 4624 σείοντας
3578 4570 3599 4597 τ
3632 4576 3726 4612 κε-

2150 4654 2346 4723 φαλὰς,
2369 4653 2578 4722 ἔφασκε
2599 4670 2610 4682 °
2652 4672 2670 4703 ‹
2703 4654 2811 4706 Καὶ
2844 4655 3114 4724 ὑπέμεινα
3141 4654 3600 4724 συλλυπούμενον,
3633 4653 3727 4705 καὶ

2147 4749 2246 4816 οὐχ
2286 4745 2531 4816 ὑπῆρξε,
2577 4748 2668 4799 καὶ
2696 4747 3184 4817 παρακαλοῦντας,
3215 4747 3308 4800 καὶ
3345 4747 3442 4816 οὐχ
3481 4738 3659 4816 εὗρον.
3701 4762 3720 4794 ι

2150 4836 2404 4890 Τοιοῦτόν
2427 4853 2479 4888 τι
2507 4837 2600 4889 καὶ
2622 4836 2716 4888 νῦν
2738 4838 3106 4908 γεγενημένον
3132 4839 3368 4909 ὁρῶμεν.
3399 4837 3616 4891 Μᾶλλον
3643 4835 3724 4896 δὲ,

2149 4929 2236 4980 ἴνα
2261 4927 2335 4999 μὴ
2351 4926 2451 4978 -τὸν
2471 4926 2580 4978 τῶν
2608 4927 2814 4979 πιστῶν
2831 4928 2924 4981 καὶ
2952 4929 3188 4998 γνησίων
3206 4927 3412 4999 ύϐρίζω
3431 4926 3611 4996 ζῆλον,
3633 4927 3730 4979 ἐπὶ

2146 5021 2265 5081 ταῖς
2293 5016 2626 5088 δυσφημίαις
2654 5017 2943 5088 Νεστορίω
2987 5019 3218 5082 πολλοὺς
3255 5021 3386 5098 ἔσχε
3414 5017 3726 5071 συλλυπου-

466 5109 559 5164 hic
592 5123 788 5163 sensus
814 5107 938 5164 fuit.
981 5107 1139 5173 Nam,
1163 5106 1309 5161 inter
1351 5121 1448 5160 eos
1474 5120 1694 5175 quoque
1727 5106 1822 5176 qui
1859 5120 2042 5160 sacer-

2153 5107 2370 5178 μένους.
2412 5108 2461 5158 εί
2495 5107 2590 5158 καὶ
2621 5106 2892 5178 ῆθέτησάν
2927 5125 3072 5171 τινες
3107 5109 3268 5162 αὑτὸν
3295 5109 3402 5162 τῶν
3433 5122 3724 5174 συντεταγ-

464 5199 620 5253 dotio
640 5197 965 5270 funguntur,
993 5198 1260 5269 comperti
1277 5205 1406 5252 sunt
1420 5197 1691 5260 nonnulli,
1711 5196 1807 5266 qui
1820 5211 2041 5250 causam

2149 5197 2320 5269 μένων
2349 5199 2428 5261 είς
2472 5197 2792 5268 ἱερωσύνην,
2828 5200 3271 5272 συμπράττοντες
3301 5199 3381 5268 τῷ
3419 5199 3684 5270 αἱρετικῷ
3710 5239 3724 5260 ,

467 5289 642 5360 ipsius
693 5291 1034 5354 desererent,
1089 5299 1279 5360 utpote
1327 5305 1454 5346 cum
1501 5289 1725 5344 homine
1782 5287 2043 5342 haeretico

2149 5290 2236 5343 καὶ
2264 5290 2374 5352 τοῖς
2397 5287 2547 5359 αύτῷ
2578 5289 2909 5360 πολεμοῦσιν
2931 5291 3401 5363 ἀντιταττόμενοι·
3423 5289 3558 5344 ἀλλά
3591 5303 3726 5342 κατ-

537 5445 586 5478 ⁹³
641 5442 783 5500 Psal.
832 5459 989 5508 xxw,
1032 5446 1117 5500 N.
1193 5447 1238 5481 "
1286 5449 1428 5503 Psal.
1467 5463 1644 5512 Lxxrv,
1683 5446 1736 5500 6.
1811 5445 1858 5477 "
1888 5445 2030 5501 Psal.

2149 5463 2230 5509 xv,
2283 5451 2336 5504 5.
2414 5451 2461 5484 ’⁸
2493 5451 2697 5523 Ephes.
2727 5469 2800 5520 IV,
2835 5453 2886 5508 5.
2963 5453 3010 5487 "
3041 5452 3185 5508 Psal.
3225 5465 3408 5516 uvm,
3431 5448 3524 5504 2L

1453 5579 1458 5582 ’
1556 5589 1731 5644 Varia:
1755 5589 2019 5644 lectiones
2047 5591 2254 5647 codicis
2284 5593 2622 5666 Seguieriani
2656 5642 2669 5657 .

538 5712 544 5719 '
585 5699 895 5773 ἀνυψῶσαν.
987 5711 1015 5752 P
1039 5702 1114 5768 ὡς
1138 5702 1215 5770 ἐξ.
1293 5717 1318 5756 ει
1349 5708 1466 5778 μετ’
1496 5709 1862 5780 εὐχαριστίας.
1948 5719 1968 5746 τ
1999 5709 2299 5774 κινοῦντας.
