4028 6208
307 365 414 425 H1

1669 360 2005 419 EPISTULA
2049 361 2258 417 XXVII.

3464 368 3487 422 1
3497 368 3566 424 ιε

303 480 548 552 αργήσει
571 474 804 548 Χριστὸς
845 471 948 539 τὰς
993 476 1199 528 τούτων
1233 472 1593 539 ἀπαιδευσίας
1620 515 1635 539 ,
1687 475 1873 546 pium

1991 478 2405 548 conspirantes,
2472 475 2649 546 iisque
2700 475 2796 545 qui
2838 475 3015 530 illum
3058 475 3381 549 impugnant
3444 494 3566 538 sese

302 575 367 628 δὲ
395 573 496 646 ἤδη
540 569 634 625 καὶ
665 569 1010 640 κατήργηκε.
1048 568 1331 621 Πέπαυται
1377 566 1488 639 γὰρ
1519 567 1580 621 τὸ
1602 566 1887 639 δύσφημον

305 663 501 733 στόμα,
520 658 644 731 ζειαὶ
673 657 968 728 σεσίγηκεν
995 659 1029 729 ἡ
1061 657 1382 729 μιαρωτάτη
1411 658 1628 726 γλῶττα
1654 697 1671 722 ,
1702 658 1887 712 οὐκέτι

298 754 400 816 τὰς
423 753 568 806 κατὰ
606 749 848 823 Χριστοῦ
879 751 1235 821 προφέρουσα
1273 750 1627 821 βλασφημίας
1655 752 1713 804 ὲν
1736 751 1889 817 ἐξου-

294 845 394 913 σία
419 844 785 916 διδασκαλικῇ
814 860 875 898 τε
902 844 1001 898 καὶ
1023 846 1413 915 άρχιερατικῇ.
1443 843 1554 897 Καὶ
1582 843 1633 896 οἱ
1663 842 1762 915 τὴν
1792 861 1885 914 φι-

288 936 415 989 λίαν
445 934 622 990 αὑτοῦ
648 935 1064 1008 δυσωπηθέντες
1092 934 1317 1007 μᾶλλον,
1341 935 1438 989 καὶ
1459 934 1581 1006 οὐχὶ
1622 936 1721 1006 τῆς
1746 935 1884 1009 πρὸς

286 1027 535 1097 Χριστδν
573 1026 798 1098 ἀγάπης
836 1027 1290 1098 πεφροντικότες,
1327 1027 1551 1098 ἀτιμίας
1586 1026 1769 1098 ἔχουσι
1814 1026 1887 1082 τὰ

288 1119 573 1188 πρόσωπα
599 1117 811 1189 μεστά·
839 1117 1003 1172 τοῦτο
1030 1117 1142 1190 γὰρ
1171 1117 1355 1183 αὐτοῖς
1402 1119 1685 1189 ὠφείλετο.
1743 1119 1883 1173 Ἀλλ’

284 1210 338 1261 εί
380 1209 482 1261 καὶ
520 1209 803 1280 νενίκητῖιι
830 1209 1016 1264 λοιπὸν
1041 1212 1070 1264 ό
1102 1208 1299 1280 ἐχθρὸς
1322 1248 1340 1273 ,
1370 1210 1466 1266 καὶ
1495 1210 1665 1281 ἐσμὲν
1693 1212 1752 1265 ὲν
1775 1211 1884 1265 λει-

284 1300 489 1370 ψάνοις
516 1303 622 1372 τῆς
660 1302 944 1373 φροντίδος
969 1341 985 1366 ,
1017 1302 1294 1374 χρῄζομεν
1327 1303 1422 1358 καὶ
1448 1304 1592 1360 οὕτω
1614 1304 1726 1358 τῶν
1749 1304 1883 1376 ὑμε-

282 1393 472 1464 τέρων
503 1394 756 1448 ἰκετειῶν
778 1394 920 1466 πρὸς
958 1395 1051 1449 τὸν
1090 1395 1254 1449 Θεὸν·
1282 1395 1379 1449 καὶ
1405 1395 1553 1451 ἐστιν
1580 1395 1880 1464 ἀναγκαῖον

285 1487 463 1558 ὖμᾶς,
486 1486 567 1550 ὡς
591 1487 891 1551 ἀναθέντας
921 1488 1001 1559 τῷ
1025 1487 1145 1556 Θεῷ
1163 1487 1264 1559 τὴν
1290 1487 1503 1543 ἑαυτῶν
1528 1488 1696 1559 ζωὴν,
1727 1490 1880 1553 ὁσίας

280 1580 551 1650 ἐπαίρειν
593 1582 802 1650 χεῖρας,
850 1580 945 1633 καὶ
992 1580 1200 1651 συχνῶς
1239 1579 1397 1634 τοῦτο
1433 1580 1694 1652 πράττειν
1738 1581 1879 1654 ὑπὲρ

283 1671 476 1743 ἡμῶν.
506 1672 828 1743 Ἐννοήσατε
849 1671 959 1743 γὰρ
975 1673 1060 1726 ὅτι
1096 1657 1323 1743 δῐησοῧς,
1356 1673 1386 1725 ό
1414 1672 1511 1727 τοῦ
1534 1671 1709 1745 Ναυῆ,
1740 1674 1878 1745 μετὰ

283 1763 407 1816 τῶν
455 1762 767 1817 ἐπιλέκτων
827 1762 923 1817 τοῦ
997 1762 1212 1836 Ἰσραὴλ
1259 1765 1667 1835 άντεπράττετο
1719 1773 1741 1802 ⁸
1798 1765 1878 1837 τῷ

1990 569 2328 640 objectantes
2348 586 2362 635 ;
2386 568 2481 623 sed
2506 570 2704 623 horum
2728 568 3001 623 inscitiam
3022 568 3276 625 Christus
3294 570 3562 639 destruet,

1989 672 2104 729 aut,
2153 672 2216 718 ut
2256 663 2445 718 verius
2475 663 2809 736 dicam,jam
2840 662 3132 719 destruxit.
3169 663 3565 736 Compressum

1988 763 2074 809 est
2121 755 2270 810 enim
2317 769 2379 809 os
2418 754 2822 825 blasphemum,
2858 763 2916 810 et
2948 754 3213 810 conticuit
3240 755 3427 828 lingua
3460 758 3565 813 im-

1987 845 2303 916 purissima,
2328 859 2433 901 nec
2449 846 2686 917 amplius
2703 846 3053 918 blasphemas
3073 857 3263 903 contra
3282 848 3565 907 Christum

1986 953 2151 994 voces
2176 938 2231 992 in
2252 938 2552 1009 pontiﬁcali
2577 946 2634 994 et
2657 938 2924 994 doctorali
2945 941 3276 998 auctoritate
3295 941 3351 996 in
3375 951 3564 1013 poste-

1988 1044 2111 1083 rum
2140 1028 2446 1099 depromet.
2508 1029 2576 1084 Et
2611 1029 2705 1100 qui
2738 1029 2914 1100 ipsius
2945 1031 3248 1088 amicitiam
3297 1033 3564 1090 charitate

1986 1136 2109 1191 quae
2141 1130 2225 1176 est
2255 1122 2310 1175 in
2336 1121 2619 1177 Christum
2682 1112 2957 1193 potiorem
2980 1123 3276 1189 ducebant,
3315 1124 3353 1179 ii
3381 1125 3566 1180 vultus

1981 1214 2094 1284 jam
2132 1229 2281 1269 nunc
2301 1223 2504 1285 gerunt
2530 1212 2801 1269 dedecore
2827 1214 3055 1285 plenos;
3091 1215 3198 1273 hoc
3212 1217 3365 1274 enim
3390 1217 3561 1274 debe~

1985 1304 2149 1363 batur
2189 1305 2343 1375 ipsis.
2398 1305 2505 1361 Sed
2548 1304 2679 1363 licet
2717 1305 2974 1363 inimicus
3001 1307 3115 1377 jam
3136 1306 3446 1368 debellatus
3465 1310 3561 1377 sit,

1985 1403 2226 1452 attamen
2246 1396 2529 1454 nonnullis
2547 1412 2805 1455 curarum
2837 1397 3088 1468 reliquiis
3108 1399 3292 1458 adhuc
3309 1400 3563 1469 diStenti,

1984 1488 2186 1543 vestris
2224 1488 2294 1543 ad
2320 1489 2493 1546 Deum
2528 1488 2789 1559 precibus
2809 1505 3052 1560 egemus.
3087 1490 3156 1548 Et
3188 1493 3562 1548 necessarium

1984 1590 2070 1635 est
2121 1586 2183 1634 ut
2235 1594 2354 1646 vos,
2392 1579 2487 1650 qui
2520 1591 2760 1636 vestram
2811 1581 2979 1637 vitam
3017 1582 3130 1637 Deo
3173 1584 3559 1650 consecrastis,

1983 1684 2153 1740 puras
2193 1669 2262 1724 ad
2303 1670 2459 1725 illum
2502 1685 2698 1726 manus
2744 1670 3026 1736 levetis”,
3071 1677 3236 1741 atque
3256 1672 3361 1727 hoc
3381 1673 3561 1743 ipsum

1984 1775 2087 1830 pro
2132 1761 2294 1817 nobis
2342 1777 2485 1831 saepe
2525 1761 2761 1819 faciatis.
2813 1762 3199 1825 Considerate.
3231 1763 3360 1819 Jesu
3410 1765 3560 1823 Nave

296 1851 581 1922 ’Apal‘lpc,
607 1853 639 1905 δ
658 1852 717 1904 δέ
746 1868 811 1921 γε
833 1852 1103 1924 μακάριος
1127 1855 1355 1925 Μωσῆς.
1383 1854 1486 1919 τὰς
1511 1857 1700 1927 χεῖρας
1725 1836 1873 1909 ὲπαί-

1986 1866 2111 1907 cum
2155 1852 2378 1908 selectis
2416 1853 2680 1908 lsraelitis
2714 1863 2906 1909 contra
2953 1853 3177 1910 Amalec
3236 1854 3559 1921 dimicante,

286 1959 431 2014 ρων,
460 1942 649 2013 ἐζήτει
696 1942 850 2013 παρὰ
882 1943 1018 1997 Θεοῦ
1066 1944 1128 1999 τὸ
1161 1948 1318 2017 νικᾷν
1349 1946 1612 2001 δύνασθαι
1656 1949 1783 2011 τοὺς
1821 1949 1880 2002 ὲν

283 2033 525 2105 πολέμῳ
564 2034 661 2087 καὶ
691 2034 861 2106 μάχῃ.
923 2034 1282 2108 ’Δνδριζέσθω
1311 2038 1495 2092 τοίνυν
1535 2039 1569 2110 ἡ
1601 2038 1881 2093 θεοσέϐεια

286 2126 451 2197 ὐμῶν
476 2126 543 2179 ἐν
560 2129 889 2198 προσευχαῖς
922 2130 968 2193 ί,
989 2128 1084 2183 καὶ
1108 2128 1186 2194 ὡς
1208 2129 1376 2184 τέκνα
1400 2133 1603 2202 γνήσια
1626 2131 1879 2204 Πατράσι

284 2218 683 2289 συμπράττετε
710 2259 727 2282 ,
758 2219 914 2275 νόσον
946 2220 1138 2292 ῶσπερ
1165 2222 1288 2277 τινὰ
1313 2223 1571 2296 λοιμικὴν
1590 2261 1607 2287 ,
1645 2224 1745 2297 τὴν
1773 2223 1878 2279 Nec

286 2313 518 2382 στορίου
556 2312 881 2380 κακοδοξίαν
907 2314 1246 2384 ἐκκόψαντες
1279 2324 1310 2355 ³
1328 2356 1344 2380 ,
1380 2318 1469 2372 ἴνα
1496 2318 1594 2372 καὶ
1624 2317 1876 2384 ἄσπιλον,

285 2404 392 2457 καὶ
414 2403 739 2474 ἀμώμητον,
769 2404 864 2457 καὶ
887 2405 1184 2476 οὐδαμόθεν
1201 2407 1637 2478 διαΰεὸλημένην
1663 2409 1879 2480 ἔχοντες

288 2494 497 2559 πίστιν,
521 2494 839 2564 εὐαρεστεῖν
870 2495 1179 2567 ἰσχύσωμεν
1206 2497 1285 2568 τῷ
1308 2497 1378 2552 τά
1400 2498 1583 2552 πάντα
1607 2498 1675 2552 δι’
1727 2499 1878 2570 ἡμᾶς

287 2585 388 2637 καὶ
414 2583 561 2653 ὑπὲρ
584 2582 749 2653 ἡμῶν
800 2582 1244 2657 ὑπομεμενηκότι
1276 2586 1519 2658 Χριστῷ.
1555 2586 1876 2659 Εύφράνατε

285 2675 345 2729 δὲ
372 2674 469 2728 καὶ
495 2674 587 2728 διὰ
604 2674 955 2746 γραμμάτων
982 2677 1131 2748 ἡμᾶς
1148 2691 1162 2707 '
1200 2677 1466 2748 δεξόμεθα
1491 2677 1601 2750 γὰρ
1635 2678 1713 2743 ὡς
1747 2679 1869 2733 ίκα-

284 2769 539 2831 νωτάτην
570 2768 635 2821 τὸ
677 2771 912 2841 πρᾶγμα
946 2770 1314 2843 παράκλησιν.
1365 2770 1673 2843 Ἐρῤῶσθαι
1724 2771 1868 2841 ὑμᾶς

284 2857 543 2931 εὔχομαι,
573 2861 854 2935 ἀγαπητοὶ
874 2862 969 2916 καὶ
998 2861 1366 2918 ποθεινότατοι
1404 2861 1648 2932 ἀδελφοί.

1877 3109 1948 3123 ..-

1979 1944 2201 2000 beatum
2216 1945 2422 2012 Mosen,
2440 1946 2673 2001 sublatis
2688 1947 2746 2002 in
2761 1947 3561 2013 cmlum‘manibus,victoriam

1978 2034 2067 2090 his
2099 2050 2130 2091 a
2169 2036 2283 2089 Deo
2314 2035 2625 2105 postulasse
2657 2035 2926 2092 adversus
2967 2050 3066 2091 eos
3090 2036 3424 2107 quibuscum
3453 2051 3560 2109 pu—

1977 2128 2304 2198 gnabant“.
2351 2128 2598 2184 Viriliter
2644 2129 2830 2200 itaque
2870 2138 2997 2200 agat
3052 2138 3237 2189 vestra
3280 2131 3460 2209 pietas
3504 2132 3560 2192 in

1975 2219 2276 2290 precando,
2305 2220 2638 2293 vestrisque,
2667 2228 2727 2277 ut
2748 2221 2994 2293 germani
3023 2218 3145 2288 lilii,
3172 2222 3361 2283 adeste
3383 2223 3563 2284 Patri-

1974 2309 2100 2376 bus,
2146 2311 2242 2382 qui
2271 2310 2463 2369 falsam
2491 2312 2734 2370 Nestorii
2766 2312 3076 2373 doctrinam
3098 2314 3270 2387 veluti
3301 2314 3562 2375 morbum

1973 2402 2291 2473 quempiam
2332 2403 2657 2474 pestiferum
2689 2404 3042 2472 exciderunt,
3080 2415 3141 2461 ut
3172 2406 3337 2463 ﬁdem
3360 2407 3558 2464 imma-

1973 2493 2211 2549 culatam
2261 2493 2728 2567 inculpatamque.
2756 2511 2824 2554 ac
2846 2498 2983 2556 nulli
3006 2514 3238 2569 prorsus
3260 2499 3561 2571 repreheno

1972 2586 2115 2642 sioni
2131 2587 2426 2646 obnoxiam
2456 2597 2729 2655 tenentes,
2745 2589 2856 2660 90
2891 2589 3114 2648 Christo
3130 2592 3316 2651 omnia
3331 2601 3560 2663 propter

1973 2694 2076 2734 nos
2116 2679 2403 2750 nostrique
2452 2694 2617 2735 causa
2666 2695 2949 2750 perpesso,
3000 2683 3221 2751 placere
3258 2683 3553 2753 possimus.

1974 2770 2288 2826 Exhilarate
2333 2785 2467 2826 vero
2497 2770 2664 2825 etiam
2706 2785 2809 2826 nos
2841 2786 2942 2841 per
2984 2771 3198 2831 litteras
3228 2773 3380 2829 villae
3404 2773 3556 2829 enim

1975 2860 2139 2915 nobis
2170 2859 2418 2916 maxima:
2456 2868 2622 2915 erunt
2644 2860 3029 2919 consolationi.
3064 2861 3211 2921 Bene
3244 2862 3427 2921 valere
3458 2880 3557 2926 vos

1976 2957 2128 3022 Opto,
2163 2949 2349 3006 dilecti
2374 2958 2431 3007 et
2459 2948 2917 3007 desideratissimi
2941 2948 3161 3012 fratres.

1452 3233 1790 3294 EPlSTOLA
1827 3237 2019 3295 xxvn
2058 3239 2152 3311 (οι.
2196 3239 2384 3309 XXV).

1242 3365 1309 3406 AD
1334 3363 1542 3406 οιειιωι
1563 3365 1909 3414 POPULUIQUE
1938 3365 2618 3407 COXSTANTINOPOLITANUM.

356 3473 572 3529 Narra!
598 3486 713 3543 quae
749 3477 863 3543 post
895 3470 1176 3525 adventum
1203 3468 1428 3525 Joannis
1459 3470 1662 3527 comitis
1693 3471 2028 3543 imperatoris
2062 3472 2318 3529 mandato
2352 3470 2548 3544 Ephesi
2577 3479 2697 3525 acta
2727 3471 2855 3535 sint,
2890 3470 3017 3543 quid
3050 3470 3202 3525 modo
3242 3481 3479 3543 paretur.

365 3589 682 3661 Ἐταράχθη
710 3589 834 3643 λίαν
869 3589 904 3660 ἡ
945 3586 1075 3658 άγία
1108 3549 1325 3651 σύνοδος
1342 3626 1361 3655 ,
1387 3586 1671 3643 ἀκούσασα
1698 3589 1780 3643 ὅτι
1807 3589 1868 3642 ού

2041 3590 2283 3645 Turbata
2324 3597 2411 3645 est
2453 3587 2750 3644 admodum
2802 3595 2994 3643 sancta
3031 3587 3295 3659 synodus,
3331 3589 3427 3647 ubi
3456 3606 3553 3648 ac.

281 3687 465 3739 πάντα
506 3682 688 3754 ὀρθῶς
722 3683 1024 3752 ἀνήνεγκεν
1068 3682 1098 3735 ὁ
1143 3679 1731 3752 μεγαλοπρεπέστατος
1775 3682 1871 3735 καὶ

284 3777 631 3844 ἱνόοξότατος
658 3776 837 3846 κόμης
872 3774 1125 3844 Ἰωάννης
1143 3815 1159 3841 ,
1196 3774 1338 3829 ὥστε
1369 3771 1717 3842 βουλεύεσθαι
1745 3771 1871 3837 τοὺς

284 3872 464 3923 ἐκεῖσε
510 3867 609 3922 καὶ
640 3866 772 3938 περὶ
807 3865 1025 3937 εξορίας
1060 3864 1185 3918 καθ’
1215 3863 1406 3936 ἡμῶν*
1447 3863 1525 3927 ὼς
1566 3864 1667 3935 τῆς
1704 3862 1869 3932 ἁγίας

288 3960 515 4015 συνόὼυ
538 3957 986 4029 καταδεξαμένης
1011 3959 1112 4030 τὴν
1137 3959 1491 4012 ἁκανόνιστον
1514 3954 1608 4010 καὶ
1629 3953 1868 4024 ἄθεσμον

285 4051 589 4122 γενομένην
611 4049 934 4120 καθαίρεσιν
954 4048 1106 4121 παρά
1124 4065 1186 4102 τε
1222 4047 1492 4110 Ἰωάννου,
1516 4046 1611 4101 καὶ
1634 4045 1745 4099 τῶν
1768 4047 1866 4099 σὺν

285 4140 435 4209 αὐτῷ
463 4137 781 4210 αἱρετικῶν.
826 4138 960 4192 Ἰδοὺ
990 4138 1169 4192 τοίνυν
1190 4138 1284 4192 καὶ
1307 4137 1469 4209 ἑτέρα
1488 4136 1713 4206 γέγονεν
1734 4135 1864 4188 ἀνα-

285 4232 429 4303 ᾳορὲ
462 4231 619 4301 παρὰ
650 4229 753 4300 τῆς
799 4230 960 4297 ἁγίας
989 4230 1239 4294 συνόδου,
1271 4230 1619 4293 διδάσκουσα,
1658 4228 1740 4281 ὅτι
1769 4226 1865 4281 καὶ

283 4324 539 4376 λυπεῖται
581 4323 675 4375 ἐπὶ
711 4321 793 4392 τῷ
835 4320 1140 4392 δεσποτικῷ
1183 4322 1510 4392 γράμματι,
1541 4320 1636 4374 καὶ
1667 4319 1749 4372 ὄτι
1801 4318 1862 4371 οὐ

282 4411 695 4483 κατεδεξάμεθα
722 4412 832 4465 τῶν
856 4412 1022 4485 τριῶν
1040 4412 1140 4477 τὰς
1171 4411 1522 4484 καθαιρέσεις
1544 4428 1556 4440 ·
1590 4410 1685 4465 καὶ
1716 4408 1864 4476 ἐξαι-

284 4503 454 4573 ρέτως
486 4505 625 4575 μὲν,
657 4503 989 4574 άκυροῦσθαι
1027 4504 1098 4558 τὰ
1141 4503 1274 4575 παρ’
1313 4502 1538 4557 ἐκείνων
1590 4501 1866 4564 δυσσεϐῶς

283 4594 379 4647 καὶ
410 4594 676 4663 ἁθέσμως
718 4594 987 4665 γενόμενα
1013 4634 1030 4660 ,
1060 4592 1424 4666 κρατύνεσθαι
1469 4592 1529 4645 δὲ
1562 4593 1765 4663 μᾶλλον
1794 4593 1865 4646 τὰ

283 4686 413 4756 παρ’
452 4684 639 4756 ἡμῶν.
680 4684 956 4750 Ἐδίδαξαν
992 4686 1102 4758 γὰρ
1133 4687 1228 4740 καὶ
1265 4685 1355 4740 διὰ
1390 4684 1618 4757 πρώτης
1663 4685 1866 4752 ἀναφο-

287 4778 410 4847 ρᾶς,
465 4777 550 4831 ὅτι
596 4777 779 4849 ἄκυρα
816 4778 918 4849 μὲν
953 4778 1023 4834 τὰ
1057 4781 1190 4850 παρ’
1237 4778 1461 4832 ἐκείνων
1493 4776 1864 4840 ἀκανονίστως

282 4869 554 4938 γενόμενα
579 4870 931 4940 πεποιήκασι,
973 4871 1321 4933 κοινωνικοὺς
1356 4869 1414 4922 δὲ
1443 4869 1591 4941 ἡμᾶς
1623 4868 1720 4923 καὶ
1746 4885 1865 4921 συν-

1971 3682 2119 3752 cepit
2161 3679 2764 3751 magniﬁcentissimum
2815 3677 3412 3752 praeclarissimumque
3452 3698 3549 3739 co-

1970 3771 2161 3825 mitem
2199 3770 2466 3826 Joannem
2489 3784 2601 3823 non
2627 3768 2814 3835 omnia
2840 3775 2990 3824 recte
3015 3769 3292 3838 retulisse,
3322 3772 3462 3829 adeo
3487 3784 3551 3838 ut

1969 3861 2038 3917 de
2065 3869 2256 3916 nostro
2277 3874 2497 3931 quoque
2518 3858 2714 3915 exsilio
2756 3858 2853 3930 qui
2887 3858 3053 3915 isthic
3099 3868 3229 3916 sunt
3250 3864 3544 3925 consilium

1970 3952 2173 4009 inirent
2204 3971 2218 4008 :
2245 3955 2402 4023 quasi
2425 3959 2612 4007 sancta
2630 3950 2874 4023 synodus
2892 3950 3153 4023 injustam
3170 3954 3551 4028 nefariamquc

1968 4039 2494 4109 exauctorationem,
2547 4057 2712 4113 quam
2760 4043 3001 4117 Joannes
3050 4050 3108 4099 et
3154 4045 3249 4116 qui
3311 4062 3437 4103 cum
3482 4064 3552 4106 co

1970 4142 2139 4211 agunt
2162 4134 2409 4191 haeretici
2464 4133 2641 4190 moliti
2669 4143 2819 4200 sunt,
2850 4136 3237 4207 acceptaverit.
3268 4136 3351 4193 En
3375 4138 3551 4194 altera

1970 4228 2140 4300 igitur
2165 4228 2306 4286 facta
2328 4235 2413 4283 est
2434 4243 2465 4283 a
2494 4234 2682 4283 sancta
2705 4227 2917 4299 synodo
2940 4226 3157 4294 relatio,
3183 4243 3292 4299 qua
3311 4244 3370 4286 se
3389 4230 3549 4303 prin-

1969 4319 2105 4390 cipis
2136 4318 2337 4374 litteris
2366 4320 2744 4377 contristatam
2766 4317 2963 4384 docet,
2996 4319 3223 4390 etquod
3252 4322 3419 4380 trium
3442 4322 3541 4376 de-

1966 4407 2269 4479 positiones
2299 4422 2413 4463 non
2445 4407 2888 4481 acceptavimus;
2930 4407 3028 4463 sed
3050 4410 3357 4481 praesertim
3383 4410 3542 4474 irrita

1968 4514 2025 4555 se
2062 4499 2267 4554 habere
2295 4482 2560 4564 declarat,
2590 4513 2712 4569 quae
2741 4496 2909 4569 impie
2938 4506 2996 4556 et
3014 4498 3298 4572 illegitime
3320 4500 3390 4556 ab
3414 4501 3545 4570 illis,

1968 4592 2125 4647 ﬁrma
2166 4607 2299 4647 vero
2342 4601 2401 4647 et
2434 4600 2552 4647 rata
2591 4590 2797 4661 potius,
2824 4607 2947 4663 qua:
2987 4592 3203 4648 anobis
3221 4602 3372 4662 gesta
3392 4601 3545 4647 sunt.

1966 4684 2278 4741 Docuerant
2292 4683 2441 4741 enim
2462 4682 2724 4756 [Patres],
2751 4691 2805 4740 et
2821 4685 2998 4755 prima
3021 4700 3242 4756 quoque
3260 4684 3545 4748 relatione,

1964 4790 2029 4830 ea
2057 4791 2118 4830 se
2146 4775 2438 4833 rescidisse
2482 4790 2605 4847 quae
2632 4783 2836 4847 praeter
2863 4792 3136 4831 canonum
3163 4775 3543 4847 praescriptum

1966 4865 2036 4921 ab
2078 4865 2200 4921 aliis
2243 4864 2380 4921 facta
2412 4850 2675 4919 fuerant:
2709 4865 2969 4936 quodque
3002 4881 3103 4936 pro
3135 4865 3545 4920 communionis

276 4959 623 5024 επισκότωυς
662 4961 884 5033 ἔχουσι,
949 4962 1043 5015 καὶ
1075 4962 1158 5015 ὅτι
1194 4960 1296 5030 τῆς
1336 4959 1591 5032 τοιαύτης
1636 4959 1739 5012 οὐκ
1777 4958 1863 5024 ἐξ·

1975 4956 2131 5014 sociis
2147 4964 2203 5015 et
2227 4955 2568 5026 coepiscopis
2587 4971 2689 5016 nos
2704 4957 2965 5021 habeant,
2982 4965 3037 5011 ct
3055 4956 3201 5031 quod
3226 4956 3545 5029 huiusmodi

218 5056 226 5063 ’
280 5051 534 5107 ἔσταν-σαι
562 5052 805 5125 γνιὶιμης.
839 5054 1026 5125 Μυρία
1050 5052 1108 5106 δὲ
1133 5052 1495 5123 πεποιηκότος
1527 5049 1622 5104 τοῦ
1655 5064 1862 5121 μνημο⁴

278 5145 563 5209 νευθέντος
598 5146 1187 5220 μεγαλοπρεπεστάτου
1219 5144 1412 5216 ἀνδρὸς
1440 5184 1455 5208 ,
1490 5142 1633 5199 ὥστε
1682 5142 1860 5197 ἐλθεῖν

274 5237 666 5299 εἰςκοινωνίαν
717 5239 992 5309 Ἰωάννην,
1023 5238 1119 5292 καὶ
1146 5237 1272 5301 τοὺς
1301 5238 1402 5291 σὺν
1443 5235 1592 5307 αὐτῷ
1623 5237 1689 5307 τῇ
1728 5236 1860 5306 ἁγίᾳ

278 5328 483 5400 συνόδῳ
514 5328 684 5399 μέχρι
712 5329 813 5400 τῆς
838 5330 1103 5399 σήμερον,
1136 5327 1259 5381 οὐδὲ
1306 5325 1542 5382 ἀκοῦσαι
1569 5326 1861 5397 ἠνέσχοντο

273 5419 535 5489 τοιαύτης
579 5420 795 5491 φωνῆς’
836 5419 953 5474 ἀλλ’
987 5419 1292 5475 ἐνίστανται
1329 5418 1429 5489 μὲν
1464 5418 1663 5480 πάντες
1697 5426 1747 5481 ν,
1777 5415 1862 5468 λέ-

347 5531 393 5563 "
420 5531 445 5586 Ι
470 5530 617 5586 Tim.
650 5547 712 5596 ιι,
745 5530 797 5589 8.
876 5528 925 5564 "
948 5530 1121 5587 Exod.
1149 5547 1281 5597 xvn,
1312 5529 1395 5592 l0,
1420 5530 1507 5583 ll.

1968 5048 2296 5104 sententiam
2345 5064 2455 5103 non
2479 5058 2713 5104 mutant.
2755 5050 2891 5105 Cum
2909 5056 3093 5104 autem
3114 5047 3410 5118 praedictus
3427 5063 3513 5102 ma
3529 5077 3546 5087 -

1968 5140 2453 5212 gniﬁcentissimus
2482 5142 2571 5196 vir
2601 5142 2739 5197 nihil
2770 5157 2880 5195 non
2905 5138 3217 5205 tentaverit,
3247 5154 3358 5209 quo
3375 5139 3545 5195 Joan-

1967 5246 2087 5295 nes,
2122 5240 2179 5285 ct
2231 5231 2327 5301 qui
2372 5245 2495 5285 cum
2538 5246 2606 5287 eo
2653 5239 2801 5293 sunt,
2852 5229 2907 5282 in
2940 5238 3142 5284 sancta
3169 5227 3366 5300 synodi
3390 5242 3544 5283 com-

1969 5322 2286 5378 munionem
2321 5323 2695 5393 recipiantur,
2734 5320 2789 5375 in
2834 5306 3164 5375 hodiernum
3196 5334 3370 5391 usque
3396 5319 3546 5378 diem

1971 5430 2042 5469 ne
2076 5415 2268 5469 audire
2303 5413 2527 5483 quidem
2560 5412 2873 5484 huiusmodi
2903 5426 3093 5468 vocem
3122 5411 3541 5481 sustinuerunt,

1355 5642 1532 5697 Varias
1564 5641 1828 5697 lectiones
1852 5638 2058 5696 codicis
2095 5638 2454 5709 Seguieriani.

345 5761 374 5795 ν
396 5755 699 5822 παντελῶς.

778 5767 799 5798 ⁸
824 5756 1199 5813 ἀντετάττετο.
1283 5757 1301 5795 ί
1330 5759 1410 5820 είς
1444 5754 1773 5829 προσευχάς,
1848 5765 1874 5793 ιι
1907 5752 2234 5824 ὲκκόψασιν.
