4028 6208
469 355 599 456 ita

1490 392 1544 445 S.
1587 388 1858 443 CYIIILIJ
1899 385 2364 441 ALEXANDRINI
2405 388 2719 444 ARCIIIEP.

3644 389 3740 445 1.ίῶ

495 521 590 578 sed
623 518 897 575 obsistunt
918 515 1140 586 quidem
1176 514 1422 576 omnino,
1457 522 1515 567 et
1537 512 1728 566 dicunt
1757 530 1768 564 :
1796 510 1937 565 Fieri
1956 524 2064 563 non

2169 525 2356 576 γοντες
2386 511 2467 563 ὃτι
2511 501 2792 566 Ἀδύνατον
2821 513 2966 583 ήμᾶς
3005 513 3082 574 εἰς
3126 509 3282 564 τοῦτο
3313 511 3507 576 ἐλθεῖν,
3537 510 3632 564 ἐὰν
3665 512 3740 582 μὴ

495 619 675 682 potest
719 618 776 662 ut
812 607 878 661 ad
899 607 1004 660 hoc
1023 603 1327 668 veniamus,
1357 602 1463 658 nisi
1493 602 1640 672 quod
1675 611 1866 657 contra
1889 603 2065 671 legem

495 702 564 756 ab
605 701 714 754 illis
739 700 941 753 factum
974 706 1059 752 est
1084 695 1434 759 dissolvatur,
1469 709 1533 750 ac
1557 693 1784 766 synodo,
1808 701 2066 762 tanquam

494 791 589 863 qui
642 788 996 859 deliquerint,
1043 784 1320 856 supplices
1367 785 1640 849 accidant,
1673 795 1727 840 et
1752 784 2066 838 Nestorium

495 883 755 951 illiusque
796 879 1048 950 dogmata
1077 878 1283 947 scripto
1308 877 1770 932 anathematizent
1802 883 1858 931 ct
1901 875 1956 929 in
1982 875 2068 928 his

495 971 750 1026 universa
772 968 963 1040 synodi
986 967 1236 1022 consistit
1253 967 1528 1021 instantia.
1543 966 1682 1023 Cum
1698 982 1829 1021 vero
1842 966 1945 1020 hac
1970 981 2067 1035 spe

493 1060 1069 1134 inagniﬁcentissimus
1108 1059 1198 1113 ille
1237 1058 1343 1123 vir,
1368 1059 1524 1130 cujus
1554 1057 1924 1121 meminimus,
1949 1057 2065 1112 fru-

491 1160 701 1208 stratus
721 1161 888 1217 esset,
927 1151 1075 1208 aliud
1101 1167 1316 1206 rursum
1342 1150 1694 1222 excogitavit,
1744 1159 1800 1206 et
1825 1167 1853 1204 a
1878 1161 2065 1206 sancta

495 1245 705 1316 synodo
729 1245 908 1314 petiit,
943 1254 1003 1298 ut
1034 1244 1156 1298 ﬁdei
1181 1242 1581 1312 expositionem
1615 1241 1820 1311 scripto
1848 1241 1952 1296 sibi
1975 1258 2067 1296 ex-

495 1336 732 1400 hiberet,
763 1346 822 1390 ut
848 1351 969 1390 cum
994 1335 1070 1388 illi
1101 1350 1315 1404 quoque
1348 1335 1520 1404 ipsius
1544 1335 1780 1403 impulsu
1804 1335 2068 1388 asscnsis-

492 1435 615 1482 sent
666 1442 729 1480 ac
763 1426 1236 1495 subscripsissent,
1285 1441 1536 1482 reversus
1569 1427 1777 1480 diceret
1808 1445 1820 1480 :
1860 1425 2065 1497 Redegi

493 1517 616 1572 illos
639 1517 692 1570 in
716 1515 1009 1571 amicitiam
1037 1516 1129 1585 qui
1163 1516 1421 1570 humanis
1442 1516 1668 1571 offensis
1701 1517 1844 1571 inter
1862 1532 1919 1570 se
1949 1516 2064 1570 dis-

493 1604 762 1658 sidebant.
821 1603 933 1657 lIoc
989 1603 1298 1674 intelligens
1348 1612 1534 1660 sancta
1585 1605 1824 1677 synodus
1867 1607 2064 1660 iterum

491 1695 749 1758 surrexit,
776 1694 979 1749 diserte
1022 1695 1214 1749 dicens
1243 1713 1255 1748 :
1287 1696 1556 1750 Nolumus
1586 1697 1746 1751 nobis
1780 1696 1914 1766 ipsis
1943 1711 2066 1750 eam

491 1785 878 1840 contumeliam
906 1785 1167 1856 irrogare.
1204 1786 1308 1855 91
1340 1787 1462 1841 Non
1491 1787 1638 1841 enim
1669 1795 1926 1856 tanquam
1952 1786 2065 1840 ha:-

490 1878 644 1932 rctici
694 1877 849 1950 [huc]
890 1879 1067 1933 vocati
1104 1893 1294 1931 sumus
1347 1895 1358 1929 :
1405 1877 1500 1932 sed
1531 1879 1784 1932 venimus
1815 1887 1876 1932 ut
1901 1877 2064 1932 ﬁdem

489 1969 762 2024 labantem
785 1978 840 2024 et
862 1969 1190 2040 exagitatam
1215 1968 1576 2031 stabiliamus,
1597 1983 1760 2038 quam
1779 1975 1835 2022 et
1851 1967 2062 2022 stabili-

487 2061 698 2128 vimus;
726 2078 828 2117 nec
849 2077 989 2132 opus
1004 2071 1088 2117 est
1106 2061 1424 2131 imperatori
1446 2068 1504 2114 ut
1525 2061 1686 2115 ﬁdem
1707 2076 1854 2115 nunc
1865 2059 2060 2125 discat,

489 2167 612 2206 eum
642 2153 783 2207 hanc
807 2153 944 2207 sciat
973 2163 1028 2206 et
1052 2153 1107 2206 in
1136 2169 1200 2207 ea
1229 2151 1539 2221 baptizatus
1561 2152 1652 2205 sit.
1691 2151 1871 2217 Quare
1889 2152 2062 2205 necid

488 2241 715 2316 quidem
735 2246 1110 2301 Orientalibus
1141 2245 1429 2300 successit.
1468 2244 1576 2298 Sed
1601 2252 1657 2299 et
1684 2244 1818 2298 illud
1845 2260 2063 2313 quoque

489 2338 702 2404 sciatis,
751 2354 984 2408 nempe,
1043 2353 1168 2391 cum
1219 2335 1344 2390 ﬁdei
1396 2336 1794 2406 expositionem
1838 2351 2063 2404 compn-

489 2438 708 2493 nerent,
756 2429 900 2484 inter
931 2445 987 2484 se
1019 2427 1392 2491 contendisse,
1437 2437 1494 2481 et
1531 2427 1587 2481 in
1617 2442 1681 2482 ea
1705 2427 2063 2481 altercatione

488 2521 653 2574 etiam
683 2537 830 2576 nunc
851 2521 1077 2575 versari.
1108 2520 1244 2574 Nam
1277 2519 1368 2574 alii
1391 2535 1453 2573 ex
1482 2518 1593 2572 illis
1625 2524 1826 2572 sancta:
1855 2515 2063 2587 Virgini

489 2612 1162 2682 Deiparazappellationem
1177 2611 1507 2673 concedunt,
1523 2609 1596 2664 ita
1620 2608 2062 2672 tamen,utsimul

489 2717 705 2771 quoque
751 2701 991 2756 hominis
1016 2700 1251 2770 genitrix
1277 2701 1494 2755 dicatur
1530 2717 1542 2752 :
1574 2700 1666 2753 alii
1687 2714 1819 2753 vero
1842 2713 2066 2768 prorsus

489 2802 726 2864 negant,
779 2793 1097 2861 adduntque
1143 2791 1449 2861 paratiores
1490 2806 1550 2846 se
1600 2805 1722 2846 esse
1764 2799 1824 2844 ut
1869 2805 2066 2844 manus

489 2901 617 2941 suas
639 2883 1000 2953 amputandas
1021 2883 1316 2954 praebeant,
1339 2898 1502 2952 quam
1533 2891 1590 2936 ut
1613 2879 1925 2951 huiusmodi
1943 2879 2064 2934 voci

489 2975 858 3029 subscribant.
890 2973 1103 3042 Ubique
1129 2983 1312 3028 autem
1331 2974 1568 3043 turpiter
1581 2988 1638 3028 se
1658 2982 1875 3043 gerunt,
1896 2972 2068 3026 haere-

491 3071 628 3125 ticos
674 3085 733 3123 se
761 3069 1122 3122 declarantes.
1182 3067 1306 3122 Ilzee
1347 3083 1379 3121 a
1417 3074 1596 3121 vestra
1626 3067 1828 3136 pietate
1853 3065 2066 3120 discant

489 3175 702 3223 omnes,
725 3158 1031 3229 przesertim
1059 3174 1190 3212 vero
1215 3157 1866 3228 piissimietsanctissimi
1884 3156 2064 3211 archi-
2089 3197 2132 3252 Ο

490 3250 811 3315 ιηοιιάτίιως
866 3264 935 3302 ne
961 3248 1101 3302 forte
1127 3247 1424 3316 pnndictus
1455 3246 1582 3319 [vir]
1619 3262 1893 3310 reversus,
1921 3263 2062 3317 quo-

492 3341 740 3395 rumdam
774 3355 934 3394 aures
960 3340 1225 3403 mulcens,
1257 3339 1362 3393 alia
1397 3354 1496 3409 pro
1525 3339 1647 3393 aliis
1673 3339 1820 3394 dicat
1849 3337 1943 3394 aut
1969 3339 2066 3394 do-

491 3440 632 3486 ceat.
668 3431 745 3485 Ne
788 3444 917 3484 vero
945 3429 1216 3499 pigrescat
1251 3428 1425 3498 pietas
1450 3437 1654 3493 vestra,
1681 3443 1860 3497 neque
1890 3427 2064 3482 nostri

490 3536 654 3575 causa
697 3519 874 3574 labori
908 3518 1170 3572 insistens
1189 3509 1544 3587 defatigetur,
1579 3516 1763 3572 sciens
1787 3515 1933 3586 quod
1962 3516 2064 3570 hac

491 3611 704 3666 ratione
724 3611 835 3664 Deo
853 3605 1281 3678 hominibusque
1297 3609 1373 3663 sci
1382 3623 1533 3678 psam
1548 3608 1912 3663 commendet.
1928 3608 2061 3662 Nam

488 3705 579 3759 hic
614 3703 778 3758 etiam
802 3701 1031 3772 piissimi
1057 3701 1324 3771 episcopi,
1355 3701 1448 3771 qui
1480 3717 1580 3757 nos
1601 3717 1879 3772 nunquam
1898 3718 2065 3757 nove-

489 3804 633 3860 rant,
666 3811 762 3864 per
793 3792 1094 3849 Salvatoris
1122 3792 1352 3864 gratiam
1379 3794 1556 3862 parati
1583 3803 1711 3848 sunt
1730 3794 1940 3848 animas
1963 3809 2063 3864 pro

489 3887 651 3941 nobis
672 3901 900 3956 ponere,
927 3893 983 3938 et
1015 3900 1141 3939 cum
1170 3884 1430 3956 lacrymis
1448 3883 1596 3956 [nos]
1624 3885 1914 3950 adeuntes,
1934 3885 2062 3940 aiun

487 3987 545 4032 et
583 3977 839 4032 exsiliunt
868 3985 924 4030 et
976 3983 1207 4029 mortem
1236 3990 1457 4046 quoque.
1486 3975 1648 4029 simul
1678 3975 1866 4029 subire
1911 3990 1969 4030 se
2007 3975 2062 4029 in

489 4070 631 4123 votis
653 4068 1177 4124 habere.Versamur
1193 4075 1376 4122 autem
1398 4083 1590 4123 omnes
1606 4068 1661 4121 in
1682 4067 1850 4122 multa
1866 4067 2060 4121 conﬁi-

487 4161 758 4225 etatione,
796 4170 911 4214 tum
940 4159 1086 4230 quod
1116 4159 1495 4214 custodiamur
1533 4176 1564 4214 a
1606 4159 1896 4224 militibus,
1943 4168 2059 4213 tum

487 4253 651 4308 etiam
675 4252 821 4323 quod
842 4260 968 4306 ante
995 4260 1181 4306 nostra
1207 4252 1459 4307 cubicula
1485 4253 1796 4320 dormiant;
1822 4253 2057 4309 maxime

2169 601 2263 652 καὶ
2309 600 2371 653 τὸ
2419 603 2550 672 παρ’
2601 603 2781 655 αὐτῶν
2828 603 3191 664 ἀκανονίστως
3242 603 3536 673 γενόμενον
3583 603 3739 672 λυθῇ,

2171 692 2263 743 καὶ
2308 693 2660 763 προσπέσωσι
2693 697 2758 764 τῇ
2812 696 3046 765 συνόδῳ,
3087 693 3162 755 ὡς
3209 693 3699 764 πλημμελήσαντες
3724 733 3738 757 ,

2169 782 2606 853 ἀναθεματίσωσι
2644 785 2701 838 δὲ
2734 787 2827 839 καὶ
2858 787 2926 839 τὰ
2951 786 3198 855 δόγματα
3225 784 3390 837 αὑτοῦ
3423 786 3738 854 ἐγγράφως·

2169 875 2264 927 καὶ
2301 877 2359 927 ὲν
2387 875 2599 940 τούτοις
2637 878 2670 946 ἡ
2703 878 2853 931 πᾶσα
2884 877 3132 938 ἔνστασις
3169 876 3266 946 τῆς
3298 874 3540 928 συνόδου.
3583 877 3740 928 Ἀπο-

2169 966 2346 1036 τυχὼν
2378 967 2435 1020 δὲ
2465 967 2656 1021 τούτου
2685 969 2714 1020 ὁ
2745 968 3139 1040 μνημονευθεὶς
3163 967 3741 1037 μεγαλοπρεπέστατος

2169 1057 2308 1128 ἀνὴρ
2328 1098 2341 1121 ,
2377 1059 2637 1128 ἐπενόησε
2683 1059 2777 1111 καὶ
2809 1059 2964 1112 τοῦτο
2996 1060 3091 1111 καὶ
3141 1058 3338 1128 ἀπῄτει
3372 1057 3470 1128 τὴν
3499 1057 3737 1120 σύνοδον,

2129 1143 2135 1155 “
2169 1147 2386 1202 ἔκθεσιν
2416 1149 2650 1213 πίστεως
2690 1149 2983 1220 ἐγγράφως
3015 1148 3290 1202 ἐπιδοῦναι
3314 1148 3461 1218 αὑτῷ
3483 1191 3497 1214 ,
3532 1150 3616 1200 ἵνα
3643 1151 3740 1202 κά-

2171 1240 2378 1304 κείνους
2424 1242 2692 1311 ποιήσωσι
2737 1255 2761 1282 !
2798 1241 3084 1295 συνθέσθαι
3133 1243 3228 1294 xal.
3258 1241 3596 1312 ὑπογράψαι,
3647 1245 3740 1295 καὶ

2170 1332 2404 1404 ἀνέλθῃ,
2448 1333 2623 1402 λέγων
2660 1334 2743 1388 ὅτι
2787 1335 3005 1404 Συνῆψα
3047 1335 3244 1397 αὑτοὺς
3285 1335 3364 1396 εἰς
3396 1332 3598 1402 φιλίαν,
3647 1335 3740 1386 ἀνα

2170 1411 2444 1490 θρωπίνας
2492 1422 2668 1486 λύπας
2719 1423 2940 1494 ἔχοντας
2990 1423 3190 1494 μεταξὺ
3252 1423 3521 1494 ἀλλήλων.
3569 1423 3741 1477 Τοῦτο

2169 1512 2471 1580 νοήσασαὴ
2523 1511 2652 1578 ἁγία
2683 1511 2897 1576 σύνοδος
2923 1555 2936 1576 ,
2975 1513 3134 1565 πάλιν
3181 1512 3381 1583 ἀνέστη
3431 1511 3558 1582 ἄχρι
3603 1527 3740 1566 παν·

2167 1598 2259 1663 τὸς
2287 1599 2516 1668 λέγουσα
2542 1603 2623 1656 ὃτι
2653 1603 2765 1672 Οὐχ
2799 1602 3093 1673 ὑϐρίζομεν
3120 1601 3364 1665 ἑαυτούς.
3398 1603 3472 1655 Ού
3515 1603 3624 1673 γὰρ
3662 1602 3737 1666 ὡς

2169 1692 2441 1761 αἱρετικοὶ
2487 1694 2830 1764 κεκλήμεθα·
2868 1694 3002 1748 ἀλλά
3028 1695 3260 1765 ἤλθομεν
3305 1694 3486 1748 πίστιν
3513 1695 3734 1748 ἀθετου-

2173 1782 2342 1852 μένην
2376 1783 2608 1853 στῆσαι,
2637 1786 2703 1854 ἢν
2736 1785 2830 1838 καὶ
2865 1785 3206 1856 ἐστήσαμεν·
3248 1785 3344 1838 καὶ
3383 1786 3442 1838 οὑ
3490 1785 3678 1856 χρῄζει
3709 1788 3739 1840 ὁ

2101 1863 2141 1921 Β
2172 1870 2424 1940 βασιλεὺς
2481 1874 2575 1927 νῦν
2615 1874 2712 1929 τοῦ
2765 1874 2956 1946 μαθεῖν
3010 1875 3107 1947 τήν
3157 1876 3372 1940 πίστιν,
3439 1875 3592 1940 είδὼς
3636 1877 3734 1930 αὑ·

2166 1964 2286 2034 τὴν,
2325 1967 2418 2019 καὶ
2445 1969 2503 2020 ὲν
2536 1967 2671 2038 αὑτῇ
2706 1967 3044 2038 βαπτισθείς.
3074 1969 3146 2022 Οὐ
3172 1968 3378 2040 προέϐη
3411 1969 3590 2022 τοίνυν
3617 1969 3736 2022 οὑδὲ

2167 2056 2323 2110 τοῦτο
2347 2060 2458 2120 τοῖς
2489 2057 2598 2112 ἀπὸ
2624 2059 2722 2129 τῆς
2752 2059 3060 2130 ’Λνατολῆς.
3092 2061 3324 2115 Κάκεῖνο
3344 2061 3397 2114 δὲ
3419 2062 3735 2130 γινώσκετε,

2165 2146 2247 2200 ὅτι
2281 2147 2561 2214 συνθέντες
2592 2149 2808 2204 ἔκθεσιν
2851 2152 3120 2217 πίστεως,
3153 2153 3564 2224 ἐφιλονείκησαν
3604 2154 3738 2225 πρὸς

2165 2239 2426 2310 ἀλλήλους
2448 2258 2463 2272 ο
2514 2243 2608 2296 καὶ
2656 2243 2796 2296 εἰσιν
2832 2245 2893 2297 ὲν
2920 2245 3001 2315 τῷ
3036 2245 3361 2314 φιλονεικεῖν
3390 2245 3491 2300 ἔτι.
3541 2247 3603 2300 Oi
3639 2245 3739 2317 μὲν

2166 2331 2273 2405 γὰρ
2316 2331 2497 2385 αὐτῶν
2543 2333 2931 2404 καταδέχονται
2961 2335 3224 2388 Θεοτόκον
3253 2337 3427 2389 εἰπεῖν
3453 2337 3553 2408 τήν
3579 2336 3742 2405 ἁγίαν

2169 2423 2461 2494 Παρθένον,
2493 2425 2632 2496 μετά
2666 2427 2760 2479 καὶ
2787 2427 2882 2480 τοῦ
2920 2427 3355 2499 ἀνθρωποτόκον,
3383 2429 3431 2482 of
3459 2428 3514 2481 δὲ
3545 2445 3742 2482 παντε·

2167 2514 2273 2578 λῶς
2289 2515 2600 2587 ἀρνοῦνται,
2634 2517 2726 2571 καί
2752 2535 2912 2586 φασιν
2934 2519 3165 2589 ἑτοίμως
3188 2520 3330 2590 ἔχειν
3351 2517 3741 2588 ἀποτμηθῆναι

2166 2605 2274 2659 τῶν
2313 2607 2532 2678 χειρῶν,
2576 2608 2609 2678 ἦ
2642 2609 2956 2679 ὑπογράψαι
2989 2609 3211 2680 τοιαύτῃ
3244 2611 3416 2679 φωνῇ.
3471 2608 3743 2679 Ἀσχημο-

2167 2696 2316 2750 νοῦσι
2365 2697 2422 2750 δὲ
2472 2697 2781 2770 πανταχοῦ,
2830 2701 3098 2771 αίρετικοὶ
3139 2699 3499 2769 δεικνύμενοι.
3556 2701 3742 2754 Ταῦτα

2167 2790 2368 2854 πάντες
2411 2789 2563 2862 παρὰ
2592 2790 2694 2861 τῆς
2739 2791 3053 2854 θεοσεϐείας
3089 2790 3243 2861 ὑμῶν
3280 2790 3736 2858 διδασκέσθωσαν,

2166 2882 2262 2934 καὶ
2306 2881 2539 2952 μάλιστα
2569 2883 2616 2934 οἱ
2659 2882 3070 2936 θεοσεϐέστατοι
3113 2883 3208 2935 καὶ
3241 2881 3536 2951 ἁγιώτατοι
3576 2883 3737 2953 ἀρχι-

2171 2973 2457 3043 μανδρῖται
2477 2989 2491 3004 ⁶
2522 2974 2732 3044 μήποτε
2767 2973 3114 3045 ὑποστρέψας
3149 2975 3176 3026 ὁ
3197 2971 3547 3044 προρῤηθεὶς,
3575 2973 3740 3045 ἕτερα.

2167 3065 2282 3120 ἀνθ’
2305 3065 2506 3138 ἐτέρων
2530 3067 2677 3138 εἴπῃ.
2705 3066 2738 3136 ἢ
2767 3066 2973 3138 διδάξῃ,
3000 3067 3216 3137 τέρπων
3245 3065 3342 3130 τάς
3369 3083 3528 3118 τινων
3549 3067 3735 3129 ἀκοάς.

2166 3156 2257 3227 Μὴ
2287 3157 2573 3229 ἀποκνήσῃ
2609 3157 2664 3209 δὲ
2696 3157 2849 3226 ὑμῶν
2890 3159 2923 3226 ἡ
2964 3156 3241 3209 θεοσέϐεια
3268 3196 3282 3218 ,
3346 3157 3480 3227 μηδὲ
3521 3157 3741 3212 ἀποκαν

2169 3247 2348 3318 μνέτω
2375 3246 2512 3319 πρὸς
2536 3248 2662 3310 τοὺς
2691 3247 2832 3318 ὑπὲρ
2859 3249 3015 3319 ήμῶν
3042 3249 3288 3321 ἱδρῶτας,
3308 3249 3476 3301 είδυῖα
3503 3249 3584 3301 ὅτι
3605 3249 3736 3304 ἑαυα-

2161 3341 2260 3410 τὴν
2287 3339 2646 3409 παρατίθεται
2676 3341 2769 3393 καὶ
2798 3341 2916 3411 Θεῷ
2945 3343 3040 3394 καὶ
3065 3341 3389 3411 ἀνθρώποις.
3421 3342 3530 3395 Καὶ
3553 3341 3736 3395 ἐνταῦ-

2163 3431 2232 3485 θα
2274 3431 2382 3502 γὰρ
2433 3431 2522 3486 διά
2568 3431 2668 3504 τήν
2715 3431 2809 3485 τοῦ
2857 3432 3108 3505 Σωτῆρος
3156 3434 3336 3505 χάριν,
3378 3435 3427 3486 οἱ
3467 3434 3737 3505 μηδέποτε

2161 3528 2310 3598 ἡμᾶς
2329 3526 2528 3590 εἰδότες
2553 3527 2661 3580 τῶν
2692 3525 3126 3582 θεοσεϐεστάτων
3145 3530 3477 3594 ἐπισκόπων,
3503 3530 3736 3600 ετοίμως

2161 3614 2344 3684 έχουσι
2388 3615 2486 3685 τὴν
2527 3616 2707 3686 ψυχὴν
2735 3616 2908 3669 Θεῖναι
2938 3617 3079 3688 ὑπὲρ
3122 3617 3322 3688 ἡμῶν.,
3351 3620 3446 3672 καὶ
3476 3617 3613 3688 μετά
3639 3618 3736 3671 δα-

2163 3706 2345 3778 κρύων
2365 3707 2775 3777 προσέρχονται,
2791 3708 3061 3775 λέγοντες,
3079 3709 3176 3761 καὶ
3204 3717 3229 3756 3’
3260 3707 3734 3780 συνεξορισθῆναι.

2163 3801 2256 3852 καὶ
2291 3799 2696 3865 συναποθανεῖν,
2724 3801 2790 3854 δι’
2825 3801 2987 3872 εὑχής
3024 3801 3252 3871 ἔχουσιν.
3297 3802 3385 3854 Ἐν
3417 3811 3440 3838 ι
3471 3800 3640 3872 πολλῇ
3678 3801 3737 3854 δὲ

2163 3891 2338 3961 θλίψει
2379 3892 2578 3957 πάντες
2606 3893 2796 3964 ἐσμὲν,
2829 3895 2921 3946 καὶ
2957 3893 3044 3947 διὰ
3075 3891 3170 3946 τοῦ
3199 3893 3554 3964 φρουρεῖσθαι
3584 3894 3736 3963 παρά

2164 3983 2529 4057 στρατιωτῶν,
2550 3984 2643 4037 καὶ
2659 3985 2766 4056 πρὸ
2782 3985 2890 4037 τῶν
2915 3983 3058 4038 ίδίων
3085 3983 3354 4037 κοιτώνων
3372 3983 3516 4054 ἔχειν
3539 3983 3737 4046 αὐτοὺς

2166 4073 2552 4141 καθεύδοντας,
2589 4075 2823 4144 μάλιστα
2847 4077 3024 4147 ἡμεῖς.
3065 4075 3129 4127 'II
3161 4074 3215 4127 δὲ
3253 4073 3387 4144 ἄλλη
3434 4075 3583 4126 πᾶσα
3611 4073 3735 4126 σύν-

2163 4163 2282 4227 οδος
2329 4163 2584 4235 ἀπέκαμε
2626 4167 2718 4219 καὶ
2745 4167 2965 4238 κάμνει,
2987 4167 3097 4220 Καὶ
3115 4167 3162 4218 οἱ
3193 4166 3409 4229 πλείους
3440 4165 3730 4218 ἀπέθανονο

2165 4254 2348 4308 λοιπὸν
2397 4255 2453 4307 δὲ
2494 4257 2588 4309 καὶ
2647 4257 2697 4309 οί
2735 4255 2911 4310 λοιποὶ
2952 4256 3022 4309 τὰ
3059 4256 3266 4310 ἑαυτῶν
3302 4255 3732 4327 πιπράσκουσιν,

487 4359 620 4399 vero
650 4359 770 4399 nos.
813 4343 1042 4413 Reliqua
1072 4351 1258 4398 autem
1298 4345 1542 4416 synodus
1572 4346 1828 4401 universa
1856 4345 2025 4400 defati
2051 4379 2065 4389 -

2165 4349 2258 4400 οὑκ
2292 4346 2508 4418 ἔχοντες
2536 4347 2888 4419 ἀναλώματα.

488 4445 609 4507 gata
637 4443 739 4501 est,
765 4443 822 4490 et
852 4435 1080 4490 laborat.
1112 4436 1179 4490 Et
1202 4438 1513 4508 complures
1538 4439 1738 4492 mortui
1772 4449 1900 4493 sunt
1948 4457 1960 4493 :
1997 4441 2107 4509 jam
2147 4455 2279 4496 vero
2330 4450 2385 4496 et
2439 4439 2644 4505 caeteri,
2679 4456 2747 4496 eo
2779 4441 2924 4510 quod
2959 4440 3271 4511 sumptibus
3309 4440 3556 4496 destituti
3623 4438 3736 4496 sint

489 4543 577 4582 res
600 4543 729 4584 suas
756 4527 1082 4584 divendunt.

1625 4705 1960 4762 EPISTULA
2000 4709 2215 4766 XXVIII
2255 4709 2345 4779 (oI.
2392 4708 2602 4775 XXVl).

1233 4815 1432 4853 ςῖηιιιι
1467 4816 1530 4852 ΑΙ)
1565 4815 1942 4853 'I‘IIEOI‘EMI’TIIH
1963 4842 1978 4866 ,
2013 4816 2322 4856 I'OTAMONEM
2353 4817 2417 4855 ET
2443 4816 2699 4854 DANIELEM
2727 4815 3022 4858 EPISCOPOS.

485 4918 800 4990 Exemplum
851 4919 1083 4990 epistola!
1106 4936 1144 4990 ρ
1173 4915 1372 4987 Cyl-illo
1419 4918 1803 4990 archiepiscopo
1840 4919 2048 4988 scripta:

2165 4915 2709 4990 Ἴσον-,ἐπιστολῆς
2755 4918 3086 4990 γραφείσης
3118 4920 3276 4989 παρὰ
3313 4919 3420 4974 τοῦ
3466 4921 3738 4990 ἀρχιεπιο

561 4989 630 5042 ad
657 4985 1076 5060 Theopeniptum,
1097 4985 1436 5060 Potamonem
1459 4997 1504 5040 et
1527 4985 1796 5060 Danielem
1816 4985 2050 5040 reveren-

553 5057 799 5114 dissimos'
833 5057 1094 5129 episcopos
1118 5057 1572 5129 Constantinopoli
1606 5064 1834 5129 agentes,
1863 5074 1965 5129 qna
1988 5073 2050 5110 ea

555 5147 671 5200 qua:
692 5131 754 5183 ob
779 5126 1094 5183 sententiam
1121 5129 1177 5181 in
1205 5126 1504 5200 Nestorium
1527 5136 1575 5180 et
1596 5126 1857 5180 leannem
1883 5127 2052 5180 latam

553 5198 824 5270 perpessus
857 5200 1051 5269 fuerat,
1077 5198 1307 5268 exponit.

554 5357 790 5428 Cyrillus
817 5357 1214 5428 Theopempto,
1251 5357 1461 5412 Danteli
1488 5367 1542 5411 et
1575 5357 1882 5421 Potamoni,
1916 5355 2058 5411 dile-

487 5449 588 5504 ctis
611 5450 1025 5514 connuinistris,
1051 5451 1104 5504 in
1136 5452 1368 5506 Domino
1391 5451 1644 5506 salutem.

560 5629 740 5688 Multae
783 5630 907 5684 istic
950 5638 1139 5686 contra
1180 5647 1281 5688 nos
1310 5633 1559 5689 excitata:
1586 5641 1716 5689 sunt
1742 5632 2055 5697 calumniaé,

2225 4987 2460 5042 σκόπου
2485 4988 2789 5058 Κιξριλλου
2823 4987 2947 5052 τοῖς
2974 4989 3045 5040 ἐν
3081 4987 3735 5058 Κωύσταντινοὺέτόλει,

2227 5056 2692 5129 εὐλαϐεστὰτοις
2756 5056 3114 5129 ἐπισκόποις
3175 5059 3532 5129 Θεοςτέμπτῳ
3554 5101 3570 5124 ,
3636 5056 3738 5118 καὶ

2227 5127 2534 5198 Ποτάμωνι
2584 5126 2682 5198 agat
2722 5127 3021 5195 Δανιήλῳ,
3069 5130 3223 5198 ὑπὲρ
3263 5125 3578 5198 ὤν’ξπαθε
3621 5148 3737 5187 συ-

2229 5195 2503 5268 σκευῷν,
2559 5195 2675 5248 τῶν
2719 5199 2870 5250 κατὰ
2928 5195 3254 5268 Νεστορίου
3309 5195 3405 5254 καὶ
3456 5199 3738 5257 Ἰωάννου

2233 5267 2508 5336 χαρτίων.

2237 5355 2504 5427 Κύριλλος
2551 5355 2928 5427 Θεοπέμπτῳ,
3003 5359 3098 5411 καὶ
3135 5358 3380 5428 Δανιήλῳ
3425 5359 3518 5412 καὶ
3559 5361 3738 5415 Ποτά-

2169 5462 2327 5516 μωνι,
2358 5445 2660 5515 ἀγαπητοῖς
2708 5447 2801 5500 καὶ
2821 5447 3274 5518 συλλειτουργοῖς,
3305 5451 3364 5504 ὲν
3398 5451 3590 5521 Κυρίῳ
3617 5454 3740 5521 χαί-

2203 5555 2302 5591 ειν.

2203 5555 2302 5591 ειν.

2169 5554 2199 5608 ρ
2236 5628 2436 5682 Πολλαὶ
2494 5629 2614 5682 καθ’
2671 5630 2826 5700 ἡμῶν
2884 5632 3167 5702 γεγόνασιν
3219 5633 3398 5686 ἐκεῖσε
3453 5631 3738 5689 διαϐολαί’

1571 5735 1739 5790 Variae
1760 5733 2026 5812 lectiones
2063 5731 2270 5787 codicis
2299 5731 2663 5801 Seguieriani.

555 5842 584 5875 ι
617 5829 839 5901 ποιήσῃ.
912 5836 941 5877 1
970 5828 1054 5882 τσ.
1087 5829 1165 5884 ὅτι
1200 5829 1312 5886 καί.
1377 5840 1397 5867 ι
1428 5829 1661 5902 ἑτοίμως
1697 5827 1879 5902 ἔχουσι
1914 5826 2034 5897 μεθ’
2063 5825 2237 5898 ήμῶν.
2281 5825 2390 5880 Ἐν.
