4028 6208
327 279 428 333 HS

326 409 481 463 τοῦτο
525 408 640 479 μὲν,
677 408 754 470 ὡς
780 409 888 462 ἀπὸ
930 410 1030 481 τῆς
1065 413 1452 486 Ἀλεξανδρέων
1491 416 1892 486 ἀκολουθησάν-

329 514 439 550 των
481 499 603 567 ἡμῖν
639 498 704 550 ὲκ
756 498 848 550 τοῦ
905 499 1184 569 βαλανείου
1239 505 1475 566 πολλῶν,
1527 506 1685 558 τοῦτο
1714 507 1770 560 δὲ
1819 507 1894 570 ὡς

334 587 618 640 κανονικῶν
649 588 1004 652 ἑξελθουσῶν·
1032 593 1107 656 ὡς
1132 594 1187 646 δέ
1215 612 1396 663 φασιν,
1427 600 1508 652 ὃτι
1547 597 1760 668 εἴρηται
1786 617 1895 652 πα-

331 677 396 745 ρὰ
450 677 553 728 τῶν
605 677 1078 748 διαδεδληκότων,
1123 685 1204 735 ὅτι
1255 685 1394 738 κατὰ
1425 687 1695 756 συσκευὴν
1731 687 1894 758 ἐμὴν,

325 768 410 818 καὶ
450 767 513 818 ού
550 768 696 820 κατὰ
731 770 936 822 σκοπὸν
970 772 1071 840 τῆς
1097 772 1259 840 ἁγίας
1293 775 1536 841 συνόδου,
1570 777 1673 846 τὴν
1703 777 1896 831 καθαί-

319 874 468 927 ρεσιν
508 859 774 928 ὑπέμεινε
824 861 1140 931 Νεστὸριος.
1187 865 1330 917 Ἀλλ’
1380 867 1670 938 εὐλογητὸς
1708 869 1737 920 6
1779 869 1896 921 Σω-

315 948 435 1016 τὴρ,
472 950 504 1000 6
541 948 672 1010 τοὺς
721 949 791 1001 τὰ
837 949 1064 1003 τοιαῦτα
1108 951 1368 1021 λέγοντας
1409 955 1652 1023 ἐλέγξας.
1697 953 1896 1010 Ἐλθὼν

315 1039 420 1109 γὰρ
453 1042 538 1104 είς
575 1041 675 1112 τὴν
715 1041 1028 1111 Ἐφεσίωνὸ
1051 1045 1240 1115 κύριός
1267 1065 1389 1118 μου,
1423 1051 1451 1102 6
1477 1049 1896 1122 μεγαλοπρεπέσ-

314 1147 510 1193 στατος
543 1133 641 1186 καὶ
673 1133 1018 1199 ἐνδοξότατος
1059 1137 1234 1208 κόμης
1263 1138 1375 1192 τῶν
1414 1139 1576 1194 θείων
1610 1139 1898 1213 λαργιτιὼ-

310 1237 414 1272 νων
459 1222 744 1292 Ἰωάννης,
791 1225 1040 1293 κατέγνω
1066 1227 1174 1280 τῶν
1209 1227 1278 1282 τὰ
1311 1229 1537 1286 τοιαῦτα
1581 1232 1895 1303 πεφλυαρηέ

310 1313 530 1376 κάτων,
571 1316 728 1369 οὐδὲν
771 1317 948 1388 εὑρὼν
986 1319 1206 1390 ἀληθές.
1251 1317 1370 1376 Εῐδε
1420 1324 1477 1377 δὲ
1532 1325 1614 1378 ὅτι
1650 1326 1783 1379 ίδίαν
1821 1328 1897 1381 ἔν-

312 1422 510 1458 στασιν
570 1409 604 1477 ἡ
655 1409 783 1476 ἁγία
827 1410 1041 1475 σύνοδος
1073 1413 1172 1482 τῆς
1213 1413 1448 1479 πίστεως
1483 1415 1615 1486 ἔχει,
1649 1419 1742 1472 καὶ
1771 1419 1894 1472 οὔτε

309 1496 440 1564 ἐμοὶ
481 1499 842 1570 χαριζομένη,
879 1499 1000 1553 οὔτε
1037 1502 1212 1573 ἑτέρῳ
1243 1505 1370 1570 τινὶ,
1410 1505 1550 1560 ἀλλὰ
1591 1507 1721 1578 θείῳ
1749 1509 1896 1580 ζήλῳ

309 1587 638 1656 κινουμένη,
669 1592 764 1644 καὶ
810 1590 911 1644 οὐκ
956 1593 1254 1660 ἐνεγκοῦσα
1280 1595 1379 1659 τὰς
1412 1597 1624 1650 ἐκείνου
1655 1598 1896 1671 βλασφη-

1695 283 2026 338 EPISTOLA
2066 283 2254 338 XXIX.

3458 289 3566 346 146

1997 403 2198 472 partim
2221 400 2446 470 quidem
2473 400 2635 469 ,quasi
2662 400 2818 454 multi
2846 415 2914 455 ex
2937 399 3325 456 Alexandrinis
3352 399 3568 456 balucis

1996 510 2097 549 nos
2136 493 2454 558 consecuti,
2504 493 2612 562 92
2670 494 2866 561 partim
2909 509 3042 548 vero
3091 493 3248 562 quasi
3290 493 3568 550 canonica

1995 587 2282 642 nobiscum
2309 602 2540 656 egressa
2563 587 2671 641 sint
2699 605 2710 638 :
2741 594 2800 640 ut
2827 594 3010 640 autem
3037 585 3232 649 fertur,
3251 586 3460 641 dictum
3481 595 3567 640 est

1998 695 2027 733 a
2058 677 2546 733 calumniatoribus
2589 677 2900 732 Nestorium
2927 717 2942 742 ,
2990 693 3100 731 non
3146 684 3347 731 sanctae
3373 677 3568 747 synodi

1997 771 2296 834 voluntate,
2329 769 2424 824 sed
2447 769 2584 823 meis
2605 767 2820 822 actibus
2845 775 3256 822 exauctoratum
3281 781 3424 821 esse.
3461 766 3566 821 Sed

1997 860 2323 915 benedictus
2361 859 2628 924 Salvator,
2679 860 2773 930 qui
2813 859 2941 913 talia
2971 859 3218 914 dicentes
3270 858 3566 928 redarguit.

1996 951 2215 1006 Etenim
2258 959 2614 1021 posteaquam
2662 951 2920 1007 dominus
2943 965 3100 1006 meus
3139 950 3570 1020 magniﬁcentis-

1997 1043 2170 1098 simus
2193 1051 2250 1098 et
2271 1042 2697 1113 gloriosissimus
2721 1058 2905 1098 comes
2920 1057 3198 1098 sacrarum
3222 1042 3572 1111 largitionum

1995 1135 2234 1190 Joannes
2257 1133 2536 1204 Ephesum
2566 1134 3085 1204 venisset,nihilque
3111 1148 3306 1188 eorum
3336 1133 3573 1187 veritate

1998 1226 2096 1280 niti
2127 1226 2504 1295 comperisset,
2559 1226 2945 1280 condemnavit
2972 1242 3067 1280 eos
3101 1226 3194 1296 qui
3222 1225 3348 1280 talia
3386 1226 3573 1295 nugati

1997 1317 2231 1372 fuerant.
2259 1317 2689 1387 Agnovitautem
2715 1325 2956 1371 sanctam
2976 1307 3241 1388 synodum
3265 1316 3389 1370 ﬁdei
3411 1331 3574 1371 causa

1999 1407 2348 1462 contendisse
2377 1408 2560 1462 studio
2593 1409 2837 1478 proprio,
2875 1424 3054 1477 neque
3081 1409 3234 1472 mihi,
3274 1424 3449 1478 neque
3477 1409 3574 1462 ulli

1998 1500 2154 1553 alteri
2201 1499 2618 1570 gratiﬁcantem,
2651 1499 2746 1555 sed
2791 1500 2979 1554 divino
3015 1501 3131 1554 zelo
3173 1509 3400 1564 motam,
3428 1500 3576 1568 quod

1999 1590 2366 1660 blasphemias
2386 1592 2532 1645 illius
2558 1592 2701 1646 ferre
2726 1607 2834 1646 non
2858 1599 3062 1661 posset,
3088 1591 3396 1644 Nestorium
3431 1607 3562 1644 con-

310 1679 467 1746 μίας,
505 1680 917 1751 κατεψηφίσατο
964 1685 1150 1738 αὑτοῦ.
1211 1663 1677 1755 Ἀναγνωσθέντος
1715 1691 1769 1743 δὲ
1803 1663 1896 1747 udi.

1999 1684 2304 1739 demnasse.
2325 1685 2688 1754 Posteaquam
2708 1699 2839 1739 vero
2857 1684 3395 1754 religiosissimorum
3411 1683 3574 1739 Chri—

308 1769 408 1822 τοῦ
440 1772 774 1841 γράμματος
828 1773 936 1827 τῶν
963 1776 1368 1833 εὐσεϐεστάτων
1416 1781 1511 1833 καὶ
1541 1781 1899 1853 φιλοχρίστων

310 1861 609 1927 βασιλέων,
642 1863 710 1915 δι’
740 1860 802 1919 οὗ
829 1866 887 1919 αί
922 1867 1029 1920 τῶν
1060 1868 1229 1938 τριῶν
1267 1871 1619 1943 καθαιρέσεις
1650 1875 1900 1943 ἐλέγοντο

307 1944 453 1998 εἶναι
501 1948 745 2015 δεκτέαι,
794 1953 1213 2026 ἐφρουρούμεθα
1259 1961 1418 2025 τέως,
1456 1961 1580 2015 οὐδὲ
1615 1963 1815 2027 ειδότες
1841 1965 1902 2017 τὸ

306 2038 706 2110 ἐπιθησόμενον.
735 2044 881 2115 Πλὴν
903 2047 1332 2122 εὐχαριστοῦμεν
1357 2052 1434 2122 τῷ
1459 2053 1599 2125 Θεῷ,
1622 2055 1752 2109 ὅταν
1771 2073 1902 2109 κατ-

306 2127 640 2202 αξιωθᾶῳεν
672 2135 812 2208 ὑπὲρ
856 2138 952 2192 τοῦ
996 2139 1260 2211 ὀνόματος
1288 2144 1453 2198 αὐτοῦ
1472 2185 1488 2211 ,
1537 2148 1598 2200 οὐ
1628 2148 1901 2218 δεσμῶται

305 2221 567 2286 γενέσθαι
601 2225 785 2293 μόνον,
821 2227 959 2281 ἀλλὰ
993 2228 1101 2300 γὰρ
1139 2231 1234 2284 καὶ
1266 2232 1336 2286 τὰ
1362 2233 1526 2306 ἔτερα
1562 2236 1736 2291 πάντα
1765 2237 1900 2290 ὑπο-

314 2317 497 2380 μεῖναι
526 2332 542 2344 ο
574 2317 641 2369 ού
677 2318 788 2388 γὰρ
816 2319 1048 2389 ἄμισθον
1101 2324 1162 2378 τὸ
1198 2326 1432 2398 πρᾶγμά
1460 2328 1627 2381 ἐστιν.
1662 2329 1776 2382 Οὐκ
1809 2330 1902 2398 ῆνο

309 2404 504 2474 έσχετο
525 2407 585 2460 δὲ
607 2410 643 2478 ἡ
666 2409 887 2475 σύνοδος
905 2416 1232 2486 κοινωνῆσαι
1274 2417 1516 2489 Ἰωάννῃ,
1540 2419 1657 2472 ἀλλ’
1689 2420 1902 2472 ἐνίστα-

308 2512 402 2549 ται
432 2497 693 2565 λέγουσα·
748 2501 882 2556 Ἰδοὺ
917 2505 986 2558 τὰ
1034 2504 1290 2577 σώματα,
1323 2508 1432 2563 ἰδοὺ
1487 2511 1544 2562 αἱ
1589 2510 1897 2581 ἐκκλησίαι,

310 2587 422 2641 εδοὺ
485 2593 541 2643 αί
595 2592 803 2657 πόλεις,
845 2594 1092 2661 ἐξουσίαν
1143 2597 1315 2669 ἔχετεο
1373 2602 1522 2671 ἡμᾶς
1573 2604 1902 2673 κοινωνῆσαι

310 2679 574 2736 ἀδύνατον
603 2687 719 2748 τοῖς
740 2686 1096 2754 άνατολικοῖς,
1123 2690 1190 2746 ἂν
1217 2691 1292 2762 μὴ
1315 2693 1448 2764 λυθῇ
1469 2693 1537 2747 τὰ
1554 2711 1896 2749 κατασκευαι

313 2768 508 2824 σθέντα
537 2774 606 2826 ὲκ
632 2775 731 2843 τῆς
759 2777 942 2830 αὐτῶν
984 2784 1353 2851 συκοφαντίας
1391 2785 1532 2839 κατὰ
1558 2787 1666 2839 τῶν
1692 2787 1849 2840 συλλε
1860 2806 1902 2840 ι-

311 2865 562 2934 τουργῶν
593 2867 776 2936 ἡμῶν,
796 2870 1175 2943 ὁμολογήσωσι
1212 2874 1270 2929 δὲ
1315 2879 1412 2930 καὶ
1460 2877 1558 2948 τὴν
1611 2878 1793 2932 πίστιν
1818 2881 1902 2951 ὀρ-

2001 1779 2182 1847 stique
2201 1779 2499 1833 amantium
2519 1779 2913 1848 imperatorum
2937 1779 3155 1841 litterae,
3182 1777 3385 1847 quibus
3407 1778 3573 1831 trium

2000 1866 2374 1936 depositiones
2418 1867 2746 1923 dicebantur
2793 1867 3195 1937 suscipiendae,
3251 1869 3403 1922 lecta:
3456 1867 3574 1923 fue-

2001 1965 2150 2023 runt,
2165 1957 2429 2012 custodia:
2463 1957 2648 2013 traditi
2681 1973 2891 2023 sumus,
2922 1967 2977 2014 et
3005 1959 3186 2014 adhuc
3203 1959 3569 2024 custodimur,

2002 2049 2177 2118 ignari
2228 2064 2458 2119 prorsus
2502 2065 2613 2118 quo
2659 2049 2881 2104 tandem
2934 2064 3022 2104 res
3045 2049 3162 2104 haec
3208 2050 3280 2104 sit
3323 2066 3572 2105 evasura.

2004 2137 2394 2192 Verumtamen
2420 2138 2623 2208 gratias
2644 2138 2858 2208 agimus
2881 2137 3014 2201 Deo,
3058 2138 3204 2208 quod
3231 2154 3331 2208 pro
3355 2139 3576 2196 nomine

2002 2228 2150 2283 illius
2165 2229 2316 2300 digni
2339 2229 2661 2294 habeamur,
2680 2245 2790 2283 non
2808 2229 2984 2284 solum
3003 2230 3237 2285 vinculis
3253 2233 3574 2303 constringi,

2002 2321 2096 2376 sed
2124 2330 2318 2376 caetera
2344 2336 2563 2391 quoque
2595 2321 2779 2375 omnia
2805 2322 3016 2393 perpeti
3043 2339 3057 2386 ;
3091 2337 3270 2392 neque
3301 2325 3447 2378 enim
3473 2326 3576 2380 ista

2002 2411 2244 2482 praemiis
2283 2412 2402 2467 suis
2443 2413 2732 2467 carebunt.
2775 2413 2894 2468 Non
2941 2414 3122 2483 potuit
3166 2423 3348 2468 autem
3390 2424 3578 2471 sancta

2002 2503 2244 2574 synodus
2271 2503 2480 2568 induci,
2503 2513 2566 2558 ut
2584 2519 2710 2559 cum
2735 2503 2944 2560 Joanne
2971 2506 3442 2572 communicaret;
3480 2507 3576 2561 sed

2001 2595 2230 2660 resistit,
2256 2595 2446 2651 dicens
2477 2613 2490 2648 :
2518 2596 2659 2651 Ecce
2693 2612 2943 2666 corpora,
2984 2613 3114 2652 ecce
3137 2599 3420 2663 ecclesias,
3449 2615 3576 2654 ecce

2001 2687 2288 2752 civitates;
2347 2696 2672 2756 potestatem
2716 2689 2932 2744 habetis
2959 2706 2971 2742 :
3000 2706 3101 2745 nos
3120 2700 3304 2744 autem
3329 2701 3390 2745 ut
3423 2692 3576 2760 prius

2001 2793 2126 2832 cum
2177 2777 2548 2833 Orientalibus
2596 2779 3086 2854 communicemus,
3145 2795 3308 2849 quam
3355 2796 3418 2834 ca
3461 2781 3575 2834 dis-

2003 2873 2307 2935 solvantur,
2333 2887 2454 2941 quae
2476 2886 2575 2941 per
2600 2871 2814 2926 illorum
2844 2872 3171 2926 calumniam
3204 2881 3392 2927 contra
3423 2887 3576 2927 com-

312 2952 432 3055 θήν.
483 2955 1004 3024 Καταγινώσκονται
1050 2963 1158 3036 γὰρ
1207 2964 1274 3018 τά
1313 2966 1632 3038 Νεστορίου,
1677 2968 1772 3022 καὶ
1801 2967 1892 3024 λα-

2005 2964 2288 3019 ministros
2312 2971 2532 3019 nostros
2559 2972 2871 3034 comparata
2897 2973 3043 3029 sunt,
3089 2980 3151 3018 ac
3176 2972 3380 3019 rectam
3415 2964 3576 3018 fidem

317 3043 556 3109 λοῦντες,
591 3049 686 3100 καὶ
714 3051 1059 3120 φρονοῦντες,
1081 3055 1175 3108 καὶ
1195 3054 1605 3126 ὁμολογοῦντες.
1652 3058 1715 3114 Ἡ
1749 3061 1896 3112 πᾶσα

315 3133 413 3188 οὖν
468 3139 718 3204 ἔνστασις
767 3144 826 3196 ἐν
876 3144 1108 3209 τούτοις.
1157 3148 1518 3219 Εύχέσθωσαν
1553 3151 1693 3223 ὑπὲρ
1739 3151 1897 3222 ἡμῶν

318 3228 524 3292 πάντες
560 3233 612 3283 o‘.
637 3233 924 3303 ὀρθόδοξοι.
970 3238 1061 3301 Ὠς
1089 3238 1197 3311 γάρ
1225 3257 1390 3311 φησιν
1432 3243 1462 3295 6
1498 3244 1767 3313 μακάριος
1793 3246 1895 3296 Δα-

321 3317 434 3368 εἱό·
473 3336 492 3368 ι
539 3320 676 3388 Ἐγὼ
702 3323 754 3377 δὲ
791 3327 871 3389 είς
905 3328 1178 3397 μάστιγας
1207 3331 1445 3402 ἕτοιμος.
1485 3351 1502 3382 ι

2000 3055 2384 3119 conﬁteantur,
2422 3053 2478 3108 id
2505 3053 2622 3108 ﬁeri
2650 3054 2800 3108 nullo
2826 3053 2988 3108 modo
3012 3062 3210 3123 potest.
3239 3053 3580 3124 Dignoscun-

1997 3155 2086 3201 tur
2106 3145 2255 3200 enim
2278 3145 2517 3200 Nestorii
2541 3144 2792 3214 dogmata
2817 3143 3204 3214 loqui,sentirc
3224 3151 3280 3199 et
3300 3142 3571 3198 conﬁteri.

1995 3239 2133 3292 Tota
2165 3235 2350 3306 itaque
2396 3235 2680 3290 contentio
2724 3234 2780 3288 in
2806 3234 2893 3288 his
2925 3235 3101 3304 posita
3124 3241 3228 3289 est.
3277 3235 3576 3288 Precentur

1993 3344 2096 3399 pro
2139 3327 2300 3383 nobis
2329 3325 2622 3381 orthodoxi
2655 3340 2867 3380 omnes.
2907 3326 2977 3382 Ut
3003 3325 3150 3379 enim
3176 3325 3372 3378 beatus
3403 3322 3574 3378 David

1993 3422 2070 3476 ait
2099 3437 2110 3473 :
2142 3440 2159 3470 ε
2184 3421 2296 3491 Ego
2324 3435 2456 3475 vero
2481 3419 2537 3472 in
2568 3419 2779 3488 ﬂagella
2807 3425 3032 3488 paratus
3059 3418 3299 3472 sum”.»

1473 3660 1810 3718 EPISTOLA
1849 3661 2021 3716 XXIX
2061 3660 2155 3732 (οι.
2195 3657 2433 3728 XXVII).

1253 3789 1419 3829 Αιγριι
1464 3791 1841 3832 APOSTOLOIIUM
1901 3790 2220 3832 PRESBYTER!
2275 3790 2339 3828 AD
2390 3787 2668 3826 οῖιιιιιωι.

1339 3913 1567 3972 Summis
1603 3917 1846 3972 laudibus
1878 3917 2232 3972 constantiam
2262 3915 2373 3984 ejus
2395 3913 2559 3983 θηται-ι.

383 4041 478 4112 τῷ
509 4041 800 4113 ἁγιωτάτῳ
825 4045 920 4097 ml.
959 4045 1359 4118 θεοφιλεστάτῳ
1398 4049 1492 4103 καλ⁸
1517 4051 1897 4124 ἁρχιερουργῷ

320 4133 576 4203 Κυρὶλλῳ
609 4146 633 4173 ι
683 4133 935 4198 ’Δλύπιος
963 4137 1336 4208 πρεσϐύτερος
1378 4138 1486 4193 τῶν
1525 4141 1897 4206 Ἀποστόλων,

319 4227 376 4278 ἐν
404 4227 600 4296 Κυρίῳ
643 4226 877 4297 χαίρειν.

387 4317 675 4386 Μακάριος
704 4317 1011 4387 ἄνθρωπος,
1037 4319 1096 4371 ὃν
1121 4319 1454 4383 καταξιώσει
1485 4321 1512 4361 ιι
1538 4324 1566 4375 6
1593 4322 1726 4386 Θεὸς
1748 4322 1901 4393 πρῶ-

2067 4027 2448 4111 Ξοηοιίεείηιό,
2513 4046 2734 4115 Deoque
2760 4045 3120 4101 dilectissimo
3156 4048 3573 4120 archiepiscopo

1991 4142 2218 4214 Cyrillo,
2246 4141 2473 4211 Alypius
2492 4139 2880 4207 Apostolorum
2909 4139 3218 4210 presbyter,
3257 4143 3313 4196 in
3335 4141 3572 4196 Domino

2001 4233 2254 4288 salutem.

2062 4325 2261 4378 Beatus
2303 4322 2501 4386 homo,
2550 4338 2713 4392 quem
2746 4320 2983 4392 primum
3012 4323 3158 4376 Deus
3183 4323 3406 4394 dignum
3440 4339 3570 4378 cen—

316 4426 405 4462 τον
468 4411 579 4472 τοῖς
629 4409 731 4479 τῆς
781 4409 1004 4481 ἀγάπης
1037 4411 1332 4482 ὀφθαλμοῖς
1367 4411 1493 4465 ἰδεῖν
1532 4416 1631 4485 τὴν
1674 4413 1894 4483 θεοφιλῆ

2001 4414 2176 4469 suerit
2208 4422 2458 4469 sanctum
2489 4414 2711 4483 Deoque
2739 4413 3006 4468 dilectum
3036 4422 3204 4482 caput
3230 4423 3386 4468 tuum
3431 4430 3573 4468 mar-

315 4498 409 4550 καὶ
443 4499 607 4566 ἁγίαν
637 4515 734 4551 σου
763 4501 1024 4572 κεφαλὴν,
1048 4501 1151 4572 τῆς
1179 4503 1468 4574 ὁμολογίας
1502 4507 1594 4559 τὸν
1624 4506 1716 4560 τοῦ
1756 4523 1896 4576 μαρ-

315 4591 502 4661 τυρίου
525 4589 790 4658 στέφανον
807 4593 1076 4664 φέρουσαν
1093 4605 1139 4648 ο.
1161 4596 1234 4648 Σὺ
1256 4596 1384 4668 γὰρ,
1400 4599 1666 4666 ἁγιώτατε
1691 4599 1892 4669 Πάτερ,

317 4679 414 4748 τὴν
442 4679 548 4732 τῶν
575 4680 746 4748 ἁγίων
781 4681 1038 4754 Πατέρων
1061 4683 1178 4737 ὁδὸν
1206 4685 1494 4758 ὲγρηγόρῳ
1517 4687 1593 4758 τῷ
1625 4687 1833 4759 ὄμματι
1862 4690 1889 4728 ἀ

321 4771 750 4843 περιεπάτησας,
787 4776 1032 4838 καὶτοὺς
1064 4775 1422 4846 χωλαίνοντας
1467 4789 1490 4818 ο
1532 4779 1618 4832 ἐπ’
1655 4780 1892 4849 ἀμφοτέ-

329 4875 448 4926 ραις
485 4865 604 4925 ταῖς
664 4864 878 4932 ἰγνύαις
934 4866 1246 4937 ὁρθοποδεῐν
1297 4869 1432 4938 πρὸς
1482 4869 1580 4940 τὴν
1634 4869 1892 4942 ἀλήθειαν

326 4951 580 5017 ἐδίδαξας
616 4957 681 5008 σὺ
706 4959 807 5021 τὴν
839 4960 1156 5030 παρρησίαν
1181 4961 1274 5015 τοῦ
1315 4963 1470 5016 Ἠλία
1509 4962 1764 5027 ὲνεδύσω,
1801 4963 1894 5016 καὶ

322 5045 415 5095 τὸν
448 5043 600 5115 ζῆλον
625 5047 722 5101 τοῦ
749 5050 935 5114 Φινεὲς
968 5052 1127 5121 μόνος
1157 5053 1470 5122 ἀνείληφας·
1514 5058 1578 5108 σί)
1613 5054 1674 5108 τὸ
1705 5054 1895 5106 δυσσε-

320 5133 412 5196 ϐὲς
445 5136 621 5206 στόμα
662 5138 758 5191 τοῦ
820 5139 1025 5193 ἰοϐόλον
1077 5141 1370 5211 δράκοντος
1417 5144 1742 5216 ἐνέφραξας·
1801 5146 1894 5198 καὶ

323 5226 411 5278 τὶν
445 5228 759 5297 πολυφάγον
804 5231 914 5302 Βὴλ
965 5232 1357 5305 κατέστρεψαςο
1399 5236 1491 5290 καὶ
1530 5237 1628 5306 τὴν
1662 5236 1893 5306 μάταιον

376 5381 420 5411 ’⁸
444 5381 589 5436 Psal.
615 5399 815 5447 xxxvn,
843 5385 927 5439 I8.
1010 5387 1023 5417 ⁸
1053 5387 1120 5443 III
1153 5389 1282 5459 Reg.
1319 5406 1468 5452 mu,
1496 5390 1582 5444 2|.

1661 5391 1773 5444 ἸΙΙ
1821 5393 1950 5461 Reg.
2012 5409 2120 5458 xxx,
2172 5394 2196 5446 I
2249 5408 2401 5463 seqq.

2002 4507 2128 4577 tyrii
2147 4506 2506 4562 confessionis
2526 4507 2688 4560 scrtis
2713 4506 3027 4560 redimitum
3059 4505 3370 4560 dilectionis
3401 4506 3575 4560 oculis

2001 4598 2276 4652 contueri.
2311 4597 2391 4651 Tu
2423 4598 2593 4660 enim,
2631 4597 2974 4652 sanctissime
3003 4598 3184 4662 Pater,
3215 4594 3460 4667 vigilanti
3487 4598 3570 4650 lu—

2001 4689 2148 4744 mine
2175 4698 2492 4744 sanctorum
2514 4690 2738 4744 Patrum
2779 4688 2928 4743 viam
2959 4689 3196 4755 trivisti;
3251 4698 3308 4742 tu
3334 4697 3571 4759 utroque

1999 4780 2205 4851 poplite
2249 4780 2651 4836 claudicantes|
2681 4789 2830 4836 recta
2869 4781 2936 4836 ad
2976 4780 3393 4851 veritatem93
3420 4781 3570 4836 ince-

1998 4870 2129 4924 dere
2154 4870 2425 4937 docuisti;
2461 4880 2518 4926 tu
2542 4870 2794 4925 ﬁduciam
2822 4869 3048 4924 indutus
3070 4885 3130 4924 es
3153 4869 3318 4936 Eliaé;
3345 4877 3402 4923 tu
3422 4869 3571 4924 solus

1999 4961 2234 5016 Phinees
2282 4962 2457 5015 zelum
2503 4962 2924 5032 assumpsisti’;
2962 4969 3019 5014 tu
3056 4961 3282 5030 impium
3308 4962 3567 5016 venenosi

1996 5053 2254 5108 draconis
2280 5069 2342 5108 os
2367 5052 2637 5108 obturasti
2658 5054 2711 5117 ³;
2775 5063 2831 5106 ιιι
2869 5067 3122 5106 voracem
3149 5052 3240 5106 Bel
3280 5051 3565 5115 evertisti;

1997 5153 2056 5200 tu
2082 5146 2300 5202 inanem
2326 5146 2473 5200 illius
2497 5161 2670 5215 spem,
2720 5145 2825 5200 hoc
2843 5154 2947 5208 est,
2973 5144 3312 5198 dominatum
3350 5151 3406 5198 et
3432 5159 3564 5213 pra:-

1998 5237 2290 5293 sidentiam
2336 5253 2443 5293 aere
2489 5242 2816 5305 cocmptam,
2862 5235 3166 5290 labefecisti
3209 5245 3261 5292 et
3290 5249 3565 5304 compres-

2479 5395 2498 5424 ³
2526 5393 2685 5448 Num.
2713 5408 2835 5454 xxv,
2863 5392 2892 5442 7
2925 5407 3074 5461 seqq.

1413 5526 1584 5581 Varia:
1605 5527 1864 5583 lectiones
1895 5529 2102 5585 codicis
2137 5530 2495 5601 Seguicriani.

354 5660 380 5691 ³
409 5652 824 5725 ἀρχιεπιτκόπῳ
857 5654 1128 5726 Κυρθελῳ.
1205 5657 1234 5695 ι’
1266 5657 1330 5711 ἂν
1361 5656 1687 5728 καταξιώςῃ.
1766 5671 1785 5698 ε
1822 5661 2110 5733 φοροῦσαν.
2179 5663 2203 5701 ἀ
2233 5663 2516 5735 ὲγρηγόρῳ
2548 5662 2776 5734 ὄμματι.
2851 5675 2872 5702 θ
2905 5663 3258 5734 χωλεύοντας.
