4028 6208
407 296 509 350 Ηῗ

1427 292 1482 348 S.
1523 289 1799 366 QYRILLI
1838 286 2302 377 ALEXANDRINI
2342 285 2656 342 ARClllEP.

3541 273 3642 330 Hii

409 417 551 483 sisti,
601 432 892 491 aureasque
932 428 1127 479 statuae
1169 426 1491 489 apparatum
1535 415 1824 486 perdidisti
1844 414 1884 467 δ.
1912 414 1978 467 Et
2011 425 2027 474 ε

2107 409 2246 462 ιύτοῦ
2289 409 2478 462 ἐλπίδα
2521 407 2608 461 διὰ
2658 403 3009 476 ῖχρημὰτων
3026 400 3175 472 αὐτῷ
3222 393 3644 465 ἐπιγενομένην,

409 512 701 581 qualenam
727 529 790 568 os
812 512 1154 582 spiritalibus
1171 511 1470 582 unguentis
1489 509 1752 563 refertum
1777 507 1881 562 zeli
1898 506 1977 559 tui

408 604 660 657 encomia
699 605 1008 673 exprimere
1040 604 1237 667 valeat,
1277 611 1336 656 ut
1381 601 1477 671 qui
1515 595 1660 655 beati
1688 597 1978 667 Theophili

413 692 666 747 avunculi
697 693 776 746 tui
802 693 1077 762 perfectus
1100 692 1343 746 imitator
1360 691 1626 756 evaseris,
1647 691 1756 744 imo
1767 699 1823 743 et
1837 687 1982 742 beati

412 783 564 838 illius
585 783 869 839 Athanasii
913 784 1176 857 martyrio
1212 793 1511 840 coronatus
1531 783 1642 840 sis?
1675 783 1891 838 Etenim
1923 787 1985 835 ut

416 874 509 928 ille
563 875 822 945 precibus
870 876 1219 945 propulsatas
1249 875 1565 946 iniquorum
1601 874 1982 929 haereticorum

416 963 854 1018 machinationes
883 963 1111 1032 perinde
1132 979 1196 1019 ac
1215 965 1471 1035 scopulos
1500 963 1746 1020 evitavit.
1787 963 1868 1018 sic
1893 970 1985 1016 tua

417 1067 639 1123 quoque
669 1052 932 1109 sanctitas
974 1053 1149 1124 iniqui
1179 1054 1326 1110 illius
1347 1065 1577 1110 conatus
1600 1045 1726 1109 vite
1755 1053 1984 1124 integri-

419 1151 530 1199 tate
575 1143 1034 1214 conscientizeque
1058 1147 1319 1217 puritate,
1353 1147 1525 1202 veluti
1552 1146 1801 1200 inﬁrmas
1821 1161 1988 1215 quas-

417 1236 546 1290 dam
573 1237 843 1304 procellas
865 1237 1096 1292 sedavit.
1149 1237 1240 1293 Sic
1260 1239 1407 1293 enim
1449 1246 1506 1294 et
1527 1238 1724 1294 beatus
1745 1239 1988 1292 Athana-

422 1326 538 1380 sius
569 1334 691 1395 post
714 1327 913 1382 multas
937 1327 1102 1383 falsas
1125 1328 1560 1392 criminationes,
1587 1345 1725 1399 quas
1747 1327 1991 1384 haeretici

423 1416 473 1468 ci
505 1416 900 1486 impingebant,
937 1416 1224 1482 refutatas,
1275 1418 1638 1488 exsiliumque
1668 1433 1857 1472 eorum
1892 1418 1991 1472 de-

423 1516 576 1562 creto
626 1507 721 1577 qui
774 1514 901 1562 tunc
957 1523 1140 1562 rerum
1192 1509 1568 1579 potiebantur,
1598 1510 1784 1565 ethoc
1814 1511 1993 1578 ipsum

425 1598 544 1654 ﬁeri
580 1598 864 1663 curabant,
901 1599 1176 1669 patienter
1206 1601 1521 1666 toleratam,
1566 1601 1622 1655 id
1666 1609 1998 1656 consecutus

424 1697 527 1754 est,
556 1698 616 1744 ut
641 1705 708 1744 co
736 1705 952 1759 semper
969 1691 1171 1760 purior
1200 1692 1575 1763 illustriorque
1597 1692 1857 1747 evaderet
1877 1692 1998 1745 lon-

2083 500 2439 573 προστασίαν,
2470 498 2645 569 ἀργὴν
2700 497 2795 549 καὶ
2852 496 3140 563 ἀνίσχυρον
3185 493 3210 531 ε
3267 487 3645 554 κατέστησας·

2082 594 2176 647 καὶ
2201 592 2262 645 τὸ
2290 590 2719 660 κατασκεύασμα
2745 588 2842 658 τῆς
2873 586 3077 656 χρυσῆς
3116 581 3318 643 εἰκόνος
3343 575 3536 647 νεκρὸν
3558 589 3649 641 γε·

2083 685 2268 739 νέσθαι
2296 685 2577 755 ἐποίησας.
2615 682 2726 735 Καὶ
2757 681 2908 732 ποῖον
2937 677 3132 746 στόμα,
3156 674 3341 744 μύρων
3371 667 3649 755 ἀπογέμον

2085 777 2493 849 πνευματικῶν,
2537 775 2819 844 δυνήσεται
2869 766 3204 839 φθέγξασθαι
3230 762 3323 816 τοῦ
3355 760 3518 831 ζήλου
3553 754 3650 849 τοῦ

2087 869 2182 923 σοῦ
2229 848 2296 922 τά
2339 865 2630 936 ἐγκώμια;
2669 862 2832 916 ὁπότε
2877 861 2988 922 ίσος
3035 856 3218 924 ἐγένου
3251 852 3346 906 τοῦ
3380 848 3653 922 μακαρίου
3756 884 3760 887 -

2085 960 2344 1030 Θεοφίλου
2386 958 2481 1012 τοῦ
2523 956 2616 1010 σοῦ
2647 953 2791 1009 θείου
2821 951 3064 1023 μιμητής
3087 967 3102 980 ·
3131 946 3266 1001 ἀλλά
3299 945 3395 997 καὶ
3419 941 3481 995 τὸ
3512 957 3654 1010 μαρ-

2087 1053 2271 1125 τύριον
2293 1051 2386 1105 τοῦ
2416 1048 2686 1120 μακαρίου
2728 1043 3044 1100 Ἀθανασίου
3070 1038 3366 1094 ἐνεδύσωὶι.
3384 1031 3656 1125 Καθάπερ

2089 1123 2196 1215 γὰρ
2247 1144 2456 1204 ἐκεῖνος
2495 1140 2602 1192 τῶν
2646 1137 2863 1208 ἀνόμων
2895 1130 3186 1204 αίρετικῶν
3235 1128 3334 1192 τάς
3387 1123 3656 1184 συσκευὰς

2089 1237 2164 1299 ὡς
2187 1235 2449 1296 σπιλάδας
2485 1232 2736 1299 ἐξέφυγε,
2784 1230 2902 1291 ταῖς
2929 1225 3253 1296 προσευχαῖς
3277 1219 3656 1287 ἀπωσάμενος,

2097 1327 2240 1381 οὕτω
2278 1326 2373 1379 καὶ
2409 1326 2443 1395 ἠ
2483 1323 2549 1394 σὴ
2589 1320 2865 1390 ἀγιωσύνη
2904 1318 3002 1382 τὰς
3031 1315 3300 1377 συσκευάς
3327 1310 3422 1365 τοῦ
3455 1309 3658 1378 ἀνόμου

2092 1420 2280 1490 ὥσπερ
2309 1417 2576 1479 λαίλαπας
2594 1413 2838 1476 ἀσθενεῖς
2853 1408 3241 1480 κατεκοίμισας
3271 1408 3313 1469 ὶ,
3341 1403 3420 1473 τῷ
3434 1397 3661 1490 καθαρῴ

2093 1512 2192 1582 τῆς
2253 1488 2607 1580 συνειδήσεως
2639 1506 2758 1578 βίῳ.
2793 1503 2949 1558 Οὕτω
2976 1500 3095 1572 γὰρ
3127 1499 3221 1552 καὶ
3267 1497 3296 1548 ὁ
3342 1493 3606 1582 μακάριος
3635 1488 3650 1538 i

2108 1600 2425 1663 Ἀθανάσιος
2467 1598 2602 1671 μετά
2644 1594 2844 1656 πολλὰς
2874 1595 2902 1633 ιι
2947 1592 3045 1654 τὰς
3085 1588 3298 1660 ψευδεῖς
3335 1581 3662 1651 ἐπαγγελίας

2096 1695 2194 1756 τὰς
2242 1693 2348 1746 ὑπὸ
2404 1689 2697 1762 αἱρετικῶν
2745 1685 2895 1755 αύτῷ
2952 1677 3412 1754 προσγενομένας,
3465 1672 3665 1732 ἑώλους

426 1783 762 1852 ganimitate,
786 1781 873 1837 his
897 1784 1272 1853 prterogativis
1293 1785 1466 1856 magis
1491 1784 1866 1855 resplendens,
1888 1798 1998 1853 quo

2107 1786 2371 1850 ἀπέδειξε,
2404 1786 2498 1838 καὶ
2536 1780 2838 1849 ἀλλοδαπὴν
2866 1777 3082 1846 οἰκῆσαι
3109 1769 3434 1834 κατεδέξατο
3453 1764 3664 1834 ὲξορίας

429 1869 597 1942 magis
648 1871 865 1942 impura
893 1872 985 1926 illa
1014 1888 1112 1926 ora
1135 1873 1300 1928 falsas
1333 1875 1748 1929 criminationes
1780 1873 1883 1944 ipsi
1909 1873 1996 1926 in-

428 1963 732 2018 tentabant.
789 1963 969 2034 Atque
1003 1964 1090 2019 bis
1123 1966 1527 2022 certaminibus
1559 1966 1808 2038 martyrii
1837 1982 2000 2022 coro-

428 2071 554 2108 nam
571 2053 662 2110 ille
683 2055 789 2111 sibi
807 2065 1054 2121 nectens,
1072 2073 1241 2113 consn
1251 2045 1703 2113 bstantialitatem
1713 2058 1996 2124 stabilivit,

429 2163 858 2218 perversamquc
907 2149 1023 2203 Arii
1071 2150 1379 2205 doctrinam
1421 2150 1671 2214 calcavit,
1718 2159 1775 2204 et
1805 2149 2000 2204 ortho-

430 2240 648 2295 doxiam
699 2241 884 2296 denuo
925 2241 1122 2305 erexit,
1166 2257 1232 2296 ac
1259 2242 1431 2296 sancti
1457 2241 1624 2296 Marci
1654 2241 2003 2310 evangelista:

432 2334 616 2388 sedem
667 2335 722 2387 in
765 2334 1002 2390 sublime
1043 2334 1242 2388 extulit
1271 2352 1284 2387 :
1313 2334 1515 2404 quibus
1554 2343 1614 2388 tu
1649 2333 1814 2387 etiam
1847 2347 2000 2395 usus,

431 2425 605 2480 sancti
635 2424 784 2480 illius
813 2426 1062 2496 vestigiis.
1091 2425 1322 2496 impigre
1352 2425 1621 2480 institisti.
1671 2425 1872 2479 Precor
1898 2423 2004 2478 ita-

432 2534 559 2588 que,
587 2518 930 2574 sanctissime
954 2519 1224 2582 Pater,~ut
1242 2517 1438 2587 dignus
1459 2513 1755 2585 aliquando
1779 2514 2002 2577 habear,

431 2611 526 2680 qui
554 2619 606 2666 te
635 2611 818 2665 virum
847 2619 1101 2665 sanctum
1123 2624 1308 2664 coram
1335 2622 1578 2671 cernam,
1606 2615 1810 2675 tuaque
1830 2620 2006 2675 genua

434 2698 810 2772 complectar,
863 2710 922 2757 et
973 2711 1222 2771 tempore
1271 2700 1425 2770 pacis
1480 2697 1725 2752 coronati
1754 2696 2010 2767 martyris

435 2803 738 2866 conspectu
759 2795 931 2849 fruar.
968 2793 1299 2849 Universum
1331 2806 1517 2846 rerum
1545 2801 1856 2845 nostrarum
1895 2798 2008 2843 sta-

439 2898 576 2953 tum,
603 2887 883 2958 quomodo
917 2901 1041 2942 cum
1075 2885 1275 2940 ﬁducia
1295 2883 1594 2955 egerimus,
1629 2882 1742 2936 tuis
1790 2890 2010 2936 sancto-

437 2993 671 3048 rumque
700 2979 924 3033 Patrum
971 2975 1231 3046 precibus
1260 2975 1408 3039 freti,
1458 2982 1516 3028 et
1550 2988 1894 3043 quaecunque
1927 2973 2011 3028 fe-

440 3069 638 3132 cimus,
663 3067 1040 3123 Candidianus
1061 3067 1298 3122 dilectus
1314 3065 1602 3129 diaconus,
1622 3064 1714 3134 qui
1727 3064 2016 3134 parvitatis
2041 3100 2082 3158 ο

442 3176 576 3215 mea:
619 3159 834 3214 litteras
861 3158 1141 3214 sanctitati
1171 3167 1277 3213 tum
1301 3156 1499 3221 defert,
1541 3171 1729 3210 coram
1753 3163 2011 3225 exponet.

441 3254 633 3308 Saluto
683 3253 996 3307 universam
1045 3261 1290 3307 sanctam
1338 3249 1608 3321 synodum
1639 3264 1748 3303 una
1770 3263 1896 3302 cum
1923 3256 2016 3303 tua

443 3345 737 3401 sanctitate
780 3343 1030 3415 martyrii
1071 3359 1274 3398 corona
1300 3351 1570 3396 ornatam.
1606 3341 1752 3395 Deus
1779 3347 1834 3394 te
1857 3338 2019 3396 nobis

443 3437 710 3508 largiatur
735 3437 1007 3490 valentem
1033 3451 1098 3490 ac
1123 3435 1329 3499 lzetum,
1351 3432 1406 3487 in
1420 3430 2014 3496 Dominohonoratum,

442 3545 542 3600 pro
571 3529 802 3584 veritate
827 3536 1154 3583 certantem.
1175 3561 1186 3568 -

2096 1878 2263 1947 λόγῳ,
2311 1877 2421 1929 τῶν
2463 1875 2583 1928 τότε
2639 1869 2983 1941 κρατούντων
3029 1865 3186 1919 τοῦτο
3233 1856 3666 1914 κατασκευασάν-

2099 1986 2226 2023 τωψ
2268 1968 2362 2021 καὶ
2407 1968 2532 2020 ὅσον
2578 1964 2835 2018 ἔσπευδον
2875 1959 2946 2014 τὰ
2986 1955 3159 2030 μιαρά
3203 1953 3385 2006 ἐκεῖνα
3426 1948 3669 2018 στόματα

2101 2061 2321 2115 πλέκειν
2362 2058 2533 2129 ψευδῆ
2597 2056 2946 2126 ἐγκλήματα,
2998 2047 3237 2117 τοσούτῳ
3289 2039 3670 2112 καθαρώτερος

2101 2154 2196 2207 καὶ
2235 2151 2614 2223 λαμπρότερος
2645 2145 2986 2201 ἀνεδείκνυτο
3029 2143 3096 2210 τῇ
3147 2129 3674 2223 μακροθυμίᾳηδια-

2103 2243 2334 2312 λάμπων
2380 2239 2592 2300 τούτοις
2639 2239 2747 2299 τοῖς
2800 2231 3256 2300 πλεονεκτήμασι.
3309 2225 3418 2279 Καὶ
3463 2219 3672 2280 τούτοις

2102 2337 2213 2396 τοῖς
2239 2331 2420 2392 ἄθλοις
2445 2328 2536 2380 τὸν
2578 2325 2842 2394 στέφανον
2863 2321 2958 2375 τοῦ
3001 2315 3297 2390 μαρτυρίου
3330 2310 3508 2379 ἐαυτῷ
3547 2306 3674 2396 πλέ-
3733 2344 3746 2352 .

2106 2395 2223 2484 ξας,
2239 2417 2301 2470 τὸ
2317 2413 2600 2485 όμοούσιον
2617 2413 2834 2482 ἔστησε,
2854 2410 2946 2463 καὶ
2977 2407 3077 2478 τὴν
3116 2402 3323 2473 Ἀρείου
3355 2395 3675 2460 κακοδοξίαν

2108 2507 2471 2576 κατεπάτησε,
2507 2505 2602 2559 καὶ
2641 2502 2738 2573 τὴν
2771 2498 3081 2571 όρθοδοξίαν
3123 2493 3419 2562 ἀνέστησε,
3455 2486 3549 2541 καὶ

2108 2600 2261 2668 ἅγιον
2292 2573 2386 2652 τού
2421 2593 2805 2665 εὐαγγελιστοῦ
2846 2592 3075 2661 Μάρκου
3108 2587 3295 2659 θρόνον
3329 2583 3563 2652 ὕψωσεν·
3594 2573 3678 2642 οἷς

2107 2691 2203 2745 καὶ
2232 2690 2394 2752 αὐτὸς
2421 2689 2785 2760 χρησάμενος,
2836 2683 3063 2737 κατόπιν
3109 2680 3318 2732 ἐκείνου
3371 2674 3466 2726 τοῦ
3520 2672 3678 2740 ἁγίου

2111 2781 2543 2852 περιεπάτησας.
2600 2778 2844 2848 Εΰχομαι
2883 2774 3083 2838 τοίνυν,
3140 2768 3410 2838 ἀγιώτατε
3462 2765 3677 2833 Πάτερ,

2111 2872 2516 2943 καταξιωθῆναι
2549 2872 2732 2934 αὐτοῖς
2773 2868 3072 2939 ὀφθαλμοῖς
3119 2864 3247 2918 ἰδεῖν
3292 2860 3354 2913 τὸ
3399 2857 3552 2924 ἅγιόν
3584 2873 3678 2909 σου
3778 2910 3783 2914 _

2114 2967 2428 3039 πρόσωπον,
2469 2965 2563 3019 καὶ
2596 2965 2869 3034 κρατῆσαι
2892 2960 3000 3014 σῶν
3027 2957 3292 3027 γονάτων,
3328 2951 3422 3006 καὶ
3446 2947 3684 3004 ἀπολαῦ-

2117 3078 2207 3113 σαι
2243 3059 2518 3130 μάρτυρος
2543 3099 2558 3122 ,
2614 3058 2671 3109 ἐν
2714 3053 2890 3124 καιρῷ
2935 3053 3157 3122 εἰρήνης
3200 3048 3327 3109 τοὺς
3386 3041 3682 3130 στεφάνους

2114 3128 2548 3219 ἀναδησαμένου.
2580 3146 2831 3197 ’Ἂπαντα
2862 3143 2919 3195 δέ
2951 3141 3019 3193 τὰ
3064 3137 3182 3192 καθ’
3205 3137 3373 3207 ἡμᾶς,
3409 3131 3484 3194 ὡς
3516 3128 3686 3219 ἐπαρο

2112 3218 2514 3312 ρησιασάμεθα,
2540 3238 2916 3308 θαρσήσαντες
2937 3235 3002 3304 τῇ
3031 3234 3098 3301 σῇ
3129 3227 3428 3299 προσευχῇ,
3457 3218 3687 3312 καὶτῶν

2112 3311 2283 3402 ἀγίων
2318 3332 2601 3402 Πατέρων,
2629 3328 2724 3382 καὶ
2760 3328 2861 3380 ὅσα
2901 3323 3266 3394 ἐποιήσαμεν,
3305 3316 3449 3380 λέξει
3487 3313 3516 3365 ό
3553 3311 3686 3378 ἀγα·

2113 3425 2283 3496 πητδς
2325 3424 2570 3487 διάκονος
2611 3418 2993 3479 Κανδιδιαῦὸς,
3037 3414 3097 3476 ὃς
3135 3411 3230 3465 καὶ
3271 3406 3340 3460 τά
3385 3404 3688 3496 γράμματα

2113 3491 2214 3588 τῆϋς
2257 3517 2395 3587 ἐμῆς
2450 3511 2788 3584 βραχύτητος
2834 3507 3110 3562 ἐπιδίδωσι
3164 3505 3231 3572 τῇ
3277 3502 3342 3569 σῇ
3384 3491 3684 3588 ἁγιωσύνῃ.

446 3584 846 3692 ίΙροσαγορεύω
893 3604 1203 3684 πᾶσαντὴν
1234 3618 1396 3687 ἀγίαν
1432 3616 1650 3670 σύνοδον
1677 3615 1782 3670 τῶν
1829 3584 2251 3684 ἀναδησαμένων
2447 3606 2711 3674 στέφανον
2756 3601 2850 3654 τοῦ
2895 3595 3194 3692 μαρτρρίου
3235 3589 3406 3692 μετὰῇ
3431 3587 3529 3692 fit“
3567 3584 3690 3692 ,σῆς

443 3675 742 3783 ὁσιότητος.
789 3675 1445 3786 Ἐῥροιμένος,ἐῠθυμος,
1490 3713 1547 3766 ἐν
1587 3709 1777 3782 Κυρίῳ
1808 3675 2146 3778 διαπρέπων,
2177 3700 2573 3773 ἀγωνιζόμενος
2621 3695 2760 3766 ὑπὲρ
2791 3697 2888 3764 τῆς
2919 3688 3184 3761 ἀληθείας
3213 3679 3532 3755 χαρισθείης
3557 3675 3691 3746 ἡμῖν

414 3811 431 3826 ⁸
447 3808 557 3863 ἀπὸ
583 3805 744 3862 Θεοῦ.

1525 4023 1637 4096 94
1674 4020 2011 4078 EPISTOLA
2042 4019 2191 4076 xxx
2231 4020 2325 4092 (οί.
2365 4016 2625 4089 xxvm).

1129 4161 1405 4203 NAXIHIANI
1441 4159 1628 4200 casm
1661 4157 1893 4198 EPISCOPI
1923 4152 2520 4196 coas'rammorounm
2552 4134 2627 4205 (l)
2651 4149 2715 4187 AD
2741 4141 3014 4185 cvnILLuu.

453 4270 708 4326 Sanctum
737 4262 932 4320 Christi
962 4263 1308 4333 confessorem
1330 4278 1424 4333 pro
1450 4261 1653 4333 meritis
1680 4259 1886 4323 laudat,
1922 4257 2314 4333 petitque_tan_ti
2347 4251 2717 4333 prwsalissiue
2743 4243 2975 4330 precibus
2993 4238 3194 4311 juvari,
3229 4233 3334 4288 sive
3361 4228 3587 4284 consiliis
3612 4226 3698 4281 ind

1338 4320 1580 4402 formari,
1609 4331 1717 4385 sive
1748 4320 2000 4400 perpetuo
2026 4320 2299 4381 citaritatis
2329 4320 2534 4378 eiaculo
2565 4320 2834 4374 devinciri.
2869 4355 2878 4362 .

523 4459 957 4531 Rcligiosissimo
1015 4468 1072 4514 et
1128 4455 1588 4514 revereudissimo
1650 4451 2027 4507 comministro

2201 4449 2293 4518 Τῷ
2329 4443 2726 4516 θεοφιλεστάτῳ
2765 4441 2858 4493 καὶ
2891 4434 3270 4505 εύλαῦεστάτῳ
3307 4429 3702 4526 συλλειτουργιρ

453 4552 676 4624 Cyrillo,
696 4550 1058 4607 Maximianus
1081 4550 1392 4621 episcopus,
1431 4547 1484 4601 in
1511 4546 1741 4600 Domino
1770 4543 2021 4599 salutem.

527 4737 818 4806 Expletum
841 4742 928 4791 est
952 4732 1288 4790 desiderium
1313 4737 1488 4793 tuum,
1513 4722 1626 4782 Deo
1640 4727 1992 4781 devotissime
2011 4767 2024 4789 ,

457 4829 762 4898 perfectum
788 4836 874 4883 est
901 4826 1050 4898 quod
1077 4823 1359 4895 religionis
1382 4836 1546 4874 causa
1574 4832 1932 4888 susceperas;
1963 4815 2029 4869 ad

461 4921 622 4976 [intem
669 4921 1000 4991 perductum
1042 4926 1127 4974 est
1171 4913 1394 4987 pietatis
1414 4921 1520 4967 tum
1546 4919 1752 4965 votum.
1804 4908 2031 4979 Specta-

529 5081 551 5114 ⁸
577 5083 712 5137 Dan.
764 5097 873 5149 xlv,
925 5081 952 5136 1
1011 5095 1166 5151 seqq.

2130 4511 2446 4607 Κυρίλλῳξ
2484 4511 2826 4603 Μαξιμιανὸς
2869 4526 3163 4588 ἐπίσκοπος
3239 4523 3297 4574 ἐν
3339 4517 3526 4588 Κυρίῳ
3582 4511 3699 4582 χαί-

2166 4647 2266 4686 ειν.

2166 4648 2266 4686 ειν.

2134 4648 2162 4702 ρ
2204 4717 2566 4790 Πεπλήρωταί
2599 4735 2680 4769 σοι
2707 4712 2776 4768 τὰ
2803 4713 2900 4784 τῆς
2942 4709 3259 4781 ἐπιθυμίας,
3291 4701 3667 4774 θεοφιλέστατε
3689 4713 3703 4726 ⁶

2135 4813 2362 4885 ήνυσταί
2396 4829 2475 4866 σοι
2502 4813 2530 4864 ό
2566 4809 2706 4880 ὑπὲρ
2728 4807 2829 4877 τῆς
2858 4803 3140 4866 εὐσεϐείας
3173 4799 3392 4861 σκοπός·
3423 4797 3501 4858 είς
3534 4792 3708 4885 πέρας

2137 4881 2397 4979 ἐλήλυθεν
2448 4906 2477 4958 δ
2527 4902 2669 4972 ὑπὲρ
2716 4895 2995 4959 εὐσεϐείας
3035 4894 3217 4956 πόθος.
3253 4891 3488 4961 Θέατρον
3523 4881 3710 4952 ἐγένου

1552 5186 1728 5245 Variae
1752 5185 2018 5240 lectiones
2046 5179 2252 5237 codicis
2279 5171 2641 5249 Seguieriani.

539 5313 556 5351 ί
586 5314 685 5384 τὴν
719 5310 826 5368 διά.
901 5316 936 5384 εν
960 5313 1051 5384 καὶ
1080 5311 1277 5384 ἀρχὴν,
1309 5307 1619 5378 ἀνίσχυρον.
1692 5300 1718 5340 ιι
1751 5298 2018 5372 ἀνιδήσω⁶
2050 5299 2145 5352 καὶ
2181 5296 2429 5363 καθάπερ
2484 5291 2710 5351 ἐκεῖνος.
2793 5293 2807 5322 ι
2842 5277 3210 5353 κατεκοίμισε.
3251 5307 3254 5312 -
3312 5278 3325 5329 i
3361 5279 3713 5350 μακαριώτα-

705 5384 790 5436 ισ.
825 5383 1012 5436 πολλά.

538 5499 615 5570 (l)
655 5497 1014 5570 Maximianus
1050 5493 1538 5570 Constantinopoli
1555 5493 1781 5570 electus_
1799 5497 1905 5569 est.
1924 5485 2039 5555 epi-

466 5560 668 5639 scopus
691 5576 856 5638 atque
889 5569 942 5622 in
967 5560 1707 5639 locumNestorjordinatus
1733 5560 2035 5639 ab_episco-

467 5626 877 5764 ﬁis'catholi'cis,
917 5653 1056 5709 quos
1089 5637 1316 5690 miserat
1345 5635 1620 5705 Epliesina
1656 5626 1914 5701 synodus,
1943 5626 2038 5681 ad-

512 5726 578 5764 uc
635 5711 691 5764 in
754 5709 891 5764 urbe
950 5708 1097 5764 regia
1141 5704 1626 5762 commorantibus.
1682 5700 2038 5758 Ordinationc

512 5726 578 5767 uc
635 5711 691 5766 in
754 5700 891 5765 urbe
936 5700 1097 5774 'regia
1141 5700 1626 5762 commorantibus.
1682 5700 2040 5758 Ordinationc

461 5399 573 5448 τος.

2146 5489 2363 5553 peracta
2385 5521 2398 5542 ,
2432 5477 2672 5553 episcopi
2711 5469 3023 5553 congregati
3065 5468 3282 5553 litteras
3317 5483 3393 5553 ρει.
3427 5479 3577 5553 more
3611 5461 3715 5553 de:

2145 5533 2481 5607 {aii-{iniam
2524 5533 2731 5618 primas
2791 5533 2998 5618 sodes;
3065 5537 3264 5618 litteris
3324 5533 3716 5618 Ialexandriam

2146 5605 2214 5677 ad
2231 5622 2495 5692 Cyrillum
2525 5605 2752 5674 directis
2791 5629 2917 5670 suas
2946 5609 3250 5680 singulares
3273 5605 3520 5677 adjunxit
3543 5616 3720 5659 novus

2145 5705 2449 5764 episcopus.
