4028 6208
306 303 410 362 H9

1672 295 2006 353 EPISTOLA
2049 296 2212 352 XXX!
2231 338 2244 351 .

3447 297 3550 356 {$0

309 419 409 472 καὶ
435 416 692 485 ἀγγέλοις,
725 415 812 470 καῖ
846 415 1178 488 ἀνθρώποις,
1211 415 1304 469 καὶ
1328 415 1457 467 πᾶσι
1478 415 1587 476 τοῖς
1615 413 1709 466 τοῦ
1742 415 1878 481 Χρι-
1908 464 1910 472 ,

1988 415 2165 469 culum
2213 415 2390 469 factus
2418 429 2478 469 es
2507 423 2563 470 et
2600 415 2806 486 angelis
2829 411 3286 477 et'hominibus',
3321 412 3548 466 univer-

317 506 444 560 στοῦ
494 505 737 576 ἱερεῦσιν.
796 505 872 559 Ού
927 505 1086 575 μόνον
1128 503 1452 564 ἐπίστευσας
1500 502 1579 562 είς
1622 499 1875 570 Χριστὸν,

318 597 448 650 ἀλλά
472 596 572 666 γὰρ
603 597 699 649 καὶ
722 595 864 665 ύπλρ
891 594 1057 650 αὑτοῦ
1091 593 1310 657 ἔπαθες.
1347 592 1522 655 Μόνος
1547 591 1695 658 ἀξιος
1727 588 1878 662 ὲκρί-

317 688 412 757 θης
452 685 555 738 τῶν
592 685 685 739 τοῦ
733 686 971 756 Χριστοῦ
1010 684 1369 755 παθημάτων,
1421 681 1774 746 καταξιωθεὶς
1811 681 1880 734 τὰ

315 778 579 847 στίγματα
600 777 767 832 αὐτοῦ
799 781 858 832 ἐν
891 777 970 847 τῷ
1003 778 1119 848 ίδίῳ
1149 776 1360 846 σώματι
1394 774 1680 845 βαστάσαι.
1721 771 1881 843 Ὠμο-

305 870 538 939 λόγησας
577 869 740 922 αὑτὸν
773 869 1078 941 ἔμπροσθεν
1101 868 1210 922 τῶν
1248 866 1569 934 ἀνθρώπων·
1601 865 1882 935 ὡμολογή-

301 961 399 1030 θης
445 961 588 1029 παρ’
631 959 797 1014 αὐτοῦ
849 961 1157 1031 ἔμπροσθεν
1213 961 1307 1014 τοῦ
1361 958 1573 1029 Πατρδς
1626 957 1720 1010 ἐπὶ
1769 955 1882 1008 τῶν

300 1052 471 1119 ἁγίων
495 1051 749 1118 ἀγγέλων
785 1051 826 1105 ι.
867 1052 1138 1122 Ἀνεδήσω
1159 1052 1287 1114 τοὺς
1317 1049 1456 1120 ὑπὲρ
1476 1049 1576 1118 τῆς
1599 1046 1883 1109 εὐσεϐείας

300 1143 626 1209 στεφάνους-
666 1141 846 1196 πάντα
893 1143 1120 1212 ἴσχυσας
1168 1144 1226 1195 ὲν
1265 1141 1344 1212 τῷ
1392 1138 1776 1210 ἐνδυναμοῦντί
1823 1153 1882 1189 σε

297 1233 547 1304 Χριστῷ·
587 1233 962 1297 ἑταπείνωσας
997 1233 1095 1286 τὸν
1121 1234 1365 1288 Σατανᾶν
1401 1232 1489 1286 διὰ
1539 1232 1637 1301 τῆς
1679 1231 1883 1299 ὑπομο-

299 1326 413 1392 νῆς,
443 1326 826 1394 κστεγὲλασας
856 1325 1250 1397 κολαστηρίωνο
1278 1324 1559 1394 ἐπάτησας
1589 1321 1758 1392 θυμὸν
1787 1322 1885 1391 ἀρ-

297 1416 528 1485 χόντων·
566 1416 728 1486 λιμοῦ
765 1417 1194 1488 κατεφρόνησας.
1225 1415 1423 1485 Ἐσχες
1438 1415 1545 1485 γὰρ
1573 1414 1662 1468 τὸν
1699 1414 1882 1483 ἄρτον,

296 1507 385 1559 τδν
414 1508 485 1560 ἐκ
526 1507 623 1561 τοῦ
654 1507 884 1578 ούρανοῦ
924 1508 1276 1576 κατελθόντα,
1309 1508 1404 1560 καὶ
1446 1505 1590 1576 ζωὴν
1619 1505 1885 1558 δεδωκότα

297 1599 408 1658 τοῖς
439 1595 782 1666 ἀνθρώποις,
806 1596 910 1666 τὴν
933 1595 1161 1651 ἀνωθεν.
1197 1595 1351 1649 Ἐπεὶ
1378 1593 1558 1648 τοίνυν
1578 1592 1700 1646 οὐδὲ
1722 1594 1886 1670 ἡμεῖς

299 1686 716 1756 ἀπελείφθημεν
740 1685 966 1747 τούτων,
1001 1686 1069 1738 τὰ
1089 1687 1184 1756 μὲν
1213 1684 1486 1757 αἰσθητῶς
1514 1683 1886 1751 παιδευόμενοι

297 1774 558 1840 ἐνταῦθα,
573 1776 646 1827 τὰ
660 1775 715 1828 δὲ
732 1777 788 1828 ὲν
800 1778 866 1846 τῇ
879 1776 1015 1846 ἀκοῇ
1035 1776 1134 1846 τῆς
1150 1775 1383 1846 θλίψεως
1395 1776 1493 1846 τῆς
1508 1787 1548 1814 ω
1563 1774 1690 1840 περὶ
1707 1772 1881 1843 ὑμῶν,

299 1865 555 1931 πῴςτάς
575 1866 754 1936 ἀρχὰς
770 1867 1302 1933 ἀντικαταστάντων,
1328 1867 1465 1930 πρὸς
1489 1867 1588 1929 τὰς
1608 1865 1880 1932 ἐξουσίας,

298 1955 434 2025 πρὸς
473 1957 608 2020 τοὺς
652 1959 1106 2031 κοσμοκράτορας
1141 1959 1236 2012 τοῦ
1289 1959 1514 2022 σκότους
1553 1956 1646 2012 τοῦ
1693 1957 1884 2020 αἰῶνος

298 2045 517 2107 τούτου,
574 2046 717 2116 πρὸς
755 2049 822 2102 τὰ
865 2048 1213 2119 πνευματικά
1266 2048 1369 2118 τῆς
1426 2049 1710 2119 πονηρίας,
1747 2063 1885 2118 παρ-

300 2136 437 2205 ἢχθη
446 2153 550 2206 μεν
564 2138 625 2190 δὲ
641 2139 720 2202 είς
748 2139 849 2210 τὴν
876 2139 1284 2211 ἀρχιερωσύνην
1315 2142 1414 2209 τῆς
1451 2139 1883 2210 μεγαλοπόλεως,

300 2228 663 2294 καταξίωσον,
711 2228 1114 2298 θεοφιλέστατε,
1151 2231 1335 2302 εὐχαῖς
1371 2232 1616 2301 τε,ήμᾶς
1647 2231 1885 2300 ὑποστη-

306 2319 496 2388 ρίζειν,
544 2321 644 2373 καὶ
693 2321 1026 2392 συμϐουλαῖς
1073 2322 1405 2394 στοιχειοῦν,
1441 2323 1537 2376 καὶ
1579 2322 1726 2392 πάσῃ
1757 2323 1885 2392 περὶ

304 2413 448 2479 ἡμᾶς
514 2411 821 2483 κεχρῆσθαι
856 2413 1060 2484 εὐνοίᾳ,
1100 2414 1240 2468 ὥστε
1283 2413 1633 2484 πληρωθῆναι
1667 2415 1762 2466 καὶ
1801 2414 1884 2481 ἐφ’

302 2503 431 2569 ἡμῖν
479 2500 544 2553 τὸ
589 2503 862 2573 γραφικδν
915 2504 1100 2574 ῥητόν·
1135 2523 1155 2556 ι
1213 2503 1465 2574 Ἀδελφὸς
1509 2503 1615 2556 ὑπὸ
1655 2501 1882 2572 ἀδελφοῦ

304 2592 710 2663 βοηθούμενος,
765 2595 840 2659 ὠς
881 2597 1034 2660 πόλις
1089 2596 1276 2666 ὀχυρά.
1331 2613 1348 2646 ι
1408 2594 1648 2666 ’Δληθῶς
1692 2596 1800 2664 γὰρ
1849 2596 1883 2665 ἠ

308 2684 658 2755 πνευματικὴ
686 2685 875 2754 ἀγάπη
921 2687 1074 2751 πόλις
1109 2687 1260 2740 ἐστὶν
1292 2685 1483 2758 ὀχυρὰ,
1514 2685 1575 2739 ού
1603 2686 1882 2756 δυναμένη

307 2776 809 2847 γαταγωνισθῆναι,
862 2777 985 2830 οὔτε
1034 2777 1466 2848 πολιορκηθῆναι
1517 2777 1621 2831 ὑπὸ
1650 2777 1746 2831 τοῦ
1773 2777 1886 2830 δια-

307 2863 490 2928 ϐόλου,
518 2864 648 2919 οὔτε
676 2867 1020 2938 ύπωρυγαῖς,
1041 2867 1168 2922 οὔτε
1190 2868 1580 2938 ύπερϐόισεσιν.
1608 2867 1746 2922 Οὔτε
1773 2867 1884 2939 γὰρ

308 2954 443 3006 εἴκει
477 2958 600 3018 ταῖς
630 2955 914 3008 ἐλεπόλεσι
954 2956 1052 3010 τοῦ
1093 2957 1342 3020 Σατανᾶ,
1392 2956 1479 3010 διὰ
1515 2955 1576 3010 τὸ
1609 2955 1760 3026 παρὰ
1789 2955 1883 3008 τοῦ

1980 505 2165 575 sisque
2204 505 2411 561 Christi
2459 507 2856 562 sacerdotibus.
2904 507 3091 575 Neque
3115 505 3262 560 enim
3289 505 3464 558 solum
3493 503 3549 557 in

1979 598 2262 654 Christum
2286 598 2595 664 credidisti,
2629 597 2721 652 sed
2750 597 2913 651 etiam
2937 613 3039 666 pro
3069 597 3188 665 ipso
3211 610 3403 664 passus
3425 610 3485 648 es
3503 593 3546 648 ‘.

1982 690 2144 746 Solus
2163 691 2361 760 dignus
2385 692 2608 745 habitus
2627 706 2686 745 es
2707 689 2802 760 qui
2821 689 2995 743 ferres
3016 687 3217 742 Christi
3242 686 3546 756 passiones.

1981 781 2076 851 qui
2111 781 2362 851 stigmata
2392 782 2540 836 illius
2575 781 2630 834 in
2664 796 2894 851 corpore
2921 789 3014 834 tuo
3035 786 3286 849 portarcs
3307 778 3349 829 ".
3401 777 3548 831 Con-

1981 871 2157 926 fessus
2180 871 2332 925 illum
2360 887 2543 926 coram
2559 871 2896 935 hominibus,
2923 871 3254 941 promeritus
3274 884 3334 924 es
3355 877 3414 922 ut
3434 867 3550 938 ipse

1984 971 2036 1016 te
2061 961 2419 1018 confiteretur
2439 978 2621 1017 coram
2647 964 2806 1017 Patre
2837 962 2890 1016 in
2912 968 3210 1031 conspectu
3231 969 3548 1015 sanctorum

1983 1054 2299 1123 angelorum
2317 1052 2361 1106 ⁸.
2400 1054 2708 1108 Redimitus
2733 1068 2792 1109 es
2815 1053 3052 1115 coronis,
3081 1067 3202 1122 qua:
3228 1067 3326 1121 pro
3347 1053 3552 1120 pietate

1983 1146 2325 1201 certantibus
2363 1145 2669 1212 debentur;
2720 1145 2947 1215 potuisti
2977 1144 3159 1198 omnia
3208 1142 3263 1196 in
3308 1141 3548 1202 Christo,

1984 1234 2077 1303 qui
2101 1243 2153 1289 te
2172 1234 2502 1290 confortavit
2519 1233 2594 1300 3';
2615 1233 2918 1288 humiliasti
2937 1233 3197 1288 Satanam
3211 1245 3311 1300 per
3334 1229 3555 1299 patien-

1986 1325 2152 1389 tiam;
2207 1325 2582 1395 contempsisti
2621 1332 2915 1386 tormenta,
2951 1321 3286 1378 conculcasti
3310 1320 3555 1374 furorem

1986 1417 2318 1486 principum,
2361 1416 2560 1471 famem
2586 1431 2686 1486 pro
2714 1414 2888 1469 nihilo
2915 1413 3140 1468 duxisti.
3175 1413 3378 1466 Panem
3405 1409 3552 1464 enim

1987 1510 2248 1574 habebas,
2298 1509 2391 1579 qui
2435 1508 2502 1563 de
2545 1509 2684 1563 coelo
2713 1507 3052 1562 descendens
3075 1505 3351 1559 caelestem
3385 1502 3552 1554 vitam

1988 1600 2304 1655 hominibus
2336 1599 2546 1655 dedit’.
2573 1598 2709 1666 Quia
2734 1613 2866 1653 vero
2893 1612 2994 1652 nos
3017 1610 3235 1666 quoque
3255 1593 3422 1647 abhis
3445 1606 3552 1645 non

1987 1693 2284 1757 abfuimus,
2319 1692 2450 1746 dum
2475 1700 2530 1746 et
2551 1691 2644 1745 hic
2671 1690 3011 1745 sensibilitcr
3030 1687 3336 1748 erudimur,
3374 1694 3430 1737 et
3457 1697 3553 1736 ve—

1988 1792 2130 1837 stras
2147 1781 2492 1846 amictiones,
2512 1797 2665 1850 quas,
2685 1780 2814 1834 dum
2832 1776 3232 1850 principatibus
3246 1783 3302 1828 et
3320 1780 3557 1842 potesta-

1989 1875 2154 1938 tibus,
2179 1873 2309 1928 dum
2339 1873 2526 1927 mundi
2546 1872 2782 1926 deminis
2799 1879 2854 1926 et
2877 1869 3224 1922 tenebrarum
3243 1863 3428 1920 smculi
3450 1863 3556 1915 huc

1980 1964 2072 2033 jus
2100 1962 2570 2027 rectoribus,dum
2592 1962 2850 2031 nequitia:
2874 1959 3160 2029 spiritibus
3181 1953 3460 2010 restitistis
3486 1953 3555 2017 “,

1986 2054 2278 2119 tolerastis,
2315 2053 2596 2109 auditione
2639 2051 2983 2121 accepimus;
3013 2057 3069 2104 et
3106 2047 3234 2117 quia
3261 2045 3328 2099 ad
3352 2058 3558 2114 magnae
3597 2084 3600 2086 η

1987 2143 2152 2214 hujus
2194 2144 2432 2200 civitatis
2490 2142 3023 2212 archiepiscopatum
3068 2136 3304 2208 promoti
3345 2148 3556 2195 sumus,

1986 2236 2232 2307 dignare,
2269 2237 2381 2291 Deo
2404 2233 2784 2298 dilectissime,
2834 2240 2887 2287 et
2918 2229 3178 2300 precibus
3208 2242 3310 2283 nos
3338 2225 3558 2286 fulcire,

1985 2336 2040 2381 et
2066 2327 2316 2382 consiliis
2343 2325 2668 2390 informare,
2706 2333 2762 2381 et
2781 2323 2930 2378 omni
2958 2320 3196 2389 denique
3220 2316 3564 2373 benevolens

1985 2421 2075 2474 tia:
2101 2420 2283 2474 studio
2316 2417 2598 2489 prosequi,
2637 2425 2700 2470 ut
2738 2416 2841 2470 hac
2869 2412 3082 2468 ratione
3107 2409 3242 2464 illud
3265 2407 3561 2477 Scriptum

1985 2511 2190 2566 dictum
2208 2511 2263 2565 in
2283 2510 2442 2565 nobis
2459 2507 2820 2578 adimpleatur
2845 2523 2859 2559 :
2892 2523 2909 2555 ι
2933 2503 3123 2558 Frater
3139 2500 3234 2571 qui
3275 2497 3564 2568 adjuvatur

1985 2619 2016 2656 a
2050 2602 2238 2667 fratre,
2276 2601 2432 2672 quasi
2458 2601 2653 2657 civitas
2674 2599 2828 2653 ﬁrma
2847 2597 2942 2650 ¹¹.›
2972 2596 3114 2651 Vere
3132 2592 3280 2648 enim
3297 2588 3563 2660 spiritalis

1986 2693 2210 2747 dilectio
2263 2692 2473 2746 munita
2530 2691 2727 2746 civitas
2769 2697 2886 2750 est,
2923 2701 3046 2756 qua:
3083 2695 3260 2752 neque
3288 2679 3562 2735 cuniculis

1987 2799 2017 2837 a
2048 2782 2267 2838 diabolo
2295 2781 2518 2846 sull‘odi,
2545 2794 2723 2849 neque
2749 2777 2912 2832 scalis
2941 2775 3010 2830 ab
3040 2773 3233 2829 eodem
3267 2777 3449 2840 potest
3471 2783 3562 2822 su-

1989 2871 2194 2944 perari.
2251 2871 2440 2940 Neque
2487 2870 2636 2924 enim
2673 2868 2768 2921 illa
2796 2864 3011 2920 bellicis
3039 2861 3254 2918 Satanae
3287 2854 3562 2933 machinis

1988 2961 2185 3018 cedere
2213 2960 2389 3024 novit,
2416 2967 2476 3014 ut
2494 2973 2615 3028 qua:
2640 2972 2670 3012 a
2685 2955 2906 3012 Christo
2925 2951 3156 3008 Domino
3177 2947 3557 3004 custodiatur:

309 3047 582 3098 Δεσπότου
618 3047 856 3116 Χριστοῦ
894 3048 1297 3117 φυλάσσεσθαι,
1340 3046 1578 3119 Χριστοῦ
1601 3089 1616 3113 ,
1666 3048 1764 3101 τοῦ
1801 3048 1891 3101 τὸν

1993 3051 2213 3108 Christo
2262 3051 2453 3120 utique
2500 3049 2616 3115 illo,
2651 3047 2746 3117 qui
2777 3054 2834 3101 et
2863 3041 3310 3099 mundumhuue
3335 3035 3561 3100 devicit,

311 3139 516 3207 κόσμον
552 3141 898 3210 νικήσαντος,
929 3142 1114 3196 καὶτὰ
1143 3143 1336 3197 αίώνιά
1360 3159 1442 3196 σοι
1467 3142 1646 3210 ἀγαθά
1679 3142 1895 3211 ἑτοιμά-

315 3242 533 3289 σαντος,
564 3226 658 3278 τοῦ
715 3229 1032 3298 εἰρηκότος·
1073 3248 1092 3280 ι
1145 3232 1332 3294 Ὅστις
1380 3231 1441 3284 ού
1492 3229 1758 3300 λαμϐάνει
1805 3229 1895 3282 τὸν

318 3318 562 3386 σταυρὸν
601 3319 774 3383 αὑτοῦ,
800 3321 894 3376 καὶ
932 3321 1216 3376 ἀκολουθεῖ
1253 3323 1429 3376 ὀπίσω
1473 3340 1596 3393 μου,
1648 3322 1748 3374 οὐκ
1781 3321 1896 3374 ἔστι

322 3424 431 3477 μου
468 3408 632 3473 ἄξιος.
668 3429 686 3462 ι
727 3411 909 3477 Ἄξιος
943 3409 1035 3466 οὖν
1072 3413 1176 3466 ὑπὸ
1214 3413 1308 3467 τοῦ
1349 3413 1620 3467 Δεσπότου
1657 3413 1895 3483 Χριστοῦ

317 3501 708 3569 φυλάσσεσθαι,
749 3505 988 3574 Χριστοῦ
1037 3505 1132 3560 τοῦ
1170 3505 1260 3559 τὸν
1297 3505 1502 3576 κόσμον
1543 3506 1886 3575 νικήσαντος,

312 3594 399 3648 διὰ
431 3594 494 3647 τὺ
525 3604 554 3631 ³
589 3595 772 3649 λαϐεῖν
790 3597 881 3649 τὸν
899 3598 1132 3668 σταυρὸν
1162 3589 1255 3651 καὶ
1289 3606 1313 3634 °
1339 3597 1704 3667 ἀκολουθῆσαι
1738 3597 1887 3666 αὐτῷ

315 3686 627 3755 γενόμενος,
655 3686 732 3757 μὴ
760 3688 950 3758 ἀμέλει
994 3689 1094 3758 τῆς
1135 3690 1261 3762 περὶ¹
1299 3689 1455 3760 ἡμῶν
1495 3690 1633 3760 πρὸς
1665 3689 1758 3742 τὸν
1795 3691 1889 3741 Δε-

321 3777 520 3846 σπότην
547 3778 788 3845 Χριστὸν
828 3779 1145 3852 πρεσϐείας,
1203 3780 1273 3834 τὰ
1315 3781 1371 3834 δὲ
1404 3780 1666 3848 ἀδελφικά
1703 3797 1893 3852 κατορ-

318 3865 565 3937 θώματα,
602 3870 780 3922 οίκεῖα
826 3871 1219 3942 προτερήματα
1254 3870 1624 3942 λογιζόμενος.
1683 3871 1890 3942 Ἔρρω-

320 3959 480 4028 μένος
524 3962 585 4013 ἐν
635 3961 844 4032 Κυρίῳ,
886 3962 1188 4033 ύπερεύχου
1223 3979 1358 4033 μου,
1391 3962 1773 4036 θεοφιλέστατε
1800 3962 1894 4014 καὶ

317 4048 588 4119 ἁτιὼτατε
615 4051 806 4120 ἀδελφὲ
841 4052 934 4105 καί⁵
968 4051 1366 4124 συλλειτουργέ.

1990 3152 2048 3200 et
2071 3143 2405 3214 sempiterna
2427 3142 2570 3197 bona
2599 3139 2698 3195 tibi
2727 3135 3072 3209 praeparavit,
3098 3133 3193 3204 qui
3221 3130 3362 3187 dixit
3380 3147 3392 3160 ·
3421 3126 3563 3194 «Qui

1991 3251 2103 3291 non
2133 3235 2336 3305 accipit
2367 3248 2589 3289 erucem
2620 3246 2797 3295 suam,
2835 3235 2890 3284 et
2923 3225 3173 3297 sequitur
3197 3239 3306 3288 me,
3339 3237 3452 3276 non
3478 3227 3566 3274 est

1994 3343 2082 3382 me
2117 3325 2316 3397 dignus
2339 3325 2402 3378 ¹’.
2432 3343 2450 3376 ι
2488 3323 2627 3380 Cum
2651 3322 2834 3391 itaque
2870 3317 3088 3375 Christo
3107 3315 3341 3370 Domino
3363 3311 3564 3380 dignus

1995 3417 2259 3482 evaseris,
2311 3424 2614 3487 propterea
2652 3413 2800 3485 quod
2852 3425 3070 3466 crucem
3102 3416 3248 3461 tuam
3293 3402 3565 3459 sustulisti

1994 3511 2102 3580 95
2171 3518 2228 3566 et
2289 3511 2444 3564 illum
2488 3518 2729 3564 secutus-
2777 3520 2871 3568 es,
2924 3501 3203 3558 Christum
3247 3511 3346 3566 pro
3404 3491 3567 3546 nobis

1995 3603 2283 3673 deprecari
2335 3600 2684 3663 neomittas,
2734 3597 2988 3651 fraternm
3006 3589 3226 3646 virtutis
3248 3591 3568 3641 ornamenta

1998 3695 2250 3765 proprias
2277 3691 2664 3762 praerogativas
2691 3703 2813 3742 esse
2840 3693 3008 3740 ratus.
3069 3680 3197 3736 Vale
3227 3679 3282 3732 in
3310 3675 3564 3739 Domino,

1998 3794 2053 3840 et
2087 3799 2184 3854 pro
2214 3799 2334 3846 me,
2369 3782 2481 3836 Deo
2514 3777 2868 3840 dilectissime
2913 3781 2971 3828 et
3013 3769 3356 3828 sanctissime
3397 3767 3578 3822 frater;
3601 3788 3616 3801 ο

1999 3891 2062 3930 ac
2095 3872 2490 3936 comminister,
2521 3886 2642 3925 ora.

1920 4215 1993 4228 ο..-

1495 4339 1829 4397 EPISTULA
1868 4339 2039 4395 XXXI
2082 4337 2176 4411 (οι.
2207 4335 2422 4406 XXIX).

1133 4497 1335 4536 εῑιιιιιι
1369 4499 1435 4535 AD
1462 4497 1785 4535 MAXIMIANUM
1813 4489 2452 4537 CONSTANTINOPOLITANUM
2481 4484 2781 4526 EPISCOPUI.

332 4622 514 4678 Veram
539 4621 605 4675 de
631 4619 1004 4675 Incarnatione
1025 4617 1184 4686 ﬁdem
1211 4616 1432 4671 sollicite
1448 4619 1838 4740 custodienda";
1860 4615 2123 4686 proponit,
2143 4611 2405 4682 simulque
2429 4609 2497 4664 ad
2521 4609 2638 4662 novi
2662 4605 2892 4661 muneris
2917 4604 3080 4674 ofﬁcia
3103 4599 3283 4655 sedulo
3303 4597 3572 4669 implenda

1838 4694 2085 4740 tortatur.

1838 4694 2085 4740 tortatur.

400 4834 487 4902 Τῷ
513 4831 888 4900 εὖλαϐεστάτῳ
923 4831 1015 4884 καὶ
1069 4829 1468 4900 θεοφιλεστάτη)
1501 4828 1896 4900 συλλειτουργῷ

2079 4820 2555 4877 Reverendissimo
2626 4819 2844 4886 Deoque
2905 4811 3266 4868 dilectissimo
3339 4809 3574 4862 commi—

339 4924 677 4993 Μαξιμιανῷ,
711 4921 1002 4993 Κύριλλος,
1029 4922 1085 4974 ὲν
1114 4920 1305 4991 Κυρίῳ
1338 4920 1570 4991 χαίρειν.

405 5015 632 5084 Πρέπον,
656 5009 834 5083 οἶμαι,
884 5011 978 5064 καὶ
1009 5010 1102 5063 νῦν
1127 5010 1323 5072 εἰπεῖν,
1359 5009 1458 5078 τῆς
1492 5007 1593 5077 σῆς
1632 5007 1900 5074 τελειότη-

333 5125 419 5170 τος
449 5106 545 5175 τὴν
575 5104 906 5158 πολύευκτον
939 5103 1069 5172 ἡμῖν
1100 5099 1372 5170 λαχούσης
1405 5097 1724 5170 ἱερωσύνην·
1753 5117 1769 5148 ι
1796 5099 1899 5151 E6—

337 5198 626 5271 φρανθήτω
655 5199 684 5250 ὁ
713 5194 942 5266 οὐρανὸς
971 5193 1194 5248 ἄνωθενο
1229 5191 1462 5264 χαιρέτω
1492 5190 1546 5242 δὲ
1579 5191 1610 5259 ἡ
1639 5189 1897 5259 σύμπασα

1993 4914 2184 4970 ’nistro
2208 4911 2552 4972 Maximiano,
2583 4908 2840 4980 Cyrillus,
2872 4906 2927 4959 in
2957 4903 3190 4958 Domino
3213 4899 3466 4954 salutem.

2074 5004 2412 5073 Opportune,
2439 5011 2497 5056 ut
2523 4994 3295 5063 arbitror,convenienterque
3321 4990 3426 5044 hoc
3444 4998 3579 5043 tem-

2006 5111 2167 5168 pore,
2222 5109 2332 5163 quo
2362 5102 2453 5148 tua
2481 5093 2765 5164 integritas
2807 5093 3124 5156 exoptatum
3151 5082 3284 5136 illud
3311 5079 3571 5135 sacerdo-

2006 5191 2143 5244 tium
2169 5186 2362 5241 sortita
2385 5195 2489 5249 est,
2512 5200 2636 5240 eum
2667 5181 2940 5250 Propheta
2963 5175 3121 5230 nobis
3151 5175 3332 5228 dicere
3360 5173 3521 5226 liceat
3558 5215 3567 5226 .

397 5356 418 5387 '
463 5354 636 5410 lCor.
680 5372 754 5419 Iv,
791 5353 842 5408 9.
923 5356 944 5386 ⁸
984 5355 1217 5426 Philipp.
1257 5372 1294 5419 ι,
1330 5355 1416 5426 29.
1496 5355 1515 5386 ⁷
1541 5353 1714 5426 Calat.
1752 5367 1825 5426 vi,
1861 5351 1910 5404 Η

2024 5349 2045 5379 ⁸
2085 5349 2273 5404 Matth.
2304 5365 2356 5413 X,
2381 5347 2467 5401 52.
2535 5345 2576 5374 ⁸·
2607 5342 2844 5412 Philipp.
2876 5355 2948 5403 tv,
2987 5339 3070 5393 15.
3151 5341 3170 5371 ⁹
3193 5339 3349 5394 Joan.
3375 5352 3447 5401 vn,
3475 5333 3568 5390 5‘).

339 5424 382 5455 "
410 5427 615 5496 Ephes.
645 5441 720 5490 vi,
753 5426 839 5478 12.
920 5427 958 5456 ¹¹
1000 5419 1343 5491 Ρτονίχγιιι,
1383 5425 1468 5480 19.
1548 5424 1588 5456 ¹²
1620 5423 1810 5477 Matth.
1847 5438 1898 5485 x,
1923 5419 2011 5473 38.

1430 5568 1600 5623 Varia:
1628 5566 1890 5622 lectiones
1921 5562 2122 5620 codicis
2147 5559 2510 5630 Seguieriani.

414 5686 428 5726 1
465 5686 616 5758 παρὰ
648 5685 742 5740 τοῦ
775 5687 983 5757 Πατρδς
1011 5687 1116 5741 τῶν
1148 5686 1409 5756 ἀγγέλων.
1489 5696 1524 5722 αι
1557 5684 1820 5756 ὑμετέρας
1855 5683 2008 5756 πρός.

2087 5691 2110 5717 ιι
2144 5677 2256 5733 τοῦ.
2338 5683 2361 5710 °
2395 5676 2621 5745 σταυρὸν
2647 5672 2836 5741 αὐτοῦ,
2860 5671 2972 5727 καί.
