4028 6208
453 285 547 344 151

1463 271 1519 324 S.
1560 261 1833 322 CYRILLI
1870 256 2336 315 ALEXANDRINI
2375 252 2694 310 ARCHIEP.

3593 240 3691 296 152

457 428 474 458 ι
508 406 788 460 laetentur
811 399 1045 470 desuper
1068 395 1212 458 cmli,
1238 402 1294 448 et
1316 391 1554 447 exsultet
1571 387 1825 442 universa
1844 394 2012 442 terra,

2131 381 2211 450 γῆ,
2262 381 2356 432 καὶ
2397 378 2572 449 βοάτω
2622 375 2738 448 μετ’
2787 370 3144 443 εὐφροσύνης,
3194 386 3212 419 ι
3257 363 3398 418 κατὰ
3438 361 3536 433 τὴν
3599 360 3692 414 τοῦ

2730 467 2741 470 -
2821 466 2831 470 -
2915 464 2936 470 _
3114 461 3125 470 .
3224 459 3240 470 .
3294 456 3311 470 .
3360 455 3384 464 -

447 503 505 552 et
534 496 735 550 clamet
769 507 894 546 eum
924 487 1111 542 Iaztitia
1132 485 1228 537 ι’.»
1266 483 1387 536 Non
1415 478 1563 534 enim
1589 492 1652 532 os
1681 474 1838 536 illud,
1871 472 2018 542 quod

450 600 644 654 magna
677 580 1024 650 loquebatur,
1052 581 1242 630 contra
1280 567 1578 624 Salvatoris
1597 565 1768 620 nostri
1790 563 2018 634 gloriam

451 650 595 728 ultra
622 685 679 724 se
708 666 942 729 extollit,
964 678 1144 732 neque
1167 675 1339 715 cornu
1367 656 1604 726 amplius
1625 655 1678 708 in
1700 654 1872 708 altum
1891 650 2021 706 sub-

452 763 580 833 rigit
623 760 718 830 qui
768 759 874 812 hoc
922 755 1101 811 facere
1153 749 1384 812 solebat,
1435 761 1616 816 neque
1650 743 2016 812 iniquitatem,

449 853 682 909 Domino
707 851 799 921 qui
829 863 932 902 nos
963 842 1196 899 redemit
1248 847 1466 911 negato,
1497 846 1687 892 contra
1709 836 1880 889 Deum
1899 848 2017 888 am-

451 946 596 1014 plius
625 941 889 1011 loquitur.
945 957 961 986 ι
987 932 1242 990 Redemit
1263 929 1411 985 enim
1435 943 1536 982 nos
1567 927 1726 980 Iesus
1745 923 2018 987 Christus,

453 1051 596 1088 unus
621 1043 674 1087 et.
705 1031 856 1085 solus
873 1036 930 1083 et
950 1041 1116 1081 verus
1140 1022 1237 1079 Dei
1259 1031 1316 1076 et
1335 1019 1512 1074 Patris
1534 1018 1725 1081 Filius,
1760 1030 1870 1070 non
1891 1029 2016 1068 cor-

456 1124 811 1196 ruptibilibus
853 1126 1082 1191 argento
1103 1118 1186 1171 vel
1213 1113 1432 1178 auro“,
1479 1112 1574 1166 sed
1597 1110 1770 1180 magis
1810 1122 2020 1178 ponens

451 1221 690 1273 animam
728 1231 883 1271 suam
915 1229 1016 1283 pro
1041 1209 1284 1271 nobis”,
1320 1213 1375 1260 et
1397 1204 1753 1273 semetipsum
1783 1200 2020 1254 offerens

455 1310 860 1366 immaculatum
910 1302 1237 1359 sacrificium
1273 1300 1386 1354 Deo
1427 1306 1484 1352 et
1512 1295 1659 1350 Patri
1711 1294 1767 1348 in
1794 1291 2019 1345 odorem

453 1400 738 1456 suavitatis
755 1401 820 1461 ¹⁶,
849 1407 904 1450 et
925 1409 1086 1449 suum
1113 1393 1286 1462 ipsius
1309 1391 1630 1461 sanguinem
1653 1386 1790 1440 dans
1808 1383 2022 1438 redem-

450 1493 693 1562 ptionem
729 1504 827 1559 pro
849 1487 957 1540 vita
989 1485 1235 1541 omnium
1258 1483 1356 1536 ".r
1385 1481 1613 1537 Cunctis
1640 1477 1786 1533 enim
1809 1475 2018 1546 pretio-

451 1587 564 1638 sior
606 1590 761 1645 erat;
817 1579 928 1632 imo
970 1591 1102 1631 vero
1144 1591 1310 1646 supra
1346 1573 1658 1628 universam
1685 1576 2018 1628 creaturam,

450 1674 700 1744 quamvis
722 1672 886 1726 homo
916 1668 1194 1738 perfectus
1221 1667 1490 1735 nobisque
1516 1662 1712 1718 similis
1732 1660 1908 1715 factus
1927 1657 2018 1720 sit,

2128 475 2408 542 προφήτου
2437 471 2641 540 φωνήν.
2675 467 2751 520 υύ
2775 466 2883 536 γὰρ
2914 464 2995 517 ἔτι
3036 461 3211 530 στόμα
3224 455 3421 511 λαλοῦν
3460 452 3694 524 μεγάλα,

2126 566 2225 635 τῆς
2275 563 2368 616 τοῦ
2421 562 2670 632 Σωτῆρος
2703 557 2861 630 ἡμῶν
2914 551 3308 620 κατεπαίρεται
3359 544 3537 616 δόξης’
3573 543 3696 596 οὔτε

2129 658 2234 728 μὴν
2258 659 2286 709 ὁ
2308 654 2465 709 τοῦτο
2492 654 2622 724 δρᾷν
2650 649 2875 714 εἰωθὼς,
2903 645 2964 699 τὸ
2991 646 3156 714 κέρας
3185 643 3265 703 εἰς
3298 638 3429 708 ὕψος
3455 637 3708 728 ὲπαίρειη

2127 725 2220 801 καὶ
2261 745 2472 799 ἀδικίαν
2505 743 2656 795 λαλεῖ
2693 740 2836 794 κατὰ
2864 737 2957 791 τοῦ
2997 733 3156 796 Θεοῦ,
3207 730 3299 784 τὸν
3349 725 3708 799 ἀγοράσανταί

2127 839 2272 906 ἡμᾶς
2298 838 2573 902 Δεσπότην
2596 830 2949 901 ἀρνούμενος.
2993 843 3010 876 ι
3057 821 3379 891 Ἐξεπρίατο
3410 817 3520 886 γὰρ
3553 817 3698 906 ἡμᾷς

2139 905 2343 995 Ἶνησοῦς
2383 925 2412 976 ὁ
2453 921 2710 992 Χριστὸς,
2741 920 2768 970 ό
2808 911 2887 979 εἷς
2917 932 2975 967 τε
3005 913 3099 966 καὶ
3133 909 3310 980 μόνος,
3345 909 3442 961 καὶ
3483 905 3698 995 ἀληθῶς

2128 1015 2254 1077 Υἱὸς
2280 1012 2372 1065 τοῦ
2405 1009 2540 1064 Θεοῦ
2599 1009 2693 1061 καὶ
2737 1005 2966 1075 Πατρὸς,
3009 1003 3068 1054 οὐ
3118 999 3392 1069 φθαρτοῖς,
3425 994 3694 1066 ἀργυρίῳ,

2126 1108 2158 1177 ἢ
2199 1104 2428 1176 χρυσίῳ,
2460 1100 2720 1162 τεθεικὼς
2747 1098 2802 1150 δὲ
2840 1094 3039 1167 μᾶλλον
3076 1092 3217 1161 ὑπὲρ
3247 1088 3406 1160 ἡμῶν
3437 1086 3534 1157 τὴν
3566 1087 3691 1139 ἐαυ-

2125 1199 2217 1252 τοῦ
2250 1195 2450 1268 ψυχὴν,
2485 1193 2579 1247 καὶ
2619 1191 2695 1254 ὡς
2733 1189 2964 1258 ἄμωμον
3007 1185 3202 1255 ἱερεῖον
3239 1180 3431 1235 ἑαυτὸν
3463 1194 3699 1248 προσκο-

2130 1267 2292 1360 μίσας
2337 1289 2416 1350 είς
2468 1283 2643 1354 ὀσμὴν
2697 1279 2925 1340 εὐωδίας
2950 1277 3029 1346 τῷ
3067 1273 3185 1344 Θεῴ
3241 1273 3331 1326 καὶ
3376 1270 3570 1360 [Iaspi-
3605 1267 3698 1320 καὶ

2127 1355 2248 1445 δοὺς
2279 1378 2633 1446 ἀντάλλαγμα
2660 1375 2756 1445 τῆς
2788 1373 3005 1426 πάντων
3032 1379 3058 1418 Ρ
3087 1367 3232 1437 ζωῆς
3253 1365 3314 1418 τὸ
3341 1363 3471 1417 ἴδιον
3501 1355 3694 1430 αἷμα.»

2129 1477 2238 1529 Καὶ
2267 1473 2377 1544 γὰρ
2402 1467 2470 1543 ἦν
2499 1470 2753 1525 ἁπάντων
2783 1463 3096 1534 ἀξιώτερος,
3121 1457 3317 1530 μᾶλλον
3343 1456 3398 1510 δὲ
3435 1454 3529 1508 καὶ
3561 1451 3701 1519 ὑπὲρ

2130 1569 2309 1621 πᾶσαν
2359 1564 2459 1634 τὴν
2499 1561 2698 1621 κτίσιν,
2731 1559 2780 1610 εἰ
2819 1557 2913 1610 καὶ
2941 1554 3130 1622 γέγονε
3177 1549 3300 1604 καθ’
3326 1549 3474 1619 ἡμᾶς
3500 1545 3702 1606 τέλειος

2129 1659 2410 1729 ἄνθρωπος
2439 1657 2467 1709 ό
2497 1651 2789 1726 μονογενὴς
2825 1647 2920 1702 τοῦ
2965 1645 3101 1700 Θεοῦ
3135 1644 3326 1714 Λόγος,
3371 1642 3432 1695 οὐ
3471 1639 3698 1710 τροπὴν,

451 1731 605 1826 illud,
636 1763 880 1831 inqham,
900 1759 1247 1829 unigenitum
1272 1757 1368 1811 Dei
1396 1731 1643 1811 Verbum
1677 1770 1692 1807 :
1724 1767 1837 1806 non
1863 1750 1935 1805 ob
1966 1749 2016 1802 id

2131 1752 2223 1806 οὐκ
2255 1749 2564 1812 ἀλλοίωσιν,
2612 1746 2674 1799 οὐ
2717 1743 2822 1813 τὴν.
2845 1737 3249 1810 θρυλλουμένην
3277 1734 3539 1804 ἀνάχυσιν
3578 1731 3704 1784 ὑπο-

453 1865 632 1910 tamen
654 1853 985 1915 versionem,
1013 1857 1108 1904 aut
1127 1848 1536 1910 alterationem,
1561 1853 1652 1900 aut
1680 1841 1826 1898 illam
1849 1841 2024 1912 pluri-

453 1957 666 1996 morum
697 1955 952 1995 sermone
977 1940 1238 2010 jactatam
1272 1935 1666 1992 confusionem.
1686 1940 1780 1988 aut
1808 1932 2021 1986 mistio—

453 2050 578 2088 nem
592 2023 934 2103 perpessum,
949 2046 1053 2087 nee
1069 2030 1124 2085 in
1143 2030 1218 2095 id,
1233 2028 1381 2099 quod
1404 2035 1531 2082 ante
1547 2041 1656 2081 non
1671 2033 1809 2087 erat,
1827 2023 2023 2079 demu-

452 2133 656 2180 tatum:
678 2124 880 2179 mansit
902 2130 1086 2178 autem
1108 2122 1296 2191 potius
1311 2120 1438 2175 etin
1458 2125 1646 2172 nostra
1663 2123 1857 2170 natura
1875 2112 2022 2183 quod

451 2219 608 2287 prius
650 2226 788 2271 erat.
823 2214 1083 2272 Creditur
1119 2229 1378 2282 namque,
1410 2224 1651 2279 vereque
1684 2215 1790 2270 est,
1829 2207 2025 2260 vivens

451 2310 868 2378 subsistensque
888 2307 985 2362 Dei
1004 2306 1184 2361 Patris
1200 2304 1462 2360 Verbum.
1490 2300 1596 2358 Sed
1619 2299 1875 2371 agedum,
1901 2306 2025 2352 tan-

455 2415 620 2472 quam
638 2401 708 2455 ab
727 2416 834 2456 una
857 2401 1042 2472 lingua
1065 2413 1286 2468 unoque
1308 2397 1402 2453 Dei
1423 2404 1640 2451 amante
1658 2393 1842 2448 animo
1863 2399 2028 2446 recta!

454 2494 582 2548 ﬁdei
611 2493 1012 2549 confessionem
1040 2491 1119 2546 illi
1145 2491 1462 2554 oll‘eramus,
1481 2488 1728 2544 dicentes
1752 2500 1878 2542 cum
1901 2484 2026 2539 bea-

453 2594 510 2640 to
523 2584 737 2640 Barueh
765 2601 780 2637 :
807 2603 827 2635 ι
844 2583 946 2638 Hic
959 2590 1044 2638 est
1062 2583 1209 2637 Deus
1231 2588 1441 2644 noster,
1461 2587 1517 2635 et
1533 2594 1644 2633 non
1662 2576 2028 2634 testimabitur

453 2677 594 2731 alius
617 2676 682 2730 ad
703 2691 854 2730 eum.
883 2675 984 2729 Hic
1005 2672 1289 2728 adinvenit
1305 2685 1525 2726 omnem
1541 2669 1686 2724 viam
1703 2669 2026 2737 disciplina,

453 2776 510 2822 et
551 2765 779 2821 tradidit
814 2765 965 2819 illam
993 2763 1162 2821 Iacob
1187 2777 1362 2832 puero
1385 2776 1508 2824 suo,
1540 2769 1596 2815 et
1617 2759 1805 2814 lsraeli
1827 2759 2030 2813 dilecto

453 2872 576 2912 suo.
626 2857 737 2928 96
761 2858 891 2912 Post
914 2856 1031 2910 haec
1053 2854 1208 2908 visus
1228 2861 1314 2907 est
1338 2851 1395 2906 in
1424 2861 1590 2913 terra,
1619 2859 1818 2905 etcum
1844 2846 2029 2902 homi-

453 2947 622 3000 nibus
643 2952 1000 3000 conversatus
1022 2952 1107 2998 est
1126 2944 1190 2996 ³⁸.
1205 2962 1222 2993 ι
1254 2941 1445 3010 Neque
1467 2940 1614 2995 enim
1639 2939 1780 2994 alius
1801 2938 2029 3008 quidem

453 3045 577 3093 erat
619 3036 716 3091 Dei
765 3045 823 3090 et
863 3035 1045 3090 Patris
1078 3033 1272 3097 Filius,
1306 3033 1400 3103 qui
1427 3039 1554 3087 ante
1576 3045 1739 3086 omne
1763 3045 1942 3085 aevum
1974 3037 2032 3085 et

456 3133 675 3196 tempus
695 3124 820 3184 fuit.
848 3140 950 3194 per
971 3139 1136 3193 quem
1161 3123 1344 3179 omnia
1366 3137 1587 3192 quoque
1614 3122 1680 3178 ad
1705 3131 1886 3177 ortum
1907 3137 2032 3192 per-

456 3216 622 3271 ducta
653 3223 820 3280 sunt;
857 3223 913 3269 et
935 3214 1077 3269 alius
1103 3230 1343 3278 rursum,
1380 3215 1477 3284 qui
1508 3214 1826 3270 novissimis
1846 3213 2028 3268 smeuli

457 3306 800 3378 temporibus
847 3322 914 3362 ex
966 3315 1155 3362 sancta
1202 3305 1429 3376 Virgine
1466 3305 1769 3363 secundum
1808 3319 2028 3362 carnem

457 3407 620 3454 natus
668 3406 754 3454 est
789 3415 802 3451 :
833 3398 929 3453 sed
979 3414 1124 3474 unus
1162 3398 1419 3468 idemque
1457 3399 1664 3468 potius,
1707 3398 1800 3468 qui
1841 3413 2030 3454 semen

457 3490 709 3554 Abraha’,
731 3491 885 3560 juxta
904 3489 1050 3544 beati
1074 3489 1229 3543 Pauli
1255 3488 1544 3555 vocem”°,
1573 3489 1961 3559 apprehendit,
1976 3497 2030 3543 et

455 3581 638 3637 carnis
664 3596 730 3635 ac
753 3580 1058 3652 sanguinis,
1084 3580 1316 3650 perinde
1339 3597 1403 3636 ac
1423 3597 1568 3636 unus
1594 3597 1663 3636 ex
1689 3581 1872 3642 nobis.
1900 3596 2029 3650 par-

459 3673 632 3742 ticeps
657 3671 854 3736 factus,
879 3671 1274 3741 fratribusque,
1305 3671 1412 3728 hoc
1433 3680 1516 3728 est
1557 3673 1748 3737 nobis,
1785 3687 1884 3741 per
1909 3687 2029 3726 om-

461 3763 571 3825 nia,
615 3762 733 3817 solo
774 3770 1002 3832 peccato
1028 3771 1279 3832 excepto,
1329 3763 1663 3818 assimilatus
1686 3763 1829 3818 est"
1855 3806 1868 3818 .
1921 3763 2028 3819 Sed

459 3869 661 3923 corpus
703 3854 806 3923 ipsi
838 3870 965 3908 vere
994 3854 1209 3908 unitum
1255 3854 1436 3913 anima
1461 3855 1798 3926 intelligente
1819 3855 2029 3910 anima-

463 3953 577 3998 tum
628 3945 978 4001 confitemur.
1037 3947 1225 4015 Neque
1273 3946 1421 4000 enim
1474 3947 1661 4000 vesani
1708 3947 2030 4017 Apollinarii

465 4038 787 4092 t‘ommentis
838 4038 1221 4104 adhaeremus,
1275 4039 1369 4093 sed
1435 4047 1640 4094 rectam
1702 4039 2030 4094 sententiam

466 4135 730 4190 tenentes,
765 4126 1186 4197 Apollinarium,
1238 4138 1294 4182 et
1340 4128 1553 4192 Arium,
1597 4137 1653 4183 et
1678 4130 2030 4193 Eunomium,

461 4225 513 4270 et.
561 4233 685 4270 cum
731 4218 840 4271 illis
877 4218 1190 4272 Nestorium
1222 4235 1440 4289 quoque
1483 4220 2028 4276 anathematizamus.

463 4305 649 4360 Fidem
661 4322 919 4377 namque,
940 4307 1098 4362 initio
1112 4309 1271 4363 nobis
1288 4309 1562 4375 traditam,
1579 4310 2027 4368 sicutanchoram

2128 1847 2338 1917 μείνας,
2370 1845 2431 1898 ού
2460 1840 2696 1912 φυρμὸν,
2736 1838 2797 1892 ού
2830 1835 3162 1907 μετάστασιν
3193 1829 3293 1899 τὴν
3321 1829 3399 1891 εἰς
3431 1827 3566 1896 ὅπερ
3602 1823 3703 1917 οὐκ

2123 1934 2211 2008 ἦν·
2249 1933 2573 2006 μεμενηκὼς
2599 1932 2654 1985 δὲ
2697 1929 2896 2001 μᾶλλον
2930 1925 3025 1980 καὶ
3068 1926 3124 1976 ὲν
3159 1924 3227 1992 τῇ
3261 1918 3382 1973 καθ’
3421 1917 3578 2008 ἡμᾶς.
3612 1916 3704 1967 ἀν-

2127 2006 2438 2099 θρωπότητι
2471 2024 2618 2078 τοῦθ’
2648 2024 2786 2092 ὅπερ
2810 2017 2900 2090 ἦν.
2935 2017 3297 2071 Πεπίστευται
3324 2009 3405 2070 δὲ,
3434 2008 3529 2061 καὶ
3557 2006 3704 2058 ἔστιν

2126 2121 2340 2191 ἀληθῶς
2367 2118 2478 2182 ζῶν
2502 2135 2562 2170 τε
2590 2116 2686 2170 καὶ
2723 2111 3086 2172 ὲνυπόστατος
3123 2107 3291 2172 Λόγος
3329 2102 3421 2156 τοῦ
3470 2099 3700 2168 Πατρός.

2126 2187 2263 2283 Φέρε
2303 2209 2506 2271 τοίνυν,
2541 2206 2616 2268 ὼς
2666 2204 2774 2257 ἀπὸ
2819 2201 3068 2270 γλώττης
3125 2198 3253 2266 μιᾶς
3298 2194 3392 2247 καὶ
3427 2187 3706 2258 θεοφιλοῦς

2126 2280 2383 2363 διανοίας,
2418 2299 2518 2367 τῆς
2563 2296 2729 2364 ὀρθῆς
2783 2293 3022 2353 πίστεως
3070 2288 3169 2357 τὴν
3221 2284 3512 2354 ὁμολογίαν
3558 2280 3706 2349 αὐτῷ

2129 2390 2548 2465 προσφέρωμεν,
2577 2387 2826 2454 λέγοντες
2859 2382 2998 2453 μετὰ
3030 2379 3124 2432 τοῦ
3158 2375 3429 2447 μακαρίου
3466 2371 3702 2465 Βαρούχ-

2135 2505 2154 2539 ι
2178 2463 2365 2546 ήοῦτος
2394 2483 2422 2535 ὁ
2453 2480 2587 2544 Θεὸς
2625 2477 2805 2548 ἡμῶν
2842 2477 2904 2529 οὐ
2944 2471 3324 2541 λογισθήσεται
3351 2465 3534 2536 ἕτερος
3567 2463 3706 2534 πρὸς

2131 2576 2311 2633 αὐτόν.
2367 2571 2587 2643 Ἐξεῦρε
2635 2571 2818 2623 πᾶσαν
2855 2564 2973 2620 ὁδὸν
3011 2563 3341 2632 ἐπιστήμης
3373 2558 3470 2612 καὶ
3505 2556 3708 2610 ἔδωκεν

2131 2670 2302 2739 αὐτὴν
2353 2663 2570 2728 Ἰακὼϐ,
2605 2661 2684 2733 τῷ
2716 2659 2872 2714 παιδὶ
2927 2655 3112 2720 αὑτοῦ,
3171 2652 3266 2706 καὶ
3329 2649 3579 2721 Ἰσραὴλ,
3627 2647 3708 2718 τῷ

2131 2758 2472 2830 ἠγαπημένῳ
2501 2755 2593 2810 ὑπ’
2626 2752 2813 2807 αὐτοῦ.
2845 2749 2958 2806 Καὶ
2988 2747 3123 2820 μετὰ
3144 2744 3319 2799 ταῦτα
3348 2742 3440 2795 ἐπὶ
3472 2741 3570 2811 τῆς
3601 2739 3706 2809 γῆς

2131 2852 2311 2922 ὢφθη,
2342 2850 2437 2903 καὶ
2465 2850 2575 2910 τοῖς
2617 2843 2926 2916 ἀνθρώποις
2965 2839 3400 2908 συνανεστράφη.
3439 2854 3458 2888 ι
3491 2834 3566 2886 Οὐ
3600 2831 3706 2901 γὰρ

2131 2940 2320 3012 ἕτερος
2375 2936 2474 3007 μὲν
2522 2930 2590 3005 ἦν
2629 2933 2758 2996 Υἱὸς
2811 2931 2907 2985 τοῦ
2941 2929 3077 2984 Θεοῦ
3130 2929 3224 3012 καξι
3269 2925 3504 2995 Πατρὸς,
3535 2924 3563 2975 ό
3598 2923 3705 2992 πρὸ

2135 3010 2334 3091 παντὸς
2367 3025 2563 3086 αἰῶνος
2617 3021 2707 3075 καὶ
2728 3021 2953 3091 χρόνων,
2985 3021 3012 3072 ό
3050 3018 3114 3070 δι’
3155 3010 3216 3069 οὗ
3253 3014 3322 3068 τὰ
3349 3012 3525 3066 πάντα
3567 3027 3706 3080 παρα

2133 3122 2276 3194 ἡχθη
2320 3119 2456 3192 πρὸς
2493 3117 2738 3186 γένεσιν,
2803 3114 2990 3184 ἕτερος
3037 3111 3094 3165 δὲ
3137 3109 3297 3162 πάλιν
3325 3110 3353 3161 ό
3377 3109 3436 3160 ὲν
3462 3103 3707 3173 ἐσχάτοις

2131 3211 2226 3266 τοῦ
2279 3209 2474 3271 αἰῶνος
2524 3208 2736 3279 καιροῖς
2770 3205 2858 3258 διὰ
2904 3204 3006 3273 τῆς
3045 3201 3205 3270 ἁγίας
3253 3196 3527 3269 Παρθένου
3568 3195 3708 3247 κατὰ

2135 3303 2314 3372 σάρκα
2347 3299 2764 3368 γεγεννημένοςο
2809 3298 2838 3349 ό
2869 3294 3031 3357 αὐτὸς
3063 3294 3120 3347 δὲ
3153 3291 3350 3362 μᾶλλον
3395 3287 3707 3356 σπέρματος

2145 3391 2395 3463 Ἀϐραὰμ
2415 3389 2825 3458 ὲπιλαὸόμενος,
2859 3386 3003 3438 κατά
3028 3384 3129 3454 τὴν
3147 3383 3240 3436 τοῦ
3270 3381 3537 3453 μακαρίου
3561 3378 3708 3433 Παύ-

2131 3483 2223 3536 λου
2252 3481 2458 3551 φωνὴν,
2494 3479 2588 3533 καὶ
2641 3476 3037 3549 παραπλησίως
3068 3477 3199 3544 ἡμῖν
3247 3468 3596 3544 μετεσχηκὼς
3620 3469 3708 3521 αἶα

2136 3589 2305 3643 ματος
2354 3572 2446 3625 καὶ
2491 3568 2714 3637 σαρκὸς,
2759 3567 3046 3638 ὁμοιωθεὶς
3084 3567 3140 3618 δὲ
3187 3562 3324 3618 κατὰ
3374 3562 3549 3615 πάντα
3597 3562 3706 3622 τοῖς

2131 3667 2403 3736 ἀδελφοῖς,
2454 3663 2598 3718 τοῦτ’
2627 3662 2774 3715 ἔστιν
2810 3663 2974 3733 ἡμῖν,
3022 3659 3144 3729 δίχα
3202 3659 3368 3728 μόνης
3415 3651 3705 3724 ἁμαρτίας.

2145 3757 2492 3830 Ἐψυχῶσθαί
2520 3772 2584 3824 γε
2625 3754 2730 3826 μὴν
2751 3755 2896 3823 ψυχῇ
2924 3753 3086 3822 νοερᾷ
3115 3745 3516 3821 προσομολογοῦ
3526 3761 3623 3814 μεν
3645 3743 3709 3796 τὸ

2135 3852 2332 3906 ὲνωθὲν
2364 3848 2514 3919 αὑτῷ
2547 3848 2688 3901 κατὰ
2729 3846 2987 3916 ἀλήθειαν
3017 3843 3196 3913 σῶμα.
3229 3841 3304 3894 Uti
3329 3841 3437 3911 γὰρ
3466 3841 3588 3899 ταῖς
3613 3835 3705 3889 τοῦ

2136 3939 2540 4015 φρενοϐλαϐοῦς
2626 3937 3004 4008 Ἀπολιναρίου
3074 3931 3449 4005 προσκείμεθα
3503 3929 3703 3992 δόξαις.

2149 4035 2642 4106 ’Λναθεματίζομεν
2685 4032 2763 4093 δὲ,
2816 4029 3138 4101 φρονοῦντες
3181 4024 3378 4095 ὀρθῶς,
3423 4020 3707 4075 ’Λπολινάο-

2139 4127 2251 4198 ριόν
2283 4143 2339 4177 τε
2371 4125 2463 4177 καὶ
2497 4124 2733 4193 Ἀρειον,
2788 4121 2882 4173 καὶ
2921 4119 3208 4186 Εὐνόμιον,
3239 4114 3334 4168 καὶ
3383 4113 3478 4165 σὺν
3523 4111 3708 4171 αὐτοῖς

2136 4216 2446 4286 Νεστόριον.
2481 4214 2593 4283 Τὴν
2631 4210 2740 4282 γὰρ
2769 4208 2973 4264 ἄνωθεν
3018 4209 3148 4278 ἡμῖν
3191 4200 3584 4273 παραδοθεῖσαν
3618 4198 3706 4249 πίο

2138 4325 2276 4371 στιν,
2313 4307 2389 4371 ὡς
2430 4307 2677 4376 ἄγκυραν
2711 4302 2904 4372 ἔχομεν
2933 4301 3031 4369 τῆς
3058 4297 3238 4368 ψυχῆς
3276 4293 3495 4363 ἀσφαλῆ
3521 4309 3579 4344 τε
3614 4290 3705 4348 καὶ

460 4398 727 4454 habemus
756 4399 952 4454 anima:
983 4408 1152 4454 tutam
1197 4415 1260 4454 ac
1306 4399 1539 4465 ﬁrmam,
1593 4402 1738 4457 sicut
1767 4403 2025 4474 scriptum

2139 4397 2379 4470 βεϐαίαν,
2429 4395 2570 4450 κατὰ
2615 4394 2678 4447 τὸ
2715 4390 3116 4463 γεγραμμένον.
3161 4384 3559 4458 ὐμολογοῦμεν
3595 4381 3707 4434 τοί-

457 4500 542 4545 est
559 4491 626 4545 ".
672 4490 1014 4546 Conlitemur
1045 4492 1230 4562 itaque
1254 4486 1544 4547 Dominum
1570 4503 1819 4549 nostrum
1842 4492 2028 4551 Iesum

457 4581 740 4638 Christum
784 4597 956 4637 unum
992 4591 1048 4638 et
1076 4583 1252 4637 solum
1285 4592 1341 4638 et
1368 4600 1582 4649 verum,
1609 4593 1669 4639 ut
1689 4587 1852 4641 modo
1878 4587 2030 4641 dice-

463 4674 673 4738 bamus,
723 4674 820 4728 Dei
860 4682 916 4729 et
946 4673 1123 4728 Patris
1146 4673 1381 4740 Filium;
1418 4675 1656 4730 scientes
1675 4677 1930 4730 eumdem
1964 4694 2030 4732 ex

461 4762 618 4818 Patre
665 4764 886 4833 quidem
925 4772 981 4819 et
1023 4766 1191 4819 Deum
1238 4773 1296 4818 et
1328 4765 1568 4820 Verbum
1589 4783 1729 4831 esse,
1752 4769 2030 4823 hominem

461 4869 592 4906 vero
629 4868 696 4909 ex
730 4854 1015 4909 muliere“
1049 4871 1063 4908 :
1095 4855 1350 4909 eumdem
1380 4871 1546 4926 supra
1565 4859 1739 4929 legem
1771 4869 2028 4930 tanquam

463 4939 656 5004 Deum,
680 4942 782 4996 sub
805 4943 923 5014 lege
945 4955 1125 4999 autem
1155 4954 1380 5015 propter
1402 4948 1655 5003 humanae
1677 4958 1884 5004 natura:
1903 4967 2033 5004 con-

461 5029 724 5084 ditionem
775 5049 788 5085 :
837 5033 1094 5088 eumdem
1135 5033 1191 5088 in
1225 5036 1441 5092 Domini
1469 5037 1734 5109 dignitate
1757 5040 2030 5094 exsisten-

461 5131 567 5176 tem
601 5124 905 5179 secundum
939 5127 1219 5196 prepriam
1242 5137 1493 5186 naturam
1515 5171 1528 5195 ,
1567 5131 1621 5184 in
1651 5130 1824 5184 forma
1846 5140 2029 5185 autem

459 5211 604 5266 servi
623 5215 666 5243 "
695 5223 922 5283 propter
949 5215 1344 5272 incarnationis
1366 5217 1850 5286 dispensationem.
1882 5219 2032 5291 lianc

2131 4511 2246 4554 vuv,
2293 4490 2369 4552 ὡς
2403 4489 2561 4558 ἔφην,
2597 4487 2714 4549 ἕνα,
2746 4484 2841 4538 καὶ
2874 4484 3054 4554 μόνον,
3084 4482 3179 4535 καὶ
3208 4477 3422 4548 ἀληθῶς
3456 4475 3584 4528 Υίὸν
3610 4471 3706 4525 τοῦ

2129 4581 2264 4635 Θεοῦ
2287 4580 2381 4633 καὶ
2404 4577 2636 4648 Πατρὸς,
2659 4575 2748 4630 τὸν
2774 4573 2978 4645 Κύριον
2999 4571 3156 4642 ήμῶν
3218 4565 3427 4638 Ἰησοῦν
3447 4561 3702 4634 Χριστόνο

2130 4673 2220 4727 τὸν
2265 4672 2428 4726 αὑτὸν
2479 4671 2681 4733 εἰδότες
2725 4668 2820 4721 καὶ
2849 4666 2982 4720 Θεὸν
3015 4665 3110 4717 καὶ
3139 4661 3309 4729 Λόγον
3353 4661 3419 4711 ὲκ
3468 4653 3702 4725 Πατρὸς,

2133 4765 2228 4818 καὶ
2260 4763 2546 4833 ἄνθρωπον
2578 4763 2642 4815 ἐκ
2668 4758 2945 4830 γυναικός·
2971 4757 3063 4810 καὶ
3091 4755 3231 4824 ὑπὲρ
3258 4751 3420 4820 νόμον
3449 4749 3524 4809 ὡς
3548 4747 3702 4806 Θεὸν,

2136 4857 2230 4910 καὶ
2260 4857 2364 4909 ὑπὸ
2412 4855 2575 4925 νόμον
2609 4853 2696 4907 διὰ
2743 4852 2804 4905 τὸ
2841 4848 3199 4920 ἀνθρώπινον·
3233 4845 3289 4898 ἐν
3330 4839 3596 4910 ἀξιώματι
3627 4837 3705 4904 τῷ

2134 4945 2448 5016 Δεσποτικῷ
2482 4945 2623 4999 κατὰ
2654 4943 2838 5013 φύσιν,
2861 4942 2955 4994 καὶ
2981 4942 3039 4991 ὲν
3063 4937 3249 4992 δούλου
3281 4937 3459 5006 μορφῇ
3490 4929 3577 4984 διὰ
3607 4930 3705 4997 τὴν

2134 5039 2465 5108 οἰκονομίαν.
2503 5035 2724 5104 Ταύτην
2755 5036 2887 5104 ἡμῖν
2934 5030 3232 5103 παρέθεντο
3268 5028 3364 5097 τὴν
3409 5022 3702 5095 παράδοσιν

2136 5128 2230 5181 καὶ
2253 5128 2401 5194 λόγοι
2441 5126 2744 5190 Μωσαῖκοὶ,
2776 5124 2866 5176 καὶ
2894 5119 3318 5191 προαγορεύσεις
3347 5109 3698 5185 προφητικαὶ,

2136 5219 2231 5273 καὶ
2258 5219 2407 5272 αὐτοὶ
2438 5216 2492 5269 δὲ
2519 5217 2652 5284 πρὸς
2681 5215 2889 5278 τούτοις
2923 5215 2972 5266 οἱ
2998 5214 3091 5266 ἀπ’
3124 5212 3295 5281 ἀρχῆς
3318 5207 3580 5261 αὐτόπται
3607 5206 3699 5258 καὶ

533 5363 743 5448 "£531.
771 5369 1014 5448 διεξῄει..
1095 5373 1137 5402 ¹⁸
1174 5371 1568 5448 l_Petr.__t,__l$,
1598 5371 1680 5425 l9.
1739 5333 1992 5448 Joan.

2131 5373 2216 5448 l_:‘5._
2305 5372 2346 5402 ¹⁶
2381 5369 2763 5448 Ephes.y,ﬂ2_.
2846 5369 2887 5400 ⁸⁷
2933 5370 2951 5423 l
2996 5368 3134 5424 Tim.
3182 5367 3322 5448 "nuli.
3405 5361 3446 5394 ’³
3488 5359 3697 5448 Βέιιυοὶι

461 5447 538 5496 ιιι,
569 5433 752 5487 36-58.
838 5439 1076 5493 "‘Hebr.
1117 5458 1175 5506 ιι,
1208 5445 1288 5496 16.
1370 5433 1610 5496 ’Ἴωνα
1650 5458 1707 5496 ιι.
1756 5442 1839 5505 16,
1879 5443 1961 5494 17.

2131 5443 2287 5495 Ilebr.
2320 5458 2392 5505 vi,
2429 5433 2516 5498 li).
2593 5441 2631 5469 ¹¹
2657 5440 2831 5494 Galat.
2860 5456 2932 5504 tv,
2960 5441 3008 5493 .l.
3086 5441 3133 5471 "
3160 5437 3393 5506 Philipp.
3431 5450 3486 5498 ιι,
3522 5433 3552 5484 7

1547 5578 1719 5632 Varize
1753 5577 2014 5632 lectiones
2040 5576 2246 5630 codicis
2273 5574 2633 5644 Seguieriani.

526 5695 556 5736 ν
577 5686 869 5759 ἡμετέρας.
