4028 6208
304 261 400 319 153

1680 271 2015 331 EPISTULA
2052 276 2243 334 XXXI.

3440 280 3541 336 £56

303 377 563 452 ὄπηρὲται
586 376 872 448 γενόμενοι
897 375 994 431 τοῦ
1035 376 1230 446 Λόγου,
1272 378 1368 432 καὶ
1416 378 1523 450 μὴν
1559 383 1653 435 καὶ
1677 385 1728 436 oi
1763 384 1870 455 πρὸ

1978 388 2134 446 nobis
2162 391 2518 447 traditionem
2541 388 2996 446 commendarunt
3016 388 3215 460 Moysis
3235 403 3541 453 sermones.

309 475 459 546 ήμῶν
494 472 768 541 γεγονότες
790 471 940 540 ἅγιοι
966 473 1228 543 Πατέρες·
1261 474 1311 527 οἳ
1352 476 1444 528 καὶ
1469 477 1727 545 γεγόνασι
1756 495 1868 546 φω-

312 569 496 637 στῆρες
523 566 583 618 ὲν
627 566 834 635 κόσμῳ,
866 564 1028 633 λόγον
1071 565 1217 635 ζωῆς
1262 564 1567 637 ἐπέχοντες·
1615 561 1691 624 ὧν
1734 570 1863 623 ἀνα-

307 656 622 728 θεωροῦντες
646 656 744 726 τὴν
773 655 1000 710 ἔκϐασιν
1030 657 1130 726 τῆς
1151 658 1518 729 ἀναστροφῆς,
1553 658 1653 730 τὴν
1687 660 1869 714 πίστιν

302 746 745 819 ἀπομιμούμεθα,
773 745 920 799 τοῦτ’
947 746 1089 810 ἐστι,
1121 746 1189 800 τά
1220 747 1363 802 αὑτά
1405 750 1498 803 καὶ
1537 754 1752 820 φρονεῖν
1774 753 1870 805 αύ-

299 842 421 904 τοῖς,
473 839 571 892 καὶ
615 838 801 891 λαλεῖν
854 839 1253 910 σπουδάζομεν,
1296 842 1415 894 κατ’
1446 840 1640 896 οὐδένα
1668 842 1870 913 τρόπον

295 930 395 996 ἔξω
412 928 685 999 φέρεσθαι
733 928 833 998 τῆς
857 928 1138 993 εὐσεϐείας
1163 930 1481 1001 ἀνεχόμενοι
1528 933 1734 1001 τρίϐου.
1759 935 1871 987 Με-

298 1018 561 1091 μνήμεθα
587 1018 697 1089 γάρ
724 1019 824 1088 τῆς
838 1018 1195 1090 θεοπνεύστου
1211 1020 1432 1091 Γραφῆς
1459 1020 1720 1092 βοώσηςί
1750 1024 1872 1094 ὐρο

291 1110 387 1174 θὲς
409 1111 646 1181 τροχιὰς
676 1111 819 1164 ποίει
859 1113 973 1174 σοῖς
1008 1112 1156 1164 ποσί*
1187 1113 1279 1166 καὶ
1307 1113 1404 1176 τὰς
1431 1113 1586 1177 ὁδούς
1612 1132 1707 1168 σου
1737 1132 1871 1169 κατ-

288 1202 505 1256 εύθυνε.
531 1221 551 1253 ι
593 1204 659 1256 Oi
704 1203 802 1273 μὲν
849 1201 957 1275 γάρ
990 1203 1089 1268 τάς
1126 1203 1291 1275 ὀρθὰς
1315 1204 1585 1275 τιμῶντες
1630 1206 1873 1277 τροχιὰς,

289 1294 428 1347 κατά
465 1294 676 1347 σκοπὸν
726 1294 1047 1364 τρέχουσιν,
1097 1294 1178 1357 είς
1220 1295 1285 1348 τὸ
1326 1294 1578 1365 βραϐεῖον
1619 1296 1721 1363 τῆς
1763 1298 1875 1351 ἀνω

289 1386 541 1457 κλήσεως
568 1388 630 1439 ὲν
668 1385 908 1455 Χριστῷ*
941 1388 989 1439 οί
1032 1385 1089 1439 δὲ
1115 1386 1218 1456 τῆς
1249 1387 1616 1457 άποστολικῆς
1659 1389 1755 1442 καὶ
1780 1389 1873 1441 εὐ-

287 1476 593 1547 αγγελικῆς
621 1476 972 1550 παραδόσεως
1007 1477 1392 1547 ἀλογήσαντες,
1429 1481 1525 1534 καὶ
1550 1481 1651 1550 τὴν
1683 1479 1875 1533 νεωτέ-

291 1586 417 1641 ραν,
456 1570 558 1623 καὶ
600 1570 876 1639 ἀνωφελῆ,
933 1571 1029 1624 καὶ
1076 1572 1482 1640 καταγέλαστον
1538 1572 1615 1635 ὼς
1661 1571 1877 1642 ἀληθῶς

287 1660 385 1733 τῆς
416 1660 635 1714 ἑαυτῶν
661 1661 901 1724 διανοίας
942 1661 1211 1731 τιμῶντες
1246 1661 1489 1734 εὕρεσιν,
1530 1664 1876 1718 ἀκουέτωσαν

292 1753 449 1821 παρὰ
485 1752 725 1804 πάντων·
757 1772 775 1802 ι
796 1752 887 1823 Μὴ
925 1752 1154 1825 μέταιρε
1188 1764 1215 1805 q
1243 1754 1367 1825 ὅρια
1389 1753 1607 1819 αίώνια,
1634 1755 1672 1810 ἀ
1694 1754 1879 1809 ἔθεντο
1910 1735 1949 1789 Β

288 1845 331 1897 οἱ
359 1842 604 1913 πατέρες
636 1860 730 1896 σου
750 1855 795 1896 τ.
827 1863 844 1894 ι
864 1845 940 1897 Οὐ
956 1844 1066 1915 γάρ
1085 1845 1274 1899 ἀστεία
1290 1846 1397 1900 τῶν
1416 1847 1673 1901 τοιούτων
1688 1849 1721 1919 ἡ
1738 1848 1872 1912 ὁδός

288 1935 584 2005 καμπύλαι
618 1936 677 1988 δὲ
711 1936 914 2005 μᾶλλον
943 1937 1001 1989 αί
1035 1938 1251 2008 τροχιαὶ
1276 1978 1293 2002 ,
1321 1939 1416 1993 καὶ
1470 1940 1552 2003 είς
1604 1940 1876 2011 πέταυρον

289 2028 446 2098 ᾅδου,
480 2027 577 2081 καὶ
608 2028 810 2096 παγίδα
839 2027 1072 2082 θανάτου
1101 2028 1590 2099 κατακομίζουσαι.
1627 2031 1739 2084 Καί
1785 2049 1877 2102 μοι

286 2119 442 2172 δοκεῖ
473 2119 640 2188 σοφὸς
672 2118 750 2173 ὢν
779 2117 921 2187 ἄγαν
955 2120 984 2172 6
1014 2120 1287 2191 Σολομὼν,
1318 2120 1541 2192 άσέμνῳ
1573 2122 1792 2190 γυναικὶ
1816 2122 1878 2175 τὺ

289 2208 539 2278 ἑκάστης
573 2208 688 2262 τῶν
739 2210 1001 2281 αίρέσεων
1051 2210 1351 2282 περιθεῖναι
1404 2211 1716 2282 πρόσωπον,
1758 2208 1879 2266 εἶτα

292 2300 429 2368 περὶ
455 2298 631 2368 αὐτῆς
651 2299 847 2360 εἰπεῖν.
872 2300 949 2364 ὡς
974 2301 1080 2372 χρὴ
1104 2288 1509 2371 παραιτεῖσθαι,
1536 2304 1630 2357 καί⁷
1655 2304 1877 2373 φεύγειν

291 2389 399 2459 τὴν
424 2389 680 2458 τοιαύτην
713 2393 979 2459 γυναῖκα,
1007 2393 1131 2462 ἥτις
1170 2394 1320 2448 ἐστὶν
1353 2392 1625 2466 θήρευμα,
1659 2398 1755 2451 καὶ
1783 2415 1877 2451 σα-

294 2483 432 2550 τήν-η
463 2491 486 2518 ³
530 2482 731 2552 καρδία
761 2483 951 2553 αὐτῆς,
986 2483 1183 2555 δεσμὸς
1223 2486 1305 2549 είς
1347 2488 1535 2558 χεῖρας
1573 2488 1766 2558 αὐτῆς.
1818 2489 1877 2542 Ὀ

294 2564 499 2639 ἀγαθὸς
528 2573 640 2643 πρὸ
664 2573 959 2643 προσώπου
981 2573 1077 2627 τοῦ
1101 2573 1260 2638 Θεοῦ,
1286 2574 1701 2647 ἐξαιρεθήσεται
1731 2578 1748 2613 ι
1780 2578 1876 2631 ἀπ’

294 2663 497 2733 αύτῆςο
550 2664 651 2716 καὶ
690 2664 721 2716 6
760 2665 1114 2736 ἁμαρτάνων,
1153 2665 1591 2737 συλληφθήσεται
1620 2668 1680 2721 ὲν
1708 2668 1874 2738 αὐτῇ.

305 2751 447 2805 Ἀλλ’
494 2753 821 2825 ὲξῃρήμεθα
872 2754 970 2823 μὲν
1020 2755 1181 2826 ἡμεῖς
1238 2755 1338 2825 τῆς
1392 2754 1487 2810 τοῦ
1551 2756 1879 2828 θηρεύοντος

296 2843 581 2915 ἀπλήστου
629 2844 855 2913 παγίδος
875 2857 890 2873 ·
936 2843 1255 2916 σεσώσμεθα
1297 2846 1356 2900 δὲ
1395 2846 1485 2901 διὰ
1528 2847 1623 2901 τοῦ
1658 2848 1878 2903 πάντων

296 2937 453 3007 ἡμῶν
490 2936 750 3008 Σωτῆρος
771 2935 1029 3008 Χριστοῦ’
1056 2937 1116 2993 ὃν
1147 2937 1240 2991 καὶΙ
1266 2937 1400 2992 Θεὸν
1428 2934 1569 2993 εἶναι
1595 2939 1880 2994 πιστεύον-

296 3044 420 3092 τες,
447 3027 845 3097 ὁμολογοῦντες
878 3028 937 3081 δὲ
972 3027 1234 3083 Θεοτόκον
1264 3029 1360 3083 καί
1385 3028 1486 3099 τὴν
1517 3029 1660 3083 κατά
1699 3030 1878 3101 σάρκα

296 3120 564 3175 τεκοῦσαν
594 3119 777 3185 αὐτὸν,
806 3118 958 3190 αὐτῷ
990 3118 1255 3190 πρόσιμεν
1282 3126 1334 3182 ιι,
1360 3119 1629 3187 λέγοντεςο
1665 3139 1686 3172 ι
1713 3121 1876 3174 Ζωώο

299 3230 418 3275 ast;
455 3213 626 3282 ἡμᾶς,
651 3211 744 3265 καὶ
763 3212 828 3264 οὐ
870 3211 949 3284 μὴ
989 3211 1315 3282 ἀποστῶμεν
1356 3211 1466 3267 ἀπὺ
1495 3211 1590 3266 σοῦ
1610 3230 1624 3246 θ
1672 3213 1767 3267 καὶ
1800 3213 1879 3284 τῷ

297 3302 539 3372 ὀνόματί
586 3319 678 3356 σου
719 3302 1225 3374 ίξομολογησόμεθα
1274 3303 1355 3367 είς
1404 3304 1532 3367 τοὺς
1578 3304 1801 3368 αἰῶνας.
1853 3323 1874 3357 ι

316 3395 607 3449 Ἁπάντων
628 3395 683 3449 δὲ
712 3396 917 3451 τούτων
946 3397 1078 3467 ἡμῖν
1117 3395 1227 3449 τῶν
1270 3398 1614 3467 τριποθήτων
1659 3397 1880 3467 ἀγαθῶν

301 3488 496 3556 γέγονε
515 3487 771 3559 πρόξενος
793 3490 827 3558 ἡ
850 3487 971 3541 θεία
993 3504 1053 3541 τε
1078 3488 1173 3542 καὶ
1194 3488 1528 3562 ἀπόρρητος,
1555 3489 1650 3543 καὶ
1673 3490 1881 3544 ἀνωθεν

296 3581 502 3651 ψῆφος,
526 3581 623 3634 καὶ
637 3582 672 3650 ή
685 3583 800 3644 τοῖς
824 3580 1032 3635 ἀνωθεν
1047 3579 1278 3651 νεύμασι
1296 3582 1666 3653 συντρέχουσα
1683 3582 1878 3655 γνώμη

298 3671 394 3725 τοῦ
413 3672 814 3725 εὐσεϐεστάτου
854 3672 949 3725 καὶ
966 3671 1315 3743 φιλοχρίστου
1334 3671 1616 3743 βασίλεως.
1635 3675 1881 3741 Ἔπρεπε

301 3765 407 3835 γὰρ
434 3766 503 3835 τῇ
547 3763 880 3834 γαληνότητι
920 3763 1101 3817 αὐτῶν
1134 3774 1184 3829 ν,
1226 3763 1308 3835 μὴ·
1332 3764 1492 3835 μόνον
1519 3766 1748 3838 όρατοὺς
1784 3782 1883 3820 κα-

302 3855 626 3909 ταπαλαίειν
664 3854 892 3927 ἐχθροὺς
916 3895 932 3921 ,
963 3855 1102 3909 ἀλλά
1129 3857 1239 3926 γάρ
1267 3857 1401 3926 πρὸς
1433 3856 1608 3927 τούτῳ
1652 3857 1747 3910 καὶ
1787 3858 1882 3910 ἀο-

306 3951 525 4019 ράτως,
569 3947 667 4001 καὶ
706 3947 1046 4019 βαρϐαρικὰς
1078 3947 1177 4018 μὲν
1204 3947 1521 4018 συνθραύειν
1561 3949 1881 4019 φάλαγγας,

303 4041 621 4111 ἀπράκτους
648 4040 706 4092 δὲ
734 4041 831 4093 καὶ
852 4040 951 4103 τὰς
981 4039 1076 4093 τοῦ
1099 4040 1346 4095 διαϐόλου
1380 4040 1709 4112 δυστροπίας
1743 4043 1880 4096 ἀπο-

304 4132 495 4196 τελεῖν,
524 4132 626 4185 καὶ
650 4134 766 4195 τοῖς
790 4133 870 4195 είς
897 4132 1132 4203 Χριστὸν
1163 4131 1511 4185 πιστεύουσιν
1537 4133 1627 4188 διὰ
1654 4135 1751 4206 τῆς
1783 4136 1883 4207 σῆς

303 4225 616 4289 θεοσεϐείας
654 4224 1014 4296 πρυτανεύειν
1049 4224 1147 4297 τὴν
1182 4225 1504 4295 ἀσφάλειαν.
1549 4225 1606 4281 '0
1651 4229 1751 4298 μὲν
1774 4227 1882 4299 γὰρ

303 4316 427 4385 εἰκῆ
458 4317 801 4388 βατταρίζων
833 4317 888 4370 ὲν
925 4316 1189 4387 ἐκκλησίᾳ
1218 4324 1267 4380 ³,
1299 4316 1394 4371 καὶ
1423 4318 1545 4380 ταῖς
1579 4317 1720 4371 κατὰ
1749 4318 1883 4387 Χρι-

1969 492 2034 532 ac
2080 480 2418 549 propheticae
2464 479 2870 550 praedictiones.
2902 486 2958 534 et
2999 478 3079 533 illi
3115 480 3219 549 ipsi
3253 488 3540 550 praeterea,

1968 568 2062 639 qui
2088 570 2255 626 Verbi
2281 572 2447 643 hujus
2467 571 2537 625 ab
2560 570 2720 626 initio
2743 570 2985 624 ministri
3012 579 3068 625 et
3092 578 3430 639 spectatores
3451 586 3545 626 ex-

1968 661 2229 717 stiterunt
2243 663 2333 728 "‘;
2356 670 2471 716 tum
2506 661 2683 717 sancti
2706 676 2926 731 quoque
2944 661 3155 725 Patres,
3189 660 3281 729 qui
3311 676 3415 716 nos
3443 676 3549 721 an:

1972 751 2587 821 tecesserunt,’vita:que
2615 766 2927 805 sermonem
2940 751 3227 816 habentes,
3251 752 3544 806 luminaria

1969 841 2162 896 mundi
2190 842 2319 897 facti
2345 851 2475 897 sunt
2492 843 2567 908 ¹³;
2597 857 2833 913 quorum
2858 842 3089 912 proinde
3110 843 3545 899 conversationis

1970 932 2177 988 exitum
2195 940 2508 1003 spectantes
2538 932 2702 987 ﬁdem
2718 932 3093 998 imitamur“',
3107 932 3212 988 hoc
3233 933 3542 998 est,eadem

1971 1038 2096 1079 cum
2125 1022 2259 1094 ipsis
2300 1023 2506 1078 sentire
2544 1031 2602 1078 et
2642 1023 2793 1093 loqui
2827 1024 3158 1094 satagimus,
3192 1024 3347 1078 nullo
3386 1032 3547 1093 pacto

1972 1117 2327 1183 sustinentes,
2362 1124 2475 1171 uta
2505 1123 2657 1172 recto
2685 1116 2905 1188 pietatis
2937 1117 3156 1172 tramite
3181 1116 3543 1172 declinemus.

1973 1208 2323 1264 Meminimus
2342 1209 2489 1263 enim
2532 1208 2736 1264 divinae
2782 1209 3080 1280 Scriptura
3113 1207 3186 1264 ita
3215 1209 3502 1263 clamantis
3531 1226 3544 1262 :

1981 1320 1999 1351 ι
2034 1302 2235 1356 Rectas
2263 1302 2487 1356 semitas
2508 1301 2593 1356 fac
2624 1301 2861 1371 pedibus
2892 1302 3020 1366 tuis,
3068 1308 3126 1355 et
3152 1301 3271 1355 vias
3309 1308 3432 1356 tuas
3461 1300 3548 1355 di-

1974 1392 2204 1462 rige'm
2244 1393 2378 1447 Nam
2424 1392 2520 1461 qui
2566 1400 2747 1448 rectas
2767 1392 2995 1447 semitas
3036 1392 3450 1463 magnifaciOnt,
3491 1392 3550 1446 hi

1975 1483 2042 1536 ad
2091 1482 2425 1537 destinatum
2477 1489 2733 1544 currunt,
2781 1480 2850 1534 ad
2891 1479 3142 1533 bravium
3168 1494 3419 1548 supernae
3449 1493 3549 1532 vo-

1976 1574 2211 1629 cationis
2236 1575 2293 1628 in
2316 1574 2537 1629 Christo
2558 1574 2639 1639 ﬂ;
2667 1572 2761 1641 qui
2790 1587 2943 1636 vero,
2977 1561 3273 1641 apostolica
3298 1579 3356 1625 et
3387 1585 3553 1624 evan-

1978 1666 2149 1737 gelica
2179 1664 2476 1720 traditione
2507 1673 2845 1733 contempta,
2880 1663 3167 1727 novitiam,
3191 1662 3552 1731 inutilemque

1977 1772 2042 1813 ac
2064 1772 2194 1812 sane
2219 1756 2508 1813 ridiculam
2531 1754 2734 1810 mentis
2753 1770 2865 1810 sure
2885 1754 3330 1810 adinventione‘m
3354 1753 3411 1806 in
3427 1768 3554 1822 pre-

1979 1846 2056 1901 tio
2081 1846 2305 1910 habent,
2330 1846 2385 1900 hi
2410 1845 2480 1899 ab
2498 1844 2756 1899 omnibus
2778 1843 3006 1898 audiant
3033 1860 3045 1897 :
3080 1860 3099 1894 ι
3118 1843 3239 1898 Non
3256 1840 3555 1897 transferas

1976 1938 2243 1993 terminos
2264 1938 2650 2007 sempiternos,
2673 1951 2813 2007 quos
2833 1943 3140 2006 posuerunt
3156 1944 3340 2006 patres
3353 1934 3433 1988 tui
3448 1933 3547 1986 η.»

1975 2028 2097 2083 Non
2146 2035 2233 2083 est
2275 2028 2422 2083 enim
2474 2036 2623 2083 recta
2672 2026 2949 2098 ejusmodi
2988 2026 3274 2082 hominum
3309 2025 3422 2088 via.
3457 2024 3554 2079 sed

1977 2133 2252 2190 perversa:
2304 2133 2498 2173 eorum
2548 2118 2866 2183 semitae",
2922 2125 3087 2187 atque
3130 2116 3186 2171 in
3219 2114 3553 2186 profundum

1976 2211 2085 2281 97
2113 2209 2334 2275 inferni,
2371 2218 2430 2266 et
2469 2210 2665 2265 mortis
2706 2210 2965 2280 laqueum
2992 2208 3326 2278 prtecipitem
3363 2215 3553 2278 agunt.

1976 2301 2055 2358 Ac
2102 2300 2239 2356 mihi
2276 2300 2497 2356 videtur
2535 2300 2938 2371 sapientissime
2970 2300 3228 2355 Salomon
3251 2297 3552 2369 impudenti

1974 2396 2197 2452 mulieri
2226 2411 2516 2468 personam
2558 2396 2935 2467 cujuscunque
2973 2395 3199 2451 heresis
3240 2395 3551 2464 imponere:

1977 2500 2142 2555 quam
2171 2484 2400 2555 proinde
2419 2484 2709 2540 mulierem
2732 2485 3009 2541 vitandam
3026 2500 3090 2540 ac
3105 2483 3420 2556 fugiendam
3435 2499 3555 2541 esse

1978 2576 2257 2641 admonet,
2304 2592 2427 2646 quae
2470 2576 2702 2646 laqueus
2747 2585 2879 2639 est;
2934 2587 2992 2633 et
3030 2592 3230 2647 sagena
3259 2592 3355 2632 cor
3392 2577 3553 2647 ejus;

1978 2665 2198 2721 vincula
2243 2674 2372 2720 sunt
2415 2666 2472 2720 in
2518 2666 2775 2721 manibus
2809 2667 2931 2737 ejus
2969 2668 3034 2719 ³³.
3073 2666 3177 2732 Qui
3212 2667 3393 2720 bonus
3427 2674 3563 2720 ante

1979 2758 2177 2815 faciem
2202 2758 2322 2823 Dei,
2344 2766 2573 2813 eruetur
2600 2758 2668 2812 de
2690 2758 2783 2812 illa
2810 2774 2826 2821 ;
2856 2758 2950 2827 qui
2970 2766 3154 2812 autem
3176 2761 3431 2826 peccator
3450 2766 3554 2817 est,

1981 2846 2231 2921 capietur
2264 2849 2321 2905 in
2355 2850 2468 2904 illa.
2496 2849 2567 2903 At
2587 2862 2619 2903 e
2646 2848 2926 2903 venatoris
2950 2848 3116 2919 hujus
3140 2846 3455 2917 inexplebili
3474 2846 3552 2900 la-

1982 2956 2127 3012 queo
2156 2942 2352 3011 erepti,
2376 2949 2434 2995 et
2455 2955 2554 3009 per
2582 2937 2862 2994 Christum
2883 2936 3129 2992 omnium
3162 2945 3412 2992 nostrum
3436 2936 3558 2991 Sal-

1982 3018 2228 3086 vatorem
2262 3030 2454 3086 salvati
2491 3042 2686 3084 sumus
2718 3047 2732 3082 :
2784 3044 2947 3098 quem
2984 3035 3041 3083 et
3080 3027 3251 3083 Deum
3288 3041 3410 3083 esse
3435 3040 3556 3081 cre-

1981 3122 2193 3187 dentes,
2227 3132 2285 3177 et
2319 3119 2639 3193 genitricem
2667 3119 2817 3174 illius
2844 3119 3147 3173 secundum
3180 3132 3402 3174 carnem
3428 3116 3557 3172 Dei-

1980 3229 2168 3285 param
2192 3228 2314 3270 esse
2338 3205 2679 3284 profitentes,
2708 3210 3027 3267 accedimus
3049 3210 3119 3266 ad
3140 3226 3267 3267 eum
3289 3210 3555 3265 dicentes:

1988 3324 2007 3358 ι
2048 3304 2365 3362 Vivilicabis
2382 3320 2505 3370 nos,
2527 3320 2709 3374 neque
2736 3303 3060 3359 recedemus
3088 3318 3118 3357 a
3154 3312 3230 3368 te,
3257 3312 3314 3359 et
3350 3300 3559 3357 nomini

1980 3407 2077 3453 tuo
2102 3396 2490 3453 confitebimur
2518 3396 2575 3452 in
2608 3397 2807 3452 stccula
2845 3396 2911 3449 ".
2947 3414 2965 3447 ι
3001 3394 3207 3450 Horum
3239 3403 3421 3450 autem
3444 3410 3562 3448 om-

1980 3489 2133 3545 nium
2178 3489 2718 3559 exoptatissimorum
2741 3489 3013 3544 bonorum
3036 3503 3202 3543 causa
3220 3495 3277 3541 et
3298 3486 3559 3542 coucilia-
3582 3489 3584 3493 '

1981 3582 2088 3637 trix
2124 3581 2286 3637 nobis
2319 3581 2530 3637 exstitit
2557 3581 2740 3635 divina
2771 3580 2863 3635 illa
2893 3593 3201 3647 arcanaque
3234 3592 3297 3632 ac
3324 3591 3559 3647 superna

1980 3673 2275 3738 sententia,
2316 3681 2373 3728 et
2406 3673 2485 3726 illi
2518 3673 2727 3728 caelesti
2763 3671 2923 3726 nutui
2964 3670 3315 3725 consentiens
3346 3669 3563 3739 religio-

1982 3763 2185 3820 sissimi
2220 3761 2537 3831 Christique
2574 3761 2810 3816 amantis
2844 3760 2991 3831 regis
3020 3760 3296 3815 voluntas.
3323 3759 3561 3814 Decebat

1981 3868 2219 3923 namque
2253 3852 2405 3909 illius
2442 3850 2820 3916 serenitatem,
2855 3858 2918 3905 ut
2954 3865 3066 3906 non
3102 3850 3268 3906 modo
3290 3850 3557 3913 visibiles,

1982 3959 2177 4003 verum
2216 3945 2383 4001 etiam
2426 3943 2735 3998 invisibiles
2782 3943 2971 4000 hostes
3019 3951 3394 4014 expugnaret;
3445 3952 3559 3997 tum

1983 4054 2226 4104 rursum,
2270 4046 2331 4094 ut
2370 4052 2481 4093 non
2511 4043 2722 4092 tantum
2746 4034 3063 4091 barbaricas
3098 4034 3396 4106 phalanges
3425 4050 3558 4090 con-

1984 4139 2209 4196 tereret,
2233 4128 2328 4187 scd
2355 4128 2560 4184 diaboli
2577 4142 2796 4198 quoque
2812 4127 3217 4197 improbitatem
3235 4132 3556 4181 enervaret:

1986 4232 2100 4277 tum
2137 4222 2396 4291 denique,
2443 4229 2507 4275 ut
2542 4234 2643 4291 per
2678 4227 2826 4274 tuam
2848 4219 3129 4289 pietatem,
3157 4234 3348 4276 eorum
3377 4219 3469 4290 qui
3504 4219 3559 4274 in

1984 4314 2266 4371 Christum
2304 4312 2558 4377 credunt,
2600 4312 2885 4367 securitati
2912 4312 3245 4367 consuleret.
3278 4311 3382 4378 Qui
3414 4312 3560 4365 enim

306 4408 429 4461 στοῦ
467 4408 811 4479 δυσφημίαις
835 4409 1071 4479 ἀκρατὲς
1100 4409 1332 4477 ἀνοίγων
1357 4407 1417 4462 τὸ
1449 4406 1642 4478 στόμα,
1677 4407 1778 4479 τῆς
1806 4408 1880 4460 is—

1990 4412 2196 4460 temere
2213 4404 2270 4458 in
2292 4403 2534 4459 Ecclesia
2555 4402 2883 4472 nugabatur,
2909 4402 3372 4473 blasphemiisque
3394 4404 3559 4459 eﬂ‘re-

306 4502 401 4570 pi;
424 4517 485 4553 τε
511 4502 611 4554 καὶ
638 4500 791 4563 θείας
811 4499 1162 4572 ὑπεχώρησεν
1182 4500 1372 4569 αὐλῆς,
1398 4500 1670 4571 ἀντανὲφυ
1690 4500 1764 4558 δὲ.
1791 4499 1884 4552 καὶ

305 4593 710 4660 ἀνεϐλάστησεν
749 4593 783 4662 ή
830 4592 896 4664 σὴ
938 4591 1245 4663 τελειότης,
1288 4592 1364 4657 ὡς
1423 4592 1587 4661 φυτὸν
1629 4593 1851 4663 εἰρήνης
1862 4633 1877 4655 ι

307 4685 444 4737 κατὰ
467 4685 531 4737 τὸ
558 4682 963 4753 γεγραμμένον.
992 4683 1175 4736 Ξένιον
1214 4682 1271 4736 δὲ
1303 4684 1398 4736 καὶ
1426 4682 1586 4736 τοῦτο
1621 4682 1882 4753 βασιλέως

306 4773 565 4836 εὐσεϐοῦς
614 4772 886 4843 λαμπρὸν,
936 4772 1388 4844 προηγουμένης,
1442 4771 1519 4835 ὡς
1573 4770 1729 4841 ἔφην.
1781 4770 1884 4839 τῆς

308 4864 515 4916 ἀνωθεν
560 4863 765 4934 ψήφου.
817 4860 1163 4933 Συνηδόμεθα
1213 4860 1393 4913 τοίνυν
1441 4859 1535 4912 καὶ
1580 4858 1729 4929 ὑμῖν,
1769 4863 1880 4925 τοῖς

307 4955 412 5025 τὴν
433 4955 595 5024 ὀρθὴν
622 4955 718 5009 καὶ
754 4954 1057 5025 ἀμώμητον
1086 4953 1266 5023 ἔχουσι
1298 4952 1502 5006 πίστιν.
1551 4950 1882 5022 Ἐγήγερται

306 5050 418 5121 γὰρ
455 5049 731 5118 ξερουργδς
762 5048 905 5119 ἀνὴρ
924 5087 939 5111 ,
968 5046 1028 5100 δν
1052 5046 1170 5099 ἴστε
1191 5086 1205 5108 ,
1231 5047 1326 5098 καὶ
1353 5045 1546 5116 χρόνος
1572 5045 1703 5116 ὑμῖν
1739 5061 1881 5114 παρ-

307 5139 460 5194 έθετο
488 5138 720 5210 μακρός·
751 5141 847 5192 καὶ
865 5138 1007 5209 αὑτὴ
1028 5138 1087 5191 δὲ
1111 5136 1218 5191 τῶν
1253 5136 1598 5208 πραγμάτων
1648 5137 1882 5204 ἐστεφά-

305 5249 476 5285 νωσεν
500 5234 535 5303 ή
561 5233 749 5303 πεῖρα·
777 5230 920 5303 ἀνὴρ
948 5234 1070 5295 ταῖς
1099 5231 1180 5295 εἰς
1206 5230 1353 5301 ὑμᾶς
1376 5228 1617 5299 ἀγαθαῖς
1636 5227 1882 5300 φροντίσι

371 5388 439 5418 ⁸³⁸
464 5387 601 5442 Luc.
639 5402 677 5449 I,
705 5386 758 5440 2.
832 5386 883 5417 ’³
912 5386 1149 5455 Philipp.
1209 5400 1269 5445 ιι,
1323 5386 1406 5439 lr'i.
1486 5382 1553 5415 ’³⁸
1582 5381 1749 5455 Hebr.
1789 5398 1908 5455 vr},
1945 5381 1995 5455 7.

1985 4505 2118 4551 nato
2148 4512 2244 4553 ore
2264 4494 2544 4552 Christum
2572 4494 2965 4557 insectabatur,
2990 4509 3021 4548 a
3049 4495 3222 4549 sacris
3249 4494 3561 4565 divinisque

1981 4588 2141 4643 atriis
2160 4595 2378 4642 amotus
2399 4595 2516 4651 est;
2547 4585 2603 4640 in
2629 4586 2789 4655 cujus
2810 4585 2990 4641 locum
3018 4584 3303 4656 integritas
3330 4594 3424 4639 tua
3444 4587 3558 4640 vel-

1984 4675 2065 4729 uti
2102 4675 2255 4745 pacis
2296 4675 2504 4745 planta,
2547 4683 2607 4729 ut
2634 4675 2901 4751 scriptum
2925 4685 3028 4739 est,
3060 4676 3343 4730 successit.
3366 4674 3435 4728 Et
3459 4664 3579 4728 hoc'

1985 4782 2209 4822 rursum
2228 4766 2441 4820 illustre
2457 4766 2532 4836 pii
2552 4766 2697 4837 regis
2714 4782 2916 4821 munus
2937 4775 3041 4831 est,
3064 4766 3287 4836 prazvio,
3314 4775 3374 4821 ut
3398 4766 3561 4821 modo

1986 4857 2223 4921 aiebam,
2265 4854 2476 4910 caalesti
2513 4855 2794 4927 suffragio.
2837 4855 3074 4911 Proinde
3119 4855 3562 4926 congratulamur

1986 4949 2154 5005 etiam
2196 4946 2354 5003 vobis
2387 4955 2592 5003 rectam
2627 4948 3070 5019 inculpatamque
3106 4947 3266 5003 fidem
3305 4948 3558 5003 babenti-

1987 5041 2113 5097 bus.
2142 5038 2390 5095 Surrexit
2418 5038 2567 5094 enim
2593 5054 2878 5095 sacrorum
2902 5038 3176 5101 minister,
3199 5053 3363 5108 quem
3385 5038 3558 5103 scitis,

1987 5144 2043 5190 et
2080 5134 2405 5189 diuturnum
2440 5141 2658 5204 tempus
2689 5132 2847 5186 vobis
2890 5130 3314 5195 commendavit,
3363 5139 3419 5185 ct
3444 5130 3558 5200 ipsa

1989 5242 2178 5282 rerum
2211 5227 2551 5297 experientia
2585 5223 2866 5281 decoravit
2895 5240 2909 5278 :
2951 5223 3157 5294 quique
3194 5224 3249 5278 in
3295 5222 3558 5280 sollicitu-

2070 5381 2114 5413 "‘
2140 5382 2299 5437 Prov.
2350 5398 2423 5443 iv,
2475 5379 2576 5435 26.
2644 5380 2687 5412 "
2721 5380 2963 5450 Philipp.
3030 5397 3108 5447 ιιι,
3149 5381 3234 5436 Η.
3313 5382 3359 5414 ⁸⁸
3393 5382 3557 5437 Prov.

308 5473 437 5519 nu,
464 5457 557 5512 28.
636 5458 682 5489 ’⁷
714 5458 876 5512 Prov.
916 5473 976 5521 ιι,
1011 5452 1109 5511 15(
1151 5457 1196 5488 ’⁸
1255 5456 1438 5511 Eccle.
1478 5471 1568 5514 vn.
1599 5454 1688 5507 27.
1769 5456 1813 5486 ’³
1849 5453 1880 5508 Ρ

1981 5495 1992 5505 .
2030 5468 2209 5515 Lxxlx,
2245 5452 2331 5506 l9.

1409 5571 1582 5627 Variae
1604 5569 1868 5626 lectiones
1892 5568 2098 5625 codicis
2138 5565 2506 5637 Seguieriani.

382 5698 409 5740 ς
443 5687 753 5761 μεταίρετε.
835 5699 856 5727 τ
885 5687 1059 5761 ὑμῶν.
1137 5703 1157 5731 ι
1193 5689 1441 5760 σαγῆναι.
1528 5690 1543 5725 ί
1581 5687 1781 5759 Κυρίου
1816 5674 2243 5756 ὲξαιρέθήσεται.
2327 5680 2688 5759 ιιπροσίεμεν.
2764 5691 2790 5721 ν
2820 5679 3003 5735 αὑτοῦ.
3081 5685 3110 5717 ι
3133 5677 3473 5750 ἐκκλησίαις,
