4028 6208
456 269 558 327 155

1464 264 1518 319 S.
1561 261 1837 319 CYRILLI
1876 256 2340 315 ALEXANDRINI
2380 259 2697 316 ARClllEP.

3600 256 3701 314 {56

455 401 584 455 the
605 416 704 471 pro
723 399 880 454 vobis
908 396 1146 469 gerenda
1177 396 1408 450 multum
1440 393 1699 462 temporis
1720 392 2027 463 insumpsit,

2139 374 2375 443 μακροὺς
2396 373 2711 442 δαπανήσας
2735 370 2979 441 χρόνους,
3002 368 3095 422 καῖ
3116 368 3214 438 τὴν
3234 366 3375 420 οὕτω
3396 366 3563 420 πάνσε
3575 386 3703 438 μνον

456 492 934 559 venerandamque
984 489 1123 542 adeo
1163 486 1421 541 canitiem
1472 484 1675 539 emisit.
1732 482 2029 552 Oportebat

455 586 624 648 etim,
654 583 944 651 Oportebat
982 578 1200 634 selectis
1232 576 1530 631 Salvatoris
1564 574 1739 629 nostri
1777 574 2031 643 gregibus

455 675 759 743 sapientein
798 672 1147 740 peritumque
1181 666 1470 736 prazsidem
1517 666 1659 731 dari,
1697 666 1786 719 cui
1814 665 2031 719 animus

453 775 602 820 esset
623 763 877 833 pastorali
893 760 1159 815 industria
1176 759 1430 821 refertUs,
1450 757 1653 827 quique
1667 756 1867 826 pabulo
1889 756 2030 809 bono

456 865 512 911 et
544 857 665 911 loco
682 869 881 924 pascuo
894 867 1117 923 pascere
1134 851 1331 916 sciret;
1358 850 1451 919 qui
1464 847 1701 917 denique
1718 848 1882 901 rebus
1899 845 2031 916 ipsis

458 948 722 1018 probatus
746 946 906 1008 loret,
944 952 1198 1011 tanquam
1216 941 1391 995 ﬁdelis
1423 940 1781 1007 sincerusque
1809 950 2031 991 (nconc-

459 1053 601 1091 mus.
637 1035 740 1102 Qui
769 1035 916 1089 enim
945 1034 1018 1087 ita
1050 1033 1235 1087 vivere
1258 1033 1637 1094 instituerunt,
1665 1042 1762 1083 eos
1778 1026 2031 1081 Christus

462 1128 677 1196 recipit,
700 1135 757 1181 et
779 1126 973 1196 quovis
1014 1125 1221 1179 honore
1240 1123 1432 1193 dignos
1450 1129 1637 1176 censet
1662 1138 1676 1187 ;
1706 1134 1866 1174 secus
1893 1134 2025 1173 vero

459 1220 749 1283 all‘ectos,’a
770 1216 1076 1272 ministerio
1096 1215 1241 1285 quod
1268 1215 1399 1283 ipsis
1418 1214 1747 1275 crediderat,
1771 1211 2027 1280 explodit.

458 1308 728 1377 9SQuod
743 1306 995 1369 dicimus,
1010 1319 1198 1358 verum
1215 1317 1333 1356 esse
1350 1318 1415 1356 ex
1428 1300 1597 1355 sacris
1614 1298 1837 1353 Litteris
1857 1296 2033 1366 perfa-

462 1400 564 1453 cile
596 1388 909 1469 cﬂgnoscas.
947 1396 1214 1464 Loquitur
1236 1395 1380 1449 enim
1413 1392 1613 1447 alicubi
1638 1392 1783 1445 Deus
1802 1388 1868 1442 ad
1901 1389 2030 1442 bea-

465 1500 578 1543 tum
620 1489 941 1559 prophetam
979 1488 1216 1540 Isaiam:
1259 1505 1276 1537 ι
1315 1485 1463 1539 Vade
1513 1484 1569 1538 in
1617 1480 2032 1552 pastophorium

462 1580 528 1632 ad
566 1579 802 1640 Sobnam
839 1585 1184 1647 quaestorem,
1226 1586 1281 1631 et
1315 1574 1403 1629 dic
1440 1574 1490 1629 ei
1520 1590 1532 1625 :
1570 1571 1711 1637 Quid
1748 1578 1803 1623 tu
1844 1570 1954 1632 hic,
1978 1576 2035 1622 et

461 1671 592 1739 quid
633 1671 731 1727 tibi
770 1668 861 1723 hic
890 1668 1019 1723 est?
1049 1668 1191 1722 Ecce
1250 1666 1519 1720 Dominus
1567 1662 1809 1718 Sabaoth
1850 1660 2034 1732 ejiciet

2136 461 2327 514 πολιὰν
2353 459 2685 531 ἐξηνθηκώς.
2720 459 2865 512 Ἔδει
2909 458 3050 528 γὰρ,
3079 456 3206 519 ἔδει,
3243 459 3363 518 ταῖς
3404 456 3704 527 ἐξαιρέτοις
3784 512 3793 527 ,ν

2140 553 2372 623 μάλιστα
2403 552 2495 605 τοῦ
2534 550 2786 621 Σωτῆρος
2817 550 3039 617 ἀγέλαις
3071 547 3231 615 σοφόν
3262 564 3320 598 τε
3348 548 3443 600 καὶ
3480 550 3706 617 ἐπιστή-

2140 663 2275 714 μονα
2311 645 2533 714 δοθῆναι
2561 642 2651 695 τὸν
2684 642 3001 709 ἐπιστάτην,
3046 637 3375 707 ποιμενικῇ
3420 639 3704 707 εὐτεχνίας

2136 737 2426 807 ἐπίμεστον
2473 736 2663 805 ἔχοντα
2700 732 2792 786 τὸν
2831 730 2976 797 νοῦν,
3013 732 3069 782 ἐν
3099 732 3236 800 νομῇ
3276 730 3475 799 ἀγαθῇ,
3520 730 3613 781 καὶ
3646 730 3706 780 ἐν

2136 829 2283 898 τόπῳ
2313 828 2456 881 πίονι
2484 826 2809 895 κατανέμειν
2831 822 3027 888 εἰδότα,
3056 822 3510 891 δεδοκιμασμένον
3537 822 3593 874 δὲ
3616 820 3703 873 διὰ

2137 919 2500 989 πραγμάτων,
2532 918 2608 981 ὡς
2634 916 2843 981 πιστὸν,
2873 914 2967 967 καὶ
2991 915 3212 984 γνήσιον
3237 914 3538 983 οἰκονόμον.
3564 914 3702 977 Τοὺς

2141 1012 2239 1082 μὲν
2263 1012 2371 1081 γάρ
2404 1009 2546 1064 οῦτω
2578 1010 2676 1080 ζῇν
2701 1008 2960 1070 εἰωθότας
2992 1008 3089 1061 καί⁹
3126 1007 3408 1077 προσίεται
3447 1007 3701 1078 Χριστὸς,

2136 1103 2233 1155 καὶ
2254 1102 2413 1171 λόγου
2436 1100 2635 1163 παντὸς
2660 1100 2820 1166 ἀξιοῖ,
2844 1099 2969 1161 τοὺς
2989 1097 3045 1150 δέ
3071 1099 3143 1168 μὴ
3165 1097 3438 1160 τοιούτους
3461 1098 3704 1162 ἐξίστησι

2137 1194 2238 1263 τῆς
2300 1191 2730 1263 ἐγχειρισθείσης
2786 1192 2970 1253 αὐτοῖς
3023 1190 3353 1257 οἰκονομίας.
3392 1187 3500 1240 Καὶ
3547 1186 3707 1240 τοῦτο

2138 1286 2287 1338 ἐστιν
2313 1282 2513 1352 ἀληθὲς
2540 1281 2666 1335 ἰδεῖν
2686 1280 2745 1346 ἐξ
2767 1289 2795 1327 Y
2820 1281 2998 1334 αὐτῶν
3020 1280 3126 1333 τῶν
3151 1278 3309 1349 ἰερῶν
3336 1278 3701 1348 Γραμμάτων.

2143 1376 2287 1443 Ἔφη
2334 1374 2443 1443 γάρ
2484 1387 2587 1424 που
2633 1370 2763 1431 Θεὸς
2808 1371 2945 1442 πρὸς
2983 1370 3075 1423 τὸν
3110 1369 3376 1439 μακάριον
3419 1369 3705 1437 προφήτην

2150 1463 2398 1515 Ἡσαΐαν·
2430 1478 2450 1511 ί
2482 1458 2784 1530 Πορεύθητι
2806 1470 2828 1495 ι
2860 1461 2939 1522 εἰς
2968 1459 3028 1512 τὸ
3043 1458 3403 1528 παστοφόριον
3426 1456 3561 1527 πρὸς
3592 1458 3704 1507 Σῶ-

2144 1569 2249 1622 μαν
2262 1565 2288 1592 ι
2305 1552 2396 1605 τὸν
2415 1550 2639 1620 ταμίαν,
2659 1550 2754 1603 καὶ
2770 1546 2921 1603 εἷπον
2938 1550 3113 1620 αὐτῷ’
3127 1549 3190 1603 Τί
3215 1550 3277 1601 σὺ
3298 1543 3421 1611 ὧδε,
3446 1551 3539 1601 καὶ
3554 1550 3603 1601 τί
3623 1551 3703 1601 σοί

2141 1647 2286 1696 ἐστιν
2300 1638 2423 1709 ὦδε;
2454 1645 2581 1698 Ἰδοὺ
2600 1644 2802 1711 Κύριος
2818 1641 3075 1695 Σαὸὁαὼθ
3094 1641 3313 1694 ἐκϐαλεῖ
3334 1641 3383 1703 b,
3403 1642 3496 1693 καὶ
3516 1640 3699 1701 ἐκτρί-

461 1769 516 1813 et
540 1766 788 1813 conteret
817 1757 998 1813 virum
1023 1796 1037 1821 ,
1075 1764 1132 1811 et
1178 1755 1390 1810 auferet
1422 1754 1615 1809 stolam
1652 1762 1823 1815 tuam,
1851 1760 1907 1805 et
1935 1764 2031 1804 co-

2139 1736 2221 1805 ςιιει
2246 1736 2437 1806 ἄνδρα,
2458 1736 2551 1788 καὶ
2574 1734 2764 1804 ἀφελεῖ
2783 1734 2880 1804 τὴν
2904 1734 3096 1804 στολήν
3129 1750 3243 1795 σου,
3271 1733 3364 1786 καὶ
3392 1732 3483 1785 τὸν
3514 1732 3705 1799 στέφα-

463 1863 651 1901 ronam
686 1856 834 1902 tuam
867 1847 1195 1918 gloriosam;
1228 1854 1285 1899 et
1316 1842 1535 1914 abjieiet
1574 1851 1627 1897 te
1664 1842 1721 1895 in
1750 1840 2030 1910 regionem

464 1941 626 1994 latam
664 1946 721 1994 et
750 1940 1092 2003 immensam,
1134 1930 1319 2006 ibique
1351 1933 1625 1995 morieris,
1656 1939 1713 1987 et
1746 1930 1953 1986 tolleris
2002 1943 2035 1983 a

461 2032 866 2102 dispensatione
912 2041 1004 2086 tua
1059 2039 1117 2086 et
1152 2030 1220 2084 de
1247 2029 1418 2100 gradu
1460 2037 1575 2084 tuo.
1609 2026 1679 2081 Et
1719 2024 1819 2081 erit
1854 2023 1907 2077 in
1943 2021 2034 2078 die

464 2124 553 2177 illa
575 2164 588 2188 ,
623 2123 832 2177 vocabo
862 2136 1093 2191 puerum
1128 2135 1310 2174 meum
1340 2119 1568 2173 Eliaeim
1615 2116 1786 2170 ﬁlium
1808 2114 2030 2178 Ilelciaa,

462 2223 519 2269 et
562 2214 793 2268 induam-
819 2214 973 2268 illum
1014 2212 1152 2266 stola
1176 2219 1290 2275 tua,
1337 2218 1393 2264 et
1431 2224 1692 2263 coronam
1716 2216 1865 2261 tuam
1892 2205 2034 2259 dabo

462 2306 535 2369 ei,
561 2314 617 2359 et
647 2304 1110 2375 dispensationem
1160 2311 1307 2357 tuam
1342 2300 1484 2355 dabo
1505 2300 1560 2354 in
1584 2314 1799 2362 manus,
1836 2298 1955 2368 ejus
1980 2303 2035 2351 et

462 2396 568 2451 crit
595 2406 850 2465 tanquam
873 2404 1027 2464 pater
1056 2393 1312 2448 omnibus
1342 2390 1721 2446 habitantibus
1743 2389 1799 2442 in
1818 2388 2035 2444 Jerusa-

464 2489 593 2551 lem,
634 2497 691 2542 et
730 2488 823 2557 qui
860 2486 1107 2540 habitant
1145 2486 1199 2539 in
1238 2484 1419 2539 Juda:
1455 2492 1511 2539 et
1544 2482 1687 2537 dabo
1720 2481 1771 2535 ei
1803 2481 2036 2551 gloriam

464 2578 634 2632 David
662 2593 677 2643 ;
705 2588 761 2632 et
782 2577 1147 2646 principatum
1184 2584 1355 2645 geret,
1394 2584 1451 2629 et
1481 2590 1591 2628 non
1630 2572 1736 2627 erit
1768 2571 1863 2641 qui
1901 2586 2036 2628 con-

464 2666 735 2720 tradicat:
762 2675 816 2719 et
839 2681 1035 2735 ponam
1060 2680 1186 2719 eum
1213 2664 1519 2733 principem
1546 2663 1601 2715 in
1621 2662 1741 2715 loco
1778 2669 1897 2714 tuto
1925 2676 1939 2725 ;
1981 2669 2038 2714 et

462 2758 571 2812 erit
601 2758 654 2810 in
679 2758 935 2811 thronum
972 2755 1159 2826 gloria:
1188 2754 1375 2808 domui
1415 2753 1589 2823 patris
1629 2752 1801 2822 ipsius
1831 2769 1843 2804 :
1884 2760 1941 2806 et
1972 2750 2038 2804 fi-

464 2850 684 2905 duciam
727 2850 784 2903 in
832 2864 959 2904 eum
1009 2846 1234 2902 habebit
1272 2846 1524 2916 quisquis
1563 2846 1832 2917 gloriosus
1866 2852 1951 2900 est
1980 2843 2037 2896 in

464 2943 629 2996 domo
670 2942 841 3011 patris
882 2941 1020 3010 ejus,
1072 2954 1101 2993 a
1146 2939 1363 2993 modico
1415 2954 1588 3007 usque
1626 2937 1693 2991 ad
1742 2950 2035 3006 magnum;

465 3040 522 3086 et
560 3030 879 3101 pendebunt
910 3030 979 3083 ab
1007 3044 1074 3083 eo
1099 3028 1187 3082 die
1221 3028 1330 3081 illa.
1364 3028 1490 3082 Haec
1514 3042 1647 3081 vero
1680 3026 1813 3080 dicit
1846 3025 2038 3080 Domi-

467 3138 573 3177 nus
611 3122 1001 3175 exercituum:
1048 3119 1408 3173 Amovebitur
1453 3119 1639 3183 homo,
1682 3119 1773 3188 qui
1825 3118 1934 3188 jam
1981 3119 2037 3170 in

464 3214 586 3267 loco
618 3219 736 3265 tuto
756 3210 1108 3266 conﬁrmatus
1135 3218 1238 3273 est,
1261 3217 1316 3263 et
1339 3209 1535 3274 cadet;
1576 3217 1633 3263 et
1668 3209 1947 3263 auferetur
1969 3208 2038 3262 ab

466 3319 533 3357 eo
559 3303 728 3373 gloria
751 3318 872 3371 qua:
901 3311 986 3356 est
1006 3316 1171 3370 super
1202 3314 1350 3362 eum,
1382 3300 1510 3369 quia
1537 3300 1799 3353 Dominus
1824 3300 2041 3353 locutus

466 3403 552 3448 cst
578 3393 646 3447 ".
690 3413 706 3443 ι
748 3393 933 3463 Diligit
966 3392 1150 3462 itaque
1192 3390 1438 3446 omnium
1476 3392 1621 3445 Deus
1655 3405 1782 3447 vere
1820 3389 2036 3442 ﬁdelem

466 3485 855 3553 sincerumque
894 3497 1239 3538 (economum
1272 3498 1287 3547 ;
1327 3497 1453 3537 eum
1489 3496 1624 3536 vero
1652 3481 1745 3551 qui
1778 3480 1900 3534 talis
1929 3495 2038 3533 non

467 3584 572 3639 est,
628 3585 883 3645 tanquam
917 3573 1207 3645 profanum
1245 3582 1548 3628 aversatur.
1603 3572 1724 3635 Hic,
1768 3578 1828 3623 ut
1856 3585 2039 3639 spera-

470 3683 611 3729 mus,
630 3667 901 3721 sanctitati
922 3676 1028 3721 tum
1046 3680 1204 3735 opem
1222 3664 1380 3729 feret,
1405 3663 1760 3733 eamdemque
1783 3664 2040 3731 opulenta

471 3773 634 3811 manu
656 3757 973 3811 cmlestibus
1004 3755 1163 3810 donis
1186 3754 1533 3819 exhilarabit,
1561 3769 1670 3823 quo
1690 3754 1915 3808 verbum
1946 3770 2039 3807 ve-

471 3847 650 3902 ritatis
689 3858 836 3901 recte
878 3847 1183 3911 tractando,
1222 3855 1278 3901 et
1315 3854 1631 3901 sanctorum
1659 3846 1880 3899 Patrum
1912 3844 2039 3898 ﬁdei

471 3938 641 3994 veluti
695 3939 939 4009 vestigiis
987 3938 1317 4008 quibusdam
1376 3936 1710 4002 insistendo,
1752 3934 2042 3991 laudabilis

471 4038 788 4098 perseveret
846 4046 942 4099 per
996 4029 1426 4084 misericordiam
1484 4036 1540 4083 et
1597 4027 2039 4083 benevoléntiam

470 4117 673 4173 Christi
700 4119 997 4173 Salvatoris
1018 4120 1187 4173 nostri
1213 4119 1457 4172 omnium
1484 4136 1496 4171 :
1531 4133 1630 4187 per
1656 4132 1818 4187 quem
1844 4125 2041 4171 etcum

472 4224 601 4277 quo,
636 4208 746 4262 Deo
768 4217 824 4263 et
854 4210 999 4263 Patri
1025 4224 1149 4263 cum
1185 4217 1374 4262 sancto
1404 4209 1613 4277 Spiritu
1659 4208 1829 4278 gloria
1860 4218 1915 4263 et
1940 4223 2038 4278 p0-

2134 1826 2224 1879 νόν
2254 1842 2346 1879 σου
2371 1825 2463 1877 τὸν
2489 1824 2719 1891 ἔνδοξον,
2753 1825 2847 1878 καὶ
2870 1824 3015 1895 ῥίψει
3038 1841 3096 1876 σε
3126 1824 3203 1887 εἰς
3226 1821 3405 1893 χώραν
3440 1822 3703 1892 μεγάλην,

2132 1918 2227 1971 καὶ
2259 1917 2564 1988 ἀμέτρητον
2598 1925 2647 1979 ο,
2673 1916 2769 1969 καὶ
2790 1916 2907 1968 ἐκεῖ
2931 1914 3211 1985 ἀποθανῇ,
3242 1916 3336 1968 καί
3364 1912 3707 1984 ἀφαιρεθήσῃ

2133 2008 2241 2064 ἀπὸ
2256 2007 2283 2049 ἀ
2300 2008 2398 2080 τῆς
2412 2007 2723 2079 οἰκονομίας
2748 2024 2860 2071 σου,
2890 2008 2983 2061 καί.
3005 2009 3069 2061 ἐκ
3096 2009 3193 2078 τῆς
3211 2005 3521 2069 συστάσεως
3546 2022 3638 2057 σου
3658 2020 3681 2043 υ

2136 2100 2243 2153 Καὶ
2261 2100 2412 2153 ἔσται
2434 2101 2493 2153 ἐν
2512 2102 2578 2170 τῇ
2602 2099 2783 2170 ἡμέρᾳ
2816 2099 3019 2169 ἐκείνῃ,
3050 2098 3271 2151 καλέσω
3296 2097 3387 2150 τὸν
3414 2095 3580 2149 παῖδά
3607 2112 3709 2164 μου

2147 2192 2454 2260 Ἐλιακείμ,
2486 2192 2579 2244 τὸν
2619 2188 2713 2243 τοῦ
2745 2189 2976 2242 Χελκίου
2998 2230 3013 2255 ,
3045 2190 3140 2243 καὶ
3172 2188 3377 2241 ἐνδύσω
3415 2187 3577 2241 αὑτὸν
3611 2184 3710 2254 τὴν

2136 2284 2329 2352 στολήν
2357 2300 2482 2347 σου,
2518 2283 2611 2335 καὶ
2641 2282 2732 2334 τὸν
2783 2281 3044 2351 στέφανόν
3098 2298 3194 2333 σου
3227 2279 3382 2333 δώσω
3410 2278 3579 2345 αὐτῷ,
3612 2277 3709 2328 καί

2134 2375 2233 2444 τὴν
2264 2374 2577 2446 οἰκονομίαν
2611 2391 2706 2427 σου
2737 2373 2891 2428 δώσω
2930 2375 3008 2436 εἰς
3038 2373 3136 2436 τάς
3166 2375 3354 2441 χεῖρας
3388 2370 3582 2423 αὐτοῦ’
3616 2369 3713 2421 καὶ

2135 2464 2288 2518 ἔσται
2318 2465 2394 2528 ὡς
2423 2466 2607 2536 πατὴρ
2637 2468 2751 2529 τοῖς
2776 2464 3073 2519 ἐνοικοῦσιν
3108 2465 3164 2515 ἐν
3205 2461 3581 2532 Ἰερουσαλὴμ,
3617 2461 3714 2513 καὶ

2136 2561 2248 2622 τοῖς
2272 2556 2568 2611 ἐνοικοῦσιν
2597 2560 2655 2611 ἐν
2699 2558 2889 2611 Ἰούδα⁸
2925 2558 3019 2612 καὶ
3046 2556 3200 2609 δώσω
3224 2555 3322 2626 τὴν
3354 2552 3513 2618 δόξαν
3545 2553 3713 2606 Δαϐἰδ

2138 2647 2317 2718 αὐτῷ,
2356 2650 2451 2702 καὶ
2483 2649 2659 2718 ἄρξει,
2698 2649 2792 2703 καὶ
2822 2648 2922 2702 ούκ
2964 2648 3115 2701 ἔσται
3162 2649 3189 2700 ὁ
3236 2646 3532 2711 ἀντιλέγων
3556 2662 3569 2675 ·
3617 2646 3714 2696 καὶ

2138 2739 2320 2809 στήσω
2358 2738 2522 2791 αὑτὸν
2559 2738 2795 2809 ἄρχοντα
2834 2740 2891 2791 ἐν
2922 2737 3075 2808 τόπῳ
3102 2736 3300 2803 πιστῷ·
3326 2734 3422 2788 καὶ
3447 2734 3598 2787 ἔσται
3632 2736 3713 2796 εἰς

2140 2828 2327 2901 θρόνον
2355 2829 2512 2900 δόξης
2540 2828 2633 2881 τοῦ
2666 2830 2817 2883 οἰκον
2844 2828 2936 2883 τοῦ
2973 2828 3177 2898 πατρὸς
3205 2825 3391 2878 αὐτοῦ·
3430 2825 3525 2877 καὶ
3560 2824 3713 2877 ἔσται

2140 2921 2415 2984 πεποιθὼς
2448 2921 2533 2974 ἐπ’
2559 2920 2721 2974 αὑτὸν
2748 2922 2854 2982 πᾶς
2892 2919 3099 2984 ἔνδοξος
3133 2920 3191 2971 ἐν
3221 2917 3297 2987 τῷ
3320 2916 3455 2986 οἴκῳ
3491 2915 3583 2969 τοῦ
3609 2932 3715 2969 παι

2138 3012 2265 3084 τρὸς
2307 3010 2505 3076 αὐτοῦ,
2539 3012 2646 3064 ἀπὸ
2683 3011 2879 3081 μικροῦ
2924 3010 3030 3072 ἕως
3071 3009 3328 3080 μεγά).ου’
3372 3008 3467 3061 καὶ
3502 3007 3715 3060 ἔσονται

2139 3104 2570 3174 ἐπικρεμάμενοι
2613 3101 2761 3173 αύτῷ
2792 3104 2848 3155 ἐν
2879 3104 2943 3172 τῇ
2987 3100 3171 3172 ἡμέρᾳ.
3205 3100 3408 3170 ἐκείνῃ.
3450 3098 3585 3151 Τάδε
3623 3098 3714 3151 λέ-

2138 3212 2226 3262 γει
2266 3194 2470 3265 Κύριος
2496 3192 2757 3246 Σαϐδαώθ
2782 3210 2793 3221 ·
2826 3191 3195 3262 Κινηθήσεται
3242 3191 3269 3242 ό
3315 3189 3599 3259 ἄνθρωπος
3633 3188 3650 3226 ί
3688 3191 3717 3241 ὁ

2139 3284 2529 3355 ἐστηριγμένος
2554 3284 2610 3336 ἐν
2632 3282 2781 3354 τόπῳ
2804 3282 3000 3353 πιστῷ,
3027 3283 3122 3335 καὶ
3145 3283 3413 3341 πεσεῖται,
3436 3280 3531 3332 καὶ
3555 3280 3716 3347 ἀφαι·

2143 3373 2481 3444 ρεθήσεταιή
2503 3370 2627 3436 δόξα
2654 3373 2686 3443 ἡ
2709 3372 2793 3425 ἐπ’
2811 3371 2992 3430 αὐτὸν,
3015 3371 3094 3423 ὅτι
3117 3372 3145 3423 ὁ
3168 3369 3368 3440 Κύριος
3390 3368 3670 3438 ἐλάλησεν.
3692 3387 3711 3419 ι

2152 3464 2364 3533 Ἀγαπᾷ
2396 3462 2575 3516 τοίνυν
2598 3464 2627 3516 ὁ
2656 3462 2764 3515 τῶν
2792 3462 2929 3515 ὅλων
2962 3462 3095 3524 Θεὸς
3127 3460 3221 3514 τὸν
3255 3460 3444 3513 πιστὸν
3477 3458 3713 3528 ἀληθῶς,

2140 3555 2233 3608 καὶ
2264 3556 2486 3624 γνήσιον
2513 3554 2814 3624 οἰκονόμον·
2841 3553 2932 3607 τὸν
2956 3553 3013 3606 δὲ
3046 3553 3119 3622 μὴ
3152 3552 3421 3613 τοιοῦτον,
3452 3550 3528 3611 ὡς
3554 3549 3717 3619 βέὸη-

2139 3648 2250 3712 λον,
2284 3645 2702 3717 ἀποστρέφεται.
2736 3646 3102 3716 Συγκροτήσει
3134 3645 3191 3697 δὲ
3222 3646 3303 3697 ὃτι
3329 3644 3428 3715 τὴν
3456 3644 3554 3715 σὴν
3576 3642 3718 3695 ὁσιό-

2139 3756 2299 3809 τητα,
2332 3738 2425 3791 καὶ
2450 3740 2563 3801 τοῖς
2597 3736 2802 3792 ἄνωθεν
2849 3737 3114 3807 εὐφρανεῖ
3153 3736 3456 3806 χαρίσμασι
3489 3734 3719 3805 πλουσίᾳ

2140 3826 2313 3896 χειρὶ,
2344 3824 2789 3897 τεθαρσήκαμεν·
2813 3824 2928 3877 ’ἵνα
2956 3825 3048 3877 τὸν
3077 3825 3176 3895 τῆς
3207 3824 3464 3895 ἀληθείας
3502 3824 3721 3895 ὀρθοτο-

2145 3916 2320 3987 μοῦσα
2361 3915 2539 3984 λόγον,
2586 3917 2681 3969 καὶ
2716 3914 2813 3986 τὴν
2856 3914 2964 3969 τῶν
2994 3916 3165 3984 ἁγίων
3198 3915 3456 3985 Πατέρων
3496 3914 3719 3984 ἰχνηλα-

2140 4007 2308 4060 τοῦσα
2339 4007 2539 4072 πίστιν,
2574 4006 2855 4077 εὐδόκιμος
2878 4008 3132 4077 διαμείνῃ
3166 4006 3253 4061 διὰ
3280 4005 3494 4073 φειδοῦς
3532 4024 3590 4059 τε
3627 4006 3721 4059 καὶ

2141 4098 2424 4168 εὐμενείας
2458 4098 2551 4151 τοῦ
2585 4098 2803 4152 πάντων
2852 4100 3009 4169 ἡμῶν
3044 4099 3295 4169 Σωτῆρος
3336 4096 3573 4169 Χριστοῦ
3596 4114 3608 4127 ·
3650 4097 3720 4150 δι’

2142 4179 2225 4247 οὗ,
2250 4185 2345 4236 καὶ
2377 4184 2495 4253 μεθ’
2512 4178 2593 4248 οῦ,
2618 4183 2694 4254 τῷ
2714 4184 2833 4254 Θεῷ
2854 4185 2946 4238 καὶ
2970 4186 3145 4257 Πατρί.
3167 4186 3263 4239 σῦν
3284 4186 3425 4257 ἁγίῳ
3444 4186 3720 4256 Πνεύματι

477 4307 647 4354 testas
673 4301 727 4353 in
755 4301 952 4354 saecula
974 4301 1318 4354 saaculorum.
1353 4298 1547 4354 Amen.
1577 4273 1763 4354 Saluta
1783 4273 2034 4354 fraterni-

2144 4276 2177 4342 ή
2206 4273 2330 4338 δόξα
2354 4313 2367 4337 ,
2414 4274 2507 4328 καὶ
2538 4274 2597 4327 τὸ
2637 4274 2837 4347 κράτος
2867 4276 2947 4339 εἰς
2975 4278 3102 4340 τοὺς
3134 4276 3334 4340 αἰῶνας
3374 4276 3481 4330 τῶν
3512 4276 3720 4332 αἰώνων

475 4398 639 4443 tatem
674 4406 794 4458 qua:
834 4399 1012 4445 tecum
1046 4399 1128 4445 est
1158 4408 1172 4456 ;
1204 4390 1406 4444 salutat
1431 4399 1505 4454 te,
1533 4406 1655 4459 qua:
1688 4405 1904 4445 mecum
1932 4400 2034 4455 est,

2156 4364 2347 4434 Ἀμήν.
2380 4365 2648 4435 Πρόσειπε
2678 4366 2776 4437 τὴν
2820 4366 2971 4437 παρά
3008 4368 3091 4420 σοὶ
3142 4368 3495 4438 ἀδελφότητα·
3540 4369 3622 4421 ὅτι
3663 4384 3721 4419 σε

476 4483 531 4535 in
575 4481 825 4535 Domino.
868 4481 1062 4536 Valere
1094 4488 1168 4545 te,
1212 4480 1385 4535 nostri
1424 4495 1747 4545 memorem,
1783 4495 1979 4550 precor
2016 4496 2034 4535 ι]

2146 4456 2177 4525 ὴ
2206 4457 2231 4496 ε
2267 4456 2364 4508 σὺν
2396 4457 2527 4527 ἡμῖν
2555 4459 2610 4510 ἐν
2633 4458 2824 4528 Κυρίῳ
2855 4459 3272 4530 προσαγορεύει,
3312 4458 3617 4531 Ἐρρῶσθαί
3641 4476 3720 4520 σε,

476 4573 725 4640 Domino,
750 4571 1203 4629 reverendissime
1226 4572 1448 4642 Deoque
1476 4571 1829 4627 dilectissime
1854 4571 2034 4625 frater,

2144 4547 2238 4599 καὶ
2272 4546 2631 4616 μνημονεύειν
2666 4546 2846 4616 ἡμῶν,
2876 4548 2955 4617 τῷ
2989 4548 3179 4619 Κυρίῳ
3206 4548 3435 4620 εὔχομαι
3455 4592 3469 4615 ,
3498 4548 3721 4603 εὐλαϐέ-

2145 4655 2305 4691 στατε
2327 4640 2422 4693 καὶ
2456 4639 2839 4709 θεοφιλέστατε
2871 4640 3086 4708 ἀδελφέ.

1509 4876 1621 4949 99
1654 4876 1990 4934 EPISTOLA
2028 4878 2224 4933 XXXII
2268 4878 2361 4950 (οί.
2403 4877 2597 4949 XXX).

792 5005 998 5045 CYRILL!
1033 5007 1097 5045 AD
1122 5005 1418 5046 IUVENALE!
1446 5007 1733 5047 EPISCOPUI
1766 5009 1829 5047 ET
1862 5009 2034 5049 eam

2140 5010 2373 5050 CONCILII
2412 5009 2646 5051 LEGATOS
2673 5009 3191 5049 CONSTANTINOPOLIM
3221 5010 3423 5049 MISSOS.

757 5107 1075 5164 Cratulatur
1093 5108 1156 5162 de
1194 5108 1455 5178 triumpho
1476 5108 1732 5173 veritatis,
1762 5125 2018 5179 suumque
2045 5111 2198 5181 facta:
2226 5110 2465 5164 electioni
2491 5118 2540 5163 et
2567 5108 2890 5164 ordinationi
2924 5126 3196 5163 assensum
3228 5110 3441 5180 prwbct.

550 5216 795 5272 Dominis
839 5218 1299 5274 desiderabilibus
1336 5226 1391 5273 et
1431 5217 1527 5272 Dei
1573 5219 1877 5273 cultoribus
1929 5228 1985 5274 et
2030 5220 2422 5277 comministris
2457 5220 2730 5284 Juvenali,
2785 5219 3081 5285 Flaviano,
3139 5220 3394 5285 Arcadio,
3452 5222 3722 5292 Projecto,

482 5310 690 5373 Firmo,
715 5310 1079 5376 Theodoreto,
1106 5315 1321 5377 Acacio,
1346 5321 1401 5368 et
1432 5312 1682 5383 Philippo
1715 5314 2058 5387 presbytero,
2095 5315 2329 5387 Cyrillus
2365 5316 2419 5370 in
2452 5315 2682 5370 Domino
2716 5315 2966 5369 salutem.

556 5419 601 5453 ³⁰
633 5422 733 5476 Isa.
758 5439 887 5487 XXII,
925 5424 1111 5479 15-23.

1568 5498 1740 5551 Varia:
1770 5498 2031 5552 lectiones
2058 5498 2263 5553 codicis
2301 5497 2662 5568 chuieriani.

1318 5603 1335 5628 ι
1374 5594 1600 5662 πορεύου
1625 5632 1637 5646 .
1676 5608 1697 5635 α
1726 5593 1902 5664 Σομὰν
1937 5593 1967 5665 ἢ
2002 5593 2223 5648 Σοϐνάιν.

1273 5666 1293 5700 ε
1328 5664 1455 5739 σὶὶη.

563 5597 584 5623 ν
618 5588 741 5639 ἰδεῖν
769 5589 1129 5659 ἀληθέστατον

2318 5591 2341 5631 δ
2380 5594 2441 5662 δὴ
2462 5592 2659 5663 Κύριος
2691 5592 2925 5646 ἐκϐαλεῖ.
2973 5602 2992 5630 ε
3032 5591 3281 5663 ἄμετρον.
3362 5591 3384 5629 ιι
3415 5592 3495 5645 ἐκ.
3545 5603 3566 5630 ο
3595 5592 3723 5647 crdo

496 5676 631 5722 σ;ως
665 5675 773 5714 σου.
837 5660 855 5698 ί
890 5660 1188 5729 ἄνθρωπος.
