4028 6208
297 262 393 317 157

1606 244 1939 303 EPISTULA
1984 242 2218 301 XXX'II.

3336 226 3345 234 ’
3422 245 3526 302 iss

364 379 706 437 Satistartnm
731 377 893 432 nobis
914 385 1000 433 est
1030 376 1230 432 iterum
1252 383 1309 430 et
1340 374 1458 444 ipso
1482 370 1860 443 experimento
1887 364 1937 423 Δ
1958 369 2114 425 tatis.
2145 368 2507 440 Congaudens
2553 368 2719 440 igitur
2746 368 3019 425 universis
3046 367 3307 424 Ecclesiis
3335 374 3391 423 et
3419 383 3522 438 po-

300 472 662 543 cognovimus,
689 469 820 540 quia
853 468 1061 524 veritas
1088 469 1225 524 vivit
1249 474 1305 521 et
1334 465 1524 527 vincit,
1551 461 1860 520 semiudum

300 551 469 609 sancti
504 564 727 613 vocem;
766 548 977 603 resistit
1008 557 1191 603 autem
1224 549 1276 603 ei
1304 549 1531 603 omnino
1559 548 1697 602 nihil
1731 565 1743 601 :
1778 559 1863 603 est

298 652 471 697 autem
500 641 581 695 sic
616 639 981 704 validissima,
1009 651 1071 695 ut
1102 639 1351 710 insurgat
1379 639 1644 694 adversus
1666 653 1859 693 omnes

296 732 554 795 inimicos,
587 738 649 784 et
679 730 1056 785 resistentium
1078 729 1184 784 sibi
1207 730 1467 784 virtutem
1492 729 1685 784 solvat.
1718 729 1858 783 Ecce

287 823 452 887 enim,
483 837 617 877 ecce
645 821 781 877 false
813 821 1039 892 quidem
1070 821 1411 892 loquentium
1440 834 1537 877 ora
1569 821 1858 887 obstruxit,

285 922 338 968 et
365 914 691 968 illicitarum
731 912 1199 983 blasphemiarum
1240 912 1417 981 caligo
1456 911 1731 977 cessavit;
1772 926 1861 966 re-

286 1004 568 1074 splenduit
610 1013 800 1059 autem
841 1001 1094 1060 veritatis
1135 1002 1451 1073 dogmatum
1485 1002 1859 1073 pulchritudo,

284 1093 549 1147 ordinato
575 1094 841 1163 episcopo
895 1090 1201 1147 secundum
1257 1090 1539 1146 decretum
1567 1091 1664 1147 Dei
1698 1098 1862 1161 atque

284 1184 581 1238 concilium
619 1198 720 1252 per
752 1182 1096 1238 sanctitatem
1129 1188 1368 1236 vestram
1405 1181 1863 1236 reverendissimo

282 1283 333 1327 et
368 1274 470 1328 Dei
526 1275 745 1328 cultore
793 1273 1139 1338 Maximiano,
1195 1288 1358 1342 quem
1393 1271 1559 1327 etiam
1601 1280 1658 1326 et
1704 1272 1863 1342 longa

282 1374 408 1418 :ctas
434 1364 666 1418 ornavit
690 1380 798 1417 non
831 1364 889 1418 in
918 1364 1146 1419 desidiis
1161 1373 1218 1420 et
1241 1364 1453 1419 deliciis
1481 1364 1861 1426 constitutum,

282 1454 375 1507 sed
414 1454 477 1507 iu
524 1445 812 1508 labo'ribus
851 1463 909 1508 et
954 1453 1203 1519 virtute;
1243 1461 1299 1508 et
1330 1454 1426 1524 qui
1472 1453 1642 1508 multa
1679 1469 1864 1508 rerum

280 1540 582 1597 decoratus
612 1549 699 1597 est
728 1556 861 1597 cura
885 1557 987 1612 pro
1023 1541 1257 1598 veritate
1288 1550 1345 1598 et
1373 1542 1723 1613 dogmatibus
1744 1540 1862 1612 pie-

1965 460 2110 530 pulis
2142 459 2344 514 ibidem
2376 460 2709 522 constitutis,
2735 459 2933 512 merito
2957 458 3302 514 nroclamabo
3328 476 3345 514 :
3381 476 3399 509 ι
3429 456 3523 510 Bc-

1957 534 2210 588 nedictus
2257 533 2541 596 Dominus,
2583 532 2706 601 quia
2763 532 3014 597 risitavit,
3057 541 3113 585 et
3152 532 3282 586 fecit
3310 532 3525 587 redem-

1958 624 2201 694 ptionem
2235 623 2413 693 plebis
2438 639 2550 678 suae
2580 624 2644 676 ".
2691 644 2707 674 ι
2754 621 2874 678 Non
2895 623 3041 678 enim
3072 630 3286 692 poterat
3321 622 3527 678 dormi—

1956 722 2071 769 tare
2123 716 2204 769 sic
2247 717 2428 769 bonus
2480 723 2685 784 pastor,
2740 721 2799 768 ut
2849 714 3015 769 etiam
3072 728 3229 768 suam
3292 713 3529 767 animam

1953 813 2183 875 poneret
2203 819 2306 875 pro
2328 804 2527 859 ovibus
2550 804 2595 835 ³²
2621 822 2637 869 ;
2661 812 2717 859 et
2750 819 2967 874 semper
2994 804 3298 859 salvilicare
3325 804 3527 869 sciens,

1954 895 2246 966 malignam
2276 894 2498 965 quidem
2534 894 2767 950 bestiam
2811 911 2843 950 a
2887 911 3040 951 sacra
3078 904 3135 950 et
3169 895 3356 950 divina
3405 897 3535 950 aula

1956 985 2017 1057 [Ῑ.
2057 984 2241 1058 caula]
2280 986 2504 1056 repulit,
2547 985 3012 1055 sapientissimum
3049 993 3232 1041 autem
3266 994 3322 1040 et
3359 986 3530 1041 totius

1954 1077 2176 1133 virtutis
2206 1076 2475 1147 insignem
2511 1084 2903 1146 praeceptorem
2941 1076 3125 1146 elegit,
3164 1091 3326 1145 quem
3362 1076 3529 1130 etiam

1955 1167 2232 1224 credimus
2257 1168 2509 1224 decorari
2545 1169 2600 1222 in
2627 1167 2777 1222 omni
2817 1168 2980 1232 bono,
3011 1176 3068 1222 et
3099 1166 3399 1220 venerabili
3441 1176 3527 1220 at-

1955 1272 2061 1326 que
2088 1257 2361 1327 praecipua
2392 1257 2600 1312 virtute
2630 1257 2951 1326 pollentem,
2971 1256 3277 1326 gubernare
3303 1255 3405 1309 sub
3428 1270 3527 1310 sua

1954 1364 2118 1403 manu
2149 1350 2408 1420 populum
2440 1349 2818 1404 constitutum.
2847 1348 3152 1402 Incolumes
3174 1362 3274 1401 vos
3316 1361 3437 1401 esse
3470 1346 3526 1400 in

1955 1440 2206 1507 Domino,
2246 1450 2303 1496 et
2328 1441 2506 1497 nostri
2533 1456 2824 1507 memores,
2857 1453 3099 1505 oramus,
3134 1437 3443 1494 charissimi
3470 1446 3526 1492 et

1950 1530 2432 1590 desideratissimi.

1596 1744 1933 1808 EPISTOLA
1970 1750 2211 1808 XXXIII.

1329 1877 1396 1919 an
1424 1878 1648 1919 ACACIUI
1676 1880 2004 1922 examussim
2036 1881 2318 1922 EPISCOPUI
2358 1862 2455 1939 (l).

610 1974 765 2052 ir_np.,
775 1975 898 2044 jam
923 1992 961 2052 a_
976 1971 1265 2052 σςιειρξςςιξησ)⁸
1277 1992 1417 2052 papa
1436 1978 1684 2052 monitus,
1708 1979 1778 2052 ad
1788 1981 2176 2052 procurandam
2194 1981 2439 2037 Ecclesia!
2458 1996 2638 2052 pacem
2660 1978 2984 2034 Aristolaum
2999 1978 3265 2052 tribunum
3283 1979 3523 2046 miserat,

330 2044 430 2115 qui
462 2044 746 2121 EpIiesinar
773 2044 961 2121 synodi
998 2045 1214 2121 decretis
1246 2044 1489 2121 insistens
1524 2044 1898 2121 Antiochiazﬂet
1928 2050 2268 2105 Alexandria:
2292 2044 2497 2105 unionis
2518 2066 2645 2120 Opus
2671 2058 2992 2121 perurgeret.
3014 2044 3522 2121 VJoannes,iacceptis

334 2114 631 2191 mandatis,
654 2116 917 2191 synodum
939 2116 1075 2183 cogit
1100 2116 1328 2191 prirnum
1352 2116 1661 2191 Antiochiae,
1680 2128 1787 2171 tum
1806 2118 2023 2184 Berma',
2049 2121 2191 2187 apud
2206 2122 2465 2191 Acacium
2488 2114 2801 2191 episcopum,
2821 2114 2912 2189 qui
2929 2120 3086 2171 totius
3110 2119 3293 2191 synodi
3313 2114 3522 2191 neruine

333 2202 377 2237 α
396 2183 611 2260 pyrillo
630 2183 990 2260 postulaverat
1012 2183 1230 2249 ut,‘solo
1262 2183 1496 2260 symbolo
1524 2187 1738 2260 Nicreno
1766 2198 2023 2260 tanquam
2063 2183 2247 2260 regula
2278 2190 2404 2259 ﬁdei
2432 2183 2631 2259 agnito,
2657 2183 2761 2260 sua
2779 2183 2977 2259 scripta
3014 2183 3196 2241 contra
3222 2187 3520 2260 Nestorium

339 2253 479 2328 {dita
525 2262 867 2328 retractant.
910 2253 1005 2307 His
1044 2264 1221 2328 autem
1258 2254 1498 2328 Cyrillus
1559 2253 1884 2327 acquiescere
1921 2260 2087 2314 noluit
2121 2253 2179 2313 ὶι
2219 2253 2409 2315 Acacio
2450 2253 2783 2328 respondens,
2810 2253 2898 2311 de'
2936 2266 3044 2311 tota
3084 2257 3275 2325 agendi
3296 2260 3521 2328 ratione

342 2320 693 2400 Orientalium
720 2333 1051 2400 conquestus,
1072 2322 1238 2400 ﬁdem_
1256 2320 1408 2378 suam
1442 2324 1593 2400 plene
1624 2320 1817 2400 purgat
1839 2347 1901 2382 ac
1922 2339 2178 2400 tanquam
2200 2332 2344 2400 pacis
2368 2320 2608 2383 ineundae
2633 2330 2983 2383 conditionem
3020 2320 3179 2397 exigit
3204 2334 3261 2379 ut
3289 2324 3521 2382 Nestorii

342 2345 693 2375 unemauum
720 2345 1051 2393 conquestus,
1072 2345 1231 2392 pacm
1256 2345 1408 2378 suam
1442 2345 1593 2395 plene
1624 2345 1725 2396 pur
1761 2345 1817 2381 at
1839 2347 1901 2382 ac
1922 2345 1983 2383 ta:

339 2392 709 2462 depositione»:
734 2400 911 2447 ratam
939 2392 1164 2448 habeant
1188 2391 1405 2465 ejusque
1433 2395 1682 2467 dogmata
1710 2345 1983 2453 dqamnent.

335 2548 479 2620 99‘
518 2548 759 2604 Domino
788 2562 914 2602 meo
965 2547 1323 2606 dilectissimo
1345 2548 1502 2604 fratri
1534 2559 1591 2606 et
1612 2551 1845 2606 commi-
1875 2554 1924 2615 B
1950 2568 2147 2608 vocum
2169 2552 2508 2610 novitatibus
2528 2555 2647 2625 ejus
2670 2552 3039 2625 producentes
3061 2554 3393 2609 contrariam
3421 2568 3522 2609 ve-

270 2640 551 2696 nistratori
575 2640 802 2703 Acacio,
828 2638 1085 2710 Cyrillus,
1107 2641 1164 2695 in
1192 2641 1424 2696 Domino
1450 2642 1701 2698 salutem.

338 2732 634 2787 Decentem
658 2746 721 2785 se
742 2730 908 2785 etiam
936 2746 1085 2787 nunc
1107 2748 1296 2787 curam
1320 2733 1563 2803 suscepit
1585 2732 1849 2789 sanctitas

272 2835 380 2878 tua.
415 2822 662 2878 Intentio
687 2829 774 2877 est
797 2822 946 2876 enim
983 2822 1059 2877 illi
1089 2823 1393 2879 secundum
1419 2824 1620 2879 bonam
1652 2824 1847 2879 volun-

273 2925 433 2971 tatem
468 2914 782 2971 Salvatoris
803 2914 1051 2968 omnium
1079 2922 1332 2971 nostrum
1373 2914 1471 2970 Dei
1516 2921 1578 2968 ut
1615 2915 1848 2985 coniun-

180 3016 203 3035 θ
267 3013 461 3074 gantur
482 3003 768 3066 Ecclesiae,
800 3012 857 3056 et
880 3009 943 3055 ut
967 3001 1036 3057 de
1060 3001 1242 3056 medio
1262 3001 1509 3071 quaedam
1548 2998 1643 3055 ﬁat
1676 2999 1849 3073 pusil-

270 3096 572 3160 lanimitas,
598 3091 1041 3165 persuadeantur
1062 3106 1195 3148 vero
1215 3091 1271 3146 hi
1297 3091 1393 3162 qui
1423 3090 1627 3145 debent
1651 3088 1848 3143 unani-

270 3202 388 3242 mes
406 3201 559 3249 esse,
583 3193 744 3253 atque
770 3197 937 3237 omne
961 3181 1109 3252 quod
1147 3181 1437 3237 contristat
1459 3179 1768 3245 auferatur,
1793 3186 1850 3234 et

269 3293 337 3332 ea
380 3291 512 3345 qua:
555 3275 791 3343 disrupta
830 3278 983 3337 sunt,
1020 3272 1305 3328 charitatis
1347 3270 1583 3327 vinculis
1622 3270 1851 3325 restrin-

271 3374 499 3437 gantur.
545 3364 669 3429 Sed,
692 3365 833 3420 sicut
852 3363 1096 3428 videtur,
1133 3362 1385 3418 nonnulli
1403 3377 1594 3418 eorum
1616 3361 1710 3431 qui
1737 3360 1851 3417 illic

270 3467 401 3514 sunt
435 3457 694 3512 videntur
731 3455 956 3526 quidem
999 3454 1178 3525 putari
1219 3454 1288 3509 ad
1328 3451 1675 3524 superficiem
1706 3453 1850 3509 clare

182 3534 187 3539 δ
275 3550 559 3621 iniungere
597 3548 668 3603 ad
715 3560 889 3616 usque
928 3555 1034 3607 tuae
1074 3545 1430 3616 perfectionis
1460 3545 1845 3609 intentionem,

275 3652 365 3697 aut
398 3643 575 3712 ipsam
600 3654 736 3695 vero
763 3639 954 3701 latent,
981 3647 1075 3692 aut
1100 3636 1256 3707 quasi
1283 3636 1461 3691 celare
1487 3651 1546 3691 se
1566 3635 1851 3691 studentes

275 3733 532 3790 efﬁciunt.
574 3732 654 3785 Ea
694 3744 931 3799 namque
960 3744 1122 3799 agere
1147 3734 1415 3796 expetunt
1440 3742 1562 3796 qua:
1588 3726 1707 3783 fieri
1738 3742 1848 3781 non

276 3838 499 3898 queunt.
530 3823 677 3892 Quid
722 3823 870 3879 aliud
910 3831 996 3878 est
1036 3821 1142 3876 nisi
1162 3820 1331 3875 rebus
1368 3820 1507 3891 ipsis
1549 3820 1848 3875 reclamare

276 3919 415 3990 quod
456 3918 619 3988 pacis
658 3915 921 3971 facienda:
948 3930 1059 3969 nou
1099 3912 1339 3971 habeant
1375 3911 1748 3967 voluntatem?
1780 3911 1849 3966 Et
1874 3899 1917 3957 Ο

278 4008 385 4065 hee
407 4009 539 4063 dico
561 4006 851 4077 epistolam
878 4005 1128 4075 relegens
1145 4019 1178 4058 a
1201 4012 1290 4057 tua
1310 4001 1647 4073 perfectione
1674 4010 1849 4057 trans~

275 4103 514 4163 missam,
566 4114 668 4169 per
705 4112 871 4167 quam
912 4095 1081 4151 didici
1120 4102 1379 4165 expetere
1418 4093 1543 4149 illos
1584 4102 1646 4148 ut
1685 4107 1847 4148 omne

273 4192 644 4262 conscriptum
687 4200 744 4245 et
784 4189 964 4244 omnis
993 4188 1225 4258 epistola
1265 4202 1389 4258 quae
1415 4194 1544 4242 ante
1575 4185 1847 4258 synodum

272 4292 491 4353 peracta
515 4292 604 4337 est
623 4280 928 4353 adiudicari
951 4278 1312 4357 aut'abiurari
1343 4294 1376 4334 a
1403 4278 1565 4335 nobis
1587 4278 1844 4344 debeant,

273 4373 574 4430 consentiri
610 4381 799 4428 autem
835 4380 997 4427 recta:
1038 4370 1164 4427 fidei
1203 4371 1451 4443 symbolo
1483 4371 1628 4441 quod
1655 4370 1848 4426 deﬁni—

275 4472 387 4518 tum
426 4475 513 4520 est
561 4463 866 4520 secundum
920 4472 1135 4532 tempus
1171 4479 1202 4517 a
1248 4462 1455 4517 sanctis
1485 4463 1744 4517 Patribus
1790 4462 1846 4517 in

275 4573 463 4627 mgna
490 4557 709 4612 Nicena
731 4554 960 4627 synodo.
984 4554 1097 4624 Ego
1128 4570 1281 4618 vero,
1312 4554 1570 4622 quoniam
1594 4562 1842 4608 sanctum

271 4649 493 4717 quidem
514 4648 651 4703 illud
668 4649 974 4721 symbolum
996 4647 1195 4703 sullicit
1231 4647 1300 4701 ad
1316 4663 1533 4703 omnem
1559 4640 1843 4702 scientiam

273 4736 494 4802 bonam,
529 4748 588 4793 et
624 4738 694 4793 de
732 4739 826 4795 illo
866 4739 1004 4794 nihil
1035 4739 1261 4794 omnino
1301 4747 1406 4803 est,
1432 4738 1612 4794 dicam
1655 4738 1846 4808 utique

270 4842 439 4901 atque
459 4833 817 4899 consentiam,
837 4833 1053 4888 etiamsi
1078 4832 1356 4902 aliquibus
1379 4831 1503 4887 aliis
1526 4831 1632 4886 hoc
1656 4845 1847 4900 sapere

268 4919 503 4974 minime
538 4921 718 4977 videar
757 4929 855 4977 aut
888 4921 1094 4976 dicere.
1130 4920 1446 4975 Admiratus
1467 4934 1602 4974 vero
1631 4934 1751 4973 sum
1777 4918 1845 4972 il-

270 5011 383 5066 lud.
411 5011 666 5067 Nestorio
687 5012 838 5067 enim
881 5021 1119 5068 retortas
1144 5012 1264 5067 illas
1304 5020 1361 5066 et
1382 5010 1846 5066 abominandissi-

272 5117 385 5157 mas
400 5110 693 5159 eructante
712 5118 881 5158 voces
898 5111 1090 5158 contra
1115 5101 1361 5157 omnium
1385 5110 1635 5157 nostrum
1662 5100 1848 5157 Salva-

271 5202 445 5247 tor-cm
467 5193 775 5259 Christum,
801 5203 861 5251 et
882 5195 988 5249 hoc
1009 5208 1194 5248 coram
1229 5192 1492 5257 Ecclesia,
1522 5192 1845 5262 scripsimus

269 5299 385 5354 qua:
415 5285 761 5356 scripsimus,
794 5283 1236 5340 contradicentes
1273 5282 1504 5347 scillcet,
1534 5291 1590 5337 et
1613 5282 1836 5353 pollutis

340 5422 387 5454 “
423 5421 561 5477 Luc.
590 5437 631 5485 ι,
666 5420 758 5476 68.
834 5420 880 5453 “
912 5420 1070 5477 Joan.
1104 5435 1159 5484 ι,
1190 5419 1275 5473 IS.

1948 2641 2188 2695 ritatem.
2220 2642 2290 2696 Et
2330 2658 2431 2712 per
2457 2642 2688 2713 gratiam
2712 2642 2811 2696 Dei
2840 2657 3033 2697 omnes
3059 2642 3192 2712 ipsis
3225 2642 3517 2697 intenden-

1950 2739 2052 2796 tes,
2078 2732 2264 2801 plures
2285 2732 2506 2802 quidem
2540 2732 2725 2787 mirati
2750 2739 2898 2797 sunt,
2941 2740 2998 2787 et
3044 2740 3193 2787 recto
3236 2732 3518 2787 intellectu

1947 2821 2358 2877 honoraverunt
2384 2838 2505 2892 qua:
2536 2838 2566 2878 a
2592 2822 2751 2878 nobis
2789 2822 2934 2877 dicta
2971 2832 3100 2877 sunt
3138 2831 3329 2877 contra
3366 2837 3516 2877 eum.

1948 2912 2054 2969 Sed
2081 2913 2270 2969 nescio
2293 2914 2426 2985 quid
2447 2914 2503 2968 hi
2534 2914 2629 2985 qui
2650 2929 2799 2969 nunc
2823 2914 3027 2969 debent
3057 2914 3519 2969 anathematizare

1945 3004 2157 3075 polluta
2178 3004 2326 3060 illius
2353 3005 2605 3077 dogmata
2645 3014 2703 3061 et
2741 3006 2811 3060 ab
2841 3005 2987 3060 illius
3007 3004 3288 3075 impietate
3318 3012 3518 3060 semet-

1945 3096 2095 3166 ipsos
2117 3096 2327 3152 alienos
2367 3096 2604 3163 edicere,
2629 3097 2697 3151 ad
2726 3112 2887 3153 omne
2911 3096 3247 3151 contrarium
3274 3096 3519 3152 studium

1947 3195 2353 3253 convertentes,
2399 3187 2755 3243 exterminari
2798 3196 3053 3258 quaerunt
3084 3204 3207 3258 quae
3257 3188 3522 3244 adversus

1947 3293 2075 3334 eum
2108 3278 2311 3349 scripta
2335 3288 2484 3335 sunt.
2516 3279 2687 3347 Quam
2722 3281 3014 3345 rationem,
3063 3296 3268 3350 quaeso,
3320 3280 3374 3334 id
3419 3281 3519 3335 ha-

1944 3368 2079 3425 bet?
2106 3370 2533 3441 lntelligitenim
2571 3371 2831 3427 sanctitas
2872 3380 2963 3426 tua
3001 3380 3260 3442 quantam
3299 3387 3389 3426 res
3418 3372 3518 3426 ha-

1947 3458 2075 3515 beat
2119 3459 2599 3530 incongruitatem,
2651 3462 2696 3516 si
2749 3477 2852 3516 nos
2902 3477 3025 3532 quae
3074 3477 3175 3532 pro
3215 3469 3361 3515 recta
3414 3461 3520 3516 fide

1948 3552 2288 3623 scripsimus,
2322 3553 2580 3623 quoniam
2616 3561 2803 3609 nostra
2835 3562 2983 3618 sunt,
3013 3554 3365 3624 abnegemus,
3408 3552 3519 3608 imo

1947 3645 2132 3716 potius
2157 3660 2479 3700 accusemus
2498 3645 2641 3715 piam
2668 3644 2849 3700 ﬁdem.
2877 3645 3021 3715 Ergo
3045 3645 3091 3699 si
3127 3661 3184 3699 se
3210 3644 3301 3699 illa
3326 3654 3518 3699 contra

1948 3735 2261 3790 Nestorium
2299 3742 2447 3790 recte
2472 3750 2582 3789 non
2617 3734 2839 3800 habent,
2880 3735 2996 3791 sive
3023 3750 3146 3805 qua:
3173 3743 3362 3790 contra
3392 3753 3517 3807 per-

1950 3842 2109 3882 versa
2128 3828 2246 3897 ejus
2277 3825 2528 3898 dogmata
2554 3825 2755 3897 scripta
2780 3833 2927 3890 sunt,
2955 3826 3074 3882 sine
3110 3841 3274 3881 causa
3298 3828 3519 3898 deposi-

1952 3929 2040 3976 tus
2061 3928 2174 3987 est;
2211 3920 2322 3975 imo
2342 3918 2516 3991 magis
2535 3926 2591 3974 et
2620 3919 2712 3974 ille
2740 3917 2963 3989 quidem
2993 3917 3219 3974 forsitan
3253 3930 3402 3975 recte
3430 3936 3519 3976 sa-

1949 4012 2049 4083 pit.
2094 4011 2413 4085 Erravimus
2454 4019 2637 4066 autem
2677 4025 2799 4077 nos,
2841 4026 2953 4065 non
2993 4010 3043 4065 ei
3086 4012 3517 4077 consentientes,

1950 4103 2063 4159 imo
2085 4104 2180 4174 qui
2204 4104 2316 4175 iam
2343 4103 2665 4174 scripsimus
2704 4101 2794 4157 his
2823 4117 2945 4173 qum
2974 4101 3113 4157 dixit
3157 4102 3405 4157 adversa.
3452 4102 3522 4156 Et

1948 4205 2100 4251 certe
2132 4195 2374 4251 Nestorii
2420 4195 2578 4249 multi
2629 4193 2882 4250 feruntur
2915 4194 3135 4249 codices
3174 4194 3356 4248 omnia
3384 4208 3519 4249 eon-

1947 4285 2242 4342 fundentes
2276 4295 2333 4341 et
2366 4285 2759 4356 perturbantes
2799 4284 3094 4339 Ecclesias.
3133 4283 3339 4338 Deinde
3378 4298 3521 4353 quo-

1948 4374 2111 4429 modo
2138 4389 2241 4429 nos
2271 4389 2335 4429 ea
2362 4388 2485 4444 qua;
2506 4381 2697 4428 contra
2724 4372 2901 4443 ipsum
2927 4381 3057 4427 sunt
3078 4372 3282 4441 scripta
3312 4371 3518 4427 delebi-

1948 4482 2093 4533 mus,
2116 4482 2238 4537 quaa
2266 4466 2447 4521 forsan
2474 4463 2752 4535 aliquibus
2787 4466 3044 4535 iuvamen
3075 4466 3161 4519 vel
3188 4465 3356 4517 breve
3382 4478 3516 4516 con-

1948 4559 2072 4630 tigit
2102 4558 2359 4613 edicere?
2391 4557 2645 4612 Pervidet
2699 4556 2865 4626 igitur
2898 4564 3009 4620 tua,
3061 4570 3182 4625 qua:
3232 4553 3381 4608 omni
3427 4569 3517 4608 sa-

1948 4648 2153 4719 pientia
2176 4656 2258 4702 est
2281 4649 2461 4717 plena,
2494 4646 2759 4717 perfectio
2797 4644 2925 4715 quia
2973 4660 3087 4699 rem
3120 4644 3515 4713 impossibilem

1948 4747 2200 4811 quaerunt
2221 4747 2278 4794 et
2311 4749 2518 4793 tantum
2541 4740 2697 4809 longe
2725 4747 2854 4793 sunt
2875 4753 2905 4791 a
2929 4737 3208 4791 voluntate
3233 4734 3514 4804 mitigandi

1948 4833 2363 4902 interiacentem
2392 4829 2722 4884 discordiam
2750 4839 2811 4885 ut
2833 4844 2953 4885 eam
2983 4827 3252 4883 reducant
3272 4826 3338 4879 ad
3363 4825 3515 4895 prin-

1947 4922 2152 4993 cipium
2191 4919 2558 4976 contentionis
2586 4920 2733 4976 illius
2774 4935 2895 4991 qua:
2933 4916 3146 4973 narrari
3176 4932 3285 4970 non
3315 4922 3512 4986 potest.

1945 5014 2059 5070 Cur
2080 5012 2228 5068 enim
2251 5027 2360 5066 non
2395 5010 2579 5081 potius
2603 5011 2672 5065 ad
2697 5010 3027 5081 Ephesinam
3056 5006 3400 5076 metrOpolim
3424 5022 3517 5060 vc-

1947 5103 2164 5158 nientes
2191 5117 2317 5157 cum
2338 5100 2547 5173 synodo
2571 5117 2736 5157 unum
2766 5099 3046 5170 protulere
3079 5097 3359 5152 decretum
3383 5111 3515 5150 con-

1949 5199 2030 5247 tra
2061 5208 2190 5246 eum
2219 5191 2312 5262 qui
2341 5192 2467 5246 talia
2512 5201 2569 5246 et
2600 5199 2747 5246 tanta
2787 5188 2951 5258 impie
2990 5186 3346 5257 praedicavit?
3383 5185 3516 5239 Nam

1952 5283 1997 5338 si
2038 5284 2123 5338 vel
2170 5283 2445 5339 modicum
2493 5282 2862 5342 tardaverant,
2911 5278 3043 5349 quid
3085 5277 3414 5349 prohibebat
3459 5285 3520 5330 ut

339 5530 418 5601 (Ι)
448 5532 530 5587 Ex
582 5527 860 5603 Synodico
889 5531 1013 5589 adv.
1051 5539 1190 5601 trag.
1243 5526 1455 5591 Irenaai,
1500 5541 1549 5582 c.
1584 5528 1671 5584 56.
1727 5528 1864 5585 Vide
1902 5528 2066 5585 etiam
2099 5543 2147 5582 c.
2183 5528 2272 5592 53,
2316 5525 2402 5592 54,
2443 5525 2532 5592 58,
2562 5525 2650 5591 60,
2699 5525 2759 5580 61
2784 5566 2797 5591 ,
2851 5525 2941 5593 62,
2978 5527 3095 5582 l08.
3146 5525 3305 5597 Apud
3348 5524 3516 5581 Μιληδί

276 5630 407 5678 ιοιιι.
439 5620 505 5679 γ.
