4028 6208
490 282 589 337 159

1467 283 1521 338 S.
1562 283 1837 339 CYIllLLl
1878 282 2345 340 ALEXANDRINI
2386 283 2701 341 ARCHIEP.

3638 292 3739 350 160

487 400 880 454 commentaria
904 400 1257 469 inspicientes
1279 409 1556 469 gestorum
1584 400 1962 454 satisfacerent
1985 398 2066 454 eis
2096 408 2139 463 Α
2167 400 2587 464 oblitteraverit,
2613 407 2670 454 et
2701 398 3000 453 secundum
3034 400 3242 453 nullum
3275 400 3496 469 quidem
3519 400 3739 458 modum

488 504 609 557 qua:
653 490 892 560 legitime
933 491 1151 544 fuerant
1185 491 1345 554 facta,
1391 498 1446 544 et
1488 490 1887 555 consentirent,
1921 491 2065 544 sicut

489 576 623 641 dixi,
659 588 809 631 recto
850 586 905 632 et
952 579 1099 647 quod
1144 580 1418 647 increpari
1467 595 1577 633 non
1630 579 1793 633 debet
1842 580 2065 634 decreto

488 670 847 721 cunctorum?
876 668 983 724 Sed
1006 686 1035 724 e
1059 679 1271 735 contra,
1293 686 1395 724 nec
1421 670 1714 724 Dominum
1742 671 2062 741 cogitantes,

489 773 668 826 neque
719 774 939 813 causam
984 776 1084 829 pro
1120 777 1226 830 qua
1249 762 1561 831 congregati
1588 768 1716 815 sunt
1750 760 1890 831 (non
1919 765 2066 819 enim

489 850 557 904 de
593 852 868 906 communi
899 866 1228 921 quacunque
1269 868 1433 906 causa
1483 867 1665 907 sermo
1694 861 1832 916 erat,
1868 852 1963 906 sed
1997 852 2066 907 de

493 941 621 1005 ﬁde,
650 958 747 1011 per
765 958 927 1011 quam
954 943 1219 997 mundum
1240 944 1467 997 salvavit
1484 944 1629 998 Deus
1654 954 1709 998 et
1729 943 1930 1013 Pater),
1948 959 2067 997 om-

491 1049 616 1087 nem
644 1035 971 1088 cruditatem
1004 1042 1060 1089 et
1088 1050 1248 1087 omne
1278 1034 1582 1088 fraternum
1608 1034 1796 1088 odium
1828 1034 1883 1087 in
1908 1034 2070 1089 nobis

492 1124 873 1190 ostenderunt,
902 1134 1013 1182 tam
1033 1135 1274 1181 sanctam
1314 1135 1369 1183 et
1405 1126 1771 1181 universalem
1802 1126 2068 1197 synodum

491 1216 1057 1272 excommunicatione
1086 1217 1431 1288 injurianles,
1464 1227 1521 1272 et
1550 1218 1655 1272 hoc
1688 1218 1895 1287 absque
1916 1216 2070 1287 judi-

492 1307 599 1371 cio,
628 1323 791 1376 quam
826 1308 990 1364 etiam
1024 1309 1175 1363 velut
1210 1310 1429 1362 immitti
1456 1309 1681 1364 dextera
1706 1309 1945 1379 gladium
1967 1323 2070 1362 sae-

491 1396 640 1450 vitiae
678 1397 1009 1468 intingentes
1034 1398 1088 1449 in
1121 1412 1206 1451 me
1236 1412 1301 1450 ac
1334 1396 1782 1457 reverentissimo
1815 1396 2071 1464 episcopo

494 1485 796 1541 Memnone.
827 1487 1098 1540 Ponamus
1140 1486 1286 1540 enim
1311 1487 1438 1556 quia
1461 1486 1761 1541 secundum
1784 1485 2071 1539 veritatem

494 1586 549 1630 et
577 1577 770 1630 transit
802 1592 902 1632 nos
928 1577 1135 1646 aliquid
1164 1577 1309 1647 quod
1340 1578 1404 1631 ad
1430 1576 1820 1631 rectitudinem
1847 1576 2071 1645 dogma-

496 1678 609 1721 tum
644 1670 901 1737 pertinet,
931 1680 1024 1724 aut
1049 1670 1195 1725 circa
1230 1670 1366 1724 alios
1394 1669 1589 1723 modos
1611 1668 1843 1739 subjecti
1874 1665 2072 1735 aliqui-

494 1760 598 1812 bus
647 1761 824 1828 culpis
877 1776 1099 1815 eramus
1151 1761 1266 1815 sive
1318 1760 1579 1830 peccatis,
1632 1775 1742 1813 non
1793 1765 2073 1827 oporteret

494 1850 688 1919 dignos
736 1852 852 1905 ﬁeri
901 1852 1055 1920 prius
1095 1867 1348 1907 sermone
1392 1850 1697 1920 colloquii?
1740 1850 1907 1918 Atqui
1940 1850 2071 1902 dum

493 1949 643 1994 certe
680 1956 873 1995 omnes
901 1942 1328 1997 sustinuerimus
1356 1942 1695 2006 Nestorium,
1729 1941 1862 1995 dum
1899 1940 2074 1994 trien-

494 2029 618 2085 nale
639 2036 852 2098 tempus
872 2030 1304 2099 blasphemando
1319 2039 1690 2094 consumeret,
1707 2038 1763 2084 et
1785 2028 2075 2085 nobiscum

492 2133 628 2173 vero
650 2121 911 2175 sanctitas
935 2130 1027 2175 tua
1049 2129 1105 2176 et
1126 2138 1287 2176 omne
1307 2123 1623 2185 concilium,
1650 2121 1880 2175 fecimus
1899 2120 2074 2173 abdu-

494 2224 621 2265 cere
649 2212 871 2281 quidem
905 2214 1058 2267 illum
1089 2215 1157 2268 ab
1188 2215 1290 2279 eis,
1334 2214 1730 2269 transformare
1758 2222 1943 2269 autem
1982 2230 2077 2283 po-

496 2302 608 2357 tius
640 2304 706 2357 ad
747 2304 836 2357 illa
869 2304 1119 2375 dogmata
1158 2320 1279 2376 qua:
1323 2305 1391 2360 ad
1438 2306 1830 2360 rectitudinem
1871 2306 2075 2359 verita-

497 2398 717 2460 temque
753 2394 1073 2463 respieiunt.
1104 2395 1239 2449 Dum
1273 2412 1406 2451 vero
1435 2396 1777 2466 persisteret,
1824 2405 1881 2449 et
1903 2397 2076 2449 multo

497 2482 773 2538 deteriora
807 2487 976 2540 verbo
1006 2487 1286 2543 laberetur
1313 2488 1577 2543 adversus
1607 2488 1836 2559 gloriam
1869 2488 2075 2542 Christi

497 2585 553 2631 et
602 2578 655 2631 in
696 2578 811 2647 ipsa
845 2580 1558 2653 Ephesiorum'metrOpoli,
1589 2584 1655 2639 de
1698 2584 1914 2654 reliquo
1955 2594 2077 2639 tan-

500 2683 664 2735 quam
691 2668 980 2724 incurabili
1015 2672 1277 2743 languore
1307 2673 1594 2729 detentum
1625 2684 1813 2730 sancta
1839 2675 2079 2746 synodus

499 2760 733 2813 removit
755 2776 784 2815 a
815 2762 1144 2818 sacerdotio.
1179 2764 1314 2819 Volo
1340 2772 1525 2821 autem
1549 2773 1699 2820 tuam
1727 2767 2079 2821 sanctitatem

502 2849 634 2903 utile
666 2849 740 2921 (l)
786 2851 991 2919 aliquid
1026 2868 1479 2919 commemorare,
1528 2854 1674 2924 quod
1725 2854 1793 2907 ad
1842 2870 2083 2924 praesens

500 2943 741 3009 pertinet
769 2952 1000 3013 tempus.
1036 2944 1265 3010 Quando
1293 2946 1440 2999 enim
1465 2946 1521 2999 in
1549 2961 1741 3016 magna
1767 2944 2080 3000 Constanti-

2168 502 2391 545 secutus
2420 491 2490 544 sit
2514 490 2668 554 illud,
2694 491 2864 543 altera
2884 504 3016 544 vero
3047 491 3295 559 quietiam
3318 501 3373 545 et
3396 493 3744 562 dogmatibus

2169 582 2425 637 Ecclesia:
2446 584 2733 653 peregrina
2764 582 2954 637 insane
2984 583 3212 637 auribus
3241 583 3545 638 insonuerit
3566 602 3742 655 popu-

2167 674 2365 729 lorum.
2398 676 2593 729 Actum
2622 683 2707 729 est
2727 674 2894 744 igitur
2926 675 2981 727 in
3014 675 3233 743 Epheso
3274 690 3441 744 super
3472 678 3578 731 hoc
3612 694 3733 747 pro-

2168 766 2349 834 prium
2382 774 2749 820 commentum
2793 775 3091 836 gestorum,
3138 765 3493 821 conﬁrmante
3539 770 3751 839 synodi,

2167 854 2467 923 expositam
2498 854 2660 909 ﬁdem
2690 871 2719 908 a
2752 854 3012 909 trecentis
3031 854 3218 908 decem
3246 862 3303 909 et
3332 864 3458 909 octo
3488 857 3747 911 Patribus

2169 945 2373 998 nostris
2398 945 2492 1013 qui
2517 945 2659 999 circa
2686 960 2845 999 suum
2877 953 3091 1013 tempus
3124 946 3200 1013 (4)
3226 944 3282 998 in
3309 945 3487 1000 Nicaea
3521 962 3749 1017 congre-

2170 1035 2277 1105 gati
2309 1044 2456 1089 sunt.
2490 1035 2557 1088 Et
2597 1034 2774 1088 direxi
2801 1034 2926 1097 hoc,
2954 1042 3016 1085 ut
3048 1042 3140 1086 tua
3169 1032 3429 1086 sanctitas
3473 1033 3613 1088 bene
3651 1050 3746 1090 co-

2170 1135 2413 1194 gnoscat.
2435 1124 2572 1191 Quia
2590 1124 2737 1179 enim
2758 1132 2908 1178 recte
2925 1139 2983 1178 se
3003 1132 3166 1192 atque
3186 1123 3749 1192 irreprehensibiliter

2173 1216 2357 1279 habet,
2397 1217 2541 1270 clare
2571 1216 2687 1285 ipsa
2726 1214 2892 1269 lectio
2940 1215 3121 1269 docet.
3167 1214 3484 1284 Adjecimus
3528 1230 3659 1269 vero
3692 1224 3749 1269 et

2172 1314 2487 1361 sanctorum
2545 1306 2946 1375 beatorumque
2998 1307 3223 1360 Patrum
3282 1306 3637 1369 testimonia,
3689 1313 3751 1360 ut

2174 1400 2350 1453 sciant
2408 1398 2678 1453 adeuntes
2730 1397 3007 1467 quomodo
3066 1397 3438 1451 intellexerint
3493 1398 3570 1451 illi
3625 1398 3749 1452 ﬁdei

2175 1490 2477 1561 symbolum
2518 1490 2613 1559 qui
2659 1497 2715 1543 et
2757 1504 2859 1543 nos
2906 1489 3053 1558 ipsos
3099 1488 3377 1559 mysteriis
3408 1488 3747 1544 imbuerunt.

2175 1579 2345 1650 Igitur
2373 1579 2503 1632 olim
2537 1587 2646 1633 tam
2685 1578 2791 1633 hoc
2823 1578 2892 1632 ab
2934 1577 3192 1631 omnibus
3234 1576 3400 1639 facto,
3444 1592 3612 1646 quare
3640 1593 3749 1631 non

2177 1672 2350 1741 magis
2389 1679 2446 1724 et
2487 1671 2589 1740 ipsi
2627 1671 2978 1725 consentiunt
3006 1671 3029 1724 ?
3061 1669 3118 1724 Si
3143 1669 3289 1722 enim
3321 1670 3467 1738 quod
3497 1670 3753 1723 omnibus

2174 1762 2381 1831 placuit
2411 1762 2480 1815 ab
2515 1762 2773 1815 omnibus
2802 1761 3183 1825 conﬁrmetur,
3220 1760 3492 1814 obtinebit
3528 1761 3754 1814 omnino

2174 1866 2301 1920 pax,
2330 1850 2460 1903 dum
2491 1850 2717 1904 omnino
2754 1865 2782 1903 a
2827 1850 2979 1903 nullo
3020 1849 3071 1902 ei
3123 1848 3289 1903 fuerit
3328 1849 3751 1903 contradictum.

2176 1941 2347 2012 Igitur
2377 1944 2499 1997 etsi
2526 1942 2692 1997 nimis
2715 1943 2874 2013 plura
2906 1948 2963 1996 et
2988 1941 3145 1996 valde
3173 1940 3410 2011 pessima
3441 1949 3630 1995 contra
3654 1956 3757 1993 nos

2176 2034 2246 2086 ab
2267 2034 2348 2088 eis
2376 2034 2515 2089 facta
2542 2045 2689 2099 sunt,
2719 2042 2775 2088 et
2803 2032 2984 2087 omnis
3014 2032 3225 2102 species
3256 2031 3486 2085 adversa
3508 2030 3757 2083 humaui-

2178 2124 2273 2178 tati
2314 2132 2521 2179 tentata
2566 2133 2672 2189 est,
2721 2124 2815 2179 sed
2864 2123 3279 2178 considerantes
3336 2123 3468 2193 quia
3524 2122 3635 2176 Deo
3692 2136 3758 2175 ac

2177 2216 2426 2284 piissimo
2468 2217 2753 2285 amicoque
2794 2214 2999 2270 Christi
3045 2214 3362 2284 imperatori
3408 2211 3756 2282 (placitum),

2176 2316 2234 2361 et
2268 2308 2445 2377 ipsum
2473 2323 2605 2362 vero
2626 2308 2772 2377 quod
2799 2307 3060 2362 Ecclesiis
3087 2306 3219 2359 utile
3249 2313 3352 2367 est,
3384 2314 3440 2357 et
3482 2312 3588 2357 tua:
3630 2318 3758 2357 san—

2178 2400 2383 2455 ctitatis
2403 2399 2804 2454 admonitiones
2824 2399 2970 2453 omni
3001 2397 3306 2452 reverentia
3335 2395 3526 2465 dignas
3552 2394 3763 2447 haben-

2180 2496 2282 2553 tes,
2323 2499 2725 2559 consequenter
2758 2498 2817 2543 ut
2857 2488 3123 2543 fratribus
3170 2487 3499 2541 dimittimus
3541 2500 3661 2553 qua:
3706 2484 3760 2537 in

2178 2596 2280 2635 nos
2325 2581 2739 2635 commiserunt.
2793 2579 2931 2634 Illud
2984 2587 3168 2632 autem
3226 2577 3410 2647 potius
3460 2575 3763 2644 quaarimus

2180 2671 2326 2739 quod
2356 2672 2614 2727 omnibus
2655 2671 2877 2726 videtur
2924 2671 3065 2726 bene
3116 2678 3377 2738 recteque
3416 2683 3485 2721 se
3535 2667 3757 2720 habere.

2179 2761 2492 2831 Complacet
2532 2778 2665 2818 vero
2696 2762 2861 2817 etiam
2902 2763 3014 2817 Deo
3064 2761 3397 2816 amicissimo
3444 2758 3762 2828 imperatori

2182 2859 2243 2903 ut
2294 2853 2641 2907 consentiant
2691 2852 3021 2922 depositioni
3075 2850 3337 2914 Nestorii,
3396 2849 3764 2903 anathemati-

2184 2952 2370 2998 zantes
2392 2945 2511 3015 ejus
2536 2944 2903 3015 blasphemias
2927 2952 2982 2999 et
3009 2944 3217 3014 polluta
3240 2943 3511 3013 dogmata.
3537 2942 3605 2996 Et
3626 2942 3761 2995 nihil

500 3036 685 3105 nopoli
734 3044 921 3089 saneta
952 3045 1131 3090 vestra
1174 3036 1415 3107 synodus
1448 3045 1777 3107 congregata
1816 3044 1921 3099 est,
1949 3046 2085 3092 tunc
2110 3063 2152 3122 ρ
2185 3036 2331 3089 ultra
2358 3034 2642 3088 residuum
2670 3044 2755 3089 est
2782 3043 2843 3088 ut
2863 3035 3143 3089 contentio
3168 3033 3235 3087 de
3261 3032 3442 3087 medio
3465 3032 3760 3086 auferatur.

502 3128 724 3196 quando
748 3128 986 3183 Joannes
1014 3128 1093 3199 (2)
1122 3135 1206 3183 est
1228 3136 1537 3191 accusatus,
1562 3128 1761 3183 deinde
1782 3138 1931 3199 gesta
1953 3138 2082 3183 sunt

502 3235 673 3288 super
701 3235 768 3274 eo
797 3235 826 3273 a
854 3220 1041 3273 multis
1065 3220 1119 3273 in
1150 3220 1356 3289 scripto
1387 3221 1804 3285 commentaria,
1839 3238 1963 3276 cum
1993 3221 2080 3275 fu-

505 3319 689 3364 turum
721 3318 866 3365 esset
895 3321 956 3365 ut
984 3320 1171 3365 contra
1199 3326 1325 3366 eum
1356 3311 1605 3367 delinitio
1634 3311 1996 3381 proferretur,
2027 3322 2083 3367 et

504 3419 682 3457 essem
715 3418 817 3474 ego
850 3418 992 3457 unus
1034 3404 1331 3458 astantium
1378 3404 1450 3473 (5
1478 3405 1519 3467 ),
1567 3405 1683 3459 scio
1731 3418 1818 3458 me
1861 3404 2083 3459 audisse

506 3494 852 3549 sanctitatem
904 3501 1051 3548 tuam
1100 3503 1301 3549 sancta:
1358 3492 1567 3564 synodo
1627 3493 1707 3548 sic
1760 3494 2080 3549 dicentem:

507 3585 646 3651 Quia
672 3587 717 3639 si
740 3586 926 3639 srirem
965 3586 1101 3655 quod
1141 3602 1300 3648 nunc,
1334 3587 1379 3639 si
1409 3584 1604 3639 Joanni
1628 3586 1835 3639 veniam
1867 3585 2086 3656 largire-

506 3695 647 3741 mur,
669 3677 853 3731 melior
880 3676 1026 3745 ﬁeret
1056 3678 1353 3747 semetipso,
1376 3686 1423 3729 ct
1452 3678 1712 3730 recederet
1745 3695 1776 3731 a
1813 3678 2009 3732 duritia
2037 3687 2085 3730 et

507 3770 794 3839 asperitate
835 3784 951 3838 qua:
995 3770 1048 3823 in
1094 3785 1153 3822 eo
1198 3777 1294 3830 cst,
1337 3784 1514 3821 omnes
1547 3783 1635 3822 vos
1683 3784 1951 3839 rogassem
1992 3786 2086 3839 pro

508 3878 585 3913 eo.
621 3860 975 3915 Admirabilis
1015 3875 1145 3930 ergo
1196 3860 1362 3915 etiam
1406 3859 1552 3914 circa
1583 3859 1687 3914 hoc
1717 3860 1916 3914 iterum
1943 3860 2089 3931 judi-

507 3961 627 4008 cata
660 3960 743 4007 est
765 3953 1028 4008 sanctitas
1070 3962 1183 4015 tua,
1218 3952 1422 4021 quippe
1455 3960 1517 4004 ut
1539 3966 1662 4020 qua:
1704 3951 1907 4005 dixerit
1939 3952 2086 4005 veri.

509 4052 697 4097 tatem.
727 4042 869 4109 Quid
908 4043 1075 4113 igitur
1098 4041 1385 4110 oportebat
1421 4049 1664 4095 sanctam
1694 4041 1962 4112 synodum
2004 4042 2087 4096 fa-

509 4151 654 4196 cere.
680 4151 802 4204 qua:
833 4134 1268 4203 impmnitcntem
1304 4140 1361 4187 et
1394 4132 1474 4187 sic
1515 4133 1851 4201 pertinacem
1886 4134 2090 4203 reperit

511 4227 663 4280 illum
688 4226 781 4295 qui
815 4233 978 4277 recta:
1005 4222 1131 4276 ﬁdei
1161 4222 1518 4291 repugnavit?
1546 4221 1813 4287 Quoniam
1850 4238 1978 4277 vere
2008 4222 2092 4276 di-

510 4318 586 4371 cit
614 4318 741 4386 quia
769 4322 1019 4385 oporteat
1044 4313 1144 4368 soli
1174 4313 1420 4383 symbolo
1440 4314 1778 4377 consentire,
1820 4314 1905 4367 vel
1940 4321 2089 4368 certe

2185 3124 2473 3193 ltecipient
2537 3125 2683 3179 enim
2754 3124 3075 3194 semetipsos
3152 3123 3412 3179 Ecclesiae
3486 3122 3717 3176 invicem
3749 3163 3761 3183 ,

2183 3218 2405 3273 Christo
2434 3217 2515 3271 eis
2534 3217 2771 3272 donante
2802 3218 3088 3287 praemium
3124 3217 3293 3287 pacis.
3336 3215 3448 3268 Nec
3477 3230 3607 3268 vero
3631 3214 3763 3267 sim-

2185 3312 2402 3382 pliciter
2446 3312 2669 3380 quidem
2716 3312 3075 3366 alienantium
3124 3318 3180 3364 et
3231 3307 3762 3363 inconsideratorum

2186 3412 2375 3457 contra
2404 3418 2503 3457 nos
2535 3410 2791 3456 evomant
2822 3403 3010 3467 verba,
3044 3417 3108 3456 ea
3132 3416 3254 3471 qua:
3295 3407 3422 3453 sunt
3443 3397 3763 3467 Apollinarii

2186 3493 2271 3547 vel
2316 3493 2431 3547 Arii
2463 3494 2578 3548 sive
2607 3492 2864 3548 Eunomii
2892 3508 2977 3547 me
3006 3507 3199 3561 sapere
3226 3490 3594 3551 diffamantes,
3625 3489 3767 3543 sicut

2189 3587 2243 3640 in
2271 3587 2486 3656 Epheso
2506 3587 2973 3657 conscripserunt.
3000 3587 3114 3655 Ego
3139 3601 3238 3655 per
3260 3583 3491 3655 gratiam
3520 3582 3764 3636 Salvato-

2190 3678 2267 3731 ris
2308 3693 2525 3747 semper
2555 3676 2631 3731 fui
2664 3686 2720 3732 et
2749 3676 3108 3741 orthodoxus,
3140 3675 3381 3729 nutritus
3411 3688 3543 3727 vero
3566 3688 3685 3726 sum
3713 3683 3769 3727 ct

2192 3770 2335 3823 inter
2374 3785 2569 3825 manus
2612 3768 3045 3824 orthodoxorum
3095 3768 3286 3838 patris.
3334 3768 3403 3821 Et
3448 3780 3625 3834 neque
3676 3766 3769 3818 illa

2190 3877 2312 3931 qua:
2349 3870 2477 3915 sunt
2502 3860 2822 3939 Apollinarii
2851 3860 3003 3929 sapui
3034 3872 3274 3928 unquam
3320 3874 3332 3909 :
3374 3856 3549 3910 absit!
3578 3869 3681 3908 nec
3704 3870 3769 3908 ea

2191 3968 2312 4021 qua:
2344 3953 2570 4007 alterius
2596 3952 2894 4022 cujuslibet
2926 3950 3194 4006 haeretici.
3232 3950 3347 4004 Imo
3374 3958 3517 4003 vero
3538 3948 3769 4003 anathe-
3838 3994 3845 4005 .

2193 4045 2393 4099 matizo
2425 4045 2566 4100 illos.
2611 4045 2801 4115 Neque
2832 4044 2981 4099 enim
3023 4043 3380 4097 inanimatum
3412 4041 3537 4096 dico
3563 4041 3768 4096 Christi

2192 4151 2409 4205 corpus.
2437 4136 2719 4192 Conﬁteor
2762 4152 2897 4191 vero
2938 4136 3085 4206 quod
3131 4135 3433 4190 animatum
3475 4135 3545 4188 sit
3588 4134 3768 4188 anima

2193 4228 2467 4282 rationali.
2510 4228 2579 4280 Et
2599 4243 2779 4297 neque
2810 4228 3188 4283 confusionem
3236 4228 3323 4282 vel
3366 4227 3771 4283 confermenta-

2195 4318 2399 4372 tionem
2428 4318 2512 4373 vel
2540 4318 2873 4373 refusionem
2900 4319 3099 4374 factam
3124 4318 3411 4385 conﬁrmo,
3437 4320 3577 4374 sicut
3602 4320 3769 4389 aliqui

510 4406 837 4475 expositioni
867 4402 993 4458 ﬁdei
1025 4411 1397 4457 trecentorum
1422 4400 1613 4456 decem
1645 4409 1701 4457 et
1723 4413 1868 4469 octo,
1896 4413 1953 4458 et
1985 4420 2087 4474 ego
2118 4394 2163 4450 ι)
2191 4408 2412 4476 dicunt;
2445 4410 2925 4466 inconvertibilem
2956 4426 3089 4464 vero
3118 4420 3173 4465 et
3205 4412 3602 4465 immutabilem
3636 4411 3768 4465 sub-

511 4500 579 4553 ad
612 4499 729 4552 haec
752 4497 875 4551 dico
899 4496 1027 4566 quia
1056 4495 1290 4549 intentio
1323 4494 1427 4548 fult
1460 4510 1567 4548 una
1614 4503 1814 4549 sancta:
1855 4503 1912 4550 et
1959 4497 2087 4550 uni—

510 4591 706 4645 versati
730 4588 937 4660 synodo
963 4603 1085 4657 qua:
1113 4596 1435 4657 congregata
1455 4596 1538 4641 est
1572 4586 1627 4640 in
1665 4586 1942 4655 Ephesina
1966 4602 2087 4642 me-

512 4677 712 4747 trOpoli
740 4685 800 4730 ut
823 4676 1128 4747 symbolum
1158 4675 1530 4740 conﬁrmaret,
1570 4684 1842 4745 quatenus
1879 4686 1935 4731 et
1966 4693 2086 4733 om-

512 4785 611 4823 nes
634 4769 705 4822 ita
739 4768 1135 4823 conﬁterentur
1164 4774 1217 4822 et
1248 4767 1541 4822 crederent
1581 4784 1645 4823 ac
1684 4768 1965 4833 docerent,
1992 4785 2090 4825 ne-

512 4875 620 4929 que
646 4860 857 4929 adjecto
881 4859 1149 4929 quolibet,
1180 4874 1357 4927 neque
1383 4860 1649 4915 detracto.
1687 4860 1806 4915 Non
1835 4862 1983 4915 enim
2003 4869 2087 4915 est

515 4951 751 5021 adjicere
777 4967 943 5021 super
967 4950 1123 5015 illud,
1154 4966 1258 5005 nec
1289 4958 1374 5006 est
1404 4952 1619 5007 auferre
1651 4952 1720 5006 ab
1744 4968 1829 5007 eo.
1856 4953 2086 5022 Propter

515 5043 621 5097 hoc
657 5042 801 5097 enim
842 5051 898 5098 et
943 5052 1133 5098 contra
1176 5042 1489 5097 Nestorium
1531 5043 1777 5099 decrevit
1812 5044 1954 5099 sicut
1988 5045 2085 5114 qui

516 5148 626 5188 non
674 5120 911 5188 suaserit
956 5132 1129 5197 illud,
1180 5132 1311 5203 quin
1359 5134 1541 5202 potius
1589 5135 1887 5189 removerit
1920 5142 2083 5205 atque

594 5289 668 5359 (l)
705 5288 980 5359 Utile.gSic
1012 5305 1111 5344 nos
1134 5288 1563 5343 emendavimus.
1587 5288 1774 5358 Lupus
1795 5289 1941 5344 enim
1967 5291 2087 5346 edi-

523 5357 699 5421 derat,
730 5368 787 5410 ut
822 5357 932 5421 ille,
966 5360 1118 5412 nullo
1148 5376 1333 5413 sensu.

599 5429 674 5496 (2)
707 5427 959 5498 Joannes.
999 5428 1372 5496 Coguomento
1406 5427 1828 5498 Chrysostomus
1852 5470 1865 5491 ,
1905 5430 2088 5483 archi-

526 5502 830 5570 episcopus
857 5496 1542 5570 Constantinopolitanus,
1563 5568 1574 5570 μ
1596 5497 1841 5570 dejectus
1873 5500 2090 5570 judicio

528 5565 719 5639 synodi
747 5565 945 5639 habitze
968 5565 1313 5639 in_sul_rurbio
1341 5565 1708 5621 Chalcedonis
1740 5565 1897 5637 quod
1917 5569 2089 5634 Quer-

531 5634 633 5693 c'us
658 5637 972 5707 vocabatur.
1017 5634 1252 5707 Cyrillus
1288 5638 1429 5690 hanc
1462 5639 1726 5707 synodum
1758 5634 1924 5692 'vocat
1945 5641 2091 5693 Con-

537 5706 1095 5777 stantiuopolitanam,
1131 5706 1257 5776 quia
1294 5706 1566 5762 Chalccdo
1609 5716 1695 5763 est
1732 5708 1910 5765 vicina
1950 5710 2091 5763 Con-

2192 4501 2387 4555 sistere
2428 4501 2731 4555 secundum
2780 4510 3030 4555 naturam
3065 4502 3159 4556 Dei
3193 4518 3501 4558 sermonem
3541 4503 3688 4565 novi,
3716 4510 3771 4556 et

2194 4592 2374 4646 omnis
2429 4592 2701 4660 passionis
2762 4592 3232 4662 insusceptibilem
3289 4593 3590 4648 secundum
3642 4610 3770 4663 pro-

2196 4682 2367 4749 priam
2389 4690 2659 4737 naturam.
2692 4671 3031 4752 Impassibile
3057 4684 3202 4738 enim
3238 4694 3323 4740 est
3348 4686 3493 4755 quod
3524 4686 3769 4740 divinum

2193 4782 2296 4838 est,
2322 4783 2377 4829 et
2400 4775 2775 4831 conversionis
2795 4776 3273 4831 obumbrationem
3301 4778 3526 4831 minime
3556 4778 3768 4835 suffert.

2192 4866 2334 4933 Quin
2365 4868 2549 4937 potius
2579 4869 2874 4939 requiescit
2906 4870 2958 4923 in
2992 4870 3231 4940 propriis
3257 4871 3435 4924 bonis.
3460 4870 3586 4925 Haec
3607 4871 3773 4925 habet

2193 4973 2325 5012 vero
2352 4958 2794 5025 inconvertibile,
2836 4961 2891 5015 in
2928 4962 3132 5031 quibus
3160 4970 3245 5017 est
3280 4962 3458 5033 (ejus)
3500 4966 3770 5017 exsisten-

2193 5048 2285 5102 tia.
2316 5048 2494 5104 Unum
2518 5065 2653 5104 vero
2674 5050 2928 5105 eumdem
2958 5050 3239 5106 Christum
3261 5060 3317 5105 et
3338 5052 3626 5106 Dominum
3652 5052 3765 5105 uni-

2190 5140 2430 5209 genitum
2459 5142 2556 5196 Dei
2587 5142 2803 5207 Filium,
2849 5143 3028 5212 ipsum
3068 5142 3193 5198 dico
3236 5158 3454 5213 passum
3480 5158 3580 5213 pro
3613 5143 3776 5199 nobis

2199 5295 2572 5365 stantinopoli.

2270 5365 2482 5436 (3)7Ego
2509 5384 2644 5420 unus
2675 5368 2985 5421 astantium.
3025 5367 3164 5422 Hinc
3197 5367 3461 5422 discimus
3508 5366 3771 5436 Cyrillum

2200 5434 2511 5489 interfuisse
2526 5436 2732 5507 synodo
2756 5437 2808 5490 in
2828 5454 2935 5506 qua
2952 5446 3141 5492 sanctu
3153 5456 3179 5493 s
3198 5439 3435 5493 Joannes
3449 5434 3774 5507 Chrysosto-

2199 5520 2321 5577 mus
2350 5508 2566 5577 cacepit
2602 5508 2927 5561 sententiam
2960 5507 3341 5577 depositionis.

2270 5574 2344 5643 (4)
2369 5574 2523 5629 Circa
2547 5594 2697 5629 animi
2725 5586 2947 5645 tempus.
2972 5574 3155 5643 Id'est,
3182 5595 3275 5647 per
3300 5586 3555 5647 tempora,
3595 5582 3652 5631 ut
3676 5576 3775 5632 alii

2198 5644 2527 5713 interpretes
2551 5648 2709 5716 vulgo
2741 5644 3039 5703 verterunt.
