4028 6208
300 345 401 401 161

1688 330 2022 388 EPISTOLA
2062 330 2300 389 XXXIV.

3496 339 3599 395 £62

304 468 486 511 carne
518 449 818 508 secundum
867 447 1205 518 Scripturas,
1255 447 1369 501 sive
1415 444 1719 500 secundum
1763 446 1909 500 beati
1945 451 1986 508 Α
2015 446 2200 511 dictis,
2228 446 2322 517 qui
2346 458 2495 502 certe
2520 446 2749 502 subtiles
2764 454 3203 516 perscrutatores
3221 456 3350 504 sunt
3370 447 3598 521 dogma-

306 544 469 600 Petri
530 539 814 596 vocem”.
853 538 1236 608 Capitulorum
1298 551 1431 590 vero
1486 535 1664 591 virtus
1718 544 1907 590 contra

307 637 430 691 sola
507 632 745 689 Nestorii
826 632 1079 702 dogmata
1139 630 1345 699 scripta
1369 636 1471 683 est.
1552 627 1685 695 Quae
1758 628 1908 683 enim

304 725 402 778 ille
433 738 545 777 non
591 728 740 775 recte
765 720 907 775 dixit
935 736 999 774 ac
1025 718 1283 789 scripsit,
1328 718 1445 787 ipsa
1490 718 1740 788 ejiciunt.
1802 716 1909 784 Qui

300 829 436 868 vero
478 811 957 867 anathematizant
990 820 1154 881 atque
1198 816 1400 881 negant
1443 810 1565 881 ejus
1605 808 1906 874 vesaniam,

297 905 612 961 cessabunt
663 903 785 960 haec
834 919 958 973 quae
1013 919 1043 958 a
1086 902 1250 958 nobis
1286 902 1497 973 scripta
1557 908 1687 957 sunt
1723 900 1911 957 incre»

298 1012 457 1068 pare.
500 997 792 1053 Videbunt
838 996 988 1050 enim
1044 995 1411 1065 capitulorum
1460 1008 1623 1049 sensa
1659 991 1792 1048 solis
1841 991 1909 1047 il-

298 1088 414 1142 lius
457 1088 746 1142 contraire
795 1085 1171 1157 blasphemiis.
1207 1083 1442 1139 Reddita
1486 1098 1621 1139 vero
1662 1096 1910 1138 commu-

302 1179 476 1234 nione
535 1179 796 1248 factaque
834 1177 980 1233 inter
1026 1176 1305 1232 Ecclesias
1348 1189 1504 1246 pace,
1549 1174 1776 1245 quando
1820 1189 1907 1230 re-

301 1271 567 1327 scribere
612 1272 822 1341 absque
868 1270 1220 1341 suspectione
1270 1269 1514 1336 licuerit,
1564 1269 1652 1324 vel
1697 1269 1780 1324 eis
1812 1270 1909 1338 qui

304 1364 423 1417 illic
459 1372 597 1418 sunt
626 1362 845 1427 adnos,
886 1362 975 1417 vel
1014 1361 1176 1416 nobis
1202 1376 1396 1416 rursus
1432 1360 1503 1416 ad
1538 1376 1654 1425 eos,
1686 1369 1816 1415 tunc
1854 1368 1911 1415 et

304 1454 720 1511 satisfaciemus
765 1453 1046 1509 facillime.
1076 1451 1429 1522 Quaecunque
1463 1453 1688 1508 omnino
1715 1467 1909 1507 eorum

304 1562 432 1617 qua:
462 1563 495 1600 a
529 1545 696 1600 nobis
718 1545 925 1615 scripta
972 1552 1101 1599 sunt
1139 1552 1291 1600 recte
1314 1559 1428 1599 non
1457 1543 1848 1615 intelliguntur
1876 1559 1907 1598 a

303 1639 673 1711 quibusdam,
704 1647 762 1692 et
791 1638 909 1693 hate
932 1636 1470 1693 excandidabuntur.
1496 1635 1910 1696 Satisfaciemus

302 1731 480 1794 enim,
516 1730 632 1783 Deo
682 1727 925 1791 favente,
976 1742 1088 1783 non
1124 1728 1236 1799 jam
1267 1727 1413 1784 sicut
1447 1727 1906 1798 repugnantibus,

2016 546 2131 592 tum
2156 539 2491 594 divinorum.
2516 538 2583 593 Et
2616 538 2751 593 illud
2793 546 2977 592 autem
3002 553 3169 608 super
3189 539 3306 596 hac
3335 549 3429 596 tua
3466 554 3598 597 rett-

2011 630 2236 701 giositas
2273 631 2497 701 cogitet,
2543 630 2672 702 quia
2725 638 2943 700 oportet
2970 630 3046 685 ita
3095 632 3350 701 componi
3403 647 3595 702 pacem

2010 722 2125 777 Deo
2155 722 2617 777 amicissimorum
2640 722 3025 793 episcoporum
3038 731 3120 787 ,ut
3140 737 3250 776 non
3274 722 3372 777 ulli
3399 723 3594 793 displi-

2012 819 2133 865 ceat
2162 826 2357 865 eorum
2389 812 2486 882 qui
2520 827 2619 882 per
2646 826 2865 867 omnem
2894 812 3265 885 Romanorum
3292 822 3423 868 sunt
3445 816 3598 884 prin-

2011 901 2278 973 cipatum,
2300 910 2358 958 et
2386 903 2721 959 universalis
2755 890 2871 968 fiat:
2888 918 2957 958 ne
2986 903 3215 958 minima
3240 904 3479 959 scissura
3506 907 3594 960 in-

2009 1002 2200 1064 gentes
2222 994 2412 1065 plures
2436 994 2570 1050 alias
2596 993 2777 1049 faciat.
2803 994 3040 1050 Omnino
3061 995 3208 1049 enim
3232 1010 3343 1050 non
3362 1011 3597 1053 consen-

2010 1084 2148 1139 tient
2171 1085 2217 1139 si
2249 1086 2354 1140 tale
2383 1085 2591 1156 aliquid
2616 1085 2785 1141 fuerit
2805 1085 3009 1141 factum
3038 1087 3185 1156 quod
3211 1102 3322 1141 non
3356 1104 3595 1158 sequens

2008 1177 2283 1232 videatur.
2337 1177 2406 1231 Et
2438 1177 2675 1232 maxime
2704 1178 2810 1233 hoc
2836 1178 3065 1248 cogitari
3093 1187 3331 1248 oportet.
3362 1178 3595 1234 Cunctis

2010 1284 2247 1339 namque
2281 1268 2618 1325 instantibus
2647 1269 2705 1323 in
2728 1269 2970 1338 Epheso,
3000 1278 3057 1324 et
3097 1286 3207 1325 non
3233 1250 3601 1340 acquieseen-t

2011 1361 2158 1417 tibus
2186 1360 2597 1416 communicare
2623 1361 2711 1416 his
2739 1361 2834 1431 qui
2861 1376 2931 1417 ex
2961 1360 3183 1417 Oriente
3215 1370 3362 1427 sunt,
3394 1378 3595 1433 propo-

2008 1453 2272 1508 nentibus
2297 1468 2428 1508 vero
2452 1453 2583 1524 quia
2608 1468 2718 1508 non
2748 1453 2857 1508 erit
2890 1452 3044 1523 prius
3068 1453 3174 1507 hoc
3198 1453 3303 1507 nisi
3329 1468 3591 1524 suscepe-

2008 1548 2120 1601 rint
2164 1535 2565 1616 depositionem
2618 1546 2860 1601 Nestorii
2907 1554 2963 1601 et
3007 1545 3593 1603 anathematizaverint

2008 1638 2300 1695 nobiscum
2330 1639 2586 1709 dogmata
2618 1639 2758 1709 ejus,
2799 1637 3098 1707 quomodo,
3130 1638 3237 1693 nisi
3280 1638 3387 1695 hoc
3424 1638 3595 1695 fuerit

2008 1729 2235 1796 factum,
2261 1745 2326 1785 ea
2350 1746 2472 1800 qua:
2492 1730 2560 1784 ad
2581 1729 3027 1785 communionem
3044 1730 3323 1801 pertinent
3346 1732 3592 1786 stabunt?

302 1822 402 1887 sed
442 1821 592 1875 sicut
622 1818 914 1881 fratribus,
950 1817 1082 1888 quia
1121 1818 1307 1873 omnia
1346 1827 1497 1874 recte
1536 1818 1793 1874 habeant.
1839 1819 1908 1874 Et
1938 1799 1980 1855 Β
2007 1821 2139 1888 Quis
2166 1799 2491 1878 autemnon
2521 1823 2781 1878 clamabit
2810 1832 3001 1878 contra
3027 1799 3149 1889 nos,
3182 1822 3314 1878 dum
3337 1825 3594 1895 perdide-

303 1927 505 1968 eorum
534 1926 662 1981 qua
685 1910 1014 1981 scripsimus
1047 1924 1166 1975 nos,
1191 1909 1433 1965 Nestorii
1456 1909 1709 1981 dogmata
1731 1909 1911 1979 impu-

304 2010 565 2072 gnantes,
598 1998 743 2054 nihil
771 2008 857 2055 est
877 1999 1106 2054 omnino
1139 1999 1287 2069 quod
1318 1999 1571 2054 dissonet
1593 1999 1680 2055 vel
1701 1999 1908 2055 sanctis

309 2092 623 2163 Scripturis
660 2091 750 2146 vel
790 2098 944 2146 certe
984 2090 1113 2146 fidei
1148 2089 1459 2146 deﬁnitioni
1500 2106 1624 2161 qua:
1661 2091 1908 2161 exposita

308 2193 394 2239 est
416 2200 449 2239 a
486 2183 699 2238 sanctis
720 2182 1013 2238 Patribus:
1052 2181 1174 2237 dico
1194 2198 1262 2238 au
1272 2191 1378 2237 tem
1399 2181 1511 2237 illis
1532 2184 1629 2253 qui
1649 2183 1704 2237 in
1726 2182 1908 2238 Nicaea

311 2292 418 2332 suo
444 2286 696 2346 tempore
722 2275 1039 2348 congregati
1073 2282 1224 2331 sunt.
1252 2274 1453 2331 Nostra
1477 2275 1647 2346 igitur
1674 2275 1908 2331 intentio

312 2370 379 2424 ad
410 2384 603 2440 pacem
647 2384 706 2424 se
747 2368 916 2424 habet
943 2382 1056 2423 non
1090 2369 1358 2438 impetere
1398 2383 1521 2438 quae
1550 2376 1680 2423 sunt
1706 2366 1905 2423 deﬁni-

313 2469 387 2523 ta,
418 2461 499 2513 ita
530 2459 798 2514 videlicet
839 2459 885 2514 si
930 2458 1172 2537 Nestorii
1206 2458 1539 2530 depositioni
1591 2459 1906 2515 consentire
1938 2530 1941 2539 ί

310 2549 590 2605 voluerint
622 2558 681 2604 et
726 2550 1196 2605 anathematizare
1240 2550 1613 2605 contaminata
1650 2550 1906 2621 dogmata

310 2641 431 2711 ejus
474 2652 536 2695 et
587 2642 1001 2696 communicare
1052 2648 1112 2694 et
1159 2640 1229 2695 ad
1282 2640 1637 2695 concordiam
1690 2641 1903 2707 venire,

310 2732 536 2789 Christo
560 2734 790 2803 juvante
815 2733 885 2787 ad
910 2733 1076 2797 idem,
1103 2733 1198 2803 qui
1223 2743 1310 2788 est
1348 2749 1453 2803 pax
1489 2742 1678 2788 nostra
1705 2748 1904 2787 secun-

312 2824 444 2879 dum
474 2825 815 2895 Scripturas.
854 2825 949 2880 Eis
975 2841 1109 2880 vero
1156 2826 1250 2895 qui
1285 2824 1480 2880 dicunt
1527 2826 1657 2895 quia
1691 2832 1909 2896 oportet

312 2918 438 2990 ejici
460 2933 527 2974 ea
556 2934 683 2989 quae
728 2925 920 2974 contra
951 2918 1158 2988 polluta
1191 2918 1429 2973 Nestorii
1472 2917 1723 2989 dogmata
1766 2917 1906 2973 scri-

315 3013 528 3082 psimus
548 3012 739 3066 nullus
762 3010 1093 3079 acquiescet.
1117 3009 1476 3079 Apertissime
1493 3009 1640 3064 enim
1660 3009 1908 3080 elingues

2009 1913 2184 1968 rimus
2203 1915 2414 1969 animas
2436 1924 2671 1979 nostras,
2694 1923 2750 1970 et
2768 1914 3151 1987 negaverimus
3177 1926 3380 1972 rectam
3404 1916 3590 1984 ﬁdem,

2007 2014 2065 2061 et
2086 2021 2208 2076 quae
2242 2014 2392 2061 recte
2427 2005 2574 2061 dicta
2608 2006 2868 2062 omnibus
2899 2006 3229 2079 placuerunt
3268 2025 3370 2064 nos
3410 2010 3591 2082 ejece-

2010 2098 2203 2163 rimus,
2255 2107 2515 2170 tanquam
2542 2115 2651 2154 non
2681 2108 2828 2154 recte
2854 2100 2963 2153 sint
2990 2100 3173 2156 dicta?
3203 2100 3398 2157 Annon
3426 2117 3593 2173 opor-

2010 2201 2107 2257 tet,
2137 2191 2277 2246 facta
2300 2207 2456 2263 pace,
2486 2207 2587 2247 nos
2617 2191 2879 2263 epistolas
2909 2192 3131 2249 mittere
3159 2193 3246 2249 his
3267 2194 3361 2266 qui
3386 2194 3593 2266 ubique

2008 2298 2177 2354 super
2198 2283 2336 2338 alios
2368 2283 2814 2354 religiosissimos
2838 2283 3129 2356 episcopos
3150 2285 3415 2357 eminent,
3443 2296 3505 2342 ut
3536 2298 3594 2344 et

2008 2373 2112 2445 ipsi
2154 2375 2459 2430 concordes
2485 2375 2667 2431 eﬂ‘ecti
2715 2376 2951 2433 reddant
2983 2378 3064 2434 eis
3107 2380 3593 2436 communionem?

2007 2459 2216 2516 Deinde
2241 2462 2369 2532 quis
2395 2463 2468 2517 sit
2497 2464 2592 2534 qui
2618 2466 2698 2519 eis
2726 2466 2957 2522 suadeat
2982 2468 3027 2523 si
3067 2468 3199 2539 quid
3236 2468 3441 2525 factum
3468 2470 3590 2526 fue-

2008 2551 2083 2607 rit
2115 2563 2316 2623 printer
2341 2556 2488 2626 quod
2517 2557 2776 2613 omnibus
2803 2559 3003 2629 placet,
3057 2571 3114 2616 et
3158 2561 3215 2616 in
3255 2578 3365 2634 quo
3398 2577 3592 2619 omnes

2007 2643 2343 2710 institerant,
2389 2655 2450 2701 ut
2491 2656 2775 2716 Oporteret
2816 2648 3126 2717 depositum
3160 2651 3354 2706 haberi
3396 2651 3593 2707 Nesto-

2006 2735 2149 2789 rium
2179 2744 2235 2791 et
2276 2736 2740 2793 anathematizare
2783 2739 3187 2794 insanissimam
3226 2742 3347 2813 ejus
3380 2741 3590 2798 doctri—

2006 2842 2156 2893 nam,
2190 2827 2324 2898 quin
2360 2829 2545 2898 potius
2566 2829 2953 2885 verbositatem
2987 2842 3176 2886 contra
3202 2834 3449 2888 omnium
3492 2850 3594 2891 no-

2008 2927 2182 2974 strum
2244 2919 2581 2976 Salvatorem
2633 2920 2818 2976 Iesum
2854 2920 3179 2997 Christum?
3224 2922 3595 2982 Contristatos

2008 3024 2141 3064 vero
2179 3010 2346 3063 nimis
2387 3017 2444 3064 et
2492 3009 2917 3065 intolerabiliter
2955 3010 3206 3067 dolentes
3243 3020 3468 3083 propter
3498 3014 3591 3069 illa

312 3118 421 3157 nos
443 3118 569 3157 esse
592 3103 786 3156 volunt
816 3101 966 3156 illius
998 3098 1376 3169 blasphemiis,
1409 3105 1737 3153 cunctorum
1756 3113 1903 3152 nun—
1929 3137 1972 3196 ο
2008 3115 2130 3170 quae
2159 3107 2353 3155 contra
2382 3115 2470 3156 me
2513 3107 2665 3172 gesta
2699 3109 2829 3155 sunt
2870 3100 2941 3156 ab
2971 3099 3347 3159 Orientalibus
3382 3110 3491 3158 tam
3522 3121 3590 3161 ex

312 3194 583 3248 dinantes
615 3192 1063 3247 taciturnitatem.
1114 3188 1224 3245 Aut
1267 3188 1453 3244 forsan
1496 3189 1670 3259 magis
1709 3197 1767 3244 et
1802 3203 1905 3245 nos

326 3282 745 3354 persnadendos
820 3289 1080 3354 reputant
1137 3291 1200 3336 ut
1255 3295 1320 3335 ea
1374 3295 1498 3351 qua:
1560 3289 1691 3336 sunt
1757 3281 1907 3336 illius

319 3374 630 3444 sapiamus,
662 3374 705 3428 si
735 3389 858 3444 qua)
902 3384 1091 3429 nostra
1119 3378 1246 3427 sunt
1286 3371 1623 3442 abnegemus
1658 3377 1807 3424 recte
1848 3385 1907 3425 se

319 3474 493 3535 atque
535 3464 879 3519 immaculate
913 3461 1172 3518 habentia
1204 3469 1261 3517 et
1282 3469 1474 3517 contra
1517 3460 1667 3515 illius
1706 3474 1906 3514 vocum

318 3556 598 3612 novitates
650 3557 850 3611 stantia
906 3557 973 3610 “.
1037 3556 1095 3611 Si
1164 3572 1298 3611 vero
1355 3554 1575 3609 illorum
1637 3552 1734 3623 qui
1795 3551 1909 3607 illic

319 3660 450 3704 sum
490 3648 742 3719 quidam,
793 3649 1096 3704 secundum
1153 3648 1308 3723 quod
1343 3648 1424 3703 eis
1450 3645 1690 3710 videtur,
1716 3644 1905 3699 detra-

322 3740 461 3794 bunt
489 3739 796 3809 aliquibus,
829 3739 898 3793 ad
937 3756 1001 3795 ea
1038 3756 1160 3810 qua
1200 3754 1305 3797 nec
1338 3737 1598 3795 convenit
1625 3744 1904 3791 transver-

322 3841 501 3888 tentes
523 3848 728 3888 sensus
755 3848 973 3896 eorum,
1009 3832 1188 3887 sciant
1209 3831 1339 3903 quia
1363 3839 1564 3901 praeter
1583 3842 1776 3882 omnes
1809 3826 1907 3897 qui

323 3924 377 3978 in
408 3934 527 3980 toto
548 3925 691 3979 orbe
713 3934 842 3980 sunt
866 3926 970 3982 soli
1003 3926 1059 3980 hi
1088 3930 1471 3996 perpetrantes
1495 3919 1734 3991 sapiunt.
1757 3916 1903 3974 Con-

321 4023 620 4068 senserunt
647 4015 794 4069 enim
835 4015 923 4069 his
947 4030 1070 4085 quae
1109 4030 1140 4068 a
1181 4012 1343 4068 nobis
1383 4010 1528 4065 facta
1555 4018 1705 4073 sunt,
1740 4016 1905 4078 atque

321 4105 681 4161 consentiunt
719 4106 986 4171 universi,
1034 4114 1091 4160 et
1134 4114 1285 4160 recte
1337 4118 1396 4159 se
1447 4102 1800 4167 habentibus,
1853 4109 1911 4157 et

2010 3191 2158 3246 clero
2177 3192 2520 3247 Alexandriae
2542 3208 2706 3263 quam
2730 3201 2960 3249 cunctos
2980 3192 3312 3265 Egyptiacae
3336 3193 3593 3253 dioecesis

2005 3281 2297 3353 episcopos
2344 3283 2791 3354 religiosissimos
2852 3284 2933 3340 sic
2991 3284 3263 3356 mitigavit
3334 3286 3592 3342 dominus

1968 3403 1975 3410 -
2008 3390 2165 3437 meus
2192 3376 2705 3433 admirandissimus
2728 3376 2988 3433 tribunus
3012 3376 3340 3443 Aristolaus,
3360 3386 3423 3432 ut
3450 3378 3591 3433 mihi

2009 3467 2177 3522 etiam
2203 3467 2537 3523 levissimam
2572 3469 2724 3539 pacis
2760 3468 3025 3525 facienda:
3052 3468 3308 3524 redderet
3335 3469 3480 3522 viam
3534 3478 3592 3524 et

2011 3575 2203 3616 omnes
2230 3560 2485 3615 venirent
2510 3560 2565 3614 in
2590 3560 2904 3631 hujusmodi
2927 3562 3284 3616 voluntatem.
3325 3558 3391 3612 Et
3412 3558 3589 3628 pluri-

2012 3666 2162 3704 mum
2210 3649 2432 3719 quidem
2482 3664 2569 3703 me
2613 3649 2792 3704 fateor
2842 3650 2963 3720 ejus
3004 3646 3416 3703 admirabilitati
3467 3661 3589 3701 esse

2011 3741 2343 3805 debitorem,
2376 3740 2505 3810 quia
2534 3739 2698 3793 modo
2720 3738 2865 3805 mihi
2889 3738 2961 3793 sit
2983 3732 3288 3806 cobperans
3317 3735 3387 3789 ad
3405 3736 3589 3791 omnia

2010 3840 2066 3887 et
2092 3829 2531 3901 competentibus
2556 3814 2863 3883 rationibus
2888 3842 3011 3898 quae
3035 3825 3436 3881 contristabant
3459 3825 3589 3880 abo-

2009 3921 2228 3978 leverit.
2262 3921 2451 3995 Saluta
2495 3918 2901 3996 fraternitatem
2945 3933 3066 3989 quae
3106 3917 3252 3988 apud
3287 3926 3340 3973 te
3360 3925 3463 3973 est.
3509 3916 3587 3973 Te

2011 4029 2134 4085 quae
2155 4013 2445 4069 nobiscum
2471 4020 2555 4068 est
2576 4010 2895 4067 fraternitas
2916 4010 2973 4067 in
2999 4010 3231 4066 Domino
3260 4009 3477 4065 salutat.

1559 4386 1708 4457 99“
1748 4387 2084 4445 EPISTOLA
2120 4384 2357 4440 xxxrv.

1396 4538 1463 4576 an
1488 4537 1754 4576 RABBULAII
1786 4536 2088 4577 enasseuuu
2122 4532 2403 4574 EPISCOPUII
2442 4516 2539 4587 (l).

613 4664 837 4721 Nuntiat
872 4664 1011 4736 quod
1048 4664 1263 4717 omnino
1302 4676 1432 4737 non~
1456 4659 1639 4729 recipit
1680 4657 2057 4729 propositiones
2087 4673 2204 4728 qua:
2227 4674 2259 4710 α
2294 4654 2502 4709 Joanne
2525 4651 2844 4706 Antiocheno
2862 4654 2983 4702 sunt
3006 4646 3301 4701 destinam.

396 4804 655 4863 Piissimo
685 4810 742 4858 et
766 4808 1013 4856 amatore
1044 4774 1254 4855 Christi
1276 4796 1609 4866 imperatore
1636 4793 1908 4865 dirigente
1941 4802 1987 4857 ι)
2011 4810 2099 4851 me
2134 4792 2393 4849 dominus
2415 4803 2573 4844 meus
2602 4783 3052 4858 religiosissimus
3071 4790 3129 4837 et
3155 4781 3399 4852 optimus
3418 4796 3588 4841 senex

331 4899 615 4955 dominum
673 4910 856 4951 meum
900 4891 1372 4947 mirandissimum
1416 4887 1702 4942 tribunum
1750 4895 1910 4941 nota-

325 4989 587 5056 riumque
629 4984 989 5047 Aristolaum,
1034 4978 1409 5036 Christianum
1454 4975 1660 5039 virum,
1712 4980 1770 5027 et
1810 4987 1911 5043 pro

322 5084 484 5133 recta
514 5073 618 5129 fide
653 5072 818 5129 valde
852 5075 1178 5133 certantem,
1222 5073 1286 5122 ut
1312 5064 1380 5121 ad
1407 5077 1601 5134 pacem
1624 5062 1914 5132 copularet

327 5167 626 5231 Eeclesias,
651 5173 708 5221 et
738 5163 1019 5219 scribente
1043 5160 1191 5217 clare
1216 5156 1367 5228 quod
1403 5153 1783 5210 Antiochenus
1810 5153 1909 5210 dc-

330 5262 487 5318 beret
518 5256 1050 5331 prius.subscribere
1080 5251 1304 5324 quidem
1325 5247 1565 5304 Nestorii
1595 5245 1908 5301 damnatio-

329 5369 481 5421 nem,
504 5350 970 5408 anathematizare
1000 5362 1137 5404 vero
1156 5344 1387 5402 scelesta
1409 5341 1531 5411 ejus
1550 5338 1805 5410 dogmata
1854 5347 1911 5394 et

331 5455 465 5501 tunc
505 5442 953 5499 communionem
995 5444 1247 5496 nostram
1289 5447 1559 5504 quaerere,
1590 5429 1807 5499 scripsit
1839 5432 1906 5485 ad

404 5598 450 5630 ”
482 5598 501 5651 l
528 5598 675 5653 Petr.
714 5612 788 5659 tv,
818 5597 864 5650 Ι.
939 5592 1188 5650 “l'l‘im.
1218 5608 1288 5657 vt,
1318 5590 1409 5645 20.

2009 4886 2302 4956 episcopus
2341 4880 2575 4936 Aeacius
2616 4878 2975 4949 incongruam
3009 4873 3301 4945 quamdam
3331 4877 3586 4947 pmposi-

2010 4978 2238 5039 tionem,
2258 4971 2414 5044 quasi
2438 4970 2507 5026 ab
2527 4968 2771 5024 Orientis
2798 4965 3093 5037 episcopis,
3117 4963 3289 5035 magis
3312 4975 3516 5032 autem,
3541 4969 3588 5023 si

2009 5071 2229 5136 oportet
2259 5062 2443 5117 dicere
2471 5058 2780 5122 veritatem,
2824 5056 2894 5110 ab
2938 5054 3021 5109 eis
3050 5054 3145 5125 qui
3188 5067 3253 5108 ea
3297 5069 3419 5124 qua:
3462 5067 3592 5111 sunt

2008 5155 2248 5214 Nestorii
2299 5158 2556 5223 saperent
2594 5167 2607 5203 :
2638 5164 2765 5203 nam
2804 5146 2937 5201 dum
2978 5159 3075 5200 eos
3114 5152 3396 5215 oporteret
3433 5147 3589 5216 sequi

2016 5245 2163 5318 quod
2190 5241 2465 5314 congruit,
2493 5248 2550 5295 et
2577 5235 2769 5311 (juxta)
2796 5232 3157 5289 intentionem
3180 5232 3413 5303 piissimi
3435 5233 3592 5303 prin-

2016 5338 2156 5409 cipis
2208 5335 2565 5403 omniumque
2626 5325 3061 5384 orthodoxorum
3121 5324 3591 5382 anathematizare

2013 5430 2246 5486 scelesta
2266 5424 2505 5483 Nestorii
2529 5422 2804 5493 dogmata,
2827 5433 2858 5475 e
2874 5418 3156 5476 contrario
3181 5426 3374 5508 petunt
3394 5431 3592 5479 vacare

409 5753 484 5816 tl)
510 5754 591 5810 Ex
624 5752 896 5827 Synodico
937 5751 1059 5808 adv.
1087 5762 1224 5819 trag.
1261 5750 1470 5819 lrenzei,
1498 5764 1546 5804 c.
1582 5748 1699 5804 108.
1732 5746 1901 5803 Mansi
1935 5747 1998 5817 γ,
2031 5744 2153 5802 887.
