4028 6208
453 290 551 346 165

1451 283 1506 337 S.
1547 279 1821 337 CYRILLI
1861 281 2327 336 ALEXANDRINI
2366 280 2681 337 ARCHIEP.

3606 286 3704 343 16$

452 406 707 461 universa
738 419 859 474 qua:
891 420 920 457 a
945 405 1105 458 nobis
1135 400 1334 469 scripta
1362 407 1491 452 sunt
1512 398 1629 452 sive
1655 399 1708 452 in
1733 399 1895 453 tomis
1919 400 2032 453 sive
2063 405 2105 460 Α
2135 399 2320 453 bimus
2340 414 2405 453 ea
2428 415 2549 469 qum
2584 406 2712 453 sunt
2738 397 2999 464 Nestorii,
3027 408 3083 453 et
3126 397 3333 453 erimus
3374 397 3707 458 admirantes

451 497 505 549 in
529 496 1060 563 conscriptionibus;
1093 502 1150 547 et
1171 492 1270 553 sic,
1290 489 1567 558 inquiunt,
1592 488 1850 543 Ecclesia:
1872 504 2025 543 com»

450 586 811 641 municabunt
832 585 897 638 ad
926 585 1179 637 invicem.
1212 582 1323 636 Hoc
1347 590 1531 635 autem
1561 580 1707 633 clare
1739 579 1924 633 dicere
1947 587 2029 633 est

449 678 593 746 quod
620 685 871 746 oporteat
899 693 998 731 nos
1025 684 1229 730 rectam
1262 674 1423 728 ﬁdem
1452 673 1725 742 denegare
1758 681 1814 727 et
1839 673 2031 727 Nesto-

452 770 517 823 rii
543 770 859 824 consentire
886 768 1264 838 blasphemiis.
1296 766 1351 821 Si
1378 766 1524 820 enim
1559 774 1750 820 nostra
1775 764 2032 821 extermi-

450 878 666 925 namus,
710 877 832 931 qua:
875 876 932 914 se
971 860 1112 914 bene
1163 860 1370 913 habent
1414 866 1471 912 et
1515 856 2032 926 inexprobrabilitcr

451 963 704 1008 asserunt
728 953 1015 1008 veritatem
1042 961 1097 1007 et
1128 960 1290 1007 recta:
1315 949 1438 1004 ﬁdei
1471 948 1730 1015 militant,
1758 948 2030 1021 approba-

2128 494 2249 563 ejus
2278 493 2565 547 insaniam.
2604 491 2710 545 Sed
2760 491 2979 545 illorum
3021 491 3243 560 quidem
3275 491 3705 560 propositionem

2127 582 2879 638 intelleximus.Contristati
2907 583 3053 637 enim
3098 591 3227 638 sunt
3266 583 3414 653 quod
3447 584 3706 655 blasphe-

2129 686 2315 731 mante
2346 675 2623 741 Nestorio,
2659 676 2728 730 ab
2751 675 3076 731 orthodoxis
3117 684 3307 730 contra
3334 691 3459 730 eum
3495 675 3731 762 sermo-li

2127 779 2228 819 nes
2262 764 2452 834 scripti
2506 773 2635 819 sunt
2684 774 2741 819 et
2791 765 3056 836 epistolae.
3109 765 3300 832 Qualia
3336 782 3468 821 vero
3507 775 3565 821 et
3610 784 3713 823 nos

2130 856 2518 926 scripserimus
2563 856 2701 912 sciet
2732 865 2824 912 tua
2850 857 3137 927 perfectio,
3174 857 3302 911 dum
3328 858 3528 929 legeris
3558 861 3711 928 paria

2130 963 2345 1003 eorum.
2370 944 2455 1002 0b
2482 947 2588 1004 hoc
2620 949 2770 1003 enim
2806 956 2913 1005 tua:
2937 949 3028 1005 illa
3054 949 3398 1021 religiositati
3426 950 3620 1007 direxi.

1465 1235 1642 1306 99‘“
1682 1234 2022 1293 EPISTOLA
2056 1238 2251 1294 XXXV
2293 1237 2387 1309 (οι.
2428 1233 2646 1308 XXXI).
2678 1236 2753 1307 (l)

452 1380 470 1401 θ
501 1393 712 1435 JOANNIS
744 1391 1058 1433 ANTIOCHENI
1090 1390 1325 1431 EPISCOPI
1359 1389 1797 1437 CETERORUIQUE
1824 1392 1911 1439 QUI
1946 1393 2049 1432 CUI!
2098 1394 2220 1434 ΙΙ.ιο
2260 1393 2435 1432 ERANT
2467 1392 2531 1430 AD
2574 1390 2781 1430 XYSTUM
2826 1390 3116 1433 EPISCOPUII
3148 1393 3423 1444 ιιοιιιΝυιι,
3452 1394 3709 1437 οτῐιιιλιυιί

1266 1460 1672 1500 ΑιεχΑΝυιιιΝυιι
1702 1462 1769 1500 ΕΤ
1802 1463 2137 1503 HAXIIIIANUM
2169 1458 2866 1503 CONSTANTINOPOLITANUH.

528 1588 757 1641 Probare
776 1604 831 1640 sc
879 1586 1155 1641 declarant
1187 1584 1525 1658 depositionis
1540 1585 1865 1658 _sententiam
1910 1604 1942 1641 a
1973 1594 2160 1641 sancta
2194 1586 2393 1658 synodo
2419 1583 2989 1658 adversustestoriunt
3020 1584 3321 1658 prolatam,
3343 1604 3542 1643 necnon
3564 1589 3709 1644 blas-

982 1660 1196 1727 phemas
1236 1655 1351 1725 ejus
1384 1655 1652 1707 doctrinas
1682 1658 2160 1724 anathematizare,
2183 1655 2240 1711 et
2264 1658 2509 1711 assentiri
2542 1656 2851 1710 Maximiani
2879 1655 3217 1710 ordznationi.

526 1813 902 1870 Sanctissimis
957 1814 1182 1884 Deoque
1232 1813 1606 1869 dilectissimis
1667 1812 1933 1868 fratribus
1986 1821 2042 1868 et

2210 1816 2337 1879 Τοῖς
2380 1814 2704 1881 ὁσιωτάτοις
2730 1815 2825 1871 καὶ
2859 1815 3296 1886 θεοφιλεστάτοις
3332 1813 3584 1883 ἀδελφοῖς
3618 1815 3712 1869 καὶ

451 1904 939 1960 consacerdotibus
966 1903 1158 1974 Xysto,
1190 1903 1397 1976 Cyrillo
1420 1913 1476 1958 et
1497 1901 1845 1968 Maximiano,
1867 1902 2035 1958 Joan-

455 2012 555 2053 nes
593 2007 650 2051 et
690 1996 887 2065 reliqui
927 2010 1119 2051 omnes
1151 1996 1245 2064 qui
1282 2009 1499 2050 mecum
1531 2001 1680 2059 sunt,
1716 1993 1773 2047 in
1806 1993 2038 2049 Domino

457 2089 709 2144 salutem.

537 2182 590 2235 1.
630 2180 898 2236 Omnibus
928 2179 1022 2251 qui
1060 2178 1429 2233 sacerdotium
1469 2176 1651 2231 sortiti
1679 2185 1805 2231 sunt
1833 2184 1889 2230 et
1911 2174 2036 2245 qui-

464 2272 570 2329 bus
608 2272 857 2327 divinum
892 2255 1241 2341 episcOpatus
1278 2269 1649 2324 ministerium
1695 2284 1725 2323 a
1754 2268 2036 2323 Salvatore

459 2363 706 2417 omnium
744 2372 990 2420 nostrum
1026 2360 1252 2417 Christo
1276 2359 1550 2416 creditum
1574 2368 1678 2428 est,
1714 2359 1957 2414 studium
1982 2369 2039 2415 et

453 2471 653 2525 scopus
679 2456 725 2510 is
745 2470 864 2510 esse
886 2455 1072 2516 debet,
1098 2464 1158 2509 ut
1185 2454 1237 2507 in
1260 2461 1407 2507 recta
1434 2451 1540 2507 ﬁde
1564 2453 1854 2517 excellant,
1885 2467 2038 2507 eam-

454 2564 561 2619 que
590 2549 821 2618 populos
853 2547 958 2601 sibi
991 2546 1242 2601 subditos
1278 2544 1531 2599 doceant.
1558 2543 1694 2598 Cum
1732 2544 1916 2613 itaque
1951 2558 2040 2598 res

457 2640 531 2693 ita
578 2640 799 2705 habeat,
844 2654 989 2691 anno
1034 2636 1108 2707 (2)
1147 2637 1355 2705 elapso,
1402 2650 1469 2688 ex
1498 2634 2039 2705 religiosissimorum

456 2730 770 2799 Christique
828 2728 1129 2783 amantium
1199 2726 1594 2793 imperatorum
1642 2725 1887 2790 decreto,
1938 2725 2039 2780 do-

459 2820 650 2874 ctrina:
690 2819 932 2874 Nestorii
976 2818 1184 2889 gratia,
1235 2817 1291 2871 in
1329 2817 1692 2889 Ephesiorum
1749 2817 2039 2887 metropoli

458 2910 717 2965 convenit
759 2918 946 2963 sancta
994 2907 1234 2977 synodus
1264 2907 1375 2961 Deo
1407 2907 1895 2962 dilectissimorum
1927 2907 2042 2978 epi-

458 3017 753 3072 scoporum
785 3020 796 3054 :
847 3002 943 3071 qui
991 3016 1116 3054 cum
1164 3002 1356 3072 legatis
1401 3000 1477 3071 (5)
1509 3017 1539 3054 a
1566 3001 1740 3055 beata:
1765 3001 2043 3055 memoriae

457 3092 773 3159 leestino,
798 3093 955 3162 100
979 3091 1234 3146 Romana:
1265 3092 1422 3147 urbis
1452 3091 1729 3160 quondam
1757 3091 2036 3161 episcopo,

2139 1907 2579 1978 συλλειτουργοῖς
2624 1906 2815 1977 Ξύστῳ
2841 1947 2856 1973 ,
2907 1908 3163 1979 Κυρίλλῳ
3210 1907 3306 1961 καὶ
3349 1906 3710 1976 Μαξιμιανῷ,

2152 2000 2402 2071 Ἰωάννης
2430 2000 2523 2053 καὶ
2545 2000 2593 2053 oi
2623 1999 2802 2054 λοιποὶ
2831 2000 3033 2065 πάντες
3063 2001 3111 2054 οἱ
3147 1999 3243 2053 σὺν
3271 2000 3294 2052 ὲ
3305 1998 3415 2070 μοὶ,
3439 1999 3497 2051 ὲν
3524 1998 3713 2071 Κυρίῳ

2137 2088 2367 2160 χαίρειν.

2207 2180 2316 2232 Καὶ
2342 2178 2544 2249 σπουδὴ
2566 2179 2661 2233 καὶ
2688 2179 2889 2244 σκοπὸς
2909 2183 3044 2235 πᾶσι
3068 2183 3181 2244 τοῖς
3204 2180 3451 2252 ἱερᾶσθαι
3467 2181 3709 2252 λαχοῦσι,

2138 2269 2231 2327 καὶ
2258 2269 2357 2341 τὴν
2391 2270 2538 2325 Θείαν
2582 2273 2679 2337 τῆς
2717 2274 3022 2343 ἐπισκοπῆς
3052 2271 3395 2342 λειτουργίαν
3420 2289 3716 2326 πεπιστευ-

2141 2360 2323 2432 μένοις
2356 2362 2506 2431 παρὰ
2539 2364 2633 2414 τοῦ
2670 2364 2885 2415 πάντων
2915 2361 3073 2432 ἡμῶν
3106 2362 3358 2432 Σωτῆρος
3388 2361 3626 2431 Χριστοῦ
3656 2362 3719 2416 τὸ

2138 2457 2197 2509 ὲν
2236 2455 2369 2527 ὀρθῇ
2411 2454 2595 2507 πίστει
2633 2453 2980 2526 διαπρέπειν,
3015 2453 3157 2507 οὕτω
3195 2470 3256 2507 τε
3289 2453 3563 2508 διδάσκειν
3588 2456 3719 2518 τοὺς

2140 2547 2244 2601 ὑπὸ
2273 2549 2430 2616 χεῖρα
2452 2545 2631 2607 λαούς.
2660 2545 2814 2599 Οὕτω
2835 2545 3013 2599 τοίνυν
3040 2544 3255 2615 ἔχοντος
3274 2542 3370 2596 τοῦ
3397 2544 3716 2614 πράγματος

2140 2638 2282 2691 κατὰ
2310 2638 2373 2691 τὸ
2405 2638 2735 2709 παρῳχηκὸς
2766 2638 2886 2701 ἔτος
2920 2639 2984 2690 ἐκ
3018 2636 3386 2705 θεσπίσματος
3424 2636 3533 2687 τῶν
3561 2636 3717 2688 εὐσε-

2140 2729 2417 2782 ϐεστάτων
2454 2730 2552 2782 καὶ
2599 2728 2958 2798 φιλοχρίστων
2992 2726 3278 2797 βασιλέων,
3331 2726 3461 2794 ἁγία
3504 2725 3718 2789 σύνοδος

2141 2818 2567 2889 θεοφιλεστάτων
2616 2818 2933 2885 ἐπισκόπων
2965 2816 3205 2887 συνήχθη
3237 2816 3379 2869 κατὰ
3417 2814 3515 2887 τὴν
3558 2816 3718 2885 Ἐφε-

2143 2909 2274 2963 σίων
2329 2907 2678 2980 μητρόπολιν,
2737 2907 2835 2976 τῆς
2889 2906 3030 2961 κατὰ
3080 2907 3374 2979 Νεστόριον
3415 2904 3721 2969 ὑποθέσεως

2143 3001 2321 3071 χάριν·
2348 3001 2398 3052 οἳ
2432 2999 2527 3052 καὶ
2562 2996 3020 3068 συνεδρεύσαντες
3054 2996 3170 3067 ἅμα
3202 2998 3315 3059 τοῖς
3340 2996 3722 3048 ἀποσταλεῖσιν

2142 3093 2379 3155 έκδίκοις
2399 3088 2653 3163 παρὰτοῦ
2678 3089 2778 3158 τῆς
2799 3087 3073 3159 μακαρίας
3099 3088 3321 3159 μνήμης
3350 3086 3720 3148 Κοιλεστίνου.

461 3185 645 3240 missis
685 3185 827 3239 facto
857 3200 1141 3249 consessu,
1182 3183 1327 3237 dicta
1352 3183 1713 3252 depositionis
1745 3184 2037 3248 sententia,

2145 3183 2235 3238 τοῦ
2272 3159 2567 3254 γενομένου
2606 3180 2907 3235 ἐπισκόπου
2940 3181 3041 3250 τῆς
3070 3176 3245 3247 ἁγίας·
3268 3178 3552 3250 Ῥωμαίων
3601 3179 3724 3231 Ἐκ-

462 3276 745 3346 ejecerunt
790 3283 1156 3329 memoratum
1194 3272 1533 3337 Nestorium,
1571 3282 1633 3327 ut
1664 3273 1758 3343 qui
1813 3272 2041 3343 profana

466 3374 713 3421 uteretur
740 3366 1011 3431 doctrina,
1034 3374 1090 3420 et
1113 3366 1303 3419 multis
1324 3365 1581 3421 seandalo
1620 3374 1786 3429 esset,
1826 3381 1889 3421 ac
1930 3381 2040 3421 non

464 3468 613 3514 recte
649 3459 797 3515 circa
845 3458 1008 3513 ﬁdem
1054 3460 1382 3515 ambularet.
1423 3459 1561 3513 Cum
1584 3456 1730 3514 'vero
1768 3468 1824 3514 et
1852 3475 1952 3513 nos
1976 3474 2042 3514 eo

463 3563 945 3619 preperassemus,
993 3564 1107 3602 rem
1158 3549 1499 3605 invenientes
1543 3548 1866 3611 confectam,
1900 3563 2042 3618 aegre

467 3639 713 3692 tulimus.
754 3639 867 3693 Hac
908 3639 976 3693 de
1025 3655 1189 3695 causa
1239 3656 1362 3693 cum
1402 3639 1545 3697 inter
1587 3656 1688 3694 nos
1713 3649 1769 3694 et
1800 3649 2042 3694 sanctam

464 3730 732 3800 synodum
759 3731 1131 3784 controversia
1161 3724 1582 3795 intercessisset,
1614 3747 1678 3785 ac
1708 3731 1877 3785 multa
1896 3732 2043 3785 ultro

465 3820 712 3888 citroque
747 3819 893 3873 dicta
937 3829 993 3873 et
1029 3820 1168 3874 facta
1195 3830 1403 3884 essent,
1436 3820 1502 3877 ad
1535 3830 1752 3875 nostras
1774 3818 2045 3875 Ecclesias

466 3923 530 3962 ac
564 3908 813 3966 civitates
856 3910 1064 3963 reversi
1103 3924 1292 3963 sumus
1321 3950 1334 3972 ,
1382 3924 1561 3978 neque
1607 3925 1705 3978 per
1739 3908 1793 3962 id
1828 3918 2045 3981 tempus

465 4005 698 4050 eatenus
738 3998 1119 4051 consensimus
1172 4005 1372 4051 sancta:
1426 3999 1661 4069 synodo,
1714 4008 1775 4052 ut
1822 4000 2046 4069 prolatae

466 4086 729 4141 adversus
756 4087 1071 4143 Nestorium
1103 4086 1467 4157 depositionis
1498 4089 1785 4144 sententiae
1804 4088 2046 4143 subscri-

467 4178 742 4234 heremus.

534 4368 592 4423 2.
623 4367 759 4423 Cum
785 4367 1043 4423 Ecclesia:
1068 4368 1124 4422 in
1148 4383 1343 4438 graves
1372 4368 1674 4424 discordias
1698 4366 2042 4431 incidissent,

466 4460 687 4530 quando
715 4476 907 4515 omnes
925 4461 977 4515 id
992 4460 1225 4515 maxime
1258 4477 1450 4516 curare
1481 4460 1790 4531 oportebat,
1812 4474 2045 4529 quomo-

468 4553 561 4617 do,
587 4553 737 4607 omni
761 4553 1073 4609 animorum
1098 4553 1441 4608 dissensione
1466 4538 1702 4616 sublata,
1729 4551 1796 4605 ad
1816 4567 2046 4605 concor-

467 4644 614 4699 diam
635 4644 1063 4707 adducerentur,
1079 4653 1242 4713 atque
1266 4652 1326 4697 ut
1345 4643 1451 4697 hoc
1470 4643 1624 4697 ﬁeret
1647 4641 2043 4712 religiosissimi

472 4752 537 4790 ac
561 4737 675 4791 Deo
697 4735 1058 4791 amantissimi
1085 4750 1241 4805 reges
1270 4735 1343 4805 (Ir)
1379 4735 1789 4804 przecepissent,
1817 4735 2045 4805 ejusque

468 4828 547 4884 rei
568 4829 740 4899 gratia
772 4829 1123 4899 spectabilem
1149 4828 1430 4882 tribunum
1461 4836 1517 4882 ct
1537 4828 1811 4883 notarium
1833 4827 2045 4882 Aristo-

565 4990 616 5058 l)
642 4988 858 5058 Scripta
888 4986 1034 5041 circa
1057 4988 1280 5058 initium,
1299 4986 1429 5058 anni
1458 4986 1580 5039 455.

563 5055 618 5125 2)
674 5055 832 5115 Anno
872 5058 997 5120 431,
1042 5058 1189 5113 Junii
1223 5057 1293 5111 29.
1334 5056 1445 5119 die,
1484 5058 1724 5125 primum
1785 5055 2043 5109 convenit

466 5125 743 5198 Ephesina
787 5128 1047 5198 synodus.
1096 5128 1194 5198 Exi
1220 5126 1610 5198 quo_sequitur
1633 5135 1713 5198 ut,
1749 5125 1794 5177 si
1822 5126 2042 5198 elapsus

467 5195 644 5254 annus
675 5200 773 5252 hic
808 5195 1141 5252 memoratus
1185 5195 1573 5267 intelligendus
1620 5196 1693 5249 sit
1736 5196 2037 5264 proximus,

468 5268 584 5322 lliBC
619 5268 849 5336 epistola
877 5267 945 5320 ad
981 5284 1183 5322 annum
1220 5268 1325 5321 452
1353 5265 1645 5336 pertineat.

539 5336 615 5406 ('5)
650 5332 759 5390 Seu
794 5337 861 5406 ad
899 5336 1134 5406 litteram
1175 5332 1439 5399 Graaca'm,
1474 5334 1849 5406 defensoribus.
1876 5332 2041 5406 Quia

465 5405 764 5478 Caelestino
796 5405 864 5478 ad
903 5405 1234 5478 Ephesinam
1277 5405 1547 5478 synodum
1594 5405 1758 5478 missi
1786 5414 1934 5469 sunt,
1986 5405 2041 5478 in

466 5475 670 5554 Graecis
714 5474 886 5554 ipsius
917 5476 1134 5554 concilii
1184 5474 1323 5530 actis
1364 5474 2041 5554 nursquam_€x6txor,__scd

468 5561 599 5598 voce
630 5543 822 5599 Latina
846 5543 1050 5599 Gmcis
1081 5543 1500 5601 accommodata
1515 5546 1740 5617 ληγάτοι
1760 5545 2040 5615 appellan-

535 5700 600 5760 (‘l
628 5699 698 5749 Ex
724 5696 943 5765 editione
970 5698 1026 5748 P.
1064 5696 1331 5749 Constantii
1368 5695 1516 5760 Epist.
1560 5700 1692 5747 Rom.
1731 5704 1861 5762 pom.

2143 3274 2393 3345 κλησίας,
2422 3273 2589 3344 ψήφῳ
2619 3271 2995 3343 καθαιρέσεως
3027 3270 3433 3341 ὑποῦεὖλήκασι
3466 3270 3556 3323 τὸν
3587 3286 3724 3339 μνη·

2147 3367 2475 3440 μονευθέντα
2502 3367 2820 3440 Νεστόριον,
2870 3364 2944 3428 ὼς
2984 3364 3195 3436 βεϐήλῳ
3225 3363 3544 3434 διδασκαλίᾳ
3577 3362 3712 3433 χρώ-

2148 3478 2331 3532 μενον,
2366 3458 2463 3514 καὶ
2490 3457 2924 3512 σκανδαλίσαντα
2958 3456 3217 3520 πολλοὺς,
3248 3455 3342 3509 καὶ
3366 3455 3466 3508 οὐκ
3495 3455 3723 3524 ὀρθοπο-

2143 3554 2366 3606 δίσαντα
2412 3550 2541 3621 περὶ
2586 3549 2686 3620 τὴν
2728 3548 2931 3602 πίστιν.
2974 3546 3486 3617 Συνδεδραμηκότες
3527 3545 3584 3598 δὲ
3627 3546 3723 3598 καὶ

2146 3646 2306 3716 ἡμεῖς
2326 3684 2341 3708 ,
2387 3638 2505 3696 εἶτα
2546 3640 2705 3694 τοῦτο
2749 3639 2973 3709 γεγονὸς
3024 3640 3278 3710 εὑρόντες
3297 3679 3313 3702 ,
3347 3637 3719 3709 λελυπήμεθα.

2148 3736 2363 3805 Ταύτης
2385 3734 2550 3788 ’ἑνεκα
2568 3732 2668 3802 τῆς
2690 3732 2887 3797 αἰτίας,
2911 3731 3172 3802 διαφορᾶς
3199 3729 3402 3800 μεταξὺ
3424 3728 3727 3799 γενομένης

2145 3830 2179 3899 ἡ
2190 3828 2306 3899 μῶν
2332 3845 2392 3879 τε
2423 3826 2517 3880 καὶ
2552 3825 2651 3895 τῆς
2684 3824 2846 3893 ἁγίας
2879 3824 3118 3886 συνόδου,
3148 3822 3243 3877 καὶ
3280 3822 3488 3875 πολλῶν
3518 3820 3722 3892 μεταξὺ

2147 3918 2555 3990 πεπραγμένων
2601 3934 2661 3971 τε
2710 3916 2804 3969 καὶ
2845 3915 3171 3987 εἰρημένων,
3231 3915 3313 3979 είς
3368 3913 3467 3975 τὰς
3515 3912 3725 3967 ἑαυτῶν

2160 4009 2486 4079 Ἐκκλησίας
2512 4024 2571 4061 τε
2603 4007 2698 4061 καὶ
2731 4006 2914 4069 πόλεις
2943 4004 3382 4076 ὑπεστρέψαμεν,
3418 4004 3478 4060 οὺ
3511 4020 3725 4058 συνενε-

2146 4099 2367 4171 χθέντες
2390 4098 2452 4150 τὸ
2478 4096 2782 4167 τηνικαῦτα
2808 4099 2874 4167 τῇ
2907 4097 3039 4166 ἁγίᾳ
3076 4096 3279 4166 συνόδῳ
3304 4095 3368 4148 δι’
3401 4092 3725 4165 ὑπογραφῆς

2147 4195 2228 4256 εἰς
2274 4192 2375 4262 τὴν
2417 4189 2799 4260 ὲξενεχθεῖσαν
2837 4188 2977 4242 κατὰ
3023 4188 3320 4259 Νεστορίου
3353 4186 3725 4259 καθαιρέσεως

2145 4282 2342 4351 ψῆφον-

2217 4371 2574 4445 Διῃρημένων
2638 4368 2774 4440 πρὸς
2840 4367 3105 4437 διχόνοιαν
3178 4369 3288 4421 τῶν
3368 4368 3729 4438 Ἐκκλησιῶν,

2149 4462 2336 4532 ἐπειδὴ
2358 4461 2547 4514 τούτου
2574 4461 2807 4531 μάλιστα
2831 4461 3039 4523 πάντας
3061 4461 3342 4531 φροντίσαι
3370 4460 3558 4531 ἐχρῆν,
3580 4460 3728 4521 ὅπως

2150 4554 2491 4623 συναφϐεἰεν,
2523 4555 2585 4606 ἐκ
2629 4554 2795 4624 μέσου
2832 4553 3135 4622 γενομένης
3179 4552 3448 4622 διχονοίας
3484 4551 3726 4621 ἁπάσης.

2150 4647 2245 4699 καὶ
2287 4645 2394 4698 τῶν
2444 4644 2877 4698 θεοσεϐεστάτων
2922 4644 3018 4698 καὶ
3060 4644 3418 4715 φιλοχρίστων
3464 4643 3729 4713 βασιλέων

2151 4736 2284 4788 αὐτὸ
2328 4734 2392 4805 δὴ
2426 4734 2583 4788 τοῦτο
2612 4737 2866 4805 γενέσθαι
2902 4735 3298 4797 Θεσπισάντων,
3332 4734 3425 4788 καὶ
3457 4736 3538 4797 εἰς
3568 4731 3731 4786 τοῦτο

2151 4829 2518 4897 πεπομφότων
2550 4827 2641 4879 τὸν
2688 4828 2990 4898 θαυμάσιον
3023 4824 3302 4896 τριϐοὖνον
3348 4825 3445 4878 xal.
3478 4824 3730 4897 νοτάριον

2152 4991 2264 5053 tur.
2322 4984 2641 5053 Quanquam
2684 5000 2808 5039 cum
2856 4986 3003 5041 missi
3055 4986 3166 5040 sint
3208 4990 3269 5036 ut
3319 4980 3649 5053 sententiam
3698 4995 3729 5033 a

2150 5050 2447 5125 leestino
2470 5050 2731 5109 adversus
2756 5056 3066 5110 Nestorium
3087 5055 3352 5125 prolatam
3371 5050 3736 5107 defenderent

2151 5138 2215 5177 ac
2238 5124 2601 5189 vindicarent,
2633 5125 2835 5178 ἔκδικοι
2859 5142 2965 5179 non
2995 5124 3136 5180 male
3158 5130 3446 5177 vocantur.
3562 5180 3565 5183 λ

2226 5192 2317 5265 (ιι),
2344 5195 2416 5265 Ea
2439 5188 2648 5265 scilicet
2678 5210 2851 5257 sacra,
2876 5211 2996 5265 quae
3025 5213 3080 5250 ιιι
3121 5201 3265 5264 part.
3296 5190 3496 5265 concil.
3525 5188 3731 5265 Ephes.

2151 5260 2365 5334 αφ’ἳῶ
2395 5264 2648 5334 habetur,
2675 5260 2948 5334 quamque
2980 5260 3266 5334 excipiunt
3300 5262 3421 5334 alia:
3449 5260 3572 5313 dua:
3598 5260 3731 5327 (una

2149 5330 2411 5387 nimirum
2436 5334 2503 5387 ad
2545 5330 2878 5397 Simeonem,
2911 5346 2967 5390 et
2995 5335 3063 5390 ad
3088 5330 3346 5390 Acacium
3379 5330 3733 5384 Bermensem

2149 5403 2366 5475 altera),
2393 5404 2599 5475 quibus
2622 5404 2966 5460 Theodosius
2984 5420 3177 5475 eorum
3202 5416 3394 5475 preces
3426 5408 3481 5455 et
3504 5412 3733 5467 operam

2149 5471 2383 5543 regatut
2413 5471 2654 5530 Joannes
2677 5489 2741 5529 ac
2780 5475 2915 5529 socii
2956 5474 3023 5529 ad
3068 5471 3420 5530 concordiam
3462 5482 3731 5524 revocen-

2150 5553 2258 5597 tur.
3036 5554 3045 5565 ’
