4028 6208
326 318 437 373 165

1672 318 2010 378 EPISTOLA
2061 319 2299 413 XXXVI.

3506 327 3606 390 165

342 424 709 497 Ἀριπόλαον.
747 423 1048 498 συνήρεσεν
1068 423 1149 489 είς
1170 424 1449 497 ἀναίρεσιν
1482 427 1663 499 πὰσης
1688 429 1914 498 φιλονει-

2030 432 2178 487 laum
2209 432 2487 488 misissent
2514 452 2530 502 ;
2564 451 2666 492 nos
2699 437 2803 508 ipsi
2844 455 3085 511 quoque,
3114 451 3175 497 ut
3209 442 3391 499 omnis
3417 458 3449 499 e
3486 461 3607 502 me-

333 520 492 583 κίας,
528 520 618 571 καὶ
649 516 794 589 ὗπὲρ
831 517 927 570 τοῦ
962 518 1067 588 τὴν
1120 517 1346 589 εἰρήνην
1390 518 1760 591 βραϐευθῆναι
1802 524 1923 586 ταῖς

347 605 699 676 Ἑκκλησίαις
727 606 825 658 τοῦ
853 605 1014 672 Θεοῦ,
1062 607 1157 660 καὶ⁸
1202 607 1352 677 ημᾶς
1388 607 1587 671 αὐτοὺς
1631 609 1922 665 συνθέσθαι

331 699 453 769 τῇδε
479 698 647 772 ψήφῳ
676 697 775 768 τῆς
811 698 973 766 ἁγίας
1008 698 1226 751 συνόδου
1248 737 1264 763 ,
1293 700 1361 769 τῇ
1395 699 1739 773 ὲξενεχθείση
1781 702 1925 757 κατὰ

326 788 647 859 Νεστορίου,
685 787 832 858 ἔχειν
858 805 917 841 τε
946 788 1112 842 αὐτὸν
1139 788 1550 861 καθῃρημένον,
1603 793 1696 846 καὶ
1727 792 1925 847 ἀναθε-

323 880 557 951 μτίσαι
608 878 713 942 τὰς
743 879 1064 951 δυσφήμους
1109 879 1276 934 αὑτοῦ
1306 881 1690 948 διδασκαλίας,
1729 882 1817 937 διὰ
1859 883 1921 937 τὸ

316 972 419 1034 τὰς
448 971 588 1042 παρ’
616 974 756 1041 ἡμῖν
799 970 1130 1043 Ἐκκλησίας
1158 972 1260 1042 τὴν
1290 972 1457 1043 ὀρθὴν
1483 974 1570 1027 ἀεὶ
1596 975 1690 1037 καὶ
1716 974 1920 1045 ἀϐέϐη-

316 1060 408 1114 λον
448 1059 760 1132 ἐσχηκέναι
787 1060 990 1123 πίστιν,
1027 1060 1173 1115 κο.θὰ
1198 1062 1295 1114 καὶ
1321 1064 1353 1133 ἡ
1385 1062 1630 1135 ὑμετέρα
1665 1064 1915 1135 ὁσιότης,

317 1151 417 1205 καὶ
439 1150 661 1223 ταύτην
687 1152 777 1205 ἀεὶ
802 1150 1095 1221 φυλάττειν
1121 1152 1217 1207 καὶ
1243 1154 1501 1225 παραδιδό
1514 1172 1592 1208 ιαι
1611 1158 1722 1220 τοῖς
1742 1155 1915 1221 λαοῖς.

316 1241 700 1313 Συναινοῦμεν
728 1242 787 1296 δὲ
811 1242 905 1296 καὶ
937 1245 1006 1314 τῇ
1038 1243 1345 1315 χειροτονίᾳ
1374 1244 1470 1298 τοῦ
1494 1245 1792 1301 ὁσιωτάτου
1825 1247 1920 1300 καὶ

316 1320 755 1389 θεοᾶεὸεστὰτου
786 1335 886 1406 τῆς
924 1336 1577 1393 Κωνσταντινουπολιτῶν
1603 1339 1762 1408 ἁγίας
1789 1341 1918 1394 Ἐκο

316 1426 563 1496 κλησίας
587 1427 889 1481 ἐπισκόπου
912 1428 1278 1498 Μαξιμιανοῦ,
1304 1430 1398 1485 καὶ
1422 1432 1733 1488 κοινωνικοὶ
1753 1432 1918 1487 πᾶσίν

317 1519 497 1589 ἐσμεν
523 1521 643 1584 τοῖς
663 1520 804 1574 κατὰ
820 1520 920 1591 τὴν
937 1520 1263 1595 οἰκουμένην
1280 1522 1717 1589 θεοσεὸεστὰτοις
1740 1524 1920 1596 ἔχουσί

318 1628 387 1665 τε
413 1612 517 1666 καὶ
544 1612 777 1684 τηροῦσι
810 1612 1015 1667 πίστιν.

2025 520 2119 576 dio
2136 521 2423 578 tolleretur
2445 527 2727 582 contentio
2752 537 2916 600 atque
2934 531 3198 587 Ecclesiis
3221 533 3318 588 Dei
3348 549 3454 604 pax
3484 536 3611 591 red-

2025 613 2271 680 deretur,
2314 616 2663 675 decrevimus
2702 633 2904 677 sancta:
2947 624 3142 693 synodi
3180 628 3468 684 sententia:
3506 629 3607 684 ad-

2027 721 2222 762 versus
2292 708 2607 765 Nestorium
2673 713 2901 782 prolatae
2952 716 3256 781 assentire,
3316 717 3608 790 ipsumque

2026 796 2233 853 habere
2270 815 2371 869 pro
2411 801 2684 872 deposito,
2709 813 2767 860 et
2801 805 3149 876 blasphemas
3180 809 3302 880 ejus
3327 809 3610 869 doctrinas

2027 890 2492 948 anathematizare
2520 912 2533 947 :
2563 910 2632 950 eo
2661 897 2808 966 quod
2838 907 3042 955 nostra:
3071 900 3349 968 Ecclesiae,
3374 903 3606 973 perinde

2027 996 2092 1036 ac
2119 991 2302 1037 vestra
2337 985 2620 1052 sanctitas,
2651 997 2856 1043 rectam
2889 1005 3108 1061 semper
3141 1001 3198 1049 et
3223 993 3495 1049 sinceram
3524 995 3603 1067 (l)

2026 1071 2322 1129 habuerint
2348 1072 2535 1141 ﬁdem,
2559 1092 2793 1148 eamque
2818 1084 3402 1152 semperservaverint
3425 1100 3489 1139 ac
3508 1102 3606 1155 po—

2025 1162 2172 1231 pulis
2236 1163 2587 1221 tradiderint.
2653 1167 3000 1225 Assentimur
3048 1173 3214 1227 etiam
3264 1173 3602 1231 ordinationi

2024 1252 2333 1312 Maximiani
2383 1259 2709 1314 sanctissimi
2746 1270 2803 1315 et
2838 1262 3232 1333 religiosissimi
3264 1274 3465 1320 sancta:
3495 1267 3601 1322 Ec-

2022 1346 2203 1401 clesia:
2242 1347 2862 1422 Constantinopolitanae
2896 1355 3160 1426 episcopi,
3187 1367 3391 1412 etcum
3422 1359 3602 1413 omni-

2022 1436 2128 1492 bus
2167 1439 2335 1496 totius
2371 1441 2527 1496 orbis
2568 1443 2997 1513 religiosissimis
3026 1448 3318 1517 episcopis,
3361 1448 3600 1519 quicun-

2022 1544 2130 1599 que
2171 1530 2334 1586 ﬁdem
2369 1534 2733 1590 orthodoxam
2768 1545 2826 1592 et
2858 1537 3261 1597 immaculatam
3302 1541 3504 1598 habent
3533 1555 3598 1597 ac

2022 1630 2263 1689 servant,
2289 1626 2838 1685 commmunicamus.

1386 1858 1544 1930 ιοο
1576 1857 1913 1916 EPISTULA
1948 1862 2167 1920 xxxvx
2207 1865 2299 1936 (οι.
2339 1865 2581 1939 xxxn).

322 1974 649 2065 Δι’ϐελέοςῖ
672 1971 971 2065 ἐπέδοθεξε
1016 1971 1113 2065 τῷλ
1146 1972 1595 2065 ἀρχιξὲιςκόπφ
1637 1978 1914 2065 Κιίρίῖιλῳ

2022 1979 2253 2065 Libellus
2299 1999 2452 2065 quem
2498 1982 2701 2065 Paulus
2732 1982 3348 2065 .episcolinsmEmisenus
3397 1984 3598 2065 C_yri_llo

396 2043 563 2111 παρὰ
595 2044 844 2097 Παύλου
892 2042 1231 2113 ἐπισκόπου
1286 2042 1573 2113 Ἐμέσης,
1619 2042 1737 2100 τοῦ
1769 2042 1915 2101 dao-

395 2110 741 2179 σταλέντος
759 2112 919 2182 παρὰ
939 2113 967 2152 ιι
993 2110 1264 2168 Ἰωάννου
1286 2110 1651 2183 ’A'rttozclac
1667 2117 1916 2171 ἐπισκό-

396 2200 544 2238 που.

399 2294 497 2365 Τῷ
524 2294 758 2365 δεσπότῃ
793 2310 894 2365 μου
925 2291 1004 2364 τῷ
1036 2291 1255 2347 πάντων
1286 2293 1450 2349 ἕνεκα
1476 2295 1789 2368 ἁγιωτάτῳ,
1820 2313 1915 2351 και

325 2384 617 2458 ὁσιωτάτῳ
648 2385 1067 2457 ἁρχιεπισκόπῳ
1104 2385 1392 2458 Κυρίλλῳ,
1430 2386 1641 2451 Παῦλος
1687 2386 1914 2442 ἐπίσκο-

328 2497 450 2543 πος,
485 2481 546 2534 ὲν
575 2478 772 2550 Κυρίῳ
796 2478 1033 2550 χαίρειν.
1358 2534 1389 2555 Ι

395 2572 464 2624 Ui
506 2570 894 2623 εὐλαϐέστατοι
916 2568 1013 2621 καὶ
1039 2567 1339 2622 καλλίνικοι
1369 2567 1527 2639 ἡμῶν
1550 2567 1812 2639 βασιλεῖς,
1843 2568 1914 2638 ἢν

328 2661 541 2717 ἄνωθεν
581 2660 732 2732 ἔχειν
764 2658 977 2724 ἀξιοῦσι
1022 2659 1258 2730 σπουδὴν
1296 2659 1394 2714 καὶ
1428 2658 1745 2730 ἐπιμέλειαν
1782 2660 1913 2728 περὶ

327 2755 390 2808 τὸ
434 2753 707 2823 ὖπήκοον,
753 2752 851 2805 καὶ
879 2750 1114 2822 μάλιστα
1154 2751 1286 2822 περὶ
1311 2750 1412 2811 τὰς
1441 2750 1602 2819 ἁγίας
1640 2749 1736 2804 τοῦ
1775 2749 1913 2804 Θεοῦ

339 2844 700 2915 Ἑκκλησίας,
727 2845 823 2897 καὶ
843 2842 942 2915 τὴν
967 2842 1186 2914 εὐσεϐῆ,
1212 2842 1305 2895 καὶ
1325 2841 1611 2915 εἱλικρωῆ,
1634 2841 1730 2896 καὶ
1749 2840 1913 2913 ὀρθὴν

330 2936 541 3001 πίστιν,
593 2936 663 3006 ἢν
704 2936 770 2989 ὲκ
813 2934 1066 3006 πατέρων
1099 2933 1431 3001 διεδέξαντο,
1478 2933 1910 3004 ἐνδεικνύμενοι,

330 3026 572 3097 γράμμα
614 3023 927 3095 ἐξέπεμψαν
953 3023 1041 3078 διὰ
1073 3022 1169 3077 τοῦ
1197 3021 1562 3094 περιὸλέπτου
1592 3021 1875 3093 τριϐούνου
1895 3061 1910 3087 ,

328 3118 429 3171 καὶ
444 3115 701 3186 νοταρίου
737 3114 1111 3186 ’Δριστολὰου,
1136 3114 1274 3185 πρός
1299 3131 1360 3167 τε
1380 3113 1480 3185 τὴν
1510 3114 1612 3184 σὴν
1636 3114 1910 3185 ὁσιότητα,

334 3208 433 3261 καὶ
466 3207 608 3278 πρὸς
637 3207 726 3261 τὸν
751 3205 1047 3261 ὁσιώτατον
1071 3207 1165 3260 καὶ
1183 3204 1486 3275 ἁγιώτατον
1518 3205 1770 3275 Ἰωάννην
1797 3205 1915 3258 ἐπί-

338 3316 579 3363 σκοπον,
609 3300 699 3351 καὶ
728 3298 858 3370 πρὸς
892 3298 988 3351 τὸν
1018 3297 1313 3355 ὁσιώτατον
1341 3296 1439 3351 καὶ
1472 3296 1775 3365 ἁγιώτατον
1803 3312 1913 3350 πα-

338 3392 484 3464 τέρα
515 3389 667 3460 ήμῶν
700 3389 974 3456 Ἀκὰκιον,
1004 3390 1098 3444 τὸν
1131 3389 1429 3444 ἐπίσκοπον
1464 3389 1562 3460 τῆς
1590 3387 1910 3461 Βερῤοιέων,

333 3482 399 3536 τὸ
426 3481 672 3547 κελεῦον,
714 3480 853 3535 ὥστε
894 3481 1248 3545 συνελθόντας
1285 3481 1319 3552 ἢ
1360 3480 1504 3534 κατὰ
1528 3480 1838 3552 πρόσωπον,
1878 3478 1911 3551 ἢ

333 3575 476 3629 κατὰ
500 3572 751 3645 γνώμην,
787 3573 941 3627 λύσιν
969 3575 983 3614 ί
1026 3573 1208 3627 δοῦναι
1232 3574 1354 3636 ταῖς
1386 3571 1760 3641 ἀνακοψὰσαις
1796 3569 1913 3624 δια-

334 3670 529 3740 φοραῖς
576 3665 781 3737 μεταξὺ
814 3666 923 3720 τῶν
962 3664 1392 3735 θεοφιλεστὰτων
1431 3663 1766 3726 ἐπισκόπων,
1804 3659 1914 3715 τῶν

336 3759 414 3823 εἰς
453 3758 555 3828 τὴν
595 3757 833 3825 Ἔφεσον
881 3754 1341 3819 συνεληλυθότων,
1382 3754 1476 3807 καὶ
1517 3753 1674 3824 ἡμῶν
1708 3750 1911 3817 αὐτῶν,

338 3853 429 3905 καὶ
469 3851 597 3913 ταῖς
627 3848 810 3917 ἁγίαις
838 3848 930 3902 τοῦ
967 3847 1101 3902 Θεοῦ
1159 3846 1505 3917 Ἐκκλησίαις
1535 3845 1634 3917 τὴν
1676 3843 1755 3914 τῷ
1794 3842 1915 3913 Θεῷ

336 3943 497 4011 σίλην
521 3942 749 4012 εἰρήνην
778 3937 1409 4017 πρυτανεῦσαικπαῦσαί
1439 3954 1497 3989 τε
1524 3936 1623 3999 τὰς
1646 3934 1915 4007 ὁσημέραι

334 4033 698 4101 ἐγγινομένας
728 4030 975 4102 ταραχὰς
1015 4032 1133 4094 ταῖς
1159 4029 1346 4098 ἁγίαις
1372 4027 1466 4081 τοῦ
1504 4027 1641 4080 Θεοῦ
1688 4026 1916 4096 Ἐκκλη-

336 4126 514 4189 σίαις,
549 4122 842 4177 συνθέσθαι
883 4122 899 4173 i
930 4139 991 4175 τε
1017 4124 1086 4194 τῇ
1110 4120 1407 4193 Νεστορίου
1437 4118 1789 4189 καθαιρέσει,
1819 4116 1915 4171 καὶ

337 4214 735 4285 ἁναθεματίσαι
758 4211 860 4281 τὴν
900 4209 1109 4284 φαύλην
1151 4208 1314 4265 αὐτοῦ
1352 4206 1715 4261 διδασκαλίαν.
1750 4205 1916 4270 Δεξά-

339 4321 495 4373 μενοι
518 4298 612 4357 οὖν
642 4302 706 4357 τὺ
746 4301 967 4366 εὐσεϐὲς
991 4300 1150 4355 τοῦτο
1178 4300 1271 4355 καὶ
1308 4299 1652 4370 φιλόχριστον
1679 4299 1914 4368 γράμμα

333 4396 364 4448 ὃ
395 4413 454 4450 τε
488 4395 893 4468 προειρημένος
921 4394 1076 4463 ἅγιος
1113 4392 1387 4462 Ἰωάννης,
1426 4389 1525 4444 καὶ
1550 4391 1579 4441 ὁ
1598 4386 1913 4458 ἁγιώτατος

336 4490 634 4553 ὲπῖσκοπος
676 4487 947 4552 ⁹Δκὰκιος,
975 4487 1071 4541 καὶ
1102 4483 1469 4554 λογισάμενοι,
1499 4481 1576 4545 ώς
1602 4480 1720 4534 ἐστι
1746 4478 1917 4534 πολλὰ

335 4579 572 4649 δεόμενα
600 4580 702 4650 τῆς
733 4577 875 4633 κατὰ
901 4579 1192 4649 πρόσωπον
1219 4575 1374 4646 ὐμῶν
1405 4571 1715 4643 συντυχίας,
1746 4571 1827 4635 είς
1852 4570 1915 4624 τὸ

2092 2051 2476 2122 archiepiscopo
2499 2051 2863 2108 Alexandrino
2891 2051 3100 2117 obtulit,
3124 2072 3155 2107 a
3184 2054 3392 2109 Joanne
3408 2051 3597 2112 A'ntio-

2092 2124 2254 2176 cheno
2290 2124 2529 2194 episcopo
2549 2123 2759 2177 missus.

2090 2299 2322 2355 Domino
2353 2314 2476 2355 meo
2514 2315 2616 2370 per
2652 2300 2839 2356 omnia
2879 2280 3229 2359 sanctissimo
3253 2308 3310 2358 et
3335 2304 3594 2361 sacratis-

2020 2388 2161 2444 simo
2207 2389 2624 2461 archiepiscopo
2669 2389 2893 2462 Cyrillo,
2933 2392 3141 2448 Paulus
3189 2393 3503 2465 episcopus,
3539 2395 3597 2450 in

2020 2480 2253 2536 Domino
2276 2480 2529 2535 salutem.

2092 2572 2513 2645 Religiosissimi
2540 2571 2996 2644 invictissimique
3031 2574 3391 2646 imperatores
3421 2577 3596 2634 nostri

2016 2679 2207 2720 curam
2244 2679 2310 2719 ac
2357 2663 2510 2734 101
2547 2664 2996 2730 sollicitudinem,
3026 2681 3191 2734 quam
3220 2668 3331 2737 jam
3372 2667 3500 2724 inde
3528 2669 3598 2723 ab

2021 2756 2179 2811 initio
2236 2755 2385 2810 circa
2438 2754 2710 2819 subditos,
2758 2756 2993 2810 maxime
3030 2772 3163 2812 vero
3191 2757 3339 2812 circa
3378 2766 3598 2814 sanctas

2019 2847 2118 2901 Dei
2160 2846 2432 2903 Ecclesias
2474 2846 2817 2912 habuerunt,
2881 2844 3256 2913 declarantes,
3316 2846 3595 2919 fidemque

2018 2951 2183 3008 quam
2222 2952 2254 2992 a
2285 2936 2584 3008 majoribus
2617 2944 2997 3007 susceperunt,
3028 2936 3197 3007 piam,
3247 2945 3454 2994 rectam
3494 2940 3598 2994 mi-

2019 3029 2276 3100 nimeque
2329 3028 2691 3083 adulteratam
2746 3043 2865 3084 sese
2914 3028 3164 3084 obtinere
3210 3029 3594 3086 demonstran-

2021 3129 2124 3186 tes,
2192 3134 2295 3193 pcr
2350 3120 2536 3174 virum
2600 3117 2959 3189 spectabilem
3018 3118 3353 3174 Aristolaum
3410 3118 3592 3175 tribu-

2020 3227 2151 3267 num
2208 3226 2274 3267 ac
2316 3212 2593 3266 notarium
2638 3218 2695 3266 et
2736 3210 2805 3265 ad
2842 3218 2992 3267 tuam
3021 3211 3391 3278 sanctitatem,
3429 3221 3487 3268 et
3522 3212 3593 3268 ad

2020 3302 2425 3357 sanctissimum
2469 3316 2693 3372 quoque
2732 3310 2789 3356 et
2827 3302 3301 3373 religiosissimum
3323 3304 3592 3360 Joannem

2014 3394 2357 3465 episcopum,
2392 3402 2448 3449 et
2470 3393 2537 3448 ad
2568 3392 2976 3448 sanctissimum
3019 3406 3084 3448 ac
3122 3382 3613 3464 religiosissimum.

2014 3485 2234 3541 Patrem
2266 3495 2521 3541 nostrum
2546 3485 2804 3541 Acacium
2828 3484 3272 3540 Berrhmensium
3289 3486 3591 3542 antistitem

2013 3577 2224 3631 litteras
2242 3576 2532 3641 miserunt,
2553 3576 2752 3646 quibus
2776 3576 3124 3646 praecipiunt,
3150 3585 3232 3642 ut,
3253 3578 3341 3631 vel
3361 3592 3591 3647 corpore

2013 3668 2101 3722 vel
2151 3667 2346 3721 saltem
2401 3667 2570 3720 animi
2625 3665 2900 3721 sententia
2959 3666 3103 3720 inter
3153 3682 3255 3721 nos
3307 3675 3587 3734 coeuntes,

2013 3757 2419 3813 controversias
2458 3757 2581 3811 illas
2627 3757 2773 3811 inter
2814 3757 3247 3826 sapientissimos
3278 3758 3589 3830 episcopos,

2013 3850 2109 3920 qui
2152 3850 2206 3903 in
2242 3848 2519 3919 Ephesina
2552 3848 2772 3903 civitate
2808 3857 3205 3913 convenerunt,
3226 3859 3283 3905 et
3304 3866 3407 3906 nos
3425 3867 3587 3907 exor-

2014 3947 2117 4003 tas,
2149 3938 2427 3994 diluamus
2457 3947 2848 4009 acceptamque
2883 3939 2996 3993 Deo
3026 3953 3215 4009 pacem
3243 3941 3447 3997 sanctis
3469 3943 3589 4013 ejus

2013 4030 2277 4085 Ecclesiis
2296 4029 2673 4095 conciliemus,
2704 4030 2894 4085 turbas
2912 4030 3161 4100 quotidie
3181 4031 3238 4084 in
3258 4040 3473 4088 sanctas
3492 4033 3585 4088 Dei

2014 4120 2289 4177 Ecclesias
2322 4118 2678 4177 desaevientes
2712 4121 3115 4191 consopiamus,
3140 4137 3205 4178 ac
3229 4123 3467 4178 Nestorii
3497 4124 3591 4179 de-

2014 4211 2277 4283 positioni
2310 4211 2738 4278 consentiamus,
2779 4220 2835 4267 et
2863 4226 3175 4282 perversam
3207 4214 3355 4270 illius
3381 4212 3589 4271 doctri-

2012 4319 2139 4357 nam
2179 4303 2723 4359 anathematizemus.
2750 4303 2888 4359 Cum
2913 4304 3096 4375 itaque
3115 4305 3353 4363 Joannes
3374 4315 3430 4363 et
3450 4308 3588 4362 Aca-

2013 4394 2132 4449 cius
2148 4393 2477 4464 sanctissimi
2491 4395 2734 4473 episcopi
2752 4396 2850 4451 has
2863 4396 2986 4466 pias
2999 4412 3237 4467 vereque
3250 4398 3589 4453 Christianas

2014 4486 2226 4541 litteras
2260 4485 2622 4556 accepissent,
2660 4484 3064 4555 perpendentes
3105 4486 3275 4539 multa
3311 4501 3431 4541 esse
3467 4502 3589 4556 qua:

2012 4576 2360 4646 persomlem
2402 4588 2757 4645 congressum
2796 4577 3039 4629 vestrum
3069 4572 3405 4637 desiderent,
3431 4590 3501 4629 ne
3529 4576 3583 4629 in

341 4672 417 4742 μὴ
441 4671 657 4742 μακρὸν
688 4671 1004 4742 ἑντριϐἦναι
1032 4670 1059 4710 Ιι
1090 4671 1158 4741 τῇ
1184 4666 1459 4729 ὑποθέσει,
1485 4662 1815 4719 ἁπέστειλάν
1844 4678 1912 4732 με

2019 4664 2119 4719 hac
2156 4680 2217 4719 re
2250 4664 2483 4719 multum
2519 4664 2781 4734 temporis
2808 4672 3182 4727 consumatur,
3217 4677 3305 4717 me
3333 4662 3402 4716 ad
3435 4672 3585 4718 tuam

338 4758 474 4835 πρὸς
499 4763 601 4833 τὴν
621 4764 723 4834 σὴν
743 4760 1186 4833 ὁσιότητα,οῶστε
1209 4755 1665 4827 συσκοπῆσαίςσου
1683 4757 1749 4825 τῇ
1766 4753 1913 4823 ἀγιό·

339 4870 487 4923 τητι,
522 4853 645 4908 τίνα
675 4853 740 4925 δὴ
771 4854 974 4924 τρόπον
1018 4851 1087 4906 τὰ
1108 4852 1208 4922 τῆς
1254 4850 1480 4922 εἰρήνης
1506 4845 1707 4917 ὀφείλει
1735 4846 1912 4913 ἀσφα-

342 4942 455 5004 λῶς
485 4942 827 5015 διατεθῆναι,
859 4945 956 4997 καὶ
990 4945 1059 5014 τῇ
1093 4942 1291 5015 ἀρίστῃ
1321 4939 1495 5012 ταύτῃ
1523 4938 1721 5009 πράξει
1760 4936 1913 5000 τέλος

336 5031 404 5085 τὸ
428 5029 570 5096 δέον,
593 5033 688 5085 καὶ⁵
727 5032 1002 5097 λυσιτελὲς
1028 5029 1340 5102 ἐπιτεθῆναι
1366 5028 1408 5084 ι.
1447 5026 1647 5082 Ἐλθὼν
1681 5020 1793 5092 οῦν,
1821 5025 1916 5079 καὶ

2015 4756 2358 4810 sanctitatem
2397 4754 2688 4818 miserunt,
2719 4760 2783 4808 ut
2804 4752 2968 4808 simul
2997 4749 3352 4821 dispiciamus
3375 4766 3439 4805 ac
3458 4767 3585 4821 per-

2016 4853 2314 4899 tractemus
2332 4859 2567 4914 quanam
2591 4844 2802 4898 ratione
2825 4851 2882 4897 et
2901 4842 2985 4898 via
3007 4857 3111 4911 pax
3130 4841 3283 4895 ﬁrma
3304 4842 3585 4908 constitui,

2017 4935 2387 5007 praesentique
2429 4934 2641 5005 optimo
2680 4934 2901 5006 negotio
2954 4931 3288 4988 conveniens
3326 4932 3587 5002 utilisque

2020 5025 2146 5081 ﬁnis
2169 5026 2343 5096 possit
2376 5026 2603 5096 imponi.
2631 5026 2871 5082 Proinde
2902 5039 3027 5081 cum
3053 5023 3163 5079 huc
3182 5022 3475 5090 vcnlssem,
3506 5032 3587 5079 at-

1433 5186 1605 5244 Varia:
1628 5187 1894 5245 lectiones
1930 5186 2137 5244 codicis
2162 5187 2520 5259 Seguieriani.

408 5357 438 5398 ι
469 5355 870 5416 ἀποσταλέντες
904 5351 1073 5423 παρὰ.
1158 5353 1173 5392 ι
1215 5348 1368 5419 γοῦν.
1459 5362 1472 5400 ι
1515 5346 1909 5403 συντεθεῖσθαι.
1987 5347 2014 5387 ¹ι
2047 5347 2258 5420 μακρὸν
2287 5348 2476 5420 χρόνον
2494 5348 2824 5424 ὲντριβῆναι.
2906 5347 3248 5407 ιὲπιθεῖναι.

407 5498 486 5585 (Ι)
509 5513 684 5582 Quam
702 5523 837 5585 vere
865 5507 979 5585 hoc_
999 5502 1486 5585 asseratOJoannes,
1519 5500 1772 5585 dubitare
1792 5513 1895 5582 nos

334 5571 670 5640 non'sinunt
701 5579 874 5651 ipsius
913 5574 983 5651 ad
1010 5572 1321 5651 Nestorium
1357 5571 1552 5645 littera:
1573 5578 1699 5651 ante
1717 5571 1903 5651 conci-

337 5639 844 5724 linmﬂEphesinum
878 5645 1117 5724 scriptae,
1159 5641 1363 5724 quibus
1396 5639 1523 5724 eum
1552 5639 1908 5724 vehementer

337 5709 660 5780 cohortatur
681 5728 741 5776 ut
763 5709 1055 5774 emendare
1075 5709 1194 5767 non
1210 5710 1413 5785 pudeat
1430 5710 1577 5782 quod
1600 5709 1908 5765 inconsulto

2009 5499 2347 5621 grotulisset,
2368 5513 2474 5554 nec
2491 5512 2703 5553 sacram
2723 5498 3000 5569 Virginem
3019 5500 3293 5570 appellare
3310 5500 3579 5567 detrectet

2059 5570 2318 5621 einaram.
2348 5583 2472 5621 cum
2492 5569 2586 5621 hoc
2610 5584 2796 5621 nomen
2825 5569 3000 5621 nullus
3018 5587 3250 5621 unmmm
3270 5569 3579 5621 ecclesiasti-

2059 5570 2318 5638 εὖροι-σω,
2348 5583 2472 5622 cum
2492 5569 2586 5622 hoc
2610 5584 2796 5622 nomen
2825 5569 3000 5624 nullus
3018 5569 3250 5635 unquam
3270 5569 3583 5625 ecclesiasti-

2011 5637 2191 5691 carum
2251 5637 2889 5708 *doctorttmirepudiarit.
2947 5640 3175 5699 Exstant
3241 5640 3325 5696 lia:
3382 5640 3583 5697 litterae

2011 5723 2028 5763 ι
2057 5716 2198 5779 part.
2229 5707 2426 5763 conci].
2460 5707 2681 5778 Ephes’q
2705 5725 2824 5782 cap.
2852 5709 2922 5765 25
