4028 6208
446 337 545 392 167

1467 336 1525 391 S.
1556 332 1832 390 CYRILLI
1866 328 2335 400 ALEXANURINI
2378 327 2694 384 AllClllEl’.

3606 329 3702 384 9'38

443 464 551 519 que
583 463 910 522 congressus
930 463 1128 511 essem,
1154 462 1576 516 sermonemque
1606 447 1749 502 ultro
1774 448 2022 518 citroque

2136 442 2424 514 συντυχὼν,
2449 443 2543 496 καὶ
2555 441 2890 513 διαλεχθεὶς,
2917 437 3074 515 εὗρον
3100 444 3191 497 καὶ
3215 443 3314 513 τὴν
3339 442 3436 514 σὴν
3450 445 3705 519 ὁσιότητα

443 541 823 606 contulissem,
850 540 1094 610 comperi
1126 548 1270 592 tuam
1292 538 1455 592 etiam
1481 539 1828 596 sanctitatem
1857 539 2022 594 bene-

445 634 564 685 vole
611 632 896 693 alfectam,
937 640 994 684 et
1018 638 1078 684 ut
1113 629 1431 699 pontiﬁcem
1477 630 1738 696 decebat,
1782 645 2024 702 praesens

442 723 725 791 negotium
747 721 974 791 paciﬁce
1011 705 1266 775 tra’ctare.
1294 721 1472 787 Quare
1495 731 1586 776 tua
1607 723 1868 778 sanctitas
1887 723 2024 778 scri-

443 821 599 881 ptum
641 815 790 881 quod
828 811 1234 866 immaculatam
1263 819 1318 866 et
1347 822 1552 867 rectam
1583 812 1743 868 (idem
1777 815 2020 884 complc-

442 903 645 968 ctitur,
700 905 919 973 qualem
975 918 1008 958 a
1059 904 1360 974 majoribus
1416 904 1620 958 nostris
1671 905 2022 974 przedicatam

444 995 778 1062 accepimus,
809 993 969 1049 nobis
1007 994 1208 1048 obtulit
1235 1013 1246 1048 :
1280 995 1427 1065 quod
1451 995 1720 1066 imprimis
1743 995 1929 1052 labore
1960 1013 2023 1052 ac

445 1085 628 1139 studio
663 1085 891 1156 dignum
931 1095 1071 1140 erat.
1119 1087 1187 1142 At
1219 1104 1351 1143 vero
1381 1088 1508 1158 quia
1542 1104 1607 1143 ea
1633 1103 1850 1158 quoque
1902 1104 2024 1158 qua:

446 1175 510 1228 ad
541 1175 855 1230 Nestorium
875 1177 1339 1248 pertinent,juxta
1351 1176 1799 1232 constitutionem
1819 1193 1849 1232 a
1867 1178 2025 1233 vobis

446 1267 654 1320 editam
684 1267 948 1322 ﬁrmanda
985 1276 1135 1333 sunt,
1177 1284 1419 1338 prwsens
1456 1269 1712 1339 praesenti
1745 1270 2022 1324 sanctitati

453 1367 560 1413 tua:
589 1359 688 1413 has
719 1359 932 1413 litteras
964 1359 1159 1424 offero,
1183 1359 1387 1428 quibus
1409 1358 1696 1428 conﬁteor,
1719 1375 1819 1412 nos
1852 1359 2022 1414 Maxi-

446 1449 615 1504 miani
639 1449 1230 1518 sanctissimiepiscopi
1263 1449 1669 1503 ordinationem
1701 1449 1977 1518 suscipere
2008 1468 2022 1515 ;

445 1541 870 1609 Nestoriumque
889 1540 982 1608 qui
1006 1549 1133 1594 ante
1153 1541 1305 1595 illum
1324 1543 1574 1594 maximae
1595 1541 1748 1595 urbis
1760 1539 2025 1596 Constan-

449 1633 825 1702 tinopolitanze
845 1631 1138 1701 episc0pus
1169 1632 1478 1697 exstiterat,
1514 1646 1617 1701 pro
1645 1632 1896 1701 deposito
1925 1633 2024 1686 ha-

2126 535 2653 608 παρεσκευασμένην
2693 535 2936 606 ἡμέρως,
2994 537 3090 590 καὶ
3133 535 3447 607 εἰρηνικῶς,
3494 537 3588 590 καὶ
3629 540 3705 602 ὡς

2125 629 2439 700 ἀρχιερεῦσι
2486 629 2727 701 πρέπει,
2769 628 3032 682 διαθεῖναι
3068 627 3138 681 τὰ
3175 630 3232 681 ἐν
3267 630 3445 698 χερσί.
3483 630 3594 682 Καὶ
3641 631 3707 702 δὴ

2124 720 2358 791 γράμμα
2391 723 2524 792 ἡμῖν
2547 722 2927 794 ἐνεχείρισε·ιή
2957 722 3023 794 σὴ
3051 724 3268 792 ὁσιότης
3304 723 3581 793 περιέχον,
3610 725 3709 794 ἦν·

2123 828 2248 865 τινα
2275 830 2344 880 κη
2355 814 2689 885 ρυττομένην
2716 815 2780 868 ἐκ
2805 815 3056 886 πατέρων
3077 826 3117 854 ω
3143 814 3494 886 διεδεξάμεθα
3541 816 3708 886 ὀρθὴν

2124 903 2219 956 καὶ
2249 903 2582 975 ἀκηλίδωτον
2609 906 2809 958 πίστινο
2837 905 2866 958 ὁ
2899 905 3116 977 πρῶτον
3137 901 3204 976 ἦν
3226 905 3375 972 ἄξιον
3401 905 3585 970 πόνου,
3613 910 3709 961 καὶ

2127 993 2384 1064 σπουδῆς.
2442 993 2660 1067 Ἐπειδὴ
2712 995 2768 1048 δὲ
2827 995 2934 1049 ἔδει
2979 996 3074 1050 καὶ
3113 995 3180 1049 τὰ
3225 995 3366 1050 κατὰ
3414 996 3712 1069 Νεστόριον

2123 1085 2295 1140 τύπον
2331 1087 2516 1141 λαϐεῖν
2547 1088 2640 1142 τὸν
2681 1086 2888 1143 ἄνωθεν
2934 1089 3060 1159 ὑμῖν
3098 1087 3356 1154 δοθέντα,
3400 1089 3709 1160 πεποίημαι

2127 1177 2321 1250 παρὼν
2369 1180 2506 1251 πρὸς
2555 1179 2840 1252 παροῦσάν
2891 1198 2986 1234 σου
3039 1179 3138 1252 τὴν
3184 1182 3440 1252 ὁσιότητα
3483 1182 3602 1248 τόδε
3649 1184 3713 1237 τὸ

2127 1271 2382 1342 γράμμα
2428 1272 2495 1325 δι’
2524 1253 2603 1325 ὀὗ
2649 1271 2897 1343 ὁμολογῶ
2941 1271 3335 1342 καταδέχεσθαι
3364 1279 3394 1309 ι
3430 1275 3580 1344 ἡμᾶς
3609 1272 3712 1344 τὴν

2127 1363 2460 1417 κατάστασιν
2488 1363 2581 1416 τοῦ
2609 1365 2914 1432 ἀγιωτάτου
2970 1366 3064 1418 καὶ
3087 1363 3382 1417 ὁσιωτάτου
3407 1364 3710 1418 ἐπισκόπου

2130 1455 2510 1525 Μαξιμιανοῦ,
2552 1455 2698 1526 ἔχειν
2745 1456 2802 1509 δὲ
2859 1456 3178 1528 Νεστόριον,
3224 1457 3317 1509 τὸν
3362 1457 3469 1527 πρὸ
3514 1457 3711 1511 τούτου

2128 1548 2389 1614 γεγονότα
2435 1547 2536 1617 τῆς
2602 1548 2847 1618 μεγάλης
2885 1549 3532 1615 Κωνσταντινουπόλεως,
3575 1547 3709 1601 καθ-

2127 1639 2430 1717 ῃρημένον·
2472 1640 2566 1694 καὶ
2615 1640 3088 1712 ἀναθεματίζομεν
3127 1640 3198 1694 τὰ
3251 1643 3309 1694 ἐν
3361 1641 3710 1705 διδασκαλίας

447 1725 621 1779 bere:
669 1724 736 1777 ad
791 1723 928 1788 haec,
953 1724 1136 1778 omnia
1180 1725 1272 1778 illa
1319 1741 1440 1795 quae
1493 1726 1547 1780 in
1595 1726 1744 1781 illius
1775 1726 2026 1780 doctrina

2136 1731 2288 1803 μέρει
2327 1731 2538 1795 ἀσεϐῶς
2573 1731 2720 1802 αὐτῷ
2759 1733 3045 1802 εἰρημέναο
3083 1733 3178 1785 καὶ
3221 1731 3580 1803 ἀσπαζόμεθα
3612 1733 3710 1803 τὴν

445 1817 610 1885 impie
635 1817 927 1886 praadicata
953 1825 1190 1880 exstant,
1215 1818 1746 1873 anathematizamus
1778 1840 1788 1874 :
1829 1833 2023 1888 puram

2136 1801 2399 1894 καθαρὰν,
2433 1823 2528 1876 καὶ
2570 1801 2838 1894 εἱλικρινῆ
2871 1801 3020 1894 πρὸς
3048 1823 3192 1894 ὑμᾶς
3222 1801 3528 1893 κοινωνίαν,
3570 1801 3711 1878 κατά

443 1908 681 1978 denique
705 1918 761 1964 et
781 1909 1049 1962 sinceram
1077 1906 1360 1963 vobiscum
1396 1911 1838 1964 communionem
1871 1924 1993 1963 com

441 2001 758 2068 plectimur,
797 2000 949 2071 juxta
991 1998 1392 2068 expositionem
1417 2000 1483 2054 de
1509 2001 1675 2055 Verbi
1708 2000 1804 2054 Dei
1839 2000 2022 2054 incar-

443 2091 664 2145 natione
706 2090 950 2144 breviter
987 2106 1018 2144 a
1061 2089 1223 2144 nobis
1246 2090 1472 2157 editam,
1506 2101 1722 2161 tuaeque
1745 2091 2022 2146 sanctitati

443 2183 723 2247 traditam,
766 2197 929 2251 quam
971 2191 1028 2235 tu
1071 2182 1187 2252 ipse
1213 2198 1434 2252 quoque
1467 2184 1809 2247 collaudasti,
1838 2183 2026 2252 perin-

442 2273 622 2342 deque
663 2287 727 2327 ac
758 2271 1040 2342 propriam
1067 2271 1232 2326 fidem
1265 2273 1596 2344 suscepisti:
1622 2273 1780 2343 cujus
1807 2288 2027 2343 quoque

2129 1914 2229 1984 τὴν
2271 1914 2610 1968 ἐπιδοθεῖσαν
2661 1918 2729 1986 τῇ
2781 1917 2846 1986 σῇ
2893 1913 3176 1987 θεοσεϐείᾳ
3217 1917 3349 1987 παρ’
3404 1916 3564 1987 ἡμῶν
3621 1916 3710 1969 διὰ

2133 2005 2381 2076 βραχέων
2425 2007 2555 2078 περὶ
2593 2007 2692 2078 τῆς
2727 2006 2821 2060 τοῦ
2866 2006 3002 2060 Θεοῦ
3032 1995 3208 2077 λόγου
3245 2008 3712 2079 ἐνανθρωπήσεως

2131 2095 2366 2151 ἔκθεσιν.
2396 2098 2499 2150 Ἢν
2519 2099 2611 2150 καὶ
2633 2098 2924 2169 ἐπῄνεσας,
2950 2099 3043 2152 καὶ
3062 2097 3138 2162 ὡς
3157 2098 3294 2153 ίδίαν
3319 2098 3485 2163 ἐδέξω
3506 2098 3709 2151 πίστιν·

2133 2179 2201 2256 ἦς
2235 2187 2328 2239 καὶ
2363 2186 2424 2239 τὸ
2453 2189 2566 2240 ῐσον
2604 2189 2927 2242 ἐντέτακται
2961 2188 3097 2257 τῷδε
3128 2188 3205 2259 τῷ
3244 2189 3556 2261 γράμματι.
3603 2189 3712 2242 Καὶ

2128 2276 2302 2348 ταύτῃ
2332 2280 2397 2349 τῇ
2434 2278 2652 2350 καθαρᾷ
2679 2280 2933 2351 κοινωνίᾳ
2968 2280 3121 2335 λύσιν
3146 2280 3398 2351 διδόαμεν
3429 2283 3563 2336 πᾶσι
3600 2283 3713 2344 τοῖς

440 2364 754 2433 exemplum
783 2364 870 2418 his
899 2365 1265 2419 insertumest
1286 2364 1700 2434 litteris.Atque
1718 2365 1790 2418 ita
1807 2364 2027 2419 tandem

2136 2367 2190 2420 ἐν
2218 2367 2368 2438 μέσῳ
2397 2369 2526 2438 παρ’
2557 2369 2887 2439 ἀμφοτέρων
2908 2378 2930 2400 °
2959 2369 3067 2422 τῶν
3098 2370 3303 2442 μερῶν,
3335 2370 3412 2432 ὡς
3448 2372 3508 2423 ἐν
3543 2387 3716 2440 ταρα-

442 2455 658 2510 sincera
707 2456 809 2509 hac
849 2456 1236 2510 communione
1262 2455 1329 2511 iis
1349 2456 1627 2521 omnibus,
1664 2472 1786 2526 quae
1807 2455 2028 2510 interim

2136 2462 2253 2528 χαῖς
2281 2459 2670 2530 γεγενημένοις
2692 2471 2738 2510 Ρ·
2770 2461 2865 2514 καὶ
2897 2461 3311 2532 ἐπανερχόμεθα
3337 2463 3418 2525 είς
3446 2462 3544 2532 τὴν
3575 2477 3715 2532 προ-

444 2549 704 2617 utrinque
728 2563 839 2602 non
863 2547 1070 2618 absque
1091 2548 1277 2618 aliqua
1303 2549 1727 2604 tumultuaticne
1765 2549 2030 2602 hactenus

2136 2547 2299 2619 τέραν
2327 2549 2436 2603 τῶν
2482 2549 2820 2620 Ἑκκλησιῶν
2845 2553 2911 2622 τῇ
2937 2550 3032 2604 τοῦ
3064 2550 3201 2604 Θεοῦ
3236 2553 3424 2622 χάριτι
3447 2549 3711 2621 γαλήνην.

444 2643 786 2708 acciderunt,
827 2643 992 2699 ﬁnem
1023 2644 1379 2714 imponimus,
1413 2651 1470 2700 et
1511 2659 1611 2715 per
1649 2643 1746 2699 Dei
1774 2642 2026 2712 gratiam,
2063 2640 2131 2696 ad
2171 2642 2461 2711 pristinam
2519 2644 2889 2701 Ecclesiarum
2956 2659 3148 2716 pacem
3175 2654 3232 2700 et
3263 2643 3714 2715 tranquillitatem

444 2735 802 2792 revertimur.

1614 2971 1951 3029 EPISTOLA
1988 2972 2231 3030 XXXVII
2271 2971 2364 3042 (οι.
2409 2969 2546 3040 XL).

447 3105 652 3149 αγιιιιιι
689 3107 757 3145 ΑΒ
797 3102 1182 3144 THEOGNOSTUI
1223 3104 1287 3142 ΕΤ
1331 3101 1711 3142 CIIAIIMOSYNUM
1741 3103 2030 3142 PRESBYTE!

2164 3104 2235 3142 Εἰ·
2282 3102 2551 3142 ιεοιητιυκ
2595 3099 3402 3151 DIACONUI,-CONSTANTINOPOLI
3447 3104 3716 3146 DEGENTEE

1758 3174 1987 3222 EJUSQUE
2016 3173 2433 3214 APOCRISIARIOS.

449 3273 627 3328 Paulo
654 3271 932 3338 Emiseno,
970 3274 1201 3328 Nestorii
1243 3274 1492 3344 dogmata
1537 3274 1794 3344 peculiari
1829 3275 2004 3330 libello
2038 3277 2534 3337 anatliematizanti,
2566 3275 2985 3329 communionem
3019 3292 3073 3330 se
3109 3277 3428 3344 reddidisse;
3456 3277 3715 3334 Joannem

431 3353 438 3360 ‘
517 3361 638 3398 vero
675 3344 1052 3414 Antiochenam
1083 3347 1564 3414 procrastinanlcm
1609 3345 1839 3414 recipere
1879 3345 2176 3412 distulisse;
2217 3347 2448 3412 nuntiat,
2495 3345 2826 3400 Aristolaum
2867 3346 3158 3410 tribunum,
3195 3350 3294 3402 nisi
3327 3347 3559 3403 Joannes
3594 3352 3716 3404 sub-

518 3413 1346 3486 scripserit,ConstantinOpolim
1373 3413 1736 3482 perrecturum
1760 3423 1818 3468 ut
1842 3417 2212 3486 imperatorem
2245 3416 2424 3470 doceat
2463 3433 2482 3466 ι
2517 3431 2610 3485 per
2630 3414 3054 3470 Alexandrinam
3090 3417 3380 3473 Ecclesiam
3418 3436 3519 3474 non
3551 3429 3715 3484 stare,

517 3485 608 3538 sed
628 3484 973 3541 Antiochena:
998 3484 1298 3556 episcopum
1337 3500 1520 3555 pacem
1551 3501 1657 3538 non
1688 3502 1891 3539 amare.
1917 3484 1954 3538 “›

517 3628 754 3700 Cyrillus
790 3625 1140 3698 Theognosto
1173 3635 1229 3682 et
1259 3625 1637 3698 Charmosyno
1680 3627 2030 3699 presbyteris,

2211 3626 2482 3700 Κύριλλος
2525 3626 2856 3698 Θεογνώστῳ
2905 3627 2999 3682 καὶ
3038 3628 3383 3701 Χαρμοσύνῳ
3414 3630 3719 3702 πρεσϐυτέο

447 3735 507 3781 et
539 3722 772 3778 Leontio
802 3721 1057 3786 diacono,
1084 3721 1142 3776 in
1169 3721 1403 3776 Domino
1430 3721 1684 3776 salutem.

521 3817 598 3870 De
626 3815 887 3870 omnibus
917 3813 1084 3868 rebus
1107 3813 1267 3868 vobis
1306 3813 1602 3868 scribimus
1631 3829 1646 3865 :
1678 3822 1736 3868 at
1763 3827 1861 3868 vos
1883 3814 2040 3884 quasi

451 3907 700 3961 omnium
730 3907 928 3961 incerti
956 3905 1220 3970 scribitis,
1266 3921 1330 3961 ac
1363 3905 1600 3961 tumultu
1643 3921 1746 3961 nos
1779 3906 2036 3976 impletis.

453 4002 566 4071 Ego
590 4010 737 4055 certe
769 4000 882 4055 scio
909 4017 996 4056 me
1028 4001 1314 4070 scripsisse
1340 4000 1602 4056 Acacium
1624 4000 2040 4056 Berrhmensem

451 4089 772 4159 episcopum
816 4089 1132 4146 veneranda
1176 4089 1379 4144 canitie
1425 4105 1489 4145 ac
1533 4090 1798 4161 singulari
1840 4089 2041 4160 pietate

450 4182 635 4235 virum
667 4182 904 4251 impulsu
936 4180 1300 4250 quorumdam
1343 4180 1885 4251 religiosissimorum
1920 4181 2040 4251 cpi-

454 4288 748 4342 scaporum
790 4273 1146 4328 orientalium
1186 4272 1255 4328 ad
1299 4288 1386 4328 me
1432 4272 1649 4329 litteras
1686 4273 1903 4330 misisse
1944 4289 2041 4342 per

455 4363 742 4419 dominum
796 4378 980 4417 meum
1027 4363 1633 4435 magniﬁcentissimum
1677 4364 2037 4428 Aristolaum,

457 4455 660 4525 quibus
674 4453 1401 4526 signiﬁcabatoblitteranda
1424 4471 1547 4512 esse
1572 4455 1756 4511 omnia
1777 4469 2038 4525 quaecun-

455 4557 562 4612 que
601 4543 761 4598 libris
797 4551 855 4598 et
893 4543 1142 4613 epistolis
1170 4545 1376 4601 nostris
1411 4546 1782 4608 continentur,
1807 4553 1862 4600 et
1904 4543 2040 4598 insi-

454 4633 715 4689 stendum
737 4633 833 4688 uni
856 4635 1104 4706 symbolo
1119 4637 1266 4705 quod
1291 4637 1346 4691 in
1372 4646 1555 4692 sancta
1591 4636 1802 4708 synodo
1824 4636 2039 4691 Nicaana

455 4734 541 4781 est
569 4726 802 4780 editum.
833 4726 946 4797 Ego
968 4742 1101 4782 vero
1136 4728 1204 4783 ad
1229 4729 1347 4784 hinc
1369 4729 1739 4800 longissimam
1767 4727 1818 4783 ei
1845 4728 2040 4799 scripsi

457 4818 767 4888 epistolam,
798 4834 964 4888 quam
987 4827 1043 4874 et
1069 4819 1174 4888 ipsi
1198 4820 1389 4890 utique
1418 4820 1726 4890 accepistis.
1753 4819 1870 4874 Hoc
1894 4819 2040 4875 enim

458 4911 648 4965 docuit
700 4911 902 4966 charus
963 4912 1252 4983 presbyter
1307 4913 1592 4983 Eulogius.
1649 4913 1809 4968 Nunc
1858 4922 2040 4969 autem

2144 3738 2282 3791 ροις,
2328 3721 2423 3774 καὶ
2465 3719 2703 3791 Λεοντίῳ
2735 3719 2991 3790 διακόνῳ,
3023 3720 3082 3774 ἐν
3118 3720 3313 3792 Κυρίῳ
3351 3723 3567 3794 χαίρειν
3615 3723 3716 3795 (Ι).

2213 3812 2352 3882 Περὶ
2399 3811 2620 3866 πάντων
2657 3811 2946 3882 γράφομεν
2999 3812 3110 3865 τῶν
3157 3813 3504 3884 πραγμάτων
3551 3815 3716 3885 ὑμῖν

2141 3899 2264 3958 εἶτα
2295 3904 2373 3968 ὡς
2399 3903 2552 3957 οὐδὲν
2582 3901 2846 3974 μαθόντες
2866 3902 3134 3973 γράφετε,
3167 3901 3414 3974 θορύϐων
3445 3904 3718 3975 πληροῦν-

2142 4011 2233 4059 τες
2259 3995 2430 4064 ήμᾶς.
2466 3989 2598 4047 Οἶδα
2625 3993 2805 4047 τοίνυν
2829 3990 3161 4058 ἐπιστείλας,
3188 3993 3270 4047 ὃτι
3299 3994 3327 4046 ὁ
3356 3993 3720 4064 εύγηρότατος

2143 4087 2238 4140 καὶ
2275 4085 2704 4148 θεοσεϐέστατος
2759 4084 3016 4148 Ἀκάκιος
3053 4086 3082 4138 ὁ
3118 4084 3218 4154 τῆς
3249 4083 3533 4157 Βερροίας,
3584 4103 3720 4157 προ-

2141 4177 2373 4249 τραπεὶς
2401 4175 2556 4247 παρά
2584 4191 2746 4230 τινων
2784 4173 2891 4229 τῶν
2926 4178 2989 4229 ἐκ
3017 4174 3120 4244 τῆς
3169 4175 3464 4246 Ἀνατολῆς
3495 4175 3719 4230 εὐλαϐε-

2146 4271 2356 4324 στὰτων
2379 4268 2714 4333 ἐπισκόπων,
2750 4266 2958 4337 ἔγραψε
2991 4268 3128 4339 πρός
3157 4285 3226 4338 με
3262 4268 3350 4322 διὰ
3379 4267 3475 4322 τοῦ
3527 4269 3718 4340 κυρίου

2146 4379 2249 4432 μου
2284 4360 2380 4414 τοῦ
2417 4360 3006 4432 μεγαλοπρεπεστάτου
3069 4361 3440 4434 Ἀριστολάου,
3481 4362 3564 4414 ὅτι
3612 4362 3718 4432 χρὴ

2143 4450 2321 4504 πάντα
2353 4449 2617 4520 ἀφανίσαι
2649 4449 2718 4503 τὰ
2763 4451 2824 4504 ἐν
2873 4449 3080 4520 βίϐλοις
3130 4452 3225 4505 καὶ
3272 4450 3582 4515 ἐπιστολαῖς
3625 4468 3720 4517 γε·

2145 4542 2462 4614 γραμμένα,
2498 4541 2592 4595 καὶ
2624 4541 2772 4612 μόνῳ
2803 4542 3087 4613 στοιχῆσαι
3129 4542 3209 4614 τῷ
3238 4543 3491 4614 συμϐόλῳ
3517 4543 3594 4612 τῷ
3628 4544 3721 4597 ὲκ-

2143 4635 2356 4689 τεθέντι
2399 4636 2459 4688 ἐν
2491 4635 2559 4705 τῇ
2603 4633 2737 4704 ἁγίᾳ
2767 4633 2970 4704 συνόδῳ
2997 4636 3065 4705 τῇ
3109 4634 3168 4688 ἐν
3211 4634 3434 4705 Nimia.
3483 4631 3623 4702 Ἐγὼ
3664 4633 3721 4686 δὲ

2145 4727 2282 4798 πρὸς
2313 4725 2490 4781 ταῦτα
2520 4723 2847 4796 πολύστιχον
2888 4725 3178 4797 ἐπιστολὴν
3209 4725 3426 4797 ἔγραψα
3457 4725 3596 4795 πρὸς
3625 4725 3720 4778 αὐ-

2143 4818 2258 4884 τὸν,
2285 4819 2355 4890 ἡν
2389 4819 2484 4873 καὶ
2516 4819 2778 4886 ἐδέξασθε
2810 4818 3047 4882 πάντως.
3085 4812 3258 4871 Τοῦτο
3280 4817 3388 4889 γάρ
3423 4815 3662 4881 ἐδίδαξεν
3693 4818 3721 4871 ὁ

2147 4909 2430 4980 ἀγαπητὸς
2460 4909 2832 4982 πρεσϐύτερος
2865 4909 3141 4978 Εὐλόγιος.
3178 4909 3290 4963 Καὶ
3330 4907 3426 4962 νῦν
3475 4908 3721 4970 ἐλθόντος

459 5003 699 5057 adventu
725 5002 1121 5074 religiosissimi
1137 5003 1293 5059 Pauli
1312 5003 1556 5060 Emiseni
1577 5005 1631 5058 in
1657 5006 1800 5060 hanc
1819 5005 2030 5071 urbem,

2145 4977 2242 5055 τοῦ
2277 4977 2678 5056 εύλαϐεστάτου
2712 4977 2929 5057 Παύλου
2968 4977 3063 5054 τοῦ
3097 5002 3199 5072 τῆς
3235 5003 3474 5072 Ἐμέσης
3507 5003 3589 5064 εἰς
3623 5001 3722 5070 τὴν

459 5096 642 5150 omnia
687 5103 866 5160 recte,
904 5095 1229 5165 tranquille,
1267 5107 1324 5149 et
1369 5110 1593 5161 secure,
1638 5109 1802 5166 atque
1848 5105 1910 5151 ut
1941 5113 2040 5166 par

459 5194 596 5249 erat,
619 5183 958 5239 conformata
975 5194 1121 5240 sunt.
1138 5184 1327 5254 Neque
1353 5185 1498 5240 enim
1514 5200 1610 5240 eos
1626 5186 1721 5254 qui
1747 5201 1778 5240 a
1795 5185 2040 5255 piissimo

459 5275 785 5330 Maximiano
818 5276 1078 5347 episcopo
1110 5275 1349 5331 abdicati
1385 5275 1630 5340 fuerunt,
1673 5278 2036 5348 suscepimus,

460 5376 556 5420 aut
587 5368 734 5437 passi
778 5383 968 5422 sumus
1001 5369 1068 5423 iis
1104 5369 1222 5423 dari
1263 5369 1331 5426 de
1369 5370 1755 5424 communione
1791 5369 2038 5434 litteras,

2160 5090 2592 5162 Ἀλεξάνδρειαν,
2640 5091 2820 5146 πάντα
2858 5092 3112 5163 ἐτυπώθη
3156 5094 3408 5165 χρηστῶς
3458 5095 3576 5166 μὲν,
3626 5095 3722 5147 καὶ

2147 5182 2467 5254 εἰρηνικῶς,
2499 5183 2756 5252 ἀσφαλῶς
2783 5183 2862 5247 δὲ,
2893 5184 2988 5237 καὶ
3021 5184 3097 5248 ὡς
3127 5185 3253 5240 ἔδει.
3295 5186 3429 5240 Οὐδὲ
3460 5185 3567 5256 γὰρ
3594 5185 3722 5248 τοὺς

2151 5275 2573 5350 καθῃρημένους
2621 5274 2774 5346 παρὰ
2807 5277 2902 5331 τοῦ
2945 5277 3368 5334 θεοσεϐεστάτου
3417 5279 3722 5332 ἐπισκόπου

2148 5365 2498 5439 Μαξιμιανοῦ
2530 5366 2958 5436 κατεδεξάμεθα,
3004 5370 3037 5440 ἢ
3091 5370 3440 5434 κοινωνικοὺς
3475 5368 3639 5440 ἔχειν,
3685 5369 3719 5439 ἢ

1555 5527 1731 5584 Variae
1765 5526 2031 5582 lectiones
2063 5526 2270 5582 codicis
2295 5527 2653 5600 Seguieriani.

533 5646 574 5674 ιη
597 5631 865 5705 κηρύττον
905 5635 972 5705 ἠν
999 5636 1061 5688 ἐκ
1100 5638 1370 5708 πατέρων.

1469 5649 1496 5675 n
1523 5638 1931 5710 καταδεδέχθαι.
2014 5645 2038 5673 °
2062 5638 2362 5709 ἑκατέρων.
2440 5651 2467 5688 P
2493 5641 2825 5714 γενομένοις.

535 5771 613 5842 (ι)
641 5772 721 5828 Ex
746 5774 888 5844 regis
913 5773 1290 5864 Christianiss.
1334 5780 1666 5839 bibliotheca
1699 5782 1885 5841 Graece
1916 5799 2063 5840 nunc
2091 5783 2333 5856 primum
2362 5793 2417 5843 et
2442 5785 2637 5845 Latine
2677 5789 2843 5846 edita.
2874 5791 3176 5847 Amemus.
