4028 6208
418 235 545 331 ’171

1457 270 1512 325 S.
1552 267 1825 324 CYRILLI
1867 265 2336 328 ALEXANDRINI
2377 274 2689 332 ARClllEP.

3619 279 3719 333 1-72

443 393 679 450 maxime
709 406 904 447 curare
936 389 1244 462 oportebat,
1275 397 1354 452 ut,
1387 387 1538 441 omni
1577 386 1887 440 animorum
1918 387 2023 441 dis-

2133 390 2282 455 ὄπως
2303 393 2644 461 συναφθεῖεν,
2675 396 2738 448 ὲκ
2774 395 2940 465 μέσου
2969 396 3268 466 γενομένης
3293 394 3559 466 διχονοίας
3579 397 3717 450 ἁπά-

441 486 698 543 sensione
735 501 766 538 e
800 483 984 538 medio
1017 481 1250 543 sublata,
1288 478 1494 533 Christi
1541 477 1801 532 Ecclesiae
1843 477 2027 533 denuo

441 575 925 635 consociarentur;
991 569 1205 639 ipsique
1263 567 1661 638 religiosissimi
1713 584 1778 623 ac
1822 568 2028 624 Christi

440 663 801 722 amantissimi
831 677 989 732 reges
1015 661 1119 714 hoc
1147 660 1347 729 ipsum,
1365 667 1425 713 ut
1447 658 1624 724 ﬁeret,
1653 660 2027 725 mandassent,

439 761 668 830 ejusque
697 755 776 811 rei
812 753 988 826 gratia
1011 752 1296 808 dominum
1328 768 1511 806 meum
1549 754 2028 822 praeclarissimum

437 861 492 906 et
515 849 869 921 spectabilem
893 846 1172 900 tribunum
1199 854 1254 900 et
1273 843 1547 898 notarium
1571 845 1902 899 Aristolaum
1929 845 2032 900 mi-

437 940 660 1003 sissent,
689 938 806 1007 pias
832 937 1073 1007 ipsomm
1098 935 1312 990 litteras
1340 934 1686 999 atl‘erentcm,
1717 952 1840 1007 qua:
1869 937 2030 992 dein-

430 1046 568 1100 ceps
597 1045 697 1084 nos
732 1027 1028 1082 conveni-re
1049 1026 1331 1098 juberent,
1365 1035 1530 1096 atque
1557 1028 1812 1083 scandala
1845 1045 1876 1084 e
1909 1045 2026 1085 me-

438 1123 531 1176 dio
564 1122 754 1176 tollere
805 1135 1134 1188 omnemque
1172 1119 1643 1189 perturbationem
1675 1127 1732 1174 ct
1763 1119 2025 1174 oﬂ‘cnsio-

437 1229 564 1269 nem
595 1212 885 1282 consopirc
915 1230 926 1264 :
955 1225 1060 1265 nos
1093 1210 1200 1280 piis
1238 1210 1440 1264 litteris
1473 1226 1680 1265 morem
1711 1225 1904 1281 gerere
1928 1227 2026 1264 vo-

437 1303 634 1365 lentes,
666 1311 814 1356 recta
847 1315 971 1354 mox
1011 1299 1296 1354 dominum
1342 1315 1526 1354 meum
1567 1301 1678 1355 Deo
1720 1317 1819 1370 per
1843 1302 2027 1356 omnia

438 1393 855 1450 dilectissimum
885 1407 949 1446 ac
989 1393 1392 1447 sanctissimum
1435 1393 1756 1463 episcopum
1796 1394 2024 1448 Paulum

437 1486 771 1540 mittendum
815 1484 1091 1539 duximus.
1141 1483 1299 1549 Quod
1345 1484 1636 1539 consilium
1679 1484 2028 1539 sanctissimo

436 1580 796 1650 piissimoque
821 1578 966 1633 Patri
998 1587 1187 1632 nostro
1213 1577 1432 1639 Acacio,
1459 1577 1782 1646 ueterisque
1805 1577 1898 1647 qui
1923 1593 2024 1632 no-

436 1673 648 1728 biscum
691 1678 884 1734 erant,
936 1670 1050 1724 Deo
1084 1667 1456 1723 dilectissimis
1505 1668 1778 1738 episcopis
1823 1668 2028 1737 proba-

437 1772 552 1816 tum
597 1760 720 1816 fuit.
768 1761 1022 1815 Fecimus
1061 1767 1248 1815 autem
1293 1761 1399 1815 hoc
1440 1760 1666 1832 majoris
1709 1760 2021 1830 compendii
2053 1741 2099 1798 Β

428 1869 620 1916 causa,
650 1868 718 1908 eo
742 1852 887 1922 quod
925 1867 1048 1922 quae
1077 1868 1107 1906 a
1138 1852 1562 1923 religiosissimis
1595 1853 2024 1922 imperatoribus

435 1944 642 1999 nostris
677 1943 887 1999 sancita
926 1950 1075 2008 sunt,
1107 1943 1372 2012 perﬁcere
1401 1943 1563 1999 nobis
1597 1943 1731 2014 ipsis
1760 1944 1813 1998 in
1851 1958 2022 1998 unum

439 2036 596 2106 103
622 2035 1079 2091 convenientibus
1100 2051 1210 2090 non
1232 2035 1415 2090 liceat.
1440 2036 1819 2090 Mandavimus
1836 2045 2022 2090 autem

436 2129 538 2193 illi,
566 2137 626 2182 ut
652 2128 771 2183 vice
800 2135 987 2182 nostra
1025 2135 1083 2182 et
1123 2143 1222 2197 pro
1264 2127 1425 2182 nobis
1469 2137 1526 2182 et
1566 2127 1790 2181 nomine
1834 2134 2023 2180 nostro

435 2220 735 2277 constituat
763 2236 883 2291 qua:
909 2219 977 2274 ad
1005 2235 1195 2290 pacem
1222 2219 1464 2286 faciunt;
1499 2219 1554 2274 id
1581 2220 1730 2289 quod
1757 2220 1922 2289 hujus
1945 2219 2023 2273 le—

429 2311 670 2382 gationis
701 2312 1036 2382 przecipuum
1072 2321 1237 2381 caput
1265 2321 1378 2378 est;
1404 2312 1677 2382 simulque
1701 2312 1890 2382 pietati
1917 2321 2023 2367 tua:

430 2405 694 2460 exhibeat
713 2403 1114 2474 expositionem
1137 2404 1205 2459 de
1228 2404 1446 2459 Domini
1467 2403 1641 2460 nostri
1663 2405 1792 2460 Jcsu
1815 2405 2020 2460 Christi

436 2497 813 2553 incarnatione
864 2497 1214 2553 concorditer
1257 2513 1289 2550 a
1343 2496 1506 2552 nobis
1561 2497 1786 2552 editam.
1845 2495 2020 2563 Quam

434 2590 664 2660 proinde
684 2590 875 2660 pietati
901 2598 1009 2646 tuae
1031 2606 1130 2660 per
1153 2589 1478 2660 praedictum
1503 2590 1813 2659 piissimum
1838 2591 2019 2646 virum

429 2681 850 2752 misimus,qua:
882 2689 968 2735 est
1005 2680 1122 2735 haec
1151 2697 1163 2732 :

503 2877 580 2932 De
605 2875 829 2946 Virgine
862 2883 1049 2928 autem
1091 2873 1187 2928 Dei
1212 2873 1488 2929 Genitriee
1528 2875 1696 2929 Maria
1741 2876 2018 2944 quomodo

430 2967 741 3023 sentiamus
779 2973 835 3021 et
864 2966 1181 3036 loquamur,
1225 2965 1406 3036 deque
1435 2966 1704 3037 unigeniti
1748 2967 1873 3021 Filii
1920 2968 2017 3023 Dei

433 3057 834 3113 incarnationis
882 3057 1068 3121 modo,
1114 3058 1453 3122 necessario,
1497 3073 1607 3111 non
1652 3057 2014 3113 additamenti

433 3147 576 3210 loco,
605 3145 702 3200 sed
729 3146 889 3216 plena
914 3145 1308 3201 satisfactionis
1329 3147 1504 3202 forma
1532 3146 1783 3203 dicemus
1827 3149 2017 3204 brevi-
2045 3145 2086 3172 "

434 3246 541 3302 ter,
568 3236 732 3292 sicuti
755 3237 824 3291 ab
843 3235 1001 3291 initio
1021 3252 1088 3291 ex
1112 3237 1314 3292 divinis
1336 3238 1562 3294 Litteris
1589 3247 2016 3311 sanctorumque

433 3329 657 3382 Patrum
683 3328 983 3384 traditione
1011 3330 1299 3385 hausimus
1323 3371 1337 3395 ,
1386 3330 1514 3386 ﬁdei
1539 3331 1597 3386 in
1623 3332 1804 3388 Nicaea
1831 3348 1861 3386 a
1893 3348 2019 3387 san-

432 3420 539 3475 ctis
570 3419 826 3474 Patribus
845 3421 1108 3490 exposin
1131 3421 1270 3476 nihil
1297 3437 1527 3492 prorsus
1548 3424 1893 3496 adjicientes.
1919 3424 2016 3478 llla

432 3512 603 3576 enim,
632 3519 694 3566 ut
714 3520 876 3566 antea
903 3511 1162 3576 diximus,
1201 3513 1268 3568 ad
1304 3529 1523 3570 omnem
1569 3515 1791 3585 pietatis
1831 3515 2019 3586 cogni-

433 3604 644 3658 tionem
697 3603 988 3673 omnisque
1019 3603 1292 3659 haereticze
1321 3620 1502 3675 prava:
1533 3607 1799 3662 doctrinae
1827 3607 2018 3678 depul-

434 3697 647 3753 sionem
671 3697 892 3752 abunde
919 3704 1002 3751 sat
1024 3705 1129 3751 est.
1154 3697 1268 3752 Nec
1290 3698 1380 3753 illa
1407 3699 1574 3754 etiam
1603 3716 1726 3770 quae
1753 3698 2017 3770 consequi

435 3802 546 3842 non
569 3801 883 3856 possumus,
915 3786 1179 3842 audacter
1209 3788 1622 3858 aggrediemur;
1653 3789 1752 3844 sed
1781 3788 2018 3859 propriae

436 3876 774 3932 inﬁrmitatis
807 3877 1151 3933 confessione
1180 3879 1540 3935 excludemus
1562 3895 1660 3935 eos
1685 3880 1779 3950 qui
1810 3879 2018 3934 adoriri

432 3985 535 4024 nos
555 3969 746 4024 volunt
774 3969 830 4024 in
851 3970 939 4025 his
960 3971 1015 4024 in
1045 3972 1248 4041 quibus
1271 3973 1687 4029 consideramus
1710 3989 1832 4043 qua:
1852 3986 2018 4042 supra

434 4061 737 4115 humanum
767 4070 986 4132 captum
1013 4071 1162 4117 sunt.

503 4151 845 4210 Conﬁtemur
865 4155 1034 4226 igitur
1052 4157 1344 4210 Dominum
1364 4164 1616 4211 nostrum
1645 4156 1834 4212 Jesum
1851 4155 2017 4212 Chri-

430 4258 601 4313 stum,
619 4247 961 4318 unigenitum
986 4249 1083 4303 Dei
1108 4249 1326 4322 Filium,
1346 4264 1467 4304 esse
1492 4250 1662 4304 Deum
1687 4250 2014 4319 perfectum,

431 4349 489 4395 et
511 4340 791 4396 hominem
823 4341 1129 4411 perfectum
1161 4357 1230 4397 ex
1267 4343 1450 4397 anima
1497 4343 1751 4397 rationali
1790 4352 1848 4398 et
1889 4359 2017 4399 cor-

2140 499 2259 552 σης,
2301 485 2396 536 καὶ
2433 484 2542 539 τῶν
2574 486 2982 541 εὐσεϐεστάτων
3041 488 3136 542 καὶ
3171 486 3536 558 φιλοχρίστων
3563 487 3712 558 βασις

2132 573 2291 640 λέων,
2323 577 2456 630 αὐτὸ
2482 576 2546 648 δὴ
2563 577 2722 632 τοῦτο
2751 579 3003 647 γενέσθαι
3021 579 3418 645 θεσπισάντων,
3441 580 3503 633 τὸ
3519 580 3717 635 ὲνῶσαι

2130 665 2228 730 τὰς
2269 666 2360 720 τοῦ
2393 668 2632 738 Χριστοῦ
2673 670 3018 740 Ἐκκλησίας,
3060 671 3153 724 καὶ
3183 672 3263 734 εἰς
3302 672 3432 724 αὐτὸ
3457 671 3520 742 δὴ
3556 672 3716 726 τοῦτο

2130 758 2567 813 ἀποστειλάντων
2601 760 2692 812 τὸν
2725 760 2916 832 κύριόν
2949 779 3076 833 μου,
3108 761 3202 814 καὶ
3237 761 3714 832 θαυμασιώτατον,

2130 852 2225 903 καὶ
2249 851 2610 922 περίϐλεπτον
2632 851 2918 922 τριϐοῦνον
2939 854 3034 907 καὶ
3061 854 3310 924 νοτάριον
3343 854 3716 924 Ἀριστόλαον,

2125 946 2530 1016 ιὶπιφερόμενον
2554 946 2615 1000 τὸ
2644 947 2868 1011 εὐσεϐὲς
2892 947 3071 1000 αὐτῶν
3102 949 3342 1020 γράμμα
3372 948 3432 1002 τὸ
3465 967 3714 1019 παρακε-

2133 1037 2287 1090 λεῦον
2310 1038 2562 1093 ἐντεῦθεν
2595 1039 2695 1110 ἤδη
2727 1040 3002 1112 συμϐῆναι
3027 1043 3198 1111 ἡμᾶς,
3229 1042 3322 1095 καὶ
3352 1043 3620 1113 περιελεῖν
3647 1045 3717 1096 τὰ

2136 1130 2410 1184 σκάνδαλα
2444 1133 2508 1183 ἐκ
2541 1131 2635 1184 τοῦ
2670 1132 2862 1200 μέσου,
2903 1133 2996 1186 καί
3033 1135 3368 1187 κατευνάσαι
3403 1137 3582 1187 πᾶσαν
3617 1153 3714 1187 τα-

2135 1223 2310 1292 ραχὴν
2344 1222 2440 1277 καὶ
2483 1225 2662 1277 πᾶσαν
2696 1223 2907 1293 λύπην·
2937 1218 2981 1292 ᾧ
3014 1225 3254 1292 εἴκοντες
3288 1227 3505 1280 εὐσεϐεῖ
3531 1229 3715 1298 γράμ-

2135 1332 2288 1384 ματι,
2328 1315 2492 1378 εὐθὺς
2530 1317 2626 1368 καὶ⁸
2681 1317 3024 1388 παραχρῆμα
3049 1317 3454 1388 ἀπεστείλαμεν
3492 1318 3583 1372 τὸν
3613 1320 3714 1372 κύ-

2131 1407 2246 1476 ριόν
2279 1424 2401 1475 μου,
2435 1407 2530 1460 καὶ
2561 1409 2704 1462 κατὰ
2743 1409 2920 1464 πάντα
2954 1409 3386 1477 θεοφιλέστατον,
3419 1411 3513 1464 καὶ
3542 1410 3713 1478 ἁγιώ-

2128 1515 2289 1551 τατον
2335 1499 2636 1554 ἐπίσκοπον
2671 1500 2913 1554 Παῦλον·
2953 1500 3111 1555 τοῦτο
3156 1501 3460 1573 συναρέσαν
3504 1504 3598 1558 καὶ
3637 1504 3716 1574 τῷ

2129 1587 2419 1658 ἁγιωτάτῳ
2470 1591 2566 1643 καὶ
2605 1589 3010 1661 θεοφιλεστάτη)
3047 1593 3330 1662 ὲπισκόπῳ
3359 1595 3528 1664 πατρὶ
3554 1596 3714 1666 ἡμῶν

2140 1678 2402 1749 ’Δκακίῳ,
2439 1681 2534 1733 καὶ
2564 1683 2678 1745 τοῖς
2705 1682 2833 1753 παρ’
2864 1684 2999 1752 ἡμῖν
3025 1681 3458 1752 θεοφιλεστάτοις
3488 1686 3712 1748 ἐπισκό-

2130 1787 2272 1833 ποις.
2319 1771 2493 1843 ’Υπὲρ
2536 1771 2594 1825 δὲ
2638 1773 2882 1837 πλείονος
2915 1775 3209 1846 συντομίας
3235 1786 3263 1825 ει
3292 1776 3454 1830 τοῦτο
3485 1779 3714 1850 πεποιή-

2130 1878 2328 1931 καμεν,
2379 1862 2466 1916 διὰ
2507 1863 2570 1916 τὸ
2608 1864 2681 1936 μὴ
2711 1864 2974 1919 δύνασθαι
3023 1868 3172 1938 ἡμᾶς
3216 1868 3591 1934 συνελθόντας,
3644 1872 3713 1924 τὰ

2128 1952 2489 2009 θεσπισθέντα
2519 1957 2625 2010 ὑπὸ
2650 1956 2761 2010 τῶν
2791 1959 3203 2013 εὐσεϐεστάτων
3232 1960 3389 2030 ἡμῶν
3424 1961 3710 2031 βασιλέων,

2128 2046 2272 2098 κατὰ
2312 2047 2608 2118 πρόσωπον
2663 2049 2746 2112 είς
2786 2049 2961 2120 πέρας
3011 2051 3260 2119 ἀγαγεῖν.
3310 2053 3711 2124 Ἐντειλὰμενοι

2129 2138 2302 2209 αὐτῷ,
2341 2139 2484 2194 ὥστε
2518 2141 2614 2194 καὶ
2647 2142 2765 2195 ἀνθ’
2796 2142 2976 2213 ἡμῶν,
3004 2143 3098 2196 καὶ
3128 2144 3271 2216 ὑπὲρ
3301 2145 3478 2216 ἡμῶν,
3513 2147 3609 2199 καὶ
3631 2150 3711 2210 εἰς

2129 2228 2425 2299 πρόσωπον
2462 2229 2733 2302 ἡμέτερον
2781 2241 2830 2297 ι’,
2878 2232 3130 2286 τυπῶσαι
3175 2234 3277 2304 μὲν
3317 2235 3385 2288 τὰ
3433 2238 3563 2307 περὶ
3611 2237 3712 2306 τῆς

2127 2321 2372 2393 εἰρήνης,
2402 2322 2539 2394 ὅπερ
2587 2323 2705 2376 ἐστὶ
2735 2323 3166 2394 προηγούμενον,
3199 2325 3506 2396 ἐγχειρίσαι
3555 2329 3612 2382 δὲ
3640 2335 3710 2401 τῇ

2129 2416 2195 2485 σῇ
2225 2412 2504 2486 θεοσεϐείᾳ
2533 2415 2630 2486 τὴν
2661 2414 2877 2468 ἔκθεσιν
2905 2415 3004 2487 τὴν
3048 2417 3179 2488 παρ’
3205 2419 3365 2489 ἡμῶν
3400 2420 3711 2489 συμφώνως

2125 2506 2424 2577 γενομένην
2443 2508 2574 2578 περὶ
2602 2507 2701 2578 τῆς
2715 2507 3183 2580 ἐνανθρωπήσεως
3203 2509 3296 2562 τοῦ
3317 2511 3526 2582 Κυρίου
3547 2512 3710 2582 ἡμῶν

2139 2596 2314 2667 Ἰησοῦ
2346 2598 2606 2670 Χριστοῦ,
2646 2599 2713 2670 ἣν
2756 2601 3158 2671 ἀπεστείλαμεν
3195 2604 3260 2672 τῇ
3311 2605 3375 2673 σῇ
3425 2602 3708 2676 θεοσεϐείᾳ.

2124 2688 2212 2741 διὰ
2261 2687 2356 2742 τοῦ
2407 2689 2800 2762 προλεχθέντος
2851 2691 3270 2762 θεοφιλεστάτου
3322 2693 3538 2766 ἀνδρὸς,
3586 2695 3708 2765 ἥτις

2123 2781 2268 2834 ἐστὶν
2293 2780 2452 2851 αὕτηο

2196 2872 2333 2943 Περὶ
2355 2872 2412 2925 δὲ
2442 2872 2539 2942 τῆς
2573 2872 2838 2928 Θεοτόκου
2859 2876 3079 2947 Μαρίας
3103 2876 3405 2948 Παρθένου,
3437 2878 3584 2940 ὅπως
3611 2877 3708 2930 καί

2124 2961 2452 3034 φρονοῦμεν,
2480 2965 2574 3017 καὶ
2603 2963 2856 3034 λέγομεν,
2878 2966 2972 3019 τοῦ
2997 2984 3055 3020 τε
3085 2967 3290 3038 τρόπου
3313 2969 3411 3038 τῆς
3441 2969 3707 3038 ὲνανθρωο

2129 3055 2351 3124 πήσεως
2376 3054 2471 3107 τοῦ
2505 3056 2828 3126 μονογενοῦς
2860 3058 2989 3112 Υἱοῦ
3023 3059 3118 3112 τοῦ
3163 3059 3323 3125 Θεοῦ,
3372 3061 3702 3128 ἀναγκαίως,

2124 3144 2225 3196 οὐκ
2247 3146 2304 3196 ὲν
2334 3146 2655 3215 προσθήκης
2700 3149 2878 3218 μέρει,
2911 3148 3026 3201 ἀλλ’
3050 3150 3108 3204 ἐν
3146 3148 3518 3221 πληροφορίας
3547 3151 3702 3214 εῖδει,

2119 3236 2196 3299 ὼς
2223 3235 2430 3289 ἄνωθεν
2449 3235 2511 3288 ἐκ
2539 3237 2728 3290 τετῶν
2757 3239 2916 3292 θείων
2937 3239 3191 3310 Γραφῶν,
3219 3241 3283 3293 ἐκ
3309 3257 3369 3293 τε
3403 3243 3501 3310 τῆς
3529 3259 3705 3313 παρα-

2120 3325 2322 3389 δόσεως
2350 3324 2460 3378 τῶν
2477 3326 2650 3393 ἁγίων
2671 3328 2932 3398 Πατέρων
2947 3330 3351 3402 παρειληφότες
3367 3332 3701 3402 ἐσχήκαμεν,

2119 3416 2210 3470 διὰ
2241 3417 2490 3489 βραχέων
2521 3419 2778 3491 ἐροῦμεν,
2806 3421 2961 3475 οὐδὲν
2988 3421 3047 3474 τὸ
3067 3422 3288 3475 σύνολον
3321 3421 3703 3494 προστιθέντες

2121 3511 2188 3580 τῇ
2217 3509 2327 3562 τῶν
2381 3509 2552 3571 ἁγίων
2597 3511 2856 3580 Πατέρων
2901 3511 3010 3565 τῶν
3061 3514 3118 3565 ὲν
3164 3514 3371 3584 Νικαίᾳ
3421 3513 3704 3584 ὲκτεθείσῃ

2123 3599 2324 3654 πίστει.
2389 3601 2476 3664 Ὠς
2525 3601 2632 3673 γὰρ
2677 3601 2925 3673 ἔφθημεν
2973 3605 3280 3676 εἰρηκότες,
3332 3605 3474 3677 πρὸς
3523 3607 3706 3660 πᾶσαν

2121 3691 2346 3764 ἐξαρκεῖ
2377 3695 2472 3748 καὶ
2501 3693 2787 3760 εὐσεϐείας
2811 3695 3030 3764 γνῶσιν¹
3075 3698 3170 3751 καὶ
3201 3697 3381 3768 πάσης
3422 3699 3705 3767 αίρετικῆς

2123 3784 2444 3850 κακοδοξίας
2465 3785 2643 3857 ἁποκή
2654 3782 2824 3851 ρυξιν.
2855 3786 3115 3857 Ἐροῦμεν
3144 3787 3200 3842 δὲ
3229 3789 3290 3841 οὐ
3319 3787 3706 3857 κατατολμῶν-

2119 3893 2212 3940 τες
2251 3877 2362 3930 τῶν
2411 3878 2739 3947 ἁνεφίκτων,
2774 3878 2912 3931 ἀλλὰ
2941 3881 3006 3949 τῇ
3041 3880 3302 3950 ὁμολογίᾳ
3350 3878 3451 3948 τῆς
3498 3879 3707 3943 οἰκείας

2123 3969 2409 4034 ἀσθενείας
2433 3971 2817 4036 ἀποκλείοντες
2838 3975 2949 4036 τοῖς
2977 3971 3302 4040 ὲπιφύεσθαι
3334 3971 3700 4042 βουλομένοις,

2125 4061 2182 4114 ἐν
2209 4056 2291 4125 οἷς
2323 4063 2392 4114 τὰ
2415 4062 2556 4133 ὑπὲρ
2581 4063 2872 4133 ἄνθρωπον
2900 4062 3363 4133 διασκεπτόμεθα.

2204 4153 2610 4225 Ὀμολογοῦμεν
2633 4155 2924 4225 τοιγαροῦν
2949 4156 3040 4210 τὸν
3073 4155 3277 4227 Κύριον
3300 4157 3456 4228 ἡμῶν
3496 4157 3706 4229 Ἰησοῦν

2121 4247 2357 4317 Χριστὸν
2395 4247 2486 4301 τὸν
2526 4247 2654 4301 Υίὸν
2688 4249 2782 4302 τοῦ
2829 4248 2965 4302 Θεοῦ
3001 4249 3091 4303 τὸν
3128 4251 3413 4321 μονογενῆ,
3444 4250 3577 4304 Θεὸν
3617 4252 3704 4304 τέ-

2123 4336 2288 4402 λειον,
2329 4338 2424 4390 καὶ
2450 4337 2736 4410 ἄνθρωπον
2773 4339 2981 4392 τέλειον
3044 4341 3109 4393 ὲκ
3140 4339 3318 4411 ψυχῆς
3358 4341 3582 4410 λογικῆς
3608 4342 3704 4395 καὶ

432 4447 566 4502 pore
595 4451 606 4486 :
638 4441 766 4487 ante
797 4433 994 4488 szecula
1020 4433 1243 4502 quidem
1267 4450 1334 4488 ex
1361 4435 1520 4490 Patre
1545 4434 1846 4489 secundum
1879 4435 2019 4489 divi-

2128 4426 2397 4498 σώματος,
2423 4428 2529 4498 πρὸ
2557 4427 2770 4481 αἰώνων
2799 4429 2899 4499 μὲν
2931 4432 2994 4483 ἐκ
3010 4429 3103 4483 τοῦ
3135 4431 3348 4502 Πατρδς
3376 4433 3704 4501 γεννηθέντα

434 4528 661 4583 nitatem
699 4529 966 4600 genitum,
1001 4529 1297 4597 postremis
1336 4546 1467 4585 vero
1498 4529 1842 4599 temporibus
1864 4545 2018 4584 eum-

432 4621 558 4675 dem
598 4621 776 4690 ipsum
803 4630 1029 4690 propter
1054 4637 1156 4674 nos
1182 4629 1238 4674 et
1263 4631 1488 4691 propter
1518 4631 1761 4676 nostram
1784 4622 2016 4677 salutem

431 4729 500 4770 ex
519 4713 688 4768 Maria
721 4714 946 4784 Virgine
989 4713 1294 4768 secundum
1334 4714 1733 4769 humanitatem
1767 4724 1958 4770 natum
1999 4733 2014 4770 :

433 4804 691 4860 eumdem
719 4805 1246 4861 consubstantialem
1289 4807 1439 4861 Patri
1480 4807 1784 4862 secundum
1817 4808 2018 4863 divini-

437 4905 625 4961 tatem,
653 4905 712 4952 et
728 4897 1258 4953 consubstantialem
1298 4898 1460 4953 nobis
1485 4899 1787 4953 secundum
1819 4900 2015 4954 huma-

434 4989 684 5045 nitatem.
753 4990 1040 5061 Siquidem
1081 4990 1316 5052 duarum
1362 4998 1685 5045 naturarum
1735 4992 1875 5046 facta
1933 4999 2019 5047 est

434 5081 568 5136 unio
593 5099 606 5134 :
639 5089 866 5151 propter
899 5082 1044 5152 quod
1075 5097 1244 5137 unum
1273 5081 1575 5146 Christum,
1600 5099 1771 5137 unum
1796 5083 2015 5148 Filium,

435 5187 607 5226 unum
627 5172 921 5228 Dominum
944 5173 1294 5228 conﬁtemur.
1323 5170 1639 5226 Secundum
1662 5171 1810 5226 hunc
1832 5171 2021 5226 incon-

432 5262 567 5316 fusae
599 5262 827 5318 unitatis
866 5264 1207 5319 Intellectum
1256 5259 1585 5318 conﬁtemur
1612 5268 1859 5315 sanctam
1891 5261 2015 5315 Vir—

434 5356 618 5424 ginem
644 5355 741 5408 Dei
773 5355 1110 5412 Genitricem
1155 5373 1297 5422 esse,
1341 5363 1634 5427 propterea
1681 5356 1827 5425 quod
1872 5357 2018 5410 Deus

435 5447 680 5503 Verbum
708 5447 1055 5502 incarnatum
1079 5458 1184 5508 est,
1209 5458 1265 5503 et
1290 5449 1457 5503 homo
1487 5446 1712 5511 factum,
1733 5456 1791 5502 et
1811 5461 1877 5502 ex
1899 5446 2016 5516 ipsa

2126 4519 2269 4574 κατά
2307 4522 2408 4591 τὴν
2450 4520 2701 4590 θεότητα,
2743 4523 2830 4574 ἐπ’
2864 4523 3110 4593 ἐσχάτων
3142 4524 3201 4578 δὲ
3223 4523 3329 4578 τῶν
3358 4523 3580 4596 ἡμερῶν
3611 4526 3704 4578 τὸν

2124 4612 2286 4666 αὐτὸν
2314 4613 2379 4666 δι’
2426 4614 2593 4683 ἡμᾶς,
2627 4614 2720 4667 καὶ
2753 4614 2838 4667 διὰ
2865 4615 2963 4686 τὴν
3000 4616 3276 4688 ἡμετέραν
3311 4617 3605 4689 σωτηρίαν,
3639 4619 3707 4671 ἐκ

2126 4704 2348 4777 Μαρίας
2372 4705 2475 4774 τῆς
2500 4705 2776 4777 Παρθένου
2805 4707 2947 4762 κατὰ
2985 4707 3086 4778 τὴν
3112 4709 3510 4779 ἀνθρωπότητα
3527 4711 3706 4780 ’κόμο-

2123 4796 2305 4851 οὐσιον
2331 4796 2408 4867 τῷ
2441 4799 2620 4870 Πατρὶ
2666 4799 2758 4853 τὸν
2798 4799 2960 4853 αὐτὸν
2990 4801 3134 4854 κατὰ
3177 4802 3276 4872 τὴν
3329 4801 3580 4872 θεότητα,
3611 4803 3706 4854 καὶ

2121 4891 2406 4962 δμοούσιον
2452 4893 2586 4963 ἡμῖν
2644 4893 2787 4947 κατὰ
2836 4895 2934 4966 τὴν
2979 4895 3395 4966 ἀνθρωπότητα.
3447 4895 3552 4949 Δύο
3593 4895 3704 4964 γὰρ

2121 4985 2339 5051 φύσεων
2365 4985 2558 5049 ἓνωσις
2574 4985 2768 5054 γέγονε
2789 5004 2802 5017 ·
2826 4987 2909 5041 διὸ
2924 4987 3016 5040 καὶ
3039 4989 3136 5043 ἕνα
3163 4990 3417 5060 Χριστὸν,
3433 4990 3529 5042 ἕνα
3551 4989 3701 5051 Υίὸν,

2120 5075 2220 5130 ἕνα
2244 5074 2453 5147 Κύριον
2479 5076 2870 5148 ὁμολογοῦμεν.
2908 5080 3069 5134 Κατὰ
3095 5081 3302 5152 ταύτην
3336 5082 3436 5151 τῆς
3463 5079 3705 5150 ἀσυγχύ-

2118 5185 2212 5222 του
2239 5166 2485 5232 ἑνώσεως
2518 5167 2748 5236 ἔννοιαν,
2775 5170 3149 5244 ὁμολογοῦμεν
3169 5173 3268 5244 τὴν
3299 5173 3458 5242 ἁγίαν
3480 5171 3704 5242 Παρθέ-

2123 5277 2214 5314 νον
2240 5260 2527 5328 Θεοτόκον,
2551 5260 2640 5316 διὰ
2662 5262 2724 5315 τὸ
2746 5263 2838 5316 τδν
2856 5263 2992 5319 Θεὸν
3013 5265 3186 5334 Λόγον
3206 5265 3577 5338 σαρκωθῆναι,
3607 5266 3705 5319 καὶ

2126 5352 2568 5424 ὲνανθρωπῆσαι,
2604 5354 2701 5408 καὶ
2725 5354 2784 5420 ἐξ
2815 5357 2986 5427 αὐτῆς
3023 5357 3120 5428 τῆς
3154 5357 3467 5429 συλλήψεως
3503 5358 3703 5411 ἀνῶσαι

2125 5444 2304 5516 ἑαυτῷ
2344 5446 2436 5498 τὸν
2466 5445 2526 5511 ἐξ
2555 5447 2724 5519 αὐτῆς
2759 5447 3034 5520 ληφθέντα
3064 5450 3212 5506 ναόν.
3245 5451 3358 5514 Τὰς
3385 5451 3444 5506 δδ
3473 5451 3706 5514 εὐαγγε-

1486 5608 1660 5664 Variae
1697 5607 1960 5665 lectiones
1981 5605 2187 5660 codicis
2218 5605 2584 5676 Segnieriani.

503 5733 532 5803 ς
567 5724 885 5794 ἀσφαλείας.
967 5734 986 5762 τ
1023 5723 1305 5795 ὑμέτερον.
