4028 6208
406 296 507 349 1³ῑῖ

1427 294 1481 349 S.
1524 293 1797 348 CYRIIJJ
1838 291 2303 347 ALEXANDRINI
2344 290 2658 345 ARCIIIEP.

3544 292 3642 347 17⁸6

412 434 429 460 ι
468 410 597 465 Vivo
620 426 742 481 ego,
785 409 919 465 dicit
957 410 1237 471 Dominus,
1265 407 1393 477 quia
1416 407 1786 476 glorificantes
1818 406 1973 477 105

2076 409 2197 478 κᾷν.
2231 409 2306 461 Οὐ
2350 407 2459 478 γὰρ
2496 407 2561 461 ἂν
2604 403 2960 476 διαψεύσηται
3003 405 3177 474 λέγων
3219 404 3304 459 ὅτι
3337 422 3354 457 ι
3389 404 3475 458 Ζῶ
3512 406 3641 474 ἐγὼ,

406 518 490 554 Ine
507 502 823 570 glorificabo
847 503 927 555 ³⁷⁸.
959 520 976 551 ι
1010 500 1145 555 Cum
1175 499 1358 567 itaque
1382 498 1645 552 Dominus
1667 513 1823 553 meus
1842 498 1971 551 reli-

404 591 747 657 giosissimus
794 591 995 643 Paulus
1040 588 1419 642 comminister
1450 597 1506 641 et
1541 587 1711 642 frater
1746 590 1975 643 Alexan-

403 680 577 732 driam
642 680 929 743 venisset,
982 695 1174 748 magna
1232 678 1400 732 animi
1457 680 1736 748 voluptate
1791 680 1974 735 affecti

403 784 614 829 sumus,
642 784 742 822 nec
768 768 1062 832 immerito,
1089 776 1277 838 utpote
1302 784 1425 823 cum
1456 769 1579 822 talis
1597 770 1681 823 vir
1705 770 1975 826 mediator

402 866 547 909 esset
594 857 973 933 interpositus,
1021 865 1077 911 et
1109 859 1365 928 majores,
1403 873 1567 927 quam
1603 874 1704 928 pro
1736 859 1970 925 viribus,

404 951 620 1004 labores
646 951 799 1002 adire
823 965 990 1003 ausus
1018 957 1185 1013 esset,
1212 956 1271 1003 ut
1290 948 1495 1003 diaboli
1520 948 1781 1004 invidiam
1814 965 1976 1020 supc-

405 1049 573 1103 rarct,
604 1056 668 1095 ac
699 1041 970 1110 disjuneta
999 1041 1377 1111 conjungeret,
1410 1047 1737 1109 nostrasque
1783 1048 1837 1094 et
1878 1054 1993 1098 ve-.
2014 1098 2040 1109 ,

405 1141 546 1188 stras
592 1133 885 1197 Ecclesias,
935 1148 1056 1202 qua
1108 1133 1521 1187 intervenerant
1571 1131 1976 1187 offensionibus

404 1224 655 1288 sublatis,
678 1223 971 1278 concordia
993 1232 1047 1277 et
1069 1237 1200 1293 pace
1226 1230 1536 1278 coronaret.
1558 1222 1769 1288 Quibus
1788 1230 1973 1276 autem

404 1320 472 1373 de
521 1318 703 1373 causis
752 1317 858 1371 illa
908 1316 1172 1372 dissidere
1204 1316 1495 1385 eaperint,
1542 1331 1973 1371 commemorare

405 1424 873 1481 supervacaneum
905 1417 1010 1463 est.
1040 1406 1415 1477 Opportunius
1440 1416 1623 1463 autem
1658 1423 1857 1463 censeo
1877 1449 1891 1473 ,
1926 1409 1972 1463 si

404 1519 467 1557 ea
498 1502 820 1565 sentiamus,
855 1501 922 1556 de
954 1501 1021 1555 iis
1050 1501 1339 1570 loquamur
1375 1517 1496 1571 qua
1540 1502 1692 1572 pacis
1738 1501 1972 1571 tempori

404 1595 760 1649 conveniunt.
786 1592 1055 1648 Oblectati
1086 1609 1278 1647 sumus
1300 1593 1484 1662 itaque
1514 1592 1803 1648 memorati
1835 1593 1970 1663 piis-

406 1687 529 1741 simi
553 1687 658 1740 viri
689 1700 985 1755 congressu
1020 1703 1033 1739 :
1065 1686 1160 1755 qui
1184 1685 1419 1741 fortasse
1449 1702 1560 1741 non
1588 1702 1757 1757 parva
1789 1695 1970 1741 certa-

405 1779 550 1834 mina
577 1794 635 1833 se
661 1778 942 1833 obiturum
969 1777 1373 1848 suspicabatur,
1399 1786 1460 1833 ut
1489 1778 1651 1833 nobis
1675 1777 1971 1848 persuade-

406 1878 508 1933 ret,
544 1880 683 1938 opus
711 1883 833 1923 esse
878 1878 939 1923 ut
966 1868 1019 1922 in
1051 1868 1402 1923 concordiam
1444 1878 1501 1924 et
1536 1884 1725 1939 pacem
1766 1884 1971 1924 conne-

402 1967 689 2014 cterentur
715 1958 993 2022 Ecclesia,
1039 1959 1435 2029 tollereturque
1477 1960 1763 2013 hominum
1808 1960 1971 2014 aliter

403 2050 759 2105 sentientium
790 2049 997 2114 irrisio,
1024 2065 1087 2103 ac
1116 2049 1398 2104 diabolica
1428 2049 1795 2119 improbitatis
1826 2050 1976 2106 acies

403 2141 816 2197 retunderetur.
845 2141 1048 2195 Verum
1082 2140 1157 2194 ita
1190 2156 1291 2194 nos
1319 2140 1387 2194 ad
1429 2156 1550 2195 eam
1596 2157 1712 2196 rem
1753 2151 1973 2211 paratos

402 2233 692 2304 comperit,
732 2240 793 2287 ut
826 2231 1037 2285 nullum
1083 2231 1306 2302 penitus
1339 2230 1581 2287 laborem
1626 2232 1970 2287 sustinuerit.

403 2324 672 2379 Memores
715 2322 864 2377 enim
910 2337 1100 2376 sumus
1148 2321 1452 2377 Salvatoris
1487 2323 1658 2377 nostri
1688 2323 1921 2378 dicentis
1956 2341 1968 2376 :

410 2436 428 2468 ι
468 2416 878 2470 Pacemmeam
925 2413 997 2468 do
1043 2414 1221 2478 vobis,
1271 2430 1463 2484 pacem
1490 2431 1665 2470 meam
1718 2416 1972 2486 relinquo

399 2505 559 2561 vobis
581 2504 646 2560 ³⁸.
686 2526 703 2557 ι
746 2504 888 2571 Quin
920 2505 1099 2559 edocti
1128 2521 1345 2574 quoque
1368 2522 1577 2569 sumus,
1606 2514 1665 2559 ut
1706 2506 1761 2560 in
1787 2512 1970 2577 quotl-

402 2596 584 2651 dianis
620 2596 1031 2667 precationibus
1053 2595 1346 2650 dicamus:
1385 2616 1401 2646 ι
1442 2596 1671 2651 Domine
1698 2597 1843 2651 Deus
1870 2612 1971 2651 no-

403 2698 537 2753 ster,
566 2703 753 2759 pacem
788 2688 855 2742 da
887 2688 1078 2752 nobis;
1127 2687 1309 2742 omnia
1358 2689 1503 2742 enim
1544 2689 1832 2744 reddidisti
1875 2705 1973 2743 no-

403 2782 490 2835 bis
513 2782 579 2835 ”.
611 2799 629 2831 ι
671 2779 932 2849 Quisquis
959 2778 1127 2848 igitur
1153 2778 1305 2848 pacis
1340 2795 1461 2849 qua
1500 2797 1529 2835 a
1558 2782 1669 2835 Deo
1710 2783 1973 2837 tribuitur

402 2870 679 2941 particeps
724 2877 830 2933 est,
871 2869 1078 2924 nullius
1127 2869 1259 2924 boni
1310 2871 1595 2943 indigebit.
1637 2872 1793 2940 Quod
1840 2891 1972 2930 vero

396 2962 772 3017 Ecclesiarum
828 2961 1098 3016 dissensio
1149 2962 1422 3031 superflua
1469 2980 1695 3033 prorsus
1736 2973 1791 3020 et
1834 2967 1971 3023 citra

400 3055 571 3107 ullam
603 3053 804 3123 justam
831 3068 1050 3107 causam
1078 3053 1364 3119 acciderit,
1392 3054 1447 3109 id
1477 3070 1543 3109 ex
1573 3056 1780 3121 charta,
1808 3074 1971 3127 quam
1999 3090 2044 3150 ε

402 3144 660 3200 ιίεωίηυε
724 3159 879 3198 meus
937 3143 1382 3214 religiosissimus
1432 3146 1722 3216 episcopus
1770 3149 1971 3204 Paulus

400 3253 553 3291 nunc
596 3237 801 3301 attulit,
849 3236 1134 3291 evidenter
1172 3238 1547 3307 cognovimus,
1580 3256 1700 3308 qua
1730 3240 1971 3310 irrepre-

406 3326 736 3384 hensibilem
788 3328 1034 3382 continet
1084 3327 1211 3382 fidei
1261 3330 1700 3397 confessionem;
1740 3348 1971 3403 eamque

402 3435 527 3474 eum
557 3435 587 3473 a
610 3428 700 3474 tua
736 3420 1042 3486 sanctitate,
1072 3429 1185 3475 tum
1211 3437 1241 3476 a
1268 3423 1481 3477 eateris
1503 3439 1720 3493 quoque
1750 3425 1971 3495 religio-

403 3512 639 3568 sissimis
664 3512 938 3583 episcopis
969 3513 1062 3582 qui
1102 3512 1215 3567 illic
1246 3513 1471 3585 degunt,
1503 3516 1857 3585 compositam
1882 3532 1971 3571 as-

405 3605 624 3660 serebat
652 3622 664 3658 :
701 3619 863 3675 quam
888 3604 1052 3659 etiam
1091 3604 1158 3658 ad
1182 3604 1413 3659 verbum
1458 3605 1588 3661 huic
1621 3615 1822 3661 nostra
1852 3608 1973 3677 epi-

403 3697 557 3752 stola
578 3696 820 3751 inserere
837 3695 1060 3765 placuit.
1084 3694 1259 3749 Habet
1273 3704 1455 3749 autem
1472 3696 1620 3751 hunc
1640 3696 1693 3750 in
1716 3697 1937 3752 modum
1957 3716 1971 3752 :

474 3790 549 3843 De
577 3787 799 3859 Virgine
826 3796 1008 3841 autem
1040 3787 1134 3841 Dei
1159 3786 1439 3844 Genitrice
1462 3789 1738 3858 quomodo
1771 3791 1977 3845 sentia-

405 3896 528 3936 mus
555 3889 610 3934 et
639 3881 947 3949 loquamur,
983 3880 1159 3950 deque
1192 3880 1459 3951 unigeniti
1492 3881 1611 3936 Filii
1659 3883 1754 3937 Dei
1793 3883 1975 3938 incar-

406 3971 645 4027 nationis
674 3971 858 4036 modo,
900 3971 1231 4036 necessario,
1276 3987 1384 4025 non
1431 3973 1587 4042 quasi
1635 3972 1842 4043 aliquid
1882 3973 1978 4027 ad-

402 4066 714 4136 iungamus,
751 4063 847 4118 sed
874 4062 930 4117 in
967 4062 1359 4117 satisfactionis
1398 4062 1593 4129 forma,
1620 4072 1680 4117 ut
1707 4064 1820 4134 jam
1850 4063 1975 4119 inde

405 4155 475 4209 ab
490 4154 656 4209 initio
696 4170 763 4209 ex
809 4153 1011 4208 divinis
1041 4153 1264 4208 Litteris
1293 4162 1716 4224 sanctorumque
1754 4153 1975 4210 Patrum

408 4245 703 4302 traditione
759 4245 1114 4315 accepimus,
1175 4244 1418 4300 breviter
1485 4245 1779 4311 dicemus,
1836 4246 1975 4302 nihil

408 4336 634 4391 omnino
658 4334 926 4389 addentes
956 4333 1082 4388 ﬁdei
1115 4335 1171 4389 in
1209 4335 1385 4390 Nicaa
1416 4352 1447 4391 a
1489 4337 1691 4393 sanctis
1722 4338 1976 4393 Patribus

407 4426 687 4497 exposita.
710 4424 807 4479 llla
828 4439 1083 4495 namque,
1111 4432 1171 4479 ut
1201 4426 1356 4495 prius
1385 4425 1593 4480 dictum
1620 4434 1703 4481 est
1734 4442 1764 4480 a
1793 4426 1973 4491 nobis,
2009 4417 2052 4473 Ι)

406 4520 474 4573 ad
498 4532 717 4573 omnem
742 4516 963 4587 pietatis
995 4516 1366 4586 cognitionem
1395 4516 1683 4585 omnisque
1700 4516 1974 4571 baretiea

406 4610 691 4681 pravitatis
726 4608 884 4678 106
912 4606 1296 4662 refutationem
1338 4607 1556 4662 suﬂicit.
1587 4608 1840 4663 Dicemus
1872 4622 1973 4661 au-

408 4710 513 4755 tem
540 4716 646 4754 non
671 4699 827 4769 quasi
851 4714 915 4753 ea
938 4697 1319 4769 aggrediamur
1340 4714 1460 4768 qua
1481 4708 1700 4768 captum
1724 4707 1972 4753 nostrum

403 4792 696 4855 excedunt,
742 4790 838 4847 sed
874 4798 939 4845 ut
972 4790 1207 4860 propria
1250 4791 1587 4846 infirmitatis
1627 4791 1972 4847 confessione

403 4882 761 4939 exeludamus
820 4896 919 4937 eos
978 4880 1072 4950 qui
1139 4893 1239 4935 nos
1289 4880 1493 4935 adoriri
1531 4880 1722 4946 velint,
1774 4881 1868 4935 ubi
1902 4896 1966 4936 ea

402 4977 816 5035 consideramus
862 4989 982 5047 qua
1047 4974 1340 5028 humanam
1399 4973 1815 5045 intelligentiam
1872 4990 1968 5030 su-

404 5080 619 5145 perant.

470 5165 813 5221 Conﬁtemur
869 5163 1059 5232 itaque
1136 5160 1429 5215 Dominum
1476 5166 1726 5214 nostrum
1789 5161 1974 5215 Jesum

404 5255 683 5312 Christum
716 5256 914 5310 Filium
939 5255 1034 5309 Dei
1071 5252 1433 5323 unigenitum,
1472 5252 1643 5305 Deum
1683 5267 1804 5305 esse
1847 5267 1975 5321 per-

2079 499 2227 567 λέγει
2261 498 2499 569 Κύριος’
2540 497 2621 550 ὅτι
2670 499 2796 559 τοὺς
2843 496 3171 563 δοξάσαντάς
3230 512 3297 565 με
3341 494 3570 558 δοξάσω.
3620 515 3639 546 ι

2089 588 2446 658 ’Δφικομένου
2488 587 2668 641 τοίνυν
2700 589 2779 650 εἰς
2812 587 2911 656 τὴν
2957 584 3366 657 Ἀλεξάνδρειαν
3403 584 3498 638 τοῦ
3544 604 3641 638 κυ-

2080 681 2194 753 ρίου
2266 698 2368 750 μου
2423 679 2519 733 τοῦ
2585 678 3003 747 θεοφιλεστάτου
3061 677 3474 748 συλλειτουργοῦ
3551 679 3646 729 καὶ

2075 772 2307 841 ἀδελφοῦ
2324 771 2561 835 Παύλου,
2585 770 2849 841 θυμηδίας
2867 767 3303 841 ὲμπεπλήσμεθα
3322 770 3414 822 καὶ
3439 768 3645 839 σφόδρα

2075 864 2318 928 εἰκότως,
2352 864 2427 927 ὡς
2456 862 2647 933 ἀνδρὸς
2690 862 2932 915 τοιούτου
2974 859 3371 931 μεσιτεύοντος.
3411 859 3646 921 καὶτοῖς

2073 954 2214 1026 ὑπὲρ
2257 953 2483 1024 δύναμιν
2522 954 2705 1015 πόνοις
2738 951 2995 1022 ἑλομένου
3023 951 3393 1021 προσομιλεῖν,
3440 950 3525 1002 ἴνα
3554 949 3644 1001 τὸν

2074 1052 2168 1105 τοῦ
2204 1051 2455 1106 διαὸόλου
2488 1050 2685 1120 νικήσῃ
2735 1048 2950 1117 φθόνον,
2979 1048 3074 1101 καὶ
3104 1045 3316 1117 συνάψῃ
3348 1044 3417 1097 τά
3455 1045 3643 1115 διῃρη-

2075 1142 2234 1215 μένα,
2266 1141 2362 1195 καὶ
2389 1142 2459 1195 τά
2497 1139 2699 1212 μεταξὺ
2734 1137 3093 1210 διερριμμένα
3124 1146 3150 1185 1
3186 1136 3453 1190 σκάνδαλα
3484 1152 3643 1206 περι-

2073 1231 2231 1297 ελὼν,
2281 1231 2503 1302 ὁμονοίᾳ
2533 1230 2628 1284 καί
2668 1232 2857 1301 εἰρήνῃ
2903 1228 3219 1299 στεφανώσῃ
3269 1228 3367 1290 τάς
3409 1244 3469 1279 τε
3513 1227 3643 1298 παρ’

2074 1327 2225 1395 ἡμῖν,
2254 1324 2349 1377 καὶ
2385 1322 2483 1387 τὰς
2517 1322 2645 1393 παρ’
2679 1322 2807 1392 ὑμῖν
2855 1320 3197 1391 Ἐκκλησίας⁶
3231 1318 3363 1371 Τίνα
3401 1318 3498 1389 μὲν
3536 1320 3643 1390 γὰρ

2072 1415 2357 1487 διῄρηνται
2399 1413 2626 1485 τρόπον,
2673 1410 2926 1482 περιττὸν
2970 1412 3165 1464 εἰπεῖν.
3195 1409 3406 1480 Χρῆναι
3432 1409 3488 1461 δὲ
3517 1410 3645 1462 ὑπο-

2073 1506 2335 1576 λαμϐάνω
2381 1504 2448 1558 τά
2490 1503 2567 1574 τῷ
2612 1503 2711 1574 τῆς
2749 1503 2975 1573 εἰρήνης
3003 1503 3283 1571 πρέποντα
3313 1498 3511 1571 καιρῷ,
3550 1501 3645 1553 καὶ

2074 1600 2289 1669 φρονεῖν
2319 1596 2413 1650 καὶ
2439 1596 2638 1650 λαλεϊν.
2668 1594 2957 1665 Ἦσθημεν
2973 1593 3154 1647 τοίνυν
3175 1594 3239 1662 τῇ
3266 1591 3525 1662 συντυχίᾳ
3550 1589 3643 1643 τοῦ

2078 1688 2541 1760 μνημονευθέντος
2572 1684 2993 1740 θεοσεδεστάτου
3025 1682 3213 1754 ἀνδρός
3233 1698 3248 1713 ο
3276 1680 3335 1744 ὃς
3361 1681 3501 1751 τάχα
3541 1698 3643 1734 που

2074 1782 2169 1836 καὶ
2195 1780 2414 1850 ἀγῶνας
2447 1780 2590 1847 ἕξειν
2630 1779 2691 1831 οὐ
2725 1778 2952 1849 μικροὺς
2978 1775 3297 1846 ὑπενόησεν,
3340 1773 3644 1828 ἀναπείθων

2073 1875 2242 1945 ἡμᾶς,
2273 1873 2353 1925 ὁτι
2381 1872 2488 1943 χρὴ
2513 1870 2749 1940 συνάψαι
2769 1869 2907 1940 πρὸς
2934 1869 3161 1941 εἰρήνην
3175 1867 3270 1930 τὰς
3298 1865 3644 1936 Ἐκκλησίαῇ

2073 1966 2169 2018 καὶ
2195 1963 2288 2017 τὸν
2309 1962 2417 2016 τῶν
2438 1961 2765 2033 ἑτεροδόξων
2802 1959 3061 2029 ἀφανίσαι
3089 1957 3321 2028 γέλωτα,
3350 1957 3644 2028 ἀπαμϐλῦ-

2073 2056 2161 2111 ναί
2193 2073 2252 2109 τε
2300 2055 2433 2126 πρὸς
2468 2054 2644 2125 τούτῳ
2684 2053 2786 2123 τῆς
2817 2050 2908 2105 τοῦ
2941 2050 3189 2105 διαϐόλου
3223 2048 3548 2119 δυστροπίας
3585 2049 3647 2101 τὸ

2074 2150 2314 2220 κέντρον.
2362 2148 2626 2217 Ἐτοίμως
2650 2146 2707 2199 δὲ
2744 2144 2916 2207 οὕτως
2944 2144 3166 2213 ἔχοντας
3194 2141 3287 2195 ἐπὶ
3306 2141 3480 2211 τούτῳ
3519 2157 3647 2193 κατ-

2075 2244 2303 2307 έλαδεν,
2351 2243 2427 2307 ὡς
2491 2242 2697 2314 μηδένα
2762 2241 2921 2294 πόνον
3002 2237 3297 2305 ὑποστῆναι
3347 2234 3643 2297 παντελῶς.

2074 2335 2417 2406 Μεμνήμεθα
2452 2333 2562 2405 γάρ
2604 2332 2697 2386 τοῦ
2736 2331 2986 2402 Σωτῆρος
3029 2329 3309 2397 λέγοντος·
3351 2346 3368 2377 ι
3412 2327 3647 2396 Εἰρήνην

2074 2428 2172 2498 τὴν
2211 2427 2349 2499 ὲμὴν
2382 2426 2575 2498 δίδωμι
2622 2426 2782 2496 ὑμῖν·
2836 2425 3058 2495 εἰρήνην
3094 2420 3193 2493 τὴν
3245 2419 3386 2491 ὲμὴν
3442 2419 3644 2487 ἀφίημι

2075 2519 2227 2589 ὑμῖν.
2272 2538 2290 2569 ι
2324 2517 2691 2588 Δεδιδάγμεθα
2730 2517 2787 2569 δὲ
2826 2516 2920 2569 καὶ
2955 2515 3137 2583 λέγειν
3177 2514 3233 2565 ὲν
3278 2511 3605 2581 προσευχαῖς
3628 2544 3646 2559 ,.

2080 2630 2099 2662 ι
2139 2607 2310 2682 Κύριε
2338 2612 2365 2664 ὁ
2405 2609 2537 2673 Θεὸς
2569 2608 2747 2679 ἡμῶν,
2783 2609 3004 2678 εἰρήνην
3037 2605 3124 2668 δὸς
3150 2606 3304 2675 ημῖν·
3337 2601 3513 2656 πάντα
3538 2599 3645 2669 γὰρ

2076 2701 2365 2764 ἀπέδωκας
2385 2702 2538 2771 ἡμῖν.
2571 2719 2589 2752 ι
2619 2698 2783 2751 Ὥστε
2811 2698 2865 2751 εἴ
2890 2716 2974 2761 τις
3004 2698 3061 2751 ὲν
3086 2694 3297 2767 μεθέξει
3320 2694 3528 2762 γένοιτο
3547 2694 3645 2761 τῆς

2076 2790 2228 2862 παρά
2277 2790 2411 2844 Θεοῦ
2459 2788 2871 2861 χορηγουμένης
2909 2788 3151 2858 εἰρήνης,
3197 2784 3450 2854 ἀνενδεὴς
3494 2782 3645 2835 ἔσται

2077 2880 2274 2944 παντὸς
2316 2879 2541 2948 ἀγαθοῦ.
2580 2880 2700 2931 Ὅτι
2729 2877 2787 2931 δὲ
2826 2876 3054 2949 περιττὴ
3110 2873 3389 2936 παντελῶς
3428 2872 3520 2925 καὶ
3546 2872 3644 2925 οὐκ

2076 2972 2389 3043 εὑὰφορμος
2433 2973 2467 3043 ἡ
2519 2971 2629 3023 τῶν
2680 2968 3016 3039 Ἐκκλησιῶν
3070 2964 3386 3036 διχοστασία
3431 2962 3642 3031 γέγονε,

2077 3065 2192 3117 νυνὶ
2235 3063 2467 3134 μάλιστα
2502 3058 3060 3132 πεπληροφορήμεθα,
3089 3057 3180 3110 τοῦ
3204 3054 3393 3127 κυρίου
3423 3071 3522 3125 μου
3550 3050 3642 3105 τοῦ

2074 3155 2464 3210 εὐσεϐεστάτου
2488 3152 2702 3207 Παύλου
2721 3151 3018 3205 ἐπισκόπου
3049 3149 3257 3220 χάρτην
3287 3144 3645 3217 προκομίσανσ

2072 3267 2164 3313 τος
2200 3258 2249 3312 ι,
2277 3246 2597 3316 ἀδιάϐλητον
2620 3245 2811 3315 ἔχοντα
2837 3245 2934 3315 τῆς
2956 3244 3187 3304 πίστεως
3210 3240 3306 3310 τὴν
3334 3237 3642 3310 ὁμολογίαν,

2072 3341 2167 3394 καί⁹
2196 3339 2399 3410 ταύτην
2447 3338 2807 3408 συντετάχθαι
2852 3333 3336 3404 διαϐεϐαιουμένου
3388 3330 3537 3401 παρά
3586 3346 3643 3382 τε

2071 3432 2174 3501 τῆς
2201 3430 2301 3501 σῆς
2346 3430 2644 3500 ὁσιότητος,
2680 3428 2775 3481 καὶ
2819 3427 2927 3481 τῶν
2977 3426 3165 3479 αὐτόθι
3216 3422 3645 3493 θεοφιλεστάτων

2073 3521 2405 3574 ἐπισκόπων.
2441 3519 2595 3589 Ἐχει
2623 3518 2680 3571 δὲ
2718 3516 2889 3579 οὕτως
2924 3518 2956 3585 ἠ
2989 3514 3302 3585 συγγραφὴ,
3332 3512 3425 3567 καὶ
3458 3512 3647 3574 αὐταῖς

2073 3612 2283 3677 λέξεσιν
2306 3611 2608 3665 ἐντέθει-αι
2642 3609 2767 3681 τῇδε
2798 3607 2956 3680 ἡμῶν
2980 3610 3046 3679 τῇ
3074 3605 3356 3676 ἐπιστολῇο

2148 3790 2286 3866 Περὶ
2316 3792 2373 3848 δὲ
2403 3792 2503 3864 τῆς
2546 3792 2809 3846 Θεοτόκου
2855 3788 3135 3860 Παρθένου
3161 3787 3309 3850 ὅπως
3366 3784 3460 3840 καὶ
3515 3800 3649 3856 φρο-

2077 3886 2295 3957 νοῦμεν,
2332 3884 2426 3938 καὶ
2456 3883 2708 3954 λέγομεν,
2742 3880 2837 3935 τοῦ
2862 3898 2920 3934 τε
2941 3879 3141 3951 τρόπου
3169 3878 3268 3949 τῆς
3298 3875 3651 3946 ἐνανθρωπή-

2081 3993 2223 4040 σεως
2248 3975 2339 4029 τοῦ
2369 3972 2690 4045 μονογενοῦς
2724 3971 2855 4025 Υίοῦ
2880 3970 2975 4024 τοῦ
3010 3967 3169 4035 Θεοῦ,
3196 3966 3526 4035 ἀναγκαίως,
3552 3965 3650 4018 οὐκ

2077 4068 2136 4120 ὲν
2165 4066 2484 4137 προσθήκης
2520 4064 2700 4135 μέρει,
2736 4062 2850 4117 ἀλλ’
2893 4063 2951 4115 ὲν
2987 4058 3359 4132 πληροφορίας
3401 4057 3552 4122 εἴδει,
3575 4056 3651 4120 ὡς

2077 4156 2286 4210 ἀνωθεν
2319 4155 2382 4209 ἐκ
2405 4172 2464 4207 τε
2496 4154 2607 4208 τῶν
2646 4154 2807 4207 θείων
2833 4153 3085 4224 ΓραφιῖΝ,
3113 4151 3177 4204 ἐκ
3209 4167 3267 4203 τε
3296 4149 3395 4221 τῆς
3423 4147 3655 4219 παραδό⁴

2079 4265 2216 4311 σεως
2245 4246 2354 4300 τῶν
2385 4246 2555 4313 ἀγίων
2581 4246 2844 4316 Πατέρων
2880 4242 3274 4314 παρειληφότες
3314 4240 3649 4311 ἐσχήκαμεν,

2077 4338 2164 4392 διὰ
2183 4336 2429 4409 βραχέων
2460 4334 2717 4406 ἐροῦμεν,
2751 4335 2902 4388 οὐδὲν
2936 4333 2997 4386 τὸ
3024 4331 3242 4385 σύνολον
3273 4329 3652 4401 προστιθέντες

2079 4432 2146 4501 τῇ
2188 4428 2297 4483 τῶν
2349 4428 2519 4497 ἀγίων
2562 4426 2822 4497 Πατέρων
2860 4426 2968 4479 τῶν
3010 4427 3068 4477 ὲν
3110 4423 3316 4494 Νικαία
3364 4421 3649 4491 ὲκτεθείσῃ

2081 4523 2282 4575 πίστει.
2331 4520 2418 4584 Ὠς
2468 4520 2577 4590 γὰρ
2624 4518 2867 4590 ἔφθημεν
2908 4516 3212 4591 εἰρηκότες,
3272 4512 3411 4585 πρὸς
3468 4514 3650 4565 πᾶσαν

2081 4613 2304 4684 ἐξαρκεῖ
2329 4612 2422 4666 καὶ
2452 4609 2739 4674 εὐσεϐείας
2768 4607 2989 4679 γνῶσιν,
3020 4608 3199 4677 πάσης
3243 4604 3338 4659 καὶ
3372 4601 3654 4673 αἰρετικῆς

2082 4701 2402 4769 κακοδοξίας
2444 4701 2801 4773 ἀποκήρυξιν.
2867 4699 3131 4770 Ἐροῦμεν
3174 4697 3231 4751 δὲ
3284 4697 3345 4749 οὑ
3397 4693 3656 4748 κατατολ-

2087 4793 2295 4864 μῶντες
2341 4793 2449 4847 τῶν
2487 4794 2814 4863 ἀνεφίκτων,
2846 4790 2981 4845 ἀλλά
3025 4792 3091 4861 τῇ
3130 4786 3394 4860 ὁμολογίᾳ
3445 4783 3546 4853 τῆς
3570 4783 3657 4835 σί-

2075 4883 2229 4947 κείας
2260 4882 2569 4951 ἀσθενείας,
2601 4882 2984 4945 ἀποκλείοντες
3024 4882 3137 4944 τοῖς
3172 4874 3495 4947 ὲπιφύεσθαι
3537 4873 3659 4943 βου-

2073 4974 2342 5046 λομένοις,
2379 4975 2436 5027 ὲν
2469 4969 2550 5039 οἷς
2578 4974 2647 5027 τά
2695 4974 2835 5045 ὑπὲρ
2875 4963 3160 5044 ἄνθρωπον
3195 4965 3655 5038 διασκεπτόμεθα.

2162 5158 2563 5231 ὀμολογοῦμεν
2590 5156 2879 5228 τοιγαροῦν
2906 5156 2998 5209 τὸν
3027 5154 3232 5227 Κύριον
3266 5151 3423 5224 ἡμῶν
3454 5147 3657 5220 Ἰησοῦν

2082 5254 2337 5324 Χριστὸν,
2381 5253 2474 5305 τὸν
2531 5251 2660 5305 Υίδν
2711 5249 2806 5304 τοῦ
2872 5248 3009 5302 Θεοῦ
3062 5249 3154 5301 τὸν
3205 5242 3492 5318 μονογενῆ,
3526 5239 3657 5293 Θεὸν

409 5348 633 5409 lectum,
664 5354 722 5399 et
748 5346 1023 5400 hominem
1054 5344 1358 5415 perfectum
1398 5359 1465 5399 ex
1505 5343 1686 5396 anima
1722 5343 1978 5400 rationali

2083 5344 2304 5409 τέλειον,
2357 5343 2453 5397 καὶ
2499 5341 2786 5415 ἄνθρωπον
2845 5339 3049 5396 τέλειον
3102 5339 3167 5393 ὲκ
3211 5335 3389 5408 ψυχῆς
3434 5328 3658 5401 λογικῆς

479 5504 542 5534 ³⁷“
578 5502 597 5555 l
632 5501 764 5569 Reg.
790 5516 845 5563 ιι,
870 5499 957 5552 50.
1048 5496 1091 5529 "‘
1122 5498 1273 5552 Joan.
1324 5515 1433 5564 xw,
1474 5498 1565 5553 27.
1638 5496 1681 5529 ”
1707 5496 1809 5553 Isa.
1832 5513 1975 5565 xxvn,
2006 5498 2090 5553 l2.

1464 5616 1637 5674 Varia
1670 5616 1933 5675 lectiones
1970 5615 2177 5673 codicis
2203 5616 2564 5679 Seguieriani.

484 5732 811 5807 ιγεγονότα.
891 5741 909 5767 ι
945 5730 1425 5800 προσκομίσαντες.
