4028 6208
392 372 466 426 77

1706 371 2037 428 EPISTOLA
2078 365 2317 426 XXXIX.

3507 367 3607 420 ΠΒ

364 491 466 542 καὶ
789 488 899 560 πρὸ
918 487 1132 543 αιώνων
1159 488 1258 559 μὲν
1283 487 1349 541 ἑκ
1376 486 1470 540 τοῦ
1500 486 1712 557 Πατρός
1743 503 1935 556 γεννη-

2047 495 2091 541 et
2135 498 2370 554 corpore
2419 483 2814 546 constitutum;
2859 490 2986 537 ante
3036 479 3234 538 saecula
3275 479 3500 552 quidem
3541 498 3611 538 ex

366 578 530 630 θέντα
554 575 689 629 κατὰ
715 576 821 646 τὴν
849 576 1101 648 θεότητα,
1129 577 1215 630 ἐπ’
1241 576 1486 646 ἐσχάτων
1512 576 1570 629 δὲ
1589 575 1696 630 τῶν
1718 574 1939 648 ἡμερῶν

2047 578 2199 631 Patre
2229 584 2420 630 natum
2441 574 2744 630 secundum
2771 573 3136 654 divinitatem,
3161 573 3459 642 postremis
3479 589 3612 629 vero

365 669 456 720 τὸν
478 667 637 720 αὑτὸν
672 667 742 720 δι’
772 669 942 738 ἡμᾶς,
981 669 1075 722 καὶ
1097 668 1184 722 διὰ
1211 668 1311 740 τὴν
1337 669 1613 740 ἡμετέραν
1643 669 1937 740 σωτηρίαν,

360 759 424 810 ὲκ
462 758 689 828 Μαρίας
734 758 838 828 τῆς
878 759 1155 830 Παρθένου
1199 761 1341 814 κατὰ
1384 759 1481 830 τὴν
1507 760 1935 832 ἀνθρωπότηταθ

353 850 648 918 ἑμοούσιον
697 850 776 919 τῷ
819 852 995 922 Πατρὶ
1042 851 1134 904 τὸν
1171 851 1333 905 αὐτὸν
1377 850 1520 904 κατὰ
1558 851 1657 922 τὴν
1687 850 1937 921 θεότητα,

351 939 451 991 καὶ
489 940 784 1009 ὁμοούσιον
812 943 942 1012 ἡμῖν
964 942 1105 994 κατὰ
1125 942 1223 1014 τὴν
1249 941 1663 1012 ἀνθρωπότητα.
1705 940 1810 994 Δύο
1831 939 1940 1011 γὰρ

351 1029 583 1096 φύσεων
611 1031 805 1095 ἓνωσις
833 1032 1024 1099 γέγονε
1048 1049 1062 1062 °
1100 1033 1182 1086 διὸ
1218 1032 1317 1086 ἕνα
1365 1031 1617 1102 Χριστὸν,
1663 1030 1758 1084 ἕνα
1789 1030 1940 1098 Υίὸν,

351 1119 454 1173 ἕνα
516 1121 727 1190 Κύριον
777 1121 1169 1192 ὁμολογοῦμεν.
1215 1121 1372 1174 Κατὰ
1414 1120 1622 1190 ταύτην
1681 1121 1778 1192 τὴν
1840 1121 1940 1191 τῆς

351 1211 671 1281 ἀσυγχύτου
705 1213 952 1276 Ξνώσεως
997 1213 1207 1267 ἔννοιαν
1237 1211 1608 1284 ὁμολογοῦμεν
1639 1212 1739 1283 τὴν
1783 1212 1942 1280 ἁγίαν

351 1304 647 1374 Παρθένον
694 1305 974 1372 Θεοτόκον,
1003 1305 1092 1359 διὰ
1131 1306 1195 1358 τὸ
1224 1306 1317 1358 τὸν
1355 1304 1490 1358 Θεὸν
1520 1304 1696 1372 Λόγον
1723 1321 1940 1375 σαρκωο

353 1394 548 1464 θῆναι,
578 1395 674 1449 καὶ
699 1395 1141 1467 ὲνανθρωπῆσαι,
1172 1397 1268 1450 καὶ
1298 1398 1357 1463 ὲξ
1401 1397 1575 1467 αὐτῆς
1613 1395 1713 1466 τῆς
1747 1393 1942 1463 συλλή-

355 1485 508 1553 ψεως
563 1485 764 1539 ὲνῶσαι
809 1487 988 1558 ἐαυτῷ
1034 1487 1126 1540 τὸν
1162 1487 1221 1553 ἐξ
1256 1486 1428 1557 αὐτῆς
1468 1485 1739 1556 ληφθέντα
1792 1485 1939 1538 ναόν.

357 1576 472 1640 Τὰς
507 1575 563 1629 δὲ
590 1576 956 1645 εύαγγελικὰς
990 1577 1087 1630 καὶ
1119 1576 1483 1640 ἀποστολικὰς
1509 1576 1637 1646 περὶ
1682 1573 1776 1628 τοῦ
1831 1576 1942 1627 Κυ-

362 1667 483 1736 ρίου
513 1668 721 1736 φωνὰς,
752 1669 907 1739 ἴσμεν
959 1669 1086 1732 τοὺς
1119 1669 1434 1736 θεολόγους⁶
1459 1667 1682 1739 ἄνδρας,
1714 1666 1815 1730 τὰς
1843 1665 1943 1735 μὲν

359 1760 826 1827 καινοποιοῦντας,
853 1761 931 1823 ὡς
963 1763 1054 1832 ἐφ’
1086 1761 1204 1826 ἑνός
1251 1761 1564 1831 προσώπου,
1603 1760 1701 1823 τὰς
1727 1760 1783 1812 δὲ
1807 1759 1944 1813 διαι-

357 1850 615 1926 ροῦντας,
652 1853 729 1916 ὡς
760 1853 856 1906 ἐπὶ
895 1854 993 1908 δύο
1039 1856 1255 1922 φύσεων
1275 1872 1289 1886 θ
1320 1855 1415 1909 καὶ
1444 1854 1542 1917 τὰς
1574 1854 1670 1924 μὲν
1705 1852 1936 1924 θεοπρε-

357 1946 483 2006 ⁴κείς
513 1944 661 1998 κατὰ
687 1945 788 2016 τὴν
837 1945 1071 2016 θεότητα
1115 1946 1210 2000 τοῦ
1249 1946 1510 2018 Χριστοῦ,
1532 1946 1630 2010 τὰς
1666 1946 1724 1998 δὲ
1751 1961 1941 2000 ταπειο

356 2033 457 2098 νὰς
490 2033 637 2090 κατὰ
661 2033 765 2105 τὴν
788 2034 1193 2107 ὰνθρωπόττιτα
1225 2034 1392 2090 αὐτοῦ
1419 2035 1830 2110 παραδιδόντας.

433 2306 672 2372 ταύταις
733 2307 890 2379 ὑμῶν
950 2309 1262 2380 ἐντυχόντες
1315 2313 1436 2375 ταῖς
1487 2312 1658 2384 ἱεραῖς
1712 2316 1940 2384 φωναῖς,

358 2397 506 2452 οὕτω
547 2415 612 2451 τε
660 2398 756 2452 καὶ
794 2399 1024 2463 ἑαυτοὺς
1073 2399 1403 2472 φρονοῦντας
1446 2402 1790 2474 εὑρίσκοντες
1839 2399 1943 2474 (εἷς

361 2487 475 2558 γὰρ
519 2487 753 2560 Κύριος,
791 2489 892 2560 μία
923 2489 1128 2556 πίστις,
1170 2491 1228 2544 ἐν
1259 2491 1586 2564 βάπτισμα),
1617 2493 1945 2566 ὲδοξάσαμεν

354 2579 451 2632 τὸν
503 2579 618 2632 τῶν
674 2579 814 2634 ὅλων
852 2580 1083 2652 Σωτῆρα
1119 2582 1285 2646 θεὸν,
1325 2582 1574 2655 ἀλλήλοις
1614 2585 1942 2658 συγχαίρονο

353 2685 472 2732 τες,
502 2670 588 2722 ὅτι
624 2672 744 2733 ταῖς
772 2670 1155 2735 θεοπνεύστοις
1183 2673 1444 2745 Γραφαῖς,
1475 2676 1570 2729 καὶ
1598 2678 1664 2747 τῇ
1700 2677 1942 2748 παραδό-

351 2777 444 2814 σει
473 2760 587 2814 τῶν
611 2761 785 2829 ἁγίων
807 2761 968 2832 ἡμῶν
1001 2763 1280 2834 Πατέρων,
1316 2764 1722 2834 συμϐαίνουσαν
1759 2767 1940 2837 ἔχουσι

359 2854 551 2905 πίστιν
591 2855 655 2906 αἴ
684 2871 745 2906 τε
768 2854 897 2926 παρ’
921 2856 1054 2924 ἡμῖν
1075 2855 1170 2908 καὶ
1196 2856 1250 2908 αἱ
1266 2859 1392 2928 παρ’
1419 2857 1548 2928 ύμῖν
1594 2858 1937 2928 Ἐκκλησίαι.

371 2945 597 3016 Ἐπειδὴ
619 2944 677 2998 δὲ
703 2945 982 3014 ἐπυθόμην
1013 2946 1120 2999 τῶν
1161 2947 1470 3017 φιλοψογεῖν
1499 2949 1766 3003 εἰωθότων
1790 2951 1943 3015 τινὰς

361 3035 597 3105 σφηκῶν
626 3036 835 3106 ἀγρίων
876 3036 1036 3106 δίκην
1077 3037 1452 3108 περιϐομόεῖν,
1494 3041 1588 3094 καὶ
1633 3040 1942 3114 μοχθηροὺς

1976 1829 2016 1882 Β

2041 668 2383 737 temporibus
2399 666 2657 723 eumdem
2683 667 2860 736 ipsum
2879 673 3101 736 propter
3118 672 3361 719 nostram
3377 666 3611 720 salutem

2037 775 2105 813 ex
2127 759 2295 813 Maria
2321 759 2544 829 Virgine
2567 758 2870 813 secundum
2897 757 3292 810 humanitatem
3318 775 3332 810 :
3357 757 3611 812 eumdem

2039 850 2187 904 Patri
2215 850 2744 904 consubstantialem
2782 847 3084 903 secundum
3118 847 3488 911 divinitatem,
3511 862 3611 900 no~

2039 939 2126 994 bis
2171 941 2302 994 item
2371 940 2788 995 coesscntialem
2838 938 3142 993 secundum
3189 937 3610 992 humanitatem.

2039 1030 2323 1100 Siquidem
2369 1031 2606 1086 duarum
2655 1040 2976 1085 naturarum
3026 1029 3167 1084 facta
3200 1036 3288 1082 est
3331 1029 3464 1082 unio
3504 1046 3517 1080 :
3556 1033 3613 1082 et

2039 1132 2335 1192 propterea
2381 1137 2550 1175 unum
2589 1121 2892 1186 Christum,
2939 1136 3110 1176 unum
3164 1119 3386 1182 Filium,
3441 1131 3610 1173 unum

2040 1212 2332 1267 Dominum
2382 1211 2727 1267 conﬁtemur.
2778 1211 3092 1266 Secundum
3136 1210 3284 1264 hunc
3317 1209 3615 1262 inconfusa‘.
3694 1218 3699 1224 '

2041 1305 2267 1360 unitatis
2315 1304 2676 1368 intellectum,
2710 1315 2953 1357 sanctam
2998 1302 3276 1372 Virginem
3324 1301 3614 1370 Deiparam

2039 1412 2161 1452 esse
2193 1394 2543 1459 conﬁtemur,
2575 1401 2868 1464 propterea
2894 1393 3041 1463 quod
3079 1394 3225 1447 Deus
3250 1392 3490 1448 Verbum
3528 1391 3614 1445 in-

2040 1497 2323 1544 carnatum
2347 1489 2417 1543 sit
2442 1496 2498 1542 et
2529 1487 2693 1541 homo
2722 1486 2948 1550 factum,
2987 1494 3043 1540 et
3077 1502 3143 1539 ex
3186 1485 3304 1554 ipso
3345 1492 3614 1553 conceptu

2040 1580 2306 1648 templum
2329 1596 2398 1634 ex
2427 1581 2517 1634 illa
2540 1588 2818 1648 sumptum
2845 1578 2948 1632 sibi
2978 1577 3234 1631 univerit.
3262 1575 3618 1646 Evaugetieas

2041 1679 2221 1725 autem
2245 1680 2299 1726 et
2321 1671 2649 1741 apostolicus
2678 1670 2745 1724 de
2770 1670 3000 1723 Domino
3024 1683 3202 1732 voces,
3220 1667 3424 1722 scimus
3458 1667 3614 1720 theo-

2043 1763 2195 1832 logos
2244 1762 2380 1817 alias
2431 1763 2654 1832 quidem
2706 1771 2963 1831 tanquam
3011 1759 3078 1813 ad
3121 1774 3282 1812 unam
3323 1773 3615 1828 personam

2045 1854 2406 1924 pertinentes,
2441 1869 2762 1908 communes
2791 1853 2999 1916 facere;
3030 1851 3165 1905 alias
3189 1866 3320 1904 vero
3357 1857 3616 1918 tanquam

2043 1945 2099 1998 in
2127 1945 2342 1999 duabus
2365 1945 2582 1999 naturis
2604 1943 2820 2006 divisim
2844 1957 3111 2011 usurpare
3139 1959 3150 1994 :
3177 1952 3232 1995 et
3259 1942 3379 1995 illas
3397 1941 3618 2011 quidem

2045 2037 2159 2090 Deo
2213 2035 2408 2107 dignas
2462 2034 2765 2090 secundum
2813 2033 3018 2088 Christi
3069 2033 3451 2098 divinitatem;
3484 2033 3620 2088 alias

2044 2142 2176 2181 vero
2215 2127 2452 2181 humiles
2497 2124 2800 2181 secundum
2856 2123 3004 2178 illius
3052 2123 3451 2178 humanitatem
3507 2130 3618 2177 tra-

2046 2217 2199 2272 dere.

2119 2309 2258 2365 Cum
2281 2309 2382 2364 has
2408 2322 2540 2380 ergo
2566 2323 2752 2364 sacras
2771 2317 2983 2362 vestras
3008 2321 3173 2362 voces
3201 2305 3542 2377 legissemus,
3564 2314 3622 2361 et

2045 2415 2148 2456 nos
2176 2400 2325 2471 ipsos
2351 2415 2572 2471 quoque
2613 2415 2724 2454 non
2755 2399 2918 2454 aliter
2953 2399 3158 2454 sentire
3200 2397 3618 2453 animadvertis-

2043 2508 2230 2548 semus
2264 2492 2324 2563 (ι
2368 2508 2512 2547 unus
2543 2499 2629 2547 est
2676 2491 2825 2546 enim
2877 2491 3162 2557 Dominus,
3235 2505 3343 2544 una
3388 2489 3522 2544 tich
3564 2501 3623 2545 et

2042 2599 2215 2638 unum
2246 2584 2516 2654 baptisma
2539 2583 2631 2652 ⁸⁰);
2653 2602 2670 2636 ι
2699 2583 3124 2655 gloriﬁcavimus
3147 2581 3394 2636 omnium
3433 2580 3618 2636 Salvav

2043 2685 2218 2731 torem
2248 2677 2442 2740 Deum,
2486 2675 2646 2730 nobis
2692 2675 2926 2729 invicem
2971 2675 3438 2745 congratulantes,
3469 2674 3621 2744 quod

2045 2776 2248 2822 nostra:
2305 2776 2609 2837 vestraeque
2643 2766 2905 2820 Ecclesia:
2934 2765 3097 2818 [idem
3130 2765 3335 2819 divinis
3368 2765 3622 2833 Scriptum

2045 2855 2122 2910 ris
2170 2864 2598 2925 sanctorumque
2635 2855 2860 2909 Patrum
2891 2852 3282 2907 traditionibus
3311 2867 3621 2926 congruen-

2045 2957 2154 3001 tem
2203 2947 2461 3002 habeant.
2520 2945 2788 3012 Quoniam
2866 2959 3002 3000 vero
3050 2943 3293 3013 comperi
3356 2943 3621 3012 quosdam

2045 3055 2110 3094 ex
2143 3040 2230 3105 iis,
2257 3040 2461 3110 quibus
2495 3040 2740 3095 cavillari
2793 3053 2912 3093 mos
2963 3045 3070 3102 est,
3126 3037 3300 3091 instar
3324 3035 3622 3107 agrestium
3671 3023 3676 3029 ’

358 3124 696 3196 ἐρεύγεσθαι
733 3127 854 3178 κατ’
875 3125 1013 3195 ἐμοῦ
1035 3127 1246 3196 λόγους,
1266 3129 1341 3193 ὡς
1367 3131 1424 3197 ἐξ
1457 3131 1684 3204 ούρανοῦ
1707 3151 1940 3188 κατακο-

2050 3147 2343 3201 vesparum
2382 3131 2864 3201 circumstrepere,
2909 3129 3301 3199 improbosque
3341 3143 3626 3182 sermones

367 3216 604 3285 μισθὶν,
633 3217 727 3270 καὶ
761 3217 862 3270 οὐκ
890 3219 957 3271 ἑκ
992 3218 1093 3288 τῆς
1117 3220 1277 3288 ἁγίας
1302 3221 1575 3294 Παρθένου
1605 3225 1855 3294 λέγοντος
1887 3228 1948 3281 τὸ

370 3309 541 3376 ἄτιον
579 3309 728 3380 σῶμα
759 3311 1026 3384 Χριστοῦ,
1056 3313 1166 3366 δεῖν
1193 3313 1376 3386 ᾠήθην
1408 3316 1562 3386 όλίγα
1601 3319 1731 3390 περὶ
1755 3319 1946 3374 τούτου

375 3398 526 3471 πρὸς
553 3399 742 3465 αὐτοὺς
762 3404 959 3457 εἰπεῖν.
987 3398 1060 3456 Ὠ
1085 3404 1320 3475 ἀνόητοι,
1355 3408 1449 3460 καὶ
1471 3410 1630 3478 μόνον
1654 3412 1856 3475 εἰδότες
1887 3413 1949 3466 τὸ

371 3495 750 3559 συκοφαντεῖν,
799 3493 922 3557 πῶς
957 3494 1039 3557 είς
1081 3494 1239 3549 τοῦτο
1284 3498 1661 3570 παρηνέχθητε
1699 3499 1946 3573 γνώμης,

367 3579 465 3633 καὶ
509 3580 782 3651 τοσαύτην
819 3583 1146 3654 νενοσήκατε
1186 3584 1286 3655 τὴν
1336 3587 1580 3660 μωρίανς
1630 3591 1782 3645 Ἔδει
1816 3593 1946 3664 γὰρ,

364 3671 475 3726 εδει
513 3671 706 3742 σαφῶς
727 3675 947 3740 ἐννοεῖν,
974 3675 1058 3728 ὅτι
1097 3675 1284 3746 σχεδὸν
1316 3678 1463 3742 ἅπας
1491 3680 1621 3750 ἡμῖν
1645 3683 1674 3734 ό
1697 3683 1825 3754 περὶ
1848 3685 1947 3756 τῆς

369 3759 614 3821 πίστεως
651 3759 804 3827 ἁγὼν
834 3761 1294 3834 συγκεκρότηται,
1317 3763 1816 3839 διαϐεϐαιουμένοις
1860 3773 1944 3827 ὅτι

371 3848 637 3914 Θεοτόκος
665 3850 814 3903 ἐστὶν
837 3852 871 3922 ἡ
904 3852 1034 3922 ἁγία
1068 3853 1366 3924 Παρθένος.
1410 3857 1550 3911 Ἀλλ’
1578 3860 1737 3932 εἴπερ
1773 3863 1833 3929 ἐξ
1860 3865 1946 3919 οὐ·

373 3939 563 4011 ρανοῦ,
591 3939 688 3994 καὶ
715 3940 816 3996 οὐκ
849 3942 908 4010 ἐξ
934 3943 1106 4014 αὐτῆς
1130 3943 1190 3996 τὸ
1227 3945 1384 4014 ἅγιον
1414 3947 1574 4018 σῶμα
1625 3953 1949 4024 γεγενῆσθαί

372 4049 559 4102 φαμεν
583 4032 682 4087 τοῦ
714 4033 935 4088 πάντων
965 4035 1121 4106 ἡμῶν
1164 4038 1418 4110 Σωτῆρος
1443 4040 1704 4111 Χριστοῦ,
1739 4043 1857 4108 πῶς
1883 4045 1950 4100 ἂν

371 4125 452 4178 ἔτι
482 4127 662 4178 νοοῖτο
706 4125 998 4192 Θεοτόκθςς
1029 4129 1162 4182 Τίνα
1207 4129 1320 4201 γὰρ
1347 4129 1486 4197 ὅλως
1525 4131 1766 4200 τέτοκεν,
1792 4137 1842 4190 εί
1873 4139 1948 4207 μή

370 4217 523 4270 ἑστιν
560 4216 783 4288 ἀληθὲς,
823 4219 906 4272 ὅτι
956 4219 1253 4292 γεγέννηκε
1292 4221 1433 4277 κατὰ
1463 4223 1643 4295 σάρκα
1684 4225 1775 4281 τὸν
1821 4228 1950 4298 Ἐμ-

376 4309 652 4381 μανουήλς
709 4308 1067 4366 Γελάσθωσαν
1113 4311 1292 4368 τοίνυν
1345 4313 1396 4366 οἱ
1439 4314 1612 4368 ταῦτα
1660 4316 1787 4390 περὶ
1814 4317 1950 4388 ἐμοῦ

371 4401 847 4473 πεφλυαρηκότες.
883 4402 958 4455 Οὐ
987 4401 1096 4474 γὰρ
1115 4403 1383 4472 ,ψεύδεται
1407 4403 1584 4474 λέγων
1623 4407 1652 4459 ὁ
1683 4408 1950 4479 μακάριος

372 4491 665 4562 προφήτης
703 4489 960 4555 Ἠσαίας’
1014 4509 1034 4543 ι
1072 4491 1204 4546 Ἰδοὺ
1257 4493 1292 4564 ἡ
1326 4494 1608 4564 Παρθένος
1652 4496 1712 4551 ὲν
1750 4498 1948 4571 γαστρὶ
1981 4486 2025 4545 Ῐ)

371 4581 502 4646 lat,
559 4582 659 4635 καὶ
708 4581 925 4649 τέξεται
969 4582 1121 4648 Υίδν,
1192 4585 1288 4638 καὶ
1331 4585 1621 4642 καλέσουσι
1681 4587 1744 4643 τὸ
1785 4589 1958 4662 ὄνομα

373 4671 543 4726 αὑτοῦ
596 4673 976 4744 Ἐμμανουήλ·
1009 4674 1038 4727 ὃ
1064 4675 1179 4728 ἐστι
1208 4675 1774 4750 μεθερμηνευόμενον,
1813 4683 1955 4739 Μεθ’

376 4761 546 4834 Μῶν
584 4765 619 4817 ό
649 4764 812 4829 Θεός.
838 4782 860 4817 ι
907 4763 1186 4836 ’Δληθεύει
1217 4765 1276 4820 δὲ
1321 4766 1538 4831 πάντως
1573 4769 1668 4822 καὶ
1715 4772 1744 4824 ό
1793 4769 1949 4841 ἅγιος

383 4852 637 4925 Γαϐριὴλ,
677 4853 813 4926 πρὸς
848 4856 949 4927 τὴν
985 4856 1260 4926 μακαρίαν
1291 4858 1568 4929 Παρθένον
1596 4859 1798 4915 είπὼνο
1831 4863 1955 4935 «Μὴ

384 4944 568 5013 φώοῦ,
594 4947 861 5019 Μαριάμ·
890 4943 1048 5019 εὗρες
1067 4949 1176 5020 γὰρ
1204 4950 1364 5022 χάριν
1385 4951 1536 5024 παρὰ
1567 4953 1643 5025 τῷ
1665 4954 1786 5026 Θεῷ
1807 4973 1821 4986 ο
1855 4958 1952 5010 καὶ

381 5036 497 5092 Boi)
538 5039 780 5111 συλλήψῃ
827 5041 886 5093 ὲν
931 5042 1151 5112 γαστρὶ,
1183 5044 1276 5097 καὶ
1317 5043 1447 5118 τέξῃ
1491 5045 1640 5109 new,
1670 5046 1765 5100 καὶ
1795 5047 1954 5100 καλέο

377 5144 491 5192 est;
522 5128 583 5182 τὸ
609 5129 778 5200 ὄνομα
802 5130 969 5185 αὐτοῦ
1009 5131 1214 5202 Ἰησοῦν
1235 5149 1248 5164 ·
1274 5133 1437 5198 αὐτὸς
1492 5134 1654 5189 σώσει
1697 5135 1788 5190 τὸν
1829 5137 1956 5192 λαὸν

379 5217 545 5271 αὐτοῦ
580 5219 689 5273 ἀπὸ
731 5220 846 5274 τῶν
894 5222 1180 5294 ἁμαρτιῶν
1227 5225 1431 5280 αὐτῶν.
1458 5245 1476 5277 ι
1508 5227 1674 5282 Ὅταν
1702 5228 1760 5282 δὲ
1787 5228 1959 5299 λέγω·

383 5326 503 5378 μεν,
531 5309 592 5374 ἐξ
624 5311 878 5383 οὐρανοῦ,
909 5313 1004 5366 καὶ
1030 5314 1237 5368 ἄνωθεν
1281 5316 1372 5369 τὸν
1404 5317 1608 5388 Κύριον
1661 5319 1819 5390 ἡμῶν
1856 5322 1959 5391 ’1η-

384 5399 510 5453 σοῦν
549 5402 803 5472 Χριστὸν,
834 5406 932 5475 οὐχ
968 5405 1044 5468 ὡς
1105 5407 1330 5472 ἄνωθεν,
1372 5409 1466 5462 καὶ
1491 5409 1549 5475 ἐξ
1575 5409 1802 5481 ούρανοῦ
1833 5429 1960 5464 κατ-

2049 3234 2238 3279 contra
2265 3238 2352 3279 me
2377 3232 2650 3287 eructare,
2675 3223 2830 3292 quasi
2857 3221 3098 3276 dicerem
3145 3229 3394 3276 sanctum
3417 3219 3632 3275 Christi.

2049 3329 2252 3388 corpus
2279 3331 2390 3371 non
2415 3331 2483 3371 ex
2513 3323 2700 3371 sancta
2725 3314 2946 3384 Virgine
2973 3323 3273 3384 sumptum,
3306 3313 3404 3368 sed
3429 3329 3460 3367 e
3483 3311 3624 3367 caelo

2049 3408 2296 3472 allatum,
2325 3423 2449 3463 esse
2478 3421 2660 3477 operae
2685 3405 2927 3476 pretium
2969 3414 3120 3461 ratus
3160 3421 3282 3459 sum
3323 3419 3492 3474 pauca
3523 3403 3628 3460 hac

2049 3499 2117 3554 de
2149 3515 2207 3555 re
2243 3507 2436 3555 contra
2467 3499 2592 3556 illos
2617 3497 2910 3553 disserere.
2959 3495 3004 3552 Ο
3048 3496 3253 3560 stolidi,
3302 3501 3360 3549 et
3410 3501 3629 3548 tantum

2049 3589 2422 3646 calumniandi
2449 3587 2646 3658 periti,
2678 3586 2958 3655 quomodo
2989 3585 3044 3638 in
3070 3585 3211 3638 hanc
3244 3581 3464 3637 abducti
3489 3582 3624 3636 estis

2048 3678 2704 3748 sententiam?quomodo
2739 3679 2796 3733 in
2834 3686 2996 3731 tanta:
3021 3673 3345 3745 insipientia:
3366 3671 3622 3727 morbum

2050 3768 2362 3824 incidistis?
2386 3767 2700 3836 Intelligere
2737 3780 2974 3835 namque
3013 3765 3174 3834 plane
3202 3762 3446 3832 oportuit
3495 3761 3621 3816 uni-

2049 3875 2272 3916 versum
2302 3859 2418 3914 fere
2449 3865 2727 3912 certamen
2753 3872 2854 3927 pro
2879 3856 2986 3911 [ide
3023 3871 3054 3909 a
3091 3853 3253 3909 nobis
3281 3869 3404 3910 esse
3431 3869 3622 3909 susce-

2050 3959 2228 4023 ptum,
2263 3949 2413 4020 quod
2433 3955 2680 4003 sanctam
2706 3945 2988 4017 Virginem
3018 3943 3112 4000 Dei
3139 3945 3476 4000 Genitrieem
3502 3961 3625 4001 esse

2050 4050 2368 4098 constanter
2399 4036 2838 4092 afﬁrmamus.At
2858 4037 2904 4092 si
2939 4043 3187 4091 sanctum
3212 4050 3416 4105 corpus
3452 4035 3629 4091 nostri

2051 4132 2296 4188 omnium
2333 4129 2637 4186 Salvatoris
2659 4127 2867 4184 Christi
2913 4142 3023 4182 non
3051 4141 3118 4181 ex
3149 4125 3370 4196 Virgine
3407 4134 3628 4191 natum,

2055 4226 2212 4296 107
2235 4223 2331 4280 sed
2354 4239 2386 4279 e
2409 4222 2552 4280 ctelo
2570 4222 2793 4278 allatum
2823 4221 3143 4286 asserimus,
3169 4218 3446 4291 quomodo
3475 4219 3625 4275 illam

2051 4316 2148 4371 Dei
2159 4313 2494 4370 Geuitricem
2506 4328 2625 4368 esse
2643 4312 3038 4384 intelligemus?
3053 4310 3227 4378 Quem
3243 4310 3390 4366 enim
3405 4309 3629 4372 tandem

2053 4408 2144 4463 illa
2175 4407 2411 4478 peperit,
2429 4406 2476 4462 si
2501 4405 2915 4462 Emmanuelem
2929 4403 3233 4463 secundum
3255 4418 3476 4459 carnem
3497 4416 3630 4460 vero

2053 4515 2166 4554 non
2197 4497 2448 4570 peperit?
2494 4499 2630 4555 Risu
2685 4495 2920 4568 proinde
2961 4495 3289 4566 explodeudi
3327 4501 3481 4558 sunt,
3529 4492 3627 4562 qui

2053 4588 2323 4661 ejusmodi
2362 4603 2538 4660 nugas
2567 4594 2760 4643 contra
2799 4601 2889 4642 me
2927 4584 3195 4656 garriunt.
3245 4583 3434 4652 Neque
3476 4582 3626 4636 enim

2055 4687 2324 4741 mentitur
2365 4685 2565 4741 beatus
2589 4683 2874 4757 propheta
2905 4682 3074 4742 Isaias
3112 4681 3244 4738 dum
3272 4679 3350 4742 ait
3379 4695 3392 4731 :
3433 4696 3452 4729 ι
3485 4677 3627 4732 Ecce

2054 4779 2206 4848 virgo
2237 4777 2294 4832 in
2319 4786 2478 4832 utero
2504 4776 2750 4842 habebit,
2771 4785 2829 4835 et
2847 4775 3026 4846 pariet
3045 4774 3248 4839 ﬁlium;
3263 4770 3630 4836 et.vocabunt

2053 4883 2254 4923 nomen
2299 4868 2420 4937 ejus
2470 4867 2817 4933 Emmanuel,
2874 4865 3021 4937 quod
3057 4873 3162 4924 est.
3205 4863 3628 4932 interpretatum

2056 4958 2335 5014 Nobiscum
2362 4957 2501 5014 Deus
2536 4958 2605 5015 ".
2647 4979 2665 5012 ι
2703 4960 2844 5014 Vera
2863 4972 3081 5029 quoque
3106 4971 3333 5027 prorsus
3368 4953 3630 5024 praedicat

2053 5058 2110 5106 et
2135 5056 2356 5104 sanctus
2365 5048 2608 5115 Gabriel,
2625 5049 2756 5104 dum
2773 5050 2984 5105 beatam
3002 5048 3281 5119 Virginem
3296 5048 3373 5102 ita
3387 5047 3586 5104 aﬂ'atur
3606 5063 3624 5099 :

2063 5164 2080 5196 ι
2121 5143 2198 5202 Ne
2229 5143 2442 5208 timeas,
2484 5142 2683 5208 Maria;
2715 5141 2975 5196 invenisti
3015 5140 3164 5198 enim
3212 5138 3441 5210 gratiam
3481 5137 3627 5206 apud

2055 5238 2248 5292 Deum.
2279 5235 2421 5291 Ecce
2447 5234 2733 5304 concipies,
2766 5233 2820 5288 in
2843 5234 3108 5297 utero,'et
3145 5231 3329 5302 paries
3356 5229 3628 5294 illium,et

2057 5326 2282 5382 vocabis
2310 5341 2510 5380 nomen
2529 5325 2873 5396 ejusJesum.
2904 5323 3026 5394 Ipse
3048 5321 3196 5378 enim
3225 5322 3434 5406 salvum
3467 5321 3627 5374 faciet

2059 5415 2322 5484 populum
2359 5429 2520 5470 suum
2555 5430 2588 5469 a
2621 5414 2864 5484 peccatis
2890 5429 3081 5472 eorum
3099 5413 3160 5467 “.
3203 5432 3219 5464 ι
3262 5397 3625 5478 (Ξιιιιι”ειβιυιῐι

453 5554 497 5585 ⁸⁸
522 5556 722 5626 Ephes.
760 5575 833 5624 iv,
875 5558 927 5626 5r,
961 5560 1012 5616 6.
1091 5560 1130 5592 δ’
1173 5561 1273 5617 Isa.
1308 5578 1400 5617 vn.
1443 5563 1538 5629 υς
1577 5563 1765 5620 Matth.
1799 5583 1836 5632 ι,
1867 5565 1947 5620 25,

2047 5569 2082 5599 ’²
2112 5567 2247 5623 Luc.
2277 5585 2316 5634 ι,
2336 5568 2424 5622 51.

1448 5681 1617 5737 νπίιε
1647 5683 1911 5740 lectiones
1939 5685 2142 5740 codicis
2165 5684 2527 5756 Seguieriani.

461 5795 487 5824 ⁸
519 5783 830 5856 θεηγὸρους.
