4044 6212
410 336 511 393 {19

1388 336 1441 388 S.
1488 335 1762 389 CYRlLLl
1799 333 2268 391 ALEXANDBINI
2308 336 2623 391 ARCHIEP.

3556 341 3655 395 180

404 452 701 510 Dominum
736 462 984 510 nostrum
1017 456 1200 510 Iesum
1218 454 1499 509 Christum
1522 470 1552 509 e
1572 455 1713 510 cmlo
1740 464 1797 510 et
1824 472 1855 512 e
1879 471 1975 511 su-

2084 457 2391 527 ενεχθείσης
2424 462 2522 528 τῆς
2546 458 2707 526 ἁγίας
2744 458 2906 511 αὐτοῦ
2946 460 3168 528 σαρκὸς,
3196 457 3422 512 τοιαῦτά
3452 475 3654 529 φαμεν,

402 547 591 617 pernis
634 546 983 601 descendisse
1031 545 1285 610 dicimus,
1326 548 1436 601 non
1480 547 1560 601 ita
1594 548 1700 602 hoc
1738 548 1977 603 dicimus

403 637 558 707 quasi
581 645 823 690 sanctam
853 636 999 690 illius
1031 651 1252 692 carnem
1282 639 1521 707 superne
1553 648 1610 694 et
1636 654 1667 694 e
1690 641 1828 695 c0210
1848 642 1977 694 alla-

404 738 512 781 tam
544 726 854 796 signiﬁcare
872 727 1125 791 velimus,
1156 728 1252 782 sed
1294 730 1480 798 p0tius
1508 730 1726 786 beatum
1748 732 1976 787 Paulum

402 817 688 887 sequimur
717 817 921 872 diserte
955 818 1376 887 prmdicantcm:
1416 841 1434 873 ι
1471 823 1689 878 Primus
1716 824 1880 879 homo
1909 826 1977 880 de

402 918 570 973 terra,
618 919 904 974 terrenus;
937 910 1216 966 secundus
1251 912 1417 968 homo
1450 915 1518 969 de
1537 915 1677 970 caelo
1700 916 1763 969 ⁸³.
1802 936 1822 967 ›
1863 917 1976 971 Me-

403 997 666 1051 minimus
687 997 851 1051 etiztm
900 997 1074 1067 ipsius
1111 1000 1412 1057 Salvatoris
1441 1002 1715 1058 dicentis:
1744 1024 1761 1056 I
1803 1004 1977 1061 Nemo

403 1086 651 1140 ascendit
678 1087 733 1141 in
761 1088 1113 1153 cmlum,nisi
1147 1092 1241 1161 qui
1278 1092 1564 1149 descendit
1592 1094 1661 1150 de
1691 1097 1851 1161 cmlo,
1886 1097 1976 1151 Fi-

402 1177 512 1232 lius
544 1177 865 1233 hominis“.
906 1200 923 1230 ι
952 1180 1212 1247 Quamvis
1244 1185 1390 1239 enim
1424 1201 1489 1241 ex
1520 1197 1709 1242 sancta
1730 1189 1974 1259 Virgine,

404 1279 465 1325 ut
496 1269 660 1323 modo
677 1270 811 1334 dixi,
836 1274 1136 1328 secundum
1172 1291 1394 1331 carnem
1430 1287 1593 1333 natus
1618 1281 1709 1343 sit,
1736 1290 1977 1336 attamen

403 1361 531 1431 quia
564 1363 707 1417 Deus
744 1364 979 1421 Verbum
1018 1384 1049 1422 e
1085 1370 1340 1438 supernis
1378 1371 1637 1426 deorsum
1668 1373 1974 1439 descendit,

403 1451 699 1520 servilique
746 1453 920 1509 forma
971 1467 1284 1527 assumpta,
1325 1461 1679 1531 semetipsum
1724 1464 1975 1518 exinani-

403 1543 481 1595 vit
497 1543 560 1606 κδ,
580 1560 642 1598 ac
666 1544 833 1599 Filius
851 1546 1091 1602 hominis
1111 1552 1419 1619 appellatus
1436 1553 1560 1617 fuit,
1583 1570 1812 1610 manens
1830 1558 1974 1626 quod

402 1642 544 1695 crat,
580 1633 684 1687 hoc
704 1643 788 1687 est
810 1635 955 1690 Deus
976 1637 1359 1707 (immutabilis
1375 1641 1520 1696 enim
1542 1642 1977 1701 et'inaltcrabilis

401 1735 487 1779 est
520 1726 823 1780 secundum
859 1731 1138 1798 propriam
1176 1734 1487 1804 naturam);
1525 1746 1784 1806 tauquam
1831 1755 1975 1795 unus

395 1818 508 1886 jam
532 1833 656 1872 cum
690 1820 907 1889 propria
930 1837 1096 1876 carne
1116 1825 1517 1890 consideratus,
1538 1844 1569 1881 e
1590 1829 1731 1882 cmlo
1751 1830 1977 1883 descen—
2008 1800 2047 1853 Β

402 1909 548 1964 disse
584 1910 809 1964 dicitur.
842 1912 1169 1967 Nominatur
1184 1924 1367 1969 autem
1405 1925 1461 1970 et
1480 1917 1645 1972 homo
1676 1934 1895 1989 quoque
1917 1921 1984 1975 de

401 2000 562 2065 coelo,
592 2001 792 2072 quippe
826 2019 949 2057 cum
987 2004 1263 2073 perfectus
1294 2007 1349 2060 in
1372 2008 1659 2064 divinitate
1689 2010 1779 2074 sit,
1809 2011 1983 2066 idem-

401 2100 513 2160 que
553 2093 608 2146 in
649 2093 991 2150 humanitate
1034 2097 1343 2166 perfectus,
1379 2110 1436 2153 et
1480 2109 1741 2170 tanquam
1778 2106 1838 2156 in
1875 2120 1983 2158 una

401 2197 637 2251 persona
660 2185 1017 2256 intelligatur.
1056 2188 1208 2243 Unus
1230 2200 1315 2243 est
1342 2192 1488 2244 enim
1524 2193 1788 2248 Dominus
1820 2195 1983 2249 Jesus

401 2272 676 2339 Christus,
696 2278 948 2345 quamvis
976 2289 1301 2334 naturarum
1340 2281 1655 2337 differentia
1688 2300 1797 2338 non
1822 2284 1981 2355 igno-

401 2373 575 2427 retur,
606 2381 637 2419 e
670 2367 872 2436 quibus
910 2369 1348 2439 inexplicabilem
1399 2374 1547 2427 illam
1599 2375 1859 2430 unionem
1898 2377 1980 2430 fa-

401 2463 543 2509 ctam
573 2455 741 2513 fuisse
770 2460 1023 2515 dicimus.
1051 2462 1165 2516 Tua
1194 2479 1324 2517 vero
1357 2467 1615 2521 sanctitas
1638 2467 1857 2521 illorum
1886 2484 1983 2523 ora

401 2550 763 2618 comprimere
801 2552 1077 2622 dignetur,
1114 2556 1207 2624 qui
1231 2557 1660 2623 concretionem,
1684 2560 1767 2615 vel
1793 2561 1984 2616 confu-

401 2641 637 2705 sionem,
688 2643 774 2698 vel
820 2646 1259 2701 commistionem
1301 2649 1463 2703 Verbi
1514 2652 1609 2706 Dei
1660 2668 1783 2707 cum
1815 2669 1982 2710 carne

401 2731 601 2786 factam
634 2747 756 2788 esse
794 2734 1004 2791 dicunt.
1036 2738 1347 2795 Verisimile
1368 2758 1604 2812 namque
1637 2756 1721 2800 est
1741 2748 1979 2802 nonnul-

400 2822 484 2877 los
512 2838 656 2891 esse,
701 2826 795 2895 qui
837 2826 940 2883 ista
972 2844 1193 2899 quoque
1218 2831 1286 2886 dc
1323 2849 1409 2888 me
1445 2836 1499 2889 in
1536 2837 1731 2907 vulgus
1752 2839 1978 2909 iactent,

401 2916 557 2985 quasi
610 2918 740 2973 talia
791 2921 1060 2975 senserim
1108 2932 1203 2979 aut
1278 2924 1534 2981 dixerim.
1618 2930 1786 3000 Atqui
1858 2943 1980 2986 tau-

400 3016 521 3063 tum
569 3010 725 3065 abest
778 3020 841 3066 ut
898 3013 1170 3083 ejusmodi
1237 3016 1521 3087 quidpiam
1589 3022 1845 3088 sentiam,
1921 3034 1982 3080 ut

2080 550 2337 619 ἑπόμενοι
2364 550 2421 602 δὲ
2466 550 2665 620 μᾶλλον
2694 549 2772 619 τῷ
2807 548 3078 620 θεσπεσίῳ
3108 549 3325 619 Παύλῳ,
3359 549 3657 619 διακεκραο

2078 642 2196 709 γότι
2226 642 2441 711 σαφῶς·
2483 662 2502 692 ι
2538 643 2595 694 '0
2628 642 2843 714 πρῶτος
2895 641 3181 713 ἄνθρωπος
3213 644 3277 695 ἐκ
3320 643 3423 711 γῆς
3449 642 3652 711 χοϊκός·

2076 733 2105 783 6
2133 730 2382 803 δεύτερος
2424 732 2710 802 ἄνθρωπος
2750 732 2855 799 ἕξιν
2883 732 3134 802 ούρανοῦ.
3164 753 3182 784 ι
3220 732 3566 803 Μεμνήμεθα
3601 732 3660 785 δὲ

2077 827 2173 880 καὶ
2209 824 2373 879 αὐτοῦ
2412 825 2505 879 τοῦ
2534 826 2785 896 Σωτῆρος
2821 824 3069 893 λέγοντος
3090 839 3103 852 ⁸
3143 846 3161 876 ι
3189 823 3298 877 Καὶ
3325 824 3497 887 οὐδεὶς
3538 824 3662 877 ἁνα-

2080 912 2309 985 ϐἑϐηκεν
2331 917 2412 977 είς
2435 915 2527 968 τὸν
2560 914 2810 984 οὐρανὸν,
2842 915 2891 966 εί
2922 914 2998 985 μὴ
3034 915 3063 967 ὁ
3094 914 3158 966 ὲκ
3179 912 3273 966 τοῦ
3303 912 3534 982 ούρανοῦ
3563 928 3659 964 κα-

2075 1006 2265 1073 ταϐὰς,
2308 1009 2337 1060 ὁ
2386 1006 2509 1071 Υἱὸς
2553 1006 2649 1060 τοῦ
2691 1004 3001 1077 ἀνθρώπου.
3024 1024 3045 1058 ι
3088 1005 3283 1059 Καίτοι
3334 1004 3659 1073 γεγέννηται

2077 1095 2223 1149 κατὰ
2268 1095 2469 1165 σάρκα,
2517 1096 2769 1167 καθάπερ
2812 1096 2949 1166 ἔφην
3000 1094 3221 1165 ἀρτίως,
3254 1096 3320 1147 ὲκ
3356 1095 3456 1165 τῆς
3498 1093 3660 1161 ἁγίας

2080 1187 2382 1257 Παρθένουο
2425 1188 2611 1259 ἐπειδὴ
2643 1188 2699 1241 δὲ
2746 1186 2973 1252 ἄνωθεν,
3004 1187 3101 1240 καὶ
3127 1185 3187 1251 ἐξ
3213 1183 3446 1256 οὖρανοῦ
3491 1202 3660 1239 κατα-

2079 1280 2392 1349 φοιτήσαςὸ
2422 1279 2554 1342 Θεὸς
2584 1281 2758 1349 Λόγος
2804 1279 3113 1333 κεκένωκεν
3168 1279 3382 1343 ἑαυτὸν,
3446 1277 3659 1349 μορφὴν

2076 1371 2264 1426 δούλου
2316 1371 2517 1435 λαϐὼν,
2563 1372 2659 1426 καὶ
2706 1372 3109 1443 κεχρημάτικεν
3160 1369 3289 1432 Υἱὸς
3342 1367 3658 1438 ἀνθρώπου,

2082 1465 2219 1535 μετὰ
2251 1465 2345 1518 τοῦ
2390 1467 2567 1536 μεῖναι
2605 1465 2632 1518 ὁ
2679 1460 2770 1535 ἦν,
2801 1464 2948 1517 τοῦτ’
2987 1464 3103 1516 ἔστι
3175 1462 3310 1525 Θεὸς
3368 1461 3658 1531 (ἄτρεπτος

2078 1556 2185 1627 γὰρ
2218 1557 2308 1609 καὶ
2337 1556 2691 1621 ἀναλλοίωτος
2716 1555 2857 1609 κατὰ
2896 1556 3056 1623 φύσιν
3085 1553 3277 1621 ἐστὶν),
3312 1552 3388 1615 ὡς
3433 1546 3512 1614 εἷς
3558 1551 3656 1623 ήδη

2079 1648 2364 1718 νοούμενος
2394 1649 2531 1717 μετὰ
2558 1648 2659 1718 τῆς
2693 1647 2831 1711 ἰδίας
2872 1646 3093 1717 σαρκὸς,
3127 1645 3187 1711 ἐξ
3215 1642 3449 1715 ούρανοῦ
3499 1641 3658 1707 λέγε-

2079 1756 2168 1791 ται
2192 1738 2491 1791 κατελθεῖν.
2534 1738 2859 1808 Ὠνόμασται
2887 1736 2944 1790 δὲ
2975 1736 3068 1789 καὶ
3103 1735 3387 1805 ἄνθρωπος
3417 1732 3475 1794 ἐξ
3497 1733 3660 1804 ούρα-

2086 1831 2202 1896 νοῦ,
2227 1830 2433 1893 τέλειος
2458 1829 2538 1883 ὣν
2566 1831 2623 1882 ὲν
2661 1830 2895 1900 θεότητι,
2938 1827 3033 1881 καὶ
3077 1827 3281 1889 τέλειος
3309 1828 3337 1879 ὁ
3362 1825 3527 1887 αὐτὸς
3557 1826 3612 1877 ἐν
3630 1834 3671 1891 ο,

2087 1921 2487 1991 ἀνθρωπότητι,
2526 1921 2622 1974 καὶ
2656 1920 2733 1984 ὡς
2784 1921 2843 1973 ὲν
2887 1920 2967 1972 ἑνὶ
3022 1917 3300 1990 προσώπῳ
3350 1916 3656 1987 νοούμενος.

2085 2007 2180 2076 Εἷς
2200 2012 2309 2081 γὰρ
2332 2012 2534 2083 Κύριος
2576 2011 2786 2082 Ἰησοῦς
2823 2011 3077 2083 Χριστὸς,
3110 2010 3212 2063 κᾶν
3236 2011 3270 2080 ἡ
3294 2010 3401 2077 τῶν
3448 2008 3661 2079 φύσεων

2089 2103 2165 2173 μὴ
2202 2104 2465 2174 ἀγνοῆται
2500 2102 2754 2173 διαφορὰ,
2805 2102 2864 2166 ἐξ
2897 2095 2970 2155 ὧν
3002 2102 3099 2171 τὴν
3133 2101 3442 2172 ἀπόρρητον
3469 2100 3660 2152 ἕνωσιν

2086 2196 2399 2268 πεπρᾶχθαι
2442 2196 2641 2265 φαμέν.
2684 2195 2822 2259 Τοὺς
2852 2195 2909 2249 δὲ
2937 2194 3191 2261 λέγοντας
3232 2193 3313 2245 ὅτι
3366 2193 3583 2263 κρᾶσις,
3624 2190 3657 2260 ἢ

2086 2286 2368 2356 σύγχυσις,
2409 2287 2442 2356 ἦ
2498 2286 2713 2356 φυρμὸς
2754 2284 2971 2353 ἐγένετο
3008 2283 3100 2337 τοῦ
3130 2282 3265 2335 Θεοῦ
3303 2283 3480 2350 Λόγου
3512 2281 3651 2352 πρὸς

2082 2380 2182 2451 τὴν
2210 2379 2410 2451 σάρκα,
2441 2376 2833 2442 καταξιωσόιτω
2860 2376 2893 2445 ἡ
2918 2374 2984 2444 σὴ
3012 2374 3227 2442 ὁσιότης
3258 2371 3657 2441 ἐπιστομίζειν.

2084 2472 2244 2535 Εἰκὸς
2274 2471 2380 2541 γάρ
2427 2485 2579 2533 τινας
2606 2467 2700 2520 καὶ
2739 2465 2909 2519 ταῦτα
2960 2464 3087 2535 περὶ
3113 2464 3247 2534 ἐμοῦ
3284 2462 3552 2533 θρυλλεῖν,
3582 2463 3659 2525 ὡς

2082 2562 2116 2631 ἢ
2179 2560 2606 2631 πεφρονηκότος,
2664 2556 3034 2627 ἢείρηκότος.
3093 2553 3235 2621 Ἐγὼ
3292 2554 3351 2607 δὲ
3405 2552 3661 2605 τοσοῦτον

2085 2653 2366 2723 ἀφέστηκα
2410 2649 2503 2703 τοῦ
2534 2647 2798 2721 φρονῆσαί
2839 2663 2892 2699 τι
2939 2644 3200 2711 τοιοῦτον,
3229 2644 3369 2697 ὥστε
3406 2644 3504 2696 καὶ
3536 2641 3660 2712 μαί-

2084 2745 2271 2798 νεσθαι
2292 2743 2497 2814 νομίζω
2524 2741 2650 2804 τοὺς
2680 2739 2962 2809 οἰηθέντας
2991 2736 3149 2802 ὅλως,
3180 2736 3262 2789 ὅτι
3285 2734 3493 2806 τροπῆς
3523 2736 3660 2787 ἁπο-

2086 2840 2327 2907 σκίασμα
2361 2834 2487 2906 περὶ
2522 2833 2625 2904 τὴν
2656 2833 2750 2885 τοῦ
2792 2828 2928 2883 Θεοῦ
2958 2829 3134 2898 Λόγου
3178 2826 3341 2897 φύσιν
3389 2825 3659 2895 συμϐῆναι

2082 2930 2321 2984 δύναται.
2350 2927 2520 2981 Μένει
2551 2924 2660 2996 γὰρ
2684 2925 2712 2976 ὃ
2743 2924 2889 2975 ἐστιν
2922 2920 3032 2986 ἀεὶ,
3068 2920 3163 2973 καὶ
3192 2918 3293 2971 οὐκ
3331 2916 3617 2987 ἠλλοίωται
3640 2927 3654 2941 ·

2083 3020 2198 3075 ἀλλ’
2225 3016 2414 3071 οὐδ’ἂν
2436 3013 2754 3081 ἁλλοιωθείη
2773 3009 3013 3076 πώποτε,
3044 3008 3136 3061 καὶ
3169 3004 3473 3077 μεταϐολῆς
3501 3002 3657 3056 ἔσται

400 3116 500 3158 eos
554 3105 721 3158 etiam
772 3105 1016 3160 insanire
1067 3106 1400 3175 existimem,
1446 3113 1541 3182 qui
1590 3114 1676 3169 vel
1742 3116 1979 3187 aliquam

2086 3109 2329 3180 δεκτική.
2378 3106 2587 3175 ’Λπαθῆ
2614 3104 2669 3158 δὲ
2699 3103 2836 3174 πρὸς
2865 3100 3039 3172 τούτῳ
3062 3099 3156 3153 τὸν
3193 3097 3286 3152 τοῦ
3310 3096 3443 3193 θεοῦ
3475 3095 3653 3193 Λόγον

400 3197 780 3253 conversionis
844 3198 1322 3257 adumbrationem
1395 3205 1451 3258 in
1528 3205 1772 3261 divinam
1849 3210 1983 3264 Ver-

401 3292 459 3348 bi
503 3301 757 3349 naturam
781 3296 980 3352 cadere
1028 3313 1189 3368 posse
1221 3300 1590 3370 suspicantur.
1626 3302 1808 3357 Manet
1833 3305 1982 3359 enim

402 3386 497 3442 illa
522 3388 667 3457 quod
686 3396 773 3443 est
803 3403 1055 3459 semper;
1102 3406 1281 3463 neque
1314 3393 1541 3449 alterata
1568 3404 1672 3461 est,
1706 3397 1867 3466 108
1887 3398 1982 3452 sed

401 3492 582 3548 neque
612 3495 852 3549 unquam
883 3481 1235 3549 alterabitur,
1264 3499 1444 3555 neque
1470 3486 1635 3542 ullius
1665 3488 1772 3542 erit
1803 3499 1982 3543 muta-

403 3568 572 3625 tionis
597 3585 786 3641 capax.
837 3572 1146 3643 lmpatibile
1184 3584 1449 3646 praeterea
1483 3577 1663 3648 ipsum
1710 3576 1807 3634 Dei
1845 3580 1979 3635 Ver-

402 3660 536 3714 bum
562 3661 889 3717 conﬁtemur
911 3678 1125 3729 omnes,
1154 3664 1371 3720 etiamsi
1406 3665 1721 3721 admirabili
1746 3666 1984 3737 quadam

403 3752 673 3822 sapientia
717 3756 1042 3825 mysterium
1078 3756 1185 3813 hoc
1217 3758 1335 3828 ipse
1377 3758 1722 3829 dispensans,
1758 3776 1852 3816 eas
1880 3760 1985 3831 sibi

403 3841 682 3896 ascribere
745 3854 1006 3899 cernatur
1046 3846 1352 3915 passiones,
1381 3863 1503 3917 quae
1546 3849 1787 3919 prOpria:
1830 3850 1987 3905 carni

403 3932 747 3987 acciderunt.
788 3935 927 3990 Hinc
979 3951 1200 4006 quoque
1242 3939 1682 4008 sapientissimus
1736 3942 1931 3997 Petrus
1969 3960 1983 3997 :

402 4023 643 4088 Christo,
667 4024 863 4095 inquit,
883 4042 983 4097 pro
1006 4028 1166 4082 nobis
1192 4042 1354 4097 passo
1377 4029 1435 4083 in
1461 4046 1647 4096 carne,
1670 4047 1781 4087 non
1803 4040 1986 4089 autem

403 4117 461 4171 in
492 4116 583 4171 illa
627 4118 894 4173 incll‘abili
923 4119 1230 4175 divinitatis
1260 4130 1455 4177 natura
1481 4122 1546 4178 “.
1576 4123 1648 4181 Ut
1679 4126 1827 4181 enim
1866 4127 1986 4195 ipse

404 4210 651 4263 omnium
681 4210 932 4265 Salvator
962 4226 1081 4265 esse
1106 4212 1386 4279 credatur,
1414 4215 1819 4287 dispensatoris
1844 4237 1983 4290 qua-

403 4300 529 4359 dam
553 4301 1020 4371 appropriatione,
1040 4304 1277 4375 preprize
1298 4307 1480 4362 carnis
1501 4309 1807 4379 passiones,
1831 4312 1987 4382 quasi

401 4390 727 4461 propriasin
754 4392 1017 4461 seipsum,
1044 4401 1106 4448 ut
1136 4395 1249 4465 jam
1275 4395 1409 4462 dixi,
1443 4396 1634 4453 refert.
1665 4398 1986 4471 Cuiusmodi

2088 3200 2352 3271 ὑπάρχειν
2401 3195 2771 3268 ὁμολογοῦμεν
2800 3193 3057 3257 ἅπαντες,
3114 3190 3216 3244 κᾶν
3274 3191 3322 3243 εί
3369 3187 3659 3256 πανσόφως

2086 3293 2247 3355 αὐτὸς
2296 3289 2592 3358 οίκονομῶν
2641 3287 2702 3340 τὸ
2758 3285 3075 3357 μυστήριον,
3103 3281 3282 3353 ἑαυτῷ
3340 3278 3661 3352 προσνέμων

2084 3384 2259 3455 ὁρῷτο
2290 3382 2361 3435 τὰ
2417 3380 2523 3451 ἰδίᾳ
2552 3377 2716 3450 σαρκὶ
2746 3375 3134 3447 συμϐεϐηκότα
3163 3373 3332 3443 πάθη.
3361 3371 3551 3443 Ταύτῃ
3578 3386 3661 3424 τοι

2086 3476 2246 3530 καὶὸ
2286 3475 2559 3540 πάνσοφος
2606 3471 2832 3542 Πέτρος,
2878 3466 3143 3539 Χριστοῦ,
3197 3465 3349 3538 φησι,
3398 3463 3662 3526 παθόντος

2089 3567 2275 3639 σαρκὶ,
2310 3566 2403 3619 καὶ
2435 3565 2555 3636 οὐχὶ
2575 3566 2642 3636 τῇ
2668 3563 2827 3632 φύσει
2852 3562 2951 3631 τῆς
2972 3560 3213 3632 ἀρρήτου
3248 3557 3515 3628 θεότητος.
3546 3556 3663 3609 Ἵνα

2087 3659 2197 3730 γὰρ
2230 3657 2391 3721 αὐτὸς
2426 3657 2537 3711 τῶν
2578 3656 2713 3709 ὅλων
2744 3653 2931 3725 Σωτὴρ
2966 3646 3107 3705 εἶναι
3150 3650 3494 3719 πιστεύηται,
3541 3647 3663 3701 κατ’

2087 3751 2361 3806 οίκείωσιν
2408 3746 2760 3820 οἰκονομικὴν
2789 3748 2869 3810 είς
2919 3744 3130 3809 ἑαυτὸν,
3156 3743 3233 3807 ὡς
3284 3741 3442 3812 ἔφην,
3470 3739 3539 3793 τὰ
3564 3739 3665 3810 τῆς

2092 3843 2230 3908 ίδίας
2275 3841 2476 3914 σαρκὸς
2525 3841 2788 3909 ἀναφέρει
2840 3835 3009 3908 πάθη.
3048 3834 3257 3890 Ὀποῖόν
3297 3835 3413 3887 ὲστι
3480 3831 3543 3885 τὸ
3576 3829 3664 3884 διὰ

2088 3936 2190 4007 τῆς
2224 3934 2317 3987 τοῦ
2349 3936 2627 4004 προφήτου
2678 3931 2859 4001 φωνῆς
2889 3924 3474 4000 προαναφωνούμενον,
3506 3922 3582 3985 ὡς
3606 3921 3663 3987 ἐξ

2091 4028 2289 4083 αὐτοῦ’
2328 4046 2346 4079 ι
2371 4027 2474 4080 Τὸν
2520 4024 2688 4079 νῶτόν
2740 4040 2842 4093 μου
2884 4020 3088 4075 δέδωκα
3118 4019 3199 4081 εἰς
3234 4016 3528 4088 μάστιγας,
3563 4013 3663 4075 τὰς

2089 4119 2147 4174 δὲ
2180 4121 2433 4188 σιαγόνας
2461 4135 2561 4190 μου
2588 4118 2669 4179 εἰς
2699 4116 3039 4186 ῥαπίσματα,
3061 4112 3121 4165 τὸ
3150 4112 3208 4164 δὲ
3230 4108 3529 4181 πρόσωπόν
3556 4121 3658 4175 μου

2089 4215 2189 4268 οὐκ
2216 4210 2534 4281 ἀπέστρεψα
2572 4208 2679 4262 ἀπὸ
2710 4206 2971 4276 αἰσχύνης
3019 4201 3453 4274 ὲμπτυσμάτων.
3474 4218 3492 4250 i
3534 4199 3663 4249 "On

2089 4306 2148 4360 δὲ
2187 4305 2307 4366 ταῖς
2338 4301 2450 4355 τῶν
2479 4300 2649 4368 ἁγίων
2685 4297 2945 4368 Πατέρων
2972 4295 3151 4361 δόξαις
3179 4290 3425 4362 ἑπόμεθα
3458 4304 3664 4343 πανται

2091 4397 2209 4469 χοῦ,
2266 4394 2498 4466 μάλιστα
2546 4392 2605 4445 δὲ
2654 4389 2754 4443 τοῦ
2813 4387 3086 4459 μακαρίου
3150 4386 3248 4439 καὶ
3303 4381 3662 4451 πανευφήμοο

403 4490 489 4536 est
510 4483 668 4547 illud,
697 4483 845 4553 quod
868 4484 1021 4539 velut
1051 4500 1120 4539 ex
1142 4474 1292 4541 illius
1323 4490 1555 4557 persona
1583 4505 1683 4560 per
1706 4492 1982 4561 propheta:

2090 4488 2304 4558 Πατρδς
2328 4486 2492 4558 ήμῶν
2529 4482 2871 4547 ’Λθανασίου,
2899 4478 2960 4533 τὸ
2988 4479 3131 4533 κατά
3154 4495 3209 4531 τι
3234 4472 3363 4545 γοῦν
3387 4474 3520 4535 ὅλως
3559 4471 3665 4537 ἐξω

403 4582 594 4626 vocem
622 4573 821 4628 alicubi
841 4574 1166 4644 'prtedicitur
1196 4593 1209 4629 :
1246 4595 1266 4628 ι
1305 4578 1537 4633 Dorsum
1563 4593 1747 4634 meum
1768 4580 1891 4635 dedi
1916 4580 1985 4636 ad

402 4656 639 4734 ﬂagella,
665 4675 721 4720 et
767 4667 1016 4723 maxillas
1039 4683 1191 4725 meas
1226 4670 1294 4725 ad
1324 4672 1536 4742 alapas,
1573 4672 1771 4727 faciem
1800 4682 1984 4728 autem

404 4770 582 4810 meam
614 4772 725 4812 non
757 4760 930 4814 averti
955 4776 984 4814 a
1009 4761 1332 4819 confusione
1356 4773 1645 4834 sputorum
1663 4764 1731 4819 "’.
1763 4784 1781 4817 ι
1830 4764 1984 4832 Quod

402 4861 539 4901 vero
569 4848 889 4905 Sanctorum
914 4852 1160 4920 Patrum,
1190 4855 1428 4911 maxime
1459 4864 1644 4912 autem
1668 4856 1814 4913 beati
1838 4858 1984 4912 cele-

404 4935 745 5008 berrimique
778 4942 958 4999 Patris
988 4944 1166 4999 nostri
1204 4944 1513 5012 Athanasii,
1535 4951 1842 5005 sententias
1865 4949 1987 5005 ubi-

404 5041 512 5096 que
543 5043 859 5099 sequamur,
884 5042 941 5089 et
981 5049 1275 5106 caveamus
1314 5053 1382 5092 ne
1428 5039 1514 5093 vel
1545 5040 1771 5095 minima
1819 5041 1875 5096 in
1929 5057 1987 5096 re

405 5117 766 5189 declinemus,
795 5125 848 5179 id
886 5134 980 5181 tua
998 5127 1220 5198 quidem
1247 5130 1509 5185 sanctitas
1535 5140 1688 5188 certo
1720 5134 1826 5189 sibi
1861 5149 1987 5204 per-

406 5210 654 5277 suadeat,
694 5229 875 5284 neque
919 5217 1059 5273 alius
1087 5219 1378 5289 quisquam
1405 5220 1662 5291 ambigat.
1711 5222 1877 5277 Multa
1902 5223 1989 5278 his

407 5297 783 5367 adjunxissem
830 5305 1050 5361 illorum
1099 5310 1433 5376 testimonia,
1481 5310 1645 5366 ﬁdem
1692 5312 1822 5367 huic
1859 5328 1986 5368 ora-

406 5386 545 5442 tioni
574 5400 711 5444 meae
740 5394 1061 5463 concilians,
1093 5399 1200 5454 nisi
1230 5403 1550 5459 metuissem
1577 5418 1647 5458 ne
1676 5404 1986 5459 litterarum

464 5502 489 5535 χ

2089 4579 2352 4653 φέρεσθαι
2399 4574 2843 4647 παραιτούμενοι,
2897 4570 3177 4624 πεπείσθω
3228 4564 3384 4639 μὲνὴ
3424 4564 3492 4633 σὴ
3519 4561 3665 4617 ὁσιό-

2088 4690 2214 4742 της,
2250 4669 2574 4733 ἐνδοιαζὲτω
2621 4668 2679 4722 δὲ
2724 4667 2834 4720 τῶν
2880 4664 3054 4720 ἄλλων
3106 4660 3324 4753 μηδείς.Δ
3371 4654 3666 4753 napi-$qua

2088 4741 2232 4816 δ’ίᾶν
2263 4762 2357 4815 καὶ
2390 4760 2616 4830 χρήσεις
2642 4755 2824 4813 αὐτῶν
2856 4754 3084 4819 πολλὰς,
3131 4753 3260 4814 τοὺς
3311 4744 3551 4819 ἐμαυτοῦ
3582 4741 3670 4809 υ-

2089 4872 2221 4924 γους
2258 4853 2318 4918 ἐξ
2347 4851 2526 4907 αὐτῶν
2558 4848 2939 4919 πιστούμενος,
2962 4848 3010 4899 εί
3048 4844 3123 4916 μὴ
3150 4843 3211 4896 τὸ
3242 4836 3414 4913 μῆκος
3447 4835 3667 4889 ἐδεδίειν

2088 4948 2185 5003 τοῦ
2234 4946 2585 5018 γράμματος,
2636 4944 2711 5015 μὴ
2762 4944 2869 5012 ἄρα
2924 4957 3041 5003 πως
3098 4937 3325 5008 γένηται
3368 4932 3455 4986 διὰ
3508 4930 3666 4984 τοῦτο

2087 5037 2412 5112 προσκορές.
2452 5026 2563 5089 Καὶ
2611 5036 2733 5089 κατ’
2766 5033 2959 5086 ούδένα
3009 5031 3067 5084 δὲ
3108 5026 3308 5101 τρόπον
3343 5023 3666 5079 σαλεύεσθαι

2087 5128 2226 5202 πρός
2283 5144 2447 5182 τινων
2494 5123 2800 5196 ἀνεχόμεθα
2829 5123 2926 5192 τὴν
2960 5120 3273 5193 ὁρισθεῖσαν
3305 5118 3508 5181 πίστιν,
3547 5115 3665 5183 ἦτοι

2086 5223 2147 5276 τὸ
2182 5221 2284 5291 τῆς
2318 5220 2552 5282 πίστεως
2601 5215 2888 5288 σύμϐολον,
2939 5214 3092 5284 παρὰ
3129 5211 3241 5265 τῶν
3287 5210 3457 5278 ἁγίων
3508 5206 3666 5276 ἡμῶν

2088 5312 2368 5382 Πατέρων,
2400 5309 2508 5363 τῶν
2531 5310 2589 5362 ὲν
2621 5307 2826 5378 Νικαίᾳ
2862 5305 3223 5359 συνελθόντων
3251 5301 3392 5356 κατὰ
3418 5296 3664 5371 καιρούς.

2087 5402 2227 5457 Οὔτε
2282 5400 2387 5472 μὴν
2420 5398 2792 5470 ἐπιτρέπομεν
2841 5398 3077 5464 ἑαυτοῖς,
3112 5395 3146 5466 ἢ
3185 5394 3415 5464 ἑτέροις,
3449 5387 3483 5459 ἢ
3520 5386 3668 5455 λέξιν

481 5544 528 5577 ⁸³
554 5547 572 5601 ι
603 5546 728 5601 COI‘.
764 5564 858 5613 XV.
884 5551 968 5603 47.
1049 5554 1268 5610 “Joan.
1302 5574 1385 5627 ut,
1412 5558 1495 5613 l5.
1574 5560 1619 5593 δ’
1645 5559 1878 5631 Philipp.
1910 5574 1970 5625 ιι,
2004 5559 2055 5612 6.
2132 5557 2219 5612 “1
2252 5557 2397 5611 Petr.
2434 5571 2507 5619 tv,
2536 5554 2587 5608 l.
2668 5552 2849 5607 "‘lsa.
2880 5566 2929 5618 L,
2961 5550 3014 5606 6.

1468 5697 1640 5755 Varia:
1670 5700 1932 5757 lectiones
1954 5699 2158 5756 codicis
2198 5694 2561 5769 chuieriani.

500 5780 530 5824 δ
565 5782 594 5834 ὁ
618 5780 823 5852 κύριος,
856 5779 930 5844 ἐξ.
1015 5793 1034 5818 τ
1069 5781 1141 5836 ὢν
1162 5784 1237 5836 ἐν.
