4044 6212
425 292 530 352 183

1440 296 1495 351 S.
1530 292 1803 350 CYRILIJ
1840 291 2307 351 ALEXANDRINI
2345 292 2661 348 ARClIlEP.

3559 293 3659 350 ιδι

424 410 569 465 deat.
599 408 737 465 Cum
771 426 905 466 vero
920 421 1133 481 tempus
1160 410 1430 465 salutandi
1468 409 1777 464 facultatem
1798 408 1980 471 offert,

2094 424 2256 477 ματος
2286 407 2656 479 διακομιστῶν
2680 410 2713 478 ἡ
2744 408 2959 471 σπάνις.
2986 408 3200 480 Καιροῦ
3223 405 3278 462 δὲ
3312 409 3373 462 τὸ
3400 407 3664 463 δύνασθαι

424 511 539 555 tum
559 516 622 556 ea
648 516 733 556 res
774 517 873 571 pro
893 502 1156 571 inspirato
1184 500 1532 572 iucundoque
1555 501 1711 556 lucro
1738 500 1990 556 habenda

418 599 594 655 est,et
626 592 693 645 ad
714 601 835 646 vota
856 592 993 646 adeo
1026 601 1279 661 exoptata
1308 592 1543 647 libenter
1584 603 1668 648 est
1693 608 1987 647 accurren-

419 683 570 736 dum.
605 683 858 751 Majorem
893 684 1076 753 itaque
1114 684 1171 739 in
1194 685 1414 740 modum
1442 687 1746 741 sanctitatis
1772 687 1987 742 tutelit-

420 769 553 823 teris
573 770 760 824 laetitia
800 772 1029 845 affectus
1062 788 1203 837 sum,
1231 782 1286 827 et
1317 773 1618 830 admiratus
1640 775 1985 830 affectionem

418 858 588 913 animi
610 861 708 925 tui,
729 860 1025 915 arbitratus
1039 876 1161 915 sum
1178 872 1492 931 pacatarqu
1513 863 1880 923 Ecelcsiarum
1900 879 1987 917 ra-

420 952 624 1007 tionem
665 961 720 1006 et
766 951 988 1006 modum
1016 952 1314 1023 integritati
1366 962 1470 1009 tuae
1517 953 1706 1008 ordine
1751 954 2011 1023 pandem-

418 1041 572 1105 dum,
607 1041 949 1110 singulaque,
977 1052 1036 1096 ut
1065 1052 1213 1112 gesta
1250 1052 1398 1106 sunt,
1439 1044 1729 1099 indicanda
1767 1059 1909 1098 esse.

486 1133 953 1202 Religiosissimus
967 1143 1022 1189 et
1038 1134 1246 1189 Christi
1264 1136 1670 1192 amantissimus
1694 1136 1986 1206 imperator

416 1223 563 1293 quod
590 1224 881 1293 plurimam
909 1233 964 1277 et
991 1226 1354 1280 necessariam
1380 1234 1688 1280 sanctarum
1716 1227 1987 1282 Ecclesia!

418 1330 539 1367 rum
573 1330 757 1369 curam
790 1325 1023 1385 gereret,
1059 1316 1275 1371 illarum
1307 1317 1702 1377 dissensionem
1730 1319 1985 1374 intolera-

416 1405 583 1460 bilem
609 1405 907 1475 judicabat.
934 1406 1014 1461 Ad
1047 1422 1104 1461 se
1127 1423 1257 1479 ergo
1278 1424 1564 1464 accersens
1590 1411 1982 1466 reverendissi-

416 1512 565 1550 mum
594 1497 1103 1567 pientissimumqne
1131 1500 1387 1555 Ecclesia:
1414 1501 1572 1570 110
1595 1500 1983 1557 Constantino-

416 1588 671 1657 politanae
727 1589 1045 1659 episcOpum
1100 1589 1516 1656 Maximianum,
1572 1606 1636 1646 ac
1685 1592 1821 1647 alios
1874 1608 1984 1647 non

416 1694 639 1748 paucos,
670 1680 764 1749 qui
803 1696 909 1750 pro.
943 1689 1189 1750 tempore
1229 1680 1433 1735 ibidem
1480 1682 1980 1752 comperiebantur,

2090 499 2405 567 προσειπεῖν
2438 497 2802 566 είσφέροντος,
2831 498 3041 570 εὕρεμα
3090 500 3359 571 προσηνὲς
3389 498 3662 553 ποιεῖσθαι

2090 588 2363 657 προσήκει
2394 587 2455 641 τὸ
2490 590 2742 660 πρᾶγμα,
2775 591 2868 644 καὶ
2898 610 2921 638 e
2946 593 3056 654 τοῖς
3088 590 3233 644 οὕτω.
3258 591 3607 661 τριποθήτοις
3638 591 3656 628 ί

2087 677 2339 746 ἀσμένως
2367 678 2658 749 ὲπιπηδᾷν.
2699 678 2920 743 Ἡσθεὶς
2978 679 3043 752 δὴ
3098 674 3191 733 οὖν
3222 681 3361 747 ἄγαν
3410 680 3501 732 ἐπὶ
3547 681 3661 740 τοῖς

2088 769 2240 840 παρὰ
2289 772 2389 840 τῆς
2435 769 2537 839 σῆς
2584 770 2922 842 τελειότητος
2964 771 3417 841 ἀπεσταλμένοις,
3449 770 3545 823 καὶ
3569 787 3659 823 τε-

2088 857 2384 928 θαυμακὼς
2424 859 2523 931 τὴν
2572 859 2829 923 διάθεσιν,
2859 860 2967 913 δεῖν
3019 859 3211 931 ᾠήθην
3250 859 3346 928 τῆς
3375 858 3484 911 τῶν
3536 859 3660 911 Ἐκ-

2086 950 2322 1020 κλησιῶν
2366 953 2588 1023 εἰρήνης
2639 951 3024 1022 καταμηνύσαι
3062 951 3155 1005 τὸν
3199 951 3425 1023 τρόπον’
3455 950 3667 1004 ἕκαστά.

2084 1061 2165 1109 τε,
2194 1046 2342 1109 ὅπως
2374 1046 2587 1113 γέγονε,
2619 1045 2868 1100 διειπεῑν.
3029 1026 3055 1082 "

2167 1137 2224 1189 '0
2246 1136 2628 1200 εὐσεϐέστατος
2644 1136 2737 1191 καὶ
2754 1136 3093 1207 φιλόχριστος
3116 1135 3384 1206 βασιλεὺς,
3407 1135 3506 1205 τὴν
3523 1132 3663 1204 ὑπὲρ

2083 1227 2191 1279 τῶν
2216 1228 2386 1296 ἁγίων
2424 1226 2762 1299 Ἐκκλησιῶν
2812 1227 3067 1297 φροντίδα
3104 1226 3362 1295 πλείστην
3408 1228 3538 1294 ὂσην
3568 1225 3664 1277 καὶ

2084 1318 2386 1385 ἀναγκαίαν
2410 1318 2747 1388 ποιούμενος,
2775 1318 2836 1373 οὐ
2858 1318 3095 1389 φορητὴν
3118 1319 3302 1388 ἠγεῖτο
3325 1316 3421 1386 τὴν
3454 1315 3660 1368 τούτων

2083 1408 2363 1478 διχόνοιαν.
2400 1409 2912 1480 Μεταπεμψάμενος
2952 1409 3130 1462 τοίνυν
3157 1407 3247 1460 τὸν
3270 1407 3662 1460 εὑλαϐέστατον

2084 1501 2177 1555 καὶ
2203 1501 2617 1555 θεοσεϐέστατον
2675 1502 2972 1555 ἐπίσκοπον
3012 1500 3113 1569 τῆς
3160 1498 3320 1567 ἁγίας
3372 1499 3658 1550 Κώνσταν-

2083 1592 2462 1649 τινουπολιτῶν
2502 1593 2825 1662 Ἑκκλησίας
2853 1590 3210 1662 Μαξιμιανὺν,
3244 1589 3337 1641 καὶ
3367 1588 3585 1661 ἐτέρους
3605 1587 3663 1640 δὲ

2086 1684 2371 1747 πλείστους
2398 1685 2505 1739 τῶν
2550 1683 2739 1741 αὐτόθι
2778 1682 3247 1753 κατειλημμένων,
3274 1679 3399 1733 τίνα
3441 1679 3504 1748 δὴ
3545 1677 3661 1749 τρό-

417 1772 561 1826 serio
592 1787 717 1826 eum
740 1773 848 1828 illis
869 1773 1232 1839 consultabat,
1257 1788 1494 1842 quonam
1526 1784 1685 1844 pacto
1712 1776 1985 1833 Ecclesia-

2094 1793 2187 1829 πον
2216 1776 2282 1829 ὲκ
2319 1776 2487 1846 μέσου
2527 1776 2625 1845 μὲν
2651 1775 2848 1844 γένοιτ’
2874 1775 2939 1829 ἀν
2969 1773 3079 1827 τῶν
3123 1769 3460 1851 Ἐκκλησιῶν
3485 1772 3518 1839 ὴ
3548 1770 3661 1823 διαο
3734 1782 3735 1785 ‘

418 1878 539 1915 rum
568 1863 859 1918 dissidium
886 1880 917 1919 e
946 1863 1130 1919 medio
1164 1864 1301 1929 tolli,
1330 1864 1749 1935 divinorumque
1782 1875 1985 1937 myste-

418 1952 625 2007 riorum
666 1954 901 2015 ministri
940 1955 1009 2009 ad
1053 1956 1403 2012 concordiam
1442 1967 1498 2011 et
1537 1972 1724 2027 pacem
1765 1966 1990 2027 possent

416 2043 611 2114 redigi.
648 2044 730 2099 llli
773 2060 904 2100 vero
944 2062 1055 2103 non
1094 2047 1257 2109 aliter
1297 2064 1541 2117 unquam
1570 2048 1624 2103 id
1656 2049 1776 2104 ﬁeri
1805 2063 1985 2119 posse,

416 2150 596 2205 neque
632 2136 791 2205 prius
830 2137 958 2194 illos
994 2137 1065 2192 de
1106 2138 1305 2207 quibus
1341 2140 1623 2210 agebatur,
1661 2140 1717 2194 in
1754 2155 1987 2194 concor-

416 2226 563 2285 diam
593 2237 855 2283 venturos
883 2228 1122 2294 aiebant,
1148 2246 1311 2300 quam
1352 2232 1726 2287 unanimitatis
1762 2240 1819 2286 et
1853 2247 1985 2287 con-

415 2332 568 2373 sona:
595 2317 727 2377 fidei
745 2319 1025 2379 vinculum
1069 2320 1138 2381 iis
1173 2322 1542 2393 praefulgeret,
1572 2333 1627 2379 et
1662 2325 1814 2394 quasi
1852 2340 1989 2394 prae-

415 2407 656 2465 ferretur
683 2428 696 2463 :
724 2420 779 2466 et
808 2422 1063 2482 oportere
1089 2412 1310 2469 aiebant
1353 2424 1413 2469 ut
1436 2415 1810 2485 pientissimus
1828 2416 1991 2471 Joan~

415 2515 516 2556 nes
541 2500 915 2559 Antioclieuus
940 2505 1427 2561 anatliematizaret
1451 2506 1688 2560 Nestorii
1714 2506 1987 2577 dogmata,

415 2605 483 2646 ac
512 2592 717 2665 scripto
756 2593 901 2647 illius
929 2593 1326 2664 depositionem
1368 2595 1715 2664 approbaret.
1745 2595 1860 2651 Hoc
1889 2612 1988 2650 au-

418 2690 532 2737 tem
577 2682 645 2739 ab
689 2683 782 2744 illo
832 2684 1154 2754 impetrato,
1199 2686 1516 2756 episcopum
1562 2686 1989 2743 Alexandrinum

418 2774 658 2845 privatas
698 2775 1030 2833 offensiones
1073 2778 1334 2833 oblivioni
1382 2778 1734 2847 traditurum,
1764 2788 1819 2834 et
1855 2794 1989 2834 con-

422 2864 695 2929 tumelias,
735 2864 865 2920 licet
901 2881 980 2921 ea:
1019 2866 1349 2937 gravissimae
1379 2876 1435 2923 et
1465 2868 1712 2923 maxima:
1746 2869 1989 2927 exstitis-

419 2959 563 3015 sent,
591 2967 728 3020 quas
758 2953 957 3022 Ephesi
989 2970 1279 3024 perpessus
1318 2956 1517 3022 fuerat,
1552 2966 1780 3028 propter
1807 2959 1989 3015 chari-

421 3050 591 3101 talem
626 3044 784 3105 nihili
826 3045 1118 3107 facturum.
1155 3047 1291 3103 Cum
1334 3049 1517 3120 itaque
1552 3050 1990 3121 religiosissimus

421 3133 722 3203 imperator
745 3135 813 3191 iis
837 3138 1148 3203 assentiret,
1181 3154 1539 3211 magnamque
1565 3157 1633 3196 ex
1662 3157 1728 3197 eo
1760 3143 1991 3198 consilio

421 3224 763 3294 voluptatem.
782 3237 1025 3298 caperet,
1049 3231 1252 3287 missus
1279 3240 1381 3297 est,
1406 3233 1499 3302 qui
1531 3233 1633 3288 hoc
1664 3234 1840 3303 ipsum
1864 3249 1990 3303 per—

422 3311 637 3383 liceret,
669 3313 923 3380 dominus
963 3334 1118 3374 meus
1161 3321 1609 3394 praeclarissimas
1649 3323 1904 3378 tribunus
1938 3333 1995 3380 et

423 3401 672 3457 notarius
701 3402 1027 3461 Aristolaus.
1059 3408 1417 3480 Posteaquam
1454 3426 1587 3466 vero
1626 3412 1995 3469 Orientalibus

423 3490 640 3562 regium
661 3493 941 3550 decretum
970 3499 1273 3567 expositum
1298 3508 1400 3565 est,
1424 3509 1479 3555 et
1504 3510 1761 3571 tanquam
1790 3502 1994 3557 factum

423 3596 491 3637 ex
523 3598 713 3643 eorum
742 3587 1126 3663 episcoporum
1161 3592 1432 3645 sententia
1471 3592 1565 3661 qui
1605 3592 1995 3648 Constantino-

424 3671 537 3742 pali.
572 3672 837 3742 aderant;
880 3678 1109 3734 consilio
1154 3679 1338 3734 nescio
1381 3664 1490 3750 quo
1531 3681 1675 3751 apud
1716 3682 1997 3737 sanctissi—

427 3778 581 3823 mum
616 3765 1031 3838 piissimumque
1062 3770 1475 3828 Berrhmensem
1516 3772 1832 3844 episcOpum
1863 3774 2001 3828 Aca-

426 3855 575 3909 cium
600 3859 897 3927 congressi,
948 3861 1113 3914 scribi
1153 3861 1218 3916 ad
1248 3878 1335 3917 me
1357 3873 1644 3929 curarunt,
1677 3866 1999 3921 conventio-

426 3944 517 4005 nis
568 3945 815 4016 modum,
847 3948 902 4011 id
937 3956 1023 4003 est
1074 3959 1384 4005 sanctarum
1426 3954 1793 4009 Ecclésiarum
1826 3956 1996 4024 pacis,

431 4034 539 4090 nisi
584 4050 659 4092 eo
698 4037 861 4093 modo
898 4054 1061 4109 quem
1109 4041 1209 4116 ipsi
1259 4044 1700 4112 praescriherent,
1738 4046 1853 4098 fieri
1890 4062 2001 4101 non

428 4129 652 4185 debere.
689 4130 821 4185 Erat
858 4141 1043 4186 autem
1087 4147 1153 4190 ea
1192 4133 1386 4202 petitio
1427 4133 1607 4204 gravis
1644 4150 1710 4189 ac
1752 4135 1997 4190 molesta.

428 4219 695 4274 Volebam
718 4220 865 4275 enim
904 4237 968 4276 ea
1003 4223 1186 4277 omnia
1214 4224 1447 4287 aboleri,
1473 4240 1593 4295 qua;
1618 4227 1705 4281 vel
1732 4227 2000 4296 epistolis,

428 4312 517 4366 vel
553 4311 734 4376 tomis,
759 4313 847 4367 vel
874 4313 1030 4369 libris
1055 4316 1455 4386 evulgaveram,
1483 4326 1539 4372 et
1569 4318 1670 4372 soli
1708 4317 1853 4385 fidei,
1882 4335 2003 4389 quae

2089 1868 2253 1937 φορὰ,
2310 1868 2675 1937 κεκλήσονται
2723 1867 2780 1920 δὲ
2831 1866 2989 1937 πρὸς
3017 1866 3240 1936 εἰρήνην
3282 1864 3330 1916 oi
3361 1862 3469 1916 τῶν
3501 1861 3661 1914 θείων

2092 1956 2362 2028 ἱερουργοὶ
2400 1956 2735 2027 μυστηρίων,
2770 1954 3143 2010 διεσκέπτετο.
3190 1953 3254 2005 0i.
3310 1951 3367 2005 δὲ
3424 1949 3661 2019 ἔφασκον

2088 2048 2164 2111 ὡς
2207 2048 2310 2101 οὐκ
2351 2047 2417 2101 ἂν
2482 2047 2685 2115 ὲτέρως
2728 2046 2936 2115 γένοιτο
2967 2044 3124 2099 τοῦτό
3173 2061 3328 2110 ποτε,
3356 2043 3465 2099 οὐδ’
3491 2043 3556 2096 ἂν
3582 2041 3661 2103 είς

2088 2138 2387 2210 ὀμοψυχίαν
2416 2138 2620 2192 ἔλθοιεν
2667 2138 2765 2209 τὴν
2816 2137 2953 2209 πρὸς
2978 2136 3240 2207 ἀλλήλους
3267 2136 3319 2190 ei
3368 2134 3499 2206 περὶ
3528 2127 3601 2189 ὧν
3631 2133 3663 2185 6

2088 2233 2265 2301 λόγος,
2299 2233 2374 2304 μὴ
2428 2231 2918 2303 προανατείλαντος
2959 2230 3163 2295 αὐτοῖς,
3196 2228 3288 2282 καὶ
3319 2228 3485 2281 οἱονεὶ
3530 2241 3662 2295 προ-

2089 2323 2578 2395 εισκεκομισμένου
2610 2321 2703 2375 τοῦ
2741 2320 3043 2390 συνδέσμου
3091 2320 3190 2389 τῆς
3227 2317 3529 2389 ὁμοψυχίας
3565 2314 3665 2369 καὶ

2087 2414 2406 2486 ὁμοπιστίας
2428 2429 2442 2441 ⁸
2474 2411 2711 2483 ἔφασκόν
2738 2426 2798 2463 τε
2836 2411 2918 2463 ὅτι
2952 2410 3041 2463 τὸν
3074 2411 3172 2484 τῆς
3198 2407 3507 2468 θεοσεϐείας
3561 2404 3663 2474 ἔμ-

2090 2505 2253 2559 πλεον
2283 2505 2580 2558 ἐπίσκοπον
2621 2503 2902 2573 Ἰωάννην,
2948 2501 3038 2554 τὸν
3076 2498 3426 2569 Ἀντιοχείας,
3461 2495 3662 2549 ἀναθε-

2092 2594 2313 2663 ματίσαι
2343 2594 2424 2648 δεῖ
2450 2593 2519 2646 τὰ
2565 2593 2863 2665 Νεστορίου
2909 2591 3177 2661 δόγματα,
3231 2590 3327 2643 καὶ
3368 2586 3663 2656 ἐγγράφως

2090 2686 2419 2756 ὁμολογῆσαι
2442 2684 2541 2755 τὴν
2590 2683 2909 2754 καθαίρεσιν
2957 2680 3143 2736 αὑτοῦ,
3183 2679 3315 2745 Καὶ,
3347 2678 3407 2732 τό
3436 2694 3501 2745 γε
3528 2673 3663 2749 ἦχον

2091 2781 2171 2843 εἰς
2186 2777 2361 2841 λύπας
2394 2776 2549 2841 ἰδίας,
2568 2778 2596 2829 6
2610 2779 2710 2847 τῆς
2748 2773 3155 2844 Ἀλεξανδρείας
3175 2772 3468 2833 ἐπίσκοπος
3487 2770 3663 2839 ἀμνη-

2096 2870 2319 2940 μονήσει
2362 2885 2420 2920 τε
2448 2867 2534 2920 διὰ
2566 2867 2664 2935 τὴν
2715 2866 2955 2936 ἀγάπην,
2986 2864 3078 2918 καλ¹
3121 2862 3251 2934 παρ’
3279 2861 3430 2915 οὐδὲν
3456 2861 3659 2933 ἡγήσε-

2092 2977 2180 3012 ται
2204 2958 2268 3012 τὸ
2295 2957 2551 3029 ὑϐρίσθαι
2594 2957 2735 3010 κατά
2771 2955 2870 3026 τὴν
2912 2953 3173 3022 Ἐφεσίων
3196 2968 3209 2979 ·
3242 2951 3419 3004 καίτοι
3444 2949 3659 3018 παγχά-

2092 3050 2255 3103 λεπόν
2278 3066 2336 3103 τε
2379 3049 2473 3102 καὶ
2502 3048 2778 3100 δύσοιστον
2815 3045 2894 3099 ὅν.
2915 3044 3329 3106 Συναινέσαντος
3358 3041 3532 3095 τοίνυν
3570 3040 3663 3093 καὶ

2092 3143 2350 3214 ἡσθέντος
2398 3140 2538 3209 ἄγαν
2587 3140 2680 3192 ἐπὶ
2711 3137 2920 3200 τούτοις
2953 3135 3047 3189 τοῦ
3079 3133 3470 3187 εὐσεϐεστάτου
3505 3131 3661 3200 βασι-

2091 3235 2246 3298 λέως,
2293 3231 2570 3302 ἀπεστάλη
2606 3230 2737 3283 αὐτὸ
2782 3228 2940 3281 τοῦτο
2990 3225 3355 3296 κατορθώσων
3392 3224 3420 3276 6
3470 3221 3660 3291 κύριός

2097 3344 2222 3399 μου,
2245 3327 2271 3378 ὁ
2295 3321 2739 3393 θαυμασιώτατος
2786 3316 3065 3389 τριϐοῦνος
3103 3316 3197 3369 καὶ
3236 3315 3482 3387 νοτάριος
3514 3314 3663 3383 Ἀρι·-

2095 3414 2335 3477 στόλαος.
2379 3409 2595 3481 Ἐπειδὴ
2623 3408 2679 3462 δὲ
2703 3410 2816 3471 τοῖς
2849 3406 2988 3461 κατὰ
3014 3406 3112 3489 την
3138 3404 3278 3475 ὲῲαν
3301 3403 3362 3457 τὸ
3389 3401 3662 3474 βασιλικὸν

2097 3504 2358 3575 ἐφανίσθη
2407 3503 2706 3572 θέσπισμα,
2741 3499 2836 3553 καὶ
2882 3499 2958 3563 ὡς
3010 3497 3147 3568 μετά
3174 3495 3396 3567 γνώμης
3443 3493 3665 3563 γεγονὸς

2094 3598 2202 3651 τῶν
2241 3595 2573 3668 εὑρεθέντων
2619 3592 2931 3646 ἐπισκόπων
2957 3589 3098 3644 κατά
3116 3588 3215 3661 τὴν
3247 3586 3488 3656 μεγάλην
3508 3587 3667 3639 Κων-

2099 3684 2562 3750 σταντινούπολιν,
2592 3682 2692 3735 ούκ
2714 3678 2809 3734 οἷδ’
2840 3681 2867 3734 ὅ
2889 3696 2940 3731 τι
2980 3681 3374 3749 σκοπήσαντες,
3402 3676 3668 3745 συνήχθη-

2100 3796 2197 3831 σαν
2235 3777 2333 3850 μὲν
2378 3775 2515 3847 πρὸς
2559 3773 2650 3828 τὸν
2678 3771 2969 3825 ὁσιώτατον
3000 3771 3094 3824 καὶ
3118 3767 3531 3823 θεοσεϐέστατον
3567 3765 3669 3835 τῆς

2099 3866 2400 3940 Βερροιέων
2442 3863 2736 3916 ἐπίσκοπον
2767 3859 3044 3923 ’Δκάκιον,
3078 3857 3288 3930 γράψαι
3336 3873 3397 3908 τε
3428 3855 3561 3926 πρός
3600 3870 3669 3924 με

2100 3953 2518 4027 παρεσκεύασαν
2564 3952 2645 4006 ὅτι
2682 3951 2771 4004 τὸν
2812 3951 2910 4022 τῆς
2959 3948 3278 4019 συμϐάσεως
3306 3946 3524 4016 τρόπον,
3552 3946 3670 4015 ἦτοι

2100 4045 2193 4100 τὸν
2220 4044 2320 4114 τῆς
2351 4044 2572 4113 εἰρήνης
2607 4041 2715 4094 τῶν
2744 4041 2913 4110 ἁγίων
2949 4038 3305 4111 Ἐκκλησιῶν,
3331 4038 3431 4107 οὐχ
3469 4036 3670 4106 ἑτέρως

2100 4134 2355 4205 γενέσθαι
2377 4133 2664 4205 προσήκει,
2698 4132 2746 4185 εί
2772 4130 2846 4202 μὴ
2865 4130 3081 4184 κατὰτὸ
3113 4129 3293 4193 αὐτοῖς
3314 4127 3525 4181 δοκοῦν.
3555 4122 3665 4180 Ἦν

2101 4230 2157 4284 δὲ
2198 4230 2262 4299 δὴ
2305 4229 2413 4298 ἄρα
2468 4227 2626 4281 τοῦτο
2668 4227 2944 4297 φορτικὸν,
2993 4227 3086 4280 καὶ
3134 4224 3273 4296 βαρὺ
3322 4223 3382 4277 τὸ
3439 4224 3668 4294 αἴτημα.

2107 4320 2333 4374 ’Ἦθελον
2362 4321 2489 4390 γὰρ,
2525 4319 2764 4390 ἀργῆσαι
2810 4319 2908 4390 μὲν
2947 4317 3239 4387 σύμπαντα
3280 4317 3349 4369 τὰ
3387 4316 3516 4384 παρ’
3539 4313 3672 4384 ἐμοῦ

428 4419 459 4458 a
491 4404 693 4459 sanctis
720 4405 976 4462 Patribus
1005 4409 1209 4464 nostris
1236 4408 1427 4465 Niczeaa
1461 4410 1607 4466 edita
1641 4411 1838 4477 fuerat,
1868 4404 1993 4467 con-

2105 4411 2386 4483 γραφέντα
2415 4410 2471 4463 ἐν
2490 4428 2548 4464 τε
2579 4409 2909 4474 ἐπιστολαῖς,
2938 4409 3032 4462 καὶ
3064 4408 3274 4479 τόμοις,
3301 4407 3396 4460 καὶ
3425 4404 3669 4475 βιϐλίοις,

428 4496 656 4551 sentire.
686 4497 805 4567 Ege
826 4513 959 4554 vero
988 4499 1056 4554 ad
1086 4500 1188 4556 ista
1222 4501 1296 4556 ita
1330 4502 1587 4572 rescripsi
1620 4520 1632 4558 :
1663 4503 1993 4574 Expositioni

2106 4505 2244 4576 μόνῃ
2288 4502 2345 4555 δὲ
2379 4501 2562 4573 ἐκείνῃ
2614 4499 2901 4553 συνθέσθαι
2926 4502 2993 4571 τῇ
3040 4500 3099 4553 ὲν
3136 4498 3343 4570 Νικαίᾳ
3384 4496 3533 4567 παρά
3566 4494 3675 4549 τῶν

430 4587 580 4651 fidei,
612 4603 774 4658 quam
824 4589 1030 4645 Nicaeni
1077 4591 1266 4648 Patres
1306 4594 1621 4659 ediderunt,
1661 4596 1993 4652 adhaeremut

2103 4596 2273 4667 ἁγίων
2321 4594 2478 4667 ἡμῶν
2543 4592 2802 4663 Πατέρων
2851 4591 3132 4662 όρισθείσῃ
3176 4591 3375 4643 πίστει.
3417 4588 3561 4656 Ἐγὼ
3619 4585 3676 4638 δὲ

428 4694 642 4745 omnes,
662 4682 797 4737 nihil
816 4699 1041 4754 prorsus
1056 4700 1247 4739 eorum
1268 4702 1388 4757 qua:
1412 4687 1467 4741 in
1494 4688 1606 4757 ipsa
1628 4688 2002 4755 continentur,

429 4771 823 4829 labefactantes
864 4792 877 4828 :
910 4786 1039 4831 sunt
1070 4776 1216 4831 enim
1250 4792 1315 4833 ea
1351 4780 1535 4834 omnia
1570 4788 1718 4835 recte
1756 4781 2003 4851 inculpa-

430 4868 593 4930 teque
644 4863 864 4929 tradita,
913 4882 1094 4937 neque
1141 4875 1317 4923 tutum
1362 4878 1468 4934 est,
1509 4880 1632 4940 post
1680 4871 1829 4926 illam
1875 4872 2003 4928 fidei

428 4955 750 5021 editionem,
772 4957 1070 5029 quidquam
1092 4958 1273 5014 adhuc
1297 4961 1567 5017 curiosius
1594 4969 1849 5018 tractare.
1873 4962 2005 5031 Qua'.

426 5058 561 5099 vero
593 5053 743 5100 recte
771 5056 961 5102 contra
990 5046 1226 5105 Nestorii
1257 5048 1626 5118 blasphemias
1664 5053 2004 5122 scripsimus,

428 5147 493 5186 ea
520 5133 794 5201 ejusmodi
821 5150 964 5199 esse,
995 5145 1055 5191 ut
1083 5136 1232 5190 nulla
1257 5135 1417 5190 nobis
1447 5136 1659 5192 ratione
1686 5138 2007 5207 persuaderi

429 5224 623 5289 possit,
651 5235 712 5278 ut
737 5234 887 5282 recte
914 5226 1119 5297 scripta
1147 5243 1268 5283 esse
1295 5241 1575 5298 negemus.
1597 5227 1747 5297 Opus
1776 5229 2008 5299 proinde

430 5313 604 5381 magis
619 5327 762 5376 esse,
776 5323 836 5376 ut
857 5315 959 5384 ipsi
974 5316 1128 5385 juxta
1147 5316 1473 5386 pientissimi
1488 5315 1803 5386 Christique
1823 5332 2009 5373 aman-

429 5406 502 5457 tis
519 5402 1182 5474 imperatorisdecretum,
1200 5417 1507 5477 sanctaaque
1518 5408 1711 5483 synodi
1723 5408 2011 5481 Ephesius:

2102 4686 2241 4758 πρὸς
2284 4684 2456 4738 ταῦτα
2496 4682 2754 4753 γέγραφα
2793 4681 2875 4734 ὅτι
2926 4681 3005 4751 Τῇ
3059 4680 3154 4750 μὲν
3201 4678 3414 4731 ἐκθέσει
3457 4676 3555 4747 τῆς
3597 4675 3680 4726 πί·

2103 4793 2295 4838 στεως,
2320 4777 2387 4847 τῇ
2415 4772 2693 4846 ὁρισθείσῃ
2720 4772 2871 4842 παρά
2898 4770 3006 4823 τῶν
3052 4770 3222 4838 ἁγίων
3248 4768 3506 4838 Πατέρων
3538 4764 3681 4819 κατὰ

2108 4864 2209 4936 τὴν
2259 4864 2510 4918 Νικαέων
2569 4863 2762 4927 πόλιν,
2827 4860 3071 4931 ἑπόμεθα
3133 4861 3370 4922 πάντες,
3422 4858 3575 4911 οὐδὲν
3619 4856 3679 4910 τδ

2110 4958 2372 5029 παράπαν
2403 4957 2511 5009 τῶν
2568 4957 2625 5008 ὲν
2676 4953 2813 5025 αὐτῇ
2843 4953 3111 5023 κειμένων
3134 4948 3676 5023 παρασαλεύοντεςδέ

2107 5050 2220 5120 ἔχει
2242 5049 2346 5120 γὰρ
2382 5048 2557 5101 πάντα
2593 5046 2787 5117 ὀρθῶς,
2814 5044 2908 5098 καὶ
2934 5044 3190 5113 ἀλήπτως
3210 5060 3224 5077 '
3261 5043 3355 5098 καὶ
3380 5041 3440 5096 τὸ
3466 5039 3676 5111 περίερ-

2107 5156 2204 5208 γον
2233 5139 2312 5193 ἔτι
2337 5139 2453 5209 μετ’
2476 5139 2709 5208 ἐκείνην,
2734 5138 2835 5193 ούκ
2863 5137 3118 5205 ἀσφαλές.
3151 5137 3218 5190 Ἀ
3241 5135 3298 5188 δὲ
3324 5134 3682 5205 γεγράφαμεν

2109 5231 2285 5301 ὀρθῶς
2319 5229 2458 5283 κατὰ
2511 5228 2618 5283 τῶν
2671 5229 2765 5282 τοῦ
2806 5227 3100 5298 Νεστορίου
3136 5225 3480 5296 δυσφημιῶν,
3508 5222 3684 5283 οὐδεὶς

2111 5322 2256 5390 ἡμᾶς
2286 5317 2568 5378 ἀναπείσει
2595 5318 2751 5386 λόγος
2774 5319 2825 5381 ὶι,
2851 5317 2928 5381 ώς
2953 5318 3054 5371 οὒκ
3076 5312 3134 5371 εὖ
3153 5316 3461 5385 γεγόνασιν,
3487 5312 3680 5365 εἰπεῖν·

2112 5411 2309 5482 χρῆναι
2336 5410 2393 5464 δὲ
2429 5409 2631 5481 μᾶλλον
2662 5409 2882 5473 αὐτοὺς,
2928 5407 3072 5462 κατά
3100 5424 3163 5476 γε
3190 5407 3251 5460 τὸ
3272 5406 3430 5476 δόξαν
3469 5404 3563 5458 καὶ
3605 5402 3685 5473 τῷ

1517 5566 1690 5623 Varia:
1721 5567 1984 5627 lectiones
2013 5566 2217 5624 codicis
2250 5565 2610 5638 Seguieriani.

507 5729 528 5759 σ
555 5720 817 5791 προσήκει
839 5717 1103 5777 ποιεῖσθαι
1140 5718 1199 5775 τὸ
1230 5717 1483 5791 γράμμα,
1514 5721 1625 5776 καί.
1705 5721 1725 5761 ί
1756 5723 1866 5786 τοῖς
1896 5721 2253 5793 τριποθὴτοις.

1626 5834 1805 5859 law,“

2340 5723 2365 5764 3
2399 5718 2903 5791 παρασημαίνοντες
2977 5715 3153 5782 δὸλος,
