4044 6212
267 325 384 384 {85

263 439 657 512 εὖοεδεστάτῳ
694 442 790 494 καὶ
833 441 1164 514 φιλοχρίστῳ
1202 443 1430 513 βασιλεῖ,
1493 445 1590 499 κοιλ⁵
1628 444 1767 514 αὐτῇ
1793 445 1851 498 δὲ
1882 449 1925 505 Α

261 539 345 606 τῇ
375 538 513 606 ἁγίᾳ
533 535 746 604 συνόδῳ,
775 537 842 606 τῇ
869 537 1014 590 κατὰ
1032 537 1133 608 τὴν
1168 538 1430 606 Ἐφεσίων
1452 538 1606 592 πόλιν
1622 554 1858 608 συναγη-

267 626 544 696 γερμένῃ,
587 627 812 694 ποιῆσαι
858 626 874 667 '-
933 626 1035 696 μὲν
1082 627 1470 701 άποκήρυκτον
1510 627 1604 682 τὸν
1651 630 1718 699 τῇ
1761 626 1857 680 τοῦ

268 715 535 786 Σωτῆρος
578 714 702 786 δόξῃ
755 716 1182 788 μεμαχημένον,
1225 720 1624 792 ἀναθεματίσαι
1669 719 1726 773 δὲ
1764 722 1859 774 καὶ

262 804 371 866 τὰς
393 804 647 866 ἀνοσίους
685 805 854 860 αὑτοῦ
901 807 1249 880 δυσφημίας,
1283 811 1618 882 ὁμολογῆσαί
1664 829 1721 866 τε
1759 812 1858 883 τὴν

261 896 596 966 καθαίρεσιν
653 896 858 961 αὐτοῦ,
911 900 1005 952 καὶ
1057 902 1366 956 συναινέσαι
1416 906 1482 974 τῇ
1556 905 1860 976 χειροτονίᾳ

260 988 358 1041 τοῦ
391 989 702 1042 όσιωτάτου
762 992 855 1044 καὶ
888 992 1310 1048 θεοσεδεστάτου
1339 995 1640 1048 ἐπισκόπου
1679 993 1864 1060 Μαίει-Δ

1868 1069 1919 1086 ν

263 1079 489 1149 μιανοῦ.
530 1080 754 1134 Τούτων
781 1082 961 1136 τοίνυν
999 1083 1184 1148 αὐτοῖς
1213 1085 1320 1138 τῶν
1345 1086 1691 1156 γραμμάτων
1719 1087 1858 1139 ἀπο-

259 1173 573 1238 caesum,
614 1174 975 1245 πεπόμφασιν
1012 1179 1092 1240 είς
1152 1177 1250 1248 τὴν
1315 1178 1723 1249 Ἀλεξάνδρειαν
1767 1178 1857 1231 τὸν

263 1264 675 1318 εὐλαϐέστατον
709 1267 805 1318 καὶ
843 1266 1254 1336 θεοφιλέστατον
1305 1271 1603 1324 ἐπίσκοπον
1647 1269 1856 1322 Παῦλον

260 1354 363 1424 τῆς
407 1356 761 1426 Ἐμησηνῶν”
795 1358 929 1429 πρὸς
961 1357 1022 1411 ὃν
1052 1363 1294 1414 πλεῖστοι
1325 1361 1425 1432 μὲν
1459 1363 1593 1425 ὅσοι,
1625 1363 1719 1415 καὶ
1754 1378 1854 1430 μα-

263 1448 391 1518 κροὶ
440 1450 708 1516 γεγόνασι
761 1450 910 1520 λόγοι
955 1452 1234 1526 περὶτῶν
1281 1453 1424 1506 κατὰ
1457 1454 1554 1526 τὴν
1593 1454 1856 1522 Ἐφεσίων

263 1541 490 1610 ἀνόμως
530 1540 545 1591 i
588 1543 686 1595 καὶ
713 1542 776 1596 οὐ
825 1543 1176 1614 καθηκόντως
1206 1545 1513 1616 εἰρημένων
1537 1563 1599 1599 τε
1638 1546 1734 1600 καὶ
1759 1562 1856 1598 πε-

267 1633 630 1702 πραγμένων.
696 1634 916 1705 Ἐπειδὴ
975 1635 1033 1689 δὲ
1057 1634 1264 1690 τούτων
1315 1637 1812 1707 ἀμνημονήσαντας
1837 1675 1852 1700 ,

262 1723 376 1776 τῶν
411 1725 860 1796 ἀναγκαιοτέρων
905 1725 1126 1797 ἔχεσθαι
1173 1727 1584 1807 μᾶλλ.ονκέχρῆν
1619 1729 1852 1781 σπουδα-

267 1815 518 1882 σμάτων,
581 1793 836 1886 ἠρώτων,
881 1793 1362 1889 είηὲπικομίζεται
1391 1793 1716 1889 γράμματα
1757 1817 1850 1871 τοῦ
1887 1793 1926 1847 Β
1955 1813 2215 1868 dictatam
2259 1831 2272 1867 :

263 1904 690 1960 θεοσεὸεστάτου
719 1908 1020 1962 ἐπισκόπου
1052 1908 1318 1964 Ἰωάννου’
1343 1905 1462 1962 εἷτα
1477 1909 1600 1980 ἐμοὶ
1622 1908 1852 1980 προεκό-

264 2015 423 2066 μισεν
465 1998 780 2070 ἐπιστολὴν,
813 1999 849 2053 ἃ
892 2000 992 2070 μὲν
1035 2001 1199 2073 ἐχρῆν
1251 2000 1418 2071 ἔχειν,
1463 2001 1563 2054 οὐκ
1599 1999 1862 2071 ἔχουσαν,·

262 2090 744 2160 ὑπαγορευθεῖσαν
773 2090 832 2143 δὲ
864 2091 1085 2162 μᾶλλον,
1137 2091 1198 2144 οὑ
1233 2091 1356 2145 καθ’
1388 2091 1448 2146 ὃν
1485 2091 1595 2146 ἔδει
1627 2093 1847 2163 τρόπον⁸

259 2178 626 2250 παροξυσμοῦ
647 2180 778 2249 γάρ,
802 2180 864 2232 οὐ
889 2180 1309 2251 παρακλήσεως,
1331 2175 1444 2252 εἶχε
1462 2181 1714 2252 δύναμιν.
1741 2182 1852 2238 Καὶ

255 2271 472 2341 ταύτην
505 2272 563 2325 οὐ
593 2272 988 2344 προσηκάμην·
1015 2272 1194 2326 καίτοι
1228 2291 1292 2340 γε
1327 2273 1466 2338 δέον,
1498 2277 1618 2338 ταῖς
1653 2275 1851 2327 ἀπολο-

259 2365 415 2432 γίαις
431 2362 531 2432 τήν
559 2363 702 2434 ἐμὴν
735 2363 1173 2435 καταγοητεῦσαι
1197 2365 1502 2438 λύπην,τὴν
1526 2366 1618 2420 ἐπί
1646 2384 1710 2436 γε
1737 2369 1851 2430 τοῖς

259 2456 524 2526 φθάσασι,
572 2455 670 2509 καὶ
716 2457 846 2526 παρ’
873 2456 1057 2509 αὐτῶν
1101 2459 1350 2526 γεγονόσι
1378 2457 1518 2511 κατὰ
1550 2460 1651 2529 τὴν
1691 2460 1848 2528 Ἐφε-

261 2546 413 2600 σίωνο
470 2546 568 2598 καὶ
604 2545 937 2617 εὐαφόρμως
982 2545 1222 2613 ἔφασκον
1278 2547 1682 2618 παροξυνθῆναι
1728 2547 1848 2603 κατ’

260 2639 417 2709 ἐμοῦ,
466 2639 563 2693 διά
601 2656 683 2692 τοι
735 2639 828 2691 τὸν
857 2637 1019 2708 ζῆλον
1056 2638 1148 2692 τὸν
1188 2638 1328 2710 ὑπὲρ
1372 2639 1482 2692 τῶν
1535 2638 1698 2710 ίερῶν
1769 2639 1850 2693 δο-

259 2731 509 2799 γμάτων.
555 2727 701 2782 Ἀλλ’
731 2729 948 2799 ἤκουον,
982 2727 1200 2782 ὄτιοῦτε
1218 2732 1248 2783 ὁ
1278 2728 1438 2800 ζῆλος
1465 2730 1662 2794 αὐτοὺς
1694 2729 1848 2784 κεκί-

259 2837 422 2889 νηκεν
472 2822 502 2874 ό
560 2818 738 2884 θεῖος,
775 2817 898 2872 οὔτε
942 2820 1050 2874 τῶν
1095 2819 1194 2890 τῆς
1247 2820 1506 2890 ἀληθείας
1559 2822 1847 2893 δογμάτων

261 2912 735 2982 ὑπερμαχόμενοι,
778 2911 1160 2966 συνετάττοντο
1198 2913 1318 2968 κατ’
1367 2913 1522 2985 ἐμοῦ,
1557 2915 1692 2969 ἀλλὰ
1726 2919 1846 2980 ταῖς

260 3003 569 3074 ἀνθρώπων
595 3003 841 3068 εἴξαντες
869 3004 1205 3069 κολακείαις,
1239 3005 1333 3058 καὶ
1363 3005 1462 3070 τὰς
1490 3005 1599 3059 τῶν
1631 3007 1835 3078 ἰσχυόν-

257 3111 366 3145 των
419 3095 484 3146 τὸ
522 3094 783 3165 τηνικάδε
834 3094 1018 3163 φιλίας
1068 3095 1157 3164 ἐφ’
1213 3097 1440 3161 ἑαυτοὺς
1487 3098 1842 3168 ἁρπάζοντες.
1874 3138 1916 3195 C

259 3186 458 3256 Ὅμως
508 3186 609 3240 τοῦ
647 3186 1068 3241 θεοσεσεστάτου
1125 3188 1340 3242 Παύλου
1395 3190 1698 3245 ἐπισκόπου
1746 3192 1846 3260 φά-

262 3294 521 3340 ο-κοντος,
571 3277 792 3346 ἑτοίμως
831 3277 1002 3349 ἔχειν,
1045 3279 1463 3350 ἀναθεματίζειν
1508 3280 1606 3344 τὰς
1639 3281 1846 3335 Νεστο-

262 3369 391 3439 ρίου
422 3367 753 3437 δυσφημίας,
777 3371 869 3423 καὶ
900 3369 1180 3440 ὁμολογεῖν
1210 3370 1375 3424 αὑτοῦ
1401 3371 1500 3443 τὴν
1530 3371 1847 3444 καθαίρεσιν

259 3460 586 3530 ἐγγράφως,
627 3462 719 3514 καὶ
756 3461 916 3516 τοῦτο
939 3463 1078 3533 δρᾷν
1109 3462 1249 3535 ὑπὲρ
1286 3464 1526 3530 πάντων,
1558 3465 1653 3519 καὶ
1684 3466 1759 3531 ὼς
1781 3469 1847 3521 ἐκ

262 3551 561 3622 προσώπου
589 3552 809 3606 πάντων
833 3553 941 3609 τῶν
973 3552 1118 3608 κατὰ
1145 3554 1242 3624 τὴν
1283 3555 1572 3628 ’Δνατολὴν
1595 3558 1846 3611 θεοσεϐε-

265 3643 474 3695 στάτων
496 3643 841 3708 ἐπισκόπων,
866 3645 1269 3717 ἁντενήνεγμαι
1300 3645 1352 3714 Ιι,
1377 3647 1554 3716 λέγων
1589 3648 1682 3703 τὸν
1717 3649 1848 3720 παρ’

264 3733 428 3787 αὐτοῦ
456 3733 932 3806 προκομιζόμενον
956 3735 1166 3809 χάρτην
1194 3739 1324 3809 περὶ
1348 3738 1562 3808 τούτου,
1589 3740 1847 3812 ἀρκέσειν

267 3828 411 3898 αὐτῷ
442 3828 593 3900 μόνῳ
630 3828 770 3899 πρὸς
797 3828 858 3882 τὸ
891 3829 1086 3901 χρῆναι
1116 3833 1295 3901 τυχεῖν
1323 3832 1422 3903 τῆς
1443 3831 1595 3904 παρὰ
1627 3833 1846 3889 πάντων

268 3919 420 3990 ημῶν
454 3919 768 3983 κοινωνίας.
815 3920 1242 3993 Διεδεδαιοὺμην
1291 3922 1371 3987 δὲ,
1407 3923 1491 3977 ὅτι
1533 3923 1756 3988 πάντως
1785 3941 1845 3978 τε

269 4012 360 4064 καὶ
379 4011 560 4081 πάντη
581 4010 858 4080 ἔγγραφον
878 4011 1173 4081 ὁμολογίαν
1196 4013 1325 4084 περὶ
1348 4013 1556 4069 τούτων
1582 4015 1844 4070 ἐκθέσθαι

269 4104 534 4173 προσήκει
575 4103 669 4157 τὸν
698 4102 1094 4175 εὐλαϐέστατον
1144 4105 1240 4158 καὶ
1287 4104 1705 4160 θεοσεϐέστατον
1745 4107 1847 4178 τῆς

281 4191 597 4263 Ἀντιοχέων
654 4193 954 4246 ἐπίσκοπον
999 4192 1272 4266 Ἰωάννην.
1310 4197 1378 4248 Ὀ
1411 4195 1476 4266 δὴ
1497 4197 1593 4249 καὶ
1631 4196 1843 4266 γέγονε⁶

273 4285 364 4340 καὶ
403 4287 687 4340 πέπαυται
722 4286 786 4340 τὸ
834 4286 1187 4357 μεσολαϐοὗν,
1235 4289 1328 4342 καὶ
1356 4289 1654 4361 ἀναφοιτᾷν
1683 4289 1847 4361 ἀλλή-

269 4375 372 4430 λων
398 4378 698 4430 άναπεῖθον
727 4377 828 4442 τὰς
874 4377 1234 4450 Ἑκκλησίας..
1277 4381 1418 4434 Ἀλλ’
1443 4376 1512 4452 ἦν
1547 4382 1846 4452 οὐδαμόθεν

1702 329 2037 386 EPISTOLA
2075 329 2189 385 XL.

3441 323 3540 378 186

1955 443 2314 508 sanctionem,
2345 442 2387 511 ι
2400 443 2498 511 ιι
2520 442 2672 496 illum
2691 440 2784 512 qui
2798 449 2991 497 contra
3001 439 3301 497 Salvatoris
3324 438 3535 496 Christi

1959 534 2184 605 gloriam
2205 535 2485 604 pugnavit,
2502 534 2786 604 ejicerent,
2806 533 3108 603 impiasque
3126 533 3274 588 illius
3291 531 3543 603 blasphe-

1959 627 2095 682 mias
2124 626 2468 682 anathemate
2497 627 2918 690 insectarentur,
2950 627 3180 697 ejusque
3207 625 3540 694 depositioni

1958 719 2352 782 consentirent,
2400 734 2464 772 ac
2524 718 2855 773 sanctissimi
2905 717 3246 788 piissimique
3293 717 3540 788 episcopi

1958 807 2268 861 Maximiani
2320 807 2725 862 ordinationem
2775 808 3162 877 approbarent.
3218 807 3316 861 llis
3355 808 3538 878 itaque

1957 896 2157 951 litteris
2212 897 2318 951 sibi
2367 898 2625 961 redditis,
2667 899 2936 952 miserunt
2982 897 3366 952 Alexandriam
3405 898 3535 953 reli-

1955 990 2327 1060 giosissimum
2361 999 2417 1044 et
2450 991 2755 1060 piissimum
2783 991 3100 1061 episcopum
3131 990 3361 1044 Paulum
3383 991 3534 1045 Emi-

1957 1095 2171 1145 senum,
2199 1095 2322 1133 cum
2364 1096 2474 1150 quo
2508 1081 2605 1135 diu
2640 1083 2981 1150 multumque
3015 1079 3083 1134 de
3120 1079 3188 1134 iis
3218 1080 3388 1134 rebus
3419 1080 3536 1135 dis-

1956 1173 2127 1238 serui,
2144 1189 2265 1242 qure
2289 1174 2491 1243 Ephesi
2520 1183 2718 1242 praeter
2736 1173 2824 1243 jus
2845 1180 2900 1226 et
2921 1170 3158 1226 oilicium
3177 1170 3336 1224 dicta:
3359 1169 3536 1225 facta:-

1956 1279 2062 1332 que
2104 1263 2342 1318 fuerant.
2379 1262 2516 1328 Quia
2558 1278 2689 1316 vero
2729 1262 2852 1315 istis
2887 1260 3148 1315 oblivioni
3185 1259 3534 1321 contraditis,

1957 1353 2026 1408 iis
2053 1355 2236 1429 potius
2259 1355 2408 1408 curis
2432 1354 2796 1409 insistendum
2827 1353 3140 1418 videbatur,
3165 1368 3285 1422 quae
3314 1352 3536 1422 majoris

1956 1443 2218 1498 momenti
2255 1458 2320 1497 ac
2349 1443 2610 1512 ponderis
2641 1453 2816 1510 erant,
2857 1442 3212 1512 interrogavi,
3267 1442 3534 1512 numquid

1956 1536 2267 1591 litterarum
2310 1553 2341 1590 a
2385 1537 2633 1606 piissimo
2663 1536 2871 1591 Joanne
2914 1535 3171 1606 episc0po
3211 1536 3484 1590 attulisset
3518 1553 3532 1587 :

1955 1641 2081 1680 mox
2121 1627 2212 1681 ille
2253 1625 2542 1696 epistolam
2589 1625 2853 1691 reddidit,
2888 1641 2999 1680 non
3037 1641 3100 1680 ea
3149 1641 3270 1696 qua
3295 1627 3535 1684 debebat

1955 1723 2285 1788 habentem,
2325 1721 2423 1777 sed
2462 1721 2646 1791 potius
2683 1737 2791 1777 non
2829 1736 2940 1791 quo
2977 1721 3340 1776 conveniebat
3373 1722 3536 1777 modo

2325 1813 2795 1883 complectebatur
2847 1812 2995 1867 enim
3052 1811 3378 1868 irritationis
3423 1813 3535 1866 vim

1954 1905 2138 1974 potius
2179 1920 2342 1975 quam
2387 1904 2805 1960 exhortationis.
2857 1904 3010 1958 lianc
3054 1903 3240 1974 itaque
3285 1921 3396 1959 non
3441 1920 3534 1960 ac-

1954 1996 2210 2065 ceptavi:
2244 2013 2368 2052 nam
2409 2012 2534 2052 cum
2578 2011 2755 2052 meam
2797 1996 2966 2052 animi
2993 1997 3398 2067 aegritudinem,
3426 2012 3536 2067 qua

1954 2087 2163 2142 fueram
2190 2088 2422 2144 affectus
2448 2104 2515 2143 ex
2547 2088 2616 2143 iis
2644 2104 2766 2158 qua:
2794 2097 3207 2159 prateesserant,
3230 2097 3288 2143 et
3311 2087 3381 2143 ab
3401 2088 3538 2157 ipsis

1953 2179 2152 2249 Ephesi
2189 2180 2330 2236 facta
2357 2180 2599 2243 fuerant,
2632 2179 2984 2234 excusatione
3015 2179 3196 2249 aliqua
3222 2177 3536 2233 demulcere

1953 2270 2294 2334 debuissent,
2319 2279 2530 2326 tantum
2555 2270 2712 2326 abest
2738 2279 2797 2325 ut
2828 2269 2882 2324 id
2917 2270 3170 2335 fecerint,
3195 2277 3257 2325 ut
3294 2285 3354 2324 se
3391 2283 3533 2339 quo-

1953 2375 2060 2429 que
2084 2366 2310 2429 propter
2335 2374 2619 2415 sacrorum
2639 2359 2956 2431 dogmatum
2981 2361 3158 2416 zelum
3180 2361 3303 2431 jure
3326 2360 3534 2430 optimo

1950 2449 2087 2504 mihi
2130 2449 2514 2505 suecensuisse
2557 2449 2829 2505 dicerent.
2865 2451 2936 2504 At
2979 2466 3046 2505 ex
3085 2464 3174 2503 me
3213 2448 3533 2511 audiebant,

1949 2556 2052 2596 nec
2096 2541 2344 2595 divinum
2387 2542 2566 2596 zelum
2606 2541 2755 2610 ipsos
2798 2542 3054 2608 movisse,
3091 2557 3194 2598 nec
3241 2540 3389 2611 quod
3434 2556 3535 2610 pro

1949 2633 2200 2688 veritatis
2246 2632 2595 2703 dogmatibus
2639 2643 2970 2703 pugnarent,
3021 2635 3195 2689 aciem
3237 2633 3533 2687 adversum

1949 2739 2037 2778 me
2073 2739 2402 2794 componere
2439 2742 2452 2777 :
2483 2724 2581 2779 sed
2621 2725 2768 2795 quod
2810 2725 3095 2780 hominum
3143 2724 3532 2779 assentationi-
3629 2765 3632 2771 .

1949 2813 2055 2868 bus
2090 2813 2274 2869 locum
2309 2813 2529 2879 darent,
2556 2830 2621 2869 ac
2657 2829 2850 2868 eorum
2878 2813 2973 2883 qui
3008 2823 3140 2869 tunc
3171 2823 3422 2883 potentes
3454 2814 3536 2868 vi-

1949 2906 2243 2971 debantur,
2278 2903 2548 2960 amicitias
2583 2905 2689 2960 sibi
2729 2905 3107 2961 conciliarent.
3139 2906 3532 2962 Verumtamen

1949 3015 2074 3054 cum
2111 2997 2558 3069 religiosissimus
2590 2996 2884 3067 episcopus
2925 2998 3129 3053 Paulus
3163 3005 3413 3068 paratum
3445 2997 3531 3051 di-

1949 3101 2101 3148 ceret
2128 3091 2368 3146 Nestorii
2398 3090 2768 3160 blasphemias
2790 3090 3275 3156 anathematizare,
3303 3090 3535 3160 scripto-

1949 3200 2055 3256 que
2089 3186 2144 3238 in
2176 3184 2325 3238 illius
2355 3181 2760 3253 depositionem
2789 3182 3124 3247 consentire,
3159 3191 3324 3252 atque
3346 3182 3400 3237 id
3433 3197 3534 3252 pro

1948 3275 2226 3341 omnibus,
2250 3285 2307 3331 et
2335 3282 2594 3346 tanquam
2611 3290 2676 3331 ex
2701 3275 2979 3330 communi
3005 3275 3249 3331 omnium
3275 3275 3530 3331 Orienta-

1947 3369 2084 3424 lium
2127 3367 2669 3438 religiosissimorum
2715 3367 3103 3437 episcoporum
3136 3383 3373 3438 persona
3410 3384 3532 3424 sese

1947 3459 2128 3515 facere
2172 3458 2503 3522 afﬁrmaret;
2548 3457 2855 3512 inferebam
2905 3473 3129 3512 rursum
3172 3459 3422 3512 chartam
3461 3459 3531 3512 ab

1948 3552 2068 3622 ipso
2089 3553 2356 3623 prolatam
2382 3553 2486 3623 ipsi
2511 3553 2616 3608 soli
2643 3553 2712 3608 ad
2745 3570 2915 3609 unum
2944 3555 3049 3610 hoc
3077 3553 3349 3620 subicere,
3379 3563 3442 3608 ut
3474 3554 3532 3607 in

1947 3644 2196 3700 omnium
2235 3651 2487 3698 nostrum
2529 3645 2975 3701 communionem
3015 3646 3376 3714 reciperetur.
3415 3645 3532 3700 Mo-

1946 3735 2034 3791 dis
2067 3743 2251 3789 autem
2289 3734 2549 3788 omnibus
2583 3750 2724 3804 opus
2760 3751 2882 3791 esse
2913 3735 3270 3800 afﬁrmabam,
3301 3744 3363 3790 ut
3398 3736 3530 3792 reli-

1946 3824 2290 3897 giosissimus
2321 3823 2931 3897 reverendissimusque
2957 3827 3197 3882 Joannes
3227 3827 3529 3884 Antioche-

1945 3932 2052 3973 nus
2076 3917 2370 3988 episcopus
2399 3917 2663 3986 scriptam
2695 3917 2786 3973 his
2821 3917 2893 3974 de
2928 3919 3097 3975 rebus
3130 3920 3533 3978 confessionem

1945 4007 2155 4064 ederet.
2191 4008 2252 4064 Id
2293 4009 2441 4080 quod
2471 4008 2583 4080 jam
2616 4009 2824 4066 factum
2853 4020 2973 4078 est;
3009 4011 3357 4082 cessavitque
3384 4014 3532 4083 quod

1944 4099 2222 4156 Ecclesias
2265 4100 2636 4172 disjungebat,
2679 4108 2738 4157 et
2774 4117 2808 4157 a
2844 4117 2905 4159 se
2938 4102 3174 4158 invicem
3213 4103 3532 4159 divellebat.

1946 4191 2150 4268 Verum
2200 4193 2516 4248 nullatenus
2573 4191 2808 4248 dubium
2864 4203 2986 4252 erat
3027 4195 3146 4252 fore
3190 4203 3254 4250 ut
3291 4194 3532 4250 Nestorii

1948 4283 2418 4354 blasphemiarum
2472 4294 2912 4356 propugnatores
2954 4286 3162 4343 invidia
3211 4287 3532 4344 extabesce-

1947 4384 2090 4442 rent,
2115 4375 2210 4431 ubi
2251 4377 2496 4448 primum
2535 4386 2854 4434 sanctarum
2895 4379 3268 4436 Ecclesiarum
3304 4397 3410 4451 pax
3440 4396 3532 4436 re-

272 4467 591 4537 ἁμφίόολον,
619 4468 706 4520 ὅτι
727 4466 836 4521 τῶν
861 4468 1158 4540 Νεστορίου
1186 4468 1514 4540 δυσφημιῶν
1573 4471 1703 4534 τοὺς
1734 4471 1841 4526 ὑπ-

1950 4469 2383 4540 dimegraretur.
2414 4470 2629 4538 Quibus
2655 4487 2788 4527 sane
2821 4472 3091 4543 ejusmodi
3125 4473 3405 4543 quidpiam
3437 4490 3531 4528 ac-

273 4558 540 4622 ασπι-στάς
574 4559 900 4630 κατατήξειν
927 4560 1120 4631 ἔμελλε
1157 4561 1266 4615 τῶν
1299 4562 1470 4632 ἁγίων
1510 4561 1847 4634 Ἐκκλησιῶν

272 4651 307 4720 η
326 4652 541 4721 εἰρήνη.
575 4651 684 4705 Καί
715 4669 807 4722 μοι
831 4652 1047 4707 δοκοῦσι
1071 4654 1313 4708 τοιοῦτόν
1339 4673 1394 4708 τι
1422 4655 1638 4722 παθεῖν,
1666 4654 1848 4708 ὁποῖόν

269 4753 322 4790 τι
365 4739 690 4809 συμϐαίνειν
739 4739 859 4803 ἔθος
905 4745 1016 4806 τοῖς
1059 4742 1318 4813 νήχεσθαι
1381 4744 1479 4815 μὲν
1519 4743 1620 4797 οὐκ
1659 4744 1845 4813 εἰδόσι,

271 4828 407 4892 νεώς
433 4827 454 4867 ι
486 4847 553 4896 γε
593 4830 700 4902 μὴν
729 4831 1009 4903 ἀδοκήτως
1036 4833 1488 4906 ἀπολισθήσασιν.
1524 4834 1588 4889 Οἳ
1625 4836 1848 4891 ἐπειδάν

273 4921 735 4990 καταπνίγωνται,
765 4923 930 4987 πόδας
972 4941 1032 4976 τε
1074 4926 1167 4979 καὶ
1218 4929 1404 4998 χεῖρας
1455 4921 1559 4982 ὦδε
1623 4929 1847 4982 κάκεῖσε

269 5014 714 5087 ἅαρῤιπτοῦντες
761 5015 1032 5082 ἀτάκτως,
1076 5018 1170 5072 τοῦ
1210 5020 1616 5090 παρατυχόντος
1662 5019 1849 5085 ἁπλῶς

273 5110 712 5178 ἐπιδράττονται,
763 5108 1186 5179 φιλοψυχοῦντες
1235 5110 1286 5164 οἱ
1336 5110 1580 5165 δείλαιοι.
1621 5113 1694 5166 Ἦ
1744 5112 1847 5166 οὐκ

273 5201 465 5271 ἀληθὲς
511 5203 709 5267 εἰπεῖν,
754 5201 830 5264 ὡς
860 5199 1254 5272 τεθορύϐηνται
1308 5201 1428 5255 λίαν
1451 5243 1466 5266 ,
1501 5202 1846 5268 ἐκπεσόντες,

274 5292 360 5348 καὶ
407 5289 813 5360 μεμονωμένοι,
849 5290 947 5343 καὶ
993 5287 1099 5354 ἔξω
1127 5290 1413 5359 γεγονότες
1455 5288 1564 5344 τῶν
1610 5290 1847 5362 Ἐκκλη-

277 5383 420 5449 σιιῖιν,
454 5382 524 5446 ἃς
554 5380 810 5452 ἐνόμιζον
853 5381 1074 5437 ἔσεσθαι
1103 5382 1240 5453 πρὸς
1274 5383 1595 5454 ἐπικουρίαν
1627 5384 1849 5451 αὑτοῖς;

281 5473 342 5528 Ἦ
363 5474 463 5528 οὐκ
505 5472 858 5544 άτχάλλουσι,
890 5473 986 5528 καὶ
1028 5472 1193 5528 τοῦτο
1231 5474 1297 5529 οὐ
1327 5473 1600 5546 φορητῶς,
1636 5475 1852 5545 ἀποπη-

1943 4560 2147 4617 cidisse
2203 4562 2426 4617 videtur
2478 4564 2649 4629 mihi,
2699 4563 3006 4635 cujusmodi
3067 4563 3176 4619 illis
3237 4565 3532 4621 usuvenire

1942 4653 2084 4708 solet
2113 4653 2292 4722 112,
2321 4655 2416 4724 qui
2447 4670 2574 4710 cum
2609 4663 2802 4710 natare
2833 4655 3103 4720 nesciant,
3134 4671 3166 4712 e
3189 4656 3316 4710 navi
3343 4664 3529 4710 tamen

1942 4743 2127 4798 subito
2177 4744 2419 4815 prolapsi
2459 4756 2610 4803 sunt.
2657 4747 2723 4802 lli
2771 4747 2920 4803 enim
2960 4755 3316 4818 posteaquam
3357 4747 3529 4819 mergi

1943 4835 2238 4907 incipiunt,
2287 4837 2456 4906 pedes
2504 4855 2808 4910 manusque
2855 4840 2959 4895 hac
3002 4840 3126 4894 illac
3169 4839 3529 4909 incomposite

1941 4920 2168 4998 jactant,
2200 4927 2614 5000 retinendaaque
2644 4932 2770 4987 vitae
2801 4930 3006 5002 cupidi,
3031 4929 3300 5001 quidquid
3331 4931 3387 4986 in
3411 4947 3527 4986 ma-

1947 5033 2055 5074 nus
2081 5019 2222 5074 forte
2252 5021 2488 5086 venerit,
2525 5021 2581 5075 id
2615 5031 2820 5078 temere
2861 5021 3136 5091 arripiunt
3171 5021 3382 5076 miseri.
3420 5021 3533 5077 An-
3631 5043 3638 5049 -

1948 5127 2061 5165 non
2097 5125 2226 5166 vere
2266 5111 2376 5166 dici
2420 5120 2604 5182 potest
2633 5129 2730 5169 eos
2788 5113 3145 5168 vehementer
3179 5111 3533 5182 perturbatos

1950 5209 2444 5274 consternatosque
2484 5219 2627 5269 esse,
2671 5203 2817 5273 quod
2860 5217 2921 5258 se
2969 5201 3248 5258 desolatos
3281 5209 3339 5256 et
3376 5209 3530 5257 extra
3632 5243 3635 5249 .

1949 5308 2045 5349 eas
2065 5294 2329 5350 ecclesias
2349 5297 2555 5367 ejectos
2582 5295 2876 5365 pulsosque
2902 5293 3370 5358 animadvertunt,
3394 5307 3534 5362 quas

1949 5383 2058 5438 sibi
2103 5383 2423 5454 adjumento
2482 5385 2697 5440 futuras
2751 5384 3082 5454 sperabant?
3130 5383 3306 5451 Quid?
3345 5397 3529 5439 annon

1951 5475 2330 5546 indignissime
2368 5477 2572 5545 ferunt,
2610 5491 2737 5532 cum
2777 5475 2968 5534 vident
3002 5492 3141 5549 quos
3174 5476 3529 5542 scduxerant,

1344 5627 1518 5684 Varia:
1538 5629 1802 5686 lectiones
1824 5629 2030 5687 codicis
2059 5629 2423 5702 Seguieriani.

349 5745 684 5802 ίποιεῖσθαι.
765 5745 778 5797 i
821 5745 1007 5819 ὠμῶς.
1085 5746 1110 5786 κ
1143 5746 1533 5818 ἀντενήνεγκα.
1617 5747 1833 5819 ιὸμως.
