4044 6212
551 312 652 368 187

1574 319 1629 374 S.
1672 319 1947 378 CYRILLI
1988 323 2458 382 ALEXANDRINI
2497 326 2815 381 ARCIIIEP.

3708 327 3809 383 188

545 433 904 503 profanisque
928 434 1042 488 suis
1061 447 1256 489 vocum
1289 436 1625 493 novitatibus
1653 439 1701 472 ⁵³
1723 443 2124 511 quodammodo

2228 449 2436 513 δῶντας
2474 448 2656 503 αὐτῶν
2693 448 2821 512 τοὺς
2859 446 3244 518 ἠπατημένους
3281 446 3537 518 ὁρῶντες,
3569 448 3663 500 καὶ
3701 448 3810 502 λοι-

544 528 879 580 temulentos
928 527 1312 592 reddiderant,
1359 544 1390 582 a
1442 545 1499 584 se
1548 533 1780 601 resilire,
1809 544 1864 590 et
1899 539 2011 608 jam
2055 541 2123 594 ad

541 618 792 671 veritatis
844 617 1196 672 sobrietatem
1261 619 1476 676 redire?
1510 622 1676 693 Atqui
1715 641 2124 698 peropportune

544 705 655 759 illis
692 705 857 776 objici
900 713 1100 776 potest,
1132 709 1279 778 quod
1314 712 1637 782 prophetica
1675 731 1808 773 voce
1846 721 2122 789 proditum

543 805 722 852 exstat
772 815 784 850 :
837 817 856 849 ι
906 797 1361 870 Congregamini,
1417 804 1632 874 inquit,
1685 813 2122 885 etcolligamini,

544 904 679 960 gens
723 889 1034 954 inerudita,
1087 899 1380 962 antequam
1433 895 1743 955 eﬁiciamini
1798 905 1968 959 veluti
2027 905 2123 959 llos

545 981 819 1034 transiens
851 980 917 1034 “.
962 1002 980 1033 ι
1035 983 1240 1054 thuid
1277 986 1424 1040 enim
1466 988 1773 1046 alienorum
1817 997 2123 1051 vomituum

541 1069 673 1124 facti
705 1080 835 1125 sunt
876 1075 1132 1142 parasiti,
1166 1090 1270 1130 nec
1302 1077 1591 1146 pudeﬁunt
1626 1082 1805 1137 alieno
1834 1099 1992 1141 caeno
2025 1103 2125 1143 sua

542 1160 787 1229 ipsorum
805 1163 971 1219 corda
1002 1164 1400 1222 defaedantesh
1423 1168 1608 1236 Surdi,
1638 1172 1844 1238 audite,
1871 1185 1947 1240 et,
1971 1178 2120 1242 czeci,

543 1259 605 1304 ut
643 1252 878 1309 videatis
923 1256 1185 1324 suspicite
1214 1258 1280 1312 ⁸⁵.
1337 1258 1549 1316 Sentite
1605 1262 1672 1317 de
1723 1263 1956 1320 Domino
2003 1283 2124 1336 qua:

541 1359 672 1399 vera
716 1355 876 1408 sunt,
929 1356 985 1401 et
1031 1349 1086 1402 in
1139 1351 1491 1420 simplicitate
1539 1355 1724 1410 cordis
1773 1358 2000 1425 quzerite
2053 1359 2122 1412 il-

541 1435 658 1489 lum
683 1437 748 1490 ⁵⁸.
787 1457 802 1487 ι
856 1438 986 1504 Qua:
1021 1442 1170 1495 enim
1209 1444 1367 1498 vobis
1405 1453 1489 1499 est
1535 1447 1920 1516 multiplicium
1964 1449 2122 1504 adin-

543 1529 862 1584 ventionum
895 1541 950 1586 et
985 1549 1369 1602 perversarum
1405 1538 1726 1606 opinionum
1761 1541 2004 1596 utilitas?
2041 1553 2124 1597 ut-

541 1622 674 1691 quid
709 1632 912 1678 rectam
944 1627 1321 1695 vituperantes
1356 1630 1625 1696 semitam,
1660 1631 1914 1688 incurvas
1944 1633 2123 1690 facitis

540 1722 753 1769 vestras
781 1717 991 1771 orbitas
1025 1719 1107 1772 ‘7?
1147 1739 1163 1768 ι
1196 1720 1403 1776 Novate
1444 1723 1600 1778 vobis
1635 1724 1765 1794 ipsis
1793 1727 2029 1792 novalia,
2066 1737 2123 1783 et

2228 540 2330 593 πὸν
2357 541 2736 610 ἀνανήφοντας
2765 541 2843 602 είς
2867 539 3128 609 ἀλήθειαν
3155 540 3283 602 τοὺς
3309 543 3432 602 ταῖς
3469 542 3601 610 παρ’
3631 541 3812 595 αὐτῶν

2229 629 2476 701 βεϐήλοις
2499 631 2891 698 καινοφωνίαις
2929 629 3090 683 οἱονεί
3115 647 3232 694 πως
3260 629 3810 701 ἑκμεμεθυσμένους;

2226 722 2422 776 Καίτοι
2457 722 2593 793 φαίη
2620 739 2706 785 τις
2735 721 2802 776 ἂν
2831 721 3036 786 αὐτοῖς,
3075 722 3170 776 καὶ
3217 721 3341 776 λίαν
3383 723 3475 776 ἐπὶ
3505 723 3724 794 καιροῦ,
3749 724 3812 778 τὸ

2223 814 2313 866 διὰ
2339 813 2439 883 τῆς
2465 813 2562 866 τοῦ
2594 815 2874 885 προφήτου
2901 814 3105 885 φωνῆς’
3135 831 3154 865 ι
3190 813 3519 885 Συνάχθητε,
3561 814 3657 868 καὶ
3690 832 3812 870 συν-

2223 905 2434 974 δέθητε,
2475 905 2536 958 τὸ
2586 905 2737 968 ἔθνος
2770 905 2831 958 τὸ
2871 906 3228 970 ἀπαίδευτον,
3264 906 3370 977 πρὸ
3413 905 3506 958 τοῦ
3555 907 3812 974 γενέσθαι

2226 997 2370 1066 ὑμᾶς
2399 997 2535 1050 ὡσεὶ¹
2562 998 2720 1061 ἄνθος
2749 997 3284 1069 παραπορευόμενον.
3323 1015 3342 1048 ι
3375 997 3473 1051 Διά
3503 997 3556 1051 τί
3582 998 3692 1068 γὰρ
3717 1014 3812 1066 γε-

2225 1087 2445 1156 γόνασιν
2476 1089 2774 1160 ἀλλοτρίων
2814 1089 3026 1160 ἐμέτων
3054 1090 3371 1162 παράσιτοι,
3397 1091 3498 1144 οὐκ
3525 1090 3813 1162 αἰσχύνον-

2225 1197 2316 1234 ται
2357 1181 2416 1234 δὲ
2454 1183 2568 1245 τοῖς
2618 1181 2806 1254 ἑτέρου
2854 1181 3139 1254 βορϐόροις
3170 1181 3270 1245 τάς
3325 1183 3537 1237 ἑαυτῶν
3583 1182 3815 1254 καρδίας

2225 1273 2713 1343 καταμιαίνοντες;
2743 1293 2760 1324 ι
2783 1275 2846 1328 Ol.
2864 1274 3058 1342 κωφοὶ,
3088 1273 3381 1336 ἀκούσατε,
3410 1275 3505 1328 καὶ
3520 1275 3569 1327 οἱ
3595 1275 3812 1344 τυφλοὶ,

2228 1363 2571 1433 ἀναϐλέψατε
2610 1364 2759 1418 ίδεῖν.
2788 1367 3102 1437 Φρονήσατε
3143 1367 3272 1437 περί
3309 1365 3406 1419 τοῦ
3447 1367 3651 1438 Κυρίου
3679 1368 3818 1438 ἀλη-

2226 1453 2317 1524 θῆ·
2366 1454 2462 1507 καὶ
2513 1457 2572 1508 ἑν
2621 1455 2886 1526 ἁπλότητι
2930 1457 3158 1528 καρδίας
3207 1456 3482 1526 ζητήσατε
3541 1458 3724 1514 αὑτόν.
3789 1478 3809 1511 ιν

2226 1545 2362 1600 Ποία
2413 1546 2522 1618 γὰρ
2564 1549 2724 1618 χρεία
2766 1548 3123 1602 πολυπλόκων
3172 1548 3304 1618 ὑμῖν
3344 1549 3664 1621 εὐρεμάτων
3717 1552 3817 1605 καὶ

2223 1637 2399 1707 λόγων
2431 1639 2914 1712 διεστραμμένων;
2947 1642 3000 1694 τί
3030 1641 3132 1712 τὴν
3167 1643 3256 1695 ἐπ’
3278 1642 3406 1695 εὐθὺ
3432 1643 3818 1714 περιυϐρίζον-

2221 1747 2312 1794 τες
2347 1730 2556 1802 τρίϐον,
2594 1734 2893 1804 καμπύλας
2930 1737 3133 1787 ποιεῖτε
3179 1734 3278 1798 τάς
3308 1735 3519 1788 ἑαυτῶν
3555 1736 3813 1806 τροχιάς;

541 1807 714 1860 nolite
763 1810 1037 1864 seminare
1088 1811 1232 1865 inter
1279 1813 1464 1882 spinas
1492 1813 1558 1866 ⁵⁸.
1602 1835 1619 1865 ι
1665 1815 2121 1886 Quandoquidem

2229 1839 2247 1873 ι
2287 1821 2542 1876 Νεώσατε
2583 1825 2792 1888 ἑαυτοῖς
2831 1825 3107 1896 νεὼματα,
3155 1827 3250 1879 καὶ
3309 1825 3383 1897 μὴ
3435 1827 3686 1896 σπείρετε
3717 1827 3809 1880 ἐπ’

540 1898 896 1954 vehementer
920 1910 1148 1971 propter
1171 1915 1483 1958 sanctarum
1509 1907 1877 1961 Ecclesiarum
1909 1924 2119 1978 pacem,

540 1995 603 2042 nt
633 1988 768 2053 dixi,
799 1992 1158 2058 consternati,
1191 2008 1287 2048 eos
1318 1994 1412 2064 qui
1443 1996 1635 2050 eadem
1671 2012 1796 2051 cum
1831 1997 1965 2067 ipsis
1995 2013 2122 2053 sen-

539 2074 645 2129 tire
685 2077 901 2144 nolunt,
933 2080 1364 2138 malitiosissime
1402 2085 1664 2152 lacerant,
1699 2097 2124 2159 sanctorumque

539 2165 948 2236 episcoporum,
988 2170 1372 2239 Orientalium,
1400 2177 1644 2246 inquam,
1682 2180 1985 2250 apologiam
2013 2197 2123 2235 non

541 2257 748 2327 absque
773 2263 1138 2319 amarulentia
1165 2266 1557 2333 proscindunt;
1589 2269 1948 2341 eamdemque
1974 2271 2040 2326 ad
2069 2272 2124 2326 id

539 2351 686 2420 quod
742 2352 844 2406 sibi
902 2363 1116 2424 gratum
1170 2358 1517 2430 amicum-que
1572 2371 1657 2416 est
1709 2362 2121 2436 detorquentes,

540 2456 817 2513 pravoque
853 2445 1304 2517 interpretantes,
1333 2467 1362 2505 a
1395 2451 1634 2507 Nestorii
1671 2470 1869 2509 vocum
1905 2459 2123 2515 novita-

541 2532 689 2589 tibus
726 2550 839 2590 non
877 2538 1178 2594 abhorrere
1213 2541 1574 2597 contendunt.
1607 2542 1750 2610 Quin
1774 2554 1831 2600 et
1855 2563 1954 2602 nos
1985 2565 2124 2618 quo-

539 2638 647 2691 que
688 2639 796 2679 una
833 2626 1171 2697 vituperant,
1199 2631 1358 2698 quasi
1394 2631 1461 2685 iis
1492 2648 1613 2701 quae
1637 2634 1749 2703 jam
1777 2636 2122 2705 scripsimus,

538 2716 819 2770 contraria
849 2721 1201 2776 senserimus.
1231 2723 1483 2793 Intelligo
1507 2739 1640 2778 vero
1673 2734 1728 2780 et
1768 2727 1873 2781 hoc
1905 2743 2125 2798 quoque

539 2804 665 2861 illos
684 2807 846 2862 nobis
865 2809 1126 2881 objicer-e,
1154 2829 1352 2884 nempe
1377 2816 1523 2884 quod
1550 2815 1675 2870 ﬁdei
1701 2819 2122 2888 expositionem,

539 2895 656 2950 sive
701 2912 905 2952 novum
958 2903 1266 2972 symbolum
1313 2907 1716 2975 receperimus,
1765 2910 1921 2979 quasi
1968 2921 2126 2968 vetus

539 2987 676 3042 illud
702 2994 1188 3064 venerandumqne
1211 2999 1510 3068 aspernati.
1536 3000 1604 3054 At
1632 3021 1650 3050 ‹
1677 3004 1880 3058 stultus
1903 3005 2126 3074 quidem

541 3080 709 3134 stulta
741 3083 1018 3154 loquetur,
1053 3095 1109 3141 et
1140 3103 1236 3142 eor
1269 3090 1417 3145 illius
1443 3107 1584 3146 vana
1614 3094 1971 3150 meditabitur
1998 3097 2064 3150 '9.
2098 3117 2116 3149 ι»

539 3171 678 3225 Illud
715 3177 1095 3233 tantummodo
1123 3179 1359 3234 dicimus
1385 3198 1506 3248 nos,
1544 3199 1724 3253 neque
1757 3201 1954 3242 novam
1996 3187 2122 3242 ﬁdei
2151 3179 2192 3238 C

538 3266 938 3334 expositionem
971 3270 1038 3324 ab
1067 3272 1178 3326 ullo
1207 3275 1474 3344 exegisse,
1503 3292 1684 3346 neque
1710 3278 1779 3332 ab
1809 3279 1932 3334 aliis
1962 3279 2124 3334 inno-

539 3365 721 3413 vatam
760 3360 1070 3417 admisisse.
1113 3364 1323 3420 Sufﬁcit
1355 3368 1502 3422 enim
1547 3370 1708 3424 nobis
1749 3369 1931 3426 divina
1973 3372 2124 3428 Scri-

540 3457 722 3520 ptura,
749 3462 1174 3526 sanctorumque
1213 3459 1436 3514 Patrum
1459 3461 1784 3531 prudentia,
1811 3471 1866 3518 et
1903 3466 2122 3536 symbo-

539 3543 654 3597 lum
683 3543 808 3599 ﬁdei
838 3547 907 3599 ad
932 3549 1117 3604 omnia
1144 3559 1292 3606 recta
1316 3552 1568 3624 dogmata
1598 3564 1722 3624 apte
1753 3557 1968 3626 riteque
1996 3574 2126 3613 con-

539 3635 841 3692 cinnatum.
861 3636 998 3704 Quia
1025 3656 1157 3696 vero
1184 3644 1515 3700 sanctissimi
1544 3646 2121 3721 orientalesepiscop’i,

539 3741 666 3782 cum
713 3728 912 3798 Ephesi
959 3743 1164 3799 essent,
1211 3751 1242 3790 a
1287 3737 1449 3792 nobis
1503 3738 1660 3809 113
1699 3739 2121 3810 dissentiebant,

538 3833 715 3886 eaque
754 3819 822 3874 de
856 3836 1038 3888 causa,
1067 3826 1222 3894 quasi
1268 3827 1736 3898 blasphemiarum
1763 3833 2004 3890 Nestorii
2043 3836 2123 3890 la-

540 3909 699 3977 queis
735 3911 932 3967 irretiti
977 3923 1317 3983 tenerentur,
1358 3921 1597 3990 suspecti
1624 3933 1816 3992 erant;
1847 3933 1906 3979 ut
1929 3942 1995 3981 eo
2019 3927 2127 3982 cri-

542 4001 690 4056 mine
737 4019 796 4059 se
841 4006 1160 4075 liberarent,
1203 4011 1603 4084 inculpataaque
1632 4015 1758 4073 ﬁdei
1783 4020 2126 4076 amatoribus

542 4109 642 4163 per
661 4095 846 4150 omnia
867 4099 1266 4169 satisfacerent,
1292 4118 1356 4159 ac
1377 4105 1712 4164 Nestoriante
1741 4107 2038 4179 impietatis
2067 4127 2126 4167 se

541 4196 797 4256 expertes
809 4192 1323 4261 esse-ostenderent,
1344 4198 1650 4269 apologiam
1671 4211 2121 4270 composuerunt,

543 4288 601 4333 et
631 4279 686 4335 id
707 4281 928 4350 quidem
959 4283 1253 4340 admodum
1285 4289 1604 4358 prudenter,
1639 4300 1850 4347 tantum
1884 4294 2042 4349 abest
2066 4304 2128 4350 ut

546 4373 652 4428 hoc
679 4373 909 4428 istorum
939 4375 1143 4431 factum
1182 4380 1364 4451 aliqua
1398 4385 1623 4438 omnino
1655 4393 1783 4438 nota
1810 4395 1906 4441 aut
1936 4401 2124 4456 repre-

543 4463 812 4520 hensione
831 4465 1056 4538 dignum
1074 4469 1348 4525 videatur.
1369 4472 1704 4539 Quid-enim,
1723 4475 1768 4529 si
1791 4477 1909 4545 ipse
1931 4467 2125 4533 Nesto-

541 4555 658 4611 rius
690 4571 758 4612 eo
789 4568 1057 4629 tempore,
1093 4577 1205 4630 quo
1240 4577 1272 4617 a
1311 4564 1472 4619 nobis
1508 4566 1764 4620 omnibus
1803 4567 1883 4621 illi
1921 4583 2124 4638 propo-

539 4649 797 4714 nebatur,
817 4659 1074 4721 oportere
1097 4661 1158 4707 ut
1176 4670 1273 4710 sua
1300 4655 1416 4725 ipse
1439 4656 1691 4727 dogmata
1709 4659 2121 4726 condemnaret,

539 4739 941 4811 veritatemque
970 4743 1709 4816 amplecteretur,-seriptam
1748 4747 1817 4803 iis
1851 4749 1920 4803 de
1958 4750 2128 4806 rebus

539 4831 944 4889 confessionem
983 4835 1346 4900 exhibuisset,
1381 4839 1652 4909 quispiam
1693 4840 1942 4897 dicturus
1982 4854 2123 4909 erat,

542 4923 697 4978 illum
735 4943 936 4983 novum
977 4928 1105 4984 ﬁdei
1147 4930 1453 5001 symbolum
1495 4935 1656 4988 nobis
1691 4936 2128 5007 conscripsisse?

537 5013 680 5080 Quid
718 5015 884 5087 igitur
925 5027 1129 5076 temere
1161 5023 1427 5078 conviciis
1465 5024 1809 5081 insectantur
1836 5029 2122 5085 sanctissi-

541 5121 660 5161 mos
687 5108 982 5167 Plimniciaa
1005 5113 1313 5184 episc0pos,
1339 5129 1529 5170 eorum
1559 5131 1887 5174 consensum
1919 5137 2121 5177 novum

540 5199 849 5270 symbolum
882 5205 1239 5274 appellantes,
1272 5221 1436 5276 quem
1477 5209 1553 5262 illi
1591 5209 1804 5264 utiliter
1836 5221 1892 5266 et
1927 5229 2122 5269 ncces-

539 5289 686 5346 sario
727 5293 1044 5362 ediderunt,
1077 5305 1137 5351 ut
1173 5299 1435 5354 nimirum
1475 5315 1534 5356 se
1570 5311 1888 5373 purgarent,
1919 5319 2123 5375 eosque

2225 1914 2509 1978 ἀκάνθαις.
2553 1935 2570 1966 ι
2616 1916 2898 1980 Ἀλύοντες
2927 1919 3056 1988 γὰρ,
3093 1918 3168 1981 ὠς
3205 1919 3363 1987 ἔφην,
3401 1921 3490 1972 ἑπὶ
3519 1922 3586 1989 τῇ
3618 1919 3815 1990 είρήνῃ

2223 2007 2333 2061 τῶν
2385 2008 2558 2078 ἁγίων
2599 2010 2959 2082 Ἐκκλησιῶν,
3014 2013 3140 2074 τοὺς
3183 2012 3256 2082 μὴ
3304 2013 3705 2083 ἀνασχομένους
3743 2013 3815 2065 τά

2225 2099 2313 2151 ἴσα
2345 2102 2561 2168 φρονεῖν
2593 2101 2779 2164 αὐτοῖς
2799 2141 2814 2166 ,
2865 2102 3283 2173 κακουργότατα
3327 2103 3639 2174 διασύρουσι
3659 2122 3671 2133 ·
3716 2104 3816 2156 καὶ

2224 2192 2656 2262 καταγορεύουσι
2698 2195 2913 2265 πικρῶς
2971 2195 3072 2264 τῆς
3122 2195 3417 2262 ἀπολογίας
3475 2196 3583 2248 τῶν
3637 2195 3816 2263 ἁγίων

2224 2285 2561 2349 ἐπισκόπων,
2596 2285 2706 2339 τῶν
2745 2286 2852 2340 ἀπὸ
2896 2287 2997 2356 τῆς
3035 2287 3182 2358 ἑῴας
3236 2287 3399 2357 φημί·
3431 2283 3550 2340 εἶτα
3596 2287 3819 2357 περιέλ-

2225 2395 2413 2443 κοντες
2437 2377 2604 2448 αὐτὴν
2639 2377 2780 2447 πρὸς
2813 2377 2874 2430 τὸ
2904 2377 3117 2440 ἑαυτοῖς
3151 2376 3249 2446 ἡδύ
3279 2393 3336 2428 τε
3374 2377 3467 2429 καὶ
3503 2377 3678 2444 φίλον,
3719 2377 3819 2429 καὶ

2225 2470 2470 2534 νοοῦντες
2499 2471 2599 2524 οὐκ
2632 2469 2829 2540 ὀρθῶς,
2883 2471 2982 2522 οὐκ
3031 2469 3346 2540 ἀπᾳδόντως
3379 2468 3632 2538 γενέσθαι
3682 2469 3820 2537 φασὶ

2224 2565 2344 2624 ταῖς
2374 2561 2669 2631 Νεστορίου
2713 2559 3070 2629 κενοφωνίαις
3121 2568 3180 2614 π’.
3235 2560 3718 2629 Συγκαταψὲγουσι
3761 2560 3818 2612 δὲ

2225 2654 2319 2706 καὶ
2351 2654 2498 2722 ἡμᾶς
2537 2652 2612 2715 ὡς
2639 2650 2720 2716 οἷς
2749 2651 2849 2723 1δίιδη
2883 2652 3268 2723 γεγράφαμεν,
3305 2651 3714 2722 πεφρονηκότες
3747 2651 3819 2704 τά

2226 2747 2463 2798 ἑναντια.
2489 2743 2765 2799 Μανθάνω
2794 2743 2869 2807 δὲ,
2895 2744 2976 2797 ὅτι
3009 2743 3230 2796 κάκεῖνό
3253 2759 3420 2810 φασιν
3470 2743 3550 2796 ὅτι
3579 2743 3819 2804 πίστεως

2226 2838 2464 2904 ἔκθεσιν,
2498 2839 2617 2910 ἦτοι
2657 2836 2928 2908 σύμϐολον
2962 2837 3168 2900 καινὸν,
3206 2835 3410 2906 ἀρτίως
3451 2833 3819 2905 κατεδεξάμε-

2227 2931 2317 2998 θα,
2352 2933 2494 3001 τόιχα
2528 2947 2630 2983 που
2665 2930 2726 2982 τὸ
2767 2930 2995 3001 ἀρχαῖον
3024 2930 3221 2991 ἐκεῖνο,
3261 2928 3353 2980 καὶ
3385 2929 3580 2980 σεπτὸν
3609 2928 3815 2998 ἀτιμά-

2229 3041 2442 3088 σαντες.
2480 3023 2592 3076 Καὶ
2630 3039 2649 3073 ‹
2695 3023 2724 3076 ό
2773 3021 2869 3092 μὲν
2923 3019 3104 3092 μωρὸς
3150 3019 3309 3091 μωρά
3349 3019 3604 3090 λαλήσει·
3646 3021 3743 3072 καὶ
3782 3022 3817 3092 ή

2228 3116 2424 3188 καρδία
2457 3115 2620 3168 αὐτοῦ
2656 3114 2860 3185 μάταια
2907 3114 3112 3183 νοήσει,
3156 3130 3175 3163 ι
3211 3111 3360 3182 Πλὴν
3405 3111 3580 3165 ἐκεῖνό
3609 3127 3814 3183 φαμεν

2225 3207 2286 3260 οὐ
2336 3205 2572 3268 πίστεως
2623 3203 2838 3258 ἔκθεσιν
2890 3202 3180 3274 ἑξῄτηνται
3249 3201 3377 3272 παρ’
3413 3200 3569 3272 ἡμῶν
3633 3217 3814 3268 τινες,

2225 3297 2392 3366 ἤγουν
2416 3304 2444 3332 ι’
2474 3291 2968 3363 καινοτομηθεῖσαν
3007 3289 3136 3361 παρ’
3157 3290 3361 3360 ἑτέρων
3387 3287 3812 3359 κατεδεξάμεθα.

2238 3386 2478 3456 Ἀπόχρη
2525 3385 2634 3456 γὰρ
2679 3385 2811 3456 ἡμῖν
2851 3384 2884 3455 ἡ
2923 3383 3279 3445 θεόπνευστος
3321 3380 3533 3452 Γραφὴ,
3579 3380 3670 3433 καὶ
3703 3380 3818 3433 τῶν

2225 3476 2396 3544 ἁγίων
2429 3475 2693 3547 Πατέρων
2733 3476 2766 3545 ἡ
2807 3474 2990 3545 νῆψις,
3018 3475 3114 3529 καὶ
3126 3474 3204 3527 ’τὸ
3234 3473 3371 3546 πρὸς
3394 3473 3681 3527 πανοτιοῦν
3703 3473 3820 3528 τῶν

2226 3567 2460 3638 ἑχόντων
2497 3565 2678 3638 ὀρθῶς
2716 3565 3206 3637 ὲκτετορνευμὲνον
3255 3565 3354 3635 τῆς
3402 3564 3636 3626 πίστεως
3678 3561 3819 3633 σύμ-

2227 3657 2400 3713 ϐολον.
2430 3657 2650 3729 Ἐπειδὴ
2668 3657 2724 3711 δὲ
2751 3652 2889 3729 ἦσαν
2917 3658 2967 3710 οἱ
2997 3656 3139 3712 κατὰ
3157 3655 3254 3727 τὴν
3279 3654 3571 3727 Ἀνατολὴν
3595 3653 3818 3706 ὁσιώτα-

2225 3768 2308 3804 τοι
2335 3751 2622 3804 ἐπίσκοποι
2653 3750 3062 3821 διχονοήσαντες
3084 3749 3220 3821 πρὸς
3237 3750 3385 3820 ἡμᾶς
3417 3746 3557 3801 κατὰ
3584 3746 3681 3817 τὴν
3704 3745 3818 3799 τῶν

2240 3841 2525 3911 Ἐφεσίων,
2564 3842 2661 3896 καὶ
2686 3841 2944 3921 γεγόνασί
2979 3858 3097 3904 πως
3125 3841 3182 3895 ἑν
3220 3840 3428 3911 ὑποψίᾳ
3462 3837 3558 3892 τοῦ
3591 3839 3682 3892 καὶ
3723 3838 3818 3890 ἑν-

2226 3932 2428 3987 αλῶναι
2456 3932 2670 4004 βρόχοις
2695 3934 2804 3986 τῶν
2831 3932 3125 4003 Νεστορίου
3151 3929 3677 4004 δυσφημιῶν,ταύτῃ
3703 3945 3814 3994 τοι,

2227 4026 2321 4079 κοιλ⁹
2373 4026 2518 4097 μάλα
2549 4026 2856 4097 ἐμφρόνως,
2896 4025 2972 4089 ὡς
2998 4024 3433 4090 ἀπαλλάττοντες
3467 4024 3688 4086 ἑαυτοὺς
3711 4023 3817 4094 τῆς

2225 4119 2320 4170 ἐπὶ
2351 4119 2562 4182 τούτοις
2592 4119 2792 4182 αἰτίας,
2830 4118 3070 4181 καὶτοὺς
3109 4118 3206 4188 τῆς
3235 4117 3541 4189 ἀμωμήτου
3574 4116 3814 4178 πίστεως

2226 4209 2466 4280 ἐραστὰς
2529 4209 2900 4281 πληροφορεῖν
2955 4209 3372 4274 σπουδάζοντες,
3417 4209 3496 4261 ὅτι
3530 4207 3629 4277 τῆς
3664 4206 3815 4259 ἑκεί-

2225 4316 2317 4353 νου
2365 4297 2648 4370 βδελυρίας
2695 4300 2944 4371 ἀμοιρεῖν
2988 4299 3298 4369 ἐγνώκασι,
3343 4300 3666 4370 πεποίηνται
3711 4298 3816 4368 τὴν

2226 4387 2551 4456 ἀπολογίαν·
2582 4388 2678 4441 καὶ
2711 4387 2771 4440 τὸ
2800 4386 3004 4459 χρῆμά
3037 4390 3153 4441 ἑστι
3185 4389 3342 4458 λόγου
3384 4407 3440 4442 τε
3479 4387 3680 4452 παντὸς
3717 4390 3819 4443 καὶ

2157 4529 2200 4583 D
2232 4479 2422 4553 μώμου
2460 4479 2702 4552 μακράν.
2732 4476 2883 4554 Ἀρα
2918 4483 3025 4554 γὰρ
3060 4484 3108 4535 εί
3150 4483 3244 4536 καὶ
3275 4489 3301 4519 ο
3330 4481 3491 4544 αὐτὸς
3517 4479 3821 4583 Νεστόριος

2228 4575 2351 4626 κατ’
2381 4574 2555 4625 ἑκεῖνο
2585 4573 2798 4646 καιροῦ,
2833 4573 2958 4628 καθ’
3001 4573 3062 4626 δν
3111 4574 3263 4645 αὐτῷ
3289 4573 3630 4645 προετείνετο
3662 4574 3815 4644 παρά

2229 4663 2446 4717 πάντων
2471 4664 2503 4734 ἡ
2513 4662 2631 4734 μῶν
2652 4664 2713 4717 τὸ
2737 4665 2938 4736 χρῆναι
2965 4663 3453 4736 καταψηφίσασθαι
3482 4664 3589 4717 τῶν
3616 4662 3815 4717 ἑαυτοῦ

2229 4753 2539 4825 δογμάτων,
2582 4756 2679 4813 καὶ
2709 4755 3032 4811 ἀνθελέσθαι
3078 4757 3178 4829 τὴν
3225 4757 3503 4828 ἀλήθειαν,
3536 4757 3816 4828 ἔγγραφον

2229 4847 2526 4918 ἐποιήσατο
2569 4847 2667 4919 τὴν
2700 4849 2793 4901 ἐπὶ
2818 4848 3030 4913 τούτοις
3059 4849 3368 4921 ὁμολογίαν,
3417 4848 3513 4901 καὶ
3552 4848 3710 4900 αὑτὸν
3747 4848 3819 4902 ἄν

2227 4955 2312 5002 τις
2347 4937 2448 5009 ἔφη
2498 4939 2733 5003 πίστεως
2783 4943 2917 5010 ἡμῖν
2965 4943 3357 5013 καινοτομῆσαι
3411 4940 3712 5011 σύμϐολον;
3747 4940 3815 4993 Τί

2229 5031 2406 5084 τοίνυν
2430 5031 2883 5105 διαλοιδοροῦνται
2905 5035 3081 5106 μάτην
3109 5033 3324 5088 ἔκθεσιν
3346 5034 3642 5105 συμϐόλου,
3686 5050 3815 5085 και-

2230 5124 2327 5196 νὴν
2359 5123 2716 5194 ὀνομάζοντες
2737 5126 2836 5196 τὴν
2869 5128 3172 5182 συναίνεσιν
3196 5126 3304 5182 τῶν
3338 5127 3481 5180 κατὰ
3514 5126 3611 5197 τὴν
3635 5127 3818 5179 Φοινί-

2229 5232 2335 5288 κην
2378 5215 2818 5272 θεοσεόεστάτων
2848 5219 3184 5282 ἐπισκόπων,
3217 5221 3283 5291 ἢν
3317 5219 3640 5290 πεποίηνται
3678 5235 3819 5288 χρη-

2231 5306 2409 5380 σίμως
2437 5327 2495 5362 τε
2545 5310 2638 5363 καὶ
2678 5311 3019 5380 ἀναγκαίως,
3048 5311 3480 5384 ἀπολογούμενοί
3510 5329 3567 5365 τε
3599 5311 3692 5364 καὶ
3723 5309 3818 5362 θε-

613 5447 698 5536 ξει
728 5448 869 5503 Tim.
895 5468 964 5536 vi:
991 5453 1080 5506 ‘20.
1159 5457 1203 5488 5"
1230 5457 1470 5526 Soplion.
1514 5474 1572 5523 ιι,
1621 5459 1672 5525 1,
1705 5459 1758 5513 2.
1841 5461 1885 5492 ⁵⁸
1915 5461 2017 5515 Isa.
2049 5477 2124 5514 XL!

2225 5463 2289 5517 .8.
2368 5463 2414 5495 ⁵⁸
2442 5464 2570 5534 Sap.
2607 5482 2644 5530 ι,
2679 5466 2729 5519 l.
2811 5467 2857 5499 ⁸⁷
2893 5468 3056 5524 Prov.
3096 5485 3167 5536 tv,
3194 5469 3283 5525 ΞΒ.
3364 5469 3410 5501 ⁵⁸
3431 5467 3630 5525 Iert‘m.
3660 5480 3732 5528 ιν.
3755 5461 3813 5518 5.

545 5518 591 5550 ⁸⁸
616 5518 719 5574 lsa.
748 5535 912 5583 xxx",
935 5522 986 5573 6.

1612 5639 1782 5694 Variae
1815 5639 2078 5695 lectiones
2113 5642 2319 5702 codicis
2351 5645 2713 5718 Seguieriani.

615 5757 654 5787 ἰ
677 5745 775 5812 τὰς
803 5748 1092 5818 Νεστορίου
1123 5753 1497 5820 καινοφωνίας.
1577 5764 1604 5791 ιι
1634 5754 1665 5824 ἢ
1696 5755 1844 5822 γοῦν.
1913 5764 1936 5792 ο
1966 5755 2085 5811 κάν.
