4044 6212
236 340 340 397 ίὸθ

1658 349 1994 407 EPISTOLA
2035 352 2144 407 XL.

3360 396 3363 399 η
3398 366 3503 423 190

236 458 579 531 pausam;
603 459 729 523 τοὺς
764 460 1074 533 οἰηθέντας,
1105 462 1188 518 δτι
1220 468 1342 530 ταῖς
1374 465 1669 539 Νεστορίου
1702 469 1824 523 ἀκο-

1927 470 2322 538 demulcerent,
2351 473 2447 543 qui
2491 474 2639 544 ipsos
2669 491 2837 532 vanas
2868 493 3031 535 voces
3067 494 3097 535 a
3129 481 3386 537 Nestorio
3419 481 3492 538 in.

234 552 503 608 λουθοῦσι
546 552 935 623 καινοφωνίαις
964 565 1030 622 P;
1082 557 1146 608 Ἦ
1188 555 1290 627 μὲν
1325 556 1436 631 γὰρ
1473 558 1605 629 ἁγία
1631 561 1724 615 καὶ
1751 564 1824 616 ol-

234 644 550 715 κουμενιιὴ
575 642 819 710 σύνοδος,
838 646 874 718 ἡ
898 647 1042 703 κατὰ
1055 647 1154 720 τὴν
1175 649 1441 721 Ἐφεσίων
1464 653 1620 707 πόλιν
1648 671 1825 708 συνει-

234 734 512 806 λεγμένη,
546 737 885 809 προενόησεν
929 739 1245 809 ἀναγκαίως
1282 742 1375 797 τοῦ
1419 744 1494 817 μὴ
1525 745 1657 811 δεῖν,
1703 748 1822 812 ταῖς

247 825 606 897 Ἐιικλησίαις
637 827 735 881 τοῦ
780 827 921 883 Θεοῦ
965 829 1201 896 πίστεως
1225 832 1442 891 ἔκθεσιν
1483 836 1677 906 ἑτέραν
1704 840 1822 892 είσ-

234 915 524 988 κρίνεσθαι
566 919 725 990 παρά
766 937 833 989 γε
875 920 975 993 τὴν
1015 918 1202 977 οὖσαν
1238 926 1307 997 ἢν
1349 927 1401 980 οί
1431 928 1823 1000 τρισμακάριοι

236 1006 505 1077 Πατέρες,
544 1008 607 1061 έν
655 1009 798 1081 ἁγίῳ
826 1011 1482 1091 ’Πνεῦματιμλαλοῦντεω
1530 1017 1819 1089 ὡρίσαντο.

233 1096 300 1152 Οἱ
324 1113 392 1165 γε
447 1086 963 1168 μὴνήᾶπαῗῖῗύἶ
986 1086 1087 1154 οἶδ⁴
1113 1086 1284 1168 ὅπως,
1312 1090 1457 1175 πρδς
1476 1086 1646 1175 αὐτὴν
1677 1104 1824 1177 διχο·

230 1188 556 1259 νοήσαντες,
586 1188 877 1259 γεγονότες
898 1191 959 1243 δὲ
989 1191 1087 1246 καὶ
1117 1191 1178 1246 ὲν
1201 1192 1463 1262 ὑποψίαις
1487 1193 1581 1247 τοῦ
1629 1194 1704 1265 μὴ
1737 1194 1825 1265 ὁρ-

234 1279 339 1344 θῶς
361 1280 595 1334 ἑλέσθαι
627 1283 863 1353 φρονεῖν,
902 1283 1042 1354 μήτε
1089 1283 1198 1356 μὴν
1219 1284 1327 1349 τοῖς
1360 1284 1737 1351 ἀποοτολικοῖς
1760 1302 1821 1339 τε

237 1372 327 1424 καὶ
348 1371 743 1438 εύαγγελικοίς
771 1372 998 1427 ἕπεσθαι
1024 1374 1310 1445 δόγμασιν,
1349 1371 1458 1448 ἆρα
1489 1378 1818 1445 σιωπῶντες,

234 1456 645 1529 ἀπηλλάγησαν
668 1458 735 1513 ἂν
763 1460 864 1531 τῆς
893 1463 989 1514 ἐπὶ
1014 1462 1188 1534 τούτῳ
1218 1464 1527 1532 δυσκλείας,
1557 1465 1590 1535 ἢ
1621 1467 1821 1537 μᾶλλον

234 1550 695 1621 ἀπολογούμενοι,
746 1553 841 1606 καί⁵
893 1557 993 1626 τῆς
1043 1554 1269 1627 ἐνούσης
1309 1558 1493 1621 αὐτοῖς
1535 1558 1694 1630 δόξης
1720 1560 1820 1630 τὴν

234 1640 471 1712 δύναμιν
488 1640 885 1712 ἐμφανίζοντες
907 1661 924 1709 ;
949 1645 1147 1699 ’Καίτοι
1173 1645 1454 1716 γέγραφεν
1475 1648 1505 1702 ὁ
1537 1647 1822 1713 θεσπέσιος

240 1731 513 1801 μαθητής·
544 1749 565 1783 ι
619 1732 872 1803 Ἐτοιμοι
905 1734 995 1788 ἀεὶ
1038 1734 1178 1805 πρὸς
1213 1735 1511 1804 ἀπολογίαν
1539 1738 1703 1791 παντὶ
1744 1736 1822 1808 τῷ

236 1821 477 1877 αἰτοῦντι
503 1822 655 1892 ὑμᾶς
716 1821 877 1883 λόγον
914 1824 1044 1896 περὶ
1076 1825 1177 1897 τῆς
1226 1827 1284 1880 ἐν
1333 1826 1464 1897 ὑμῖν
1513 1827 1746 1891 ἐλπίδος.
1795 1847 1813 1881 i
1851 1824 1892 1878 Β

250 1912 303 1965 '0
327 1911 385 1966 δὲ
409 1921 441 1962 ⁴ι
468 1910 638 1965 τοῦτο
668 1910 803 1985 δρᾷν
831 1914 1132 1985 ᾑρημένος,
1162 1920 1477 1988 καινουργεῖ
1512 1917 1613 1986 μὲν
1642 1918 1815 1982 οὐδὲν,

237 2004 346 2058 ἀλλ’
364 2004 493 2058 οὐδὲ
513 2004 756 2068 πίστεως
771 2004 990 2060 ἔκθεσιν
1016 2007 1206 2079 ὁρᾶται
1233 2007 1592 2079 καινοτομῶνο
1613 2008 1819 2081 ἐναργῆ

236 2094 288 2147 ἃ
335 2094 544 2161 μᾶλλον
590 2094 887 2166 καθίστησι
933 2100 1048 2163 τοῖς
1093 2099 1375 2171 ἐρομένοις
1418 2099 1613 2168 αὐτὸν,
1648 2099 1716 2171 ἢν
1752 2098 1821 2155 ἂν

236 2185 344 2256 ἔχοι
378 2186 575 2240 πίστιν
606 2188 738 2258 περὶ
764 2187 1025 2259 Χριστοῦ.

311 2279 634 2351 Ἐπυθόμην
658 2280 722 2335 δὲ
756 2280 893 2352 πρὸς
913 2280 1145 2348 τούτοις,
1178 2282 1262 2336 ὅτι
1286 2283 1409 2347 ταῖς
1431 2281 1541 2337 τῶν
1568 2280 1820 2336 θεοσεϐε-

238 2372 449 2426 στὰτων
480 2373 806 2427 ἐπισκόπων
834 2372 1161 2444 ἀμαρυχίαις
1197 2374 1260 2427 οὐ
1293 2373 1533 2445 μετρίως
1600 2375 1821 2428 ἐπιστυ-

234 2466 530 2536 γνάζοντες
558 2467 614 2519 οἱ
646 2467 747 2536 τῆς
772 2466 1032 2537 ἀληθείας
1058 2466 1266 2538 ἐχθροὶ,
1293 2468 1406 2523 ἄνω
1443 2484 1505 2520 τε
1539 2468 1634 2521 καὶ
1668 2467 1819 2523 κάτω

234 2558 533 2614 διακυκῶσι
561 2559 636 2613 τὰ
666 2559 869 2623 πάντα,
898 2560 994 2614 καὶ
1024 2561 1137 2622 τοῖς
1154 2559 1390 2623 ἀνοσίοις
1420 2559 1631 2613 ἑαυτῶν
1646 2559 1818 2631 εὑρή-

236 2669 366 2723 [ius
406 2661 432 2691 ι
460 2651 752 2723 συμϐῆναί
785 2667 922 2721 φασι
951 2650 1049 2721 τῆς
1083 2650 1213 2722 παρ’
1235 2650 1416 2705 αὐτῶν
1444 2652 1820 2721 γεγενημένης

230 2744 526 2814 ὁμολογίας
579 2742 682 2814 τὴν
722 2741 979 2813 ’δύναμιν
1020 2742 1087 2814 ἢν
1115 2742 1209 2796 ἐπὶ
1236 2744 1305 2814 τῇ
1337 2742 1471 2815 ὀρθῇ
1494 2741 1819 2812 πεποίηνται

233 2834 433 2895 πίστει,
469 2829 931 2901 καινοτομοῦντες
964 2830 1084 2902 μὲν,
1132 2832 1209 2897 ὡς
1247 2831 1402 2904 ἔφην,
1432 2833 1600 2905 ηγουν
1643 2848 1818 2903 προσ-

233 2925 534 2994 επάγοντες
560 2925 679 2986 τοῖς
702 2921 1281 2995 πάλαιδιωρισμένοις,
1306 2923 1370 2977 τὸ
1391 2924 1613 2995 σύμπαν
1642 2922 1817 2990 οὐδὲν,

232 3017 491 3087 ἑπόμενοι
518 3016 582 3069 δὲ
618 3014 823 3086 μᾶλλον
862 3016 977 3078 τοῖς
1006 3013 1116 3070 τῶν
1147 3015 1320 3084 ἁγίων
1344 3015 1604 3088 Πατέρων
1627 3016 1819 3071 ἀνεπι-

233 3107 499 3177 πλήκτοις
545 3107 838 3178 δόγμασιν.
872 3106 992 3159 ἰνα
1034 3105 1091 3160 δὲ
1129 3105 1561 3177 ψευδοεποῦντας
1585 3108 1821 3178 ἐλέγχω-

235 3216 356 3269 ριεν,
384 3199 562 3270 φέρε,
601 3198 1018 3271 παραγάγωμεν
1061 3200 1143 3263 είς
1174 3198 1337 3270 μέσον
1389 3199 1489 3264 τὰς
1522 3199 1816 3271 Νεστορίου

231 3289 544 3361 φλυαρίας,
579 3288 673 3344 καὶ
700 3289 793 3354 τὰς
842 3289 1052 3345 τούτων
1080 3290 1294 3360 φωνάς.
1352 3289 1611 3356 Ἐκδείξει
1650 3291 1759 3363 γὰρ
1794 3301 1817 3330 ³

231 3375 361 3447 ὧδε,
392 3380 498 3435 καὶ
520 3380 620 3450 οὐχ
646 3380 863 3453 ἑτέρως,
903 3381 968 3436 τὸ
993 3382 1194 3453 ἀληθὲς
1218 3383 1252 3453 ἠ
1284 3381 1537 3452 βάσανος.

298 3471 527 3528 οὐκοῦν
554 3472 846 3545 Nec-.6950;
891 3474 993 3544 μὲν
1020 3474 1258 3546 ἀναιρῶν
1288 3475 1367 3537 είς
1397 3473 1822 3546 ἂπανέὑρίσκε-

233 3583 322 3623 ται
346 3564 446 3619 τοῦ
468 3566 809 3636 μονογενοῦς
850 3566 984 3622 Υίοῦ
1031 3565 1128 3621 τοῦ
1174 3565 1434 3638 Θεοῦτὴν
1462 3569 1605 3622 κατὰ
1636 3567 1822 3640 σάρκα

236 3659 517 3730 γέννησινο
538 3658 603 3712 οὐ
628 3658 743 3727 γάρ
769 3676 853 3714 τοι
882 3657 1326 3729 τετέχθαι-φησὶν
1351 3657 1513 3711 αὐτὸν
1550 3659 1613 3712 ἐκ
1635 3674 1825 3728 γυναι-

240 3752 351 3817 nec,
376 3751 526 3806 κατὰ
542 3752 644 3816 τὰς
659 3752 903 3823 Γραφὰς.
939 3752 1086 3822 Ἔφη
1108 3750 1217 3823 γὰρ
1243 3749 1402 3804 οὕτω·
1423 3750 1511 3803 ’Τὸ
1543 3751 1823 3824 προελθεῖν

238 3842 328 3895 τὸν
361 3842 499 3898 Θεὸν
544 3846 615 3897 ὲκ
638 3844 738 3914 τῆς
780 3842 1149 3914 Χριστοτόκου
1186 3840 1487 3914 Παρθένου,
1524 3842 1679 3913 παρὰ
1724 3842 1824 3913 τῆς

239 3930 386 3995 θείας
428 3932 724 4004 ἐδιδάχθην
752 3933 994 4004 Γραφῆς·
1019 3932 1084 3986 τὸ
1129 3932 1188 3986 δὲ
1223 3932 1553 4003 γεννηθῆναι
1589 3933 1725 3987 Θεὸν
1764 3933 1826 3999 ἐξ

240 4021 425 4092 αὐτῆς,
458 4020 701 4092 οὐδαμοῦ
740 4024 758 4059 ⁸
813 4021 1120 4094 ἐδιδάχθην.
1185 4023 1276 4078 Ἑν
1326 4023 1491 4095 ἑτέρᾳ
1530 4024 1603 4078 δὲ
1660 4024 1825 4079 πάλιν

240 4114 523 4184 ἐξηγήσειο
558 4112 811 4184 Οὑδαμοῦ
833 4113 1015 4168 τοίνυν
1046 4115 1080 4184 ὴ
1104 4114 1228 4169 θεία
1254 4114 1449 4188 Γραφὴ
1472 4116 1608 4171 Θεὸν
1636 4118 1703 4172 ὲκ
1728 4117 1827 4188 τῆς

242 4205 610 4275 Igne-rorem
639 4205 921 4277 Παρθένου
953 4205 1102 4274 λέγει
1120 4207 1508 4279 γεγεννῆσθαι,
1530 4209 1668 4263 ἀλλὰ
1694 4210 1827 4282 Χρι-

242 4298 367 4351 στὸν
401 4296 630 4367 Ἰησοῦν,
658 4298 810 4362 Υἱὸν,
838 4297 1183 4370 καὶγΚύριον.
1209 4301 1331 4355 Ὅτι
1354 4300 1410 4355 δὲ
1430 4301 1826 4371 ταῦτα’λέγων,

242 4390 318 4451 είς
352 4389 507 4451 υἱοὺς
531 4387 629 4442 δύο
666 4388 880 4460 μερίζει
899 4389 994 4446 τὸν
1022 4390 1153 4457 εένα,
1182 4392 1280 4445 καὶ
1304 4390 1491 4460 ἕτερον
1520 4392 1619 4462 μὲν
1642 4393 1829 4457 ίδικῶς

1922 562 2117 620 ductas
2141 564 2444 636 approbare
2470 568 2960 624 existimaveram?
2984 571 3183 629 Sancta
3212 575 3416 646 quippe
3444 584 3503 632 et

1921 657 2260 712 meumenica
2298 659 2540 729 synodus
2580 675 2702 730 quae
2740 660 2946 732 Ephesi
2995 675 3361 731 convenerat,
3399 682 3502 722 ne-

1921 747 2160 802 cessario
2195 749 2458 818 providit,
2500 766 2611 806 non
2666 761 2918 823 oportere
2948 753 3111 809 aliain
3137 756 3261 810 fidei
3286 758 3501 827 exposi-

1918 833 2127 888 tionem
2149 835 2204 889 in
2226 836 2498 893 Ecclesias
2512 840 2609 894 Dei
2636 841 2857 907 inferre,
2882 851 3087 913 praeter
3105 859 3226 899 eam
3253 847 3501 919 quatiam

1919 924 2206 991 exstabat;
2264 940 2427 997 quam
2468 930 2772 987 beatissimi
2802 933 2992 989 Patres
3024 935 3197 989 nostri
3229 935 3285 991 in
3311 946 3502 992 sancto

1921 1014 2129 1086 Spiritu
2158 1018 2329 1073 locuti
2355 1020 2742 1078 deﬁniverant.
2774 1024 2857 1079 Illi
2885 1033 3066 1081 tamen
3088 1026 3157 1081 ab
3181 1027 3284 1082 hac
3304 1029 3498 1094 semel,

1918 1109 2108 1164 nescio
2129 1126 2240 1180 quo
2261 1112 2445 1179 modo,
2467 1113 2884 1183 dissentientes,
2900 1125 2957 1172 et
2979 1117 3125 1187 quod
3147 1134 3328 1188 neque
3350 1128 3501 1176 recte

1919 1202 2209 1268 sentirent,
2245 1218 2426 1275 neque
2457 1206 2771 1275 apostolicis
2807 1216 2863 1263 et
2897 1210 3230 1280 evangelicis
3271 1210 3499 1282 dogma-

1921 1292 2071 1347 tibus
2093 1292 2460 1360 adhairerent,
2485 1299 2541 1351 in
2569 1299 2938 1368 suspicionem
2960 1300 3204 1366 adducti,
3250 1301 3499 1370 nunquid

1920 1382 2294 1440 taciturnitate
2317 1385 2386 1440 ab
2409 1386 2513 1441 hac
2533 1386 2895 1457 ignominiosa
2918 1397 3047 1444 nota
3071 1405 3128 1445 se
3151 1391 3497 1456 liberassent,

1923 1490 1992 1530 an
2019 1477 2180 1546 plena
2207 1478 2394 1547 potius
2425 1480 2799 1536 satisfactione
2835 1498 3055 1553 sumque
3087 1485 3370 1539 sententiae
3400 1484 3498 1539 de-

1922 1567 2257 1623 claratione?
2297 1570 2464 1640 Atqui
2512 1571 2735 1628 divinus
2775 1572 2982 1629 Christi
3020 1575 3322 1645 discipulus
3358 1575 3499 1630 scri-

1921 1669 2075 1729 ptum
2119 1660 2380 1730 reliquit:
2425 1681 2443 1713 ι
2483 1662 2666 1717 Parati
2707 1678 2924 1735 semper
2963 1665 3032 1721 ad
3072 1665 3497 1721 satisfactionem

1924 1751 2073 1805 omni
2096 1752 2343 1821 poscenti
2366 1768 2465 1808 vos
2490 1755 2757 1811 rationem
2786 1755 2853 1811 de
2878 1773 2965 1821 ea,
2993 1772 3114 1827 quae
3136 1757 3193 1811 iii
3212 1757 3367 1812 vobis
3394 1766 3497 1822 est,

1919 1857 2015 1911 spe
2037 1842 2102 1896 ⁸⁸.
2136 1861 2154 1894 i
2192 1843 2295 1910 Qui
2322 1859 2456 1916 ergo
2485 1845 2592 1901 hoc
2615 1850 2735 1903 vult
2762 1848 2962 1911 facere,
2990 1849 3128 1903 nihil
3156 1850 3345 1920 utique
3373 1850 3500 1904 novi

1919 1934 2166 1998 molitur,
2193 1951 2296 1990 nec
2321 1935 2448 1991 ﬁdei
2476 1938 2876 2007 expositionem
2906 1939 3171 1995 innovare
3196 1940 3502 2010 deprehen-

1919 2025 2071 2079 ditur
2093 2044 2106 2079 :
2129 2025 2224 2081 sed
2245 2026 2430 2096 potius
2450 2043 2593 2093 eam,
2611 2043 2774 2098 quam
2796 2028 2865 2084 de
2882 2029 3104 2086 Christo
3124 2031 3290 2086 habet
3313 2031 3496 2096 fidem,

1920 2116 2390 2188 interrogantibus
2412 2119 2764 2190 perspicuam
2792 2120 2991 2175 reddit.

1989 2290 2188 2346 Audivi
2243 2300 2512 2363 praeterea
2568 2294 2824 2350 veritatis
2872 2295 3064 2352 hostes
3126 2296 3500 2367 piissimorum

1918 2382 2305 2452 episcoporum
2348 2382 2700 2438 concordiam
2744 2386 3031 2456 aegerrime
3080 2386 3247 2453 ferre,
3283 2396 3338 2443 et
3374 2404 3499 2444 sur-

1918 2486 2040 2528 sum
2060 2488 2136 2529 ac
2160 2473 2421 2529 deorsum
2442 2474 2680 2530 miscere
2698 2478 2909 2544 omnia,
2936 2485 3100 2548 atque
3114 2479 3342 2550 jactare,
3367 2494 3500 2536 coii-

1918 2565 2191 2632 fessionis,
2228 2567 2393 2637 quam
2432 2568 2510 2622 illi
2539 2567 2608 2623 de
2637 2577 2789 2624 recta
2815 2569 2943 2635 ﬁde,
2966 2571 3127 2637 nihil,
3156 2580 3217 2626 ut
3254 2573 3387 2639 disi,
3413 2574 3500 2627 iii-

1917 2667 2205 2724 novantes,
2228 2659 2343 2714 hoc
2372 2670 2479 2723 est,
2510 2660 2648 2714 nihil
2683 2659 2752 2715 ad
2789 2675 2855 2716 ea
2891 2676 3012 2731 quae
3047 2663 3177 2717 olim
3206 2665 3502 2719 constituta

1918 2759 2067 2817 sunt,
2091 2751 2434 2821 adjicientes,
2459 2750 2554 2806 sed
2578 2752 2765 2820 potius
2787 2751 3082 2821 inculpatis
3109 2753 3269 2825 114
3288 2763 3503 2809 sancto.

1918 2856 2041 2896 rum
2089 2837 2311 2895 Patrum
2364 2840 2714 2911 dogmatibus
2757 2840 3129 2906 adhaerentes,
3178 2844 3498 2908 ediderunt,

1920 2947 2142 2987 sensum
2185 2940 2241 2987 et
2273 2931 2386 2987 vim
2433 2947 2559 2987 cum
2604 2932 2789 3003 impiis
2834 2933 2950 2988 suis
2997 2935 3324 2990 commentis
3368 2950 3504 2990 con-

1919 3040 2139 3095 gruere.
2168 3025 2372 3080 Verum
2407 3032 2466 3079 ut
2496 3025 2791 3081 mendacia
2827 3026 3048 3080 illorum
3089 3034 3277 3097 aperte
3314 3034 3505 3082 osten—

1921 3113 2151 3180 damus,
2199 3116 2440 3171 Nestorii
2486 3131 2669 3187 nugas
2715 3116 3047 3186 illorumque
3098 3117 3401 3173 sententias
3449 3119 3503 3174 in

1920 3205 2165 3260 medium
2196 3206 2513 3263 aﬂ‘eramus.
2544 3209 2657 3263 Hac
2688 3224 2799 3263 una
2824 3210 2975 3265 enim
2999 3209 3233 3277 ratione,
3258 3225 3370 3267 non
3403 3211 3505 3267 ali-

1920 3301 2027 3365 ter,
2050 3297 2254 3354 veritas
2283 3299 2591 3354 examinata
2619 3299 2861 3370 pateﬁet.
2880 3326 2894 3345 -

1990 3475 2278 3531 Nestorius
2314 3476 2499 3547 itaque
2536 3478 2806 3549 uiiigeniti
2853 3478 2981 3534 Filii
3023 3479 3121 3535 Dei
3158 3481 3504 3536 nativitatem

1922 3568 2226 3624 secundum
2269 3583 2492 3624 carnem
2527 3584 2756 3639 prorsus
2783 3586 2815 3625 e
2842 3570 3024 3625 medio
3053 3571 3246 3626 tollere
3282 3587 3506 3641 compe-

1921 3660 2066 3716 ritur
2095 3678 2109 3715 :
2140 3670 2305 3732 negat
2332 3662 2480 3716 enim
2504 3661 2657 3716 illum
2679 3676 2747 3716 ex
2769 3662 3004 3717 muliere
3030 3663 3333 3718 secundum
3358 3663 3508 3719 Scri-

1923 3758 2117 3821 pturas
2151 3757 2363 3805 natum.
2401 3750 2582 3805 Verba
2622 3751 2773 3807 illius
2820 3753 2901 3807 sic
2943 3752 3151 3807 habent
3185 3770 3200 3805 :
3231 3754 3404 3809 Deum
3442 3769 3510 3809 ex

1923 3841 2267 3911 Christipara
2292 3842 2516 3913 Virgine
2542 3842 2903 3912 processisse,
2925 3858 2993 3898 ex
3016 3843 3202 3899 divina
3226 3842 3510 3916 Scriptura

1924 3932 2153 3989 edoctus
2188 3946 2310 3988 sum
2344 3951 2357 3987 :
2400 3940 2456 3987 at
2479 3948 2612 3991 vero
2639 3934 2811 3989 Deum
2841 3949 2908 3990 ex
2941 3935 3058 4005 ipsa
3082 3937 3327 4007 genitum
3365 3953 3507 4002 esse,

1927 4023 1981 4078 id
2005 4037 2279 4094 nusquam
2310 4023 2542 4079 edoctus
2570 4038 2713 4079 sum.
2756 4024 2825 4079 Et
2858 4024 2914 4080 in
2949 4025 3053 4080 alia
3078 4026 3312 4096 quadam
3346 4042 3513 4097 expo-

1927 4115 2129 4171 sitione
2166 4112 2432 4171 rursumé
2466 4114 2751 4186 Nusquam
2795 4116 2966 4188 igitur
3004 4116 3188 4172 divina
3229 4116 3513 4189 Scriptura

1927 4209 2099 4264 Deum
2136 4225 2206 4263 ex
2243 4208 2587 4278 Christipara
2631 4209 2856 4280 Virgine
2901 4210 3147 4281 genitum
3191 4226 3312 4266 esse
3354 4210 3510 4275 dicit,

1926 4300 2024 4356 sed
2053 4301 2241 4356 Iesum
2271 4294 2831 4366 Christum,‘Filium,
2869 4301 3183 4357 Dominum.
3214 4300 3369 4368 Quod
3412 4314 3511 4356 au-

1925 4398 2040 4443 tem
2066 4388 2199 4443 dum
2227 4391 2304 4443 ita
2328 4389 2485 4457 dicit,
2514 4390 2668 4445 illiilli
2693 4391 2787 4460 qui
2826 4386 2968 4447 unus
2996 4400 3100 4455 est,
3124 4391 3181 4445 in
3207 4392 3346 4446 duos
3377 4391 3514 4446 ﬁlios

242 4478 379 4535 εἶναι
422 4494 598 4553 φησιν
632 4481 781 4546 Υίὸν,
834 4482 931 4535 καὶ
963 4481 1219 4552 Χριστὸν,
1249 4482 1599 4553 καὶΚύριον,
1634 4483 1726 4539 τὸν
1762 4484 1824 4536 ἐκ

1930 4479 2188 4546 diveilat;
2230 4491 2288 4537 et
2318 4482 2489 4537 alium
2518 4481 2742 4553 quidem
2778 4483 3042 4547 Verbum,
3076 4482 3221 4551 quod
3252 4496 3319 4536 ex
3352 4482 3517 4536 Patre

240 4569 373 4624 θεοῦ
396 4571 619 4643 Πατρέες
647 4571 974 4641 γεννηθέντα
992 4572 1188 4643 Λόγον,
1212 4574 1405 4644 ἕτερον
1437 4574 1494 4631 δὲ
1524 4575 1689 4630 πάλιν
1718 4575 1827 4630 ἀνὰ

245 4662 411 4733 μέρος
438 4680 505 4717 τε
551 4664 649 4718 καὶ
666 4663 865 4728 -ίδικῶς
884 4664 1033 4729 Υίὸν,
1071 4666 1162 4721 καὶ
1188 4666 1568 4738 Χριστὸν,“καὶ
1592 4668 1825 4740 Κύριον,

238 4754 331 4808 σὺν
372 4756 442 4808 εκ
483 4755 591 4825 τῆς
618 4756 781 4825 ἁγίας
831 4756 1131 4828 Παρθένου,
1167 4758 1284 4821 πῶς
1310 4759 1379 4812 ἂν
1400 4759 1695 4815 ὲνδσιὰσειέ
1722 4778 1826 4827 τις,

239 4845 382 4899 αὐτὸ
404 4845 475 4915 δὴ
508 4845 665 4899 τοῦτο
688 4845 878 4915 σαφῶς
909 4846 1194 4918 μονονουχὶ
1220 4846 1454 4916 βοῶντος
1484 4848 1734 4916 ἐκείνους
1766 4848 1828 4915 Οἱ

211 4936 297 5020 ’ςδὲ
332 4936 597 4992 Θεοτάιων
617 4938 948 5010 ὀνομάζουσι
976 4938 1078 5011 τὴν
1109 4938 1272 5009 ἁγίαν
1296 4939 1595 5011 Παρθένον,
1633 4939 1731 5020 ἕνα
1769 4956 1830 4992 τε

228 5018 391 5107 ξεῖναι
432 5047 598 5100 φασιν
624 5032 774 5098 Υίδν,
814 5032 911 5088 καὶ
942 5033 1199 5105 Χριστὸν,
1233 5033 1330 5089 καὶ
1355 5033 1584 5106 Κύριον,
1617 5018 1829 5087 τέλειον

240 5118 300 5193 ιν
329 5124 573 5194 Oed-arri,
596 5124 807 5180 τέλειον
831 5126 891 5180 ἐν
913 5125 1317 5197 ἀνθρωπότητι,
1346 5126 1450 5181 ἅτε
1486 5125 1551 5198 δὴ
1570 5124 1671 5180 καὶ
1699 5123 1828 5194 ἐψυ-

224 5217 505 5288 ιχυμένης
527 5217 696 5271 αὑτοῦ
732 5218 836 5289 τῆς
877 5218 1081 5290 σαρκὸς
1129 5216 1277 5290 ψυχῇ
1326 5218 1513 5290 νοερᾷ.
1556 5218 1682 5271 Ὅτι
1718 5216 1829 5286 γὰρ

241 5307 341 5378 οὐχ
358 5306 552 5379 ἕτερόν
576 5323 743 5374 φασιν
772 5303 913 5363 εἶναι
939 5307 1067 5362 Υίὸν
1108 5308 1203 5363 τὸν
1229 5310 1297 5362 ὲκ
1324 5306 1461 5362 Θεοῦ
1492 5307 1704 5379 [ἰατρὸς
1725 5305 1832 5361 Λό-

244 5412 359 5465 γον,
386 5397 581 5468 ἕτερον
601 5396 660 5452 δὲ
684 5397 850 5453 πάλιν
863 5398 955 5453 τὸν
974 5400 1041 5456 ὲκ
1052 5401 1155 5473 τῆς
1174 5400 1340 5473 ἁγίας
1361 5398 1665 5472 Παρθένου,
1687 5398 1831 5455 καθὰ

317 5556 364 5587 ⁸⁸
388 5556 409 5612 1
432 5555 591 5611 Pctr.
633 5571 712 5622 in,
742 5554 832 5611 15.

1932 4573 2179 4644 genitum
2212 4581 2318 4639 est,
2348 4589 2604 4630 seorsum
2644 4588 2746 4645 per
2785 4589 2845 4631 se
2888 4582 3191 4645 sumptum,
3219 4571 3426 4628 Filium
3460 4582 3517 4628 et

1932 4663 2214 4718 Christum
2239 4675 2298 4719 et
2324 4665 2616 4720 Dominum
2636 4665 2819 4732 dicat;
2852 4666 3019 4720 alium
3050 4676 3244 4720 rursus
3269 4680 3516 4720 seorsum

1926 4772 2035 4827 per
2056 4771 2114 4812 se
2133 4756 2336 4811 Filium
2357 4765 2415 4811 et
2435 4754 2715 4812 Christum
2736 4765 2792 4812 et
2814 4757 3130 4822 Dominum,
3152 4755 3246 4826 qui
3276 4771 3307 4811 e
3331 4764 3518 4837 sancta

1934 4849 2160 4921 Virgine
2195 4858 2356 4903 natus
2387 4856 2493 4913 est,
2519 4849 2609 4903 cui
2636 4849 2869 4903 dubium
2896 4864 3018 4904 esse
3040 4855 3240 4918 potest,
3264 4861 3389 4901 cum
3410 4847 3519 4901 huc

1926 4944 2118 5014 ipsum
2152 4941 2243 4996 ille
2269 4942 2483 4995 tantum
2514 4955 2623 4995 non
2646 4941 2788 4995 elata
2811 4956 2947 4996 voce
2972 4939 3201 4995 clamet?
3224 4938 3305 4992 illi
3332 4947 3517 4992 autem

1935 5040 2179 5091 sanctam
2212 5032 2493 5103 Virginem
2532 5031 2821 5103 Deiparam
2872 5032 3192 5096 nominant,
3235 5038 3529 5098 unumque‘
3544 5038 3555 5053 *

1937 5125 2139 5180 Filium
2160 5130 2231 5178 'et
2261 5121 2543 5178 Christum
2585 5131 2643 5177 et
2681 5120 2976 5176 Dominum
3008 5134 3144 5176 esse
3181 5117 3515 5189 praedicant;
3552 5130 3577 5187 >

1936 5216 2242 5287 perfectum
2282 5214 2338 5269 in
2370 5214 2678 5279 divinitate,
2710 5212 3016 5284 perfectum
3057 5211 3112 5266 in
3154 5208 3529 5275 humanitate,

1936 5322 2006 5363 eo
2041 5307 2189 5378 quod
2224 5321 2356 5363 caro
2397 5306 2545 5361 illius
2587 5304 2928 5374 intelligente
2967 5302 3149 5357 anima
3188 5300 3358 5358 fuerit
3396 5297 3521 5353 ani«

1939 5408 2107 5456 mata.
2148 5399 2308 5467 Quod
2343 5400 2496 5455 enim
2534 5408 2648 5453 non
2688 5397 2859 5452 alium
2904 5410 3027 5452 esse
3064 5394 3252 5451 dicant
3294 5392 3518 5459 Filium,

1332 5644 1509 5725 Variae
1534 5668 1800 5724 lectiones
1827 5664 2034 5724 codicis
2059 5665 2427 5740 chuieriani.

312 5797 347 5845 r
374 5786 839 5845 κατακολουθοῦσι
871 5787 1245 5860 κενοφωνίαις.
1324 5799 1351 5840 τι
1374 5788 1504 5845 αὐτὸ
1540 5790 1624 5861 δή.

1710 5801 1731 5829 τ
1758 5789 2042 5863 εὐρέμασι.
2120 5791 2144 5826 ³
2169 5787 2431 5858 ἀνδείξειν
2458 5787 2526 5845 ἂν
2550 5785 2717 5859 -γάρπ
2778 5788 2798 5824 ί
2834 5784 3099 5858 οὖδαμῶς.
