4044 6212
546 323 645 391 191

1569 313 1626 369 S.
1669 310 1945 373 CYRlLLl
1985 310 2455 368 ALEXANDRINI
2494 312 2809 369 ARCHIEP.

3704 298 3809 353 192

545 434 684 494 illud
716 451 785 493 ex
823 435 935 490 Deo
960 431 1121 487 Patre
1158 425 1415 489 Verbum,
1441 432 1498 479 et
1530 422 1700 477 alium
1738 436 1931 478 rursus
1968 422 2123 477 illum

2241 421 2506 492 Nec-copim
2539 420 2705 487 δοκεῖ,
2734 422 2833 475 ἕνα
2855 420 2913 475 δέ
2945 420 3166 491 μᾶλλον,
3195 418 3399 473 καὶτὸν
3426 416 3608 480 αὑτὸν,
3630 416 3807 485 σαφὲς

541 543 613 587 ex
652 536 838 583 sancta
874 522 1097 593 Virgine
1137 527 1348 584 natum,
1388 514 1551 572 sicuti
1589 514 1846 570 Nestorio
1882 513 2124 578 videtur,

544 618 643 673 sed
686 617 873 685 potius
918 628 1090 668 unum
1125 610 1515 680 eumdemque,
1558 607 1612 662 id
1652 606 1913 677 perfacile
1950 622 2018 661 ex
2060 606 2128 661 iis

546 722 668 780 qua:
708 714 1145 777 consequuntur,
1189 716 1520 774 cognoscere
1562 701 1714 756 licet.
1761 699 2129 770 Explanantes

543 802 694 856 enim
731 800 983 870 quisnam
1025 797 1130 861 sit,
1187 794 1484 866 adjiciunt,
1539 792 1687 863 quod
1739 790 2018 861 perfectus
2070 797 2130 844 ut

544 895 710 957 Deus,
735 900 791 946 et
820 889 1101 960 perlectus
1132 888 1299 944 etiam
1332 894 1395 940 ut
1418 885 1584 939 homo
1612 902 1624 936 :
1650 883 1745 953 qui
1773 890 1901 937 ante
1932 882 2130 936 saecula

546 984 850 1041 secundum
874 981 1220 1037 divinitatem
1243 987 1406 1034 natus
1422 986 1507 1032 est
1527 992 1594 1031 ex
1611 976 1792 1039 Patre,
1814 973 2130 1029 novissimis

546 1082 732 1128 autem
761 1073 960 1127 diebus
993 1080 1219 1141 propter
1244 1085 1346 1125 nos
1380 1078 1437 1123 et
1461 1076 1685 1138 propter
1707 1074 1952 1121 nostram
1981 1065 2129 1119 salu-

547 1173 658 1221 tem
704 1181 771 1220 ex
826 1173 1013 1220 sancta
1052 1162 1275 1233 Virgine
1331 1159 1635 1216 secundum
1685 1157 2126 1212 humanitatem:

548 1257 695 1312 idem
727 1256 876 1311 Patri
905 1252 1392 1310 consubstantialis
1424 1251 1728 1307 secundum
1762 1250 2128 1314 divinitatem,

547 1355 605 1401 et
636 1346 798 1401 nobis
829 1343 1207 1400 coessentialis
1238 1341 1542 1397 secundum
1568 1340 1988 1394 humanitatem.
2028 1338 2130 1393 Mi-

550 1437 698 1492 nime
719 1437 902 1506 itaque
930 1451 1099 1490 unum
1133 1434 1331 1488 Filium
1370 1442 1426 1487 et
1457 1431 1737 1487 Christum
1763 1439 1818 1485 et
1840 1431 2132 1485 Dominum

549 1530 736 1584 Jesum
777 1529 831 1582 in
870 1528 1007 1582 duos
1047 1525 1302 1581 dividunt
1336 1542 1348 1578 :
1379 1524 1472 1579 sed
1504 1524 1758 1579 eumdem
1791 1538 1912 1578 esse
1943 1522 2134 1577 dicunt

551 1619 708 1674 illum
747 1618 841 1689 qui
870 1627 998 1672 ante
1032 1616 1228 1673 saecula
1252 1622 1307 1670 et
1328 1616 1421 1685 qui
1442 1615 1733 1685 postremis
1768 1614 2130 1684 temporibus,

549 1711 815 1765 nimirum
852 1726 919 1765 ex
956 1710 1070 1765 Deo
1100 1710 1262 1763 Patre
1291 1714 1354 1761 ut
1375 1708 1569 1773 Deum,
1594 1716 1650 1763 et
1674 1722 1742 1762 ex
1773 1707 2008 1761 muliere
2043 1722 2132 1761 se-

549 1797 791 1853 cundum
818 1813 1038 1853 carnem
1067 1806 1129 1851 ut
1164 1795 1463 1851 hominem.
1494 1794 1779 1861 Quomodo
1804 1795 1951 1850 enim
1974 1794 2135 1851 nobis

550 1889 857 1945 secundum
906 1887 1305 1942 humanitatem
1348 1886 1724 1941 coessentialis
1774 1886 2135 1956 intelligatur,

551 1980 669 2051 qui,
691 1980 995 2035 secundum
1012 1979 1377 2044 divinitatem,
1398 1978 1643 2048 inquam,
1662 1994 1729 2034 ex
1744 1978 1903 2033 Patre
1920 1979 2139 2048 genitus

549 2082 656 2137 est,
682 2072 788 2127 nisi
815 2072 959 2127 idem
989 2073 1136 2127 Deus
1160 2071 1323 2127 simul
1356 2079 1414 2127 et
1446 2070 1613 2125 homo
1647 2085 1768 2125 esse
1800 2070 2139 2140 intelligatur

551 2179 617 2219 ac
637 2164 887 2218 dicatur?
910 2164 1036 2219 Haec
1055 2178 1187 2218 vero
1213 2165 1373 2235 longe
1397 2163 1559 2218 aliter
1581 2177 1641 2217 se
1660 2162 1864 2217 habere
1885 2161 2139 2217 Nestorio

550 2255 828 2321 videntur,
840 2256 883 2325 ι
896 2255 996 2326 15
1010 2256 1119 2310 imo
1135 2269 1266 2310 vero
1280 2255 1401 2324 ejus
1416 2253 1685 2309 sententia
1702 2253 1790 2308 his
1804 2253 2027 2308 omnino
2039 2253 2137 2307 ad-

550 2348 941 2418 versatur.qu
950 2364 1016 2404 ue
1028 2348 1083 2402 in
1097 2346 1330 2403 ecclesia
1344 2345 1757 2410 edisserens,ita
1771 2344 1954 2399 dicere
1971 2359 2140 2399 ausus

550 2451 636 2496 est
662 2460 675 2494 :
696 2442 995 2513 Propterea
1020 2443 1187 2498 etiam
1210 2443 1357 2497 Deus
1379 2441 1620 2497 Verbum
1644 2440 1960 2495 nominatur
1983 2440 2141 2496 Chri-

551 2543 691 2599 stus,
710 2534 838 2604 quia
863 2544 1183 2605 perpetuam
1208 2550 1332 2589 cum
1345 2535 1566 2591 Christo
1586 2534 2028 2604 conjunctionem
2046 2533 2143 2587 ha-

552 2626 666 2680 bet.
700 2626 940 2681 Rursum
971 2645 983 2679 :
1011 2627 1358 2681 lnconl‘usam
1396 2627 1581 2696 itaque
1618 2635 1940 2679 naturarum
1967 2641 2139 2695 copu-

551 2715 660 2769 lam
690 2716 1042 2770 retineamus.
1069 2715 1443 2770 Conliteamur
1472 2716 1528 2769 in
1553 2715 1775 2770 homine
1802 2716 1973 2769 Deum
2003 2732 2016 2768 :
2045 2731 2141 2771 ve-

551 2822 817 2861 neremur
852 2806 1133 2861 hominem
1162 2806 1339 2870 illum,
1367 2806 1462 2876 qui
1495 2815 1721 2877 propter
1747 2807 1988 2862 divinam
2016 2823 2141 2863 cum

554 2895 932 2965 omnipotente
989 2895 1102 2949 Deo
1156 2894 1599 2965 conjunctionem
1651 2894 1814 2947 simul
1857 2893 2138 2947 adoratur.

559 2985 733 3039 Audis
781 2985 935 3054 igitur
1006 3000 1170 3053 quam
1230 2984 1466 3039 absurde
1521 2984 1812 3053 loquatur?
1874 2984 2143 3054 Equidem

2167 1034 2215 1090 L?

2226 509 2293 563 ἂν
2329 509 2560 578 γένοιτο,
2606 509 2704 563 καὶ
2755 508 2900 580 μάλα
2948 508 3165 581 ῥᾳδίως,
3199 508 3289 562 διά
3328 524 3390 576 γε
3428 506 3539 559 τῶν
3581 504 3804 576 ἐφεξῆς.

2228 603 2648 673 Προσεπάγουσι
2675 602 2804 675 γὰρ,
2840 602 2924 667 τίς
2954 602 3021 656 ἂν
3054 602 3161 673 εἴη,
3195 599 3572 673 σημαίνοντες·
3601 598 3683 651 ὅτι
3716 598 3810 650 τέ-

2227 694 2389 761 λειος,
2433 694 2509 759 ὡς
2546 695 2699 761 Θεὸς,
2752 695 2956 759 τέλειος
2992 694 3052 748 δέ
3104 695 3198 748 καὶ
3228 692 3303 757 ὡς
3347 692 3668 763 ἄνθρωπος·
3715 689 3812 743 τὸν

2230 788 2336 858 πρὸ
2395 787 2608 841 αἰώνων
2663 787 2763 857 μὲν
2801 787 2865 840 ἐκ
2901 786 2995 840 τοῦ
3038 786 3252 856 ΙΙατρὸς
3279 782 3631 854 γεννηθέντα,
3664 783 3812 835 κατὰ.

2228 878 2326 948 τὴν
2356 879 2611 950 θεότητα,
2639 881 2726 933 ἐπ’
2758 878 3003 948 ἐσχάτων
3035 878 3091 931 δὲ
3136 877 3249 931 τῶν
3274 875 3497 947 ἡμερῶν
3534 874 3603 927 δι’
3635 875 3811 944 ἡμᾶς.

2184 971 2326 1051 nixa}.
2372 971 2460 1024 διὰ
2505 971 2605 1042 τὴν
2651 972 2925 1042 ἡμετέραν
2980 969 3281 1041 σωτηρίαν,
3345 970 3412 1021 ἐκ
3452 969 3669 1038 Μαρίας
3708 966 3815 1035 τῆς

2232 1064 2391 1131 ἁγίας
2421 1063 2721 1137 Παρθένου,
2757 1062 2898 1117 κατὰ
2932 1064 3030 1133 τὴν
3070 1061 3491 1133 ἁνθρωπότητω
3521 1060 3816 1130 ὁμοούσιον

2230 1155 2307 1225 τῷ
2347 1156 2522 1227 Πατρὶ
2549 1156 2642 1209 τὸν
2670 1155 2834 1209 αὐτὸν
2862 1155 3009 1210 κατὰ
3056 1155 3155 1225 τὴν
3194 1154 3447 1224 θεότητα,
3483 1154 3577 1206 καὶ
3614 1153 3818 1222 ὁμοσύ-

2234 1261 2349 1298 σιον
2368 1245 2498 1314 ἡμῖν
2519 1243 2662 1297 κατὰ
2686 1244 2786 1315 τὴν
2810 1244 3222 1317 ἀνθρωπότητα.
3250 1242 3462 1296 Οὐκοῦν
3480 1242 3680 1313 ἥκιστα
3712 1243 3820 1314 μὲν

2233 1338 2315 1398 είς
2361 1336 2455 1390 δύο
2495 1336 2762 1408 διαιροῦσι
2803 1338 2895 1393 τὸν
2946 1336 3043 1390 ἕνα
3095 1336 3246 1401 Υίὸν,
3290 1336 3384 1390 καὶ
3414 1335 3669 1407 Χριστὸν,
3719 1336 3820 1390 καὶ

2232 1428 2437 1498 Κύριον
2489 1427 2718 1498 Ἰησοῦν·
2769 1427 2861 1481 τὸν
2913 1425 3077 1481 αὑτὸν
3127 1426 3185 1479 δέ
3231 1421 3372 1479 εἷναί
3404 1443 3536 1494 φασι
3566 1425 3659 1479 τὸν
3705 1425 3825 1493 πρὸ

2234 1518 2464 1585 αἰώνων,
2496 1518 2591 1572 καὶ
2623 1519 2681 1571 ἐν
2704 1518 2976 1588 ἐσχάτοις,
3003 1517 3160 1587 δῆλον
3190 1516 3269 1582 δέ,
3303 1517 3385 1570 ὅτι
3417 1516 3509 1570 τὸν
3531 1524 3560 1554 ιι
3586 1518 3649 1571 ἐκ
3676 1516 3823 1570 Θεοῦ

2234 1610 2467 1681 Πατρὸς,
2512 1610 2588 1674 ὡς
2622 1610 2777 1675 Θεὸν,
2818 1610 2915 1664 καὶ
2951 1609 3017 1663 ἐκ
3053 1608 3311 1677 γυναικὸς
3342 1607 3481 1661 κατὰ
3517 1608 3714 1678 σὰρκα,
3741 1606 3827 1669 ὡς

2235 1701 2543 1773 ἄνθρωπον.
2599 1702 2726 1765 Πῶς
2775 1701 2885 1772 γὰρ
2933 1701 3001 1755 ἂν
3054 1703 3228 1754 νοοϊτο
3265 1700 3402 1772 πρὸς
3435 1702 3583 1770 ἡμᾶς
3622 1698 3829 1768 ὁμοού-

2240 1812 2354 1858 σιος
2378 1789 2519 1847 εἶναι
2571 1794 2714 1847 κατὰ
2761 1793 2859 1864 τὴν
2907 1793 3303 1865 ἁνθρωπότητα
3326 1834 3340 1859 ,
3392 1792 3567 1845 καίτοι
3625 1808 3826 1861 γεννη-

2238 1885 2352 1949 θεὶς
2379 1887 2443 1939 ἐκ
2470 1886 2687 1960 Πατρὺς
2735 1886 2878 1940 κατὰ
2924 1904 3010 1956 γε,
3052 1886 3219 1958 φημὶ,
3250 1886 3349 1957 τὴν
3375 1886 3632 1954 θεότητα,
3662 1885 3712 1936 εί
3744 1885 3829 1955 μὴ

2238 1980 2411 2031 νοοῖτο
2441 1977 2537 2031 καὶ
2582 1977 2795 2047 λέγοιτο
2833 1978 2964 2042 Θεός
3020 1996 3081 2033 τε
3127 1978 3265 2049 ὁμοῦ
3337 1978 3435 2031 καὶ
3475 1976 3763 2049 ἄνθρωπος
3794 1978 3832 2029 ὁ

2238 2070 2441 2135 αὐτός;
2479 2069 2622 2125 Ἀλλ’
2656 2072 2756 2141 οὐχ
2808 2064 2911 2126 ὧδε
2937 2070 3090 2124 ταῦτ’
3123 2071 3267 2141 ἐχειν
3305 2069 3584 2141 Νεστορίῳ
3631 2069 3782 2122 δοκεῖ
3811 2086 3829 2099 ο

2238 2160 2541 2230 τέτραπται
2574 2161 2631 2214 δέ
2669 2161 2871 2232 μᾶλλον
2909 2164 2938 2216 ὁ
2975 2161 3175 2225 σκοπὸς
3205 2161 3355 2232 αὐτῷ
3388 2161 3524 2230 πρὸς
3566 2162 3673 2213 πᾶν
3700 2161 3834 2213 τοῦ·

2240 2253 2473 2309 ναντίον.
2537 2254 2680 2325 Ἔφη
2731 2254 2885 2322 γοῦν,
2935 2255 3024 2308 ἐπ’
3073 2252 3367 2325 ἐκκλησίας
3417 2253 3829 2323 ἐξηγούμενος·

2240 2344 2342 2397 Διὰ
2391 2342 2554 2397 τοῦτο
2602 2345 2697 2397 καὶ
2727 2343 2965 2415 Χριστὸς
2999 2346 3028 2398 ὁ
3072 2344 3205 2408 Θεδς
3251 2344 3425 2413 Λὸγος
3473 2340 3831 2413 ὀνομάζεται,

2242 2434 2540 2506 ἐπειδήπερ
2571 2434 2684 2505 ἔχει
2710 2435 2809 2505 τὴν
2838 2435 3138 2505 συνάφειαν
3168 2435 3268 2505 τὴν
3301 2435 3440 2505 πρὸς
3470 2433 3561 2487 τὸν
3588 2435 3837 2505 Χριστὸν

2239 2526 2483 2599 διηνεκῆ.
2539 2527 2648 2581 Καὶ
2701 2526 2894 2581 πάλινο
2939 2525 3272 2596 Ἀσύγχυτον
3327 2526 3512 2578 τοίνυν
3563 2524 3663 2595 τὴν
3717 2525 3839 2578 τῶν

2240 2622 2456 2690 φύσεων
2518 2618 2777 2690 τηρῶμεν
2838 2620 3166 2688 συνάφειανο
3212 2617 3569 2689 ὁμολογῶμεν
3616 2617 3710 2670 τὸν
3769 2618 3840 2670 ἐν

2241 2709 2515 2783 ἀνθρώπῳ
2543 2710 2675 2764 Θεόν
2696 2725 2713 2741 ⁶
2764 2709 3013 2780 σέϐωμεν
3048 2710 3140 2764 τὸν
3171 2711 3235 2780 τῇ
3284 2708 3406 2778 θείᾳ
3452 2707 3717 2779 συναφείᾳ
3752 2707 3842 2779 τῷ

2242 2803 2647 2874 παντοκράτορι
2698 2801 2819 2871 Θεῷ
2869 2800 3459 2872 συμπροσκυνούμενον
3515 2799 3837 2869 ἄνθρωπον.

2254 2896 2419 2967 Ὀρᾷς
2474 2903 2502 2931 '
2558 2890 2653 2949 οῦν
2699 2882 2823 2948 ὅσον
2868 2894 2983 2964 ἔχει
3028 2893 3089 2946 τὸ
3121 2893 3332 2963 ἀπηχὲς
3375 2893 3403 2945 ὁ
3440 2890 3596 2959 λόγος
3639 2890 3838 2960 αῠτῷς

2244 2985 2573 3049 Δυσσεϐείας
2596 2984 2707 3055 γὰρ
2737 2985 2836 3056 τῆς
2866 2984 3128 3038 ἀνωτάτω
3163 2983 3533 3054 μεμέστιιγται.
3564 2983 3696 3037 Θεὸν
3730 2984 3841 3054 μὲν

560 3074 722 3143 plena
763 3073 1062 3143 impietatis
1087 3081 1172 3127 est
1198 3073 1317 3144 ejus
1344 3072 1542 3126 oratio.
1570 3071 1740 3126 Docet
1776 3087 2014 3141 namque
2044 3072 2140 3127 Dei

2247 3078 2429 3142 ίδικῶς
2458 3091 2484 3119 ι
2512 3076 2877 3149 ὀνομάζεσθαί
2898 3093 3033 3146 φησι
3060 3076 3149 3130 τὸν
3177 3076 3272 3130 τοῦ
3296 3076 3430 3129 Θεοῦ
3456 3076 3650 3145 Λόγον,
3683 3076 3839 3147 ἔχειν

559 3165 805 3220 Verbum
852 3180 1099 3219 seorsum
1145 3180 1242 3235 per
1280 3179 1338 3219 se
1382 3165 1551 3218 Deum
1585 3163 1893 3231 nominari;
1939 3164 2143 3219 habere

557 3263 743 3309 autem
773 3270 897 3309 cum
931 3254 1152 3309 Christo
1194 3262 1515 3324 perpetuam
1547 3252 1970 3322 copulationem.
2002 3253 2144 3307 Num

555 3346 725 3416 igitur
766 3362 877 3401 non
917 3346 1055 3400 duos
1094 3346 1331 3400 christos
1365 3345 1706 3415 apertissime
1740 3344 1911 3399 dicit?
1951 3345 2145 3401 Nonne

556 3436 837 3491 hominem
864 3453 972 3492 una
997 3452 1123 3491 cum
1144 3437 1256 3491 Deo
1282 3436 1644 3501 adorandum,
1663 3436 1849 3491 nescio
1866 3437 2147 3507 quomodo

555 3541 616 3581 se
639 3526 822 3581 colere
842 3527 1458 3597 proﬁtetur?Numquid
1484 3528 1586 3582 ista
1607 3527 1678 3583 iis
1700 3537 1929 3599 cognata
1949 3528 2144 3583 viden-

564 3626 675 3681 tur,
706 3633 829 3688 quae
870 3618 939 3673 ab
978 3618 1350 3677 Orientalibus
1384 3627 1514 3674 sunt
1554 3619 1770 3690 posita?
1797 3621 1990 3676 Nonne
2017 3636 2146 3676 sen-

556 3709 747 3764 tentiis
776 3711 1057 3780 pugnant?
1082 3710 1177 3766 Ille
1213 3726 1450 3781 namque
1492 3711 1632 3767 duos
1670 3712 1910 3767 christos
1941 3713 2146 3768 diserte

555 3799 837 3868 ponit;illi
863 3816 994 3855 vero
1025 3817 1194 3855 unum
1215 3808 1427 3856 tantum
1452 3801 1755 3868 Christum,
1774 3812 1830 3857 et
1851 3804 2073 3869 Filium,
2092 3814 2149 3860 et

559 3890 753 3956 Deum,
780 3900 835 3946 et
850 3893 1140 3947 Dominum
1168 3910 1225 3948 se
1249 3894 2147 3964 adorare-conﬁtentur:eumdem

557 3996 626 4035 ex
656 3982 814 4039 Patre
857 3984 1163 4039 secundum
1209 3985 1575 4051 divinitatem,
1600 3996 1656 4041 et
1687 4002 1755 4042 ex
1793 3997 1980 4043 sancta
2023 3989 2147 4043 Vir-

558 4073 685 4143 gine
707 4076 1009 4130 secundum
1037 4076 1457 4133 humanitatem.
1486 4080 1623 4135 Nam
1652 4079 1756 4135 etsi
1785 4080 2017 4134 duarum
2047 4096 2147 4135 na-

559 4173 809 4219 turarum
841 4167 1100 4222 unionem
1136 4167 1334 4223 factam
1364 4172 1746 4240 praedicemus,
1778 4188 1949 4226 unum
1967 4180 2147 4227 tamen

557 4258 864 4325 Christum,
891 4270 948 4316 et
977 4278 1147 4317 unum
1173 4264 1399 4331 Filium,
1427 4274 1483 4321 et
1510 4282 1680 4320 unum
1707 4267 2000 4321 Dominum
2026 4282 2152 4335 per-

558 4351 751 4420 spicae
795 4351 1140 4421 proﬁtemur.
1171 4354 1415 4411 Verbum
1454 4356 1603 4411 enim
1640 4357 1842 4412 factum
1872 4366 1958 4411 est
1982 4371 2147 4421 caro,

2246 3170 2302 3223 δὲ
2324 3169 2423 3241 τὴν
2449 3170 2746 3240 συνάφειαν
2769 3167 2868 3240 τὴν
2895 3168 3032 3240 πρὸς
3055 3167 3145 3222 τὸν
3168 3168 3404 3240 Χριστὸν
3425 3167 3670 3238 διηνεκῆ.
3702 3163 3841 3239 ’.ἐρ’

2246 3256 2341 3315 οὖν
2371 3262 2433 3314 οὐ
2480 3260 2575 3314 δύο
2612 3259 2886 3332 Χριστοῦς
2935 3259 3313 3331 ἐναργέστατα
3355 3258 3542 3328 λέγεις
3578 3259 3689 3313 υύκ
3734 3259 3839 3313 ἄν·

2248 3353 2465 3423 θρωπον
2516 3351 2637 3424 Θεῷ
2695 3351 3286 3424 συμπροσκυνούμενον
3326 3351 3527 3416 σέϐειν,
3581 3352 3680 3405 οὐκ
3730 3345 3843 3404 οἷδ’

2246 3446 2418 3511 ὅπως,
2450 3444 2741 3516 ὁμολογεῖς
2772 3442 2938 3497 Ταῦτ’
2954 3443 3055 3497 οὑκ
3073 3443 3285 3514 ἀδελφὰ
3310 3447 3422 3507 τοῖς
3446 3445 3576 3515 παρ’
3604 3444 3842 3499 ἐκείνων

2246 3534 2476 3602 (Spirat;
2513 3532 2627 3587 Οὐκ
2684 3531 3090 3601 ἁντεξὰγουσαν
3122 3532 3235 3603 ἔχει
3282 3532 3421 3604 πρὸς
3470 3532 3675 3602 ἄλληλα
3724 3533 3844 3588 τῶν

2248 3624 2465 3677 ἐννοιῶν
2492 3623 2591 3692 τὴν
2614 3621 2845 3694 δύναμιν
2868 3640 2884 3690 ;
2914 3623 2973 3676 Ὀ
3000 3622 3099 3693 μὲν
3128 3622 3236 3692 γὰρ
3252 3622 3347 3677 δύο
3373 3623 3540 3693 φησὶν
3566 3624 3841 3694 ἐναργῶς,

2248 3716 2296 3767 οἱ
2326 3714 2384 3768 δὲ
2416 3714 2653 3786 Χριστὸν
2699 3713 2815 3777 ἕνα,
2857 3714 2951 3767 καὶ
2985 3714 3136 3779 Υἱδν,
3163 3715 3261 3769 καὶ
3305 3716 3460 3777 Θεὸν,
3491 3717 3587 3769 καὶ
3629 3718 3845 3788 Κύριον

2248 3804 2576 3876 ὁμολογοῦσι
2635 3808 2984 3879 προσκυνεῖν,
3016 3804 3109 3858 τὸν
3152 3803 3319 3858 αὑτὸν
3347 3805 3410 3858 ἐκ
3448 3807 3663 3877 Πατρὸς
3691 3807 3844 3861 κατὰ

2248 3899 2350 3970 τὴν
2380 3898 2633 3969 θεότητα,
2674 3898 2772 3952 καὶ
2802 3899 2868 3953 ἐκ
2913 3897 3017 3968 τῆς
3053 3897 3218 3965 ἁγίας
3258 3897 3539 3969 Παρθένου
3568 3897 3709 3950 κατὰ
3731 3897 3846 3969 τὴν

2251 3989 2671 4062 ἀνθρωπότητα.
2700 3988 3318 4073 Δῆύοῄμένῃγὰὴρηφύσεων
3348 3988 3543 4042 ἕνωσιν
3579 3988 3846 4073 γενέσθαι

2252 4080 2465 4161 φαμέγ
2508 4080 2649 4151 πλὴν
2681 4069 2779 4135 ἕνα
2832 4069 3567 4153 Χριστὸν’,Ἶᾶἶ’“ἷῦϊἮὸν,⁷
3588 4070 3713 4133 ἰαί
3736 4080 3847 4135 ἕνα.

2251 4154 2457 4246 ἱξόρῶν
2496 4171 2869 4244 ὁμολογοῦμεν
2899 4172 3109 4242 σαφῶς.
3156 4171 3352 4240 Γέγονε
3376 4170 3484 4243 γὰρ
3523 4170 3708 4242 σὰρξὸ
3734 4172 3846 4223 Λό-

2250 4280 2367 4331 γος,
2408 4261 2551 4316 κατὰ
2582 4261 2685 4326 τὰς
2732 4262 2956 4335 Γραφὰς
2999 4263 3094 4316 καὶ
3141 4261 3417 4328 σύμϐασιν
3461 4259 3845 4331 οίκονομικὴν,

2251 4354 2348 4409 καὶ
2378 4354 2713 4425 ἀπόρρητον,
2751 4353 2969 4426 ἀληθῶς
2995 4353 3316 4423 πεπρὰχθαι
3356 4353 3538 4423 φαμὲν
3566 4351 3849 4422 ἀνομοίων

559 4442 867 4497 secundum
902 4442 1216 4515 Scripturas
1257 4448 1325 4512 “,
1364 4447 1771 4518 eoitionemque
1804 4448 2145 4519 dispensato-

2252 4445 2593 4517 πραγμάτων
2632 4446 2713 4509 είς
2760 4444 2958 4529 ἐνωσιν
3006 4440 3394 4499 ἀδιάσπασὲον.
3443 4442 3523 4497 Οὐ
3580 4442 3689 4513 γάρ
3730 4458 3847 4507 τοι,

560 4551 732 4599 riam,
768 4542 826 4590 et
856 4551 1049 4591 revera
1091 4537 1462 4604 inell'abilem,
1497 4538 1695 4594 factam
1742 4554 1863 4594 esse
1905 4539 2151 4595 dissimi-

559 4626 698 4683 lium
745 4642 930 4682 rerum
977 4628 1046 4685 ad
1094 4629 1423 4687 indivulsam
1460 4633 1721 4687 unionem
1751 4630 2011 4686 fatemur.
2041 4632 2152 4688 Ne-

560 4733 671 4788 que
693 4718 843 4774 enim
870 4734 995 4775 cum
1025 4719 1223 4791 priscis
1246 4720 1578 4791 quibusdam
1603 4721 1878 4778 haereticis
1902 4723 2000 4778 Dei
2023 4724 2157 4779 Ver-

561 4808 695 4864 bum
724 4826 795 4866 ex
816 4811 1062 4881 propria,
1102 4811 1207 4867 hoc
1244 4822 1350 4878 est,
1394 4828 1463 4868 ex
1492 4813 1679 4869 divina
1706 4824 1923 4883 natura,
1956 4832 2157 4888 corpus

561 4902 669 4957 sibi
699 4905 1076 4961 construxisse
1109 4906 1428 4976 putabimus
1456 4924 1470 4961 :
1496 4908 1590 4963 sed
1615 4909 1819 4964 divinis
1852 4910 2152 4980 Scripturis

565 4989 775 5060 ubique
800 4992 1168 5058 adhaerentes,
1192 5008 1260 5048 ex
1284 5003 1473 5053 sancta
1496 4996 1719 5068 Virgine
1746 5014 1966 5054 carnem
1994 5015 2152 5055 acce-

562 5079 711 5149 pisse
735 5090 1050 5138 constanter
1073 5082 1423 5138 alﬁrmamus.
1448 5086 1795 5157 Quapropter
1823 5103 1911 5152 ea,
1936 5103 2005 5143 ex
2030 5088 2157 5159 qui-

567 5171 673 5226 bus
700 5180 786 5227 est
814 5189 957 5229 unus
984 5182 1041 5229 et
1063 5175 1213 5230 solus
1240 5174 1414 5231 Filius
1436 5191 1500 5231 ac
1528 5175 1791 5233 Dominus
1815 5180 1978 5235 Jesus
1999 5180 2160 5236 Chri~

565 5270 705 5326 stus,
734 5263 867 5317 dum
902 5266 1326 5336 cogitationibus
1354 5268 1841 5338 apprehendimus,
1872 5269 2009 5326 duas
2032 5273 2156 5342 qui-

565 5351 692 5407 dem
724 5363 949 5411 naturas
972 5358 1152 5413 unitas
1174 5375 1296 5416 esse
1328 5360 1583 5427 dicimus,
1619 5376 1811 5416 verum
1852 5371 1978 5432 post
2014 5363 2159 5422 hanc

641 5505 682 5539 ⁶¹
715 5506 874 5564 Joan.
901 5524 938 5572 ι,
976 5509 1065 5565 14.

2250 4538 2395 4593 κατὰ
2442 4554 2599 4601 τινας
2631 4528 2785 4592 11'va
2798 4522 3180 4608 ἀρχαιοτέρων
3229 4535 3547 4609 αἱρετικῶν,
3600 4533 3662 4600 ἐξ
3700 4533 3850 4597 ιδίας

2249 4631 2491 4686 λαϐόντα
2511 4629 2758 4699 φύσεως,
2791 4629 2938 4684 τοῦτ’
2972 4629 3111 4693 ἐστι,
3140 4630 3240 4701 τῆς
3268 4628 3486 4698 θεῖκῆς,
3515 4626 3694 4698 ἐαυτῷ
3738 4644 3849 4680 κα-

2251 4721 2588 4775 τασκευάσαι
2616 4720 2679 4775 τὺ
2721 4720 2885 4793 σῶμα
2909 4719 3003 4774 τὸν
3032 4720 3127 4774 τοῦ
3167 4719 3305 4774 Θεοῦ
3336 4720 3510 4788 Λόγον
3544 4719 3851 4787 ὑπονοήσο-

2256 4830 2358 4884 μεν
2379 4829 2392 4842 ·
2424 4813 2684 4884 ἑπόμενοι
2711 4813 2769 4867 δὲ
2799 4813 3049 4883 πανταχῆ
3097 4815 3219 4877 ταῖς
3268 4811 3648 4875 θεοπνεύστοις
3693 4811 3847 4881 Γρα-

2256 4906 2405 4974 φαίς,
2434 4907 2498 4959 ἐκ
2520 4905 2619 4975 τῆς
2640 4905 2804 4973 ἁγίας
2822 4904 3099 4976 Παρθένου
3118 4904 3303 4957 λαϐεῖν
3326 4903 3490 4957 αὐτὸν
3509 4903 3609 4975 τὴν
3635 4903 3845 4972 σάρκα,

2256 4996 2743 5069 διαϐεϐαιούμεθα.
2774 4998 2959 5071 Ταύτῃ
2994 5016 3077 5052 τοι
3106 4998 3195 5061 τὰ,
3227 4998 3288 5063 ἐξ
3315 4991 3391 5051 ῶν
3422 4999 3569 5051 ἐστιν
3588 4998 3617 5049 ὁ
3644 4991 3727 5058 εἷς
3745 4996 3852 5049 καὶ

2260 5086 2422 5157 μόνος
2452 5087 2602 5153 Υἱὸς,
2646 5088 2742 5141 καὶ
2775 5087 2979 5159 Κύριος
3025 5088 3231 5159 Ἰησοῦς
3269 5087 3524 5159 Χριστὸς,
3555 5087 3632 5149 ὼς
3659 5086 3717 5138 ἐν
3750 5087 3849 5139 ἐν-

2255 5177 2427 5241 νοίαις
2472 5178 2777 5249 δεχόμενοι,
2830 5180 2927 5233 δύο
2973 5181 3074 5251 μὲν
3124 5180 3318 5250 φύσεις
3360 5179 3602 5252 ήνῶσθαί
3631 5196 3847 5249 φαμεν,

2257 5271 2399 5342 μετὰ
2428 5272 2486 5325 δέ
2513 5288 2579 5340 γε
2609 5273 2712 5344 τὴν
2760 5274 2976 5340 ἕνωσιν,
3010 5274 3088 5338 ώς
3119 5273 3472 5346 ἀνῃρημένης
3500 5272 3603 5344 ἤδη
3625 5272 3725 5342 τῆς
3758 5273 3851 5336 είς

2253 5363 2347 5419 δύο
2390 5364 2681 5436 διατομῆς,
2731 5364 2862 5436 μίαν
2894 5362 3034 5421 εἶναι
3074 5365 3402 5437 πιστεύομεν
3439 5365 3538 5437 τὴν
3578 5362 3674 5417 τοῦ
3706 5362 3850 5417 Υίοῦ

1660 5605 1831 5661 Varia:
1864 5606 2128 5662 lectiones
2156 5607 2363 5666 codicis
2389 5611 2754 5684 Seguieriani.

644 5754 671 5784 ι
705 5740 944 5813 δηλονότι
973 5741 1083 5797 τόν.
1159 5750 1189 5782 ν
1220 5742 1342 5798 ὅσον
1367 5742 1501 5815 ἔχει.
1539 5758 1565 5787 ι
1600 5744 1834 5816 Χριστὸς
1860 5747 1959 5817 μὲν
1989 5747 2094 5819 γὰρ
2121 5746 2321 5811 ἰδικῶς.
