  <div class='ocr_page' id='page_1' title='image "/cluster/home/n/w/nwhite01/storage/ocr_20150623/77/hvd.32044052822863/102.png"; bbox 0 0 4044 6212; ppageno 0'>
   <div class='ocr_carea' id='block_1_1' title="bbox 215 309 318 366">
    <p class='ocr_par' dir='ltr' id='par_1_1' title="bbox 215 309 318 366">
     <span class='ocr_line' id='line_1_1' title="bbox 215 309 318 366; baseline -0.039 1"><span class='ocrx_word' id='word_1_1' title='bbox 215 309 318 366; x_wconf 70' lang='grc'><strong>198</strong></span> 
     </span>
    </p>
   </div>
   <div class='ocr_carea' id='block_1_2' title="bbox 1635 306 2119 368">
    <p class='ocr_par' dir='ltr' id='par_1_2' title="bbox 1635 306 2119 368">
     <span class='ocr_line' id='line_1_2' title="bbox 1635 306 2119 368; baseline -0.004 0"><span class='ocrx_word' id='word_1_2' title='bbox 1635 306 1968 368; x_wconf 81' lang='lat' dir='ltr'><strong>EPISTOLA</strong></span> <span class='ocrx_word' id='word_1_3' title='bbox 2007 309 2119 366; x_wconf 75' lang='lat' dir='ltr'><strong>XL.</strong></span> 
     </span>
    </p>
   </div>
   <div class='ocr_carea' id='block_1_3' title="bbox 3379 318 3479 376">
    <p class='ocr_par' dir='ltr' id='par_1_3' title="bbox 3379 318 3479 376">
     <span class='ocr_line' id='line_1_3' title="bbox 3379 318 3479 376; baseline 0.02 -2"><span class='ocrx_word' id='word_1_4' title='bbox 3379 318 3479 376; x_wconf 68' lang='grc'><strong>194</strong></span> 
     </span>
    </p>
   </div>
   <div class='ocr_carea' id='block_1_4' title="bbox 213 420 1810 498">
    <p class='ocr_par' dir='ltr' id='par_1_4' title="bbox 213 420 1802 498">
     <span class='ocr_line' id='line_1_4' title="bbox 213 420 1802 498; baseline 0.001 -21"><span class='ocrx_word' id='word_1_5' title='bbox 213 423 416 494; x_wconf 69' lang='grc' dir='ltr'><strong>φύσιν,</strong></span> <span class='ocrx_word' id='word_1_6' title='bbox 441 422 521 486; x_wconf 76' lang='grc' dir='ltr'><strong>ὣς</strong></span> <span class='ocrx_word' id='word_1_7' title='bbox 550 421 693 488; x_wconf 69' lang='grc' dir='ltr'><strong>ἐνὸς,</strong></span> <span class='ocrx_word' id='word_1_8' title='bbox 723 421 866 494; x_wconf 86' lang='grc' dir='ltr'><strong>πλὴν</strong></span> <span class='ocrx_word' id='word_1_9' title='bbox 894 420 1437 495; x_wconf 69' lang='grc' dir='ltr'><strong>ὲνανθρωπήσαντος,</strong></span> <span class='ocrx_word' id='word_1_10' title='bbox 1476 426 1572 480; x_wconf 78' lang='grc' dir='ltr'><strong>καὶ</strong></span> <span class='ocrx_word' id='word_1_11' title='bbox 1601 442 1802 498; x_wconf 84' lang='grc' dir='ltr'><strong>σεσαρ-</strong></span> 
     </span>
    </p>
   </div>
   <div class='ocr_carea' id='block_1_5' title="bbox 1909 420 3480 498">
    <p class='ocr_par' dir='ltr' id='par_1_5' title="bbox 1909 421 3480 498">
     <span class='ocr_line' id='line_1_5' title="bbox 1909 421 3480 498; baseline 0.006 -21"><span class='ocrx_word' id='word_1_12' title='bbox 1909 421 2328 490; x_wconf 81' lang='lat' dir='ltr'><strong>adunationem,</strong></span> <span class='ocrx_word' id='word_1_13' title='bbox 2373 433 2631 496; x_wconf 80' lang='lat' dir='ltr'><strong>tanquam</strong></span> <span class='ocrx_word' id='word_1_14' title='bbox 2675 426 2887 481; x_wconf 72' lang='lat' dir='ltr'><strong>sublata</strong></span> <span class='ocrx_word' id='word_1_15' title='bbox 2927 427 3039 498; x_wconf 84' lang='lat' dir='ltr'><strong>jam</strong></span> <span class='ocrx_word' id='word_1_16' title='bbox 3078 428 3138 483; x_wconf 89' lang='lat' dir='ltr'><strong>in</strong></span> <span class='ocrx_word' id='word_1_17' title='bbox 3200 428 3342 485; x_wconf 83' lang='lat' dir='ltr'><strong>duas</strong></span> <span class='ocrx_word' id='word_1_18' title='bbox 3389 429 3480 487; x_wconf 77' lang='lat' dir='ltr'><strong>se-</strong></span> 
     </span>
    </p>
   </div>
   <div class='ocr_carea' id='block_1_6' title="bbox 212 513 1804 588">
    <p class='ocr_par' dir='ltr' id='par_1_6' title="bbox 212 513 1804 588">
     <span class='ocr_line' id='line_1_6' title="bbox 212 513 1804 588; baseline 0 -18"><span class='ocrx_word' id='word_1_19' title='bbox 212 514 505 587; x_wconf 70' lang='grc' dir='ltr'><strong>ιοωμιένου.</strong></span> <span class='ocrx_word' id='word_1_20' title='bbox 530 515 591 566; x_wconf 77' lang='grc' dir='ltr'><strong>Εἰ</strong></span> <span class='ocrx_word' id='word_1_21' title='bbox 613 514 668 567; x_wconf 68' lang='grc' dir='ltr'><strong>δὲ</strong></span> <span class='ocrx_word' id='word_1_22' title='bbox 688 513 756 588; x_wconf 78' lang='grc' dir='ltr'><strong>δὴ</strong></span> <span class='ocrx_word' id='word_1_23' title='bbox 778 513 991 582; x_wconf 81' lang='grc' dir='ltr'><strong>λέγοιτο</strong></span> <span class='ocrx_word' id='word_1_24' title='bbox 1023 514 1394 586; x_wconf 87' lang='grc' dir='ltr'><strong>σαρκωθῆναι,</strong></span> <span class='ocrx_word' id='word_1_25' title='bbox 1419 515 1513 570; x_wconf 71' lang='grc' dir='ltr'><strong>καὶ</strong></span> <span class='ocrx_word' id='word_1_26' title='bbox 1539 516 1804 587; x_wconf 73' lang='grc' dir='ltr'><strong>ὲνανθρω-</strong></span> 
     </span>
    </p>
   </div>
   <div class='ocr_carea' id='block_1_7' title="bbox 211 603 1802 676">
    <p class='ocr_par' dir='ltr' id='par_1_7' title="bbox 211 603 1802 676">
     <span class='ocr_line' id='line_1_7' title="bbox 211 603 1802 676; baseline -0.001 -18"><span class='ocrx_word' id='word_1_27' title='bbox 211 607 404 675; x_wconf 75' lang='grc' dir='ltr'><strong>πῆσαι</strong></span> <span class='ocrx_word' id='word_1_28' title='bbox 457 604 586 666; x_wconf 87' lang='grc' dir='ltr'><strong>Θεὸς</strong></span> <span class='ocrx_word' id='word_1_29' title='bbox 623 604 700 657; x_wconf 84' lang='grc' dir='ltr'>ῶν</span> <span class='ocrx_word' id='word_1_30' title='bbox 751 603 781 655; x_wconf 86' lang='grc' dir='ltr'><strong>ὁ</strong></span> <span class='ocrx_word' id='word_1_31' title='bbox 835 604 1032 672; x_wconf 94' lang='grc' dir='ltr'><strong>Λόγος,</strong></span> <span class='ocrx_word' id='word_1_32' title='bbox 1079 603 1379 674; x_wconf 82' lang='grc' dir='ltr'><strong>διερῤίφθω</strong></span> <span class='ocrx_word' id='word_1_33' title='bbox 1429 621 1534 658; x_wconf 79' lang='grc' dir='ltr'><strong>που</strong></span> <span class='ocrx_word' id='word_1_34' title='bbox 1584 604 1802 676; x_wconf 82' lang='grc' dir='ltr'><strong>μακρὰν</strong></span> 
     </span>
    </p>
   </div>
   <div class='ocr_carea' id='block_1_8' title="bbox 208 690 1803 768">
    <p class='ocr_par' dir='ltr' id='par_1_8' title="bbox 208 690 1803 768">
     <span class='ocr_line' id='line_1_8' title="bbox 208 690 1803 768; baseline 0.002 -20"><span class='ocrx_word' id='word_1_35' title='bbox 208 699 433 768; x_wconf 79' lang='grc' dir='ltr'><strong>τροπῆς</strong></span> <span class='ocrx_word' id='word_1_36' title='bbox 457 693 659 764; x_wconf 74' lang='grc' dir='ltr'><strong>ὑποψία</strong></span> <span class='ocrx_word' id='word_1_37' title='bbox 681 693 991 765; x_wconf 77' lang='grc' dir='ltr'><strong>(μεμένηκε</strong></span> <span class='ocrx_word' id='word_1_38' title='bbox 1018 693 1126 766; x_wconf 79' lang='grc' dir='ltr'><strong>γὰρ</strong></span> <span class='ocrx_word' id='word_1_39' title='bbox 1141 694 1280 765; x_wconf 78' lang='grc' dir='ltr'><strong>ὅπερ</strong></span> <span class='ocrx_word' id='word_1_40' title='bbox 1295 690 1412 765; x_wconf 75' lang='grc' dir='ltr'><strong>ἦν),</strong></span> <span class='ocrx_word' id='word_1_41' title='bbox 1436 695 1803 766; x_wconf 82' lang='grc' dir='ltr'><strong>ὁμολογείσθω</strong></span> 
     </span>
    </p>
   </div>
   <div class='ocr_carea' id='block_1_9' title="bbox 205 778 1799 858">
    <p class='ocr_par' dir='ltr' id='par_1_9' title="bbox 205 778 1799 858">
     <span class='ocr_line' id='line_1_9' title="bbox 205 778 1799 858; baseline 0.004 -20"><span class='ocrx_word' id='word_1_42' title='bbox 205 785 267 838; x_wconf 70' lang='grc' dir='ltr'><strong>δὲ</strong></span> <span class='ocrx_word' id='word_1_43' title='bbox 301 785 446 856; x_wconf 75' lang='grc' dir='ltr'><strong>πρὸς</strong></span> <span class='ocrx_word' id='word_1_44' title='bbox 492 778 652 854; x_wconf 72' lang='grc' dir='ltr'><strong>ἡμῶν</strong></span> <span class='ocrx_word' id='word_1_45' title='bbox 700 785 796 838; x_wconf 78' lang='grc' dir='ltr'><strong>καὶ</strong></span> <span class='ocrx_word' id='word_1_46' title='bbox 826 783 1132 856; x_wconf 79' lang='grc' dir='ltr'><strong>ἀσύγχυτος</strong></span> <span class='ocrx_word' id='word_1_47' title='bbox 1179 785 1458 850; x_wconf 83' lang='grc' dir='ltr'>παντελῶς</span> <span class='ocrx_word' id='word_1_48' title='bbox 1501 788 1536 858; x_wconf 87' lang='grc' dir='ltr'><strong>ή</strong></span> <span class='ocrx_word' id='word_1_49' title='bbox 1584 787 1799 851; x_wconf 80' lang='grc' dir='ltr'><strong>ἓνωσις.</strong></span> 
     </span>
    </p>
   </div>
   <div class='ocr_carea' id='block_1_10' title="bbox 219 875 1800 951">
    <p class='ocr_par' dir='ltr' id='par_1_10' title="bbox 219 875 1800 951">
     <span class='ocr_line' id='line_1_10' title="bbox 219 875 1800 951; baseline 0.003 -23"><span class='ocrx_word' id='word_1_50' title='bbox 219 876 386 929; x_wconf 74' lang='grc' dir='ltr'><strong>Ἀλλὰ</strong></span> <span class='ocrx_word' id='word_1_51' title='bbox 414 875 530 947; x_wconf 72' lang='grc' dir='ltr'><strong>γὰρ</strong></span> <span class='ocrx_word' id='word_1_52' title='bbox 576 876 710 940; x_wconf 83' lang='grc' dir='ltr'><strong>ἴσως</strong></span> <span class='ocrx_word' id='word_1_53' title='bbox 739 877 898 945; x_wconf 80' lang='grc' dir='ltr'><strong>φαῖεν</strong></span> <span class='ocrx_word' id='word_1_54' title='bbox 946 875 1014 930; x_wconf 80' lang='grc' dir='ltr'><strong>ἂν</strong></span> <span class='ocrx_word' id='word_1_55' title='bbox 1056 877 1105 930; x_wconf 82' lang='grc' dir='ltr'><strong>οἱ</strong></span> <span class='ocrx_word' id='word_1_56' title='bbox 1151 875 1219 930; x_wconf 80' lang='grc' dir='ltr'><strong>δι’</strong></span> <span class='ocrx_word' id='word_1_57' title='bbox 1247 877 1529 942; x_wconf 78' lang='grc' dir='ltr'><strong>ἐναντίας’</strong></span> <span class='ocrx_word' id='word_1_58' title='bbox 1571 879 1702 933; x_wconf 78' lang='grc' dir='ltr'><strong>Ἰδοὺ</strong></span> <span class='ocrx_word' id='word_1_59' title='bbox 1735 879 1800 951; x_wconf 81' lang='grc' dir='ltr'><strong>δὴ</strong></span> 
     </span>
    </p>
   </div>
   <div class='ocr_carea' id='block_1_11' title="bbox 209 967 1800 1042">
    <p class='ocr_par' dir='ltr' id='par_1_11' title="bbox 209 967 1800 1042">
     <span class='ocr_line' id='line_1_11' title="bbox 209 967 1800 1042; baseline 0.003 -21"><span class='ocrx_word' id='word_1_60' title='bbox 209 969 401 1037; x_wconf 61' lang='grc' dir='ltr'><strong>σαςῶς</strong></span> <span class='ocrx_word' id='word_1_61' title='bbox 431 968 486 1021; x_wconf 83' lang='grc' dir='ltr'><strong>οἱ</strong></span> <span class='ocrx_word' id='word_1_62' title='bbox 513 968 618 1036; x_wconf 78' lang='grc' dir='ltr'><strong>τῆς</strong></span> <span class='ocrx_word' id='word_1_63' title='bbox 649 967 819 1039; x_wconf 83' lang='grc' dir='ltr'><strong>ὁρθῆς</strong></span> <span class='ocrx_word' id='word_1_64' title='bbox 844 967 1081 1030; x_wconf 81' lang='grc' dir='ltr'><strong>πίστεως</strong></span> <span class='ocrx_word' id='word_1_65' title='bbox 1098 967 1198 1040; x_wconf 78' lang='grc' dir='ltr'><strong>τὴν</strong></span> <span class='ocrx_word' id='word_1_66' title='bbox 1226 969 1517 1040; x_wconf 74' lang='grc' dir='ltr'><strong>ὁμολογίαν</strong></span> <span class='ocrx_word' id='word_1_67' title='bbox 1540 971 1800 1042; x_wconf 82' lang='grc' dir='ltr'><strong>ποιούμε-</strong></span> 
     </span>
    </p>
   </div>
   <div class='ocr_carea' id='block_1_12' title="bbox 205 1057 1800 1132">
    <p class='ocr_par' dir='ltr' id='par_1_12' title="bbox 205 1057 1800 1132">
     <span class='ocr_line' id='line_1_12' title="bbox 205 1057 1800 1132; baseline 0 -20"><span class='ocrx_word' id='word_1_68' title='bbox 205 1077 306 1123; x_wconf 84' lang='grc' dir='ltr'><strong>νοι,</strong></span> <span class='ocrx_word' id='word_1_69' title='bbox 341 1058 442 1112; x_wconf 72' lang='grc' dir='ltr'><strong>δύο</strong></span> <span class='ocrx_word' id='word_1_70' title='bbox 479 1065 583 1128; x_wconf 73' lang='grc' dir='ltr'><strong>μὲν</strong></span> <span class='ocrx_word' id='word_1_71' title='bbox 627 1059 958 1128; x_wconf 71' lang='grc' dir='ltr'><strong>ὀνομάζουσι</strong></span> <span class='ocrx_word' id='word_1_72' title='bbox 1001 1057 1216 1127; x_wconf 81' lang='grc' dir='ltr'><strong>φύσεις,</strong></span> <span class='ocrx_word' id='word_1_73' title='bbox 1258 1059 1550 1132; x_wconf 80' lang='grc' dir='ltr'><strong>διῃρῆσθαι</strong></span> <span class='ocrx_word' id='word_1_74' title='bbox 1593 1061 1650 1114; x_wconf 82' lang='grc' dir='ltr'><strong>δὲ</strong></span> <span class='ocrx_word' id='word_1_75' title='bbox 1701 1060 1800 1124; x_wconf 82' lang='grc' dir='ltr'><strong>τὰς</strong></span> 
     </span>
    </p>
   </div>
   <div class='ocr_carea' id='block_1_13' title="bbox 204 1149 1802 1224">
    <p class='ocr_par' dir='ltr' id='par_1_13' title="bbox 204 1149 1802 1224">
     <span class='ocr_line' id='line_1_13' title="bbox 204 1149 1802 1224; baseline 0.001 -20"><span class='ocrx_word' id='word_1_76' title='bbox 204 1151 312 1204; x_wconf 82' lang='grc' dir='ltr'><strong>τῶν</strong></span> <span class='ocrx_word' id='word_1_77' title='bbox 343 1150 641 1223; x_wconf 66' lang='grc' dir='ltr'><strong>θεηγόρων</strong></span> <span class='ocrx_word' id='word_1_78' title='bbox 673 1150 860 1218; x_wconf 71' lang='grc' dir='ltr'><strong>φωνὰς</strong></span> <span class='ocrx_word' id='word_1_79' title='bbox 889 1149 1269 1214; x_wconf 77' lang='grc' dir='ltr'><strong>διατείνονται,</strong></span> <span class='ocrx_word' id='word_1_80' title='bbox 1300 1152 1443 1206; x_wconf 85' lang='grc' dir='ltr'><strong>κατά</strong></span> <span class='ocrx_word' id='word_1_81' title='bbox 1470 1169 1532 1222; x_wconf 89' lang='grc' dir='ltr'><strong>γε</strong></span> <span class='ocrx_word' id='word_1_82' title='bbox 1559 1151 1658 1224; x_wconf 79' lang='grc' dir='ltr'><strong>τὴν</strong></span> <span class='ocrx_word' id='word_1_83' title='bbox 1683 1153 1802 1206; x_wconf 87' lang='grc' dir='ltr'><strong>δια-</strong></span> 
     </span>
    </p>
   </div>
   <div class='ocr_carea' id='block_1_14' title="bbox 205 1234 1797 1317">
    <p class='ocr_par' dir='ltr' id='par_1_14' title="bbox 205 1234 1797 1317">
     <span class='ocr_line' id='line_1_14' title="bbox 205 1234 1797 1317; baseline 0.001 -24"><span class='ocrx_word' id='word_1_84' title='bbox 205 1241 383 1312; x_wconf 66' lang='grc' dir='ltr'><strong>φορὰν</strong></span> <span class='ocrx_word' id='word_1_85' title='bbox 409 1241 627 1317; x_wconf 61' lang='grc' dir='ltr'><strong>αὑτών.</strong></span> <span class='ocrx_word' id='word_1_86' title='bbox 653 1234 788 1292; x_wconf 75' lang='grc' dir='ltr'><strong>Εἶτα</strong></span> <span class='ocrx_word' id='word_1_87' title='bbox 808 1239 925 1302; x_wconf 84' lang='grc' dir='ltr'><strong>πῶς</strong></span> <span class='ocrx_word' id='word_1_88' title='bbox 941 1239 1040 1292; x_wconf 82' lang='grc' dir='ltr'><strong>οῦκ</strong></span> <span class='ocrx_word' id='word_1_89' title='bbox 1065 1240 1284 1294; x_wconf 77' lang='grc' dir='ltr'><strong>ἐναντία</strong></span> <span class='ocrx_word' id='word_1_90' title='bbox 1309 1239 1483 1294; x_wconf 89' lang='grc' dir='ltr'><strong>ταῦτα</strong></span> <span class='ocrx_word' id='word_1_91' title='bbox 1511 1243 1623 1305; x_wconf 85' lang='grc' dir='ltr'><strong>τοῖς</strong></span> <span class='ocrx_word' id='word_1_92' title='bbox 1652 1245 1797 1307; x_wconf 84' lang='grc' dir='ltr'><strong>σοίς;</strong></span> 
     </span>
    </p>
   </div>
   <div class='ocr_carea' id='block_1_15' title="bbox 205 1329 1796 1404">
    <p class='ocr_par' dir='ltr' id='par_1_15' title="bbox 205 1329 1796 1404">
     <span class='ocr_line' id='line_1_15' title="bbox 205 1329 1796 1404; baseline -0.001 -17"><span class='ocrx_word' id='word_1_93' title='bbox 205 1334 340 1387; x_wconf 75' lang='grc' dir='ltr'>Οὐδὲ</span> <span class='ocrx_word' id='word_1_94' title='bbox 367 1332 682 1403; x_wconf 32' lang='grc' dir='ltr'><strong>γὰρνὰνέχῃ</strong></span> <span class='ocrx_word' id='word_1_95' title='bbox 715 1329 1028 1402; x_wconf 81' lang='grc' dir='ltr'><strong>προσώποις</strong></span> <span class='ocrx_word' id='word_1_96' title='bbox 1051 1331 1224 1396; x_wconf 82' lang='grc' dir='ltr'><strong>δυσὶν,</strong></span> <span class='ocrx_word' id='word_1_97' title='bbox 1251 1332 1419 1404; x_wconf 70' lang='grc' dir='ltr'>ἧγουν</span> <span class='ocrx_word' id='word_1_98' title='bbox 1449 1333 1796 1401; x_wconf 79' lang='grc' dir='ltr'><strong>ὑποστάσεσι,</strong></span> 
     </span>
    </p>
   </div>
   <div class='ocr_carea' id='block_1_16' title="bbox 205 1415 1798 1494">
    <p class='ocr_par' dir='ltr' id='par_1_16' title="bbox 205 1415 1798 1494">
     <span class='ocr_line' id='line_1_16' title="bbox 205 1415 1798 1494; baseline 0.001 -17"><span class='ocrx_word' id='word_1_99' title='bbox 205 1425 305 1488; x_wconf 75' lang='grc' dir='ltr'><strong>τὰς</strong></span> <span class='ocrx_word' id='word_1_100' title='bbox 337 1422 534 1492; x_wconf 64' lang='grc' dir='ltr'>φωνὰς</span> <span class='ocrx_word' id='word_1_101' title='bbox 581 1421 881 1492; x_wconf 75' lang='grc' dir='ltr'><strong>διανέμειν.</strong></span> <span class='ocrx_word' id='word_1_102' title='bbox 926 1421 1087 1486; x_wconf 68' lang='grc' dir='ltr'>Ἀλλ’,</span> <span class='ocrx_word' id='word_1_103' title='bbox 1118 1415 1164 1475; x_wconf 81' lang='grc' dir='ltr'>ὧ</span> <span class='ocrx_word' id='word_1_104' title='bbox 1194 1420 1484 1491; x_wconf 73' lang='grc' dir='ltr'><strong>βέλτιστοι,</strong></span> <span class='ocrx_word' id='word_1_105' title='bbox 1515 1423 1681 1494; x_wconf 81' lang='grc' dir='ltr'>φαίην</span> <span class='ocrx_word' id='word_1_106' title='bbox 1709 1423 1798 1489; x_wconf 80' lang='grc' dir='ltr'><strong>ἂν,</strong></span> 
     </span>
    </p>
   </div>
   <div class='ocr_carea' id='block_1_17' title="bbox 207 1511 1801 1590">
    <p class='ocr_par' dir='ltr' id='par_1_17' title="bbox 207 1511 1801 1590">
     <span class='ocr_line' id='line_1_17' title="bbox 207 1511 1801 1590; baseline 0.001 -24"><span class='ocrx_word' id='word_1_107' title='bbox 207 1515 587 1590; x_wconf 71' lang='grc' dir='ltr'><strong>γεγράφαμεν</strong></span> <span class='ocrx_word' id='word_1_108' title='bbox 631 1513 690 1565; x_wconf 78' lang='grc' dir='ltr'><strong>ὲν</strong></span> <span class='ocrx_word' id='word_1_109' title='bbox 717 1514 832 1576; x_wconf 81' lang='grc' dir='ltr'><strong>τοῖς</strong></span> <span class='ocrx_word' id='word_1_110' title='bbox 872 1511 1224 1581; x_wconf 76' lang='grc' dir='ltr'><strong>κεφαλαίοιςο</strong></span> <span class='ocrx_word' id='word_1_111' title='bbox 1261 1513 1327 1568; x_wconf 75' lang='grc' dir='ltr'><strong>Εἴ</strong></span> <span class='ocrx_word' id='word_1_112' title='bbox 1362 1531 1447 1578; x_wconf 92' lang='grc' dir='ltr'><strong>τις</strong></span> <span class='ocrx_word' id='word_1_113' title='bbox 1488 1515 1801 1584; x_wconf 85' lang='grc' dir='ltr'><strong>προσώποις</strong></span> 
     </span>
    </p>
   </div>
   <div class='ocr_carea' id='block_1_18' title="bbox 205 1603 1801 1688">
    <p class='ocr_par' dir='ltr' id='par_1_18' title="bbox 205 1603 1801 1688">
     <span class='ocr_line' id='line_1_18' title="bbox 205 1603 1801 1688; baseline 0 -28"><span class='ocrx_word' id='word_1_114' title='bbox 205 1607 386 1673; x_wconf 76' lang='grc' dir='ltr'><strong>δυσὶν,</strong></span> <span class='ocrx_word' id='word_1_115' title='bbox 424 1607 601 1677; x_wconf 63' lang='grc' dir='ltr'>ἧγουν</span> <span class='ocrx_word' id='word_1_116' title='bbox 641 1603 1005 1688; x_wconf 66' lang='grc' dir='ltr'><strong>ὑποστάσεσι,</strong></span> <span class='ocrx_word' id='word_1_117' title='bbox 1031 1604 1276 1677; x_wconf 82' lang='grc' dir='ltr'><strong>διανέμει</strong></span> <span class='ocrx_word' id='word_1_118' title='bbox 1312 1606 1414 1670; x_wconf 81' lang='grc' dir='ltr'><strong>τὰς</strong></span> <span class='ocrx_word' id='word_1_119' title='bbox 1451 1605 1656 1675; x_wconf 64' lang='grc' dir='ltr'><strong>φωνὰς,</strong></span> <span class='ocrx_word' id='word_1_120' title='bbox 1705 1607 1801 1661; x_wconf 81' lang='grc' dir='ltr'><strong>καὶ</strong></span> 
     </span>
    </p>
   </div>
   <div class='ocr_carea' id='block_1_19' title="bbox 1905 512 3478 592">
    <p class='ocr_par' dir='ltr' id='par_1_19' title="bbox 1905 512 3478 592">
     <span class='ocr_line' id='line_1_19' title="bbox 1905 512 3478 592; baseline 0.006 -25"><span class='ocrx_word' id='word_1_121' title='bbox 1905 512 2110 578; x_wconf 89' lang='lat' dir='ltr'><strong>ctione,</strong></span> <span class='ocrx_word' id='word_1_122' title='bbox 2142 529 2302 568; x_wconf 90' lang='lat' dir='ltr'><strong>unam</strong></span> <span class='ocrx_word' id='word_1_123' title='bbox 2329 530 2449 570; x_wconf 89' lang='lat' dir='ltr'><strong>esse</strong></span> <span class='ocrx_word' id='word_1_124' title='bbox 2475 516 2750 571; x_wconf 87' lang='lat' dir='ltr'><strong>credimus</strong></span> <span class='ocrx_word' id='word_1_125' title='bbox 2768 517 2890 572; x_wconf 84' lang='lat' dir='ltr'><strong>Filii</strong></span> <span class='ocrx_word' id='word_1_126' title='bbox 2920 528 3195 584; x_wconf 84' lang='lat' dir='ltr'><strong>naturam,</strong></span> <span class='ocrx_word' id='word_1_127' title='bbox 3221 529 3478 592; x_wconf 78' lang='lat' dir='ltr'><strong>tanquam</strong></span> 
     </span>
    </p>
   </div>
   <div class='ocr_carea' id='block_1_20' title="bbox 1902 605 3482 684">
    <p class='ocr_par' dir='ltr' id='par_1_20' title="bbox 1902 605 3482 684">
     <span class='ocr_line' id='line_1_20' title="bbox 1902 605 3482 684; baseline 0.008 -26"><span class='ocrx_word' id='word_1_128' title='bbox 1902 605 2087 670; x_wconf 90' lang='lat' dir='ltr'><strong>unius,</strong></span> <span class='ocrx_word' id='word_1_129' title='bbox 2118 623 2306 661; x_wconf 83' lang='lat' dir='ltr'><strong>verum</strong></span> <span class='ocrx_word' id='word_1_130' title='bbox 2357 608 2693 664; x_wconf 85' lang='lat' dir='ltr'><strong>inhumanati</strong></span> <span class='ocrx_word' id='word_1_131' title='bbox 2738 619 2795 664; x_wconf 92' lang='lat' dir='ltr'><strong>ct</strong></span> <span class='ocrx_word' id='word_1_132' title='bbox 2839 610 3124 664; x_wconf 86' lang='lat' dir='ltr'><strong>incarnati.</strong></span> <span class='ocrx_word' id='word_1_133' title='bbox 3170 611 3308 666; x_wconf 68' lang='lat' dir='ltr'><strong>Cum</strong></span> <span class='ocrx_word' id='word_1_134' title='bbox 3349 629 3482 684; x_wconf 82' lang='lat' dir='ltr'><strong>ergo</strong></span> 
     </span>
    </p>
   </div>
   <div class='ocr_carea' id='block_1_21' title="bbox 1902 693 3478 766">
    <p class='ocr_par' dir='ltr' id='par_1_21' title="bbox 1902 693 3478 766">
     <span class='ocr_line' id='line_1_21' title="bbox 1902 693 3478 766; baseline 0.004 -18"><span class='ocrx_word' id='word_1_135' title='bbox 1902 693 2046 749; x_wconf 91' lang='lat' dir='ltr'><strong>Deus</strong></span> <span class='ocrx_word' id='word_1_136' title='bbox 2072 696 2311 752; x_wconf 88' lang='lat' dir='ltr'><strong>Verbum</strong></span> <span class='ocrx_word' id='word_1_137' title='bbox 2347 697 2762 754; x_wconf 86' lang='lat' dir='ltr'><strong>inhumanatum</strong></span> <span class='ocrx_word' id='word_1_138' title='bbox 2795 705 2852 752; x_wconf 91' lang='lat' dir='ltr'><strong>et</strong></span> <span class='ocrx_word' id='word_1_139' title='bbox 2887 698 3229 753; x_wconf 87' lang='lat' dir='ltr'><strong>incarnatum</strong></span> <span class='ocrx_word' id='word_1_140' title='bbox 3253 700 3478 766; x_wconf 85' lang='lat' dir='ltr'><strong>dicitur,</strong></span> 
     </span>
    </p>
   </div>
   <div class='ocr_carea' id='block_1_22' title="bbox 1901 783 3482 861">
    <p class='ocr_par' dir='ltr' id='par_1_22' title="bbox 1901 783 3482 861">
     <span class='ocr_line' id='line_1_22' title="bbox 1901 783 3482 861; baseline 0.005 -23"><span class='ocrx_word' id='word_1_141' title='bbox 1901 786 2092 854; x_wconf 83' lang='lat' dir='ltr'><strong>procul</strong></span> <span class='ocrx_word' id='word_1_142' title='bbox 2119 783 2353 861; x_wconf 76' lang='lat' dir='ltr'><strong>facessat</strong></span> <span class='ocrx_word' id='word_1_143' title='bbox 2377 789 2558 843; x_wconf 88' lang='lat' dir='ltr'><strong>omnis</strong></span> <span class='ocrx_word' id='word_1_144' title='bbox 2580 788 2958 845; x_wconf 87' lang='lat' dir='ltr'><strong>conversionis</strong></span> <span class='ocrx_word' id='word_1_145' title='bbox 2993 789 3231 860; x_wconf 89' lang='lat' dir='ltr'><strong>suspicio</strong></span> <span class='ocrx_word' id='word_1_146' title='bbox 3260 790 3482 860; x_wconf 84' lang='lat' dir='ltr'><strong>(mansit</strong></span> 
     </span>
    </p>
   </div>
   <div class='ocr_carea' id='block_1_23' title="bbox 1899 878 3477 952">
    <p class='ocr_par' dir='ltr' id='par_1_23' title="bbox 1899 878 3477 952">
     <span class='ocr_line' id='line_1_23' title="bbox 1899 878 3477 952; baseline 0.002 -19"><span class='ocrx_word' id='word_1_147' title='bbox 1899 878 2046 933; x_wconf 90' lang='lat' dir='ltr'><strong>enim</strong></span> <span class='ocrx_word' id='word_1_148' title='bbox 2071 880 2216 948; x_wconf 93' lang='lat' dir='ltr'><strong>quod</strong></span> <span class='ocrx_word' id='word_1_149' title='bbox 2237 881 2464 952; x_wconf 86' lang='lat' dir='ltr'><strong>erat),et</strong></span> <span class='ocrx_word' id='word_1_150' title='bbox 2485 881 2616 934; x_wconf 91' lang='lat' dir='ltr'><strong>unio</strong></span> <span class='ocrx_word' id='word_1_151' title='bbox 2639 879 2975 935; x_wconf 80' lang='lat' dir='ltr'><strong>confusionis</strong></span> <span class='ocrx_word' id='word_1_152' title='bbox 2998 881 3178 935; x_wconf 91' lang='lat' dir='ltr'><strong>omnis</strong></span> <span class='ocrx_word' id='word_1_153' title='bbox 3198 882 3358 950; x_wconf 85' lang='lat' dir='ltr'><strong>plane</strong></span> <span class='ocrx_word' id='word_1_154' title='bbox 3381 898 3477 936; x_wconf 74' lang='lat' dir='ltr'><strong>ex-</strong></span> 
     </span>
    </p>
   </div>
   <div class='ocr_carea' id='block_1_24' title="bbox 1901 969 3477 1042">
    <p class='ocr_par' dir='ltr' id='par_1_24' title="bbox 1901 969 3477 1042">
     <span class='ocr_line' id='line_1_24' title="bbox 1901 969 3477 1042; baseline 0.004 -20"><span class='ocrx_word' id='word_1_155' title='bbox 1901 981 2026 1040; x_wconf 74' lang='lat' dir='ltr'><strong>pers</strong></span> <span class='ocrx_word' id='word_1_156' title='bbox 2049 985 2078 1024; x_wconf 91' lang='lat' dir='ltr'><strong>a</strong></span> <span class='ocrx_word' id='word_1_157' title='bbox 2105 969 2266 1024; x_wconf 91' lang='lat' dir='ltr'><strong>nobis</strong></span> <span class='ocrx_word' id='word_1_158' title='bbox 2286 980 2630 1042; x_wconf 76' lang='lat' dir='ltr'><strong>agnoscatur.</strong></span> <span class='ocrx_word' id='word_1_159' title='bbox 2661 971 2864 1026; x_wconf 90' lang='lat' dir='ltr'><strong>Verum</strong></span> <span class='ocrx_word' id='word_1_160' title='bbox 2893 970 3079 1026; x_wconf 88' lang='lat' dir='ltr'><strong>dicent</strong></span> <span class='ocrx_word' id='word_1_161' title='bbox 3111 971 3252 1026; x_wconf 90' lang='lat' dir='ltr'><strong>forte</strong></span> <span class='ocrx_word' id='word_1_162' title='bbox 3281 973 3477 1028; x_wconf 88' lang='lat' dir='ltr'><strong>adver-</strong></span> 
     </span>
    </p>
   </div>
   <div class='ocr_carea' id='block_1_25' title="bbox 1901 1057 3479 1130">
    <p class='ocr_par' dir='ltr' id='par_1_25' title="bbox 1901 1057 3479 1130">
     <span class='ocr_line' id='line_1_25' title="bbox 1901 1057 3479 1130; baseline 0.006 -22"><span class='ocrx_word' id='word_1_163' title='bbox 1901 1057 2034 1110; x_wconf 89' lang='lat' dir='ltr'><strong>sarii</strong></span> <span class='ocrx_word' id='word_1_164' title='bbox 2071 1075 2083 1110; x_wconf 91' lang='lat'>:</span> <span class='ocrx_word' id='word_1_165' title='bbox 2115 1058 2194 1112; x_wconf 87' lang='lat' dir='ltr'><strong>En</strong></span> <span class='ocrx_word' id='word_1_166' title='bbox 2243 1059 2530 1115; x_wconf 81' lang='lat' dir='ltr'><strong>manifeste</strong></span> <span class='ocrx_word' id='word_1_167' title='bbox 2570 1060 2665 1130; x_wconf 88' lang='lat' dir='ltr'><strong>qui</strong></span> <span class='ocrx_word' id='word_1_168' title='bbox 2703 1068 2866 1115; x_wconf 72' lang='lat' dir='ltr'><strong>rectae</strong></span> <span class='ocrx_word' id='word_1_169' title='bbox 2908 1061 3037 1115; x_wconf 77' lang='lat' dir='ltr'><strong>fidei</strong></span> <span class='ocrx_word' id='word_1_170' title='bbox 3080 1061 3479 1117; x_wconf 83' lang='lat' dir='ltr'><strong>confessionem</strong></span> 
     </span>
    </p>
   </div>
   <div class='ocr_carea' id='block_1_26' title="bbox 1897 1146 3476 1222">
    <p class='ocr_par' dir='ltr' id='par_1_26' title="bbox 1897 1146 3476 1222">
     <span class='ocr_line' id='line_1_26' title="bbox 1897 1146 3476 1222; baseline 0.004 -22"><span class='ocrx_word' id='word_1_171' title='bbox 1897 1146 2089 1214; x_wconf 90' lang='lat' dir='ltr'><strong>edunt,</strong></span> <span class='ocrx_word' id='word_1_172' title='bbox 2125 1149 2262 1205; x_wconf 90' lang='lat' dir='ltr'><strong>duas</strong></span> <span class='ocrx_word' id='word_1_173' title='bbox 2302 1159 2527 1206; x_wconf 88' lang='lat' dir='ltr'><strong>naturas</strong></span> <span class='ocrx_word' id='word_1_174' title='bbox 2561 1151 2866 1217; x_wconf 88' lang='lat' dir='ltr'><strong>nominant,</strong></span> <span class='ocrx_word' id='word_1_175' title='bbox 2887 1167 2951 1208; x_wconf 90' lang='lat' dir='ltr'><strong>ac</strong></span> <span class='ocrx_word' id='word_1_176' title='bbox 2987 1167 3087 1222; x_wconf 89' lang='lat' dir='ltr'><strong>pro</strong></span> <span class='ocrx_word' id='word_1_177' title='bbox 3108 1152 3324 1207; x_wconf 87' lang='lat' dir='ltr'><strong>illarum</strong></span> <span class='ocrx_word' id='word_1_178' title='bbox 3359 1153 3476 1208; x_wconf 87' lang='lat' dir='ltr'><strong>dis-</strong></span> 
     </span>
    </p>
   </div>
   <div class='ocr_carea' id='block_1_27' title="bbox 1899 1237 3474 1310">
    <p class='ocr_par' dir='ltr' id='par_1_27' title="bbox 1899 1237 3474 1310">
     <span class='ocr_line' id='line_1_27' title="bbox 1899 1237 3474 1310; baseline 0.003 -19"><span class='ocrx_word' id='word_1_179' title='bbox 1899 1237 2162 1303; x_wconf 88' lang='lat' dir='ltr'><strong>crimine,</strong></span> <span class='ocrx_word' id='word_1_180' title='bbox 2220 1238 2598 1310; x_wconf 81' lang='lat' dir='ltr'><strong>theologorum</strong></span> <span class='ocrx_word' id='word_1_181' title='bbox 2677 1255 2842 1295; x_wconf 87' lang='lat' dir='ltr'><strong>voces</strong></span> <span class='ocrx_word' id='word_1_182' title='bbox 2887 1240 3147 1310; x_wconf 71' lang='lat' dir='ltr'><strong>distingui</strong></span> <span class='ocrx_word' id='word_1_183' title='bbox 3202 1253 3474 1298; x_wconf 84' lang='lat' dir='ltr'><strong>asserunt.</strong></span> 
     </span>
    </p>
   </div>
   <div class='ocr_carea' id='block_1_28' title="bbox 1903 1329 3475 1400">
    <p class='ocr_par' dir='ltr' id='par_1_28' title="bbox 1903 1329 3475 1400">
     <span class='ocr_line' id='line_1_28' title="bbox 1903 1329 3475 1400; baseline 0.002 -14"><span class='ocrx_word' id='word_1_184' title='bbox 1903 1329 2063 1400; x_wconf 77' lang='lat'><strong>116</strong></span> <span class='ocrx_word' id='word_1_185' title='bbox 2086 1330 2370 1398; x_wconf 86' lang='lat' dir='ltr'><strong>Quomodo</strong></span> <span class='ocrx_word' id='word_1_186' title='bbox 2392 1341 2574 1387; x_wconf 86' lang='lat' dir='ltr'><strong>autem</strong></span> <span class='ocrx_word' id='word_1_187' title='bbox 2618 1332 2732 1387; x_wconf 70' lang='lat' dir='ltr'><strong>haec</strong></span> <span class='ocrx_word' id='word_1_188' title='bbox 2771 1342 2879 1388; x_wconf 76' lang='lat' dir='ltr'><strong>tua:</strong></span> <span class='ocrx_word' id='word_1_189' title='bbox 2918 1333 3207 1388; x_wconf 89' lang='lat' dir='ltr'><strong>assertioni</strong></span> <span class='ocrx_word' id='word_1_190' title='bbox 3242 1349 3349 1388; x_wconf 91' lang='lat' dir='ltr'><strong>non</strong></span> <span class='ocrx_word' id='word_1_191' title='bbox 3375 1335 3475 1390; x_wconf 86' lang='lat' dir='ltr'><strong>ad—</strong></span> 
     </span>
    </p>
   </div>
   <div class='ocr_carea' id='block_1_29' title="bbox 1900 1423 3474 1494">
    <p class='ocr_par' dir='ltr' id='par_1_29' title="bbox 1900 1423 3474 1494">
     <span class='ocr_line' id='line_1_29' title="bbox 1900 1423 3474 1494; baseline 0.002 -18"><span class='ocrx_word' id='word_1_192' title='bbox 1900 1423 2224 1477; x_wconf 81' lang='lat' dir='ltr'><strong>versantur?</strong></span> <span class='ocrx_word' id='word_1_193' title='bbox 2247 1423 2435 1492; x_wconf 86' lang='lat' dir='ltr'><strong>Neque</strong></span> <span class='ocrx_word' id='word_1_194' title='bbox 2457 1423 2604 1478; x_wconf 89' lang='lat' dir='ltr'><strong>enim</strong></span> <span class='ocrx_word' id='word_1_195' title='bbox 2627 1425 2834 1494; x_wconf 88' lang='lat' dir='ltr'><strong>pateris</strong></span> <span class='ocrx_word' id='word_1_196' title='bbox 2882 1431 2942 1477; x_wconf 92' lang='lat' dir='ltr'><strong>ut</strong></span> <span class='ocrx_word' id='word_1_197' title='bbox 2970 1423 3184 1478; x_wconf 88' lang='lat' dir='ltr'><strong>duabus</strong></span> <span class='ocrx_word' id='word_1_198' title='bbox 3204 1426 3474 1494; x_wconf 88' lang='lat' dir='ltr'><strong>personis,</strong></span> 
     </span>
    </p>
   </div>
   <div class='ocr_carea' id='block_1_30' title="bbox 1901 1515 3478 1580">
    <p class='ocr_par' dir='ltr' id='par_1_30' title="bbox 1901 1515 3478 1580">
     <span class='ocr_line' id='line_1_30' title="bbox 1901 1515 3478 1580; baseline 0.003 -12"><span class='ocrx_word' id='word_1_199' title='bbox 1901 1529 1996 1569; x_wconf 92' lang='lat' dir='ltr'><strong>seu</strong></span> <span class='ocrx_word' id='word_1_200' title='bbox 2045 1515 2450 1580; x_wconf 87' lang='lat' dir='ltr'><strong>subsistentiis,</strong></span> <span class='ocrx_word' id='word_1_201' title='bbox 2500 1515 2716 1570; x_wconf 89' lang='lat' dir='ltr'><strong>illorum</strong></span> <span class='ocrx_word' id='word_1_202' title='bbox 2760 1530 2923 1570; x_wconf 88' lang='lat' dir='ltr'><strong>voces</strong></span> <span class='ocrx_word' id='word_1_203' title='bbox 2962 1515 3327 1570; x_wconf 86' lang='lat' dir='ltr'><strong>ascribantur.</strong></span> <span class='ocrx_word' id='word_1_204' title='bbox 3369 1517 3478 1572; x_wconf 89' lang='lat' dir='ltr'><strong>Sed</strong></span> 
     </span>
    </p>
   </div>
   <div class='ocr_carea' id='block_1_31' title="bbox 1902 1603 3480 1675">
    <p class='ocr_par' dir='ltr' id='par_1_31' title="bbox 1902 1603 3480 1675">
     <span class='ocr_line' id='line_1_31' title="bbox 1902 1603 3480 1675; baseline 0.001 -17"><span class='ocrx_word' id='word_1_205' title='bbox 1902 1603 2044 1660; x_wconf 86' lang='lat' dir='ltr'><strong>bona</strong></span> <span class='ocrx_word' id='word_1_206' title='bbox 2086 1613 2267 1660; x_wconf 87' lang='lat' dir='ltr'><strong>vestra</strong></span> <span class='ocrx_word' id='word_1_207' title='bbox 2311 1605 2471 1660; x_wconf 87' lang='lat' dir='ltr'><strong>venia</strong></span> <span class='ocrx_word' id='word_1_208' title='bbox 2514 1603 2730 1669; x_wconf 90' lang='lat' dir='ltr'><strong>dicam,</strong></span> <span class='ocrx_word' id='word_1_209' title='bbox 2777 1604 2833 1658; x_wconf 91' lang='lat' dir='ltr'><strong>in</strong></span> <span class='ocrx_word' id='word_1_210' title='bbox 2876 1603 3167 1659; x_wconf 90' lang='lat' dir='ltr'><strong>duodecim</strong></span> <span class='ocrx_word' id='word_1_211' title='bbox 3205 1605 3480 1675; x_wconf 85' lang='lat' dir='ltr'><strong>capitibus</strong></span> 
     </span>
    </p>
   </div>
   <div class='ocr_carea' id='block_1_32' title="bbox 206 1689 1810 1768">
    <p class='ocr_par' dir='ltr' id='par_1_32' title="bbox 206 1689 1800 1768">
     <span class='ocr_line' id='line_1_32' title="bbox 206 1689 1800 1768; baseline 0 -16"><span class='ocrx_word' id='word_1_212' title='bbox 206 1700 306 1762; x_wconf 68' lang='grc' dir='ltr'><strong>τὰς</strong></span> <span class='ocrx_word' id='word_1_213' title='bbox 362 1689 957 1768; x_wconf 49' lang='grc' dir='ltr'><strong>μὲῖῖιῖῖξῖνθρῶπῳ,</strong></span> <span class='ocrx_word' id='word_1_214' title='bbox 1008 1697 1160 1768; x_wconf 71' lang='grc' dir='ltr'><strong>παρὰ</strong></span> <span class='ocrx_word' id='word_1_215' title='bbox 1207 1697 1300 1752; x_wconf 86' lang='grc' dir='ltr'><strong>τὸν</strong></span> <span class='ocrx_word' id='word_1_216' title='bbox 1345 1699 1410 1752; x_wconf 78' lang='grc' dir='ltr'><strong>ἐκ</strong></span> <span class='ocrx_word' id='word_1_217' title='bbox 1441 1698 1578 1752; x_wconf 85' lang='grc' dir='ltr'><strong>Θεοῦ</strong></span> <span class='ocrx_word' id='word_1_218' title='bbox 1629 1699 1800 1768; x_wconf 83' lang='grc' dir='ltr'>Λόγον</span> 
     </span>
    </p>
   </div>
   <div class='ocr_carea' id='block_1_33' title="bbox 1909 1689 3480 1768">
    <p class='ocr_par' dir='ltr' id='par_1_33' title="bbox 1909 1696 3480 1768">
     <span class='ocr_line' id='line_1_33' title="bbox 1909 1696 3480 1768; baseline 0.001 -17"><span class='ocrx_word' id='word_1_219' title='bbox 1909 1697 2050 1753; x_wconf 92' lang='lat' dir='ltr'><strong>hunc</strong></span> <span class='ocrx_word' id='word_1_220' title='bbox 2080 1698 2135 1752; x_wconf 93' lang='lat' dir='ltr'><strong>in</strong></span> <span class='ocrx_word' id='word_1_221' title='bbox 2164 1697 2388 1752; x_wconf 90' lang='lat' dir='ltr'><strong>modum</strong></span> <span class='ocrx_word' id='word_1_222' title='bbox 2411 1697 2732 1768; x_wconf 88' lang='lat' dir='ltr'><strong>scripsimus</strong></span> <span class='ocrx_word' id='word_1_223' title='bbox 2757 1700 2964 1766; x_wconf 83' lang='lat' dir='ltr'><strong>(anath.</strong></span> <span class='ocrx_word' id='word_1_224' title='bbox 2992 1696 3047 1766; x_wconf 75' lang='grc'><strong>4)</strong></span> <span class='ocrx_word' id='word_1_225' title='bbox 3077 1715 3090 1750; x_wconf 90' lang='lat'><strong>:</strong></span> <span class='ocrx_word' id='word_1_226' title='bbox 3119 1696 3175 1752; x_wconf 91' lang='lat' dir='ltr'><strong>Si</strong></span> <span class='ocrx_word' id='word_1_227' title='bbox 3199 1698 3324 1766; x_wconf 91' lang='lat' dir='ltr'><strong>quis</strong></span> <span class='ocrx_word' id='word_1_228' title='bbox 3346 1697 3480 1752; x_wconf 89' lang='lat' dir='ltr'><strong>dua-</strong></span> 
     </span>
    </p>
   </div>
   <div class='ocr_carea' id='block_1_34' title="bbox 212 1766 1810 1862">
    <p class='ocr_par' dir='ltr' id='par_1_34' title="bbox 212 1766 1797 1862">
     <span class='ocr_line' id='line_1_34' title="bbox 212 1766 1797 1862; baseline -0.003 -18"><span class='ocrx_word' id='word_1_229' title='bbox 212 1766 399 1854; x_wconf 77' lang='grc' dir='ltr'><strong>ἱὸικῶς</strong></span> <span class='ocrx_word' id='word_1_230' title='bbox 430 1788 739 1859; x_wconf 68' lang='grc' dir='ltr'><strong>νοουμένῳ,</strong></span> <span class='ocrx_word' id='word_1_231' title='bbox 764 1766 1100 1858; x_wconf 73' lang='grc' dir='ltr'><strong>προσάπτει,</strong></span> <span class='ocrx_word' id='word_1_232' title='bbox 1113 1789 1213 1853; x_wconf 84' lang='grc' dir='ltr'><strong>τὰς</strong></span> <span class='ocrx_word' id='word_1_233' title='bbox 1227 1789 1305 1854; x_wconf 83' lang='grc' dir='ltr'><strong>δὲ,</strong></span> <span class='ocrx_word' id='word_1_234' title='bbox 1319 1790 1396 1853; x_wconf 86' lang='grc' dir='ltr'><strong>ὡς</strong></span> <span class='ocrx_word' id='word_1_235' title='bbox 1417 1766 1738 1862; x_wconf 79' lang='grc' dir='ltr'><strong>θεοπρεπείς</strong></span> <span class='ocrx_word' id='word_1_236' title='bbox 1748 1800 1797 1858; x_wconf 71' lang='grc' dir='ltr'><strong>γ,</strong></span> 
     </span>
    </p>
   </div>
   <div class='ocr_carea' id='block_1_35' title="bbox 1909 1766 3476 1862">
    <p class='ocr_par' dir='ltr' id='par_1_35' title="bbox 1909 1766 3476 1858">
     <span class='ocr_line' id='line_1_35' title="bbox 1909 1766 3476 1858; baseline -0.001 -15"><span class='ocrx_word' id='word_1_237' title='bbox 1909 1789 2006 1844; x_wconf 91' lang='lat' dir='ltr'><strong>bus</strong></span> <span class='ocrx_word' id='word_1_238' title='bbox 2045 1789 2315 1858; x_wconf 84' lang='lat' dir='ltr'><strong>personis,</strong></span> <span class='ocrx_word' id='word_1_239' title='bbox 2343 1788 2398 1844; x_wconf 92' lang='lat' dir='ltr'><strong>id</strong></span> <span class='ocrx_word' id='word_1_240' title='bbox 2435 1766 2541 1844; x_wconf 22' lang='lat' dir='ltr'><strong>est“</strong></span> <span class='ocrx_word' id='word_1_241' title='bbox 2559 1788 2949 1852; x_wconf 86' lang='lat' dir='ltr'><strong>subsistentiis,</strong></span> <span class='ocrx_word' id='word_1_242' title='bbox 2975 1803 3138 1843; x_wconf 88' lang='lat' dir='ltr'><strong>voces</strong></span> <span class='ocrx_word' id='word_1_243' title='bbox 3160 1788 3476 1853; x_wconf 87' lang='lat' dir='ltr'><strong>distribuit;</strong></span> 
     </span>
    </p>
   </div>
   <div class='ocr_carea' id='block_1_36' title="bbox 216 1874 1800 1954">
    <p class='ocr_par' dir='ltr' id='par_1_36' title="bbox 216 1874 1800 1954">
     <span class='ocr_line' id='line_1_36' title="bbox 216 1874 1800 1954; baseline 0.002 -20"><span class='ocrx_word' id='word_1_244' title='bbox 216 1883 362 1954; x_wconf 80' lang='grc' dir='ltr'><strong>μόνῳ</strong></span> <span class='ocrx_word' id='word_1_245' title='bbox 403 1881 490 1952; x_wconf 81' lang='grc' dir='ltr'><strong>τῷ</strong></span> <span class='ocrx_word' id='word_1_246' title='bbox 532 1881 603 1934; x_wconf 77' lang='grc' dir='ltr'><strong>ὲκ</strong></span> <span class='ocrx_word' id='word_1_247' title='bbox 649 1879 788 1934; x_wconf 89' lang='grc' dir='ltr'><strong>Θεοῦ</strong></span> <span class='ocrx_word' id='word_1_248' title='bbox 821 1879 1034 1952; x_wconf 83' lang='grc' dir='ltr'><strong>[ἰατρὸς</strong></span> <span class='ocrx_word' id='word_1_249' title='bbox 1061 1882 1240 1952; x_wconf 84' lang='grc' dir='ltr'><strong>Λόγῳ,</strong></span> <span class='ocrx_word' id='word_1_250' title='bbox 1269 1874 1426 1944; x_wconf 72' lang='grc' dir='ltr'><strong>οὗτος</strong></span> <span class='ocrx_word' id='word_1_251' title='bbox 1455 1882 1595 1936; x_wconf 77' lang='grc' dir='ltr'><strong>ἔστω</strong></span> <span class='ocrx_word' id='word_1_252' title='bbox 1631 1882 1800 1937; x_wconf 81' lang='grc' dir='ltr'><strong>κατά-</strong></span> 
     </span>
    </p>
   </div>
   <div class='ocr_carea' id='block_1_37' title="bbox 215 1971 1803 2046">
    <p class='ocr_par' dir='ltr' id='par_1_37' title="bbox 215 1971 1803 2046">
     <span class='ocr_line' id='line_1_37' title="bbox 215 1971 1803 2046; baseline -0.001 -18"><span class='ocrx_word' id='word_1_253' title='bbox 215 1992 423 2046; x_wconf 82' lang='grc' dir='ltr'><strong>κριτος.</strong></span> <span class='ocrx_word' id='word_1_254' title='bbox 457 1971 667 2026; x_wconf 61' lang='grc' dir='ltr'>Φωνῶν</span> <span class='ocrx_word' id='word_1_255' title='bbox 702 1971 760 2025; x_wconf 76' lang='grc' dir='ltr'><strong>δὲ</strong></span> <span class='ocrx_word' id='word_1_256' title='bbox 798 1971 1061 2044; x_wconf 78' lang='grc' dir='ltr'><strong>διαφορὰς</strong></span> <span class='ocrx_word' id='word_1_257' title='bbox 1094 1973 1214 2026; x_wconf 83' lang='grc' dir='ltr'><strong>κατ’</strong></span> <span class='ocrx_word' id='word_1_258' title='bbox 1241 1972 1432 2027; x_wconf 76' lang='grc' dir='ltr'><strong>οὐδένα</strong></span> <span class='ocrx_word' id='word_1_259' title='bbox 1469 1973 1670 2043; x_wconf 81' lang='grc' dir='ltr'><strong>τρόπον</strong></span> <span class='ocrx_word' id='word_1_260' title='bbox 1706 1974 1803 2027; x_wconf 80' lang='grc' dir='ltr'><strong>ἀν-</strong></span> 
     </span>
    </p>
   </div>
   <div class='ocr_carea' id='block_1_38' title="bbox 213 2061 1802 2139">
    <p class='ocr_par' dir='ltr' id='par_1_38' title="bbox 213 2061 1802 2139">
     <span class='ocr_line' id='line_1_38' title="bbox 213 2061 1802 2139; baseline -0.003 -17"><span class='ocrx_word' id='word_1_261' title='bbox 213 2070 531 2139; x_wconf 70' lang='grc' dir='ltr'><strong>ῃρήκαμεν·</strong></span> <span class='ocrx_word' id='word_1_262' title='bbox 556 2065 610 2116; x_wconf 75' lang='grc' dir='ltr'><strong>εἰ</strong></span> <span class='ocrx_word' id='word_1_263' title='bbox 649 2061 744 2114; x_wconf 74' lang='grc' dir='ltr'><strong>καὶ</strong></span> <span class='ocrx_word' id='word_1_264' title='bbox 771 2063 1078 2133; x_wconf 76' lang='grc' dir='ltr'><strong>ἀπόϐλητον</strong></span> <span class='ocrx_word' id='word_1_265' title='bbox 1103 2064 1449 2135; x_wconf 82' lang='grc' dir='ltr'><strong>πεποιήμεθα</strong></span> <span class='ocrx_word' id='word_1_266' title='bbox 1472 2064 1534 2118; x_wconf 88' lang='grc' dir='ltr'><strong>τὸ</strong></span> <span class='ocrx_word' id='word_1_267' title='bbox 1558 2062 1802 2136; x_wconf 80' lang='grc' dir='ltr'><strong>μερίζειν</strong></span> 
     </span>
    </p>
   </div>
   <div class='ocr_carea' id='block_1_39' title="bbox 219 2153 1800 2227">
    <p class='ocr_par' dir='ltr' id='par_1_39' title="bbox 219 2153 1800 2227">
     <span class='ocr_line' id='line_1_39' title="bbox 219 2153 1800 2227; baseline -0.001 -18"><span class='ocrx_word' id='word_1_268' title='bbox 219 2157 407 2219; x_wconf 69' lang='grc' dir='ltr'><strong>αὑτὰς,</strong></span> <span class='ocrx_word' id='word_1_269' title='bbox 440 2157 521 2218; x_wconf 84' lang='grc' dir='ltr'>ὡς</span> <span class='ocrx_word' id='word_1_270' title='bbox 556 2154 676 2225; x_wconf 78' lang='grc' dir='ltr'><strong>Υῐῷ</strong></span> <span class='ocrx_word' id='word_1_271' title='bbox 700 2154 1040 2225; x_wconf 84' lang='grc' dir='ltr'><strong>καταμόνας,</strong></span> <span class='ocrx_word' id='word_1_272' title='bbox 1064 2153 1141 2225; x_wconf 82' lang='grc' dir='ltr'><strong>τῷ</strong></span> <span class='ocrx_word' id='word_1_273' title='bbox 1157 2155 1221 2208; x_wconf 78' lang='grc' dir='ltr'><strong>ἐκ</strong></span> <span class='ocrx_word' id='word_1_274' title='bbox 1251 2155 1465 2226; x_wconf 88' lang='grc' dir='ltr'><strong>Πατρὸς</strong></span> <span class='ocrx_word' id='word_1_275' title='bbox 1485 2155 1663 2227; x_wconf 85' lang='grc' dir='ltr'>Λόγῳ,</span> <span class='ocrx_word' id='word_1_276' title='bbox 1684 2155 1800 2220; x_wconf 81' lang='grc' dir='ltr'><strong>καὶ,</strong></span> 
     </span>
    </p>
   </div>
   <div class='ocr_carea' id='block_1_40' title="bbox 217 2243 1804 2317">
    <p class='ocr_par' dir='ltr' id='par_1_40' title="bbox 217 2243 1804 2317">
     <span class='ocr_line' id='line_1_40' title="bbox 217 2243 1804 2317; baseline 0.001 -18"><span class='ocrx_word' id='word_1_277' title='bbox 217 2247 290 2309; x_wconf 80' lang='grc' dir='ltr'><strong>ὡς</strong></span> <span class='ocrx_word' id='word_1_278' title='bbox 318 2245 600 2317; x_wconf 72' lang='grc' dir='ltr'><strong>ἀνθρώπῳ</strong></span> <span class='ocrx_word' id='word_1_279' title='bbox 635 2243 952 2314; x_wconf 79' lang='grc' dir='ltr'>καταμόνας</span> <span class='ocrx_word' id='word_1_280' title='bbox 977 2243 1140 2298; x_wconf 78' lang='grc' dir='ltr'><strong>πάλιν</strong></span> <span class='ocrx_word' id='word_1_281' title='bbox 1166 2243 1281 2316; x_wconf 80' lang='grc' dir='ltr'><strong>Υἱῷ</strong></span> <span class='ocrx_word' id='word_1_282' title='bbox 1316 2246 1610 2316; x_wconf 81' lang='grc' dir='ltr'><strong>νοουμένῳ,</strong></span> <span class='ocrx_word' id='word_1_283' title='bbox 1641 2245 1720 2317; x_wconf 85' lang='grc' dir='ltr'><strong>τῷ</strong></span> <span class='ocrx_word' id='word_1_284' title='bbox 1739 2247 1804 2300; x_wconf 77' lang='grc' dir='ltr'><strong>ὲκ</strong></span> 
     </span>
    </p>
   </div>
   <div class='ocr_carea' id='block_1_41' title="bbox 222 2334 1831 2428">
    <p class='ocr_par' dir='ltr' id='par_1_41' title="bbox 222 2334 1831 2428">
     <span class='ocr_line' id='line_1_41' title="bbox 222 2334 1831 2428; baseline -0.001 -37"><span class='ocrx_word' id='word_1_285' title='bbox 222 2337 500 2405; x_wconf 77' lang='grc' dir='ltr'><strong>γυναικός.</strong></span> <span class='ocrx_word' id='word_1_286' title='bbox 541 2336 663 2390; x_wconf 74' lang='grc' dir='ltr'><strong>Μία</strong></span> <span class='ocrx_word' id='word_1_287' title='bbox 682 2335 794 2407; x_wconf 79' lang='grc' dir='ltr'><strong>γὰρ</strong></span> <span class='ocrx_word' id='word_1_288' title='bbox 829 2334 1280 2406; x_wconf 83' lang='grc' dir='ltr'><strong>ὁμολογουμένως</strong></span> <span class='ocrx_word' id='word_1_289' title='bbox 1309 2337 1343 2407; x_wconf 82' lang='grc' dir='ltr'><strong>ἡ</strong></span> <span class='ocrx_word' id='word_1_290' title='bbox 1371 2336 1463 2390; x_wconf 91' lang='grc' dir='ltr'><strong>τοῦ</strong></span> <span class='ocrx_word' id='word_1_291' title='bbox 1494 2337 1670 2406; x_wconf 91' lang='grc' dir='ltr'>Λόγου</span> <span class='ocrx_word' id='word_1_292' title='bbox 1703 2337 1831 2428; x_wconf 58' lang='grc' dir='ltr'><strong>(φῦ-ς</strong></span> 
     </span>
    </p>
   </div>
   <div class='ocr_carea' id='block_1_42' title="bbox 226 2427 1830 2502">
    <p class='ocr_par' dir='ltr' id='par_1_42' title="bbox 226 2427 1830 2502">
     <span class='ocr_line' id='line_1_42' title="bbox 226 2427 1830 2502; baseline 0.001 -21"><span class='ocrx_word' id='word_1_293' title='bbox 226 2444 336 2490; x_wconf 79' lang='grc' dir='ltr'><strong>σις’</strong></span> <span class='ocrx_word' id='word_1_294' title='bbox 375 2430 536 2498; x_wconf 69' lang='grc' dir='ltr'><strong>ἴσμεν</strong></span> <span class='ocrx_word' id='word_1_295' title='bbox 570 2428 655 2490; x_wconf 80' lang='grc' dir='ltr'><strong>δὲ,</strong></span> <span class='ocrx_word' id='word_1_296' title='bbox 697 2428 780 2480; x_wconf 86' lang='grc' dir='ltr'><strong>ὃτι</strong></span> <span class='ocrx_word' id='word_1_297' title='bbox 817 2427 1162 2499; x_wconf 84' lang='grc' dir='ltr'><strong>σεσάρκωταί</strong></span> <span class='ocrx_word' id='word_1_298' title='bbox 1182 2445 1242 2481; x_wconf 84' lang='grc' dir='ltr'><strong>τε</strong></span> <span class='ocrx_word' id='word_1_299' title='bbox 1270 2428 1364 2482; x_wconf 83' lang='grc' dir='ltr'><strong>καὶ</strong></span> <span class='ocrx_word' id='word_1_300' title='bbox 1392 2429 1830 2502; x_wconf 69' lang='grc' dir='ltr'><strong>ὲνηνθρώπησε,,ι</strong></span> 
     </span>
    </p>
   </div>
   <div class='ocr_carea' id='block_1_43' title="bbox 223 2517 1820 2594">
    <p class='ocr_par' dir='ltr' id='par_1_43' title="bbox 223 2517 1820 2594">
     <span class='ocr_line' id='line_1_43' title="bbox 223 2517 1820 2594; baseline -0.002 -21"><span class='ocrx_word' id='word_1_301' title='bbox 223 2520 474 2590; x_wconf 72' lang='grc' dir='ltr'><strong>καθάπερ</strong></span> <span class='ocrx_word' id='word_1_302' title='bbox 498 2519 610 2590; x_wconf 63' lang='grc' dir='ltr'><strong>ἤδη</strong></span> <span class='ocrx_word' id='word_1_303' title='bbox 635 2521 924 2589; x_wconf 86' lang='grc' dir='ltr'><strong>προεῖπον.</strong></span> <span class='ocrx_word' id='word_1_304' title='bbox 959 2517 1066 2571; x_wconf 89' lang='grc' dir='ltr'><strong>Τὸν</strong></span> <span class='ocrx_word' id='word_1_305' title='bbox 1092 2517 1150 2571; x_wconf 83' lang='grc' dir='ltr'>δὲ</span> <span class='ocrx_word' id='word_1_306' title='bbox 1180 2519 1400 2590; x_wconf 84' lang='grc' dir='ltr'><strong>τρόπον,</strong></span> <span class='ocrx_word' id='word_1_307' title='bbox 1422 2521 1482 2575; x_wconf 83' lang='grc' dir='ltr'><strong>ὃν</strong></span> <span class='ocrx_word' id='word_1_308' title='bbox 1516 2521 1820 2594; x_wconf 80' lang='grc' dir='ltr'><strong>ἐσαρκώθη;</strong></span> 
     </span>
    </p>
   </div>
   <div class='ocr_carea' id='block_1_44' title="bbox 222 2609 1821 2685">
    <p class='ocr_par' dir='ltr' id='par_1_44' title="bbox 222 2609 1821 2685">
     <span class='ocr_line' id='line_1_44' title="bbox 222 2609 1821 2685; baseline 0.001 -23"><span class='ocrx_word' id='word_1_309' title='bbox 222 2627 278 2663; x_wconf 82' lang='grc' dir='ltr'><strong>τε</strong></span> <span class='ocrx_word' id='word_1_310' title='bbox 309 2613 400 2664; x_wconf 71' lang='grc' dir='ltr'><strong>καὶ</strong></span> <span class='ocrx_word' id='word_1_311' title='bbox 423 2609 596 2681; x_wconf 68' lang='grc' dir='ltr'><strong>ἐνηνο</strong></span> <span class='ocrx_word' id='word_1_312' title='bbox 606 2609 886 2680; x_wconf 79' lang='grc' dir='ltr'><strong>ρώπησεν,</strong></span> <span class='ocrx_word' id='word_1_313' title='bbox 907 2611 957 2662; x_wconf 78' lang='grc' dir='ltr'><strong>εἰ</strong></span> <span class='ocrx_word' id='word_1_314' title='bbox 981 2611 1397 2682; x_wconf 79' lang='grc' dir='ltr'><strong>περιεργάζοιτό</strong></span> <span class='ocrx_word' id='word_1_315' title='bbox 1419 2629 1520 2679; x_wconf 92' lang='grc' dir='ltr'><strong>τις,</strong></span> <span class='ocrx_word' id='word_1_316' title='bbox 1539 2609 1821 2685; x_wconf 67' lang='grc' dir='ltr'><strong>καταθρήέ</strong></span> 
     </span>
    </p>
   </div>
   <div class='ocr_carea' id='block_1_45' title="bbox 227 2699 1808 2771">
    <p class='ocr_par' dir='ltr' id='par_1_45' title="bbox 227 2699 1808 2771">
     <span class='ocr_line' id='line_1_45' title="bbox 227 2699 1808 2771; baseline 0.004 -18"><span class='ocrx_word' id='word_1_317' title='bbox 227 2718 365 2754; x_wconf 81' lang='grc' dir='ltr'><strong>σειεν</strong></span> <span class='ocrx_word' id='word_1_318' title='bbox 392 2701 461 2755; x_wconf 80' lang='grc' dir='ltr'><strong>ἂν</strong></span> <span class='ocrx_word' id='word_1_319' title='bbox 490 2702 591 2754; x_wconf 84' lang='grc' dir='ltr'><strong>τὸν</strong></span> <span class='ocrx_word' id='word_1_320' title='bbox 627 2703 692 2753; x_wconf 80' lang='grc' dir='ltr'><strong>ὲκ</strong></span> <span class='ocrx_word' id='word_1_321' title='bbox 719 2699 855 2753; x_wconf 89' lang='grc' dir='ltr'><strong>Θεοῦ</strong></span> <span class='ocrx_word' id='word_1_322' title='bbox 883 2701 1017 2755; x_wconf 83' lang='grc' dir='ltr'><strong>Θεὸν</strong></span> <span class='ocrx_word' id='word_1_323' title='bbox 1056 2702 1227 2771; x_wconf 91' lang='grc' dir='ltr'>Λόγον</span> <span class='ocrx_word' id='word_1_324' title='bbox 1251 2701 1438 2756; x_wconf 81' lang='grc' dir='ltr'>δούλου</span> <span class='ocrx_word' id='word_1_325' title='bbox 1468 2720 1526 2757; x_wconf 90' lang='grc' dir='ltr'><strong>τε</strong></span> <span class='ocrx_word' id='word_1_326' title='bbox 1574 2702 1808 2759; x_wconf 74' lang='grc' dir='ltr'><strong>λαϐόντα</strong></span> 
     </span>
    </p>
   </div>
   <div class='ocr_carea' id='block_1_46' title="bbox 229 2791 1804 2867">
    <p class='ocr_par' dir='ltr' id='par_1_46' title="bbox 229 2791 1804 2867">
     <span class='ocr_line' id='line_1_46' title="bbox 229 2791 1804 2867; baseline 0.003 -23"><span class='ocrx_word' id='word_1_327' title='bbox 229 2792 460 2862; x_wconf 70' lang='grc' dir='ltr'><strong>μορφὴν,</strong></span> <span class='ocrx_word' id='word_1_328' title='bbox 514 2793 618 2845; x_wconf 73' lang='grc' dir='ltr'><strong>καὶ</strong></span> <span class='ocrx_word' id='word_1_329' title='bbox 665 2795 727 2844; x_wconf 85' lang='grc' dir='ltr'><strong>ὲν</strong></span> <span class='ocrx_word' id='word_1_330' title='bbox 768 2791 1076 2864; x_wconf 76' lang='grc' dir='ltr'><strong>ὁμοιώματι</strong></span> <span class='ocrx_word' id='word_1_331' title='bbox 1125 2794 1430 2866; x_wconf 80' lang='grc' dir='ltr'><strong>ἀνθρώπων</strong></span> <span class='ocrx_word' id='word_1_332' title='bbox 1474 2797 1804 2867; x_wconf 86' lang='grc' dir='ltr'><strong>γενόμενον,</strong></span> 
     </span>
    </p>
   </div>
   <div class='ocr_carea' id='block_1_47' title="bbox 1903 1878 3476 1949">
    <p class='ocr_par' dir='ltr' id='par_1_47' title="bbox 1903 1878 3476 1949">
     <span class='ocr_line' id='line_1_47' title="bbox 1903 1878 3476 1949; baseline -0.002 -14"><span class='ocrx_word' id='word_1_333' title='bbox 1903 1888 1961 1935; x_wconf 88' lang='lat' dir='ltr'><strong>et</strong></span> <span class='ocrx_word' id='word_1_334' title='bbox 1986 1879 2126 1933; x_wconf 88' lang='lat' dir='ltr'><strong>alias</strong></span> <span class='ocrx_word' id='word_1_335' title='bbox 2154 1879 2376 1948; x_wconf 89' lang='lat' dir='ltr'><strong>quidem</strong></span> <span class='ocrx_word' id='word_1_336' title='bbox 2403 1887 2661 1949; x_wconf 88' lang='lat' dir='ltr'><strong>tanquam</strong></span> <span class='ocrx_word' id='word_1_337' title='bbox 2697 1878 2905 1934; x_wconf 84' lang='lat' dir='ltr'><strong>homini</strong></span> <span class='ocrx_word' id='word_1_338' title='bbox 2931 1893 3180 1938; x_wconf 87' lang='lat' dir='ltr'><strong>seorsum</strong></span> <span class='ocrx_word' id='word_1_339' title='bbox 3216 1894 3247 1932; x_wconf 88' lang='lat' dir='ltr'><strong>a</strong></span> <span class='ocrx_word' id='word_1_340' title='bbox 3273 1879 3476 1942; x_wconf 85' lang='lat' dir='ltr'><strong>Verbo,</strong></span> 
     </span>
    </p>
   </div>
   <div class='ocr_carea' id='block_1_48' title="bbox 1900 1970 3481 2042">
    <p class='ocr_par' dir='ltr' id='par_1_48' title="bbox 1900 1970 3481 2042">
     <span class='ocr_line' id='line_1_48' title="bbox 1900 1970 3481 2042; baseline -0.001 -16"><span class='ocrx_word' id='word_1_341' title='bbox 1900 1971 2047 2042; x_wconf 91' lang='lat' dir='ltr'><strong>quod</strong></span> <span class='ocrx_word' id='word_1_342' title='bbox 2070 1987 2138 2028; x_wconf 79' lang='lat' dir='ltr'><strong>ex</strong></span> <span class='ocrx_word' id='word_1_343' title='bbox 2163 1972 2275 2026; x_wconf 90' lang='lat' dir='ltr'><strong>Deo</strong></span> <span class='ocrx_word' id='word_1_344' title='bbox 2297 1972 2460 2026; x_wconf 87' lang='lat' dir='ltr'><strong>Patre</strong></span> <span class='ocrx_word' id='word_1_345' title='bbox 2485 1980 2588 2037; x_wconf 89' lang='lat' dir='ltr'><strong>est,</strong></span> <span class='ocrx_word' id='word_1_346' title='bbox 2615 1971 2892 2026; x_wconf 89' lang='lat' dir='ltr'><strong>intellecto</strong></span> <span class='ocrx_word' id='word_1_347' title='bbox 2912 1970 3317 2036; x_wconf 88' lang='lat' dir='ltr'><strong>accommodat;</strong></span> <span class='ocrx_word' id='word_1_348' title='bbox 3343 1970 3481 2025; x_wconf 88' lang='lat' dir='ltr'><strong>alias</strong></span> 
     </span>
    </p>
   </div>
   <div class='ocr_carea' id='block_1_49' title="bbox 1900 2060 3481 2134">
    <p class='ocr_par' dir='ltr' id='par_1_49' title="bbox 1900 2060 3481 2134">
     <span class='ocr_line' id='line_1_49' title="bbox 1900 2060 3481 2134; baseline -0.003 -16"><span class='ocrx_word' id='word_1_349' title='bbox 1900 2079 2055 2129; x_wconf 90' lang='lat' dir='ltr'><strong>vero,</strong></span> <span class='ocrx_word' id='word_1_350' title='bbox 2084 2074 2144 2119; x_wconf 93' lang='lat' dir='ltr'><strong>ut</strong></span> <span class='ocrx_word' id='word_1_351' title='bbox 2183 2078 2305 2134; x_wconf 66' lang='lat' dir='ltr'><strong>quae</strong></span> <span class='ocrx_word' id='word_1_352' title='bbox 2346 2063 2521 2118; x_wconf 89' lang='lat' dir='ltr'><strong>Deum</strong></span> <span class='ocrx_word' id='word_1_353' title='bbox 2562 2062 2814 2128; x_wconf 89' lang='lat' dir='ltr'><strong>deceant,</strong></span> <span class='ocrx_word' id='word_1_354' title='bbox 2839 2062 2941 2116; x_wconf 90' lang='lat' dir='ltr'><strong>soli</strong></span> <span class='ocrx_word' id='word_1_355' title='bbox 2975 2061 3074 2116; x_wconf 90' lang='lat' dir='ltr'><strong>Dei</strong></span> <span class='ocrx_word' id='word_1_356' title='bbox 3099 2060 3278 2116; x_wconf 88' lang='lat' dir='ltr'><strong>Patris</strong></span> <span class='ocrx_word' id='word_1_357' title='bbox 3299 2061 3481 2116; x_wconf 87' lang='lat' dir='ltr'><strong>Verbo</strong></span> 
     </span>
    </p>
   </div>
   <div class='ocr_carea' id='block_1_50' title="bbox 1901 2151 3481 2226">
    <p class='ocr_par' dir='ltr' id='par_1_50' title="bbox 1901 2151 3481 2226">
     <span class='ocr_line' id='line_1_50' title="bbox 1901 2151 3481 2226; baseline -0.002 -16"><span class='ocrx_word' id='word_1_358' title='bbox 1901 2155 2141 2226; x_wconf 87' lang='lat' dir='ltr'><strong>adaptat,</strong></span> <span class='ocrx_word' id='word_1_359' title='bbox 2172 2154 2508 2210; x_wconf 88' lang='lat' dir='ltr'><strong>damnationi</strong></span> <span class='ocrx_word' id='word_1_360' title='bbox 2536 2154 2607 2209; x_wconf 91' lang='lat' dir='ltr'><strong>sit</strong></span> <span class='ocrx_word' id='word_1_361' title='bbox 2635 2154 2725 2208; x_wconf 94' lang='lat' dir='ltr'><strong>ille</strong></span> <span class='ocrx_word' id='word_1_362' title='bbox 2747 2153 3036 2209; x_wconf 77' lang='lat' dir='ltr'><strong>obnoxius.</strong></span> <span class='ocrx_word' id='word_1_363' title='bbox 3063 2151 3323 2219; x_wconf 85' lang='lat' dir='ltr'><strong>Quamvis</strong></span> <span class='ocrx_word' id='word_1_364' title='bbox 3346 2167 3481 2223; x_wconf 84' lang='lat' dir='ltr'><strong>ergo</strong></span> 
     </span>
    </p>
   </div>
   <div class='ocr_carea' id='block_1_51' title="bbox 1901 2243 3482 2316">
    <p class='ocr_par' dir='ltr' id='par_1_51' title="bbox 1901 2243 3482 2316">
     <span class='ocr_line' id='line_1_51' title="bbox 1901 2243 3482 2316; baseline -0.004 -13"><span class='ocrx_word' id='word_1_365' title='bbox 1901 2261 1998 2304; x_wconf 91' lang='lat' dir='ltr'><strong>eos</strong></span> <span class='ocrx_word' id='word_1_366' title='bbox 2036 2247 2390 2312; x_wconf 86' lang='lat' dir='ltr'><strong>damnemus,</strong></span> <span class='ocrx_word' id='word_1_367' title='bbox 2431 2245 2526 2316; x_wconf 89' lang='lat' dir='ltr'><strong>qui</strong></span> <span class='ocrx_word' id='word_1_368' title='bbox 2570 2261 2733 2300; x_wconf 88' lang='lat' dir='ltr'><strong>voces</strong></span> <span class='ocrx_word' id='word_1_369' title='bbox 2776 2245 2852 2300; x_wconf 92' lang='lat' dir='ltr'><strong>ita</strong></span> <span class='ocrx_word' id='word_1_370' title='bbox 2893 2252 3218 2307; x_wconf 87' lang='lat' dir='ltr'><strong>secernunt,</strong></span> <span class='ocrx_word' id='word_1_371' title='bbox 3249 2252 3310 2297; x_wconf 90' lang='lat' dir='ltr'><strong>ut</strong></span> <span class='ocrx_word' id='word_1_372' title='bbox 3345 2243 3482 2298; x_wconf 90' lang='lat' dir='ltr'><strong>alias</strong></span> 
     </span>
    </p>
   </div>
   <div class='ocr_carea' id='block_1_52' title="bbox 1901 2336 3482 2401">
    <p class='ocr_par' dir='ltr' id='par_1_52' title="bbox 1901 2336 3482 2401">
     <span class='ocr_line' id='line_1_52' title="bbox 1901 2336 3482 2401; baseline -0.003 -8"><span class='ocrx_word' id='word_1_373' title='bbox 1901 2339 2132 2393; x_wconf 89' lang='lat' dir='ltr'><strong>scorsim</strong></span> <span class='ocrx_word' id='word_1_374' title='bbox 2161 2339 2257 2392; x_wconf 90' lang='lat' dir='ltr'><strong>Dei</strong></span> <span class='ocrx_word' id='word_1_375' title='bbox 2283 2338 2462 2394; x_wconf 88' lang='lat' dir='ltr'><strong>Verbo</strong></span> <span class='ocrx_word' id='word_1_376' title='bbox 2481 2353 2550 2392; x_wconf 79' lang='lat' dir='ltr'><strong>ex</strong></span> <span class='ocrx_word' id='word_1_377' title='bbox 2571 2338 2729 2392; x_wconf 89' lang='lat' dir='ltr'><strong>Patre</strong></span> <span class='ocrx_word' id='word_1_378' title='bbox 2752 2345 2902 2401; x_wconf 88' lang='lat' dir='ltr'><strong>nato,</strong></span> <span class='ocrx_word' id='word_1_379' title='bbox 2929 2336 3062 2391; x_wconf 89' lang='lat' dir='ltr'><strong>alias</strong></span> <span class='ocrx_word' id='word_1_380' title='bbox 3087 2351 3304 2390; x_wconf 90' lang='lat' dir='ltr'><strong>rursum</strong></span> <span class='ocrx_word' id='word_1_381' title='bbox 3332 2350 3482 2390; x_wconf 85' lang='lat' dir='ltr'><strong>seor-</strong></span> 
     </span>
    </p>
   </div>
   <div class='ocr_carea' id='block_1_53' title="bbox 1903 2429 3482 2492">
    <p class='ocr_par' dir='ltr' id='par_1_53' title="bbox 1903 2429 3482 2492">
     <span class='ocr_line' id='line_1_53' title="bbox 1903 2429 3482 2492; baseline -0.003 -8"><span class='ocrx_word' id='word_1_382' title='bbox 1903 2430 2004 2484; x_wconf 89' lang='lat' dir='ltr'><strong>sim</strong></span> <span class='ocrx_word' id='word_1_383' title='bbox 2031 2429 2240 2485; x_wconf 91' lang='lat' dir='ltr'><strong>homini</strong></span> <span class='ocrx_word' id='word_1_384' title='bbox 2266 2445 2332 2484; x_wconf 80' lang='lat' dir='ltr'><strong>ex</strong></span> <span class='ocrx_word' id='word_1_385' title='bbox 2352 2430 2585 2484; x_wconf 90' lang='lat' dir='ltr'><strong>muliere</strong></span> <span class='ocrx_word' id='word_1_386' title='bbox 2609 2437 2730 2484; x_wconf 87' lang='lat' dir='ltr'><strong>orto</strong></span> <span class='ocrx_word' id='word_1_387' title='bbox 2752 2429 3053 2492; x_wconf 86' lang='lat' dir='ltr'><strong>ascribant,</strong></span> <span class='ocrx_word' id='word_1_388' title='bbox 3079 2442 3275 2481; x_wconf 92' lang='lat' dir='ltr'><strong>vocum</strong></span> <span class='ocrx_word' id='word_1_389' title='bbox 3296 2435 3482 2481; x_wconf 87' lang='lat' dir='ltr'><strong>tamen</strong></span> 
     </span>
    </p>
   </div>
   <div class='ocr_carea' id='block_1_54' title="bbox 1903 2519 3482 2578">
    <p class='ocr_par' dir='ltr' id='par_1_54' title="bbox 1903 2519 3482 2578">
     <span class='ocr_line' id='line_1_54' title="bbox 1903 2519 3482 2578; baseline -0.002 -2"><span class='ocrx_word' id='word_1_390' title='bbox 1903 2520 2242 2578; x_wconf 63' lang='lat' dir='ltr'><strong>differentias</strong></span> <span class='ocrx_word' id='word_1_391' title='bbox 2263 2523 2576 2577; x_wconf 91' lang='lat' dir='ltr'><strong>nullatenus</strong></span> <span class='ocrx_word' id='word_1_392' title='bbox 2599 2521 2938 2578; x_wconf 88' lang='lat' dir='ltr'><strong>sustulimus.</strong></span> <span class='ocrx_word' id='word_1_393' title='bbox 2957 2520 3130 2576; x_wconf 90' lang='lat' dir='ltr'><strong>Unam</strong></span> <span class='ocrx_word' id='word_1_394' title='bbox 3153 2519 3301 2574; x_wconf 91' lang='lat' dir='ltr'><strong>enim</strong></span> <span class='ocrx_word' id='word_1_395' title='bbox 3317 2519 3482 2574; x_wconf 82' lang='lat' dir='ltr'><strong>Verbi</strong></span> 
     </span>
    </p>
   </div>
   <div class='ocr_carea' id='block_1_55' title="bbox 1903 2611 3483 2678">
    <p class='ocr_par' dir='ltr' id='par_1_55' title="bbox 1903 2611 3483 2678">
     <span class='ocr_line' id='line_1_55' title="bbox 1903 2611 3483 2678; baseline -0.003 -11"><span class='ocrx_word' id='word_1_396' title='bbox 1903 2621 2154 2668; x_wconf 90' lang='lat' dir='ltr'><strong>naturam</strong></span> <span class='ocrx_word' id='word_1_397' title='bbox 2179 2628 2300 2668; x_wconf 90' lang='lat' dir='ltr'><strong>esse</strong></span> <span class='ocrx_word' id='word_1_398' title='bbox 2326 2613 2693 2669; x_wconf 90' lang='lat' dir='ltr'><strong>certissimum</strong></span> <span class='ocrx_word' id='word_1_399' title='bbox 2721 2620 2837 2678; x_wconf 90' lang='lat' dir='ltr'><strong>est;</strong></span> <span class='ocrx_word' id='word_1_400' title='bbox 2871 2611 2966 2667; x_wconf 88' lang='lat' dir='ltr'><strong>sed</strong></span> <span class='ocrx_word' id='word_1_401' title='bbox 2997 2627 3119 2666; x_wconf 90' lang='lat' dir='ltr'><strong>eam</strong></span> <span class='ocrx_word' id='word_1_402' title='bbox 3145 2611 3483 2665; x_wconf 76' lang='lat' dir='ltr'><strong>incantatam</strong></span> 
     </span>
    </p>
   </div>
   <div class='ocr_carea' id='block_1_56' title="bbox 1904 2691 3483 2774">
    <p class='ocr_par' dir='ltr' id='par_1_56' title="bbox 1904 2691 3483 2774">
     <span class='ocr_line' id='line_1_56' title="bbox 1904 2691 3483 2774; baseline -0.005 -13"><span class='ocrx_word' id='word_1_403' title='bbox 1904 2691 1960 2761; x_wconf 87' lang='lat' dir='ltr'><strong>ct</strong></span> <span class='ocrx_word' id='word_1_404' title='bbox 2002 2706 2356 2760; x_wconf 87' lang='lat' dir='ltr'><strong>humanatam</strong></span> <span class='ocrx_word' id='word_1_405' title='bbox 2397 2705 2684 2769; x_wconf 79' lang='lat' dir='ltr'><strong>novimus,</strong></span> <span class='ocrx_word' id='word_1_406' title='bbox 2729 2710 2791 2758; x_wconf 92' lang='lat' dir='ltr'><strong>ut</strong></span> <span class='ocrx_word' id='word_1_407' title='bbox 2823 2704 2935 2774; x_wconf 89' lang='lat' dir='ltr'><strong>jam</strong></span> <span class='ocrx_word' id='word_1_408' title='bbox 2971 2702 3104 2756; x_wconf 80' lang='lat' dir='ltr'><strong>dixi.</strong></span> <span class='ocrx_word' id='word_1_409' title='bbox 3135 2701 3254 2767; x_wconf 86' lang='lat' dir='ltr'><strong>Quo</strong></span> <span class='ocrx_word' id='word_1_410' title='bbox 3299 2708 3483 2754; x_wconf 88' lang='lat' dir='ltr'><strong>autem</strong></span> 
     </span>
    </p>
   </div>
   <div class='ocr_carea' id='block_1_57' title="bbox 1905 2792 3486 2862">
    <p class='ocr_par' dir='ltr' id='par_1_57' title="bbox 1905 2792 3486 2862">
     <span class='ocr_line' id='line_1_57' title="bbox 1905 2792 3486 2862; baseline -0.004 -10"><span class='ocrx_word' id='word_1_411' title='bbox 1905 2797 2070 2852; x_wconf 92' lang='lat' dir='ltr'><strong>modo</strong></span> <span class='ocrx_word' id='word_1_412' title='bbox 2110 2798 2388 2852; x_wconf 87' lang='lat' dir='ltr'><strong>incamata</strong></span> <span class='ocrx_word' id='word_1_413' title='bbox 2427 2796 2498 2850; x_wconf 86' lang='lat' dir='ltr'><strong>sit</strong></span> <span class='ocrx_word' id='word_1_414' title='bbox 2527 2803 2584 2852; x_wconf 91' lang='lat' dir='ltr'><strong>et</strong></span> <span class='ocrx_word' id='word_1_415' title='bbox 2624 2795 2941 2859; x_wconf 83' lang='lat' dir='ltr'><strong>humanata,</strong></span> <span class='ocrx_word' id='word_1_416' title='bbox 2973 2793 3019 2846; x_wconf 92' lang='lat' dir='ltr'><strong>si</strong></span> <span class='ocrx_word' id='word_1_417' title='bbox 3046 2793 3170 2862; x_wconf 92' lang='lat' dir='ltr'><strong>quis</strong></span> <span class='ocrx_word' id='word_1_418' title='bbox 3213 2792 3486 2846; x_wconf 90' lang='lat' dir='ltr'><strong>curiosius</strong></span> 
     </span>
    </p>
   </div>
   <div class='ocr_carea' id='block_1_58' title="bbox 227 2879 1810 2958">
    <p class='ocr_par' dir='ltr' id='par_1_58' title="bbox 227 2882 1808 2958">
     <span class='ocr_line' id='line_1_58' title="bbox 227 2882 1808 2958; baseline 0.004 -24"><span class='ocrx_word' id='word_1_419' title='bbox 227 2882 365 2935; x_wconf 70' lang='grc' dir='ltr'><strong>καθ-ὰ</strong></span> <span class='ocrx_word' id='word_1_420' title='bbox 393 2884 740 2954; x_wconf 80' lang='grc' dir='ltr'><strong>γέγραπται.</strong></span> <span class='ocrx_word' id='word_1_421' title='bbox 778 2883 888 2937; x_wconf 78' lang='grc' dir='ltr'><strong>Καὶ</strong></span> <span class='ocrx_word' id='word_1_422' title='bbox 926 2885 1046 2937; x_wconf 81' lang='grc' dir='ltr'><strong>κατ’</strong></span> <span class='ocrx_word' id='word_1_423' title='bbox 1085 2884 1218 2938; x_wconf 82' lang='grc' dir='ltr'><strong>αὐτὸ</strong></span> <span class='ocrx_word' id='word_1_424' title='bbox 1249 2885 1312 2956; x_wconf 86' lang='grc' dir='ltr'><strong>δὴ</strong></span> <span class='ocrx_word' id='word_1_425' title='bbox 1340 2885 1497 2940; x_wconf 89' lang='grc' dir='ltr'><strong>τοῦτο</strong></span> <span class='ocrx_word' id='word_1_426' title='bbox 1525 2888 1619 2941; x_wconf 75' lang='grc' dir='ltr'><strong>καὶ</strong></span> <span class='ocrx_word' id='word_1_427' title='bbox 1647 2887 1808 2958; x_wconf 91' lang='grc' dir='ltr'><strong>μόνον</strong></span> 
     </span>
    </p>
   </div>
   <div class='ocr_carea' id='block_1_59' title="bbox 1909 2879 3486 2958">
    <p class='ocr_par' dir='ltr' id='par_1_59' title="bbox 1909 2879 3486 2957">
     <span class='ocr_line' id='line_1_59' title="bbox 1909 2879 3486 2957; baseline -0.004 -16"><span class='ocrx_word' id='word_1_428' title='bbox 1909 2887 2167 2957; x_wconf 89' lang='lat' dir='ltr'><strong>inquirat,</strong></span> <span class='ocrx_word' id='word_1_429' title='bbox 2199 2886 2252 2940; x_wconf 92' lang='lat' dir='ltr'><strong>ei</strong></span> <span class='ocrx_word' id='word_1_430' title='bbox 2295 2883 2754 2940; x_wconf 87' lang='lat' dir='ltr'><strong>considerandum</strong></span> <span class='ocrx_word' id='word_1_431' title='bbox 2793 2882 2919 2947; x_wconf 89' lang='lat' dir='ltr'><strong>erit,</strong></span> <span class='ocrx_word' id='word_1_432' title='bbox 2964 2882 3202 2937; x_wconf 85' lang='lat' dir='ltr'><strong>Verbum</strong></span> <span class='ocrx_word' id='word_1_433' title='bbox 3237 2879 3384 2950; x_wconf 90' lang='lat' dir='ltr'><strong>quod</strong></span> <span class='ocrx_word' id='word_1_434' title='bbox 3416 2895 3486 2935; x_wconf 80' lang='lat' dir='ltr'><strong>ex</strong></span> 
     </span>
    </p>
   </div>
   <div class='ocr_carea' id='block_1_60' title="bbox 226 2971 1810 3046">
    <p class='ocr_par' dir='ltr' id='par_1_60' title="bbox 226 2974 1808 3046">
     <span class='ocr_line' id='line_1_60' title="bbox 226 2974 1808 3046; baseline 0.003 -20"><span class='ocrx_word' id='word_1_435' title='bbox 226 2974 440 3046; x_wconf 70' lang='grc' dir='ltr'><strong>νοηθείη</strong></span> <span class='ocrx_word' id='word_1_436' title='bbox 469 2975 538 3029; x_wconf 79' lang='grc' dir='ltr'><strong>ἂν</strong></span> <span class='ocrx_word' id='word_1_437' title='bbox 570 2977 605 3044; x_wconf 79' lang='grc' dir='ltr'>ὴ</span> <span class='ocrx_word' id='word_1_438' title='bbox 642 2974 753 3027; x_wconf 84' lang='grc' dir='ltr'><strong>τῶν</strong></span> <span class='ocrx_word' id='word_1_439' title='bbox 797 2975 1035 3045; x_wconf 72' lang='grc' dir='ltr'><strong>φύσεων,</strong></span> <span class='ocrx_word' id='word_1_440' title='bbox 1079 2977 1247 3046; x_wconf 66' lang='grc' dir='ltr'>ἤγουν</span> <span class='ocrx_word' id='word_1_441' title='bbox 1291 2977 1664 3040; x_wconf 77' lang='grc' dir='ltr'><strong>ὑποστάσεων,</strong></span> <span class='ocrx_word' id='word_1_442' title='bbox 1693 2977 1808 3031; x_wconf 87' lang='grc' dir='ltr'><strong>δια-</strong></span> 
     </span>
    </p>
   </div>
   <div class='ocr_carea' id='block_1_61' title="bbox 1909 2971 3485 3046">
    <p class='ocr_par' dir='ltr' id='par_1_61' title="bbox 1909 2971 3485 3044">
     <span class='ocr_line' id='line_1_61' title="bbox 1909 2971 3485 3044; baseline -0.006 -11"><span class='ocrx_word' id='word_1_443' title='bbox 1909 2979 2020 3033; x_wconf 90' lang='lat' dir='ltr'><strong>Deo</strong></span> <span class='ocrx_word' id='word_1_444' title='bbox 2045 2987 2148 3042; x_wconf 90' lang='lat' dir='ltr'><strong>est,</strong></span> <span class='ocrx_word' id='word_1_445' title='bbox 2173 2977 2404 3032; x_wconf 84' lang='lat' dir='ltr'><strong>formam</strong></span> <span class='ocrx_word' id='word_1_446' title='bbox 2439 2975 2694 3030; x_wconf 86' lang='lat' dir='ltr'><strong>servilem</strong></span> <span class='ocrx_word' id='word_1_447' title='bbox 2726 2973 3019 3044; x_wconf 87' lang='lat' dir='ltr'><strong>accepisse,</strong></span> <span class='ocrx_word' id='word_1_448' title='bbox 3045 2981 3102 3027; x_wconf 92' lang='lat' dir='ltr'><strong>et</strong></span> <span class='ocrx_word' id='word_1_449' title='bbox 3137 2972 3194 3026; x_wconf 94' lang='lat' dir='ltr'><strong>in</strong></span> <span class='ocrx_word' id='word_1_450' title='bbox 3225 2971 3485 3026; x_wconf 86' lang='lat' dir='ltr'><strong>similitu-</strong></span> 
     </span>
    </p>
   </div>
   <div class='ocr_carea' id='block_1_62' title="bbox 225 3063 1810 3161">
    <p class='ocr_par' dir='ltr' id='par_1_62' title="bbox 225 3066 1807 3141">
     <span class='ocr_line' id='line_1_62' title="bbox 225 3066 1807 3141; baseline 0.003 -22"><span class='ocrx_word' id='word_1_451' title='bbox 225 3070 398 3138; x_wconf 69' lang='grc' dir='ltr'><strong>φορά·</strong></span> <span class='ocrx_word' id='word_1_452' title='bbox 424 3067 487 3120; x_wconf 78' lang='grc' dir='ltr'><strong>οὑ</strong></span> <span class='ocrx_word' id='word_1_453' title='bbox 511 3068 625 3138; x_wconf 79' lang='grc' dir='ltr'><strong>γάρ</strong></span> <span class='ocrx_word' id='word_1_454' title='bbox 654 3083 762 3120; x_wconf 89' lang='grc' dir='ltr'><strong>που</strong></span> <span class='ocrx_word' id='word_1_455' title='bbox 782 3067 981 3120; x_wconf 88' lang='grc' dir='ltr'><strong>ταυτὸν</strong></span> <span class='ocrx_word' id='word_1_456' title='bbox 1009 3069 1066 3120; x_wconf 86' lang='grc' dir='ltr'><strong>ὲν</strong></span> <span class='ocrx_word' id='word_1_457' title='bbox 1095 3066 1341 3140; x_wconf 82' lang='grc' dir='ltr'><strong>ποιότητι</strong></span> <span class='ocrx_word' id='word_1_458' title='bbox 1380 3072 1582 3140; x_wconf 77' lang='grc' dir='ltr'><strong>φυσικῇ</strong></span> <span class='ocrx_word' id='word_1_459' title='bbox 1617 3068 1807 3141; x_wconf 82' lang='grc' dir='ltr'><strong>θεότης</strong></span> 
     </span>
    </p>
   </div>
   <div class='ocr_carea' id='block_1_63' title="bbox 1909 3063 3482 3161">
    <p class='ocr_par' dir='ltr' id='par_1_63' title="bbox 1910 3063 3482 3134">
     <span class='ocr_line' id='line_1_63' title="bbox 1910 3063 3482 3134; baseline -0.004 -10"><span class='ocrx_word' id='word_1_460' title='bbox 1910 3069 2094 3124; x_wconf 88' lang='lat' dir='ltr'><strong>dinem</strong></span> <span class='ocrx_word' id='word_1_461' title='bbox 2116 3068 2400 3122; x_wconf 91' lang='lat' dir='ltr'><strong>hominum</strong></span> <span class='ocrx_word' id='word_1_462' title='bbox 2420 3067 2626 3122; x_wconf 86' lang='lat' dir='ltr'><strong>factum</strong></span> <span class='ocrx_word' id='word_1_463' title='bbox 2647 3066 2836 3129; x_wconf 84' lang='lat' dir='ltr'><strong>fuisse,</strong></span> <span class='ocrx_word' id='word_1_464' title='bbox 2855 3065 2999 3119; x_wconf 90' lang='lat' dir='ltr'><strong>sicut</strong></span> <span class='ocrx_word' id='word_1_465' title='bbox 3019 3063 3282 3134; x_wconf 90' lang='lat' dir='ltr'><strong>scriptum</strong></span> <span class='ocrx_word' id='word_1_466' title='bbox 3307 3071 3392 3118; x_wconf 91' lang='lat' dir='ltr'><strong>est</strong></span> <span class='ocrx_word' id='word_1_467' title='bbox 3417 3064 3482 3117; x_wconf 72' lang='grc' dir='ltr'><strong>θ’.</strong></span> 
     </span>
    </p>
   </div>
   <div class='ocr_carea' id='block_1_64' title="bbox 225 3154 1810 3230">
    <p class='ocr_par' dir='ltr' id='par_1_64' title="bbox 225 3154 1810 3226">
     <span class='ocr_line' id='line_1_64' title="bbox 225 3154 1810 3226; baseline 0.003 -19"><span class='ocrx_word' id='word_1_468' title='bbox 225 3154 319 3207; x_wconf 81' lang='grc' dir='ltr'><strong>καὶ</strong></span> <span class='ocrx_word' id='word_1_469' title='bbox 370 3155 762 3226; x_wconf 78' lang='grc' dir='ltr'><strong>ἁνθρωπότης.</strong></span> <span class='ocrx_word' id='word_1_470' title='bbox 808 3155 961 3209; x_wconf 77' lang='grc' dir='ltr'><strong>Ἐπεὶ</strong></span> <span class='ocrx_word' id='word_1_471' title='bbox 995 3156 1112 3221; x_wconf 85' lang='grc' dir='ltr'><strong>πῶς</strong></span> <span class='ocrx_word' id='word_1_472' title='bbox 1158 3158 1458 3212; x_wconf 82' lang='grc' dir='ltr'><strong>κεκένωται</strong></span> <span class='ocrx_word' id='word_1_473' title='bbox 1495 3158 1627 3222; x_wconf 86' lang='grc' dir='ltr'><strong>Θεὸς</strong></span> <span class='ocrx_word' id='word_1_474' title='bbox 1667 3157 1742 3212; x_wconf 86' lang='grc' dir='ltr'><strong>ὣν</strong></span> <span class='ocrx_word' id='word_1_475' title='bbox 1780 3160 1810 3212; x_wconf 92' lang='grc' dir='ltr'><strong>ὁ</strong></span> 
     </span>
    </p>
   </div>
   <div class='ocr_carea' id='block_1_65' title="bbox 1909 3154 3486 3230">
    <p class='ocr_par' dir='ltr' id='par_1_65' title="bbox 1910 3155 3486 3230">
     <span class='ocr_line' id='line_1_65' title="bbox 1910 3155 3486 3230; baseline -0.004 -15"><span class='ocrx_word' id='word_1_476' title='bbox 1910 3161 2087 3230; x_wconf 86' lang='lat' dir='ltr'><strong>Atque</strong></span> <span class='ocrx_word' id='word_1_477' title='bbox 2114 3158 2415 3214; x_wconf 89' lang='lat' dir='ltr'><strong>secundum</strong></span> <span class='ocrx_word' id='word_1_478' title='bbox 2439 3158 2544 3213; x_wconf 91' lang='lat' dir='ltr'><strong>hoc</strong></span> <span class='ocrx_word' id='word_1_479' title='bbox 2564 3172 2734 3212; x_wconf 91' lang='lat' dir='ltr'><strong>unum</strong></span> <span class='ocrx_word' id='word_1_480' title='bbox 2763 3155 2992 3226; x_wconf 79' lang='lat' dir='ltr'><strong>intelligi</strong></span> <span class='ocrx_word' id='word_1_481' title='bbox 3013 3155 3140 3210; x_wconf 90' lang='lat' dir='ltr'><strong>licet</strong></span> <span class='ocrx_word' id='word_1_482' title='bbox 3164 3162 3486 3208; x_wconf 85' lang='lat' dir='ltr'><strong>naturarum</strong></span> 
     </span>
    </p>
   </div>
   <div class='ocr_carea' id='block_1_66' title="bbox 226 3242 1810 3316">
    <p class='ocr_par' dir='ltr' id='par_1_66' title="bbox 226 3242 1810 3316">
     <span class='ocr_line' id='line_1_66' title="bbox 226 3242 1810 3316; baseline 0.004 -20"><span class='ocrx_word' id='word_1_483' title='bbox 226 3245 423 3312; x_wconf 81' lang='grc' dir='ltr'>Λόγος,</span> <span class='ocrx_word' id='word_1_484' title='bbox 460 3242 660 3307; x_wconf 67' lang='grc' dir='ltr'><strong>καθεὶς</strong></span> <span class='ocrx_word' id='word_1_485' title='bbox 704 3244 894 3297; x_wconf 71' lang='grc' dir='ltr'><strong>ἑαυτὸν</strong></span> <span class='ocrx_word' id='word_1_486' title='bbox 942 3247 1000 3300; x_wconf 82' lang='grc' dir='ltr'><strong>ὲν</strong></span> <span class='ocrx_word' id='word_1_487' title='bbox 1052 3244 1300 3316; x_wconf 83' lang='grc' dir='ltr'><strong>μειώσει,</strong></span> <span class='ocrx_word' id='word_1_488' title='bbox 1334 3246 1479 3300; x_wconf 87' lang='grc' dir='ltr'><strong>τοῦτ’</strong></span> <span class='ocrx_word' id='word_1_489' title='bbox 1527 3246 1696 3313; x_wconf 82' lang='grc' dir='ltr'><strong>ἐστιν,</strong></span> <span class='ocrx_word' id='word_1_490' title='bbox 1752 3250 1810 3302; x_wconf 76' lang='grc' dir='ltr'><strong>ἐν</strong></span> 
     </span>
    </p>
   </div>
   <div class='ocr_carea' id='block_1_67' title="bbox 1909 3242 3490 3316">
    <p class='ocr_par' dir='ltr' id='par_1_67' title="bbox 1909 3243 3490 3308">
     <span class='ocr_line' id='line_1_67' title="bbox 1909 3243 3490 3308; baseline -0.006 0"><span class='ocrx_word' id='word_1_491' title='bbox 1909 3253 2021 3308; x_wconf 86' lang='lat' dir='ltr'><strong>sive</strong></span> <span class='ocrx_word' id='word_1_492' title='bbox 2050 3250 2483 3308; x_wconf 87' lang='lat' dir='ltr'><strong>substantiarum</strong></span> <span class='ocrx_word' id='word_1_493' title='bbox 2518 3249 2977 3304; x_wconf 77' lang='lat' dir='ltr'><strong>discrimenznon</strong></span> <span class='ocrx_word' id='word_1_494' title='bbox 3011 3247 3158 3302; x_wconf 87' lang='lat' dir='ltr'><strong>enim</strong></span> <span class='ocrx_word' id='word_1_495' title='bbox 3193 3243 3336 3299; x_wconf 89' lang='lat' dir='ltr'><strong>idem</strong></span> <span class='ocrx_word' id='word_1_496' title='bbox 3358 3252 3490 3299; x_wconf 91' lang='lat' dir='ltr'><strong>sunt</strong></span> 
     </span>
    </p>
   </div>
   <div class='ocr_carea' id='block_1_68' title="bbox 223 3333 1810 3410">
    <p class='ocr_par' dir='ltr' id='par_1_68' title="bbox 223 3333 1810 3410">
     <span class='ocr_line' id='line_1_68' title="bbox 223 3333 1810 3410; baseline 0.003 -22"><span class='ocrx_word' id='word_1_497' title='bbox 223 3339 339 3399; x_wconf 63' lang='lat' dir='ltr'><strong>vi;</strong></span> <span class='ocrx_word' id='word_1_498' title='bbox 371 3333 507 3388; x_wconf 75' lang='grc' dir='ltr'><strong>καθ’</strong></span> <span class='ocrx_word' id='word_1_499' title='bbox 542 3336 725 3404; x_wconf 48' lang='grc' dir='ltr'><strong>ἡμᾶς</strong></span> <span class='ocrx_word' id='word_1_500' title='bbox 755 3336 924 3390; x_wconf 87' lang='grc' dir='ltr'><strong>Ὅταν</strong></span> <span class='ocrx_word' id='word_1_501' title='bbox 957 3336 1136 3390; x_wconf 79' lang='grc' dir='ltr'><strong>τοίνυν</strong></span> <span class='ocrx_word' id='word_1_502' title='bbox 1172 3339 1201 3390; x_wconf 91' lang='grc' dir='ltr'><strong>ὁ</strong></span> <span class='ocrx_word' id='word_1_503' title='bbox 1233 3339 1331 3408; x_wconf 82' lang='grc' dir='ltr'><strong>τῆς</strong></span> <span class='ocrx_word' id='word_1_504' title='bbox 1359 3338 1686 3410; x_wconf 87' lang='grc' dir='ltr'><strong>σαρκώσεως</strong></span> <span class='ocrx_word' id='word_1_505' title='bbox 1715 3358 1810 3394; x_wconf 89' lang='grc' dir='ltr'><strong>πο-</strong></span> 
     </span>
    </p>
   </div>
   <div class='ocr_carea' id='block_1_69' title="bbox 1909 3333 3488 3410">
    <p class='ocr_par' dir='ltr' id='par_1_69' title="bbox 1909 3334 3488 3410">
     <span class='ocr_line' id='line_1_69' title="bbox 1909 3334 3488 3410; baseline -0.007 -11"><span class='ocrx_word' id='word_1_506' title='bbox 1909 3343 2209 3399; x_wconf 89' lang='lat' dir='ltr'><strong>secundum</strong></span> <span class='ocrx_word' id='word_1_507' title='bbox 2241 3342 2548 3397; x_wconf 89' lang='lat' dir='ltr'><strong>naturalem</strong></span> <span class='ocrx_word' id='word_1_508' title='bbox 2576 3341 2893 3410; x_wconf 87' lang='lat' dir='ltr'><strong>qualitatem</strong></span> <span class='ocrx_word' id='word_1_509' title='bbox 2921 3336 3179 3392; x_wconf 86' lang='lat' dir='ltr'><strong>divinitas</strong></span> <span class='ocrx_word' id='word_1_510' title='bbox 3206 3341 3262 3388; x_wconf 89' lang='lat' dir='ltr'><strong>et</strong></span> <span class='ocrx_word' id='word_1_511' title='bbox 3292 3334 3488 3388; x_wconf 86' lang='lat' dir='ltr'><strong>huma-</strong></span> 
     </span>
    </p>
   </div>
   <div class='ocr_carea' id='block_1_70' title="bbox 225 3425 1810 3505">
    <p class='ocr_par' dir='ltr' id='par_1_70' title="bbox 225 3425 1810 3504">
     <span class='ocr_line' id='line_1_70' title="bbox 225 3425 1810 3504; baseline 0.004 -27"><span class='ocrx_word' id='word_1_512' title='bbox 225 3425 696 3497; x_wconf 76' lang='grc' dir='ltr'><strong>λυπραγμονῆται</strong></span> <span class='ocrx_word' id='word_1_513' title='bbox 716 3427 938 3498; x_wconf 84' lang='grc' dir='ltr'><strong>τρόπος,</strong></span> <span class='ocrx_word' id='word_1_514' title='bbox 969 3427 1062 3482; x_wconf 79' lang='grc' dir='ltr'><strong>δύο</strong></span> <span class='ocrx_word' id='word_1_515' title='bbox 1103 3429 1172 3482; x_wconf 82' lang='grc' dir='ltr'><strong>τὰ</strong></span> <span class='ocrx_word' id='word_1_516' title='bbox 1202 3429 1452 3501; x_wconf 84' lang='grc' dir='ltr'><strong>ἀλλήλοις</strong></span> <span class='ocrx_word' id='word_1_517' title='bbox 1481 3432 1810 3504; x_wconf 77' lang='grc' dir='ltr'><strong>ἁπορῤήτως</strong></span> 
     </span>
    </p>
   </div>
   <div class='ocr_carea' id='block_1_71' title="bbox 1909 3425 3486 3505">
    <p class='ocr_par' dir='ltr' id='par_1_71' title="bbox 1909 3427 3486 3505">
     <span class='ocr_line' id='line_1_71' title="bbox 1909 3427 3486 3505; baseline -0.008 -15"><span class='ocrx_word' id='word_1_518' title='bbox 1909 3435 2070 3490; x_wconf 87' lang='lat' dir='ltr'><strong>nitas.</strong></span> <span class='ocrx_word' id='word_1_519' title='bbox 2103 3435 2323 3505; x_wconf 84' lang='lat' dir='ltr'><strong>Alioqui</strong></span> <span class='ocrx_word' id='word_1_520' title='bbox 2363 3433 2638 3504; x_wconf 91' lang='lat' dir='ltr'><strong>quomodo</strong></span> <span class='ocrx_word' id='word_1_521' title='bbox 2661 3431 2924 3496; x_wconf 88' lang='lat' dir='ltr'><strong>Verbum,</strong></span> <span class='ocrx_word' id='word_1_522' title='bbox 2969 3427 3117 3498; x_wconf 92' lang='lat' dir='ltr'><strong>quod</strong></span> <span class='ocrx_word' id='word_1_523' title='bbox 3157 3427 3303 3480; x_wconf 86' lang='lat' dir='ltr'><strong>Deus</strong></span> <span class='ocrx_word' id='word_1_524' title='bbox 3345 3433 3486 3487; x_wconf 88' lang='lat' dir='ltr'><strong>erat,</strong></span> 
     </span>
    </p>
   </div>
   <div class='ocr_carea' id='block_1_72' title="bbox 226 3517 1810 3596">
    <p class='ocr_par' dir='ltr' id='par_1_72' title="bbox 226 3517 1810 3596">
     <span class='ocr_line' id='line_1_72' title="bbox 226 3517 1810 3596; baseline 0.005 -27"><span class='ocrx_word' id='word_1_525' title='bbox 226 3533 286 3569; x_wconf 84' lang='grc' dir='ltr'><strong>τε</strong></span> <span class='ocrx_word' id='word_1_526' title='bbox 315 3519 415 3571; x_wconf 80' lang='grc' dir='ltr'><strong>καὶ</strong></span> <span class='ocrx_word' id='word_1_527' title='bbox 444 3517 772 3588; x_wconf 77' lang='grc' dir='ltr'><strong>ἀσυγχύτως</strong></span> <span class='ocrx_word' id='word_1_528' title='bbox 803 3520 1182 3591; x_wconf 84' lang='grc' dir='ltr'><strong>συνηνεγμένα</strong></span> <span class='ocrx_word' id='word_1_529' title='bbox 1213 3521 1337 3574; x_wconf 89' lang='grc' dir='ltr'><strong>καθ’</strong></span> <span class='ocrx_word' id='word_1_530' title='bbox 1375 3521 1589 3588; x_wconf 71' lang='grc' dir='ltr'><strong>ἕνωσιν,</strong></span> <span class='ocrx_word' id='word_1_531' title='bbox 1621 3525 1725 3594; x_wconf 82' lang='grc' dir='ltr'><strong>ὁρᾷ</strong></span> <span class='ocrx_word' id='word_1_532' title='bbox 1745 3523 1810 3596; x_wconf 81' lang='grc' dir='ltr'><strong>δὴ</strong></span> 
     </span>
    </p>
   </div>
   <div class='ocr_carea' id='block_1_73' title="bbox 1909 3517 3488 3596">
    <p class='ocr_par' dir='ltr' id='par_1_73' title="bbox 1913 3517 3488 3594">
     <span class='ocr_line' id='line_1_73' title="bbox 1913 3517 3488 3594; baseline -0.011 -11"><span class='ocrx_word' id='word_1_533' title='bbox 1913 3527 2250 3583; x_wconf 82' lang='lat' dir='ltr'><strong>exinanitum</strong></span> <span class='ocrx_word' id='word_1_534' title='bbox 2267 3533 2372 3590; x_wconf 89' lang='lat' dir='ltr'><strong>est,</strong></span> <span class='ocrx_word' id='word_1_535' title='bbox 2386 3525 2625 3594; x_wconf 87' lang='lat' dir='ltr'><strong>seipsum</strong></span> <span class='ocrx_word' id='word_1_536' title='bbox 2642 3522 2710 3577; x_wconf 89' lang='lat' dir='ltr'><strong>ad</strong></span> <span class='ocrx_word' id='word_1_537' title='bbox 2731 3519 3151 3576; x_wconf 87' lang='lat' dir='ltr'><strong>minorationem</strong></span> <span class='ocrx_word' id='word_1_538' title='bbox 3173 3517 3488 3574; x_wconf 87' lang='lat' dir='ltr'><strong>demittens,</strong></span> 
     </span>
    </p>
   </div>
   <div class='ocr_carea' id='block_1_74' title="bbox 231 3604 1810 3686">
    <p class='ocr_par' dir='ltr' id='par_1_74' title="bbox 231 3608 1810 3686">
     <span class='ocr_line' id='line_1_74' title="bbox 231 3608 1810 3686; baseline 0.004 -24"><span class='ocrx_word' id='word_1_539' title='bbox 231 3608 453 3672; x_wconf 68' lang='grc' dir='ltr'><strong>πάντως</strong></span> <span class='ocrx_word' id='word_1_540' title='bbox 474 3610 504 3662; x_wconf 80' lang='grc' dir='ltr'><strong>ό</strong></span> <span class='ocrx_word' id='word_1_541' title='bbox 532 3609 879 3675; x_wconf 80' lang='grc' dir='ltr'><strong>ἀνθρώπινος</strong></span> <span class='ocrx_word' id='word_1_542' title='bbox 907 3611 1051 3677; x_wconf 88' lang='grc' dir='ltr'><strong>νοῦς,</strong></span> <span class='ocrx_word' id='word_1_543' title='bbox 1078 3613 1346 3666; x_wconf 82' lang='grc' dir='ltr'><strong>ὲνωθὲντα</strong></span> <span class='ocrx_word' id='word_1_544' title='bbox 1365 3631 1428 3682; x_wconf 91' lang='grc' dir='ltr'><strong>γε</strong></span> <span class='ocrx_word' id='word_1_545' title='bbox 1455 3615 1582 3686; x_wconf 85' lang='grc' dir='ltr'><strong>μὴν,</strong></span> <span class='ocrx_word' id='word_1_546' title='bbox 1609 3615 1810 3686; x_wconf 79' lang='grc' dir='ltr'><strong>διίστη-</strong></span> 
     </span>
    </p>
   </div>
   <div class='ocr_carea' id='block_1_75' title="bbox 1909 3604 3492 3686">
    <p class='ocr_par' dir='ltr' id='par_1_75' title="bbox 1916 3604 3492 3680">
     <span class='ocr_line' id='line_1_75' title="bbox 1916 3604 3492 3680; baseline -0.009 -10"><span class='ocrx_word' id='word_1_547' title='bbox 1916 3616 2022 3670; x_wconf 88' lang='lat' dir='ltr'><strong>hoc</strong></span> <span class='ocrx_word' id='word_1_548' title='bbox 2052 3625 2156 3680; x_wconf 90' lang='lat' dir='ltr'><strong>est,</strong></span> <span class='ocrx_word' id='word_1_549' title='bbox 2185 3615 2252 3670; x_wconf 91' lang='lat' dir='ltr'><strong>ad</strong></span> <span class='ocrx_word' id='word_1_550' title='bbox 2281 3623 2491 3669; x_wconf 67' lang='lat' dir='ltr'><strong>natura:</strong></span> <span class='ocrx_word' id='word_1_551' title='bbox 2523 3620 2723 3668; x_wconf 65' lang='lat' dir='ltr'><strong>nostrae</strong></span> <span class='ocrx_word' id='word_1_552' title='bbox 2750 3609 3110 3664; x_wconf 87' lang='lat' dir='ltr'><strong>conditiones.</strong></span> <span class='ocrx_word' id='word_1_553' title='bbox 3143 3605 3280 3661; x_wconf 90' lang='lat' dir='ltr'><strong>Cum</strong></span> <span class='ocrx_word' id='word_1_554' title='bbox 3309 3604 3492 3673; x_wconf 87' lang='lat' dir='ltr'><strong>itaque</strong></span> 
     </span>
    </p>
   </div>
   <div class='ocr_carea' id='block_1_76' title="bbox 234 3695 1810 3778">
    <p class='ocr_par' dir='ltr' id='par_1_76' title="bbox 234 3701 1810 3778">
     <span class='ocr_line' id='line_1_76' title="bbox 234 3701 1810 3778; baseline 0.006 -25"><span class='ocrx_word' id='word_1_555' title='bbox 234 3717 319 3753; x_wconf 83' lang='grc' dir='ltr'><strong>σιν</strong></span> <span class='ocrx_word' id='word_1_556' title='bbox 343 3701 607 3773; x_wconf 76' lang='grc' dir='ltr'>οὐδαμῶς</span> <span class='ocrx_word' id='word_1_557' title='bbox 632 3720 646 3732; x_wconf 76' lang='lat'><strong>-</strong></span> <span class='ocrx_word' id='word_1_558' title='bbox 682 3702 800 3756; x_wconf 79' lang='grc' dir='ltr'>ἀλλ’</span> <span class='ocrx_word' id='word_1_559' title='bbox 828 3704 924 3758; x_wconf 74' lang='grc' dir='ltr'><strong>ἕνα</strong></span> <span class='ocrx_word' id='word_1_560' title='bbox 949 3705 1040 3758; x_wconf 90' lang='grc' dir='ltr'><strong>τὸν</strong></span> <span class='ocrx_word' id='word_1_561' title='bbox 1063 3705 1122 3773; x_wconf 81' lang='grc' dir='ltr'>ἐξ</span> <span class='ocrx_word' id='word_1_562' title='bbox 1151 3706 1354 3778; x_wconf 83' lang='grc' dir='ltr'>ἀμφοῖν</span> <span class='ocrx_word' id='word_1_563' title='bbox 1376 3746 1391 3769; x_wconf 92' lang='grc'><strong>,</strong></span> <span class='ocrx_word' id='word_1_564' title='bbox 1415 3708 1508 3762; x_wconf 78' lang='grc' dir='ltr'><strong>καὶ</strong></span> <span class='ocrx_word' id='word_1_565' title='bbox 1535 3708 1690 3770; x_wconf 82' lang='grc' dir='ltr'><strong>Θεὸν,</strong></span> <span class='ocrx_word' id='word_1_566' title='bbox 1719 3708 1810 3762; x_wconf 77' lang='grc' dir='ltr'><strong>καὶ</strong></span> 
     </span>
    </p>
   </div>
   <div class='ocr_carea' id='block_1_77' title="bbox 1909 3695 3490 3778">
    <p class='ocr_par' dir='ltr' id='par_1_77' title="bbox 1918 3695 3490 3768">
     <span class='ocr_line' id='line_1_77' title="bbox 1918 3695 3490 3768; baseline -0.01 -6"><span class='ocrx_word' id='word_1_567' title='bbox 1918 3705 2310 3762; x_wconf 89' lang='lat' dir='ltr'><strong>incarnationis</strong></span> <span class='ocrx_word' id='word_1_568' title='bbox 2347 3703 2542 3759; x_wconf 89' lang='lat' dir='ltr'><strong>modus</strong></span> <span class='ocrx_word' id='word_1_569' title='bbox 2577 3701 2819 3756; x_wconf 88' lang='lat' dir='ltr'><strong>studiose</strong></span> <span class='ocrx_word' id='word_1_570' title='bbox 2850 3697 3164 3768; x_wconf 86' lang='lat' dir='ltr'><strong>inquiritur,</strong></span> <span class='ocrx_word' id='word_1_571' title='bbox 3198 3695 3309 3749; x_wconf 92' lang='lat' dir='ltr'><strong>duo</strong></span> <span class='ocrx_word' id='word_1_572' title='bbox 3330 3709 3490 3764; x_wconf 85' lang='lat' dir='ltr'><strong>pror-</strong></span> 
     </span>
    </p>
   </div>
   <div class='ocr_carea' id='block_1_78' title="bbox 235 3791 1816 3868">
    <p class='ocr_par' dir='ltr' id='par_1_78' title="bbox 235 3791 1816 3868">
     <span class='ocr_line' id='line_1_78' title="bbox 235 3791 1816 3868; baseline 0.005 -25"><span class='ocrx_word' id='word_1_573' title='bbox 235 3791 378 3854; x_wconf 79' lang='grc' dir='ltr'><strong>Υἱὸν,</strong></span> <span class='ocrx_word' id='word_1_574' title='bbox 413 3793 508 3845; x_wconf 78' lang='grc' dir='ltr'><strong>καὶ</strong></span> <span class='ocrx_word' id='word_1_575' title='bbox 537 3792 801 3862; x_wconf 82' lang='grc' dir='ltr'><strong>Χριστὸν,</strong></span> <span class='ocrx_word' id='word_1_576' title='bbox 851 3795 947 3848; x_wconf 81' lang='grc' dir='ltr'><strong>καὶ</strong></span> <span class='ocrx_word' id='word_1_577' title='bbox 997 3795 1202 3868; x_wconf 83' lang='grc' dir='ltr'><strong>Κύριον</strong></span> <span class='ocrx_word' id='word_1_578' title='bbox 1245 3791 1387 3850; x_wconf 73' lang='grc' dir='ltr'><strong>εἶναι</strong></span> <span class='ocrx_word' id='word_1_579' title='bbox 1426 3813 1486 3850; x_wconf 88' lang='grc' dir='ltr'><strong>τε</strong></span> <span class='ocrx_word' id='word_1_580' title='bbox 1533 3797 1626 3850; x_wconf 78' lang='grc' dir='ltr'><strong>καὶ</strong></span> <span class='ocrx_word' id='word_1_581' title='bbox 1667 3807 1690 3835; x_wconf 79' lang='grc' dir='ltr'><strong><em>ι</em></strong></span> <span class='ocrx_word' id='word_1_582' title='bbox 1725 3813 1816 3851; x_wconf 86' lang='grc' dir='ltr'><strong>πι-</strong></span> 
     </span>
    </p>
   </div>
   <div class='ocr_carea' id='block_1_79' title="bbox 237 3883 1282 3957">
    <p class='ocr_par' dir='ltr' id='par_1_79' title="bbox 237 3883 1282 3957">
     <span class='ocr_line' id='line_1_79' title="bbox 237 3883 1282 3957; baseline 0.005 -22"><span class='ocrx_word' id='word_1_583' title='bbox 237 3883 438 3947; x_wconf 77' lang='grc' dir='ltr'><strong>στεύει,</strong></span> <span class='ocrx_word' id='word_1_584' title='bbox 472 3885 574 3937; x_wconf 73' lang='grc' dir='ltr'><strong>καὶ</strong></span> <span class='ocrx_word' id='word_1_585' title='bbox 600 3885 887 3955; x_wconf 83' lang='grc' dir='ltr'><strong>ἀραρότως</strong></span> <span class='ocrx_word' id='word_1_586' title='bbox 912 3886 1216 3957; x_wconf 78' lang='grc' dir='ltr'><strong>εἰσδέχεται</strong></span> <span class='ocrx_word' id='word_1_587' title='bbox 1243 3895 1282 3940; x_wconf 85' lang='grc'><strong>⁸.</strong></span> 
     </span>
    </p>
   </div>
   <div class='ocr_carea' id='block_1_80' title="bbox 1919 3784 3490 3862">
    <p class='ocr_par' dir='ltr' id='par_1_80' title="bbox 1919 3784 3490 3862">
     <span class='ocr_line' id='line_1_80' title="bbox 1919 3784 3490 3862; baseline -0.01 -7"><span class='ocrx_word' id='word_1_588' title='bbox 1919 3814 2014 3855; x_wconf 90' lang='lat' dir='ltr'><strong>sus</strong></span> <span class='ocrx_word' id='word_1_589' title='bbox 2039 3796 2392 3853; x_wconf 87' lang='lat' dir='ltr'><strong>inell&#39;abiliter</strong></span> <span class='ocrx_word' id='word_1_590' title='bbox 2421 3803 2478 3850; x_wconf 92' lang='lat' dir='ltr'><strong>et</strong></span> <span class='ocrx_word' id='word_1_591' title='bbox 2500 3793 2637 3848; x_wconf 89' lang='lat' dir='ltr'><strong>citra</strong></span> <span class='ocrx_word' id='word_1_592' title='bbox 2660 3789 3037 3846; x_wconf 89' lang='lat' dir='ltr'><strong>confusionem</strong></span> <span class='ocrx_word' id='word_1_593' title='bbox 3063 3787 3206 3850; x_wconf 78' lang='lat' dir='ltr'><strong>inter</strong></span> <span class='ocrx_word' id='word_1_594' title='bbox 3227 3799 3284 3840; x_wconf 90' lang='lat' dir='ltr'><strong>se</strong></span> <span class='ocrx_word' id='word_1_595' title='bbox 3315 3784 3490 3862; x_wconf 83' lang='lat' dir='ltr'><strong>unita,</strong></span> 
     </span>
    </p>
   </div>
   <div class='ocr_carea' id='block_1_81' title="bbox 1920 3877 3494 3950">
    <p class='ocr_par' dir='ltr' id='par_1_81' title="bbox 1920 3877 3494 3950">
     <span class='ocr_line' id='line_1_81' title="bbox 1920 3877 3494 3950; baseline -0.011 -3"><span class='ocrx_word' id='word_1_596' title='bbox 1920 3906 2074 3946; x_wconf 91' lang='lat' dir='ltr'><strong>mens</strong></span> <span class='ocrx_word' id='word_1_597' title='bbox 2097 3891 2336 3945; x_wconf 89' lang='lat' dir='ltr'><strong>humana</strong></span> <span class='ocrx_word' id='word_1_598' title='bbox 2366 3886 2694 3950; x_wconf 87' lang='lat' dir='ltr'><strong>considerat,</strong></span> <span class='ocrx_word' id='word_1_599' title='bbox 2725 3890 2964 3936; x_wconf 89' lang='lat' dir='ltr'><strong>attamen</strong></span> <span class='ocrx_word' id='word_1_600' title='bbox 2992 3879 3144 3934; x_wconf 86' lang='lat' dir='ltr'><strong>unita</strong></span> <span class='ocrx_word' id='word_1_601' title='bbox 3174 3877 3494 3947; x_wconf 84' lang='lat' dir='ltr'><strong>neutiquam</strong></span> 
     </span>
    </p>
   </div>
   <div class='ocr_carea' id='block_1_82' title="bbox 235 3967 3492 4047">
    <p class='ocr_par' dir='ltr' id='par_1_82' title="bbox 235 3967 3492 4047">
     <span class='ocr_line' id='line_1_82' title="bbox 235 3967 3492 4047; baseline -0.001 -19"><span class='ocrx_word' id='word_1_602' title='bbox 235 3975 515 4046; x_wconf 74' lang='lat' dir='ltr'><strong>disiungit,</strong></span> <span class='ocrx_word' id='word_1_603' title='bbox 583 3973 679 4030; x_wconf 84' lang='lat' dir='ltr'><strong>sed</strong></span> <span class='ocrx_word' id='word_1_604' title='bbox 751 3991 921 4032; x_wconf 90' lang='lat' dir='ltr'><strong>unum</strong></span> <span class='ocrx_word' id='word_1_605' title='bbox 952 3990 1020 4032; x_wconf 81' lang='lat' dir='ltr'><strong>ex</strong></span> <span class='ocrx_word' id='word_1_606' title='bbox 1041 3985 1274 4047; x_wconf 90' lang='lat' dir='ltr'><strong>utroque</strong></span> <span class='ocrx_word' id='word_1_607' title='bbox 1315 3984 1371 4032; x_wconf 91' lang='lat' dir='ltr'><strong>et</strong></span> <span class='ocrx_word' id='word_1_608' title='bbox 1409 3975 1582 4032; x_wconf 89' lang='lat' dir='ltr'><strong>Deum</strong></span> <span class='ocrx_word' id='word_1_609' title='bbox 1610 3986 1667 4032; x_wconf 90' lang='lat' dir='ltr'><strong>et</strong></span> <span class='ocrx_word' id='word_1_610' title='bbox 1707 3976 1904 4034; x_wconf 86' lang='lat' dir='ltr'><strong>Filium</strong></span> <span class='ocrx_word' id='word_1_611' title='bbox 1941 3992 1998 4039; x_wconf 85' lang='lat' dir='ltr'><strong>et</strong></span> <span class='ocrx_word' id='word_1_612' title='bbox 2028 3982 2317 4038; x_wconf 90' lang='lat' dir='ltr'><strong>Dominum</strong></span> <span class='ocrx_word' id='word_1_613' title='bbox 2337 3979 2601 4035; x_wconf 81' lang='lat' dir='ltr'><strong>exsistere</strong></span> <span class='ocrx_word' id='word_1_614' title='bbox 2640 3972 2836 4038; x_wconf 89' lang='lat' dir='ltr'><strong>credit,</strong></span> <span class='ocrx_word' id='word_1_615' title='bbox 2867 3980 2924 4027; x_wconf 91' lang='lat' dir='ltr'><strong>et</strong></span> <span class='ocrx_word' id='word_1_616' title='bbox 2962 3968 3352 4027; x_wconf 84' lang='lat' dir='ltr'><strong>convenienter</strong></span> <span class='ocrx_word' id='word_1_617' title='bbox 3392 3967 3492 4024; x_wconf 87' lang='lat' dir='ltr'><strong>ad-</strong></span> 
     </span>
    </p>
   </div>
   <div class='ocr_carea' id='block_1_83' title="bbox 237 4066 424 4123">
    <p class='ocr_par' dir='ltr' id='par_1_83' title="bbox 237 4066 424 4123">
     <span class='ocr_line' id='line_1_83' title="bbox 237 4066 424 4123; baseline 0.016 -3"><span class='ocrx_word' id='word_1_618' title='bbox 237 4066 424 4123; x_wconf 87' lang='lat' dir='ltr'><strong>mittit.</strong></span> 
     </span>
    </p>
   </div>
   <div class='ocr_carea' id='block_1_84' title="bbox 313 4155 1809 4229">
    <p class='ocr_par' dir='ltr' id='par_1_84' title="bbox 313 4155 1809 4229">
     <span class='ocr_line' id='line_1_84' title="bbox 313 4155 1809 4229; baseline 0.001 -18"><span class='ocrx_word' id='word_1_619' title='bbox 313 4158 516 4229; x_wconf 72' lang='grc' dir='ltr'><strong>Ἑτέρα</strong></span> <span class='ocrx_word' id='word_1_620' title='bbox 559 4158 618 4211; x_wconf 81' lang='grc' dir='ltr'><strong>δὲ</strong></span> <span class='ocrx_word' id='word_1_621' title='bbox 663 4157 943 4221; x_wconf 82' lang='grc' dir='ltr'><strong>παντελῶς</strong></span> <span class='ocrx_word' id='word_1_622' title='bbox 991 4155 1142 4226; x_wconf 77' lang='grc' dir='ltr'><strong>παρὰ</strong></span> <span class='ocrx_word' id='word_1_623' title='bbox 1197 4155 1402 4225; x_wconf 82' lang='grc' dir='ltr'><strong>ταύτην</strong></span> <span class='ocrx_word' id='word_1_624' title='bbox 1438 4158 1472 4228; x_wconf 78' lang='grc' dir='ltr'>ἡ</span> <span class='ocrx_word' id='word_1_625' title='bbox 1514 4157 1809 4228; x_wconf 76' lang='grc' dir='ltr'><strong>Νεστορίου</strong></span> 
     </span>
    </p>
   </div>
   <div class='ocr_carea' id='block_1_85' title="bbox 239 4245 1814 4320">
    <p class='ocr_par' dir='ltr' id='par_1_85' title="bbox 239 4245 1814 4320">
     <span class='ocr_line' id='line_1_85' title="bbox 239 4245 1814 4320; baseline 0.001 -20"><span class='ocrx_word' id='word_1_626' title='bbox 239 4248 551 4312; x_wconf 70' lang='grc' dir='ltr'><strong>ηκοὸοξξα.</strong></span> <span class='ocrx_word' id='word_1_627' title='bbox 589 4248 974 4320; x_wconf 80' lang='grc' dir='ltr'><strong>Ύποκρίνεται</strong></span> <span class='ocrx_word' id='word_1_628' title='bbox 1007 4248 1104 4318; x_wconf 82' lang='grc' dir='ltr'><strong>μὲν</strong></span> <span class='ocrx_word' id='word_1_629' title='bbox 1125 4245 1235 4319; x_wconf 80' lang='grc' dir='ltr'><strong>γὰρ</strong></span> <span class='ocrx_word' id='word_1_630' title='bbox 1257 4247 1559 4318; x_wconf 83' lang='grc' dir='ltr'><strong>ὁμολογεῖν,</strong></span> <span class='ocrx_word' id='word_1_631' title='bbox 1591 4248 1676 4302; x_wconf 83' lang='grc' dir='ltr'><strong>ὅτι</strong></span> <span class='ocrx_word' id='word_1_632' title='bbox 1721 4251 1814 4303; x_wconf 83' lang='grc' dir='ltr'><strong>καὶ</strong></span> 
     </span>
    </p>
   </div>
   <div class='ocr_carea' id='block_1_86' title="bbox 241 4338 1817 4412">
    <p class='ocr_par' dir='ltr' id='par_1_86' title="bbox 241 4338 1817 4412">
     <span class='ocr_line' id='line_1_86' title="bbox 241 4338 1817 4412; baseline 0.001 -20"><span class='ocrx_word' id='word_1_633' title='bbox 241 4339 560 4411; x_wconf 76' lang='grc' dir='ltr'><strong>ἒσαρκώθη,</strong></span> <span class='ocrx_word' id='word_1_634' title='bbox 594 4341 692 4394; x_wconf 75' lang='grc' dir='ltr'><strong>καὶ</strong></span> <span class='ocrx_word' id='word_1_635' title='bbox 723 4338 1113 4411; x_wconf 74' lang='grc' dir='ltr'><strong>ὲνηνθρώπησε</strong></span> <span class='ocrx_word' id='word_1_636' title='bbox 1145 4338 1278 4403; x_wconf 85' lang='grc' dir='ltr'><strong>Θεὸς</strong></span> <span class='ocrx_word' id='word_1_637' title='bbox 1307 4338 1382 4392; x_wconf 83' lang='grc' dir='ltr'><strong>ὢν</strong></span> <span class='ocrx_word' id='word_1_638' title='bbox 1428 4341 1457 4393; x_wconf 89' lang='grc' dir='ltr'><strong>ὁ</strong></span> <span class='ocrx_word' id='word_1_639' title='bbox 1486 4339 1677 4409; x_wconf 90' lang='grc' dir='ltr'>Λόγος,</span> <span class='ocrx_word' id='word_1_640' title='bbox 1717 4342 1817 4412; x_wconf 79' lang='grc' dir='ltr'><strong>τὴν</strong></span> 
     </span>
    </p>
   </div>
   <div class='ocr_carea' id='block_1_87' title="bbox 241 4429 1818 4502">
    <p class='ocr_par' dir='ltr' id='par_1_87' title="bbox 241 4429 1818 4502">
     <span class='ocr_line' id='line_1_87' title="bbox 241 4429 1818 4502; baseline -0.001 -17"><span class='ocrx_word' id='word_1_641' title='bbox 241 4431 295 4485; x_wconf 72' lang='grc' dir='ltr'><strong>δέ</strong></span> <span class='ocrx_word' id='word_1_642' title='bbox 333 4450 400 4501; x_wconf 89' lang='grc' dir='ltr'><strong>γε</strong></span> <span class='ocrx_word' id='word_1_643' title='bbox 428 4431 527 4486; x_wconf 88' lang='grc' dir='ltr'><strong>τοῦ</strong></span> <span class='ocrx_word' id='word_1_644' title='bbox 563 4431 948 4502; x_wconf 83' lang='grc' dir='ltr'><strong>σεσαρκῶσθαι</strong></span> <span class='ocrx_word' id='word_1_645' title='bbox 985 4431 1213 4502; x_wconf 83' lang='grc' dir='ltr'><strong>δύναμιν</strong></span> <span class='ocrx_word' id='word_1_646' title='bbox 1241 4431 1341 4483; x_wconf 85' lang='grc' dir='ltr'><strong>οὑκ</strong></span> <span class='ocrx_word' id='word_1_647' title='bbox 1373 4429 1548 4494; x_wconf 76' lang='grc' dir='ltr'><strong>εἰδὼς,</strong></span> <span class='ocrx_word' id='word_1_648' title='bbox 1593 4431 1687 4484; x_wconf 85' lang='grc' dir='ltr'><strong>δύο</strong></span> <span class='ocrx_word' id='word_1_649' title='bbox 1719 4431 1818 4502; x_wconf 87' lang='grc' dir='ltr'><strong>μὲν</strong></span> 
     </span>
    </p>
   </div>
   <div class='ocr_carea' id='block_1_88' title="bbox 240 4503 1817 4595">
    <p class='ocr_par' dir='ltr' id='par_1_88' title="bbox 240 4503 1817 4595">
     <span class='ocr_line' id='line_1_88' title="bbox 240 4503 1817 4595; baseline -0.001 -18"><span class='ocrx_word' id='word_1_650' title='bbox 240 4524 497 4595; x_wconf 71' lang='grc' dir='ltr'><strong>ὀνομάζει</strong></span> <span class='ocrx_word' id='word_1_651' title='bbox 545 4503 768 4592; x_wconf 62' lang='grc' dir='ltr'><strong>φύσεις,</strong></span> <span class='ocrx_word' id='word_1_652' title='bbox 807 4523 1115 4593; x_wconf 83' lang='grc' dir='ltr'><strong>ἀποδιαιρεῖ</strong></span> <span class='ocrx_word' id='word_1_653' title='bbox 1159 4523 1187 4562; x_wconf 71' lang='grc' dir='ltr'>δ</span> <span class='ocrx_word' id='word_1_654' title='bbox 1219 4521 1275 4576; x_wconf 83' lang='grc' dir='ltr'><strong>δὲ</strong></span> <span class='ocrx_word' id='word_1_655' title='bbox 1325 4521 1570 4593; x_wconf 79' lang='grc' dir='ltr'>ἀλλήλων</span> <span class='ocrx_word' id='word_1_656' title='bbox 1627 4521 1817 4590; x_wconf 77' lang='grc' dir='ltr'><strong>αὑτὰς,</strong></span> 
     </span>
    </p>
   </div>
   <div class='ocr_carea' id='block_1_89' title="bbox 239 4613 1815 4685">
    <p class='ocr_par' dir='ltr' id='par_1_89' title="bbox 239 4613 1815 4685">
     <span class='ocr_line' id='line_1_89' title="bbox 239 4613 1815 4685; baseline -0.001 -16"><span class='ocrx_word' id='word_1_657' title='bbox 239 4616 373 4669; x_wconf 83' lang='grc' dir='ltr'><strong>Θεὸν</strong></span> <span class='ocrx_word' id='word_1_658' title='bbox 417 4617 527 4685; x_wconf 71' lang='grc' dir='ltr'><strong>ἰδίᾳ</strong></span> <span class='ocrx_word' id='word_1_659' title='bbox 578 4615 773 4679; x_wconf 78' lang='grc' dir='ltr'><strong>τιθεὶς,</strong></span> <span class='ocrx_word' id='word_1_660' title='bbox 801 4616 894 4667; x_wconf 76' lang='grc' dir='ltr'><strong>καὶ</strong></span> <span class='ocrx_word' id='word_1_661' title='bbox 930 4613 1131 4685; x_wconf 81' lang='grc' dir='ltr'><strong>ὁμοίως</strong></span> <span class='ocrx_word' id='word_1_662' title='bbox 1161 4613 1448 4684; x_wconf 80' lang='grc' dir='ltr'><strong>ἄνθρωπον</strong></span> <span class='ocrx_word' id='word_1_663' title='bbox 1479 4613 1586 4667; x_wconf 79' lang='grc' dir='ltr'><strong>ἀνὰ</strong></span> <span class='ocrx_word' id='word_1_664' title='bbox 1633 4613 1815 4684; x_wconf 84' lang='grc' dir='ltr'><strong>μέρος,</strong></span> 
     </span>
    </p>
   </div>
   <div class='ocr_carea' id='block_1_90' title="bbox 244 4704 1823 4776">
    <p class='ocr_par' dir='ltr' id='par_1_90' title="bbox 244 4704 1823 4776">
     <span class='ocr_line' id='line_1_90' title="bbox 244 4704 1823 4776; baseline -0.004 -15"><span class='ocrx_word' id='word_1_665' title='bbox 244 4708 587 4775; x_wconf 55' lang='grc' dir='ltr'><strong>συναφθέντα</strong></span> <span class='ocrx_word' id='word_1_666' title='bbox 630 4705 751 4775; x_wconf 82' lang='grc' dir='ltr'><strong>Θεῷ</strong></span> <span class='ocrx_word' id='word_1_667' title='bbox 796 4704 1079 4776; x_wconf 84' lang='grc' dir='ltr'><strong>σχετικῶς,</strong></span> <span class='ocrx_word' id='word_1_668' title='bbox 1129 4704 1272 4757; x_wconf 84' lang='grc' dir='ltr'><strong>κατά</strong></span> <span class='ocrx_word' id='word_1_669' title='bbox 1308 4704 1474 4774; x_wconf 85' lang='grc' dir='ltr'><strong>μόνην</strong></span> <span class='ocrx_word' id='word_1_670' title='bbox 1506 4704 1605 4772; x_wconf 85' lang='grc' dir='ltr'><strong>τὴν</strong></span> <span class='ocrx_word' id='word_1_671' title='bbox 1660 4705 1823 4756; x_wconf 74' lang='grc' dir='ltr'><strong>ἰσοτι-</strong></span> 
     </span>
    </p>
   </div>
   <div class='ocr_carea' id='block_1_91' title="bbox 244 4794 1823 4870">
    <p class='ocr_par' dir='ltr' id='par_1_91' title="bbox 244 4794 1823 4870">
     <span class='ocr_line' id='line_1_91' title="bbox 244 4794 1823 4870; baseline -0.001 -20"><span class='ocrx_word' id='word_1_672' title='bbox 244 4800 603 4870; x_wconf 66' lang='grc' dir='ltr'><strong>μίαν,ἦγουν,</strong></span> <span class='ocrx_word' id='word_1_673' title='bbox 627 4795 934 4851; x_wconf 81' lang='grc' dir='ltr'><strong>αὐθεντὶαν.</strong></span> <span class='ocrx_word' id='word_1_674' title='bbox 960 4797 1107 4865; x_wconf 77' lang='grc' dir='ltr'><strong>Ἔφη</strong></span> <span class='ocrx_word' id='word_1_675' title='bbox 1125 4795 1233 4865; x_wconf 82' lang='grc' dir='ltr'><strong>γὰρ</strong></span> <span class='ocrx_word' id='word_1_676' title='bbox 1258 4794 1458 4858; x_wconf 72' lang='grc' dir='ltr'><strong>οὕτως’</strong></span> <span class='ocrx_word' id='word_1_677' title='bbox 1496 4794 1823 4866; x_wconf 86' lang='grc' dir='ltr'><strong>Ἀχώριστος</strong></span> 
     </span>
    </p>
   </div>
   <div class='ocr_carea' id='block_1_92' title="bbox 239 4885 1823 4958">
    <p class='ocr_par' dir='ltr' id='par_1_92' title="bbox 239 4885 1823 4958">
     <span class='ocr_line' id='line_1_92' title="bbox 239 4885 1823 4958; baseline -0.003 -15"><span class='ocrx_word' id='word_1_678' title='bbox 239 4888 342 4944; x_wconf 80' lang='grc' dir='ltr'><strong>τοῦ</strong></span> <span class='ocrx_word' id='word_1_679' title='bbox 383 4890 706 4958; x_wconf 74' lang='grc' dir='ltr'><strong>φαινομένου</strong></span> <span class='ocrx_word' id='word_1_680' title='bbox 735 4887 867 4950; x_wconf 89' lang='grc' dir='ltr'><strong>Θεός</strong></span> <span class='ocrx_word' id='word_1_681' title='bbox 889 4903 904 4918; x_wconf 86' lang='lat'><strong><em>°</em></strong></span> <span class='ocrx_word' id='word_1_682' title='bbox 934 4886 1022 4939; x_wconf 79' lang='grc' dir='ltr'><strong>διὰ</strong></span> <span class='ocrx_word' id='word_1_683' title='bbox 1055 4887 1212 4940; x_wconf 88' lang='grc' dir='ltr'><strong>τοῦτο</strong></span> <span class='ocrx_word' id='word_1_684' title='bbox 1235 4885 1330 4940; x_wconf 84' lang='grc' dir='ltr'><strong>τοῦ</strong></span> <span class='ocrx_word' id='word_1_685' title='bbox 1357 4886 1431 4957; x_wconf 79' lang='grc' dir='ltr'><strong>μὴ</strong></span> <span class='ocrx_word' id='word_1_686' title='bbox 1453 4885 1823 4956; x_wconf 79' lang='grc' dir='ltr'><strong>χωριζομένου</strong></span> 
     </span>
    </p>
   </div>
   <div class='ocr_carea' id='block_1_93' title="bbox 240 4977 1826 5053">
    <p class='ocr_par' dir='ltr' id='par_1_93' title="bbox 240 4977 1826 5053">
     <span class='ocr_line' id='line_1_93' title="bbox 240 4977 1826 5053; baseline -0.003 -18"><span class='ocrx_word' id='word_1_687' title='bbox 240 4983 344 5053; x_wconf 76' lang='grc' dir='ltr'><strong>τὴν</strong></span> <span class='ocrx_word' id='word_1_688' title='bbox 371 4982 545 5051; x_wconf 72' lang='grc' dir='ltr'><strong>τιμὴν</strong></span> <span class='ocrx_word' id='word_1_689' title='bbox 574 4981 629 5033; x_wconf 76' lang='grc' dir='ltr'><strong>οὐ</strong></span> <span class='ocrx_word' id='word_1_690' title='bbox 649 4979 871 5053; x_wconf 77' lang='grc' dir='ltr'><strong>χωρίζω</strong></span> <span class='ocrx_word' id='word_1_691' title='bbox 889 4994 903 5008; x_wconf 78' lang='grc'><strong><em>⁸</em></strong></span> <span class='ocrx_word' id='word_1_692' title='bbox 937 4979 1158 5052; x_wconf 77' lang='grc' dir='ltr'><strong>χωρίζω</strong></span> <span class='ocrx_word' id='word_1_693' title='bbox 1184 4979 1284 5043; x_wconf 78' lang='grc' dir='ltr'><strong>τὰς</strong></span> <span class='ocrx_word' id='word_1_694' title='bbox 1320 4978 1508 5048; x_wconf 81' lang='grc' dir='ltr'><strong>φύσεις</strong></span> <span class='ocrx_word' id='word_1_695' title='bbox 1528 4994 1540 5008; x_wconf 88' lang='grc'><strong>·</strong></span> <span class='ocrx_word' id='word_1_696' title='bbox 1577 4978 1692 5032; x_wconf 80' lang='grc' dir='ltr'>ἀλλ’</span> <span class='ocrx_word' id='word_1_697' title='bbox 1719 4977 1826 5031; x_wconf 83' lang='grc' dir='ltr'><strong>ὲνῶ</strong></span> 
     </span>
    </p>
   </div>
   <div class='ocr_carea' id='block_1_94' title="bbox 243 5069 1820 5146">
    <p class='ocr_par' dir='ltr' id='par_1_94' title="bbox 243 5069 1820 5146">
     <span class='ocr_line' id='line_1_94' title="bbox 243 5069 1820 5146; baseline -0.003 -19"><span class='ocrx_word' id='word_1_698' title='bbox 243 5077 343 5146; x_wconf 68' lang='grc' dir='ltr'><strong>τὴν</strong></span> <span class='ocrx_word' id='word_1_699' title='bbox 398 5073 793 5146; x_wconf 74' lang='grc' dir='ltr'><strong>προσκύνησιν.</strong></span> <span class='ocrx_word' id='word_1_700' title='bbox 846 5073 911 5126; x_wconf 81' lang='grc' dir='ltr'><strong>Οἱ</strong></span> <span class='ocrx_word' id='word_1_701' title='bbox 947 5073 1005 5126; x_wconf 83' lang='grc' dir='ltr'><strong>δέ</strong></span> <span class='ocrx_word' id='word_1_702' title='bbox 1048 5087 1114 5140; x_wconf 84' lang='grc' dir='ltr'><strong>γε</strong></span> <span class='ocrx_word' id='word_1_703' title='bbox 1153 5072 1292 5125; x_wconf 73' lang='grc' dir='ltr'><strong>κατὰ</strong></span> <span class='ocrx_word' id='word_1_704' title='bbox 1335 5072 1432 5141; x_wconf 84' lang='grc' dir='ltr'><strong>τὴν</strong></span> <span class='ocrx_word' id='word_1_705' title='bbox 1489 5069 1820 5140; x_wconf 83' lang='grc' dir='ltr'><strong>Ἀντιόχειαν</strong></span> 
     </span>
    </p>
   </div>
   <div class='ocr_carea' id='block_1_95' title="bbox 243 5156 1822 5233">
    <p class='ocr_par' dir='ltr' id='par_1_95' title="bbox 243 5156 1822 5233">
     <span class='ocr_line' id='line_1_95' title="bbox 243 5156 1822 5233; baseline -0.004 -16"><span class='ocrx_word' id='word_1_706' title='bbox 243 5164 488 5233; x_wconf 71' lang='grc' dir='ltr'><strong>ἀδελφοὶ,</strong></span> <span class='ocrx_word' id='word_1_707' title='bbox 510 5163 583 5216; x_wconf 74' lang='grc' dir='ltr'><strong>τὰ</strong></span> <span class='ocrx_word' id='word_1_708' title='bbox 616 5163 717 5233; x_wconf 83' lang='grc' dir='ltr'><strong>μὲν</strong></span> <span class='ocrx_word' id='word_1_709' title='bbox 739 5162 799 5230; x_wconf 83' lang='grc' dir='ltr'>ὲξ</span> <span class='ocrx_word' id='word_1_710' title='bbox 842 5156 918 5216; x_wconf 80' lang='grc' dir='ltr'><strong>ὦν</strong></span> <span class='ocrx_word' id='word_1_711' title='bbox 945 5164 1150 5216; x_wconf 84' lang='grc' dir='ltr'><strong>νοεῖται</strong></span> <span class='ocrx_word' id='word_1_712' title='bbox 1180 5162 1434 5232; x_wconf 84' lang='grc' dir='ltr'><strong>Χριστὸς,</strong></span> <span class='ocrx_word' id='word_1_713' title='bbox 1467 5161 1542 5224; x_wconf 84' lang='grc' dir='ltr'>ὡς</span> <span class='ocrx_word' id='word_1_714' title='bbox 1562 5162 1618 5213; x_wconf 80' lang='grc' dir='ltr'><strong>ὲν</strong></span> <span class='ocrx_word' id='word_1_715' title='bbox 1636 5159 1822 5230; x_wconf 76' lang='grc' dir='ltr'>ψιλαῖς</span> 
     </span>
    </p>
   </div>
   <div class='ocr_carea' id='block_1_96' title="bbox 245 5249 1821 5328">
    <p class='ocr_par' dir='ltr' id='par_1_96' title="bbox 245 5249 1821 5328">
     <span class='ocr_line' id='line_1_96' title="bbox 245 5249 1821 5328; baseline -0.004 -20"><span class='ocrx_word' id='word_1_716' title='bbox 245 5257 340 5311; x_wconf 68' lang='grc' dir='ltr'><strong>καὶ</strong></span> <span class='ocrx_word' id='word_1_717' title='bbox 374 5257 568 5328; x_wconf 77' lang='grc' dir='ltr'><strong>μόναις</strong></span> <span class='ocrx_word' id='word_1_718' title='bbox 599 5254 831 5318; x_wconf 70' lang='grc' dir='ltr'><strong>ἐννοίαις</strong></span> <span class='ocrx_word' id='word_1_719' title='bbox 867 5253 1168 5324; x_wconf 83' lang='grc' dir='ltr'><strong>δεχόμενοι,</strong></span> <span class='ocrx_word' id='word_1_720' title='bbox 1204 5252 1418 5321; x_wconf 76' lang='grc' dir='ltr'><strong>φύσεων</strong></span> <span class='ocrx_word' id='word_1_721' title='bbox 1445 5250 1544 5321; x_wconf 82' lang='grc' dir='ltr'><strong>μὲν</strong></span> <span class='ocrx_word' id='word_1_722' title='bbox 1567 5249 1821 5320; x_wconf 82' lang='grc' dir='ltr'><strong>εἰρήκασι</strong></span> 
     </span>
    </p>
   </div>
   <div class='ocr_carea' id='block_1_97' title="bbox 244 5341 1823 5420">
    <p class='ocr_par' dir='ltr' id='par_1_97' title="bbox 244 5341 1823 5420">
     <span class='ocr_line' id='line_1_97' title="bbox 244 5341 1823 5420; baseline -0.004 -20"><span class='ocrx_word' id='word_1_723' title='bbox 244 5348 510 5420; x_wconf 69' lang='grc' dir='ltr'><strong>διαφορὰν</strong></span> <span class='ocrx_word' id='word_1_724' title='bbox 541 5348 560 5418; x_wconf 86' lang='grc'><strong>(</strong></span> <span class='ocrx_word' id='word_1_725' title='bbox 586 5348 671 5400; x_wconf 81' lang='grc' dir='ltr'><strong>ὃτι</strong></span> <span class='ocrx_word' id='word_1_726' title='bbox 707 5347 783 5418; x_wconf 77' lang='grc' dir='ltr'><strong>μὴ</strong></span> <span class='ocrx_word' id='word_1_727' title='bbox 810 5347 1027 5412; x_wconf 89' lang='grc' dir='ltr'><strong>ταυτὸν,</strong></span> <span class='ocrx_word' id='word_1_728' title='bbox 1057 5345 1132 5410; x_wconf 83' lang='grc' dir='ltr'><strong>ὡς</strong></span> <span class='ocrx_word' id='word_1_729' title='bbox 1162 5345 1320 5416; x_wconf 76' lang='grc' dir='ltr'><strong>ἔφην,</strong></span> <span class='ocrx_word' id='word_1_730' title='bbox 1351 5345 1409 5398; x_wconf 75' lang='grc' dir='ltr'><strong>ἐν</strong></span> <span class='ocrx_word' id='word_1_731' title='bbox 1443 5341 1689 5412; x_wconf 78' lang='grc' dir='ltr'><strong>ποιότητι</strong></span> <span class='ocrx_word' id='word_1_732' title='bbox 1722 5359 1823 5412; x_wconf 79' lang='grc' dir='ltr'><strong>φυ-</strong></span> 
     </span>
    </p>
   </div>
   <div class='ocr_carea' id='block_1_98' title="bbox 309 5503 886 5576">
    <p class='ocr_par' dir='ltr' id='par_1_98' title="bbox 309 5503 886 5576">
     <span class='ocr_line' id='line_1_98' title="bbox 309 5503 886 5576; baseline -0.003 -13"><span class='ocrx_word' id='word_1_733' title='bbox 309 5507 355 5539; x_wconf 78' lang='grc'><strong>⁶¹</strong></span> <span class='ocrx_word' id='word_1_734' title='bbox 385 5506 629 5576; x_wconf 79' lang='lat' dir='ltr'><strong>Philipp.</strong></span> <span class='ocrx_word' id='word_1_735' title='bbox 671 5519 730 5570; x_wconf 85' lang='grc' dir='ltr'><strong>ιι,</strong></span> <span class='ocrx_word' id='word_1_736' title='bbox 761 5503 886 5562; x_wconf 79' lang='grc'><strong>6-9.</strong></span> 
     </span>
    </p>
   </div>
   <div class='ocr_carea' id='block_1_99' title="bbox 1986 4146 3496 4223">
    <p class='ocr_par' dir='ltr' id='par_1_99' title="bbox 1986 4146 3496 4223">
     <span class='ocr_line' id='line_1_99' title="bbox 1986 4146 3496 4223; baseline -0.007 -10"><span class='ocrx_word' id='word_1_737' title='bbox 1986 4157 2057 4213; x_wconf 85' lang='lat' dir='ltr'><strong>At</strong></span> <span class='ocrx_word' id='word_1_738' title='bbox 2088 4170 2221 4212; x_wconf 83' lang='lat' dir='ltr'><strong>vero</strong></span> <span class='ocrx_word' id='word_1_739' title='bbox 2251 4153 2488 4211; x_wconf 88' lang='lat' dir='ltr'><strong>Nestorii</strong></span> <span class='ocrx_word' id='word_1_740' title='bbox 2517 4166 2684 4223; x_wconf 86' lang='lat' dir='ltr'><strong>prava</strong></span> <span class='ocrx_word' id='word_1_741' title='bbox 2710 4148 2982 4205; x_wconf 87' lang='lat' dir='ltr'><strong>sententia</strong></span> <span class='ocrx_word' id='word_1_742' title='bbox 3021 4146 3090 4202; x_wconf 88' lang='lat' dir='ltr'><strong>ab</strong></span> <span class='ocrx_word' id='word_1_743' title='bbox 3119 4146 3222 4202; x_wconf 91' lang='lat' dir='ltr'><strong>hac</strong></span> <span class='ocrx_word' id='word_1_744' title='bbox 3245 4146 3496 4202; x_wconf 85' lang='lat' dir='ltr'><strong>doctrina</strong></span> 
     </span>
    </p>
   </div>
   <div class='ocr_carea' id='block_1_100' title="bbox 1918 4236 3495 4319">
    <p class='ocr_par' dir='ltr' id='par_1_100' title="bbox 1918 4236 3495 4319">
     <span class='ocr_line' id='line_1_100' title="bbox 1918 4236 3495 4319; baseline -0.009 -15"><span class='ocrx_word' id='word_1_745' title='bbox 1918 4257 2004 4304; x_wconf 91' lang='lat' dir='ltr'><strong>est</strong></span> <span class='ocrx_word' id='word_1_746' title='bbox 2034 4248 2193 4319; x_wconf 89' lang='lat' dir='ltr'><strong>plane</strong></span> <span class='ocrx_word' id='word_1_747' title='bbox 2219 4245 2453 4300; x_wconf 89' lang='lat' dir='ltr'><strong>diversa.</strong></span> <span class='ocrx_word' id='word_1_748' title='bbox 2479 4242 2614 4297; x_wconf 87' lang='lat' dir='ltr'><strong>Nam</strong></span> <span class='ocrx_word' id='word_1_749' title='bbox 2643 4239 2745 4296; x_wconf 85' lang='lat' dir='ltr'><strong>etsi</strong></span> <span class='ocrx_word' id='word_1_750' title='bbox 2771 4239 2942 4293; x_wconf 90' lang='lat' dir='ltr'><strong>Deum</strong></span> <span class='ocrx_word' id='word_1_751' title='bbox 2968 4236 3206 4292; x_wconf 88' lang='lat' dir='ltr'><strong>Verbum</strong></span> <span class='ocrx_word' id='word_1_752' title='bbox 3243 4236 3495 4296; x_wconf 82' lang='lat' dir='ltr'><strong>incarna—</strong></span> 
     </span>
    </p>
   </div>
   <div class='ocr_carea' id='block_1_101' title="bbox 1921 4327 3498 4405">
    <p class='ocr_par' dir='ltr' id='par_1_101' title="bbox 1921 4327 3498 4405">
     <span class='ocr_line' id='line_1_101' title="bbox 1921 4327 3498 4405; baseline -0.008 -11"><span class='ocrx_word' id='word_1_753' title='bbox 1921 4349 2038 4394; x_wconf 90' lang='lat' dir='ltr'><strong>tum</strong></span> <span class='ocrx_word' id='word_1_754' title='bbox 2077 4337 2464 4405; x_wconf 87' lang='lat' dir='ltr'><strong>hominemque</strong></span> <span class='ocrx_word' id='word_1_755' title='bbox 2490 4333 2691 4389; x_wconf 88' lang='lat' dir='ltr'><strong>factum</strong></span> <span class='ocrx_word' id='word_1_756' title='bbox 2721 4327 2968 4386; x_wconf 83' lang='lat' dir='ltr'><strong>confiteri</strong></span> <span class='ocrx_word' id='word_1_757' title='bbox 2990 4328 3228 4391; x_wconf 89' lang='lat' dir='ltr'><strong>simulet,</strong></span> <span class='ocrx_word' id='word_1_758' title='bbox 3257 4336 3498 4382; x_wconf 86' lang='lat' dir='ltr'><strong>attamen</strong></span> 
     </span>
    </p>
   </div>
   <div class='ocr_carea' id='block_1_102' title="bbox 1924 4418 3499 4494">
    <p class='ocr_par' dir='ltr' id='par_1_102' title="bbox 1924 4418 3499 4494">
     <span class='ocr_line' id='line_1_102' title="bbox 1924 4418 3499 4494; baseline -0.011 -8"><span class='ocrx_word' id='word_1_759' title='bbox 1924 4429 2319 4486; x_wconf 90' lang='lat' dir='ltr'><strong>incarnationis</strong></span> <span class='ocrx_word' id='word_1_760' title='bbox 2342 4427 2597 4480; x_wconf 88' lang='lat' dir='ltr'><strong>virtutem</strong></span> <span class='ocrx_word' id='word_1_761' title='bbox 2623 4423 2897 4494; x_wconf 82' lang='lat' dir='ltr'><strong>ignorans,</strong></span> <span class='ocrx_word' id='word_1_762' title='bbox 2917 4419 3054 4473; x_wconf 86' lang='lat' dir='ltr'><strong>duas</strong></span> <span class='ocrx_word' id='word_1_763' title='bbox 3073 4427 3298 4472; x_wconf 87' lang='lat' dir='ltr'><strong>naturas</strong></span> <span class='ocrx_word' id='word_1_764' title='bbox 3323 4418 3499 4473; x_wconf 89' lang='lat' dir='ltr'><strong>uomi-</strong></span> 
     </span>
    </p>
   </div>
   <div class='ocr_carea' id='block_1_103' title="bbox 1928 4512 3497 4593">
    <p class='ocr_par' dir='ltr' id='par_1_103' title="bbox 1928 4512 3497 4593">
     <span class='ocr_line' id='line_1_103' title="bbox 1928 4512 3497 4593; baseline -0.013 -12"><span class='ocrx_word' id='word_1_765' title='bbox 1928 4535 2040 4589; x_wconf 88' lang='lat' dir='ltr'><strong>nat,</strong></span> <span class='ocrx_word' id='word_1_766' title='bbox 2068 4538 2270 4593; x_wconf 88' lang='lat' dir='ltr'><strong>easque</strong></span> <span class='ocrx_word' id='word_1_767' title='bbox 2293 4536 2324 4575; x_wconf 92' lang='lat' dir='ltr'><strong>a</strong></span> <span class='ocrx_word' id='word_1_768' title='bbox 2341 4536 2398 4575; x_wconf 88' lang='lat' dir='ltr'><strong>se</strong></span> <span class='ocrx_word' id='word_1_769' title='bbox 2417 4517 2648 4573; x_wconf 88' lang='lat' dir='ltr'><strong>invicem</strong></span> <span class='ocrx_word' id='word_1_770' title='bbox 2665 4513 2894 4576; x_wconf 90' lang='lat' dir='ltr'><strong>divellit,</strong></span> <span class='ocrx_word' id='word_1_771' title='bbox 2918 4512 3088 4564; x_wconf 89' lang='lat' dir='ltr'><strong>Deum</strong></span> <span class='ocrx_word' id='word_1_772' title='bbox 3127 4524 3373 4568; x_wconf 87' lang='lat' dir='ltr'><strong>seorsum</strong></span> <span class='ocrx_word' id='word_1_773' title='bbox 3399 4523 3497 4576; x_wconf 84' lang='lat' dir='ltr'><strong>po-</strong></span> 
     </span>
    </p>
   </div>
   <div class='ocr_carea' id='block_1_104' title="bbox 1923 4599 3500 4678">
    <p class='ocr_par' dir='ltr' id='par_1_104' title="bbox 1923 4599 3500 4678">
     <span class='ocr_line' id='line_1_104' title="bbox 1923 4599 3500 4678; baseline -0.012 -7"><span class='ocrx_word' id='word_1_774' title='bbox 1923 4631 2080 4678; x_wconf 91' lang='lat' dir='ltr'><strong>nens,</strong></span> <span class='ocrx_word' id='word_1_775' title='bbox 2096 4622 2152 4669; x_wconf 91' lang='lat' dir='ltr'><strong>et</strong></span> <span class='ocrx_word' id='word_1_776' title='bbox 2168 4613 2356 4667; x_wconf 90' lang='lat' dir='ltr'><strong>itidem</strong></span> <span class='ocrx_word' id='word_1_777' title='bbox 2372 4622 2619 4664; x_wconf 90' lang='lat' dir='ltr'><strong>seorsum</strong></span> <span class='ocrx_word' id='word_1_778' title='bbox 2635 4604 2911 4659; x_wconf 86' lang='lat' dir='ltr'><strong>hominem</strong></span> <span class='ocrx_word' id='word_1_779' title='bbox 2928 4599 3246 4656; x_wconf 89' lang='lat' dir='ltr'><strong>habitudine</strong></span> <span class='ocrx_word' id='word_1_780' title='bbox 3263 4599 3500 4668; x_wconf 89' lang='lat' dir='ltr'><strong>quadam</strong></span> 
     </span>
    </p>
   </div>
   <div class='ocr_carea' id='block_1_105' title="bbox 1917 4689 3500 4774">
    <p class='ocr_par' dir='ltr' id='par_1_105' title="bbox 1917 4689 3500 4774">
     <span class='ocr_line' id='line_1_105' title="bbox 1917 4689 3500 4774; baseline -0.013 -13"><span class='ocrx_word' id='word_1_781' title='bbox 1917 4708 2029 4761; x_wconf 93' lang='lat' dir='ltr'><strong>Deo</strong></span> <span class='ocrx_word' id='word_1_782' title='bbox 2045 4705 2420 4774; x_wconf 87' lang='lat' dir='ltr'><strong>conjunctum,</strong></span> <span class='ocrx_word' id='word_1_783' title='bbox 2439 4714 2538 4768; x_wconf 86' lang='lat' dir='ltr'><strong>per</strong></span> <span class='ocrx_word' id='word_1_784' title='bbox 2556 4697 2726 4752; x_wconf 90' lang='lat' dir='ltr'><strong>solam</strong></span> <span class='ocrx_word' id='word_1_785' title='bbox 2764 4691 2993 4748; x_wconf 90' lang='lat' dir='ltr'><strong>honoris</strong></span> <span class='ocrx_word' id='word_1_786' title='bbox 3013 4689 3379 4759; x_wconf 81' lang='lat' dir='ltr'><strong>aequalitatem</strong></span> <span class='ocrx_word' id='word_1_787' title='bbox 3401 4703 3500 4742; x_wconf 87' lang='lat' dir='ltr'><strong>seu</strong></span> 
     </span>
    </p>
   </div>
   <div class='ocr_carea' id='block_1_106' title="bbox 1917 4778 3499 4853">
    <p class='ocr_par' dir='ltr' id='par_1_106' title="bbox 1917 4778 3499 4853">
     <span class='ocr_line' id='line_1_106' title="bbox 1917 4778 3499 4853; baseline -0.016 0"><span class='ocrx_word' id='word_1_788' title='bbox 1917 4796 2321 4853; x_wconf 88' lang='lat' dir='ltr'><strong>auctoritatem.</strong></span> <span class='ocrx_word' id='word_1_789' title='bbox 2345 4792 2471 4846; x_wconf 71' lang='lat' dir='ltr'><strong>Haec</strong></span> <span class='ocrx_word' id='word_1_790' title='bbox 2498 4788 2643 4843; x_wconf 77' lang='lat' dir='ltr'><strong>enim</strong></span> <span class='ocrx_word' id='word_1_791' title='bbox 2665 4793 2794 4840; x_wconf 91' lang='lat' dir='ltr'><strong>sunt</strong></span> <span class='ocrx_word' id='word_1_792' title='bbox 2813 4783 2979 4838; x_wconf 88' lang='lat' dir='ltr'><strong>verba</strong></span> <span class='ocrx_word' id='word_1_793' title='bbox 3001 4780 3148 4834; x_wconf 91' lang='lat' dir='ltr'><strong>illius</strong></span> <span class='ocrx_word' id='word_1_794' title='bbox 3175 4796 3186 4831; x_wconf 92' lang='lat'><strong>:</strong></span> <span class='ocrx_word' id='word_1_795' title='bbox 3214 4778 3499 4846; x_wconf 86' lang='lat' dir='ltr'><strong>lnscpara-</strong></span> 
     </span>
    </p>
   </div>
   <div class='ocr_carea' id='block_1_107' title="bbox 1918 4865 3500 4942">
    <p class='ocr_par' dir='ltr' id='par_1_107' title="bbox 1918 4865 3500 4942">
     <span class='ocr_line' id='line_1_107' title="bbox 1918 4865 3500 4942; baseline -0.013 -1"><span class='ocrx_word' id='word_1_796' title='bbox 1918 4866 2046 4940; x_wconf 77' lang='lat' dir='ltr'><strong>bilis</strong></span> <span class='ocrx_word' id='word_1_797' title='bbox 2065 4893 2148 4938; x_wconf 92' lang='lat' dir='ltr'><strong>est</strong></span> <span class='ocrx_word' id='word_1_798' title='bbox 2168 4884 2313 4938; x_wconf 91' lang='lat' dir='ltr'><strong>Deus</strong></span> <span class='ocrx_word' id='word_1_799' title='bbox 2330 4895 2361 4934; x_wconf 88' lang='lat' dir='ltr'><strong>a</strong></span> <span class='ocrx_word' id='word_1_800' title='bbox 2387 4876 2621 4942; x_wconf 89' lang='lat' dir='ltr'><strong>visibili;</strong></span> <span class='ocrx_word' id='word_1_801' title='bbox 2651 4873 2795 4928; x_wconf 93' lang='lat' dir='ltr'><strong>unde</strong></span> <span class='ocrx_word' id='word_1_802' title='bbox 2824 4872 3090 4926; x_wconf 90' lang='lat' dir='ltr'><strong>honorem</strong></span> <span class='ocrx_word' id='word_1_803' title='bbox 3122 4867 3241 4937; x_wconf 86' lang='lat' dir='ltr'><strong>ejus</strong></span> <span class='ocrx_word' id='word_1_804' title='bbox 3270 4865 3363 4936; x_wconf 90' lang='lat' dir='ltr'><strong>qui</strong></span> <span class='ocrx_word' id='word_1_805' title='bbox 3388 4880 3500 4920; x_wconf 94' lang='lat' dir='ltr'><strong>non</strong></span> 
     </span>
    </p>
   </div>
   <div class='ocr_carea' id='block_1_108' title="bbox 1919 4957 3498 5045">
    <p class='ocr_par' dir='ltr' id='par_1_108' title="bbox 1919 4957 3498 5045">
     <span class='ocr_line' id='line_1_108' title="bbox 1919 4957 3498 5045; baseline -0.013 -16"><span class='ocrx_word' id='word_1_806' title='bbox 1919 4981 2231 5045; x_wconf 88' lang='lat' dir='ltr'><strong>separatur,</strong></span> <span class='ocrx_word' id='word_1_807' title='bbox 2270 4984 2382 5024; x_wconf 91' lang='lat' dir='ltr'><strong>non</strong></span> <span class='ocrx_word' id='word_1_808' title='bbox 2415 4981 2642 5037; x_wconf 90' lang='lat' dir='ltr'><strong>separo;</strong></span> <span class='ocrx_word' id='word_1_809' title='bbox 2683 4977 2878 5034; x_wconf 89' lang='lat' dir='ltr'><strong>separo</strong></span> <span class='ocrx_word' id='word_1_810' title='bbox 2914 4970 3167 5022; x_wconf 90' lang='lat' dir='ltr'><strong>naturas,</strong></span> <span class='ocrx_word' id='word_1_811' title='bbox 3217 4957 3312 5012; x_wconf 92' lang='lat' dir='ltr'><strong>sed</strong></span> <span class='ocrx_word' id='word_1_812' title='bbox 3367 4972 3498 5024; x_wconf 81' lang='lat' dir='ltr'><strong>con-</strong></span> 
     </span>
    </p>
   </div>
   <div class='ocr_carea' id='block_1_109' title="bbox 1920 5049 3502 5138">
    <p class='ocr_par' dir='ltr' id='par_1_109' title="bbox 1920 5049 3502 5138">
     <span class='ocr_line' id='line_1_109' title="bbox 1920 5049 3502 5138; baseline -0.013 -17"><span class='ocrx_word' id='word_1_813' title='bbox 1920 5068 2090 5138; x_wconf 87' lang='lat' dir='ltr'><strong>jungo</strong></span> <span class='ocrx_word' id='word_1_814' title='bbox 2113 5062 2506 5119; x_wconf 87' lang='lat' dir='ltr'><strong>adorationem.</strong></span> <span class='ocrx_word' id='word_1_815' title='bbox 2533 5058 2600 5112; x_wconf 83' lang='lat' dir='ltr'><strong>At</strong></span> <span class='ocrx_word' id='word_1_816' title='bbox 2623 5071 2752 5112; x_wconf 91' lang='lat' dir='ltr'><strong>vero</strong></span> <span class='ocrx_word' id='word_1_817' title='bbox 2775 5050 3102 5109; x_wconf 86' lang='lat' dir='ltr'><strong>Antiocheni</strong></span> <span class='ocrx_word' id='word_1_818' title='bbox 3119 5049 3334 5113; x_wconf 88' lang='lat' dir='ltr'><strong>fratres,</strong></span> <span class='ocrx_word' id='word_1_819' title='bbox 3350 5064 3414 5102; x_wconf 88' lang='lat' dir='ltr'><strong>ea</strong></span> <span class='ocrx_word' id='word_1_820' title='bbox 3433 5063 3502 5102; x_wconf 76' lang='lat' dir='ltr'><strong>cx</strong></span> 
     </span>
    </p>
   </div>
   <div class='ocr_carea' id='block_1_110' title="bbox 1926 5139 3504 5230">
    <p class='ocr_par' dir='ltr' id='par_1_110' title="bbox 1926 5139 3504 5230">
     <span class='ocr_line' id='line_1_110' title="bbox 1926 5139 3504 5230; baseline -0.013 -16"><span class='ocrx_word' id='word_1_821' title='bbox 1926 5159 2129 5230; x_wconf 88' lang='lat' dir='ltr'><strong>quibus</strong></span> <span class='ocrx_word' id='word_1_822' title='bbox 2150 5154 2404 5212; x_wconf 90' lang='lat' dir='ltr'><strong>Christus</strong></span> <span class='ocrx_word' id='word_1_823' title='bbox 2425 5151 2758 5206; x_wconf 89' lang='lat' dir='ltr'><strong>constitutus</strong></span> <span class='ocrx_word' id='word_1_824' title='bbox 2781 5141 3124 5214; x_wconf 89' lang='lat' dir='ltr'><strong>intelligitur,</strong></span> <span class='ocrx_word' id='word_1_825' title='bbox 3153 5139 3405 5230; x_wconf 71' lang='lat' dir='ltr'><strong>simplici</strong></span> <span class='ocrx_word' id='word_1_826' title='bbox 3416 5153 3504 5194; x_wconf 86' lang='lat' dir='ltr'><strong>so-</strong></span> 
     </span>
    </p>
   </div>
   <div class='ocr_carea' id='block_1_111' title="bbox 1926 5227 3501 5317">
    <p class='ocr_par' dir='ltr' id='par_1_111' title="bbox 1926 5227 3501 5317">
     <span class='ocr_line' id='line_1_111' title="bbox 1926 5227 3501 5317; baseline -0.011 -15"><span class='ocrx_word' id='word_1_827' title='bbox 1926 5227 2089 5317; x_wconf 78' lang='lat' dir='ltr'><strong>laque</strong></span> <span class='ocrx_word' id='word_1_828' title='bbox 2112 5243 2441 5316; x_wconf 83' lang='lat' dir='ltr'><strong>cogitatione</strong></span> <span class='ocrx_word' id='word_1_829' title='bbox 2465 5239 2909 5310; x_wconf 89' lang='lat' dir='ltr'><strong>complectentes,</strong></span> <span class='ocrx_word' id='word_1_830' title='bbox 2934 5240 3256 5286; x_wconf 88' lang='lat' dir='ltr'><strong>naturarum</strong></span> <span class='ocrx_word' id='word_1_831' title='bbox 3277 5227 3501 5299; x_wconf 89' lang='lat' dir='ltr'><strong>quidem</strong></span> 
     </span>
    </p>
   </div>
   <div class='ocr_carea' id='block_1_112' title="bbox 1928 5317 3504 5399">
    <p class='ocr_par' dir='ltr' id='par_1_112' title="bbox 1928 5317 3504 5399">
     <span class='ocr_line' id='line_1_112' title="bbox 1928 5317 3504 5399; baseline -0.01 -7"><span class='ocrx_word' id='word_1_832' title='bbox 1928 5335 2297 5392; x_wconf 78' lang='lat' dir='ltr'><strong>din‘erentiam</strong></span> <span class='ocrx_word' id='word_1_833' title='bbox 2325 5332 2583 5388; x_wconf 81' lang='lat' dir='ltr'><strong>dixerunt</strong></span> <span class='ocrx_word' id='word_1_834' title='bbox 2616 5328 2816 5399; x_wconf 88' lang='lat' dir='ltr'><strong>(neque</strong></span> <span class='ocrx_word' id='word_1_835' title='bbox 2849 5321 3018 5390; x_wconf 90' lang='lat' dir='ltr'><strong>enim,</strong></span> <span class='ocrx_word' id='word_1_836' title='bbox 3055 5329 3118 5378; x_wconf 92' lang='lat' dir='ltr'><strong>ut</strong></span> <span class='ocrx_word' id='word_1_837' title='bbox 3154 5333 3318 5392; x_wconf 82' lang='lat' dir='ltr'><strong>supra</strong></span> <span class='ocrx_word' id='word_1_838' title='bbox 3347 5317 3504 5376; x_wconf 79' lang='lat' dir='ltr'><strong>dice-</strong></span> 
     </span>
    </p>
   </div>
   <div class='ocr_carea' id='block_1_113' title="bbox 1334 5600 2442 5672">
    <p class='ocr_par' dir='ltr' id='par_1_113' title="bbox 1334 5600 2442 5672">
     <span class='ocr_line' id='line_1_113' title="bbox 1334 5600 2442 5672; baseline -0.006 -10"><span class='ocrx_word' id='word_1_839' title='bbox 1334 5606 1509 5662; x_wconf 73' lang='lat' dir='ltr'><strong>Varize</strong></span> <span class='ocrx_word' id='word_1_840' title='bbox 1546 5604 1812 5660; x_wconf 87' lang='lat' dir='ltr'><strong>lectiones</strong></span> <span class='ocrx_word' id='word_1_841' title='bbox 1838 5601 2044 5656; x_wconf 91' lang='lat' dir='ltr'><strong>codicis</strong></span> <span class='ocrx_word' id='word_1_842' title='bbox 2074 5600 2442 5672; x_wconf 83' lang='lat' dir='ltr'><strong>Seguieriani.</strong></span> 
     </span>
    </p>
   </div>
   <div class='ocr_carea' id='block_1_114' title="bbox 314 5722 1246 5802">
    <p class='ocr_par' dir='ltr' id='par_1_114' title="bbox 314 5722 1246 5802">
     <span class='ocr_line' id='line_1_114' title="bbox 314 5722 1246 5802; baseline -0.01 -17"><span class='ocrx_word' id='word_1_843' title='bbox 314 5741 345 5785; x_wconf 75' lang='grc'><strong><em>1</em></strong></span> <span class='ocrx_word' id='word_1_844' title='bbox 369 5733 428 5788; x_wconf 65' lang='grc' dir='ltr'><strong>δὲ</strong></span> <span class='ocrx_word' id='word_1_845' title='bbox 463 5731 809 5802; x_wconf 74' lang='grc' dir='ltr'><strong>θεοπρεπεῖς.</strong></span> <span class='ocrx_word' id='word_1_846' title='bbox 888 5737 910 5764; x_wconf 80' lang='grc' dir='ltr'><strong><em>ι</em></strong></span> <span class='ocrx_word' id='word_1_847' title='bbox 939 5722 1096 5792; x_wconf 82' lang='grc' dir='ltr'><strong>εἶναι,</strong></span> <span class='ocrx_word' id='word_1_848' title='bbox 1133 5724 1246 5778; x_wconf 77' lang='grc' dir='ltr'><strong>καί.</strong></span> 
     </span>
    </p>
   </div>
   <div class='ocr_carea' id='block_1_115' title="bbox 1325 5718 2184 5792">
    <p class='ocr_par' dir='ltr' id='par_1_115' title="bbox 1325 5718 2184 5792">
     <span class='ocr_line' id='line_1_115' title="bbox 1325 5718 2184 5792; baseline -0.003 -17"><span class='ocrx_word' id='word_1_849' title='bbox 1325 5735 1351 5762; x_wconf 75' lang='grc' dir='ltr'>ι</span> <span class='ocrx_word' id='word_1_850' title='bbox 1387 5721 1674 5792; x_wconf 75' lang='grc' dir='ltr'><strong>ἐνδέχεται.</strong></span> <span class='ocrx_word' id='word_1_851' title='bbox 1757 5720 1782 5761; x_wconf 69' lang='grc' dir='ltr'>δ</span> <span class='ocrx_word' id='word_1_852' title='bbox 1819 5718 2184 5789; x_wconf 80' lang='grc' dir='ltr'><strong>ἀποδιίστησι.</strong></span> 
     </span>
    </p>
   </div>
  </div>
