4044 6212
519 301 624 358 195

1559 298 1616 352 S.
1655 291 1928 350 CYRILLI
1968 289 2436 347 ALEXANDRINI
2473 291 2790 347 ARCHIEP.

3670 296 3771 351 196

518 418 666 484 bam,
695 416 841 472 idem
873 415 1030 485 117
1053 414 1294 468 naturali
1319 385 1584 482 qualitate
1620 416 1749 464 sunt
1770 408 2030 463 divinitas
2051 416 2103 462 et

2209 409 2336 477 σικῇ
2368 406 2561 476 θεότης
2613 408 2708 460 καὶ
2737 405 3140 477 ἀνθρωπότης),
3162 404 3260 460 ἕνα
3281 403 3350 474 γε’
3375 405 3484 478 μὴν
3509 407 3656 472 Υξὸν,
3684 412 3781 464 καὶ

519 507 878 578 humanitas),
908 514 1149 560 attamen
1179 518 1350 558 unum
1380 502 1603 566 Filium,
1635 510 1691 556 et
1715 500 2020 566 Christum,
2042 507 2099 554 et

518 601 810 654 Dominum
859 604 1197 666 agnoscunt;
1234 603 1290 650 et
1334 603 1595 664 tanquam
1637 608 1782 647 unus
1820 607 1950 646 vere
1994 592 2098 655 sit,

519 706 682 744 unam
716 703 934 759 quoque
964 703 1084 742 esse
1124 686 1370 759 ejusdem
1405 700 1696 756 personam
1726 685 1954 752 dicunt;
1982 699 2104 754 qua:

517 798 651 836 vero
681 782 826 836 inter
849 795 907 835 se
939 778 1092 834 unita
1121 787 1269 846 sunt,
1297 795 1361 836 ea
1397 781 1548 835 nullo
1581 787 1742 849 pacto
1767 778 2102 834 distrahunt.

521 873 626 928 Sed
662 888 838 942 neque
879 872 1043 927 ullam
1093 874 1403 928 naturalem
1437 872 1761 928 divisionem
1797 870 2104 940 recipiunt,

523 975 586 1018 ut
617 963 919 1018 infelicium
954 962 1335 1017 inventionum
1369 961 1583 1017 auctori
1620 959 1827 1015 sentire
1856 957 2102 1027 placuit:

521 1055 667 1110 solas
695 1061 875 1108 autem
901 1068 1084 1118 voces,
1117 1070 1239 1124 quae
1267 1054 1336 1108 de
1361 1052 1581 1108 Christo
1607 1051 1889 1113 dicuntur,
1923 1064 2107 1103 secer-

518 1145 728 1200 nendas
757 1144 1100 1199 contendunt
1127 1162 1140 1197 :
1165 1152 1479 1213 competere
1506 1151 1689 1198 autem
1717 1157 1809 1196 eas
1832 1149 2102 1205 asserunt,

517 1251 628 1290 non
658 1235 794 1292 alias
822 1234 1046 1305 quidem
1092 1233 1190 1289 Dei
1234 1233 1414 1289 Patris
1452 1233 1634 1290 Verbo
1675 1242 1932 1302 tanquam
1969 1231 2105 1285 Filio

519 1328 750 1384 seorsim
779 1342 879 1397 per
907 1341 964 1382 se
991 1325 1204 1395 posito;
1235 1325 1372 1380 alias
1393 1340 1526 1379 vero
1549 1324 1628 1379 illi
1657 1339 1723 1378 ex
1753 1323 1982 1378 muliere
2009 1337 2104 1393 ge—

518 1421 657 1485 nito,
679 1427 938 1489 tanquam
986 1419 1146 1474 alteri
1172 1433 1366 1474 rursus
1388 1417 1652 1473 distincto
1675 1416 1788 1470 tilio
1814 1433 1826 1468 :
1851 1415 1947 1469 sed
1969 1414 2104 1469 alias

517 1511 742 1581 quidem
787 1509 1062 1565 divinitati
1101 1511 1282 1576 illius,
1310 1512 1448 1567 alias
1489 1524 1709 1565 rursum
1751 1507 2100 1563 humanitati.

517 1602 671 1658 Unus
701 1602 847 1658 enim
892 1601 1148 1673 idemque
1193 1603 1353 1658 simul
1387 1603 1531 1657 Deus
1577 1610 1634 1656 et
1674 1601 1838 1655 homo
1867 1599 2100 1654 exsistit.

2206 499 2462 571 Χριστὸν,
2493 499 2586 552 καλ¹
2610 498 2838 571 Κύριον,
2880 497 2974 550 καὶ
3002 497 3078 562 ὡς
3108 498 3227 572 ἑνὸς
3269 499 3420 564 ὄντος
3455 500 3692 570 ἀληθῶς,
3722 502 3783 555 ἓν

2205 587 2372 642 αὐτοῦ
2398 588 2493 641 καὶ
2521 587 2582 641 τὸ
2623 587 2916 658 πρόσωπον
2960 583 3101 642 εῖναι
3147 605 3342 658 φασινο
3394 590 3678 662 μερίζουσι
3727 593 3783 647 δὲ

2205 683 2328 734 κατ’
2357 679 2549 734 οὐδένα
2583 682 2784 753 τρόπον
2809 680 2880 734 τὰ
2907 681 3179 753 ἡνωμένα.
3218 681 3356 735 Οὔτε
3391 685 3499 753 μὴν
3547 687 3784 757 φυσικὴν

2209 771 2604 842 παραδέχονται
2639 771 2736 842 τὴν
2769 771 3055 848 διαίρεσιν,
3091 773 3235 828 καθὰ
3273 777 3489 845 φρονεῖν
3537 775 3680 840 ἔδοξε
3707 778 3776 847 et";

2205 865 2317 920 τῶν
2369 863 2570 918 ἀθλίων
2620 864 2941 936 εὑρεμάτων
2996 867 3294 937 εἰσηγητῇο
3355 866 3680 938 διαιρεῖσθαι
3727 869 3784 922 δὲ

2209 959 2379 1031 μόνας
2403 960 2762 1014 διατείνονται
2781 960 2879 1024 τὰς
2907 961 3000 1015 ἐπὶ
3023 960 3101 1031 τῷ
3124 961 3315 1032 Κυρίῳ
3339 962 3522 1031 φωνὰς
3551 962 3785 1032 πρέπειν

2206 1050 2268 1103 τέ
2307 1068 2471 1120 φασιν
2500 1050 2690 1117 αὑτὰς,
2729 1052 2789 1105 ού
2818 1052 2918 1115 τὰς
2950 1052 3070 1123 μὲν,
3112 1053 3186 1116 ὠς
3215 1053 3327 1124 Υεῷ
3361 1054 3674 1124 καταμόνας
3707 1053 3788 1125 τῷ

2208 1143 2274 1195 ὲκ
2315 1142 2450 1196 Θεοῦ
2483 1142 2696 1214 Πατρὸς
2722 1143 2900 1214 Λόγῳ,
2932 1144 3033 1208 τὰς
3072 1144 3147 1211 δὲ,
3185 1146 3280 1198 καὶ
3310 1145 3386 1207 ὼς
3415 1145 3589 1216 ἑτέρῳ
3621 1145 3788 1199 πάλιν

2208 1231 2331 1302 υἱῷ,
2359 1232 2437 1303 τῷ
2466 1236 2530 1286 ἐκ
2564 1235 2820 1302 γυναικός
2841 1249 2857 1266 ⁸
2892 1235 3029 1289 ἀλλὰ
3060 1235 3160 1295 τὰς
3194 1237 3292 1307 μὲν
3328 1239 3396 1308 τῇ
3424 1236 3640 1308 Θεότητι
3688 1238 3790 1291 αὑ-

2206 1324 2325 1390 τοῦ,
2356 1323 2454 1388 τὰς
2485 1324 2540 1378 δὲ
2571 1325 2734 1380 πάλιν
2772 1330 2834 1398 τῇ
2871 1328 3254 1400 ἀνθρωπότητι
3293 1328 3481 1384 αὐτοῦ.
3517 1329 3648 1394 Θεὸς
3677 1317 3790 1402 γάρ

2207 1422 2356 1473 ἐστιν
2380 1418 2408 1471 6
2431 1418 2592 1482 αὐτὸς
2620 1421 3035 1493 καὶᾶνθρωπος.
3064 1417 3217 1474 Εῐναι
3242 1421 3298 1474 δέ
3328 1439 3458 1491 φασι
3480 1423 3573 1475 καὶ
3590 1422 3788 1493 ἐτέρας

2206 1513 2682 1584 κοινοποιηθείσας
2729 1513 2931 1584 τρόπον
2981 1513 3127 1578 τινὰ,
3177 1513 3274 1567 καὶ
3315 1508 3425 1568 οἷον
3475 1516 3560 1566 ἐπ’
3615 1514 3790 1584 ἄμφω

2209 1604 2533 1675 βλεπούσας,
2594 1605 2826 1676 θεότητα
2872 1606 2967 1659 καὶ
3015 1605 3412 1678 ἀνθρωπότητα
3454 1605 3616 1674 λέγω.
3658 1599 3788 1659 Οἷον

517 1695 742 1751 Addunt
811 1696 1173 1752 nihilominus
1227 1695 1490 1767 quasdam
1539 1708 1659 1750 esse
1697 1691 2103 1764 quodammodo

2207 1694 2269 1766 δή
2294 1693 2346 1747 τί
2376 1711 2539 1764 φημι.
2581 1694 2648 1746 Αἱ
2678 1695 2776 1764 μὲν
2807 1694 2916 1766 γάρ
2944 1697 3050 1748 εἱσι
3069 1696 3179 1748 τῶν
3207 1695 3401 1766 φωνῶν
3433 1696 3514 1749 ὅτι
3551 1695 3790 1766 μάλιστα

517 1800 857 1851 communes,
888 1795 945 1841 et
967 1787 1120 1840 velut
1146 1785 1213 1840 ad
1246 1795 1537 1855 utramque.
1569 1793 1820 1839 naturam
1853 1791 2103 1852 spectan-

2209 1761 2535 1855 θεοπρεπεῖς
2554 1802 2566 1814 ·
2587 1786 2644 1839 αἱ
2666 1761 2722 1838 δὲ
2746 1761 2898 1839 οὕτω.
2917 1786 3078 1840 πάλιν
3101 1786 3198 1841 ἀνθ
3209 1761 3618 1859 ρωποπρεπεές·
3651 1787 3706 1839 αἱ
3729 1785 3789 1839 δὲ

520 1887 621 1942 tes,
643 1879 1009 1946 divinitatem,
1031 1879 1277 1950 inquam,
1293 1875 1935 1941 ethuntanitatetn.Qnod
1957 1873 2101 1938 dico,

517 1971 786 2042 ejusmodi
821 1981 943 2027 est:
973 1972 1148 2027 Voces
1179 1970 1428 2042 quaedam
1464 1969 1736 2026 divinitati
1760 1967 2104 2037 potissimum

520 2065 875 2129 conveniunt,
902 2065 1023 2119 aliae
1046 2072 1230 2119 autem
1261 2063 1431 2134 magis
1457 2063 1525 2117 ad
1553 2061 1950 2116 humanitatem
1977 2073 2103 2129 pcr-

521 2154 728 2221 tinent;
758 2155 877 2210 alia:
902 2154 1160 2225 denique,
1188 2155 1345 2225 quasi
1377 2154 1588 2218 mediae,
1622 2153 1818 2207 Filium
1846 2154 2018 2206 Deum
2049 2159 2106 2206 et

519 2245 800 2300 hominem
823 2245 985 2300 simul
1012 2253 1069 2300 et
1100 2245 1152 2299 in
1186 2245 1378 2300 eodem
1409 2259 1530 2299 esse
1558 2243 1856 2298 declarant.
1887 2242 2104 2297 Etenim

519 2350 646 2390 cum
699 2336 953 2406 Philippo
1005 2336 1140 2392 dicit
1186 2354 1199 2389 :
1251 2356 1269 2387 ‹
1309 2337 1484 2390 Tanto
1527 2345 1774 2406 tempore
1819 2335 2102 2389 vobiscum

521 2445 664 2492 sum,
693 2437 750 2483 et
770 2443 880 2482 non
922 2429 1224 2498 cognovisti
1267 2443 1374 2493 me,
1419 2427 1708 2498 Philippe?
1759 2427 1879 2481 Non
1925 2425 2106 2481 credis

521 2517 649 2587 quia
683 2534 784 2589 ego
813 2519 870 2573 in
906 2520 1098 2585 Patre,
1133 2529 1189 2574 et
1225 2521 1386 2574 Pater
1411 2519 1468 2574 in
1510 2535 1598 2574 me
1645 2519 1768 2574 est?
1805 2517 1908 2585 Qui
1955 2516 2107 2572 videt

522 2625 630 2674 me,
646 2611 796 2665 videt
818 2621 874 2666 et
887 2612 1102 2666 Patrem
1122 2612 1188 2664 °’.
1204 2613 1316 2683 Ego
1333 2621 1387 2667 et
1398 2613 1559 2666 Pater
1574 2627 1746 2665 unum
1768 2625 1961 2664 sumus
1978 2609 2052 2675 “;
2079 2627 2096 2660 ι

521 2715 711 2756 vocem
746 2701 1018 2756 divinitati
1041 2702 1277 2758 maxime
1308 2703 1725 2758 convenientem
1753 2701 2000 2772 proferre
2027 2700 2106 2754 af-

524 2793 825 2848 ﬁrmamus.
848 2792 984 2848 Cum
1010 2809 1142 2849 vero
1163 2794 1478 2850 Iudaeorum
1509 2795 1774 2865 populum
1793 2793 2101 2863 increpans,

521 2885 598 2938 ait
627 2902 640 2937 :
676 2904 695 2934 ι
729 2884 786 2939 Si
817 2883 913 2940 lilii
942 2885 1178 2941 Abrahae
1229 2887 1445 2952 essetis,
1471 2901 1641 2957 opera
1699 2886 1932 2942 Abraha:
1965 2885 2081 2941 face

523 2975 674 3029 retis.
703 2976 860 3030 Nunc
890 2985 1071 3031 autem
1093 2977 1341 3046 quaeritis
1362 2992 1448 3032 me
1468 2977 1779 3033 interﬁcere
1802 2977 2101 3042 hominem,

524 3067 619 3135 qui
641 3067 928 3121 veritatem
948 3067 1106 3123 vobis
1129 3068 1345 3123 locutus
1367 3084 1489 3125 sum
1514 3087 1527 3122 :
1552 3069 1658 3124 hoc
1687 3069 1961 3123 Abraham
1992 3085 2103 3124 non

455 3153 469 3165 '
525 3157 654 3212 fecit
674 3158 749 3223 ‘5;
779 3176 796 3208 ι
824 3159 1092 3228 ejusmodi
1112 3160 1310 3229 exponi
1328 3155 1576 3216 ‘dicimus
1597 3175 1718 3230 quae
1741 3160 1947 3216 homini
1973 3175 2103 3230 pro-

525 3249 642 3318 prie
667 3257 1003 3319 competunt.
1038 3251 1422 3308 Verumtamen
1452 3260 1509 3308 et
1534 3253 1640 3307 illm
1669 3267 1790 3323 qua:
1830 3252 2105 3307 divinitati

526 3340 884 3406 conveniunt,
919 3349 976 3396 et
1016 3341 1121 3396 illae
1151 3358 1370 3397 rursum
1409 3358 1572 3398 voces
1606 3359 1727 3413 quae
1751 3343 1820 3397 ad
1848 3343 2103 3399 humani-

527 3441 692 3485 tatem
726 3432 1027 3503 pertinent,
1051 3435 1148 3489 uni
1173 3443 1382 3488 tantum
1411 3434 1550 3489 Filio
1570 3436 1940 3491 ascribuntur.
1968 3435 2105 3490 Cum

523 3522 672 3576 enim
715 3523 862 3578 Deus
899 3531 1065 3588 esset,
1114 3525 1280 3580 homo
1311 3524 1489 3580 factus
1520 3534 1624 3590 est,
1669 3525 1954 3580 divinitate
1993 3542 2106 3582 non

525 3616 741 3680 amissa,
778 3615 874 3670 sed
899 3630 1064 3670 carne
1093 3625 1149 3670 et
1190 3618 1454 3688 sanguine
1482 3619 1795 3688 assumptis.
1836 3619 2106 3685 Quoniam

524 3720 655 3758 vero
691 3721 834 3760 unus
865 3713 951 3760 est
985 3705 1179 3773 Filius,
1228 3716 1284 3762 et
1313 3709 1478 3773 Deus,
1522 3715 1579 3762 et
1610 3708 1911 3774 Dominus,
1940 3725 2105 3763 unam

524 3811 740 3866 quoque
791 3803 1004 3850 tantum
1055 3812 1379 3865 personam,
1455 3807 1564 3853 tam
1614 3814 1716 3854 nos
1783 3811 1947 3870 quam
2001 3800 2104 3869 ipsi

525 3901 902 3954 agnoscamus.
931 3887 1138 3942 Medias
1159 3894 1343 3940 autem
1363 3903 1527 3942 voces
1546 3888 1666 3943 illas
1686 3904 1804 3943 esse
1827 3905 2106 3944 assevera-

525 3990 668 4040 mus,
707 3985 768 4030 ut
800 3991 924 4030 cum
964 3977 1160 4032 beatus
1186 3978 1388 4033 Paulus
1431 3979 1623 4034 scribit
1653 3997 1664 4032 :
1700 3999 1718 4030 ‹
1753 3980 1912 4036 Jesus
1941 3980 2103 4035 Chri-

525 4077 644 4123 stus
683 4069 803 4124 heri
833 4079 888 4124 et
911 4071 1097 4136 hodie,
1127 4071 1272 4125 idem
1309 4080 1366 4125 et
1400 4072 1456 4125 in
1490 4073 1686 4127 srecula
1715 4074 1792 4139 5‘;
1832 4093 1849 4124 ›
1879 4083 1934 4127 et
1976 4091 2102 4128 rur-

527 4176 648 4214 sum
681 4179 692 4213 :
731 4181 748 4212 ι
782 4160 1066 4230 Siquidem
1089 4171 1217 4216 sunt
1245 4162 1322 4215 dii
1349 4163 1507 4217 multi
1537 4172 1593 4218 et
1628 4164 1834 4218 domini
1866 4166 2023 4219 multi
2050 4166 2104 4221 in

524 4255 666 4309 caelo
691 4254 824 4307 etin
853 4262 1034 4320 terra;
1062 4255 1222 4310 nobis
1256 4262 1438 4310 tamen
1468 4271 1612 4310 unus
1634 4268 1718 4312 est
1750 4258 1895 4312 Deus
1919 4259 2101 4324 Pater,

524 4360 593 4400 ex
627 4359 734 4414 quo
768 4345 971 4411 omnia,
1003 4355 1059 4401 et
1093 4362 1194 4402 nos
1239 4363 1306 4401 ex
1359 4347 1476 4417 ipso
1517 4367 1529 4402 :
1566 4358 1623 4403 et
1666 4367 1807 4405 unus
1841 4351 2105 4407 Dominus

2206 1877 2290 1930 ὄτι
2323 1877 2559 1947 μάλιστα
2587 1878 2759 1950 μέσην
2787 1879 2909 1932 τινὰ
2935 1878 3088 1943 τάξιν
3119 1879 3424 1949 ἐπέχουσιν,
3458 1879 3790 1949 ἐμφανίζου-

2209 1982 2300 2020 σαι
2333 1967 2428 2020 τὸν
2456 1967 2588 2020 Υῑὸν
2627 1967 2759 2022 Θεὸν
2791 1968 2922 2022 ὄντα
2955 1969 3050 2020 καὶ
3073 1967 3380 2039 ἄνθρωπον,
3422 1967 3557 2039 ὁμοῦ
3590 1986 3647 2021 τε
3689 1967 3791 2021 καὶ

2205 2059 2264 2114 έν
2292 2059 2492 2131 ταυτῷ.
2531 2060 2699 2113 Ὅταν
2735 2060 2833 2130 μὲν
2871 2059 2981 2130 γὰρ
3010 2059 3088 2130 τῷ
3111 2059 3361 2130 Φιλίππῳ
3390 2061 3522 2132 λέγῃ
3542 2078 3555 2093 ο
3592 2080 3610 2112 ι
3646 2061 3791 2112 Τοσ-

2205 2151 2360 2205 οῦτον
2397 2150 2590 2222 χρόνον
2651 2151 2769 2222 μεθ’
2803 2149 2957 2222 ὑμῶν
2985 2153 3123 2221 εἰμι,
3169 2151 3262 2204 καὶ
3286 2151 3386 2204 οὐκ
3420 2150 3664 2220 ἔγνωκάς
3691 2168 3787 2220 με,

2206 2242 2476 2309 Φίλιππε;
2511 2243 2584 2296 Οὐ
2617 2253 2640 2281 ο
2684 2241 2984 2306 πιστεύεις,
3013 2243 3094 2295 ὅτι
3125 2241 3235 2312 ἐγὼ
3258 2243 3315 2295 ὲν
3347 2241 3426 2312 τῷ
3465 2242 3660 2314 Πατρὶ,
3687 2243 3790 2295 καὶ

2206 2336 2234 2386 6
2267 2333 2456 2406 Πατὴρ
2494 2335 2550 2387 ὲν
2581 2334 2704 2405 ἐμοί
2746 2335 2927 2400 ὲστιν;
2981 2333 3038 2387 ’0
3087 2334 3350 2404 ἑωρακὼς
3400 2334 3522 2403 ἐμὲ,
3567 2335 3789 2404 ἑώρακε

2206 2425 2297 2480 τὸν
2331 2425 2572 2498 Πατέρα.
2619 2424 2761 2494 Ἐγὼ
2789 2425 2884 2479 καὶ
2915 2427 2943 2478 6
2967 2426 3155 2496 Πατὴρ
3181 2425 3239 2480 έν
3268 2426 3432 2496 ἐσμεν
3454 2443 3465 2454 ·
3499 2443 3519 2478 ι
3546 2425 3792 2496 ,Θεοπρε-

2207 2519 2483 2589 πεστάτην
2519 2512 2657 2572 εἶναι
2686 2518 3140 2591 διαϐεϐαιούμεοα
3165 2519 3261 2589 τὴν
3291 2520 3499 2590 φωνήν.
3529 2518 3699 2570 Ὅταν
3731 2519 3790 2573 δὲ

2205 2615 2318 2675 τοῖς
2379 2610 2649 2665 Ἰουδαίων
2719 2609 3027 2683 έπιπλήττῃ
3071 2610 3292 2682 δήμοις,
3349 2611 3529 2662 έκεῖνο
3575 2599 3786 2675 λέγων’

2214 2726 2232 2758 ι
2268 2707 2331 2760 ΕΞ
2365 2705 2529 2759 τέκνα
2557 2703 2651 2758 τοῦ
2690 2703 2943 2776 Ἀϐραὰμ
2979 2699 3100 2775 ἦτε,
3131 2703 3200 2757 τὰ
3234 2702 3371 2773 ἔργα
3394 2702 3486 2756 τοῦ
3531 2701 3788 2773 Ἀϐραάμ

2206 2799 2444 2852 ἐποιεῖτε
2479 2797 2571 2851 ἄν·
2602 2796 2696 2851 νῦν
2726 2796 2782 2850 δὲ
2800 2795 3015 2867 ζητεῖτέ
3040 2813 3106 2867 με
3134 2795 3474 2857 ἀποκτεῖναι,
3497 2793 3787 2864 ἄνθρωπον

2205 2889 2263 2954 ὸς
2293 2889 2389 2962 τὴν
2414 2888 2672 2960 ἀλήθειαν
2703 2889 2830 2959 ὑμῖν
2851 2887 3125 2960 λελάληκα
3148 2904 3163 2920 ·
3198 2887 3356 2940 τοῦτο
3396 2885 3646 2958 Ἀϐραὰμ
3680 2884 3789 2937 οὐκ

2205 2983 2493 3052 ἐποίησεν*
2539 3000 2557 3033 ι
2595 2980 3085 3052 ἁνθρωποπρεπῶς
3132 2978 3383 3051 εἰρῆσθαι
3421 2979 3642 3032 τοιαῦτά
3673 2994 3789 3046 φα-

2212 3092 2331 3146 μεν.
2366 3073 2515 3144 Πλὴν
2541 3071 2632 3126 τοῦ
2671 3072 2789 3136 ένὸς
2827 3071 2958 3125 Υἱοῦ
3007 3070 3107 3136 τὰς
3152 3069 3494 3142 θεοπρεπεῖς,
3537 3069 3632 3122 καὶ
3682 3067 3789 3138 μέν

2207 3183 2291 3227 τοι
2328 3165 2428 3228 τὰς
2459 3163 2826 3237 ἀνθρωπίνας.
2849 3162 2980 3228 Θεὸς
3003 3162 3110 3233 γὰρ
3133 3161 3207 3215 ὣν
3231 3161 3450 3230 γέγονεν
3475 3158 3787 3230 ἄνθρωπος,

2210 3256 2270 3309 οὐ
2303 3254 2364 3308 τὸ
2415 3249 2555 3307 εἶναι
2603 3252 2735 3316 Θεὸς
2783 3251 2976 3322 ἀφείς·
3031 3254 3088 3305 ὲν
3132 3252 3436 3324 προσλήψει
3478 3250 3538 3305 δὲ
3583 3248 3788 3321 μᾶλλον

2211 3346 2415 3419 σαρκὸς
2456 3346 2550 3400 καὶ
2581 3347 2814 3416 αἵματος
2870 3343 3131 3415 γεγονώς.
3170 3342 3389 3414 Ἐπειδὴ
3418 3343 3473 3396 δὲ
3520 3333 3601 3406 εἷς
3634 3342 3787 3396 ἐστιν

2210 3439 2359 3504 Υἱὸς,
2393 3438 2486 3492 καὶ
2515 3437 2668 3501 Θεὸς,
2703 3438 2798 3492 καὶ
2833 3436 3060 3508 Κύριος,
3091 3436 3148 3490 ἓν
3179 3435 3344 3490 αὑτοῦ
3370 3435 3462 3489 καὶ
3491 3433 3787 3506 πρόσωπον

2209 3528 2346 3584 εἶναί
2375 3548 2576 3600 φαμεν,
2611 3532 2770 3602 ἡμεῖς
2802 3547 2860 3584 τε
2894 3532 3158 3584 κάκεῖνοι.
3193 3528 3380 3593 Μέσας
3411 3528 3466 3582 δὲ
3495 3523 3632 3584 εἶναι
3670 3545 3788 3600 φω-

2208 3620 2304 3682 νὰς
2360 3619 2575 3682 ὲκείνας
2609 3616 3098 3689 διαϐεϐαιούμεθαο
3133 3611 3244 3670 οἷον
3276 3618 3403 3670 ὅταν
3449 3619 3478 3670 6
3513 3617 3788 3688 μακάριος

2209 3710 2422 3773 Παῦλος
2449 3709 2673 3781 γράφῃ’
2714 3729 2732 3760 ι
2783 3708 2989 3780 Ἰησοῦς
3028 3709 3264 3780 Χριστὸς
3309 3708 3456 3778 χθὲς,
3493 3709 3586 3761 καὶ
3614 3711 3788 3781 σήμες

2210 3818 2320 3872 ρον,
2351 3802 2378 3853 6
2405 3799 2566 3859 αὐτὸς
2583 3798 2678 3853 καὶ
2700 3800 2778 3862 εἰς
2796 3799 2920 3862 τοὺς
2944 3799 3166 3862 αἰῶνας
3195 3817 3212 3849 ι
3232 3799 3327 3852 καὶ
3352 3798 3510 3851 πάλιν
3530 3815 3544 3828 °
3569 3815 3588 3848 ι
3613 3796 3785 3870 Εἴπερ

2208 3893 2312 3946 εἰσὶ
2347 3892 2459 3945 θεοὶ
2499 3891 2592 3944 καὶ
2617 3892 2798 3963 κύριοι
2829 3891 3011 3944 πολλοὶ
3050 3890 3107 3942 ἐν
3137 3908 3196 3943 τε
3239 3889 3321 3961 τῷ
3352 3889 3569 3962 οὐρανῷ
3598 3890 3691 3942 καὶ
3727 3892 3787 3942 ἐν

2205 3988 2271 4056 τῇ
2319 3988 2390 4058 γῇ
2421 3985 2481 4024 (ιο
2522 3984 2638 4038 ἀλλ’
2671 3987 2800 4055 ἡμῖν
2831 3979 2911 4048 εἷς
2953 3983 3083 4046 Θεὸς
3133 3993 3155 4022 ο
3187 3985 3215 4036 ὁ
3255 3983 3463 4052 Πατὴρ,
3508 3979 3568 4046 ἐξ
3606 3977 3666 4035 οὗ
3719 3983 3787 4036 τὰ

2207 4077 2408 4142 πάντα,
2438 4077 2534 4130 καὶ
2565 4078 2727 4148 ἡμεῖς
2755 4077 2814 4140 ἐξ
2843 4075 3034 4129 αὐτοῦ’
3069 4075 3163 4130 καὶ
3191 4069 3271 4138 εἷς
3314 4075 3517 4145 Κύριος
3573 4072 3786 4142 Ἰησοῦς

2206 4167 2462 4238 Χριστὸς,
2493 4167 2559 4220 δι’
2588 4162 2648 4221 οῦ
2678 4167 2746 4220 τὰ
2776 4167 2975 4230 πάντα,
3005 4167 3098 4220 καὶ
3128 4167 3288 4236 ἡμεῖς
3313 4165 3379 4218 δι’
3419 4165 3605 4217 αὐτοῦ·
3635 4181 3652 4214 ι
3688 4165 3788 4216 καὶ

2207 4260 2394 4314 πάλιν·
2441 4278 2458 4309 ι
2508 4257 2771 4329 Ηὺχόμην
2817 4259 2926 4328 γὰρ
2975 4258 3136 4320 αὐτὸς
3175 4255 3310 4325 ἐγὼ,
3354 4257 3603 4325 ἀνάθεμα
3642 4250 3787 4308 εἶναι

2206 4351 2312 4406 ἀπὸ
2345 4351 2438 4404 τοῦ
2469 4350 2704 4423 Χριστοῦ
2741 4349 2882 4421 ὑπὲρ
2912 4349 3020 4404 τῶν
3061 4349 3306 4419 ἀδελφῶν
3341 4367 3461 4420 μου,
3501 4350 3610 4402 τῶν
3654 4364 3789 4415 συγ-

523 4437 684 4492 Jesus
706 4437 979 4504 Christus,
994 4455 1092 4509 per
1108 4455 1273 4509 quem
1287 4440 1489 4505 omnia,
1506 4450 1562 4496 et
1577 4457 1677 4496 nos
1694 4459 1790 4511 per
1805 4443 1984 4512 ipsum
1999 4445 2063 4510 67;
2078 4463 2094 4495 ι

2211 4444 2381 4514 γενῶν
2417 4461 2517 4515 μου
2567 4443 2710 4498 κατὰ
2758 4444 2970 4515 σάρκα·
3021 4443 3217 4507 οἵτινές
3257 4445 3394 4497 εἰσιν
3430 4440 3789 4513 Ἰσραηλῖται,

524 4535 580 4581 et
601 4527 730 4581 alibi
764 4528 963 4582 iterum
990 4547 1002 4582 :
1035 4549 1052 4582 ι
1087 4529 1354 4600 Optabam
1377 4531 1525 4587 enim
1548 4547 1650 4603 ego
1674 4533 1790 4603 ipse
1818 4535 2108 4590 anathema

523 4633 646 4674 esse
690 4635 720 4674 a
751 4619 971 4677 Christo
1019 4637 1119 4692 pro
1158 4622 1424 4679 fratribus
1461 4625 1615 4690 meis,
1661 4625 1754 4694 qui
1795 4626 1955 4696 118
1982 4635 2110 4681 sunt

525 4713 745 4782 cognati
777 4714 882 4768 mei
924 4714 1229 4770 secundum
1262 4732 1505 4782 carnem,
1536 4717 1630 4787 qui
1668 4727 1795 4773 sunt
1822 4717 2106 4784 Israelita,

522 4821 760 4873 quorum
788 4814 872 4860 est
903 4806 1126 4878 adoptio
1158 4806 1418 4872 ﬁliorum,
1447 4817 1503 4864 et
1535 4809 1824 4880 legislatio,
1856 4820 1913 4865 et
1947 4819 2110 4864 testa~

523 4905 790 4963 mentum,
825 4910 882 4953 et
923 4899 1128 4970 gloria;
1177 4915 1413 4970 quorum
1447 4909 1666 4971 patres,
1701 4911 1756 4956 et
1796 4916 1864 4955 ex
1909 4902 2110 4972 quibus

521 4986 776 5043 Christus
821 4991 1124 5046 secundum
1170 5006 1415 5058 carnem,
1454 4992 1546 5061 qui
1592 5001 1677 5046 est
1721 5009 1882 5064 super
1924 4993 2107 5048 omnia

522 5080 668 5135 Deus
696 5081 1020 5139 benedictus
1045 5084 1100 5139 in
1126 5085 1343 5139 saacula.
1375 5083 1549 5138 Amen
1575 5085 1638 5137 ⁸⁸.
1673 5103 1690 5135 ι
1721 5085 1801 5138 En
1826 5085 2107 5140 Christum

520 5173 708 5228 Jesum
736 5176 1046 5243 nominans,
1071 5177 1190 5231 heri
1222 5185 1278 5232 et
1313 5175 1500 5240 hodie,
1541 5182 1596 5230 et
1628 5175 1683 5229 in
1718 5177 1913 5230 saecula
1949 5191 2106 5229 eum-

522 5263 648 5320 dem
674 5281 793 5322 esse
823 5268 1049 5335 asserit;
1081 5277 1139 5324 et
1159 5285 1258 5340 per
1282 5269 1460 5340 ipsum
1484 5266 1666 5322 omnia
1690 5265 1829 5322 facta
1858 5283 1981 5323 esse
2009 5267 2105 5334 ait,

2207 4531 2281 4591 ὧν
2312 4538 2462 4591 ἐστιν
2485 4539 2518 4610 ἡ
2543 4529 2804 4602 υἱοθεσῖα,
2825 4538 2917 4592 καὶ
2949 4539 2983 4607 ἡ
3007 4536 3316 4607 νομοθεσία,
3351 4536 3443 4590 καὶ
3467 4536 3500 4604 ἡ
3524 4534 3788 4604 διαθήκη,

2208 4630 2301 4682 καὶ
2338 4627 2468 4692 δόξα
2488 4643 2502 4657 '
2550 4622 2625 4681 ὧν
2652 4629 2701 4681 οἱ
2731 4628 2988 4696 πατέρες.
3032 4627 3125 4680 καὶ
3159 4627 3220 4691 ἐξ
3249 4624 3324 4679 ὧν
3347 4627 3408 4680 τὸ
3434 4625 3573 4679 κατὰ
3603 4625 3788 4695 σάρκα

2207 4719 2460 4790 Χριστὸς,
2489 4720 2517 4770 ὁ
2543 4718 2619 4772 ὢν
2659 4719 2751 4772 ἐπὶ
2796 4720 3014 4774 πάντων
3058 4718 3189 4781 Θεὸς
3220 4717 3508 4788 εὐλογητὸς
3545 4717 3624 4778 εἰς
3655 4717 3788 4779 τοὺς

2207 4811 2433 4876 αἰῶνας.
2479 4813 2671 4882 Ἀμήν.
2724 4831 2742 4864 ι
2785 4811 2915 4864 Ἰδοὺ
2951 4810 3080 4883 γὰρ,
3127 4811 3258 4874 ἰδοὺ,
3303 4808 3536 4879 Χριστὸν
3577 4807 3788 4877 Ἰησοῦν

2205 4903 2498 4972 ὀνομάσας,
2525 4902 2673 4972 χθὲς,
2705 4903 2797 4955 καὶ
2828 4904 3072 4974 σήμερον
3097 4903 3189 4960 τὸν
3230 4901 3393 4957 αὐτὸν
3440 4896 3581 4953 εἷναί
3625 4917 3784 4968 φησι,

2206 4993 2300 5044 καὶ
2351 4993 2432 5055 εἰς
2484 4993 2610 5054 τοὺς
2662 4992 2888 5059 αἰῶνας,
2939 4993 3034 5048 καὶ
3076 4993 3141 5046 δι’
3195 4993 3362 5047 αὑτοῦ
3423 4990 3676 5062 γενέσθαι
3716 4991 3790 5042 τὰ

2207 5083 2385 5138 πάντα
2401 5100 2414 5112 ο
2442 5083 2649 5137 καὶτὸν
2678 5083 2819 5138 κατὰ
2844 5084 3022 5156 σάρκα
3047 5084 3105 5152 ἐξ
3140 5083 3430 5150 Ἰουδαίων,
3452 5085 3542 5137 ἐπὶ
3565 5083 3790 5136 πάντων

2205 5173 2460 5244 ὀνομάζει
2505 5173 2671 5228 Θεόν·
2716 5175 2809 5228 καὶ
2858 5175 2964 5248 μὴν
2993 5177 3088 5230 καὶ
3115 5175 3410 5248 εύλογητὸν
3439 5171 3578 5230 εἶναι
3617 5191 3790 5244 φησιν

2205 5268 2284 5332 εἰς
2305 5269 2429 5332 τοὺς
2456 5269 2680 5334 αἰῶνας.

596 5419 653 5496 ⁸1
677 5421 826 5496 loan.
858 5439 967 5488 nv,
991 5423 1044 5488 8,
1068 5424 1121 5480 9.
1199 5425 1418 5481 “Joan.
1451 5443 1512 5496 ιι,
1542 5423 1628 5478 ⁸50.
1707 5425 1751 5456 ⁸⁵
1775 5424 1932 5479 Joan.
1959 5441 2072 5491 vni,
2099 5425 2103 5474 1

2217 5425 2303 5480 40.
2381 5426 2426 5458 °°
2454 5426 2620 5483 Hebr.
2644 5443 2755 5493 xm,
2789 5429 2838 5481 8.
2916 5430 2958 5460 ν
2995 5429 3014 5483 l
3047 5427 3171 5484 Cor.
3205 5444 3319 5495 vui,
3343 5429 3396 5494 5,
3419 5428 3472 5483 6.
3552 5424 3595 5458 ⁸⁸
3620 5427 3790 5484 Rom.

524 5506 599 5558 Ix,
625 5491 738 5544 3-5.

1605 5605 1780 5662 Varia:
1805 5606 2070 5666 lectiones
2099 5609 2306 5667 codicis
2333 5611 2693 5684 Seguieriani.

590 5733 619 5790 γε
653 5721 1008 5793 με,Φὶλιππε.
1049 5721 1146 5775 οι.
1221 5720 1247 5761 τι
1279 5720 1370 5773 ἐπὶ
1394 5722 1490 5790 τῆς
1531 5722 1654 5793 γῆς.
1735 5737 1757 5763 ο
1798 5725 2014 5796 Πατήρ·
