4044 6212
261 303 368 361 I97

1685 291 2021 348 EPISTOLA
2061 294 2174 348 XL.

3420 301 3524 358 199

251 426 316 474 et
345 417 527 478 illum,
552 415 644 484 qui
669 411 977 467 secundum
997 423 1220 492 carnem
1260 426 1328 467 ex
1363 410 1570 468 Judaeis
1604 420 1707 476 est,
1748 412 1918 466 Deum
1958 426 2125 482 super
2147 411 2330 467 omnia
2361 390 2616 484 appell'at,
2643 424 2697 471 et
2733 418 2786 470 in
2814 420 3010 473 δωροῖο
3031 434 3150 474 esse
3178 417 3526 475 benedictum

254 505 500 564 afﬁrmat

331 600 429 668 Μὴ
459 596 634 650 τοίνυν
670 594 852 665 διέλῃς
885 593 944 645 ὲν
979 591 1188 655 τούτοις
1221 588 1242 630 ἲ
1275 591 1374 654 τὰς
1407 590 1501 644 ἐπὶ
1544 588 1622 662 τῷ
1652 588 1840 661 Κυρίῳ

2010 586 2071 640 In
2095 585 2179 641 his
2201 586 2367 656 igitur
2389 587 2659 658 ejusmodi
2689 603 2869 653 voces,
2902 605 3023 658 quae
3048 591 3114 646 de
3138 593 3368 648 Domino
3392 609 3530 664 pm)“

255 691 452 763 φωνάς
475 706 488 718 ⁸
537 687 724 758 ἔχουσι
757 683 870 755 γὰρ
901 685 961 738 ὲν
1013 682 1196 754 ταυτῷ
1224 683 1286 736 τὸ
1313 681 1614 752 θεοπρεπὲς
1665 681 1762 735 καὶ
1791 678 1851 733 τὸ

251 781 607 852 ἀνθρώπινον
628 795 642 807 ·
673 778 991 848 ὲφάρμοσον
1020 774 1076 828 δὲ
1105 775 1306 846 μᾶλλον
1326 772 1516 840 αύτάς,
1545 773 1621 836 ὡς
1647 773 1750 835 ἐνὶ,
1775 770 1851 840 τῷ

254 875 392 944 Υξῷ,
418 873 568 925 τοῦτ’
599 870 772 932 ἐστιν,
805 868 883 940 τῷ
909 867 1029 938 Θεῷ
1054 867 1214 936 Λόγῳ
1240 864 1670 938 σεσαρκωμένῳ.
1698 864 1851 917 Ἔτε-

251 983 350 1037 ρον
385 966 573 1018 τοίνυν
607 962 732 1015 ἐστὶ
781 961 842 1014 τὸ
897 961 1131 1030 διαιρεῖν
1173 958 1276 1023 τὰς
1310 958 1520 1029 φύσεις,
1562 957 1656 1010 καὶ
1695 955 1852 1008 τοῦτο

253 1058 400 1129 μετά
423 1058 527 1126 τὴν
549 1056 773 1118 ἕνωσιν,
801 1053 899 1107 καὶ
928 1052 1072 1106 κατὰ
1096 1053 1264 1123 μόνην
1286 1050 1558 1122 ἰσοτιμίαν
1581 1047 1851 1119 συνῆφθαι

249 1151 437 1218 λέγειν
477 1148 775 1220 ἄνθρωπον
806 1145 946 1218 Θεῷ,
989 1146 1086 1199 καὶ
1120 1144 1322 1214 ὁμοίως
1349 1143 1535 1214 ἕτερον
1567 1142 1628 1195 τὸ
1657 1139 1851 1211 φωνῶν

251 1243 462 1297 εἰδέναι
515 1240 812 1312 διαφοράν.
865 1238 976 1292 Ποῦ
1031 1236 1324 1308 τοιγαροῦν
1377 1237 1500 1298 ταῖς
1551 1232 1850 1305 Νεστορίου

251 1333 658 1403 καινοφωνίαις
679 1335 706 1375 ⁸
733 1333 802 1385 τὰ
828 1332 1052 1385 ἐκείνων
1078 1329 1360 1401 συντρέχει
1380 1346 1395 1395 ;
1414 1329 1476 1381 Εἰ
1497 1327 1604 1399 γὰρ
1627 1327 1717 1380 καί
1741 1344 1850 1379 τισι

250 1428 404 1480 δοκεί
435 1427 550 1477 τῶν
599 1423 802 1489 λέξεων
829 1425 862 1492 ἡ
900 1421 1167 1493 συνθήκη,
1216 1421 1311 1474 καὶ
1348 1420 1456 1473 τῶν
1488 1419 1774 1490 νοημάτων
1817 1419 1850 1489 ἡ

255 1513 523 1586 προφορὰ
575 1515 631 1577 ιι,
673 1513 774 1582 τῆς
812 1514 1000 1583 ἰσχνῆς
1033 1512 1173 1580 ἄγαν
1205 1509 1493 1581 ἀκριϐείας
1537 1507 1852 1578 ἀπολιμπά-

251 1607 494 1668 νεσθαι,
545 1603 872 1675 θαυμαστὸν
925 1602 1113 1657 οὐδέν’
1165 1601 1561 1672 δυσεκφώνητα
1611 1599 1722 1670 γὰρ
1782 1600 1853 1653 τὰ

249 1699 445 1753 τοιάδε
477 1697 620 1750 λίαν.
654 1696 843 1768 Ταύτῃ
873 1713 956 1748 τοι
984 1695 1077 1748 καὶ
1105 1696 1133 1748 ὁ
1166 1693 1453 1758 θεσπέσιος
1489 1691 1698 1756 Παῦλος
1723 1692 1851 1762 ἐξή-

253 1809 342 1843 τει
374 1789 536 1859 παρὰ
564 1787 704 1841 Θεοῦ
731 1787 887 1856 λόγον
920 1786 978 1840 ἐν
1012 1785 1215 1851 ἀνοίξει
1241 1785 1335 1838 τοῦ
1371 1784 1635 1855 στόματος
1660 1782 1847 1838 αὐτοῦ.

258 1887 386 1936 Ὅτι
416 1882 536 1951 γὰρ
569 1880 635 1932 οὐ
662 1879 976 1951 μερίζουσιν
1003 1881 1084 1942 εἰς
1115 1878 1208 1932 δύο
1235 1878 1327 1931 τὸν
1347 1877 1445 1932 ἕνα
1481 1877 1686 1948 Ἰησοῦν
1717 1878 1853 1948 Χρι-

260 1975 408 2039 στὸν,
454 1971 666 2044 χρῆναι
697 1970 950 2038 λέγοντες
983 1967 1398 2039 ἐφαρμόζεσθαι
1424 1967 1522 2030 τὰς
1549 1967 1754 2036 φωνὰς,
1783 1969 1849 2037 τῇ

258 2065 355 2136 μὲν
386 2063 620 2132 θεότητι
648 2059 817 2114 αὐτοῦ
862 2059 963 2123 τὰς
997 2059 1341 2130 θεοπρεπεῖς,
1372 2061 1440 2129 τῇ
1468 2058 1526 2112 δὲ
1567 2057 1852 2128 ἀνθρωπό-

257 2172 379 2225 τητι
409 2154 584 2207 πάλιν
613 2151 781 2204 αὑτοῦ
824 2149 924 2213 τὰς
956 2149 1330 2220 ἀνθρωπίνας,
1367 2149 1484 2212 πῶς
1511 2150 1609 2220 οὐχ
1652 2150 1853 2202 ἅπασιν

259 2246 530 2320 ἑναργὲς;
565 2242 1022 2297 Διαὸεδαιοῦνται
1051 2241 1181 2312 γὰρ,
1227 2241 1304 2305 ὼς
1333 2240 1493 2312 ἔφην,
1521 2242 1604 2294 ὅτι
1641 2240 1802 2303 αὐτὸς
1826 2240 1854 2293 ὁ

261 2346 320 2395 ἐκ
351 2338 496 2394 Θεοῦ
533 2337 756 2408 [ἰατρὸς
784 2335 981 2403 Λόγος,
1013 2331 1295 2402 γεννηθεὶς
1331 2331 1438 2403 πρὸ
1480 2329 1710 2392 αἰώνων,
1759 2330 1854 2383 καὶ

263 2436 315 2485 ἐν
341 2431 608 2501 ἐσχάτοις
637 2430 856 2499 καιροῖς
905 2423 1210 2495 ὲγγεννήθη
1255 2425 1399 2477 κατά
1444 2423 1625 2492 σάρκα
1665 2424 1730 2474 ἐκ
1757 2423 1856 2491 τῆς

265 2526 423 2594 ἁγίας
444 2521 759 2594 Παρθένου.
783 2518 1204 2590 Προσεπάγουσι
1227 2516 1285 2569 δὲ
1312 2518 1417 2581 ὅτι,
1437 2515 1527 2568 διὰ
1547 2516 1656 2586 τὴν
1675 2514 1853 2585 ἄφραο

266 2632 384 2667 στον
419 2614 517 2666 καὶ
545 2611 862 2680 ἀσύγχυτον
891 2609 1118 2670 ἕνωσιν,
1153 2606 1249 2660 καὶ
1286 2606 1548 2660 Θεοτόκον
1581 2601 1721 2659 εἶναι
1763 2622 1854 2656 πι-

268 2707 519 2761 στεύουσι
567 2704 670 2776 τὴν
718 2701 882 2771 ἁγίαν
927 2699 1240 2771 Παρθένον·
1291 2697 1386 2752 καὶ
1433 2697 1529 2751 ἕνα
1582 2696 1710 2750 Υἱὸν
1761 2695 1855 2748 καὶ

267 2799 502 2871 Χριστὸν
559 2796 658 2849 καὶ
706 2793 916 2863 Κύριον
945 2789 1266 2862 ὁμολογοῦσι.
1314 2787 1522 2858 σαφῶς.
1568 2785 1856 2844 Ἀπίθανον

269 2892 324 2945 δὲ
357 2889 648 2952 παντελῶς
682 2887 770 2951 τὸ,
799 2885 896 2938 καὶ
923 2885 1021 2938 ἕνα
1047 2884 1249 2951 λέγειν,
1299 2881 1392 2935 καὶ
1421 2880 1727 2950 διατέμνειν
1775 2879 1855 2942 εἰς

269 2983 361 3036 δύο
383 2983 470 3034 τὸν
505 2979 630 3044 ἕνα,
658 2976 906 3050 νομίζειν
941 2974 1159 3038 αύτούς.
1193 2973 1266 3032 Ού
1300 2971 1410 3042 γὰρ
1445 2973 1459 3012 ί
1503 2971 1570 3025 ἂν
1592 2972 1669 3030 εἰς
1697 2969 1855 3023 τοῦτο

273 3071 551 3142 προῆλθον
584 3067 955 3139 ἀποπληξίας,
995 3065 1071 3128 ὡς
1103 3063 1425 3136 παραϐάτας
1461 3062 1687 3123 ἑαυτοὺς
1734 3077 1858 3113 συν-

275 3163 588 3232 ιστάνειν,βά
607 3162 912 3215 κατέλυσαν
937 3157 1134 3229 ὀρθῶς,
1156 3154 1560 3228 οἰκοδομοῦντες
1587 3152 1851 3216 ἀϐούλως.

1951 677 2225 743 dicantur,
2261 693 2330 732 ne
2365 677 2608 744 dividas;
2659 680 2820 734 simul
2866 682 3013 735 cnim
3061 684 3114 736 in
3151 684 3344 738 eodem
3376 702 3527 741 com-

1951 770 2266 838 plectuntur
2304 779 2360 826 et
2404 771 2549 840 quod
2577 773 2688 827 Deo
2717 783 2772 828 et
2805 773 2953 842 quod
2985 774 3192 830 homini
3230 780 3526 843 convenit;

1951 861 2047 916 sed
2092 861 2287 931 adapta
2337 863 2458 918 illas
2489 865 2582 918 uni
2632 864 2789 928 Filio,
2837 865 2942 921 hoc
2983 875 3087 932 est,
3123 868 3403 925 incarnato
3432 873 3528 926 Dei

1952 952 2149 1008 Verbo.
2184 951 2347 1007 Aliud
2394 961 2479 1008 est
2510 969 2640 1025 ergo
2685 965 2908 1011 naturas
2940 957 3086 1027 ipsas
3119 959 3397 1027 dirimere,
3443 964 3528 1016 id-

1949 1059 2055 1114 quc
2087 1053 2208 1114 post
2239 1045 2647 1112 adunationcm,
2683 1047 3071 1119 hominemque
3104 1053 3408 1107 secundum
3438 1071 3529 1109 so-

1950 1135 2058 1189 lam
2087 1136 2312 1191 honoris
2343 1139 2714 1207 aequalitatem
2755 1140 2868 1196 Deo
2908 1141 3260 1210 conjunctum
3291 1159 3414 1198 esse
3441 1161 3530 1199 as-

1953 1243 2172 1295 serere;
2223 1229 2372 1284 aliud
2422 1247 2644 1286 rursum
2693 1247 2890 1288 vocum
2941 1234 3309 1290 differentiam
3361 1252 3532 1308 agno-

1952 1334 2127 1374 scere.
2159 1318 2444 1386 Quomodo
2472 1321 2638 1392 igitur
2674 1322 2893 1377 illorum
2929 1323 3073 1378 dicta
3099 1340 3223 1380 cum
3248 1326 3530 1381 Nestoriu-

1951 1411 2038 1466 nis
2091 1428 2283 1467 vocum
2337 1413 2676 1470 novitatibus
2733 1417 3074 1486 congruunt?
3119 1418 3256 1471 Nam
3315 1418 3530 1472 etiamsi

1952 1503 2257 1558 dictionum
2305 1514 2616 1570 structura,
2669 1508 3178 1577 sententiarumque
3224 1511 3532 1565 enuntiatio

1952 1594 2221 1664 ejusmodi
2250 1595 2323 1650 sit
2352 1604 2413 1650 ut
2439 1611 2470 1650 a
2499 1596 2790 1652 subtiliore
2830 1597 2920 1652 illa
2959 1598 3240 1669 diligentia
3281 1600 3532 1655 nonnihil

1952 1687 2210 1743 recedere
2263 1687 2592 1758 quibusdam
2638 1689 2814 1744 videri
2863 1699 3048 1759 queat,
3083 1706 3192 1744 non
3243 1699 3328 1746 est
3374 1691 3534 1746 valde

1952 1780 2152 1834 mirum
2184 1798 2196 1834 :
2224 1780 2429 1834 etenim
2465 1794 2573 1834 non
2622 1796 2816 1850 parum
2865 1781 3084 1836 diiIieile
3131 1791 3216 1836 est
3263 1782 3378 1836 haec
3407 1790 3534 1852 apte

1952 1873 2246 1942 explicare.
2284 1873 2418 1927 Nam
2446 1881 2502 1926 et
2523 1871 2743 1927 divinus
2778 1873 2980 1928 Paulus
3015 1889 3322 1928 sermonem
3356 1889 3388 1928 a
3421 1875 3534 1928 Deo

1956 1963 2012 2016 in
2041 1963 2154 2018 oris
2192 1962 2277 2017 sui
2321 1963 2602 2032 apertione
2641 1963 2840 2032 quaerit
2883 1964 2947 2016 ‘9.
2977 1961 3134 2028 Quod
3171 1964 3319 2017 enim
3361 1979 3533 2018 unum

1956 2055 2246 2109 Dominum
2295 2064 2547 2110 nostrum
2587 2056 2776 2111 Jesum
2819 2054 3100 2110 Christum
3147 2056 3202 2110 in
3237 2056 3375 2110 duos
3421 2059 3534 2111 non

1955 2149 2222 2211 dividant,
2251 2148 2296 2201 si
2323 2163 2485 2203 voces
2511 2149 2632 2203 illas
2661 2162 2783 2216 quae
2805 2148 2918 2202 Deo
2945 2147 3297 2213 conveniunt,
3327 2149 3552 2205 divini-u

1956 2238 2054 2292 tati
2085 2239 2225 2308 ejus,
2253 2238 2390 2292 alias
2415 2252 2634 2292 rursum
2668 2250 2789 2304 qua:
2816 2235 3025 2290 homini
3049 2245 3387 2307 competunt,
3426 2240 3532 2293 hu-

1954 2330 2205 2384 manitati
2247 2330 2396 2384 illius
2427 2327 2692 2399 aptandas
2723 2341 2844 2382 esse
2885 2327 3089 2391 dicant,
3122 2328 3247 2397 quis
3285 2329 3536 2385 dubitat?

1953 2421 2240 2476 Atlirmant
2269 2421 2438 2485 enim,
2475 2429 2534 2476 ut
2558 2429 2688 2476 ante
2713 2419 2848 2482 dixi,
2876 2419 3053 2489 ipsum
3079 2421 3211 2475 illud
3239 2422 3333 2476 Dei
3358 2423 3536 2478 Patris
3578 2440 3584 2480 ε

1955 2513 2223 2580 Verbum,
2258 2511 2407 2582 quod
2451 2519 2578 2567 ante
2624 2511 2823 2566 saecula
2855 2512 3096 2581 genitum
3129 2521 3213 2566 est
3245 2527 3313 2566 ex
3341 2513 3533 2578 Patre,

1955 2604 2244 2674 postremis
2284 2603 2625 2672 temporibus
2648 2617 2715 2656 ex
2756 2611 2941 2656 sancta
2976 2602 3196 2672 Virgine
3231 2605 3534 2658 secundum

1954 2709 2174 2751 carnem
2197 2703 2388 2751 natum
2409 2707 2551 2748 esse.
2582 2691 2805 2746 Addunt
2832 2699 3035 2754 autem,
3063 2701 3288 2760 propter
3315 2693 3533 2747 inenar-

1957 2785 2186 2838 rabilem
2221 2784 2369 2840 illam
2412 2780 2866 2848 inconfusamque
2901 2780 3160 2834 unionem
3199 2781 3363 2836 etiam
3406 2795 3533 2834 san-

1956 2884 2099 2931 ctam
2127 2873 2404 2944 Virginem
2454 2872 2742 2941 Deiparam
2775 2885 2895 2925 esse
2927 2885 2985 2924 se
3012 2869 3270 2935 credere;
3320 2886 3534 2925 necnon

1957 2980 2126 3020 unum
2156 2963 2356 3018 Filium
2381 2972 2438 3016 et
2461 2960 2739 3016 Christum
2775 2970 2831 3016 et
2857 2960 3148 3014 Dominum
3175 2969 3366 3030 aperte
3404 2977 3534 3031 pro-

1958 3057 2202 3111 ﬁtentur.
2228 3055 2324 3110 Est
2342 3062 2524 3108 autem
2545 3052 2768 3107 omnino
2792 3051 3153 3121 improbabile
3179 3062 3394 3122 putare,
3417 3067 3533 3117 eos,

1958 3165 2083 3204 cum
2112 3163 2283 3203 unum
2313 3145 2522 3210 dicant,
2551 3144 2608 3198 in
2633 3142 2773 3198 duos
2797 3143 3158 3198 nihilominus
3183 3144 3338 3198 illum
3363 3158 3536 3198 unum

275 3258 337 3310 Εἰ
369 3257 484 3326 γὰρ
506 3258 633 3316 ταῖς
661 3251 953 3323 Νεστορίου
983 3248 1355 3319 συμφέρονται
1383 3246 1582 3314 δόξαις,
1609 3244 1728 3309 πῶς
1755 3245 1852 3298 αύ-

1959 3242 2223 3296 dividere.
2258 3238 2371 3293 Nec
2402 3237 2549 3291 enim
2582 3235 2657 3289 ita
2693 3234 2990 3300 insaniunt,
3015 3244 3077 3290 ut
3108 3243 3539 3306 transgressores

271 3347 372 3411 τὰς
405 3342 918 3415 ἁναθεματίζουσιν,
949 3341 1024 3403 ὡς
1057 3339 1317 3410 βεϐήλους
1348 3339 1442 3392 καὶ
1471 3335 1719 3408 μυσαρὰς
1748 3352 1763 3400 ;

1958 3333 2166 3404 seipsos
2207 3328 2578 3391 constituant,
2636 3326 2944 3381 inconsulte
2993 3341 3058 3381 ea
3110 3325 3535 3388 remditicantes,

273 3460 400 3514 quae
427 3449 581 3496 recte
609 3446 936 3494 everterant.
970 3433 1026 3490 Si
1059 3432 1207 3489 enim
1234 3430 1474 3488 Nestorii
1506 3428 1859 3502 opinionibus
1896 3424 2266 3489 consentiunt,
2292 3421 2568 3492 quomodo
2594 3419 2715 3476 illas
2774 3427 3031 3488 tanquam
3081 3418 3336 3488 profanas
3361 3427 3418 3474 et
3437 3418 3536 3475 de-

279 3535 556 3594 testandas
581 3528 1081 3590 anathematizant?

344 3634 512 3706 Οἶμαι
542 3634 603 3688 δὲ
625 3633 738 3686 δεῖν
764 3632 859 3685 καὶ
875 3631 970 3695 τὰς
996 3629 1176 3690 αίτίας
1197 3629 1392 3694 εἰπεῖν,
1417 3627 1483 3681 δι’
1511 3626 1578 3690 ἀς
1595 3626 1674 3690 είς
1697 3627 1857 3680 τοῦτο

279 3727 547 3799 προ-ᾔθον
579 3725 940 3796 ίσχνοιρωνίας
962 3723 1009 3777 i.
1055 3723 1274 3793 Ἐπειδὴ
1293 3721 1403 3792 γὰρ
1422 3723 1471 3775 οἱ
1499 3722 1597 3791 τῆς
1646 3720 1855 3792 Ἀρείου

279 3816 598 3879 δυσσεϐείας
645 3815 1005 3880 ὑπασπισταὶ,
1045 3814 1146 3884 τῆς
1193 3812 1452 3882 ἀληθείας
1489 3810 1588 3880 τὴν
1631 3810 1859 3881 δύναμιν

279 3909 503 3972 ἀνοσίως
561 3906 1057 3978 ὲκκαπηλεύοντες,
1089 3906 1182 3959 τὸν
1217 3907 1282 3960 ὲκ
1320 3902 1455 3958 Θεοῦ
1503 3920 1635 3972 φασι
1679 3903 1854 3970 Λόγον

281 4001 534 4069 γενέσθαι
554 4001 658 4069 μὲν
683 3999 990 4070 ἄνθρωπον,
1026 3997 1164 4070 πλὴν
1189 3996 1383 4068 ἀψύχῳ
1406 3995 1855 4068 προσχρήσασθαι

283 4077 494 4162 σώματι
522 4092 855 4163 (πράττουσι
885 4091 942 4144 δὲ
973 4090 1131 4146 τοῦτο
1155 4089 1623 4160 φιλοκακούργως,
1651 4087 1736 4140 ἵνα
1757 4085 1856 4148 τὰς

281 4184 632 4254 ἀνθρωπίνας
667 4183 855 4252 φωνὰς
885 4182 1034 4253 αύτῷ
1067 4181 1486 4252 προσνέμοντες,
1510 4178 1585 4242 ὡς
1611 4179 1668 4231 ὲν
1707 4177 1854 4248 μείο-

283 4293 364 4328 σιν
394 4275 528 4328 ὂντα
555 4277 656 4346 τῆς
684 4276 782 4330 τοῦ
812 4275 1024 4347 Πατρὸς
1069 4274 1344 4344 ὑπεροχῆς
1374 4275 1488 4336 τοῖς
1513 4271 1642 4342 παρ’
1679 4267 1858 4322 αὐτῶν

283 4367 663 4438 πλανωμένοις
685 4366 1120 4431 ὲπιδεικνύωσιν,
1148 4366 1420 4436 ἑτεροφυᾶ
1449 4380 1510 4416 τε
1532 4361 1694 4417 αὐτὸν
1719 4356 1858 4413 εἶναι

2022 3618 2276 3674 Arbitror
2310 3623 2494 3668 autem
2527 3624 2721 3666 causas
2753 3621 2973 3677 quoque
3011 3601 3362 3672 assignandas
3389 3616 3542 3667 esse,-

1954 3719 2178 3782 propter
2199 3722 2337 3777 quas
2356 3701 2666 3758 Orientales
2694 3699 2764 3754 ad
2788 3712 2908 3753 eam
2935 3693 3151 3749 dicendi
3174 3692 3534 3748 subtilitatem

1956 3797 2298 3854 devenerint.
2329 3791 2466 3858 Quia
2487 3789 2637 3844 enim
2665 3788 2874 3842 Arianae
2907 3782 3204 3852 impietatis
3228 3797 3535 3852 propugna-

1960 3899 2128 3952 tores,
2152 3886 2263 3941 vim
2289 3881 2533 3938 veritatis
2557 3879 2723 3949 impie
2753 3876 3145 3938 adulterantes,
3173 3873 3269 3929 Dei
3293 3873 3534 3931 Verbum

1965 3981 2124 4051 119
2162 3976 2440 4032 hominem
2479 3971 2702 4042 quidem
2745 3969 2947 4026 factum
2991 3965 3258 4030 fatentur;
3293 3973 3536 4022 attamen

1962 4073 2202 4128 iuanime
2237 4082 2438 4138 corpus
2484 4064 2587 4122 sibi
2634 4061 2946 4134 adjunxisse
2985 4066 3260 4130 nugantur
3307 4057 3536 4130 (faciunt

1961 4166 2066 4220 hoc
2096 4171 2277 4218 autem
2308 4157 2598 4217 malitiose.
2634 4162 2712 4221 ut,
2739 4153 2869 4208 dum
2903 4165 3066 4206 voces
3091 4149 3342 4204 humanm
3372 4157 3535 4201 natu-

1962 4273 2036 4312 rae
2067 4252 2454 4310 convenientes
2496 4248 2575 4303 illi
2614 4246 2884 4309 tribuunt,
2918 4243 2983 4298 iis
3015 4257 3154 4312 quos
3186 4241 3241 4297 in
3288 4239 3538 4294 fraudem

1963 4348 2330 4408 adduxerunt,
2367 4341 2506 4396 infra
2539 4338 2719 4396 Patris
2745 4336 3123 4392 excellentiam
3153 4332 3534 4395 constitutum,

282 4425 534 4528 λέγωσί),
567 4425 743 4527 ταύτῃ
767 4473 850 4509 τοι
883 4425 1117 4519 δεδιότες
1141 4457 1190 4508 οἱ
1221 4425 1284 4508 ἐκ
1312 4425 1413 4524 τῆς
1449 4452 1754 4522 Ἀνατολῆς,
1783 4449 1854 4520 μὴ

1963 4450 2019 4496 et
2051 4455 2159 4494 non
2191 4435 2435 4508 ejusdem
2468 4447 2593 4487 cum
2631 4431 2790 4486 Patre
2833 4425 3153 4482 substantiae
3189 4438 3309 4478 esse
3347 4429 3536 4476 osten-

283 4552 388 4619 ἄρα
410 4567 536 4613 πως
582 4550 618 4619 ἡ
663 4547 756 4601 τοῦ
789 4547 922 4602 Θεοῦ
950 4549 1122 4616 Λόγου
1149 4544 1644 4616 κατασμικρύνοιτο
1674 4543 1702 4582 k
1731 4542 1860 4610 δόξα

282 4657 342 4694 τε
389 4641 487 4694 καὶ
524 4639 711 4708 φύσις,
747 4638 858 4692 ἀπό
889 4655 954 4706 γε
995 4637 1104 4690 τῶν
1154 4635 1513 4708 ἀνθρωπίνως
1554 4632 1859 4704 εἰρημένων

282 4730 373 4782 διὰ
400 4732 499 4799 τὴν
537 4732 680 4800 μετὰ
709 4729 910 4800 σαρκὸς
934 4727 1269 4799 οἰκονομίαν,
1297 4726 1591 4798 διορίζουσι
1623 4724 1721 4788 τὰς
1747 4741 1860 4792 φω-

285 4822 408 4883 νὰς,
431 4822 533 4874 οὐκ
563 4823 644 4884 εἰς
678 4821 773 4875 δύο
800 4823 1110 4892 τέμνοντες,
1141 4820 1217 4884 ὡς
1250 4819 1405 4890 ἔφην,
1447 4819 1540 4871 τὸν
1585 4817 1682 4872 ἕνα
1729 4816 1858 4870 Υἱδν

288 4910 388 4963 καὶ
417 4909 640 4980 Κύριον,
662 4911 801 4964 ἀλλά
830 4911 928 4974 τὰς
960 4912 1058 4982 μὲν
1090 4914 1155 4982 τῇ
1186 4911 1399 4981 θεότητι
1425 4907 1590 4964 αὐτοῦ
1631 4906 1858 4980 προσνέ-

289 5016 517 5068 μοντες,
558 5001 653 5064 τὰς
695 5003 754 5054 δὲ
801 5004 869 5073 τῇ
914 5001 1297 5072 ἀνθρωπότητι
1349 4999 1512 5054 πάλιν
1559 5002 1624 5071 τῇ
1664 4996 1861 5052 αὐτοῦ’

1965 4532 2097 4587 dant
2127 4547 2192 4586 ac
2229 4523 2638 4600 persuadeant),
2670 4537 2790 4577 eam
2814 4521 2886 4575 ob
2908 4534 3128 4574 causam
3150 4515 3308 4572 veriti
3338 4513 3534 4569 Orien-

1967 4624 2130 4688 tales,
2177 4635 2248 4676 ne
2287 4633 2393 4689 qua
2436 4616 2645 4671 ratione
2677 4612 2840 4668 Verbi
2885 4611 2983 4666 Dei
3027 4608 3198 4680 gloria
3245 4614 3300 4661 et
3340 4614 3536 4659 natura

1965 4721 2190 4786 propter
2221 4725 2286 4766 ea
2310 4722 2432 4778 qua:
2462 4705 2533 4760 ob
2569 4709 2878 4771 susceptam
2901 4714 3028 4755 cum
3058 4711 3221 4752 carne
3248 4694 3532 4763 dispensa-

1965 4807 2170 4861 tionem
2189 4803 2430 4856 humano
2451 4812 2604 4853 more
2625 4794 2692 4850 de
2715 4794 2808 4849 illo
2829 4791 3219 4862 prmdicantur,
3240 4786 3539 4841 detrimen-

1965 4909 2081 4954 tum
2108 4895 2400 4964 acciperet,
2421 4903 2585 4944 voces
2606 4887 2925 4942 discernunt
2950 4902 2964 4938 ε
2989 4898 3099 4938 non
3119 4879 3341 4951 quidem
3365 4893 3537 4932 unum

1961 4990 2159 5046 Filium
2183 4999 2248 5040 ac
2272 4981 2563 5038 Dominum
2588 4978 2642 5032 in
2667 4978 2806 5032 duos
2827 4973 3159 5036 scindentes,
3191 4977 3253 5025 ut
3281 4968 3412 5032 dixi,
3439 4966 3537 5021 sed

290 5059 431 5161 πλὴν
620 5059 983 5155 ἀπάσαςῃὲνί.
1022 5059 1348 5162 ’Ἑπυθόμην
1386 5089 1464 5154 δὲ,
1511 5059 1854 5156 ὃτιιγέγραφὲ

1965 5083 2100 5137 alias
2144 5076 2367 5148 quidem
2414 5072 2558 5126 illius
2603 5067 2898 5132 divinitati,
2950 5064 3085 5121 alias
3117 5076 3250 5118 vero
3291 5059 3538 5130 ejusdem

294 5201 403 5236 τισι
436 5183 546 5237 τῶν
583 5183 906 5255 ἐπιτηδείων
925 5183 954 5234 ὁ
980 5183 1373 5245 εύλαὸἑστατος
1405 5181 1498 5236 καὶ
1521 5178 1854 5233 θεοσεϐέστα-

1967 5169 2317 5232 humanitati,
2339 5179 2529 5220 omnes
2552 5170 2734 5219 tamen
2757 5159 2852 5216 uni
2875 5155 3164 5224 eidemque
3187 5165 3433 5251 personae
3454 5163 3534 5248 as-

295 5292 386 5340 τος
425 5276 678 5348 Ἰωάννης
715 5245 1035 5342 ἐπίσκοπος,
1069 5275 1271 5330 ὡσανεὶ
1314 5273 1448 5345 ἐμοῦ
1497 5273 1684 5342 σαφῶς
1725 5269 1854 5324 διδάι

1967 5266 2265 5338 signantes.
2314 5255 2514 5316 Audivi
2559 5261 2742 5309 autem
2792 5245 3305 5305 reverendissimum
3351 5245 3536 5311 piissi-

358 5431 401 5463 ⁸⁹
436 5433 640 5502 Ephes.
671 5449 745 5499 vt,
776 5433 862 5488 l9.

1366 5542 1540 5600 Variae
1562 5540 1828 5596 lectiones
1854 5535 2062 5591 codicis
2091 5529 2455 5603 Seguieriam.

1211 5661 1240 5701 ιι
1283 5657 1541 5730 ῥημάτων
1579 5657 1613 5725 ἡ
1645 5651 1897 5721 διαφορὰ,
1923 5647 2007 5715 οὓ,
2044 5646 2311 5718 προφορά.
2420 5645 2435 5683 ί
2515 5643 2614 5705 εἰς.
2695 5637 2708 5688 i
2750 5636 3116 5730 ίσχνομυθίας.
3207 5636 3230 5675 ι
3259 5649 3532 5705 κατασμι-

376 5658 601 5746 ξτούτῳ.
685 5667 712 5705 ε
739 5663 1110 5732 κενοφωνίαις.

299 5751 556 5799 κρυνηται
