4044 6212
479 284 586 343 199

1499 276 1555 330 S.
1595 274 1867 331 CYRILLl
1907 274 2370 330 ALEXANDRINI
2414 273 2727 328 ARCHIEP.

3620 270 3728 328 200

480 411 738 468 tuumque
765 396 1027 452 Joannem
1052 391 1449 448 Antiochcnum
1475 390 1794 460 episcopum
1821 389 2055 445 familia-

2167 389 2372 456 Ξαντος,
2422 390 2518 443 καὶ
2556 388 2786 458 λαμπρᾷ
2827 388 2894 458 τῇ
2920 388 3105 457 φωνῇ,
3148 386 3437 457 ὁμολογεῖν
3487 386 3587 456 μὲν
3618 387 3736 441 τῶν

478 490 631 544 ribus
682 487 1006 558 quibusdam
1053 483 1373 551 scripsisse,
1426 496 1512 535 me
1562 482 1770 537 diserte
1813 481 2051 548 docere,

478 581 735 647 claraque
776 592 910 631 voce
969 573 1213 644 proﬁteri
1260 571 1481 643 quidem
1527 581 1843 627 naturarum
1891 574 2053 629 diﬂ‘e-

477 668 745 727 rentiam,
793 664 891 718 sed
942 676 1105 716 voces
1141 675 1245 731 pro
1300 670 1622 715 naturarum
1673 662 2053 718 convenientia

478 754 727 811 dividere
752 771 765 805 :
788 762 844 806 et
863 752 935 808 ob
957 766 1079 805 eam
1103 766 1322 806 causam
1346 750 1597 804 nonnulli
1620 753 1857 821 graviter
1877 752 2053 807 olIen-

478 846 709 901 duntur.
757 845 853 899 Est
898 844 1083 915 itaque
1130 845 1502 899 necessarium
1553 854 1616 899 ut
1652 843 1721 899 de
1771 845 1873 899 hac
1912 860 2053 915 quo-

479 955 587 1009 que
627 954 686 992 re
716 937 979 991 nonnulla
1005 951 1293 1006 exponam.
1319 936 1483 991 Novit
1512 935 1799 1007 integritas
1820 946 1912 992 tua
1959 952 2056 994 eos

480 1043 693 1092 omnes,
721 1026 815 1097 qui
867 1027 1185 1096 Apollinarii
1237 1027 1508 1097 dogmatis
1561 1035 1747 1081 notam
1807 1028 2057 1097 epistolis

480 1120 619 1175 meis
640 1119 976 1183 inusserunt,
1008 1117 1258 1187 opinatos
1286 1132 1409 1172 esse
1453 1133 1542 1172 me
1578 1127 1826 1173 sanctum
1847 1117 2055 1175 Christi

478 1225 682 1281 corpus
707 1209 945 1265 inanime
976 1223 1096 1264 esse
1122 1208 1339 1274 dicere,
1360 1216 1418 1264 et
1451 1208 1785 1274 mistionem,
1808 1210 1893 1264 vel
1920 1224 2054 1265 con-

480 1304 775 1367 fusionem,
813 1302 898 1357 vel
959 1302 1386 1366 concretionem,
1432 1302 1520 1357 vel
1558 1303 1917 1358 mutationem
1959 1304 2056 1358 Dei

479 1395 646 1453 Verbi
671 1396 727 1449 in
752 1408 973 1448 carnem
1001 1392 1170 1447 fuisse
1200 1391 1430 1459 factam;
1464 1401 1559 1447 aut
1593 1403 1741 1448 certe
1771 1394 1826 1448 in
1852 1395 2055 1450 divini-

481 1489 610 1543 tatis
650 1495 898 1542 naturam
947 1485 1227 1540 trausiisse
1259 1498 1516 1550 carnem,
1556 1486 1630 1540 ita
1678 1494 1740 1540 ut
1780 1486 1917 1540 nihil
1944 1488 2055 1558 jam

480 1578 846 1651 permanserit
872 1591 1071 1648 purum
1105 1585 1163 1630 et
1204 1576 1625 1646 impermistum,
1660 1593 1839 1648 neque
1874 1578 1928 1633 id
1970 1579 2054 1649 ip-

482 1685 605 1725 sum
636 1670 708 1724 sit
731 1668 878 1739 quod
906 1675 1008 1723 est.
1031 1665 1249 1737 Opinati
1274 1676 1403 1721 sunt
1428 1676 1485 1722 et
1514 1668 1629 1723 Arii
1662 1684 1881 1739 quoque
1906 1669 2054 1724 blas-

480 1757 718 1827 phemiis
767 1772 854 1811 me
883 1754 1163 1821 assentiri,
1197 1761 1487 1824 propterea
1512 1755 1659 1825 quod
1684 1771 1878 1809 vocum
1901 1756 2063 1811 diﬂ‘e-

482 1848 716 1902 rentiam
750 1846 920 1901 nolim
960 1860 1286 1916 agnoscere,
1318 1853 1375 1899 et
1407 1845 1542 1901 alias
1581 1846 1887 1913 divinitati,
1922 1848 2059 1903 alias

481 1952 613 1993 vero
656 1936 980 1992 humanitati
1017 1934 1345 1999 convenire,
1393 1943 1454 1989 ut
1494 1951 1616 2005 quae
1663 1936 2057 2006 dispensationi

481 2032 607 2085 dum
654 2044 817 2085 carne
859 2029 1032 2099 magis
1060 2036 1373 2098 competant
1414 2029 1582 2083 nolim
1622 2028 1908 2083 aﬂirmare.
1946 2028 2059 2099 Ego

481 2134 611 2177 vero
638 2122 783 2192 quod
809 2120 878 2176 ab
904 2121 1218 2191 huiusmodi
1254 2120 1537 2175 erroribus
1565 2121 1826 2175 immunis
1848 2121 1972 2185 sim,
2003 2120 2058 2175 id

482 2224 577 2269 tua
602 2212 886 2282 integritas
911 2212 1033 2267 aliis
1064 2211 1220 2267 facile
1244 2219 1503 2266 testatum
1528 2210 1708 2266 facere
1732 2220 1929 2281 potest.
1957 2212 2061 2266 Ve-

484 2311 792 2359 rumtamen
816 2318 954 2373 opus
978 2311 1098 2358 erat
1129 2313 1189 2358 ut
1228 2303 1335 2357 illis
1360 2318 1578 2373 quoque
1611 2303 1922 2367 satisﬁeret,
1963 2303 2058 2372 qui

482 2395 677 2451 oﬂ'eusi
705 2394 939 2449 fuerant.
965 2393 1170 2464 Scripsi
1195 2394 1377 2465 itaque
1400 2394 1470 2448 ad
1494 2394 1642 2449 illius
1664 2394 1945 2464 pietatem,
1970 2408 2058 2448 me

484 2500 662 2554 neque
693 2499 819 2539 cum
856 2483 1007 2548 Ario,
1050 2499 1229 2553 neque
1274 2499 1401 2539 cum
1440 2483 1777 2553 Apollinario
1822 2484 2058 2539 sensisse

483 2589 756 2643 unquam;
798 2586 975 2641 neque
1002 2572 1244 2627 Verbum
1294 2572 1391 2626 Dei
1425 2572 1482 2625 in
1510 2588 1732 2627 carnem
1764 2583 2057 2638 mutatum,

481 2675 575 2719 aut
602 2680 633 2719 e
660 2673 869 2728 contra,
898 2678 1122 2717 carnem
1155 2664 1212 2716 in
1244 2662 1486 2717 divinam
1515 2674 1765 2719 naturam
1798 2666 2061 2719 transfor-

482 2766 683 2810 matam
712 2754 915 2808 dixisse
956 2753 1271 2824 aliquando,
1301 2763 1590 2823 propterea
1626 2755 1772 2825 quod
1798 2757 1894 2811 Dei
1920 2758 2058 2813 Ver-

483 2847 613 2901 bum
657 2846 996 2900 immutabile
1036 2855 1093 2900 et
1134 2845 1475 2900 inalterabile
1519 2846 1620 2913 sit;
1654 2848 1885 2901 alterum
1929 2863 2060 2903 vero

485 2940 844 3009 impossibile,
884 2954 1063 3009 neque
1094 2954 1289 2993 vocum
1321 2938 1660 2994 differentias
1701 2956 1928 3010 usquam
1957 2956 2057 2996 ne-

482 3032 693 3103 gavisse
713 3071 727 3095 ,
758 3039 817 3085 ut
843 3032 936 3100 qui
966 3032 1167 3085 scirem
1196 3033 1485 3087 Dominum
1509 3072 1522 3096 ,
1554 3033 1717 3087 modo
1755 3042 1816 3087 ut
1849 3035 2021 3089 Deum
2040 3075 2055 3100 ,

2160 480 2376 550 φύσεων
2404 479 2464 532 τὸ
2500 478 2775 549 διάφορον,
2802 478 3030 548 διαιρεῖν
3050 477 3106 529 δὲ
3127 476 3227 539 τὰς
3255 476 3438 545 φωνὰς
3464 477 3736 548 καταλλή-

2160 572 2269 635 λως
2299 573 2418 634 ταῖς
2451 570 2678 640 φύσεσι·
2716 570 2812 623 καὶ
2846 570 2933 622 ἐπ’
2958 567 3109 639 αύτῷ
3141 568 3207 638 δὴ
3239 567 3413 638 τούτῳ
3444 569 3734 623 σκανδαλί-

2159 664 2347 729 ζονταί
2374 680 2538 727 τινες.
2565 658 2673 715 Ἦν
2704 657 2797 715 οὖν
2832 660 3149 730 ἀναγκαῖον,
3189 658 3284 712 καὶ
3313 659 3448 730 πρός
3477 677 3540 727 γε
3575 659 3739 714 τοῦτο

2160 758 2307 828 ἡμᾶς
2333 756 2530 810 εἰπεῖν.
2563 754 2675 807 Ούκ
2711 752 2982 823 ἠγνόηκεν
3013 752 3047 822 ἡ
3078 750 3145 822 σὴ
3172 750 3468 826 τελειότης,
3512 752 3594 803 ότι
3634 751 3739 821 τῆς

2172 845 2550 915 ’Δπολιναρίου
2576 843 2733 913 δόξης
2748 841 2840 895 τὸν
2862 842 3051 912 μῶμον
3075 841 3183 894 τῶν
3204 842 3227 892 ὲ
3236 841 3351 910 μῶν
3374 842 3739 911 καταχέοντες

2161 936 2480 1001 ἐπιστολῶν,
2514 934 2776 1006 ᾠήθησαν
2829 935 2912 987 ὅτι
2946 934 3041 987 καὶ
3079 933 3283 1003 ἄψυχον
3316 927 3456 985 εἶναι
3495 949 3637 1003 φημι
3672 933 3739 986 τὸ

2161 1030 2316 1099 ἆγιον
2350 1028 2511 1098 σῶμα
2537 1024 2774 1098 Χριστοῦ
2796 1041 2809 1056 ⁸
2842 1026 2935 1078 καὶ
2966 1025 3048 1078 ὅτι
3089 1026 3286 1095 κρᾶσις
3312 1024 3345 1095 ἢ
3390 1024 3671 1094 σύγχυσις,
3696 1026 3736 1097 ἢ

2161 1122 2396 1193 φυρμδς,
2428 1120 2462 1191 ἢ
2499 1117 2769 1189 μεταϐολὴ
2793 1116 2887 1170 τοῦ
2916 1115 3049 1170 Θεοῦ
3078 1117 3253 1185 Λόγου
3283 1116 3506 1185 γέγονεν
3534 1119 3613 1179 εἰς
3634 1117 3740 1187 τὴν

2164 1214 2362 1282 σάρκα,
2394 1211 2565 1282 ῆγουν
2607 1208 2620 1248 ¹
2652 1209 2752 1279 τῆς
2793 1208 2995 1279 σαρκὸς
3024 1208 3414 1278 μεταφοίτησις
3453 1210 3532 1271 είς
3572 1208 3739 1277 φύσιν

2164 1302 2440 1374 θεότητος,
2497 1302 2573 1364 ὡς
2621 1300 2789 1372 μηδὲν
2835 1299 2914 1351 ἔτι
2964 1298 3232 1363 σώζεσθαι
3278 1299 3558 1369 καθαρῶς,
3598 1302 3739 1370 μήτε

2165 1395 2273 1465 μὴν
2298 1388 2442 1447 εἶναι
2485 1394 2514 1447 ὃ
2542 1394 2713 1447 ἔστιν.
2758 1390 3027 1462 ᾮήθησαν
3048 1390 3104 1443 δὲ
3133 1391 3268 1459 πρὸς
3293 1390 3468 1461 τούτῳ
3497 1393 3593 1444 καὶ
3616 1394 3742 1454 ταῖς

2176 1485 2387 1557 Ἀρείου
2417 1501 2487 1555 με
2526 1482 2904 1555 συμφέρεσθαι
2944 1483 3302 1553 δυσφημίαις,
3329 1482 3417 1535 διά
3448 1499 3529 1535 τοι
3554 1482 3615 1535 τὸ
3658 1484 3739 1553 μὴ

2164 1578 2368 1631 ὲθέλειν
2395 1576 2656 1647 διαφορὰν
2700 1575 2899 1628 εἰδέναι
2934 1574 3152 1644 φωνῶν,
3185 1574 3277 1627 καὶ
3306 1573 3407 1638 τάς
3453 1573 3552 1645 μὲν
3594 1573 3742 1627 εἶναι

2163 1668 2343 1737 λέγειν
2372 1666 2720 1738 θεοπρεπεῖς,
2755 1666 2855 1729 τὰς
2880 1666 2935 1719 δὲ
2976 1665 3342 1737 ἀνθρωπίνας,
3373 1665 3465 1718 καὶ
3491 1662 3741 1734 πρεπού-

2098 1753 2137 1810 ll
2168 1776 2267 1822 σας
2295 1757 2497 1828 μᾶλλον
2530 1760 2598 1828 τῇ
2622 1756 2907 1828 οἰκονομίᾳ
2934 1758 3002 1827 τῇ
3047 1755 3183 1826 μετὰ
3211 1755 3435 1827 σαρκός.
3486 1753 3626 1823 Ἐγὼ
3652 1754 3740 1818 δὲ,

2166 1852 2249 1905 ὅτι
2276 1851 2382 1905 τῶν
2409 1850 2669 1904 τοιούτων
2693 1850 3073 1921 ἀπήλλαγμαι.
3102 1849 3503 1921 μαρτυρήσειεν
3526 1847 3593 1902 ἂν
3619 1848 3744 1900 ἑτέ-

2167 1959 2282 2013 ροις
2307 1943 2341 2012 ἡ
2372 1943 2440 2012 σὴ
2468 1942 2764 2012 τελειότης.
2804 1942 2949 2013 Πλὴν
2978 1942 3084 1995 ἔδει
3117 1939 3577 1995 σκανδαλισθεῖσιν
3604 1941 3745 1993 ἀπο-

2164 2034 2523 2104 λογήσασθαι.
2549 2032 2735 2106 Ταύτῃ
2759 2050 2841 2086 τοι
2872 2032 3129 2104 γέγραφα
3149 2032 3283 2101 πρὸς
3312 2030 3409 2102 τὴν
3429 2030 3745 2084 θεοσέϐειαν

2165 2125 2360 2191 αὐτοῦ,
2390 2124 2467 2189 ὡς
2512 2123 2635 2178 οὗτε
2683 2123 3005 2193 πεφρόνηκά
3057 2139 3184 2175 ποτε
3228 2124 3295 2176 τὰ
3359 2123 3592 2193 Ἀρείου,
3642 2123 3745 2174 καὶ

2177 2216 2557 2289 ’Λπολιναρίου
2578 2255 2593 2280 ,
2620 2215 2742 2270 οὔτε
2768 2214 2871 2285 μὴν
2892 2212 3357 2283 μεταπεποιῆσθαι
3378 2212 3469 2266 τὸν
3483 2212 3576 2265 τοῦ
3600 2211 3743 2265 Θεοῦ

2166 2310 2340 2379 Λόγον
2364 2309 2444 2372 εἰς
2480 2308 2659 2379 σάρκα
2693 2306 2854 2377 φημὶ,
2891 2303 3005 2357 ἀλλ’
3030 2304 3147 2357 οὐδὲ
3178 2305 3258 2365 εἰς
3289 2302 3452 2373 φύσιν
3486 2303 3746 2372 θεότητος

2168 2399 2470 2470 μεταφῦναι
2500 2412 2539 2439 ιη
2570 2399 2669 2471 τὴν
2696 2398 2894 2469 σάρκα,
2918 2396 3006 2449 διὰ
3046 2396 3106 2449 τὸ
3130 2396 3397 2467 ἄτρεπτον
3454 2389 3595 2448 εἶναι
3642 2397 3748 2447 καὶ

2164 2494 2522 2547 ἀναλλοὰυτον
2545 2492 2637 2545 τὸν
2676 2489 2771 2544 τοῦ
2803 2487 3151 2557 Θεοῦ-Λόγον
3170 2503 3185 2518 ·
3224 2486 3517 2555 ἀνέφικτον
3556 2486 3611 2539 δὲ
3641 2488 3747 2538 καὶ

2164 2588 2226 2642 τὸ
2248 2587 2461 2657 ἕτερον·
2496 2584 2618 2639 οὔτε
2654 2584 2761 2656 μὴν
2780 2582 3034 2655 ἀνῄρηκά
3054 2598 3183 2635 ποτε
3208 2578 3403 2649 φωνῶν
3432 2579 3697 2649 διαφοράς
3724 2595 3741 2611 ο

2166 2678 2280 2732 ἀλλ’
2309 2674 2423 2730 οἶδα
2456 2677 2546 2729 τὸν
2577 2675 2781 2747 Κύριον
2812 2672 3132 2745 θεοπρεπῶς
3164 2690 3223 2725 τε
3266 2673 3359 2725 καὶ
3382 2671 3746 2743 ἀνθρωπίνως

2166 2770 2281 2841 ἅμα
2306 2769 2719 2838 διαλεγόμενον·
2755 2767 2988 2838 ἐπείπερ
3013 2766 3161 2819 ἐστὶν
3191 2767 3250 2819 ὲν
3279 2765 3460 2835 ταυτῷ
3491 2764 3617 2826 Θεὸς
3642 2766 3746 2817 κα.)⁸

2165 2858 2262 2914 ἄνθ
2271 2876 2472 2931 ρωπος.
2490 2857 2705 2912 Οὐκοῦν
2728 2858 2858 2912 αὐτο
2875 2857 2938 2929 δὴ
2954 2855 3114 2910 τοῦτο
3138 2873 3352 2927 καταση
3362 2856 3524 2926 μῆναι
3546 2854 3741 2920 θέλων,

2165 2953 2444 3023 γέγραφεν
2482 2952 2564 3005 ὅτι
2602 2951 2843 3015 ἐδίδαξεν
2879 2950 3164 3021 ὁμολογεῖν
3205 2959 3233 2988 ιι
3266 2948 3374 3001 τῶν
3416 2948 3631 3017 φύσεων
3675 2947 3749 3001 τδ

2165 3042 2443 3112 διάφορον,
2488 3041 2585 3095 καὶ
2624 3041 2852 3111 διαιρεῖν
2876 3040 2976 3103 τὰς
3020 3038 3202 3108 φωνὰς
3243 3037 3586 3108 καταλλήλως
3618 3039 3748 3100 ταῖς

484 3123 645 3177 modo
672 3130 732 3177 ut
763 3123 1040 3177 hominem
1068 3123 1339 3179 disserere
1374 3142 1385 3178 :
1413 3124 1856 3194 quandoquidem
1893 3126 2059 3179 simul

2167 3131 2416 3202 φύσεσιν.
2441 3132 2507 3184 Ai
2544 3131 2599 3184 δὲ
2619 3131 2865 3184 τοιαῦται
2888 3129 3152 3197 διαλέξεις
3171 3130 3301 3198 ἐμαὶ
3334 3129 3429 3200 μὲν
3456 3129 3556 3181 οὐκ
3576 3127 3744 3194 εἰσὶν,

483 3224 541 3272 et
566 3217 710 3271 Deus
735 3227 790 3272 et
828 3216 993 3271 homo
1019 3224 1123 3271 cst.
1170 3218 1284 3273 Hoc
1318 3219 1495 3288 ipsum
1527 3218 1711 3287 itaque
1750 3217 2059 3287 signiﬁcare

2165 3218 2586 3291 ὲξεφωνήθησαν
2611 3218 2666 3271 δὲ
2689 3219 2820 3288 παρ’
2857 3217 3043 3273 αὐτοῦ.

483 3310 693 3373 volens,
762 3308 979 3379 scripsit
1015 3308 1162 3379 quod
1228 3311 1385 3379 120
1417 3310 1667 3366 docuerit
1721 3309 1969 3365 conﬁteri
2012 3320 2332 3369 naturarum
2366 3311 2753 3375 differentiam,
2802 3326 3075 3382 vocesque
3108 3326 3207 3381 pro
3240 3319 3560 3365 naturarum
3598 3307 3748 3361 inter

486 3417 546 3457 se
571 3400 884 3455 conditione
910 3401 1267 3472 distinguere.
1297 3401 1619 3473 llujusmodi
1645 3411 1828 3458 autem
1858 3418 2141 3461 sermones
2176 3421 2285 3461 non
2316 3406 2423 3461 mei
2448 3415 2604 3469 sunt,
2630 3405 2725 3459 sed
2753 3404 2822 3459 ab
2846 3405 2966 3474 ipso
2990 3404 3209 3474 prolati.

554 3492 806 3547 Arbitror
826 3502 881 3547 et
902 3493 1036 3547 illud
1056 3508 1273 3564 quoque
1298 3494 1405 3565 iam
1428 3495 1591 3550 dictis
1612 3496 1923 3551 addendum
1942 3512 2066 3553 esse

486 3581 818 3636 necessario.
852 3580 1011 3636 Venit
1037 3582 1107 3637 ad
1140 3598 1228 3637 me
1250 3584 1452 3639 Paulus
1476 3586 1921 3657 religiosissimus
1951 3588 2069 3658 epi-

486 3688 687 3743 scopus
714 3672 1005 3728 Emisenus
1038 3690 1051 3727 :
1076 3673 1171 3743 qui
1191 3714 1205 3739 ,
1226 3683 1515 3745 postquam
1542 3675 1609 3730 de
1643 3686 1792 3732 recta
1813 3688 1868 3733 et
1892 3678 2069 3733 incul-

488 3773 614 3834 pata
645 3763 752 3819 ﬁde
787 3764 1107 3834 aliquandiu
1141 3780 1453 3822 sermonem
1481 3768 1924 3836 contulissemus,
1972 3785 2067 3825 ro-

488 3855 636 3925 gavit
659 3870 727 3909 ex
750 3870 858 3919 me,
885 3862 942 3910 et
966 3855 1189 3925 quidem
1230 3856 1520 3923 instanter,
1559 3859 1699 3915 iisne
1743 3861 2066 3927 assentirer,

489 3958 613 4012 qua:
659 3944 896 4000 celebris
947 3946 1229 4001 memoriae
1278 3947 1631 4006 beatissimus
1675 3952 1838 4007 Pater
1887 3962 2074 4007 noster

489 4034 821 4090 Athanasius
861 4036 929 4091 ad
953 4037 1266 4106 Epictetum
1308 4038 1721 4097 Corinthiorum
1752 4044 2070 4114 episcopum

489 4126 767 4196 quondam
813 4127 1128 4197 scripserat.
1171 4129 1285 4199 Ego
1304 4146 1437 4187 vero
1469 4136 1728 4204 respondi
1754 4152 1982 4206 prorsus
2016 4147 2073 4192 et

490 4232 591 4287 per
619 4219 802 4272 omnia
850 4219 918 4273 iis
960 4235 1048 4274 me
1075 4221 1352 4286 assentiri,
1388 4224 1552 4279 modo
1585 4234 1764 4282 tamen
1801 4230 2069 4299 scriptum

493 4309 630 4363 illud
672 4309 817 4379 apud
847 4326 945 4366 vos
986 4320 1167 4368 exstet
1209 4312 1627 4385 incorruptum;
1666 4319 1836 4374 multa
1884 4329 2067 4374 tamen

491 4401 561 4455 ab
586 4400 822 4456 inimicis
845 4402 1096 4457 veritatis
1121 4404 1177 4458 in
1205 4418 1273 4459 eo
1305 4404 1599 4475 depravata
1628 4422 1769 4462 esse.
1813 4409 1954 4463 Tum
1977 4411 2068 4465 ille

491 4509 550 4547 se
574 4509 793 4564 quoque
826 4495 1114 4565 epistolam
1152 4497 1298 4551 illam
1342 4498 1487 4568 apud
1528 4514 1587 4553 se
1612 4499 1815 4553 habere
1848 4500 2066 4554 aiebat:

491 4586 631 4641 velle
666 4594 848 4642 autem
880 4602 948 4641 ex
976 4588 1043 4642 iis
1074 4604 1194 4657 quae
1226 4589 1371 4659 apud
1404 4605 1503 4644 nos
1544 4599 1705 4645 erant
1741 4591 2071 4661 exemplari-

494 4677 595 4732 bus
641 4694 994 4750 cognoscere,
1022 4681 1266 4751 ipsorum
1311 4682 1439 4737 libri
1471 4684 1788 4753 corruptine
1825 4684 1971 4749 sint,
2000 4700 2071 4738 an

490 4781 670 4821 secus.
703 4770 876 4823 Porro
913 4778 1096 4825 autem
1137 4786 1262 4825 cum
1292 4780 1509 4826 vetusta
1539 4773 1874 4843 exemplaria
1910 4788 2069 4829 acce-

493 4858 682 4926 pisset,
713 4874 886 4928 eaque
919 4876 1043 4916 cum
1072 4860 1179 4915 illis
1205 4877 1327 4931 quze
1357 4878 1542 4918 secum
1568 4866 1849 4931 attulerat,
1874 4876 2070 4921 contu-

493 4946 665 5010 lisset,
693 4948 905 5004 invenit
943 4951 1036 5005 illa
1070 4966 1191 5005 esse
1216 4951 1554 5021 adulterata;
1585 4956 1851 5026 petiitque
1888 4972 1956 5011 ex
1995 4956 2065 5011 li-

494 5036 608 5093 bris
635 5040 729 5107 qui
749 5042 894 5110 apud
929 5057 1031 5097 nos
1055 5051 1231 5108 erant,
1258 5046 1507 5115 exempla
1545 5047 1884 5112 describere,
1912 5058 1972 5102 ut
1996 5048 2065 5102 ad

492 5123 889 5187 Antiochenam
924 5135 1224 5190 Ecclesiam
1253 5138 1676 5203 transmitteret;
1719 5140 1866 5209 quod
1891 5148 1947 5193 et
1983 5139 2065 5193 fa-

492 5230 641 5275 ctum
662 5231 764 5277 est.
793 5225 862 5280 Et
892 5226 997 5281 hoc
1029 5237 1111 5282 est
1136 5228 1281 5299 quod
1310 5230 1798 5285 reverendissimus
1818 5246 1880 5286 ac
1907 5232 2066 5301 pien-

493 5309 737 5365 tissimus
760 5314 1049 5384 episcopus
1068 5317 1308 5373 Joannes
1336 5318 1550 5375 Careno
1580 5320 1649 5376 de
1677 5336 1764 5377 me
1806 5323 2062 5393 scripsit;

2242 3500 2482 3553 Κάκεῖνο
2508 3498 2565 3552 δὲ
2600 3494 2753 3567 οἶμαι
2786 3501 2897 3562 τοῖς
2934 3498 3246 3569 εἰρημένοις
3284 3497 3749 3567 προσεπενεγκεῖν

2173 3590 2473 3660 ἀναγκαῖον
2497 3596 2544 3643 ο.
2582 3590 2837 3660 ’Δφίκετο
2873 3589 2985 3661 γὰρ
3010 3590 3147 3662 πρός
3180 3606 3245 3659 με
3268 3587 3749 3650 όνθεοσεϐέστατος

2173 3680 2472 3743 ἐπίσκοπος
2505 3679 2717 3744 Παῦλος
2743 3681 2846 3751 τῆς
2884 3679 3225 3751 Ἐμισηνῶν’
3263 3674 3383 3732 εἶτα
3404 3677 3564 3742 λόγου
3594 3693 3751 3730 κεκι-

2174 3770 2415 3841 νημένου
2473 3770 2602 3842 περὶ
2640 3771 2742 3840 τῆς
2786 3769 2951 3840 ὀρθῆς
2990 3772 3087 3822 καὶ
3138 3768 3446 3839 ἀμωμήτου
3485 3766 3747 3829 πίστεως,

2174 3862 2559 3917 διεπυνθάνετό
2583 3879 2706 3931 μου,
2735 3861 2830 3915 καὶ
2863 3860 3007 3931 μάλα
3031 3859 3509 3930 ἐσπουδασμένως,
3536 3861 3585 3911 εί
3623 3876 3753 3911 συν-

2172 3952 2310 4009 αινῶ
2350 3955 2461 4016 τοῖς
2504 3963 2533 4002 ι’
2560 3954 2816 4024 γραφεῖσι
2851 3951 3005 4022 παρὰ
3040 3952 3134 4005 τοῦ
3169 3950 3268 4021 τῆς
3307 3950 3554 4021 ἀοιδίμου
3611 3952 3753 4020 μνή-

2177 4060 2305 4114 μης,
2344 4044 2439 4098 καὶ
2486 4043 3145 4115 τρισμακαρίουλΠατρὸς
3188 4042 3345 4113 ἡμῶν
3430 4041 3751 4095 Ἀθανασίου

2175 4135 2311 4205 πρὸς
2362 4133 2685 4204 Ἑπίκτητον
2729 4134 3026 4187 ἐπίσκοπον
3081 4133 3181 4203 τῆς
3235 4131 3557 4203 Κορινθίων.
3606 4132 3752 4200 Ἐγὼ

2172 4223 2229 4276 δὲ
2267 4224 2402 4294 ἔφην
2430 4225 2533 4289 ὅτι,
2581 4226 2630 4278 εί
2673 4224 2905 4289 σώζεται
2936 4228 3065 4296 παρ’
3104 4228 3234 4297 ὑμῖν
3265 4227 3327 4279 οὺ
3367 4225 3751 4294 νενοθευμένον

2174 4316 2236 4369 τὸ
2257 4318 2512 4387 γράμμα,
2539 4318 2986 4389 παραπεποίηται
3023 4319 3132 4389 γὰρ
3161 4319 3270 4372 τῶν
3312 4320 3370 4371 ὲν
3407 4317 3554 4387 αὐτῷ
3579 4317 3753 4369 πολλά

2178 4407 2328 4478 παρὰ
2365 4407 2474 4461 τῶν
2526 4408 2625 4478 τῆς
2672 4408 2934 4477 ἀληθείας
2982 4408 3212 4479 ὲχθρῶν,
3272 4406 3647 4475 συναινέσαιμι
3680 4404 3753 4458 ἂν

2178 4497 2356 4570 πάντη
2394 4517 2454 4552 τε
2495 4501 2589 4553 καὶ
2633 4502 2873 4564 πάντως.
2928 4502 2987 4555 '0
3016 4501 3073 4554 δὲ
3125 4500 3262 4571 πρὸς
3316 4498 3471 4552 τοῦτο
3509 4497 3752 4565 ἔφασκεν

2178 4591 2323 4661 ἔχειν
2358 4591 2456 4661 μὲν
2490 4592 2584 4647 καὶ
2612 4593 2773 4656 αὐτὸς
2800 4592 2899 4663 τὴν
2922 4593 3232 4664 ἐπιστολὴν,
3265 4592 3546 4662 βούλεσθαι
3574 4592 3629 4644 δὲ
3655 4595 3753 4645 καὶ

2179 4685 2244 4736 ὲκ
2272 4683 2383 4737 τῶν
2414 4686 2547 4755 παρ’
2586 4686 2719 4755 ἡμῖν
2751 4686 3103 4757 ἀντιγράφων
3127 4684 3629 4755 πληῳφορηθῆναι,
3656 4684 3755 4735 καὶ⁵

2180 4775 2393 4846 μαθεῖν,
2428 4776 2657 4846 πότερόν
2692 4794 2823 4830 ποτε
2854 4778 2922 4830 τὰ
2941 4776 3121 4831 αὐτῶν
3162 4776 3342 4845 βιϐλία
3376 4774 3751 4845 παρεποιήθη,

2175 4868 2207 4937 ἢ
2249 4869 2345 4938 μή.
2382 4868 2493 4921 Kal.
2522 4868 2586 4938 δὴ
2612 4868 2708 4921 καὶ
2737 4868 2916 4921 λαϐὼν
2951 4868 3261 4939 ἀντίγραφα
3283 4866 3503 4924 παλαιὰ.
3542 4866 3638 4918 καὶ
3669 4860 3752 4927 οἷς

2175 4958 2475 5028 ἐπεφέρετο
2506 4958 2820 5030 συμϐαλὼν,
2865 4961 3094 5031 ηὕρισκε
3122 4958 3295 5013 ταῦτα
3344 4958 3702 5027 νενοθευμένα
3734 4972 3749 4985 ·

2178 5050 2271 5103 καὶ⁸
2301 5052 2640 5121 προέτρεψεν
2677 5054 2739 5105 ὲκ
2765 5053 2872 5106 τῶν
2904 5053 3031 5123 παρ’
3067 5055 3196 5123 ἡμῖν
3229 5052 3453 5122 βιϐλίων
3480 5051 3567 5103 [σα
3595 5049 3756 5118 ποιῆ-

2176 5158 2289 5205 σαι,
2330 5141 2546 5211 πέμψαι
2570 5160 2631 5196 τε
2664 5146 2729 5214 τῇ
2773 5145 3091 5215 Ἀντιοχέων
3132 5144 3459 5214 Ἐκκλησία·
3494 5142 3521 5195 ὃ
3553 5142 3618 5211 δὴ
3658 5140 3758 5193 xal.

2176 5232 2389 5301 γέγονε.
2422 5232 2528 5286 Καὶ
2554 5233 2711 5287 τοῦτό
2733 5236 2899 5299 ἐστιν,
2928 5235 2957 5287 ὃ
2988 5235 3267 5307 γέγραφεν
3298 5237 3327 5287 ό
3354 5232 3757 5292 εύλαϐἐστατος

2176 5326 2269 5377 καὶ
2286 5325 2707 5394 θεοφιλέστατος
2758 5327 3057 5391 ἐπίσκοπος
3092 5326 3345 5397 Ἰωάννης
3368 5325 3445 5396 τῷ
3468 5324 3707 5395 Καρήνφ
3723 5332 3754 5373 ‘l

1589 5471 1757 5531 Variae
1783 5476 2045 5534 lectiones
2072 5478 2280 5535 codicis
2314 5479 2677 5551 Seguieriani.

493 5624 802 5769 ρὶνέῂγοῦν.
878 5636 917 5666 ιη
950 5629 1310 5702 μταφυῆναι.
1390 5642 1417 5672 ιι
1439 5631 1545 5689 ἔδει
1566 5632 1661 5689 νῦν
1693 5636 1921 5692 συνιδεῖν
1940 5636 2064 5693 τῶν.

2147 5645 2172 5673 ο
2200 5640 2587 5710 προσενεγκεῖν
2619 5638 2785 5706 ἀξιον.
2866 5651 2892 5691 Ρ
2915 5642 3022 5714 ἄρα
3057 5638 3333 5713 συμφωνῶ
3361 5642 3493 5704 τοῖς.
3572 5646 3596 5689 ιι
3630 5638 3755 5693 Μα-
