4044 6212
287 318 387 375 201

1670 308 2008 366 EPISTOLA
2049 309 2186 364 XLI.

3427 297 3536 357 202

302 443 376 479 πε
386 426 444 497 ρὶ
475 425 608 496 ἐμοῦ
628 441 641 453 -
672 425 756 477 ὅτι
790 422 1010 490 ἐξέθετο
1029 423 1096 477 τά
1117 423 1245 495 περί
1273 422 1373 493 τῆς
1387 421 1871 495 ὲνανθρωπήσεως,

1986 437 2176 492 nempe
2229 423 2375 491 quod
2433 440 2554 492 quae
2581 424 2649 480 de
2714 427 3089 485 incantatione
3131 430 3338 487 Christi
3393 444 3543 502 sunt,

293 518 603 585 συνυιράνας
631 517 764 586 ἡμῖν
795 515 892 568 καὶ
912 517 1013 586 τὴν
1035 513 1294 585 πατρῴαν
1315 513 1634 586 παράδοσιν,
1671 511 1868 584 μικροῦ

292 609 393 660 καὶ
426 606 488 671 ἐξ
524 605 852 676 ἀνθρώπων,
896 605 966 659 ἶν’
1001 606 1174 668 οὕτως
1213 604 1372 669 εἴπω,
1403 604 1658 674 γενέσθαι
1691 605 1871 658 κινδυ-

288 701 552 753 νεύουσαν
574 709 619 752 ι’.
663 698 790 752 Ἐὰν
824 698 884 752 δὲ
917 698 1316 769 περικομίζωσί
1335 709 1357 736 ³
1383 715 1529 761 τινες
1560 695 1870 766 ἐπιστολὴν,

284 791 364 854 ὡς
403 793 718 861 γραφεῖσαν
757 791 910 861 παρὰ
938 791 1034 844 τοῦ
1061 789 1455 844 εὐλαδεστάτου
1499 775 1871 860 πρεσδυτέρου

281 884 386 952 τῆς
446 883 744 953 Ῥωμαίων
803 881 1132 952 Ἐκκλησίας
1177 881 1468 944 Φιλίππου,
1521 879 1724 934 ὡσανεὶ
1775 877 1872 932 τοῦ

279 975 590 1026 όσιωτάτου
636 975 940 1026 ἐπισκόπου
977 971 1184 1025 Ξύστου
1231 972 1636 1045 χαλεπήναντος
1669 972 1763 1026 ἐπὶ
1803 971 1871 1042 τῇ

279 1065 594 1136 Νεστορίου
647 1065 988 1136 καθαιρέσει,
1044 1065 1138 1118 καὶ
1187 1064 1491 1136 ἀρήξαντος
1539 1067 1558 1101 τ
1590 1062 1760 1133 αὐτῷ,
1797 1062 1874 1133 μὴ

281 1158 601 1209 πιστευέτω
646 1157 808 1209 τοῦτο
855 1158 888 1226 ή
922 1157 988 1225 σὴ
1039 1155 1276 1226 ὁσιότης.
1327 1155 1603 1226 Σύμφωνα
1648 1154 1759 1225 γὰρ
1805 1155 1870 1224 τῇ

280 1249 421 1318 ἁγίᾳ
445 1247 662 1314 συνόδῳ
691 1248 960 1318 γέγραφε,
989 1247 1085 1300 καὶ
1114 1249 1293 1301 πάντα
1318 1247 1615 1300 ἐϐεϐαίωσε
1642 1245 1712 1298 τὰ
1741 1246 1873 1316 παρ’

280 1338 458 1406 αὐτῆς
495 1336 841 1407 πραχθέντα,
882 1336 981 1389 καὶ
1010 1335 1156 1388 ἔστιν
1186 1335 1443 1405 ὁμόφρων
1477 1346 1504 1374 ιι
1530 1335 1685 1405 ἡμῖν.
1728 1334 1790 1386 Εἰ
1817 1332 1874 1385 δὲ

278 1433 348 1500 δὴ
379 1430 482 1482 καὶ
506 1430 586 1492 ὼς
617 1430 749 1498 παρ’
780 1427 919 1500 ἐμοῦ
957 1431 1232 1500 γραφεῖσα
1271 1428 1701 1499 παρακομίζοιτο
1739 1429 1876 1500 πρός

279 1539 450 1575 τινων
478 1520 766 1592 ἐπιστολὴ,
797 1520 873 1584 ὡς
895 1519 1283 1590 μετανοοῦντος
1305 1521 1389 1589 ἐφ’
1406 1513 1488 1583 οἷς
1512 1519 1876 1592 πεπράχαμεν

279 1614 433 1665 κατά
469 1613 570 1681 τὴν
603 1611 868 1680 Ἐφεσίων
887 1613 1068 1676 πόλιν,
1087 1612 1337 1682 γελάσθω
1361 1613 1457 1667 καὶ
1471 1612 1649 1666 τοῦτο.
1677 1613 1875 1683 Ἐσμὲν

280 1706 393 1775 γὰρ
426 1703 519 1757 διὰ
549 1704 652 1773 τὴν
687 1704 783 1756 τοῦ
812 1703 1066 1775 Σωτῆρος
1086 1705 1248 1774 χάριν
1273 1706 1331 1757 ἐν
1361 1702 1514 1774 καλῷ
1539 1705 1752 1775 φρενὸς,
1781 1705 1874 1757 καὶ

279 1795 377 1849 τοῦ
413 1796 633 1858 εἰκότος
661 1795 765 1847 οὐκ
800 1795 1232 1866 ὲκπεφορήμεθα
1269 1795 1554 1866 λογισμοῦ.
1599 1796 1874 1864 Πρόσειπε

281 1887 382 1955 τὴν
415 1887 576 1957 παρά
619 1887 704 1940 σοὶ
731 1887 1104 1958 ἀδελφότητα·
1139 1887 1198 1940 σὲ
1226 1888 1260 1958 ἡ
1295 1887 1394 1939 σὺν
1431 1889 1570 1958 ἡμῖν
1598 1889 1658 1940 ὲν
1687 1889 1874 1960 Κυρίῳ

282 1977 715 2049 προσαγορεύει.

1973 515 2320 583 exposuerit,
2355 515 2688 586 Patrumque
2722 533 2828 571 una
2872 519 3155 575 nobiscum
3203 525 3548 580 eontexuerit

1975 604 2348 671 traditionem,
2374 622 2536 676 quam
2568 608 2986 678 propemodum,
3034 622 3092 666 ut
3125 613 3196 666 ita
3229 614 3436 681 dicam,
3478 631 3547 671 ex

1976 696 2260 751 hominum
2296 699 2494 753 animis
2529 701 2766 771 expungi
2805 703 3110 770 periculum
3137 711 3277 758 erat.
3311 705 3468 771 Quod
3499 709 3550 764 si

1977 786 2070 856 qui
2097 788 2384 856 epistolam
2431 796 2688 859 tanquam
2735 807 2765 844 a
2807 791 3056 862 Philippo
3088 796 3549 852 reverendissimo

1978 878 2243 933 Romamn
2286 880 2548 934 Ecclesia:
2591 882 2915 953 presbytero
2955 885 3213 954 scriptam
3264 888 3549 945 attulerint

1977 973 2208 1041 perinde
2266 981 2553 1028 sonantem
2609 989 2673 1028 ac
2731 974 2775 1028 si
2829 976 3206 1032 sanctissimus
3257 978 3551 1050 episcopus

1976 1063 2181 1135 Xystus
2237 1064 2638 1134 depositionem
2689 1067 2924 1121 Nestorii
2980 1070 3212 1125 moleste
3253 1074 3546 1143 acceperit,

1977 1155 2138 1225 eique
2177 1171 2338 1225 opem
2364 1157 2572 1221 tulerit,
2610 1172 2680 1212 ne
2729 1158 2918 1213 credat
2968 1159 3072 1214 hoc
3120 1162 3383 1218 sanctitas
3433 1173 3546 1220 tua.

1977 1247 2210 1318 Scripsit
2236 1247 2382 1304 enim
2400 1263 2639 1304 consona
2667 1258 2868 1304 sancta:
2898 1251 3104 1321 synodo
3123 1293 3136 1318 ,
3163 1253 3455 1323 omniaque
3481 1256 3550 1310 il-

1978 1340 2086 1394 lius
2132 1349 2282 1411 gesta
2314 1340 2681 1403 conﬁrmavit,
2726 1355 2790 1394 ac
2830 1341 3120 1396 nobiscum
3149 1342 3334 1397 sentit.
3363 1343 3419 1398 Si
3444 1360 3552 1414 qua

1976 1447 2109 1487 vero
2147 1432 2379 1502 epistola
2413 1447 2446 1486 a
2469 1431 2802 1501 quibusdam
2823 1432 3266 1497 circumferatur,
3295 1442 3551 1503 tanquam

1977 1538 2008 1576 a
2035 1537 2122 1578 me
2151 1523 2220 1578 de
2259 1522 2327 1577 iis
2351 1538 2472 1592 qua:
2505 1523 2707 1593 Ephesi
2751 1527 2870 1578 aeta
2915 1532 3044 1578 sunt
3071 1524 3183 1594 jam
3224 1525 3465 1592 dolente,
3494 1535 3553 1581 et

1978 1613 2358 1684 paenitentiam
2419 1622 2612 1684 agente
2641 1653 2656 1678 ,
2703 1615 3041 1684 perscripta,
3107 1623 3163 1670 et
3228 1614 3283 1668 id
3331 1631 3553 1686 quoque

1979 1712 2382 1758 contemnatur.
2445 1703 2580 1757 Nam
2624 1718 2722 1773 per
2759 1703 2987 1774 gratiam
3037 1702 3337 1758 Salvatoris
3377 1705 3553 1759 nostri

1980 1810 2110 1849 sana
2142 1804 2324 1849 mente
2361 1809 2581 1857 sumus,
2618 1810 2796 1865 neque
2840 1795 3069 1851 rationis
3100 1811 3203 1851 usu
3229 1795 3552 1850 excidimus.

1981 1888 2402 1943 Fraternitatem
2446 1904 2568 1959 qua:
2603 1897 2782 1943 tecum
2805 1896 2910 1954 est,
2955 1888 3161 1959 saluta;
3209 1903 3331 1959 qua
3371 1887 3556 1945 nobis—

1982 1995 2108 2034 cum
2135 1980 2265 2051 agit,
2292 1981 2347 2034 in
2368 1979 2599 2035 Domino
2629 1987 2682 2036 te
2709 1979 2924 2035 salutat.

1382 2265 1534 2334 121
1577 2266 1914 2322 EPISTOLA
1953 2268 2066 2323 XLI
2109 2268 2201 2338 (οι.
2245 2266 2504 2335 XXXVI).

1779 2427 1844 2464 ΑΙ)
1870 2426 2104 2466 ΕΒΜΒΕΙΙ.

293 2541 468 2594 Ἴσον
516 2542 856 2610 ἐπιστολῆς
916 2544 1248 2612 γραφείσης
1309 2545 1469 2613 παρὰ
1528 2543 1635 2598 τοῦ
1687 2546 1876 2600 αὐτοῦ

356 2613 512 2681 πρὸς
546 2613 661 2665 τὸν
721 2613 1002 2668 Ἀκὰκιον
1030 2615 1392 2679 ἐπίσκοπον,
1425 2615 1560 2682 περὶ
1592 2615 1698 2670 τοῦ
1743 2616 1881 2671 dao-

358 2683 708 2751 πομπαίαν.

359 2796 491 2860 Τοῖς
518 2797 678 2867 παρὰ
711 2797 812 2867 τῆς
842 2797 943 2865 σῆς
981 2796 1260 2868 ὁσιότητος
1295 2797 1498 2868 ἀρτίως
1535 2797 1883 2871 ἀπεσταλμέ-

291 2903 405 2950 νοις
434 2895 464 2923 τ
510 2885 776 2955 ἐντυχὼν,
826 2885 1000 2956 ἥσθην
1033 2886 1173 2954 ἀγαν
1196 2901 1210 2916 ⁸
1263 2888 1546 2957 μονονουχὶ
1600 2888 1698 2942 καὶ
1727 2906 1883 2962 περι-

293 2976 456 3046 φυεὶς
489 2985 516 3013 ι
557 2972 914 3046 ἠσπαζόμην.
953 2974 1184 3046 Γνώμης
1220 2975 1331 3045 γὰρ
1369 2976 1450 3038 είς
1488 2975 1646 3029 τοῦτο
1679 2977 1884 3047 προῆλ-

292 3066 408 3130 θον,
449 3067 529 3131 ὡς
557 3067 703 3136 τάχα
734 3082 837 3120 που
871 3066 1006 3138 μηδὲ
1045 3067 1265 3121 ἀπεῖναι
1295 3067 1494 3120 δοκεῖν·
1534 3069 1587 3121 al
1631 3068 1740 3140 γὰρ
1775 3067 1886 3122 τῶν

289 3160 542 3231 γνησίων
571 3161 901 3230 προσρήσεις
934 3159 1118 3213 ἱκαναὶ
1147 3157 1406 3230 τοιαύτην
1436 3159 1736 3230 ἐμποιῆσαι
1771 3161 1888 3216 διά-

291 3254 478 3308 θεσιν.
517 3253 606 3306 Τὰ
630 3253 733 3324 ὲμά
771 3253 868 3324 μὲν
892 3254 951 3307 ὲν
975 3253 1186 3316 τούτοις
1212 3271 1226 3283 ·
1264 3253 1565 3324 πέπεισμαι
1590 3253 1648 3308 δὲ
1680 3255 1764 3308 ὅτι
1793 3254 1888 3308 καὶ

1981 2547 2294 2618 Exemplum
2322 2546 2556 2619 epistola:
2581 2547 2789 2619 scripta?
2810 2548 2872 2600 ab
2895 2546 3071 2600 eodem
3091 2545 3290 2619 Cyrillo
3322 2547 3394 2602 ad
3419 2547 3556 2602 Aca-

2258 2618 2397 2672 cium
2421 2619 2718 2688 episcopum
2739 2618 2801 2670 de
2833 2625 2993 2686 capro
3014 2618 3302 2671 emissario.

2050 2796 2316 2853 Perlectis
2367 2795 2568 2850 litteris
2615 2811 2752 2866 quas
2792 2796 3056 2851 sanctitas
3097 2806 3190 2850 tua
3231 2796 3395 2866 paulo
3428 2805 3558 2852 ante

1984 2895 2052 2950 ad
2088 2909 2176 2949 me
2225 2893 2493 2956 dederat,
2545 2893 2804 2963 majorem
2861 2891 2914 2946 in
2965 2891 3188 2946 modum
3222 2891 3559 2946 exhilaratus
3633 2953 3642 2956 _

1986 3001 2130 3050 sum,
2173 3000 2237 3040 ac
2280 2984 2681 3055 propemodum
2714 2984 3032 3054 complexus
3068 2999 3163 3038 eas
3203 2983 3559 3039 exosculatus

1987 3092 2130 3132 sum.
2184 3076 2262 3130 Eo
2316 3090 2553 3145 namque
2609 3075 2812 3129 mentis
2862 3073 3190 3145 cogitatione
3235 3073 3454 3130 ferebar
3499 3084 3562 3130 ut

1989 3167 2396 3241 quodammodo
2433 3184 2618 3224 coram
2647 3169 2839 3224 adesse
2865 3169 3081 3224 viderer
3106 3187 3122 3223 :
3147 3169 3420 3240 siquidem
3450 3170 3562 3226 sin-

1990 3275 2245 3316 cerorum
2271 3259 2572 3314 amicorum
2597 3259 2955 3315 salutationes
2975 3260 3097 3330 ejus
3129 3267 3257 3314 sunt
3284 3258 3559 3322 efﬁcaciae,

290 3344 368 3399 τὰ
391 3343 508 3412 τῆς
532 3341 634 3410 σῆς
654 3342 952 3404 θεοσεϐείας
971 3341 1071 3411 οὐχ
1091 3341 1465 3412 ἑτεροτρόπως
1493 3339 1627 3411 ἔχει.
1670 3338 1882 3410 Ἐπειδὴ

1993 3360 2052 3406 ut
2077 3351 2349 3422 ejusmodi
2378 3351 2636 3406 aﬂ‘ectum
2678 3351 2838 3406 facile
2859 3351 3096 3420 pariant.
3121 3351 3222 3406 Hic
3250 3358 3369 3406 erat
3389 3349 3562 3404 animi

291 3436 356 3488 δὲ
397 3433 644 3505 μηνύσαι
679 3433 1042 3502 κατηξίωσας,
1073 3433 1148 3494 ὡς
1171 3432 1274 3503 χρὴ
1303 3433 1434 3504 παρ’
1463 3431 1598 3502 ἐμοῦ
1632 3430 1886 3500 γενέσθαι

295 3525 454 3590 τινας
485 3526 685 3593 λόγους
722 3527 851 3597 περὶ
890 3525 986 3580 τοῦ
1025 3523 1442 3595 ἀποπομπαίου,
1479 3523 1545 3576 δι’
1603 3516 1679 3576 ὧν
1731 3522 1889 3577 ἔσται

298 3617 625 3686 καταφανὲς
643 3617 708 3670 τὸ
732 3618 821 3671 ἐπ’
841 3616 991 3687 αὐτῷ
1015 3621 1336 3689 μυστήριον,
1373 3614 1688 3684 ἀναγκαίως
1712 3614 1888 3668 ἐκεῖνό

301 3728 482 3782 φημι,
533 3709 640 3780 τῆς
678 3710 781 3779 σῆς
813 3710 1093 3779 ἀγχινοίας
1146 3706 1514 3780 ἀποχρώντως
1555 3705 1784 3777 ἐχούσης
1828 3705 1890 3758 τὸ

303 3801 545 3870 εὔμαθες
565 3840 580 3864 ,
614 3800 710 3853 καὶ
733 3799 843 3855 τῶν
869 3799 1030 3871 ίερῶν
1056 3799 1406 3871 Γραμμάτων
1439 3800 1636 3867 εὐφυᾶ,
1669 3799 1763 3853 καὶ
1791 3798 1891 3852 οὐκ

303 3895 666 3964 ἀθαύμαστον
701 3895 1035 3963 ἐπιστήμην,
1072 3893 1325 3962 περιττὸν
1367 3893 1464 3962 μὲν
1492 3891 1621 3954 ἴσως
1651 3891 1711 3944 τὸ
1739 3891 1892 3960 λέγε-

309 3984 430 4038 σθαί
463 4003 517 4038 τι
559 3984 693 4056 παρ’
737 3986 923 4057 ἐτέρου
956 3985 1221 4056 περὶτῶν
1258 3983 1627 4056 ζητουμένων.
1673 3983 1890 4054 Ἐπειδὴ

304 4076 360 4130 δὲ
386 4076 448 4129 τὸ
497 4075 710 4129 λυποῦν
755 4075 908 4130 οὐδὲν
952 4077 1048 4129 καὶ
1091 4077 1162 4130 τά
1205 4077 1286 4139 είς
1323 4075 1448 4130 νοῦν
1487 4077 1635 4132 ίόντα
1662 4077 1758 4131 καὶ
1799 4077 1890 4131 τὸν

307 4169 440 4237 ἐμὸν
477 4178 503 4214 Y
536 4171 736 4232 είπεῖν,
763 4169 1124 4239 γεγράφαμεν
1147 4185 1160 4198 ·
1187 4169 1249 4221 οὐ
1281 4169 1390 4239 γὰρ
1415 4164 1482 4239 ἦν
1509 4168 1806 4239 ἀνήνασθαι
1832 4168 1892 4220 τὸ

308 4259 608 4329 ἐπιταχθέν
634 4276 651 4290 ο
691 4261 740 4312 εί
777 4259 835 4312 δὲ
864 4259 928 4328 δὴ
964 4260 1062 4329 τῆς
1106 4261 1187 4322 εἰς
1213 4259 1363 4329 λῆξιν
1395 4259 1681 4331 ἀκριϐείας
1718 4259 1890 4330 βραχύ

311 4368 430 4414 πως
465 4353 819 4422 ἀφαμαρτεῖν
863 4352 1011 4421 ἡμᾶς
1043 4349 1333 4420 συμϐαίνει
1357 4392 1372 4414 ,
1405 4350 1743 4421 συγγνώμων
1779 4351 1889 4404 ἔσο.

312 4441 393 4496 Τὰ
427 4443 540 4513 γάρ
574 4460 658 4495 τοι
696 4441 1030 4512 δυσπρόσιτα
1083 4441 1191 4495 τῶν
1241 4439 1614 4514 θεωρημάτων
1657 4441 1892 4512 δυσχερῆ

313 4534 448 4604 πρὸς
482 4535 842 4602 διασάφησιν,
873 4534 968 4587 καὶ
990 4533 1051 4587 οὑ
1076 4532 1266 4604 ῥᾳδίαν
1295 4533 1434 4586 ἑλεῖν
1460 4532 1558 4601 τὴν
1590 4531 1894 4600 κατάληψιν

311 4626 445 4695 ἔχει.
482 4624 633 4694 Πλὴν
663 4624 876 4686 ἐλπίδος
905 4624 1070 4694 ἐσμὲν
1093 4623 1156 4676 οὐ
1189 4621 1431 4693 μακρὰν,
1455 4621 1532 4683 ὡς
1556 4619 1646 4673 διὰ
1664 4619 1772 4673 τῶν
1793 4617 1895 4688 τῆς

1991 3437 2099 3492 mei
2120 3438 2344 3493 habitus
2371 3455 2384 3490 :
2409 3453 2733 3508 persuasum
2759 3448 2943 3494 autem
2968 3439 3144 3494 habeo
3167 3450 3313 3495 tuam
3341 3453 3562 3508 quoque

1991 3529 2252 3597 pietatem
2296 3543 2406 3584 non
2452 3544 2612 3584 secus
2645 3528 2895 3584 aﬂ‘ectam
2932 3545 3074 3585 esse.
3099 3529 3237 3595 Quia
3260 3545 3393 3584 vero
3416 3529 3561 3582 indi-

1991 3620 2228 3675 eandum
2272 3621 2480 3690 putasti
2537 3627 2598 3674 ut
2633 3621 2896 3676 nonnulla
2952 3621 3022 3675 de
3066 3635 3232 3690 capro
3276 3621 3565 3676 emissario

1992 3711 2314 3775 edisseram,
2357 3726 2457 3780 per
2493 3726 2616 3779 qua:
2650 3711 2993 3780 mysterium,
3039 3710 3180 3779 quod
3211 3711 3266 3764 in
3304 3726 3370 3766 eo
3401 3712 3562 3766 abdi-

1993 3809 2109 3854 tum
2127 3801 2280 3864 latet,
2303 3800 2658 3869 perspicuum
2682 3799 2878 3854 evadat
2907 3818 2919 3852 :
2941 3799 3074 3854 illud
3101 3799 3314 3868 praefari
3341 3815 3565 3856 necesse

1993 3901 2098 3956 est,
2124 3907 2248 3947 cum
2272 3891 2566 3962 prudentia
2603 3900 2694 3946 tua
2727 3892 2858 3946 satis
2883 3892 3085 3961 polleat
3116 3892 3368 3962 ingenio,
3397 3901 3453 3948 et
3483 3894 3565 3948 in-

1995 3985 2205 4055 signem
2233 3982 2720 4052 admirandamque
2745 3997 3020 4037 sacrarum
3055 3983 3389 4038 Litterarum
3415 3985 3564 4040 noti-

1994 4071 2126 4126 tiam
2151 4071 2375 4137 habeat,
2401 4085 2868 4140 supervacaneum
2913 4071 3097 4126 forsan
3142 4087 3284 4137 esse,
3313 4073 3566 4143 quemvis

1995 4161 2162 4214 alium
2187 4161 2254 4216 de
2277 4161 2381 4215 hac
2403 4161 2703 4230 quaestione
2730 4162 2898 4217 verba
2921 4163 3121 4218 facere.
3151 4163 3405 4220 Attamen
3435 4165 3567 4234 quia

1997 4252 2135 4306 nihil
2161 4251 2418 4321 prohibet
2439 4267 2503 4307 ea
2543 4251 2729 4309 dicere
2771 4269 2892 4323 quae
2927 4253 3060 4308 mihi
3087 4255 3383 4325 quoquein
3409 4271 3568 4310 men-

1997 4351 2106 4398 tem
2147 4343 2396 4408 veniunt,
2431 4344 2755 4413 scripsimus
2789 4345 3012 4415 quidem
3040 4363 3052 4397 :
3086 4362 3264 4415 neque
3287 4346 3435 4401 enim
3475 4361 3567 4401 re-

1997 4451 2190 4490 cusare
2220 4436 2421 4491 licebat
2444 4437 2589 4506 quod
2615 4437 2714 4492 abs
2735 4446 2787 4492 te
2806 4445 2953 4492 esset
2980 4437 3316 4508 injunctum;
3343 4453 3567 4490 verum-

1999 4535 2182 4581 tamen
2207 4527 2252 4582 si
2292 4527 2362 4582 ab
2394 4535 2584 4582 exacta
2628 4527 2719 4582 illa
2763 4527 3020 4597 indagine
3043 4528 3294 4581 nonnihil
3338 4527 3568 4582 aberra-

1998 4633 2154 4681 vero,
2194 4618 2413 4672 veniam
2457 4617 2634 4672 dabis.
2681 4617 2817 4672 Nam
2864 4632 2986 4688 quae
3035 4617 3278 4672 difﬁcilia
3326 4626 3453 4672 sunt
3499 4618 3567 4672 ad

314 4716 412 4786 σῆς
445 4715 758 4778 θεοσεϐείας
793 4715 999 4785 εὐχῶν,
1033 4714 1127 4768 καὶ
1159 4713 1298 4784 πρός
1337 4730 1402 4781 γε
1438 4712 1597 4765 τοῦτο
1622 4711 1769 4782 ἡμᾶς
1798 4726 1882 4762 κα·

2004 4709 2512 4778 contemplandum,
2537 4708 2828 4764 difﬁculter
2852 4711 3236 4780 explanantur,
3273 4724 3375 4764 nec
3409 4707 3569 4762 facile

312 4805 565 4858 τευθυνεῖ
593 4806 850 4875 Χριστὸς,
882 4809 911 4860 ό
937 4805 1341 4860 ἀποκαλύπτων
1369 4803 1538 4874 βαθέα
1559 4803 1625 4856 ὲκ
1647 4802 1890 4864 σκότους,

317 4895 420 4950 καὶ
448 4897 626 4963 σοφῶν
655 4897 890 4966 τυφλοὺς
909 4937 925 4960 ,
960 4898 1054 4951 καὶ
1090 4897 1243 4967 ῥῆμα
1276 4895 1470 4959 διδοὺς,
1508 4894 1583 4958 ὡς
1609 4893 1784 4962 λόγος.

2001 4800 2570 4869 comprehenduntur.
2600 4800 2750 4854 Bona
2791 4801 3151 4858 nihilominus
3184 4817 3279 4870 spe
3317 4809 3572 4857 tenemur

2002 4893 2120 4948 fore
2174 4899 2236 4945 ut
2275 4907 2373 4961 per
2428 4891 2734 4948 sanctitatis
2778 4902 2883 4949 tua:
2934 4909 3124 4964 preces
3169 4893 3422 4949 Christus
3469 4892 3572 4946 bac

315 4989 494 5044 etiam
548 4989 603 5044 in
648 5005 707 5046 re
728 5006 831 5046 nos
865 4989 1085 5077 dirigat,
1129 4989 1222 5060 qui
1284 4986 1558 5059 profunda
1621 5001 1688 5040 ex
1752 4984 1994 5040 tenebris
2049 4987 2644 5056 revelat7°,c:£oosque
2693 4989 2966 5043 illuminat
2991 4987 3287 5060 [sapientes
3307 4987 3480 5059 facit],
3516 5001 3573 5042 et

314 5085 546 5140 verbum
581 5080 709 5146 dat,
743 5081 887 5136 sicut
915 5079 1180 5148 scriptum
1202 5079 1368 5135 est“.

385 5177 708 5246 Γέγραπται
741 5173 918 5226 τοίνυν
955 5172 1015 5223 ὲν
1055 5169 1132 5240 τῷ
1162 5168 1431 5239 Λευιτικῷ
1475 5168 1605 5238 περὶ
1637 5168 1728 5220 τοῦ
1760 5167 1897 5221 ἀπο-

316 5268 638 5340 πομπαίουο
685 5283 705 5315 ι
758 5265 866 5318 Καὶ
896 5262 1130 5334 λήψεται
1172 5264 1298 5324 τοὺς
1327 5259 1418 5312 δύο
1466 5259 1765 5330 χιμάρους,
1802 5258 1897 5311 καὶ

388 5418 434 5450 ⁷⁸
467 5417 573 5472 Job
602 5433 696 5478 xu,
724 5416 810 5469 29..
886 5416 932 5446 "
967 5414 1107 5467 Psal.
1151 5429 1305 5477 cxu',
1336 5412 1395 5478 8;
1440 5427 1602 5478 van,
1639 5410 1721 5463 12.

2080 5165 2352 5220 Scribitur
2377 5167 2559 5238 itaque
2596 5170 2652 5226 in
2694 5166 2939 5223 Levitico
2981 5167 3049 5223 de
3082 5182 3248 5239 capro
3284 5167 3571 5224 emissario

2004 5258 2151 5313 hunc
2186 5258 2240 5312 in
2269 5259 2489 5314 modum
2523 5278 2534 5313 :
2570 5279 2588 5311 ι
2619 5260 2685 5313 Et
2707 5268 2886 5314 sumet
2905 5260 3044 5316 duos
3063 5259 3266 5324 hircos,
3296 5266 3352 5315 et
3370 5267 3572 5316 statuet

1409 5531 1582 5586 Variae
1613 5527 1876 5584 lectiones
1908 5527 2114 5585 codicis
2143 5530 2502 5600 Seguieriani.

403 5659 426 5687 ι’
457 5649 897 5703 κινδυνεύσασαν.

329 5719 580 5789 περιφύς.
657 5728 685 5766 ῖ
717 5719 800 5771 τον.
828 5720 971 5772 ἰόντα
989 5719 1083 5771 τόν
1114 5718 1265 5788 ἐμόν.

646 5812 914 5870 ΡΑτιιοι.
961 5811 1074 5871 Gn.
1122 5811 1404 5870 LXXVII.

968 5659 988 5685 ³
1024 5645 1459 5719 παρακομίζωσί.
1546 5647 1564 5682 ί
1600 5644 1942 5716 ὲνρήξαντος.
1996 5651 2024 5680 υ
2048 5643 2381 5717 ὁμοφρονῶν.
2426 5651 2450 5675 ν
2474 5642 2911 5712 ἐπεσταλμένοις.
2991 5654 3014 5683 κ
3041 5645 3200 5714 μόνον
3236 5645 3291 5699 δὲ
3332 5644 3450 5719 οὐχὶ
3476 5651 3571 5702 καὶ

3133 5805 3162 5863 7
