4044 6212
446 311 550 366 9.03

1447 312 1503 365 S.
1544 308 1822 365 CYRILLI
1860 307 2333 368 ALEXANDRINI
2372 312 2688 369 ARCHIEP.

3614 315 3722 371 2M

396 458 403 463 -
446 441 544 482 eos
564 442 748 482 coram
762 427 995 483 Domino
1016 426 1083 481 ad
1110 426 1313 485 ostium
1335 425 1675 479 tabernaculi
1700 425 2032 481 testimonii:

2141 428 2326 499 στήσει
2362 429 2563 490 αὐτοὺς
2594 427 2776 482 ἔναντι
2820 428 3027 501 Κυρίου
3077 430 3230 501 παρὰ
3277 429 3373 501 τὴν
3419 430 3592 501 θύραν
3624 431 3723 502 τῆς

446 528 503 573 et
534 520 782 589 imponet
812 518 992 572 Aaron
1017 532 1185 587 super
1222 516 1361 570 duos
1385 515 1570 570 hircos
1591 525 1789 583 sortes,
1824 527 2029 573 sortem

447 626 609 665 unam
635 610 887 673 Domino,
919 619 976 663 et
1008 618 1213 663 sortem
1239 622 1405 663 unam
1430 607 1743 675 emissario,
1772 616 1829 664 et
1852 608 2030 665 addu-

445 710 533 755 cet
556 699 738 754 Aaron
774 700 990 753 hircum
1028 714 1197 769 super
1227 715 1389 768 quem
1432 698 1755 769 supervenit
1792 715 1912 755 sors
1942 715 2031 754 su-

445 807 544 861 per
566 805 693 845 eum
717 790 971 855 Domino,
1004 800 1060 847 et
1089 790 1286 845 offeret
1312 805 1412 859 pro
1438 799 1694 860 peccato;
1734 798 1791 845 et
1815 790 2031 846 hircum

446 898 612 953 super
643 898 805 952 quem
840 882 1196 953 superveniet
1244 896 1410 951 super
1430 896 1559 936 eum
1583 896 1704 937 sors
1737 881 2030 947 emissarii,

446 984 653 1032 statuet
672 990 797 1030 eum
827 976 1103 1029 viventem
1137 990 1323 1029 coram
1345 974 1597 1039 Domino,
1637 974 1702 1028 ad
1731 975 2033 1045 propitian-

448 1069 577 1123 dum
597 1083 762 1137 super
788 1082 936 1133 eum,
962 1076 1022 1121 ut
1044 1066 1261 1121 emittat
1280 1081 1407 1120 eum
1436 1065 1490 1119 in
1519 1065 1873 1120 emissionem
1908 1083 1920 1117 :
1946 1065 2031 1119 di-

448 1162 630 1217 mittet
664 1177 790 1216 eum
832 1161 886 1215 in
914 1161 1193 1215 desertum
1216 1160 1280 1211 ⁷².
1310 1177 1327 1208 ι
1357 1158 1423 1212 Ει
1462 1164 1588 1228 post
1611 1158 1757 1211 alia:
1792 1175 1809 1208 ι
1847 1156 1915 1210 Et
1940 1157 2031 1227 ju-

447 1257 658 1329 gulabit
682 1255 894 1309 hircum
916 1254 1007 1325 qui
1032 1270 1129 1325 pro
1149 1262 1395 1324 peccato,
1420 1266 1547 1306 eum
1569 1249 1662 1321 qui
1679 1265 1779 1321 pro
1805 1250 2031 1319 populo,

448 1358 576 1404 ante
606 1348 921 1411 Dominum,
952 1357 1010 1401 et
1058 1346 1259 1400 inferet
1302 1343 1370 1399 de
1421 1343 1687 1414 sanguine
1729 1342 1849 1411 ejus
1886 1341 2033 1395 intra

448 1440 655 1504 velum,
681 1438 917 1495 etfaciet
944 1438 1266 1509 sanguinem
1295 1438 1417 1508 ejus
1447 1434 1911 1505 quemadmodum
1949 1433 2030 1487 fc-

448 1533 524 1585 cit
560 1530 880 1601 sanguinem
906 1530 1086 1593 vituli,
1120 1530 1277 1598 122
1320 1537 1375 1582 et
1427 1535 1681 1597 aSperget
1712 1524 2031 1595 sanguinem

448 1624 568 1693 ejus
591 1638 758 1691 super
779 1621 1225 1691 propitiatorium
1249 1628 1437 1675 contra
1469 1619 1665 1674 faciem
1702 1618 2030 1687 propitiato-

450 1716 538 1780 rii,
565 1723 619 1769 et
646 1713 888 1783 expiabit
908 1712 1279 1767 sanctuarium
1303 1712 1370 1766 ab
1406 1710 1771 1764 immunditiis
1795 1709 2031 1764 filiorum

2140 519 2345 588 σκηνῆς
2377 517 2473 571 τοῦ
2524 518 2861 589 μαρτυρίου·
2911 522 3005 574 καὶ
3054 521 3309 591 ἐπιθήσει
3370 522 3584 594 ’Δαρὼν
3630 524 3725 577 ἐπὶ

2135 610 2261 673 τοὺς
2293 609 2388 663 δύο
2421 609 2690 680 χιμάρους
2726 604 2963 682 κλήρους
2990 652 3004 677 ,
3038 613 3240 682 κλῆρον
3269 613 3367 665 Eva
3395 612 3473 684 τῷ
3504 613 3722 685 Κυρίῳ,

2136 700 2228 753 καὶ
2272 700 2476 773 κλῆρον
2528 701 2627 754 ἕνα
2680 700 2758 772 τῷ
2807 704 3227 775 ἀποπομπαίῳ’
3296 704 3390 759 καί
3451 704 3723 775 προσάξει

2149 791 2363 864 Ἀαρὼν
2408 792 2502 846 τὸν
2534 791 2787 863 χίμαρον,
2830 796 2913 864 ἐφ’
2944 796 3002 849 ὃν
3040 795 3275 866 ἐπῆλθεν
3321 798 3349 849 6
3400 796 3601 866 κλῆρος
3633 797 3723 850 ἐπ’

2135 883 2298 936 αὑτὸν
2327 884 2406 955 τῷ
2444 887 2654 960 Κυρίῳ,
2683 889 2778 943 καὶ
2805 887 3086 958 προσοίσει
3117 887 3245 959 περὶ
3277 888 3549 960 ἁμαρτίας
3578 904 3591 918 ⁸
3627 890 3724 943 καὶ

2133 972 2225 1026 τὸν
2256 976 2512 1048 χίμαρον,
2549 980 2635 1049 ἐφ’
2663 975 2735 1033 6v'
2751 978 2986 1049 ἐπῆλθεν
3020 980 3107 1031 ἐπ’
3138 979 3298 1033 αὑτὸν
3333 982 3360 1033 6
3389 979 3594 1051 κλῆρος
3624 979 3722 1033 τοῦ

2135 1067 2547 1139 ἀποπομπαίου,
2576 1073 2761 1143 στήσει
2792 1071 2953 1125 αὑτὸν
2977 1070 3155 1136 ζῶντα
3184 1072 3365 1127 ἔναντι
3396 1072 3603 1144 Κυρίου
3625 1072 3723 1126 τοῦ

2137 1157 2521 1223 ἐξιλάσκεσθαι
2556 1173 2578 1200 ι
2614 1165 2700 1217 ἐπ’
2752 1162 2921 1216 αὐτοῦ
2948 1176 2961 1190 ·
2999 1161 3139 1216 ὥστε
3188 1164 3506 1218 ἀποστεῖλαι
3556 1162 3721 1217 αὑτὸν

2135 1251 2217 1313 είς
2240 1250 2348 1322 ,τὴν
2377 1252 2734 1326 άποπομπήν.
2754 1254 2978 1323 Ἀφήσει
3007 1253 3165 1307 αὐτὸν
3190 1255 3270 1317 είς
3298 1256 3399 1325 τὴν
3433 1254 3658 1327 ἔρημον.
3695 1273 3714 1306 ι

2135 1343 2246 1396 Kal.
2284 1343 2403 1413 μεθ’
2435 1345 2619 1416 ἕτερα·
2657 1365 2675 1398 ι
2717 1346 2829 1399 Kal
2854 1344 3047 1415 σφάξει
3081 1345 3171 1398 τὸν
3200 1345 3435 1416 χίμαρον
3465 1345 3555 1397 τὸν
3588 1346 3721 1416 περὶ

2134 1436 2235 1506 τῆς
2267 1436 2563 1506 ἁμαρτίας,
2591 1437 2681 1491 τὸν
2709 1438 2859 1509 παρά
2884 1448 2910 1477 ι
2950 1437 3045 1490 τοῦ
3074 1436 3225 1502 λαοῦ,
3260 1436 3441 1489 ἔναντι
3474 1437 3681 1507 Κυρίου
3704 1450 3717 1463 ·

2136 1529 2228 1583 καὶ
2268 1530 2490 1583 εἰσοίσει
2522 1529 2614 1582 τοῦ
2646 1530 2879 1599 αἵματος
2912 1528 3074 1582 αὐτοῦ
3122 1527 3391 1600 ἐσώτερον
3416 1527 3509 1580 τοῦ
3547 1545 3719 1581 κατα-

2134 1622 2486 1692 πετάσματος
2507 1640 2521 1654 ·
2563 1623 2657 1675 καὶ
2690 1623 2909 1692 ποιήσει
2939 1621 2999 1674 τὸ
3028 1618 3167 1690 αἷμα
3196 1620 3362 1673 αὑτοῦ
3384 1664 3396 1687 ,
3425 1620 3485 1673 ὃν
3519 1621 3719 1689 τρόπον

2136 1714 2359 1785 ἐποίησε
2389 1714 2450 1766 τὸ
2481 1708 2620 1784 αἷμα
2648 1713 2741 1766 τοῦ
2771 1713 2974 1783 μόσχου
3003 1730 3016 1744 ·
3053 1711 3147 1766 καὶ
3177 1713 3329 1782 ρανεῖ
3361 1711 3419 1763 τὸ
3449 1707 3587 1782 αἷμα
3616 1712 3719 1764 αύ-

450 1807 638 1870 Israel,
669 1805 805 1859 etab
833 1805 1121 1875 injustitiis
1140 1821 1331 1859 eorum
1362 1819 1460 1874 pro
1480 1803 1738 1857 omnibus
1768 1802 2026 1872 peccatis.

2135 1804 2228 1858 τοῦ
2270 1782 2365 1858 ἐπὶ
2396 1805 2456 1858 τὸ
2497 1782 2813 1876 ἱλαστήριον
2844 1805 2987 1858 κατά
3036 1804 3329 1875 πρόσωπον
3357 1802 3451 1857 τοῦ
3496 1804 3718 1874 ἱλαστή-

449 1899 517 1953 Ει
538 1898 621 1952 sic
656 1897 818 1951 faciet
852 1897 1210 1951 tabernaculo
1256 1896 1591 1958 testimonii,
1633 1894 1779 1964 quod
1811 1906 2029 1950 cxstru«

449 2002 596 2045 ctum
624 1999 707 2046 est
733 1991 875 2045 intra
898 2006 993 2045 eos
1014 1991 1069 2044 in
1097 1990 1279 2046 medio
1298 1991 1659 2045 immunditiae
1678 2006 1871 2045 eorum
1897 1992 1960 2043 ⁷³.
2005 2009 2023 2041 ι

449 2084 517 2137 Ει
558 2084 674 2138 haec
702 2082 921 2153 quidem
951 2083 1017 2137 de
1050 2091 1287 2139 mactato
1315 2100 1482 2153 capro
1527 2083 1900 2154 sanguineque
1931 2098 2031 2137 suo

450 2186 699 2231 sanctum
766 2176 1183 2230 tabernaculum
1232 2174 1627 2230 sanctificante.
1690 2175 1764 2228 Dc
1812 2175 2032 2230 vivente

449 2284 581 2323 vero
612 2284 674 2322 ac
700 2268 987 2323 emissario
1017 2282 1238 2321 rursum
1260 2267 1340 2321 sic
1370 2266 1446 2320 ait
1476 2284 1488 2319 :
1517 2284 1533 2317 ι
1571 2266 1639 2320 Et
1664 2264 1900 2337 adducet
1937 2281 2029 2319 ca-

451 2377 608 2433 prum
637 2361 949 2425 viventem;
975 2367 1030 2414 et
1063 2360 1307 2429 imponet
1334 2360 1514 2412 Aaron
1559 2373 1753 2411 manus
1779 2373 1906 2411 suas
1936 2373 2031 2411 su-

451 2469 550 2527 per
574 2460 740 2522 caput
767 2452 906 2506 hirci
939 2450 1197 2517 viventis,
1243 2460 1300 2505 et
1332 2449 1686 2505 conﬁtebitur
1719 2464 1883 2519 super
1912 2450 2032 2519 ipso

450 2562 643 2602 omnes
666 2544 985 2615 iniquitates
1015 2542 1255 2599 filiorum
1286 2542 1474 2607 Israel,
1506 2548 1563 2596 et
1599 2556 1790 2596 omnes
1814 2541 2030 2611 injusti-

446 2640 554 2695 tias
584 2654 800 2702 eorum,
828 2646 885 2691 et
904 2637 1088 2691 omnia
1108 2643 1336 2706 peccata
1367 2650 1581 2699 eorum;
1617 2642 1673 2688 et
1696 2633 1939 2702 imponet
1968 2648 2033 2687 ea

447 2748 616 2802 super
638 2738 801 2800 caput
829 2728 970 2783 hirci
993 2727 1251 2791 viventis,
1278 2733 1335 2780 et
1354 2726 1571 2780 emittet
1601 2725 1754 2779 illum
1788 2724 1841 2778 in
1867 2739 2033 2778 manu

447 2824 688 2878 hominis
716 2820 891 2892 parati
926 2820 982 2875 in
1020 2818 1300 2873 desertum
1330 2834 1342 2870 :
1368 2824 1422 2871 et
1462 2816 1616 2871 tollet
1645 2816 1832 2871 hircus
1866 2831 2033 2886 super

448 2915 689 2983 seipsum
740 2910 1056 2980 iniquitates
1107 2923 1300 2962 eorum
1335 2907 1393 2961 in
1434 2914 1635 2961 terram
1684 2906 1884 2961 inviam
1924 2926 1936 2959 :
1976 2916 2034 2963 et

448 3004 663 3057 emittet
692 3001 909 3054 hircum
930 2999 988 3052 in
1017 2998 1298 3052 desertum
1320 2996 1389 3049 ⁷⁸.
1416 3015 1433 3047 ι
1470 2994 1661 3049 Omnis
1689 2995 1856 3066 igitur
1880 2995 2031 3050 Scri-

448 3104 608 3163 ptura
637 3092 905 3146 divinitus
926 3089 1189 3160 inspirata
1212 3088 1364 3144 utilis
1389 3096 1474 3143 est
1492 3090 1559 3143 ⁷³.
1582 3088 1716 3143 Nam
1740 3088 2031 3159 quodcun-
2058 3120 2102 3180 ο

448 3202 555 3258 que
590 3187 735 3241 Deus
762 3185 980 3238 locutus
1011 3182 1198 3248 fuerit,
1231 3182 1338 3237 hoc
1372 3189 1546 3236 totum
1574 3196 1684 3236 non
1713 3190 1893 3252 potest
1920 3198 2032 3237 non

449 3278 585 3333 utile
633 3292 697 3331 ac
744 3276 987 3331 salutare
1034 3290 1176 3329 esse.
1226 3272 1499 3343 Equidem
1538 3273 1624 3328 his
1656 3272 1749 3340 qui
1782 3272 2034 3329 veritatis

448 3371 561 3426 vim
594 3367 955 3438 contemplari
980 3372 1231 3437 possunt,
1255 3373 1519 3420 venustas
1546 3366 1666 3435 ejus
1689 3363 1839 3418 velut
1866 3380 2029 3420 coru-

449 3477 603 3517 scum
630 3459 905 3530 quoddam
954 3459 1143 3513 lumen
1182 3471 1301 3512 sese
1345 3455 1544 3521 ofl‘ert,
1573 3463 1923 3526 mentemque
1963 3456 2031 3510 ad

448 3553 820 3625 cognitionem
883 3549 1130 3623 mysterii
1201 3547 1408 3604 Christi
1460 3548 1699 3602 illustrat
1746 3563 2033 3618 :quorum

447 3659 581 3698 vero
622 3657 780 3696 mens
803 3656 915 3695 non
969 3638 1203 3692 firmiter
1231 3636 1459 3701 incedit,
1497 3635 1592 3691 sed
1625 3634 2032 3704 quodammodo

448 3733 724 3789 claudicat
755 3732 957 3795 adhuc,
986 3738 1042 3785 et
1072 3728 1272 3800 puerili
1299 3735 1384 3783 est
1418 3743 1602 3793 sensu,
1629 3727 1830 3781 talibus
1866 3726 2031 3781 etiam

449 3824 737 3893 praecipuae
758 3821 1157 3891 scripturarum
1193 3816 1596 3887 speculationes
1619 3815 2032 3886 reprehensibl-

448 3913 529 3967 les
566 3924 959 3980 nonnunquam
985 3916 1041 3962 et
1065 3906 1352 3977 culpanda:
1391 3906 1674 3961 videntur.
1708 3905 1886 3974 Atque
1918 3905 2036 3960 haec

450 4002 596 4066 dico,
636 4001 704 4055 iis
733 4015 853 4070 quae
878 3999 1056 4069 pietas
1081 4005 1174 4051 tua
1216 3998 1536 4067 scripserat,
1560 4012 1671 4051 non
1704 3997 1823 4051 sine
1853 4004 2033 4051 atten-

450 4093 599 4147 tione
622 4094 801 4148 lectis.
824 4091 961 4146 Nam
984 4089 1152 4159 aliqui
1174 4105 1242 4144 ex
1266 4089 1374 4144 illis
1395 4088 1491 4159 qui
1519 4090 1644 4143 istic
1664 4088 1890 4159 degunt,
1917 4087 2033 4142 for-

450 4194 596 4240 tasse
618 4190 885 4255 putarunt
931 4180 1167 4235 alterum
1194 4180 1421 4250 quidem
1457 4195 1685 4250 caprum
1706 4180 1794 4234 vel
1816 4178 2033 4235 hircum

449 4279 587 4339 Deo,
626 4274 721 4345 qui
747 4283 831 4328 est
864 4288 1031 4343 super
1056 4272 1239 4327 omnia
1259 4312 1273 4338 ,
1304 4272 1371 4326 ad
1414 4272 1749 4328 sacrificium
1772 4271 2036 4327 hostiam-

450 4381 557 4437 que
585 4364 869 4435 deputari;
905 4364 1138 4421 alterum
1168 4378 1301 4418 vero
1336 4364 1675 4419 exsecranda
1711 4364 1951 4434 cuipiam
1977 4372 2034 4418 et

2136 1899 2279 1968 ρίου,
2316 1898 2413 1951 καὶ
2460 1898 2771 1962 ἐξιλάσεται
2802 1897 2863 1950 τὸ
2896 1897 3048 1965 ἆγιον
3082 1896 3190 1949 ἀπὸ
3219 1896 3329 1949 τῶν
3364 1896 3720 1968 ἁκαθαρσιῶν

2131 1991 2241 2044 τῶν
2282 1990 2416 2044 υἱῶν
2470 1990 2688 2063 Ἰσραὴλ
2707 2032 2720 2056 ,
2753 1993 2848 2045 καί
2878 1991 2985 2044 ἀπὸ
3015 1991 3121 2045 τῶν
3149 1991 3500 2062 ἀδικημάτων
3537 1991 3720 2058 αύτῶν

2133 2081 2226 2135 ἐπὶ
2266 2081 2457 2134 πασῶν
2509 2081 2621 2134 τῶν
2679 2080 2986 2153 ἁμαρτιῶν.
3038 2082 3148 2136 Kal
3197 2080 3340 2135 οὕτω
3389 2082 3603 2152 ποιήσει
3647 2085 3716 2154 τῇ

2135 2176 2307 2245 σκηνῇ
2354 2172 2447 2226 τοῦ
2504 2174 2846 2245 μαρτυρίου,
2886 2177 2952 2245 τῇ
2989 2173 3288 2245 ἐκτισμένη
3327 2176 3385 2227 ὲν
3432 2175 3616 2238 αὐτοῖς
3658 2177 3719 2229 ἐν

2136 2264 2286 2335 μέσῳ
2312 2266 2411 2335 τῆς
2446 2252 2801 2336 ἀκαθαρσίας
2824 2265 3024 2320 αὐτῶν.
3069 2285 3086 2316 ι
3118 2267 3228 2319 Kal
3258 2266 3431 2319 ταῦτα
3463 2266 3562 2337 μὲν
3586 2269 3720 2339 περὶ

2132 2354 2226 2408 τοῦ
2275 2356 2615 2426 σφαζομένου
2644 2374 2697 2426 χι
2709 2358 2883 2427 μάρου
2903 2396 2916 2419 ,
2951 2358 3042 2409 κα).
3074 2356 3391 2425 ἀγιάζοντος
3419 2356 3496 2426 τῷ
3521 2357 3721 2427 αἵματι

2134 2448 2233 2520 τήν
2280 2448 2443 2517 ἁγίαν
2507 2454 2731 2519 σκηνήν.
2787 2450 2921 2519 Περὶ
2972 2449 3027 2502 δέ
3092 2466 3155 2517 γε
3211 2447 3305 2501 τοῦ
3363 2448 3565 2513 ζῶντος
3620 2451 3722 2504 καὶ

2134 2540 2431 2611 ἀφιεμένου
2462 2540 2624 2593 πάλιν
2660 2535 2763 2593 ὧδέ
2788 2556 2939 2610 φησι·
2972 2557 2991 2591 ι
3016 2540 3126 2594 Kal.
3160 2538 3527 2611 προσάξειτδν
3556 2541 3723 2612 χίμα-

2136 2650 2229 2704 ρον
2258 2633 2347 2686 τὸν
2383 2631 2582 2697 ζῶντα,
2612 2633 2707 2685 xal.
2738 2631 2991 2703 ἐπιθήσει
3029 2631 3242 2702 Ἀαρὼν
3271 2632 3370 2695 τὰς
3400 2635 3590 2703 χεῖρας
3624 2634 3722 2686 αύ-

2132 2724 2228 2778 τοῦ
2268 2724 2361 2777 ἐπὶ
2390 2723 2487 2795 τὴν
2528 2724 2774 2794 κεφαλὴν
2815 2723 2907 2776 τοῦ
2942 2724 3179 2795 χιμάρου
3212 2722 3306 2777 τοῦ
3353 2723 3589 2787 ζῶντος,
3622 2726 3720 2779 καὶ

2134 2814 2484 2886 ἐξαγορεύσει
2514 2817 2598 2869 ἐπ’
2634 2815 2801 2870 αὑτοῦ
2833 2815 3015 2879 πάσας
3060 2815 3158 2879 τὰς
3185 2815 3418 2886 ἀνομίας
3447 2814 3555 2868 τῶν
3584 2814 3721 2868 υἱῶν

2148 2907 2380 2980 Ἰσραὴλ.
2408 2911 2502 2961 καὶ
2529 2909 2711 2971 πάσας
2730 2909 2829 2971 τὰς
2850 2908 3063 2971 ἀδικίας
3079 2908 3276 2973 αὐτῶν,
3300 2909 3394 2963 καὶ
3420 2908 3599 2971 πάσας
3617 2908 3719 2973 τὰς

2134 2998 2411 3069 ἁμαρτίας
2428 2996 2627 3051 αὐτῶν·
2652 2998 2747 3051 καὶ
2766 2998 3016 3069 ἐπιθήσει
3042 2999 3211 3062 αὑτὰς
3236 2999 3325 3051 ἐπὶ
3348 2999 3445 3071 τήν
3472 2998 3720 3070 κεφαλὴν

2134 3088 2229 3142 τοῦ
2255 3089 2492 3160 χιμάρου
2515 3089 2609 3143 τοῦ
2640 3086 2862 3155 ζῶντος,
2884 3090 2979 3144 καὶ
3000 3089 3349 3155 ἐξαποστελεῖ
3369 3090 3426 3142 ἐν
3453 3090 3595 3161 χειρὶ
3624 3090 3722 3143 ἀν-

2136 3178 2352 3251 θρώπου
2371 3181 2589 3252 ἑτοίμου
2616 3182 2695 3244 είς
2711 3182 2809 3252 τὴν
2824 3180 2921 3252 ερη
2932 3198 3049 3252 μονο
3067 3182 3160 3235 καὶ
3181 3181 3411 3251 λήψεται
3434 3183 3461 3234 6
3482 3182 3721 3252 χίμαρος

2134 3268 2221 3340 ἐφ’
2259 3269 2438 3341 ἐαυτῷ
2475 3271 2576 3332 τὰς
2626 3271 2840 3334 ἀδικίας
2874 3272 3054 3324 αὐτῶν
3091 3273 3171 3335 εἰς
3210 3272 3307 3343 τὴν
3341 3270 3537 3326 ἄϐατον
3562 3289 3575 3303 ο
3623 3274 3721 3324 καὶ

2134 3364 2591 3429 ἐξαποστελεῖτὺν
2612 3365 2847 3436 χίμαρον
2877 3367 2957 3429 είς
2983 3366 3082 3436 τὴν
3110 3364 3209 3435 ἐρη
3220 3382 3342 3434 μον.
3388 3383 3405 3416 ι
3440 3366 3591 3418 Πᾶσα
3617 3364 3720 3434 μὲν

2133 3452 2226 3510 οὖν
2262 3456 2453 3527 Γραφὴ
2504 3454 2882 3521 θεόπνευστος,
2918 3457 3015 3510 καὶ
3055 3456 3355 3526 ὠφέλιμος.
3403 3457 3469 3509 Ὃ
3508 3456 3616 3525 γὰρ
3652 3454 3719 3507 ἂν

2134 3545 2433 3615 φθέγξηται
2459 3544 2614 3611 Θεὸς,
2648 3545 2807 3601 τοῦτο
2825 3546 2888 3616 δὴ
2919 3546 3140 3609 πάντως
3156 3545 3273 3598 ἐστὶ⁸
3301 3545 3395 3597 καὶ
3425 3544 3716 3614 σωτήριον.

2135 3638 2247 3693 Kal.
2284 3641 2393 3702 τοῖς
2441 3639 2540 3710 μὲν
2589 3634 2741 3692 οὖσιν
2788 3638 2922 3701 οἵοις
2966 3655 3025 3691 τε
3070 3637 3302 3690 συνιδεῖν
3332 3636 3433 3707 τῆς
3461 3635 3720 3706 ἀληθείας

2135 3732 2229 3803 τὴν
2251 3730 2502 3802 δύναμιν,
2526 3731 2585 3784 τὸ
2610 3732 2816 3802 ταύτης
2842 3731 3039 3795 κάλλος
3067 3731 3301 3801 ὑπαντᾷ,
3348 3730 3527 3799 φωτὸς
3560 3729 3721 3798 δίκην

2135 3823 2509 3894 ἐναστράπτον
2538 3824 2615 3894 τῷ
2645 3824 2720 3895 νῷ
2748 3824 2841 3877 τοῦ
2865 3824 3003 3878 κατά
3031 3822 3265 3896 Χριστὸν
3292 3821 3588 3894 μυστηρίου
3619 3822 3719 3892 τὴν

2134 3913 2369 3981 γνῶσιν·
2410 3917 2524 3977 τοῖς
2557 3932 2620 3983 γε
2659 3915 2901 3987 μὴνθούκ
2945 3915 3163 3986 ἔχουσιν
3202 3910 3261 3966 εὖ
3315 3913 3587 3984 βεὸηκότα
3624 3912 3719 3965 τὸν

2135 4004 2280 4071 νοῦν,
2316 4005 2431 4060 ἀλλ’
2485 4000 2595 4059 οἷον
2640 4006 2722 4060 ἔτι
2758 4006 3029 4070 σκάζοντά
3071 4023 3131 4058 τε
3188 4007 3283 4060 καὶ
3336 4004 3669 4077 νηπιάζοντα
3699 4044 3715 4067 ,

2133 4096 2345 4161 τούτοις
2389 4094 2500 4152 εἷεν
2549 4099 2615 4152 ἂν
2649 4100 2742 4153 καὶ
2769 4099 2836 4152 τὰ
2882 4099 3131 4170 ἐξαίρετα
3186 4098 3295 4151 τῶν
3343 4098 3718 4170 θεωρημάτων

2136 4188 2241 4243 ὑπὸ
2275 4190 2466 4259 μῶμον
2506 4190 2617 4243 ἔσθ’
2657 4193 2746 4245 ὅτε
2776 4191 2871 4245 καὶ⁸
2904 4192 3141 4263 γραφήν.
3179 4190 3287 4243 Καὶ
3319 4190 3495 4244 ταῦτά
3536 4206 3715 4259 φημι,

2134 4282 2246 4344 τοῖς
2284 4280 2435 4351 παρά
2468 4281 2566 4350 τῆς
2597 4281 2695 4351 σῆς
2728 4281 3039 4345 θεοσεϐείας
3063 4284 3355 4351 γραφεῖσιν
3380 4281 3482 4335 οὐκ
3507 4280 3718 4335 ἀϐασα-

2135 4372 2330 4435 νίστως
2374 4372 2630 4441 ἐντυχών.
2680 4372 2949 4443 ᾬήθησαν
2990 4372 3101 4445 γὰρ
3128 4374 3259 4437 ἴσως
3283 4373 3391 4427 τῶν
3419 4373 3603 4427 αὐτόθι
3630 4391 3715 4426 τι-

449 4458 594 4513 malo
658 4456 1049 4525 immundoque
1119 4455 1352 4509 daemoni
1413 4455 1468 4509 in
1525 4454 1804 4527 desertum
1862 4455 2029 4510 fuisse

2136 4465 2246 4527 νὲς,
2274 4464 2365 4516 τὸν
2402 4464 2501 4534 μὲν
2527 4464 2623 4516 ἕνα
2654 4465 2761 4517 τῶν
2781 4464 3055 4536 χιμάρων,
3087 4466 3201 4535 ἦτοι
3235 4465 3344 4518 τῶν
3368 4465 3607 4534 τράγων,
3637 4464 3718 4535 τῷ

450 4549 835 4613 amandatum;
884 4555 1047 4616 atque
1082 4547 1186 4601 hoc
1213 4548 1393 4616 ipsum
1430 4562 1529 4617 per
1568 4562 1779 4601 sacram
1808 4562 2031 4601 manum

449 4642 695 4712 legisque
722 4640 1025 4694 decretum.
1058 4638 1116 4692 ld
1147 4647 1331 4693 autem
1359 4654 1425 4693 ex
1459 4654 1518 4693 se
1541 4639 1770 4693 omnino
1800 4639 2031 4707 stultum

450 4742 537 4788 est
559 4742 613 4787 et
657 4731 977 4794 ridiculum,
1006 4730 1319 4799 meritoque
1353 4730 1556 4784 dixerit
1596 4731 1795 4800 aliquis
1827 4732 1894 4785 iis
1937 4732 2032 4801 qui

452 4825 763 4895 huiusmodi
792 4823 1051 4893 opinione
1077 4830 1334 4875 tenentur
1360 4839 1371 4874 :
1402 4821 1513 4876 Cur
1538 4838 1648 4877 non
1680 4822 1813 4877 illud
1848 4823 2034 4892 potius

450 4916 904 4988 cogitatis?Nam
952 4913 1230 4984 quomodo
1277 4915 1659 4969 universorum
1697 4915 1900 4986 opifex,
1933 4916 2028 4986 qui

450 5022 668 5062 omnem
724 5014 965 5061 mentem
1002 5020 1065 5059 ac
1122 5020 1431 5059 sermonem
1481 5008 1719 5072 excedit,
1769 5008 2028 5077 solusque

448 5106 533 5153 est
554 5096 858 5153 secundum
891 5104 1146 5150 naturam
1186 5095 1331 5149 Deus
1352 5104 1409 5149 et
1435 5096 1699 5151 Dominus
1720 5138 1733 5161 ,
1771 5097 2027 5152 Satanam

449 5198 775 5259 apostatam,
800 5189 953 5258 regni
993 5187 1077 5240 sui
1106 5202 1171 5240 ac
1200 5187 1386 5257 gloria:
1424 5188 1597 5242 veluti
1636 5189 1848 5242 socium
1893 5204 2028 5243 con-

450 5288 765 5349 sortemque
791 5279 1146 5335 admisisset?
1169 5295 1293 5333 cum
1338 5295 1436 5349 per
1467 5280 1762 5349 quemdam
1806 5290 2029 5335 sancto-

456 5386 575 5426 rum
614 5373 1009 5441 prophetarum
1044 5371 1195 5425 illum
1237 5375 1381 5427 clare
1436 5374 1797 5443 pronuntiare
1839 5374 2030 5429 audia-

2138 4556 2233 4607 ἐπὶ
2264 4555 2484 4609 πάντων
2529 4556 2896 4627 ἐκνεμηθῆναι
2924 4555 3043 4627 Θεῷ
3076 4558 3212 4628 πρὸς
3252 4556 3576 4627 καθιέρωσιν
3619 4556 3717 4611 καὶ

2136 4646 2328 4699 θυσίαν
2356 4661 2368 4675 ’
2412 4646 2503 4700 τόν
2551 4663 2611 4714 γε
2667 4646 2772 4718 μὴν
2822 4648 3010 4719 ἕτερον
3054 4648 3429 4718 ἀποπομπαίῳ
3468 4648 3574 4699 τινὶ
3622 4647 3717 4699 καὶ

2138 4736 2363 4809 πονηρῷ
2411 4737 2506 4790 καὶ
2530 4736 2826 4809 ἀκαθάρτῳ
2850 4738 3064 4810 δαίμονι
3098 4739 3413 4809 πεμφθῆναι
3440 4737 3583 4792 κατά
3618 4739 3719 4807 τὴν

2136 4828 2342 4899 ἔρημον
2367 4846 2380 4860 ο
2415 4829 2509 4882 κα)⁸
2542 4828 2700 4882 τοῦτο
2729 4829 2817 4882 διὰ
2847 4830 3031 4901 χειρὸς
3060 4832 3231 4901 ἱερᾶς,
3273 4830 3366 4883 καὶ
3395 4830 3459 4882 ἐκ
3488 4827 3717 4898 νομικοῦ

2136 4920 2531 4990 θεσπίσματος.
2570 4921 2808 4975 Αύτόθεν
2842 4922 2940 4992 μέν
2966 4917 3059 4975 οὖν
3089 4922 3149 4975 τὸ
3183 4922 3373 4993 χρῆμά
3402 4924 3556 4975 ἐστιν
3590 4920 3720 4991 εὔη-

2135 5009 2226 5073 θές
2257 5027 2314 5063 τε
2346 5012 2441 5064 καὶ
2474 5012 2903 5081 καταγέλαστον.
2949 5013 3086 5083 Φαίη
3121 5013 3165 5065 δ’
3201 5014 3267 5067 ἀν
3299 5029 3383 5077 τις
3418 5014 3532 5076 τοῖς
3575 5011 3721 5066 οὕτω

2131 5101 2305 5157 ταῦτα
2334 5100 2479 5172 ἔχειν
2506 5103 2832 5175 ύπειληφόσι
2854 5121 2866 5133 ·
2888 5104 2998 5157 Καί
3018 5122 3097 5158 τοι
3123 5105 3238 5169 πῶς
3266 5107 3367 5159 ούκ
3385 5105 3490 5158 ἔδει
3517 5104 3721 5175 μᾶλλον

2133 5197 2312 5249 ἐκεῖνο
2347 5198 2655 5267 περινοεῖν;
2692 5196 2751 5249 '0
2787 5195 2897 5266 γάρ
2920 5214 3003 5249 τοι
3033 5197 3141 5250 τῶν
3166 5198 3303 5251 ὅλων
3341 5196 3679 5269 δημιουργὸς
3704 5239 3717 5260 ,

2133 5289 2160 5341 6
2187 5288 2282 5341 καὶ
2310 5287 2511 5349 παντὸς
2539 5288 2819 5350 ἐπέκεινα,
2849 5289 2945 5342 καὶ
2972 5287 3087 5352 νοῦ,
3108 5291 3203 5343 καὶ
3225 5290 3406 5358 λόγου,
3438 5290 3532 5342 καὶ
3556 5288 3722 5358 μόνος

2134 5376 2209 5428 ῶν
2242 5377 2403 5445 φύσει
2426 5376 2559 5440 Θεὸς
2581 5380 2675 5431 καὶ
2717 5379 2943 5450 Κύριος,
2979 5379 3095 5443 πῶς
3136 5381 3200 5435 ἂν
3228 5381 3487 5451 ήνέσχετο
3524 5395 3697 5432 κοινω

518 5526 561 5557 ⁷¹
600 5525 773 5579 chit.
810 5542 917 5591 xvn,
967 5526 1113 5581 5-10.
1193 5529 1238 5559 ⁷³
1280 5528 1414 5583 ibid.
1461 5529 1547 5594 15,
1589 5527 1671 5583 16.
1749 5527 1796 5560 ⁷⁸
1838 5527 1971 5584 ibid.
2013 5529 2032 5584 Ε

2135 5530 2194 5584 ΕΞ.
2274 5532 2323 5563 ’⁸
2355 5532 2398 5585 ll
2431 5532 2671 5587 Timolh.
2712 5551 2789 5599 ιιι,
2830 5535 2913 5590 16.
2960 5576 2975 5585 .

1548 5650 1724 5707 Varia:
1754 5649 2021 5706 lectiones
2049 5650 2257 5709 codicis
2286 5651 2654 5724 Seguieriani.

492 5790 495 5793 λ
524 5776 543 5803 ⁷
581 5765 951 5834 ἐξιλάσασθαι.
1032 5777 1054 5803 ι
1082 5764 1230 5835 περί.
