  <div class='ocr_page' id='page_1' title='image "/cluster/home/n/w/nwhite01/storage/ocr_20150623/77/hvd.32044052822863/108.png"; bbox 0 0 4044 6212; ppageno 0'>
   <div class='ocr_carea' id='block_1_1' title="bbox 317 291 424 349">
    <p class='ocr_par' dir='ltr' id='par_1_1' title="bbox 317 291 424 349">
     <span class='ocr_line' id='line_1_1' title="bbox 317 291 424 349; baseline 0 0"><span class='ocrx_word' id='word_1_1' title='bbox 317 291 424 349; x_wconf 71' lang='grc' dir='ltr'><strong>Ξοὸ</strong></span> 
     </span>
    </p>
   </div>
   <div class='ocr_carea' id='block_1_2' title="bbox 1689 279 2195 346">
    <p class='ocr_par' dir='ltr' id='par_1_2' title="bbox 1689 279 2195 346">
     <span class='ocr_line' id='line_1_2' title="bbox 1689 279 2195 346; baseline -0.006 -2"><span class='ocrx_word' id='word_1_2' title='bbox 1689 283 2023 346; x_wconf 71' lang='lat' dir='ltr'><strong>EPISTOLA</strong></span> <span class='ocrx_word' id='word_1_3' title='bbox 2060 279 2195 344; x_wconf 80' lang='lat' dir='ltr'><strong>XLI.</strong></span> 
     </span>
    </p>
   </div>
   <div class='ocr_carea' id='block_1_3' title="bbox 3462 288 3570 348">
    <p class='ocr_par' dir='ltr' id='par_1_3' title="bbox 3462 288 3570 348">
     <span class='ocr_line' id='line_1_3' title="bbox 3462 288 3570 348; baseline 0 -3"><span class='ocrx_word' id='word_1_4' title='bbox 3462 288 3570 348; x_wconf 64' lang='lat'><strong>200</strong></span> 
     </span>
    </p>
   </div>
   <div class='ocr_carea' id='block_1_4' title="bbox 320 404 1891 482">
    <p class='ocr_par' dir='ltr' id='par_1_4' title="bbox 320 405 1891 482">
     <span class='ocr_line' id='line_1_4' title="bbox 320 405 1891 482; baseline -0.003 -14"><span class='ocrx_word' id='word_1_5' title='bbox 320 414 410 468; x_wconf 78' lang='grc' dir='ltr'><strong>νδν</strong></span> <span class='ocrx_word' id='word_1_6' title='bbox 444 408 631 482; x_wconf 79' lang='grc' dir='ltr'>ὥσπερ</span> <span class='ocrx_word' id='word_1_7' title='bbox 673 408 798 463; x_wconf 86' lang='grc' dir='ltr'><strong>τινά</strong></span> <span class='ocrx_word' id='word_1_8' title='bbox 834 408 937 479; x_wconf 78' lang='grc' dir='ltr'>τῆς</span> <span class='ocrx_word' id='word_1_9' title='bbox 979 405 1145 463; x_wconf 71' lang='grc' dir='ltr'>αὺτοῦ</span> <span class='ocrx_word' id='word_1_10' title='bbox 1194 407 1222 450; x_wconf 68' lang='grc' dir='ltr'><strong>δ</strong></span> <span class='ocrx_word' id='word_1_11' title='bbox 1267 407 1544 479; x_wconf 82' lang='grc' dir='ltr'>βασιλείας</span> <span class='ocrx_word' id='word_1_12' title='bbox 1593 408 1690 462; x_wconf 77' lang='grc' dir='ltr'>καὶ</span> <span class='ocrx_word' id='word_1_13' title='bbox 1732 407 1891 480; x_wconf 81' lang='grc' dir='ltr'><strong>δόξης</strong></span> 
     </span>
    </p>
   </div>
   <div class='ocr_carea' id='block_1_5' title="bbox 1990 404 3565 482">
    <p class='ocr_par' dir='ltr' id='par_1_5' title="bbox 1996 404 3565 481">
     <span class='ocr_line' id='line_1_5' title="bbox 1996 404 3565 481; baseline 0.003 -19"><span class='ocrx_word' id='word_1_14' title='bbox 1996 423 2123 464; x_wconf 86' lang='lat' dir='ltr'><strong>mus</strong></span> <span class='ocrx_word' id='word_1_15' title='bbox 2159 425 2172 461; x_wconf 90' lang='lat'><strong>:</strong></span> <span class='ocrx_word' id='word_1_16' title='bbox 2209 425 2229 459; x_wconf 78' lang='grc' dir='ltr'><strong>ι</strong></span> <span class='ocrx_word' id='word_1_17' title='bbox 2262 404 2507 463; x_wconf 82' lang='lat' dir='ltr'><strong>Gloriam</strong></span> <span class='ocrx_word' id='word_1_18' title='bbox 2550 418 2729 463; x_wconf 88' lang='lat' dir='ltr'><strong>meam</strong></span> <span class='ocrx_word' id='word_1_19' title='bbox 2775 407 2933 464; x_wconf 83' lang='lat' dir='ltr'><strong>alteri</strong></span> <span class='ocrx_word' id='word_1_20' title='bbox 2982 422 3094 464; x_wconf 89' lang='lat' dir='ltr'><strong>non</strong></span> <span class='ocrx_word' id='word_1_21' title='bbox 3120 407 3278 481; x_wconf 61' lang='lat'><strong>123</strong></span> <span class='ocrx_word' id='word_1_22' title='bbox 3292 408 3440 468; x_wconf 82' lang='lat' dir='ltr'><strong>dabo</strong></span> <span class='ocrx_word' id='word_1_23' title='bbox 3460 411 3565 468; x_wconf 72' lang='grc' dir='ltr'><strong>νο.»</strong></span> 
     </span>
    </p>
   </div>
   <div class='ocr_carea' id='block_1_6' title="bbox 323 498 1894 571">
    <p class='ocr_par' dir='ltr' id='par_1_6' title="bbox 323 498 1894 571">
     <span class='ocr_line' id='line_1_6' title="bbox 323 498 1894 571; baseline -0.004 -11"><span class='ocrx_word' id='word_1_24' title='bbox 323 508 418 560; x_wconf 79' lang='grc' dir='ltr'>τὸν</span> <span class='ocrx_word' id='word_1_25' title='bbox 448 501 759 571; x_wconf 75' lang='grc' dir='ltr'><strong>ἀποστάτην</strong></span> <span class='ocrx_word' id='word_1_26' title='bbox 781 498 1127 566; x_wconf 77' lang='grc' dir='ltr'><strong>εἰσδέξασθαι</strong></span> <span class='ocrx_word' id='word_1_27' title='bbox 1166 500 1444 566; x_wconf 80' lang='grc' dir='ltr'>Σατανᾶν;</span> <span class='ocrx_word' id='word_1_28' title='bbox 1479 499 1575 554; x_wconf 84' lang='grc' dir='ltr'><strong>καί</strong></span> <span class='ocrx_word' id='word_1_29' title='bbox 1599 515 1682 553; x_wconf 90' lang='grc' dir='ltr'><strong>τοι</strong></span> <span class='ocrx_word' id='word_1_30' title='bbox 1707 498 1894 568; x_wconf 83' lang='grc' dir='ltr'>λέγον-</span> 
     </span>
    </p>
   </div>
   <div class='ocr_carea' id='block_1_7' title="bbox 320 589 1894 665">
    <p class='ocr_par' dir='ltr' id='par_1_7' title="bbox 320 589 1894 665">
     <span class='ocr_line' id='line_1_7' title="bbox 320 589 1894 665; baseline -0.015 -12"><span class='ocrx_word' id='word_1_31' title='bbox 320 615 413 660; x_wconf 82' lang='grc' dir='ltr'><strong>τος</strong></span> <span class='ocrx_word' id='word_1_32' title='bbox 440 595 759 665; x_wconf 76' lang='grc' dir='ltr'>ἀκηκόαμεν</span> <span class='ocrx_word' id='word_1_33' title='bbox 788 591 1042 664; x_wconf 72' lang='grc' dir='ltr'>ἐναργῶς</span> <span class='ocrx_word' id='word_1_34' title='bbox 1083 592 1152 645; x_wconf 80' lang='grc' dir='ltr'><strong>δι’</strong></span> <span class='ocrx_word' id='word_1_35' title='bbox 1191 592 1310 656; x_wconf 78' lang='grc' dir='ltr'>ἐνὸς</span> <span class='ocrx_word' id='word_1_36' title='bbox 1343 591 1451 647; x_wconf 85' lang='grc' dir='ltr'><strong>τῶν</strong></span> <span class='ocrx_word' id='word_1_37' title='bbox 1481 589 1650 660; x_wconf 79' lang='grc' dir='ltr'>ἁγίων</span> <span class='ocrx_word' id='word_1_38' title='bbox 1680 606 1894 663; x_wconf 83' lang='grc' dir='ltr'>προφη-</span> 
     </span>
    </p>
   </div>
   <div class='ocr_carea' id='block_1_8' title="bbox 317 678 1894 757">
    <p class='ocr_par' dir='ltr' id='par_1_8' title="bbox 317 678 1894 757">
     <span class='ocr_line' id='line_1_8' title="bbox 317 678 1894 757; baseline -0.007 -14"><span class='ocrx_word' id='word_1_39' title='bbox 317 689 456 742; x_wconf 81' lang='grc' dir='ltr'>τῶν·</span> <span class='ocrx_word' id='word_1_40' title='bbox 489 706 510 739; x_wconf 74' lang='grc' dir='ltr'><strong>ι</strong></span> <span class='ocrx_word' id='word_1_41' title='bbox 546 686 660 757; x_wconf 80' lang='grc' dir='ltr'>Τὴν</span> <span class='ocrx_word' id='word_1_42' title='bbox 690 685 851 750; x_wconf 80' lang='grc' dir='ltr'>δόξαν</span> <span class='ocrx_word' id='word_1_43' title='bbox 882 702 983 757; x_wconf 86' lang='grc' dir='ltr'><strong>μου</strong></span> <span class='ocrx_word' id='word_1_44' title='bbox 1009 683 1181 757; x_wconf 76' lang='grc' dir='ltr'>ἑτέρῳ</span> <span class='ocrx_word' id='word_1_45' title='bbox 1210 684 1271 738; x_wconf 81' lang='grc' dir='ltr'>οὐ</span> <span class='ocrx_word' id='word_1_46' title='bbox 1296 682 1470 737; x_wconf 86' lang='grc' dir='ltr'>δώσω.</span> <span class='ocrx_word' id='word_1_47' title='bbox 1510 700 1529 734; x_wconf 74' lang='grc' dir='ltr'><strong>ι</strong></span> <span class='ocrx_word' id='word_1_48' title='bbox 1564 683 1628 735; x_wconf 75' lang='lat' dir='ltr'><strong>Et</strong></span> <span class='ocrx_word' id='word_1_49' title='bbox 1662 681 1719 735; x_wconf 78' lang='grc' dir='ltr'>δὲ</span> <span class='ocrx_word' id='word_1_50' title='bbox 1743 678 1894 751; x_wconf 83' lang='grc' dir='ltr'><strong>αὐτῷ</strong></span> 
     </span>
    </p>
   </div>
   <div class='ocr_carea' id='block_1_9' title="bbox 314 773 1893 857">
    <p class='ocr_par' dir='ltr' id='par_1_9' title="bbox 314 773 1893 857">
     <span class='ocr_line' id='line_1_9' title="bbox 314 773 1893 857; baseline -0.005 -23"><span class='ocrx_word' id='word_1_51' title='bbox 314 784 405 834; x_wconf 79' lang='grc' dir='ltr'>καὶ</span> <span class='ocrx_word' id='word_1_52' title='bbox 441 779 589 849; x_wconf 86' lang='grc' dir='ltr'>μόνῳ</span> <span class='ocrx_word' id='word_1_53' title='bbox 615 778 675 831; x_wconf 83' lang='grc' dir='ltr'><strong>τὸ</strong></span> <span class='ocrx_word' id='word_1_54' title='bbox 711 778 913 849; x_wconf 84' lang='grc' dir='ltr'>χρῆναι</span> <span class='ocrx_word' id='word_1_55' title='bbox 938 774 1250 857; x_wconf 79' lang='grc' dir='ltr'>καθιεροῦν,</span> <span class='ocrx_word' id='word_1_56' title='bbox 1289 775 1326 830; x_wconf 82' lang='grc' dir='ltr'>ἃ</span> <span class='ocrx_word' id='word_1_57' title='bbox 1352 774 1419 830; x_wconf 85' lang='grc' dir='ltr'><strong>ἀν</strong></span> <span class='ocrx_word' id='word_1_58' title='bbox 1453 773 1697 845; x_wconf 84' lang='grc' dir='ltr'>βούλοιτό</span> <span class='ocrx_word' id='word_1_59' title='bbox 1732 790 1836 837; x_wconf 84' lang='grc' dir='ltr'>τις,</span> <span class='ocrx_word' id='word_1_60' title='bbox 1862 773 1893 825; x_wconf 92' lang='lat'><strong>6</strong></span> 
     </span>
    </p>
   </div>
   <div class='ocr_carea' id='block_1_10' title="bbox 306 859 1894 937">
    <p class='ocr_par' dir='ltr' id='par_1_10' title="bbox 306 859 1894 937">
     <span class='ocr_line' id='line_1_10' title="bbox 306 859 1894 937; baseline -0.004 -15"><span class='ocrx_word' id='word_1_61' title='bbox 306 869 396 922; x_wconf 73' lang='grc' dir='ltr'>διὰ</span> <span class='ocrx_word' id='word_1_62' title='bbox 425 865 523 920; x_wconf 82' lang='grc' dir='ltr'>τοῦ</span> <span class='ocrx_word' id='word_1_63' title='bbox 555 866 839 935; x_wconf 70' lang='grc' dir='ltr'>πανσόφου</span> <span class='ocrx_word' id='word_1_64' title='bbox 866 864 1148 929; x_wconf 76' lang='grc' dir='ltr'>Μωῦσέως</span> <span class='ocrx_word' id='word_1_65' title='bbox 1193 864 1531 937; x_wconf 85' lang='grc' dir='ltr'>προστέταχε</span> <span class='ocrx_word' id='word_1_66' title='bbox 1556 863 1740 933; x_wconf 86' lang='grc' dir='ltr'>νόμος,</span> <span class='ocrx_word' id='word_1_67' title='bbox 1774 859 1894 916; x_wconf 76' lang='grc' dir='ltr'>εἶτα</span> 
     </span>
    </p>
   </div>
   <div class='ocr_carea' id='block_1_11' title="bbox 304 953 1894 1029">
    <p class='ocr_par' dir='ltr' id='par_1_11' title="bbox 304 953 1894 1029">
     <span class='ocr_line' id='line_1_11' title="bbox 304 953 1894 1029; baseline -0.004 -16"><span class='ocrx_word' id='word_1_68' title='bbox 304 959 474 1022; x_wconf 71' lang='grc' dir='ltr'>αὐτὸς</span> <span class='ocrx_word' id='word_1_69' title='bbox 505 961 535 1012; x_wconf 98' lang='lat'><strong>6</strong></span> <span class='ocrx_word' id='word_1_70' title='bbox 556 958 801 1029; x_wconf 86' lang='grc' dir='ltr'>λαλήσας</span> <span class='ocrx_word' id='word_1_71' title='bbox 831 956 923 1010; x_wconf 80' lang='grc' dir='ltr'>τὸν</span> <span class='ocrx_word' id='word_1_72' title='bbox 945 956 1110 1027; x_wconf 87' lang='grc' dir='ltr'>νόμον</span> <span class='ocrx_word' id='word_1_73' title='bbox 1137 954 1641 1028; x_wconf 78' lang='grc' dir='ltr'>κατεχρησμῴδησε</span> <span class='ocrx_word' id='word_1_74' title='bbox 1663 954 1774 1008; x_wconf 78' lang='grc' dir='ltr'>δεῖν</span> <span class='ocrx_word' id='word_1_75' title='bbox 1799 953 1894 1007; x_wconf 79' lang='grc' dir='ltr'>καὶ</span> 
     </span>
    </p>
   </div>
   <div class='ocr_carea' id='block_1_12' title="bbox 306 1042 1895 1119">
    <p class='ocr_par' dir='ltr' id='par_1_12' title="bbox 306 1042 1895 1119">
     <span class='ocr_line' id='line_1_12' title="bbox 306 1042 1895 1119; baseline -0.003 -18"><span class='ocrx_word' id='word_1_76' title='bbox 306 1048 593 1119; x_wconf 70' lang='grc' dir='ltr'>πνεύμασι</span> <span class='ocrx_word' id='word_1_77' title='bbox 625 1049 883 1117; x_wconf 77' lang='grc' dir='ltr'><strong>πονηροῖς</strong></span> <span class='ocrx_word' id='word_1_78' title='bbox 910 1047 1007 1116; x_wconf 83' lang='grc' dir='ltr'>τὴν</span> <span class='ocrx_word' id='word_1_79' title='bbox 1040 1044 1191 1116; x_wconf 83' lang='grc' dir='ltr'><strong>αὐτῷ</strong></span> <span class='ocrx_word' id='word_1_80' title='bbox 1212 1087 1228 1110; x_wconf 91' lang='grc'><strong>,</strong></span> <span class='ocrx_word' id='word_1_81' title='bbox 1257 1046 1353 1099; x_wconf 77' lang='grc' dir='ltr'>καὶ</span> <span class='ocrx_word' id='word_1_82' title='bbox 1386 1046 1533 1116; x_wconf 82' lang='grc' dir='ltr'>μόνῳ</span> <span class='ocrx_word' id='word_1_83' title='bbox 1556 1082 1572 1109; x_wconf 86' lang='grc'><strong>,</strong></span> <span class='ocrx_word' id='word_1_84' title='bbox 1614 1042 1895 1116; x_wconf 88' lang='grc' dir='ltr'>πρεπωδε-</span> 
     </span>
    </p>
   </div>
   <div class='ocr_carea' id='block_1_13' title="bbox 304 1134 1894 1207">
    <p class='ocr_par' dir='ltr' id='par_1_13' title="bbox 304 1134 1894 1207">
     <span class='ocr_line' id='line_1_13' title="bbox 304 1134 1894 1207; baseline -0.003 -15"><span class='ocrx_word' id='word_1_85' title='bbox 304 1139 518 1206; x_wconf 81' lang='grc' dir='ltr'>στάτην</span> <span class='ocrx_word' id='word_1_86' title='bbox 560 1137 939 1207; x_wconf 80' lang='grc' dir='ltr'>ἀπονέμεσθαι</span> <span class='ocrx_word' id='word_1_87' title='bbox 963 1135 1143 1203; x_wconf 81' lang='grc' dir='ltr'>δόξαν,</span> <span class='ocrx_word' id='word_1_88' title='bbox 1176 1135 1296 1199; x_wconf 85' lang='grc' dir='ltr'><strong>πῶς</strong></span> <span class='ocrx_word' id='word_1_89' title='bbox 1331 1136 1454 1206; x_wconf 78' lang='grc' dir='ltr'><strong>οὐχὶ</strong></span> <span class='ocrx_word' id='word_1_90' title='bbox 1485 1137 1597 1199; x_wconf 85' lang='grc' dir='ltr'>τοῖς</span> <span class='ocrx_word' id='word_1_91' title='bbox 1624 1134 1773 1198; x_wconf 88' lang='grc' dir='ltr'>ίδίοις</span> <span class='ocrx_word' id='word_1_92' title='bbox 1799 1134 1894 1188; x_wconf 84' lang='grc' dir='ltr'>ἀν-</span> 
     </span>
    </p>
   </div>
   <div class='ocr_carea' id='block_1_14' title="bbox 299 1226 1893 1300">
    <p class='ocr_par' dir='ltr' id='par_1_14' title="bbox 299 1226 1893 1300">
     <span class='ocr_line' id='line_1_14' title="bbox 299 1226 1893 1300; baseline -0.004 -17"><span class='ocrx_word' id='word_1_93' title='bbox 299 1228 591 1295; x_wconf 76' lang='grc' dir='ltr'>τιτάξεται</span> <span class='ocrx_word' id='word_1_94' title='bbox 630 1230 846 1297; x_wconf 85' lang='grc' dir='ltr'>λόγοις;</span> <span class='ocrx_word' id='word_1_95' title='bbox 894 1230 960 1282; x_wconf 85' lang='lat'><strong>&#39;0</strong></span> <span class='ocrx_word' id='word_1_96' title='bbox 993 1228 1102 1300; x_wconf 82' lang='grc' dir='ltr'>γὰρ</span> <span class='ocrx_word' id='word_1_97' title='bbox 1136 1229 1389 1299; x_wconf 78' lang='grc' dir='ltr'><strong>ἀπέφησε</strong></span> <span class='ocrx_word' id='word_1_98' title='bbox 1418 1227 1574 1298; x_wconf 80' lang='grc' dir='ltr'>δρᾷν,</span> <span class='ocrx_word' id='word_1_99' title='bbox 1604 1226 1765 1279; x_wconf 84' lang='grc' dir='ltr'>τοῦτο</span> <span class='ocrx_word' id='word_1_100' title='bbox 1797 1241 1893 1294; x_wconf 88' lang='grc' dir='ltr'>γε-</span> 
     </span>
    </p>
   </div>
   <div class='ocr_carea' id='block_1_15' title="bbox 300 1319 1894 1393">
    <p class='ocr_par' dir='ltr' id='par_1_15' title="bbox 300 1319 1894 1393">
     <span class='ocr_line' id='line_1_15' title="bbox 300 1319 1894 1393; baseline -0.003 -16"><span class='ocrx_word' id='word_1_101' title='bbox 300 1322 498 1377; x_wconf 80' lang='grc' dir='ltr'>νέσθαι</span> <span class='ocrx_word' id='word_1_102' title='bbox 536 1322 938 1393; x_wconf 83' lang='grc' dir='ltr'>προστέταχεν.</span> <span class='ocrx_word' id='word_1_103' title='bbox 988 1320 1127 1374; x_wconf 82' lang='grc' dir='ltr'>Ἀλλ’</span> <span class='ocrx_word' id='word_1_104' title='bbox 1172 1319 1286 1374; x_wconf 71' lang='grc' dir='ltr'>ἔστι</span> <span class='ocrx_word' id='word_1_105' title='bbox 1318 1320 1427 1373; x_wconf 85' lang='grc' dir='ltr'><strong>τῶν</strong></span> <span class='ocrx_word' id='word_1_106' title='bbox 1457 1319 1597 1389; x_wconf 77' lang='grc' dir='ltr'>ἄγαν</span> <span class='ocrx_word' id='word_1_107' title='bbox 1648 1319 1894 1372; x_wconf 69' lang='grc' dir='ltr'>ἐκτοπωο</span> 
     </span>
    </p>
   </div>
   <div class='ocr_carea' id='block_1_16' title="bbox 300 1411 1895 1485">
    <p class='ocr_par' dir='ltr' id='par_1_16' title="bbox 300 1411 1895 1485">
     <span class='ocr_line' id='line_1_16' title="bbox 300 1411 1895 1485; baseline -0.003 -16"><span class='ocrx_word' id='word_1_108' title='bbox 300 1416 488 1471; x_wconf 83' lang='grc' dir='ltr'>τάτων</span> <span class='ocrx_word' id='word_1_109' title='bbox 514 1415 582 1469; x_wconf 78' lang='grc' dir='ltr'>τὸ</span> <span class='ocrx_word' id='word_1_110' title='bbox 609 1415 818 1469; x_wconf 84' lang='grc' dir='ltr'>οίεσθαι</span> <span class='ocrx_word' id='word_1_111' title='bbox 849 1414 948 1485; x_wconf 75' lang='grc' dir='ltr'>μὲν</span> <span class='ocrx_word' id='word_1_112' title='bbox 976 1414 1189 1483; x_wconf 83' lang='grc' dir='ltr'>ἀλογεῖν</span> <span class='ocrx_word' id='word_1_113' title='bbox 1217 1413 1318 1482; x_wconf 78' lang='grc' dir='ltr'>τῆς</span> <span class='ocrx_word' id='word_1_114' title='bbox 1354 1411 1710 1484; x_wconf 75' lang='grc' dir='ltr'><strong>ὀφειλομένης</strong></span> <span class='ocrx_word' id='word_1_115' title='bbox 1744 1411 1895 1482; x_wconf 82' lang='grc' dir='ltr'>αὐτῷ</span> 
     </span>
    </p>
   </div>
   <div class='ocr_carea' id='block_1_17' title="bbox 299 1503 1896 1578">
    <p class='ocr_par' dir='ltr' id='par_1_17' title="bbox 299 1503 1896 1578">
     <span class='ocr_line' id='line_1_17' title="bbox 299 1503 1896 1578; baseline -0.001 -18"><span class='ocrx_word' id='word_1_116' title='bbox 299 1507 479 1578; x_wconf 80' lang='grc' dir='ltr'>τιμῆς</span> <span class='ocrx_word' id='word_1_117' title='bbox 518 1524 580 1559; x_wconf 88' lang='grc' dir='ltr'><strong>τε</strong></span> <span class='ocrx_word' id='word_1_118' title='bbox 623 1506 722 1560; x_wconf 80' lang='grc' dir='ltr'>καὶ</span> <span class='ocrx_word' id='word_1_119' title='bbox 759 1504 922 1576; x_wconf 79' lang='grc' dir='ltr'>δόξης</span> <span class='ocrx_word' id='word_1_120' title='bbox 952 1505 1045 1559; x_wconf 81' lang='grc' dir='ltr'><strong>τὸν</strong></span> <span class='ocrx_word' id='word_1_121' title='bbox 1073 1505 1181 1559; x_wconf 85' lang='grc' dir='ltr'><strong>τῶν</strong></span> <span class='ocrx_word' id='word_1_122' title='bbox 1221 1505 1358 1559; x_wconf 78' lang='grc' dir='ltr'>ὅλων</span> <span class='ocrx_word' id='word_1_123' title='bbox 1405 1503 1896 1570; x_wconf 71' lang='grc' dir='ltr'>κατεξουσιὰξοντα</span> 
     </span>
    </p>
   </div>
   <div class='ocr_carea' id='block_1_18' title="bbox 299 1592 1891 1665">
    <p class='ocr_par' dir='ltr' id='par_1_18' title="bbox 299 1592 1891 1665">
     <span class='ocr_line' id='line_1_18' title="bbox 299 1592 1891 1665; baseline -0.003 -16"><span class='ocrx_word' id='word_1_124' title='bbox 299 1596 465 1659; x_wconf 76' lang='grc' dir='ltr'>Θεὸν,</span> <span class='ocrx_word' id='word_1_125' title='bbox 493 1594 704 1665; x_wconf 74' lang='grc' dir='ltr'>ἀνάψαι</span> <span class='ocrx_word' id='word_1_126' title='bbox 737 1593 795 1647; x_wconf 82' lang='grc' dir='ltr'>δὲ</span> <span class='ocrx_word' id='word_1_127' title='bbox 832 1593 926 1647; x_wconf 73' lang='grc' dir='ltr'>καὶ</span> <span class='ocrx_word' id='word_1_128' title='bbox 969 1593 1176 1663; x_wconf 80' lang='grc' dir='ltr'>ἑτέροις</span> <span class='ocrx_word' id='word_1_129' title='bbox 1213 1592 1421 1646; x_wconf 74' lang='grc' dir='ltr'>ἐθέλειν</span> <span class='ocrx_word' id='word_1_130' title='bbox 1455 1593 1648 1665; x_wconf 80' lang='grc' dir='ltr'>αὐτὴν,</span> <span class='ocrx_word' id='word_1_131' title='bbox 1679 1592 1773 1646; x_wconf 89' lang='grc' dir='ltr'><strong>καί</strong></span> <span class='ocrx_word' id='word_1_132' title='bbox 1811 1609 1891 1647; x_wconf 88' lang='grc' dir='ltr'><strong>τοι</strong></span> 
     </span>
    </p>
   </div>
   <div class='ocr_carea' id='block_1_19' title="bbox 1991 499 3594 575">
    <p class='ocr_par' dir='ltr' id='par_1_19' title="bbox 1991 499 3594 575">
     <span class='ocr_line' id='line_1_19' title="bbox 1991 499 3594 575; baseline 0.003 -21"><span class='ocrx_word' id='word_1_133' title='bbox 1991 499 2151 567; x_wconf 85' lang='lat' dir='ltr'><strong>Quod</strong></span> <span class='ocrx_word' id='word_1_134' title='bbox 2187 499 2233 555; x_wconf 86' lang='lat' dir='ltr'><strong>si</strong></span> <span class='ocrx_word' id='word_1_135' title='bbox 2279 499 2366 554; x_wconf 82' lang='lat' dir='ltr'><strong>lex</strong></span> <span class='ocrx_word' id='word_1_136' title='bbox 2414 515 2515 569; x_wconf 89' lang='lat' dir='ltr'><strong>per</strong></span> <span class='ocrx_word' id='word_1_137' title='bbox 2546 499 3275 574; x_wconf 47' lang='lat' dir='ltr'><strong>sapientissimum‘lloysen</strong></span> <span class='ocrx_word' id='word_1_138' title='bbox 3317 503 3594 575; x_wconf 71' lang='lat' dir='ltr'><strong>praecipit-</strong></span> 
     </span>
    </p>
   </div>
   <div class='ocr_carea' id='block_1_20' title="bbox 1992 590 3570 662">
    <p class='ocr_par' dir='ltr' id='par_1_20' title="bbox 1992 590 3570 662">
     <span class='ocr_line' id='line_1_20' title="bbox 1992 590 3570 662; baseline 0.003 -15"><span class='ocrx_word' id='word_1_139' title='bbox 1992 601 2056 647; x_wconf 88' lang='lat' dir='ltr'><strong>ut</strong></span> <span class='ocrx_word' id='word_1_140' title='bbox 2076 604 2418 662; x_wconf 56' lang='lat' dir='ltr'><strong>quascunque</strong></span> <span class='ocrx_word' id='word_1_141' title='bbox 2440 590 2643 648; x_wconf 73' lang='lat' dir='ltr'><strong>offerre</strong></span> <span class='ocrx_word' id='word_1_142' title='bbox 2675 591 2802 662; x_wconf 86' lang='lat' dir='ltr'><strong>quis</strong></span> <span class='ocrx_word' id='word_1_143' title='bbox 2823 592 3082 659; x_wconf 88' lang='lat' dir='ltr'><strong>voluerit,</strong></span> <span class='ocrx_word' id='word_1_144' title='bbox 3108 609 3174 649; x_wconf 91' lang='lat' dir='ltr'><strong>ea</strong></span> <span class='ocrx_word' id='word_1_145' title='bbox 3195 594 3298 650; x_wconf 88' lang='lat' dir='ltr'><strong>soli</strong></span> <span class='ocrx_word' id='word_1_146' title='bbox 3340 596 3455 651; x_wconf 92' lang='lat' dir='ltr'><strong>Deo</strong></span> <span class='ocrx_word' id='word_1_147' title='bbox 3483 595 3570 651; x_wconf 87' lang='lat' dir='ltr'><strong>of-</strong></span> 
     </span>
    </p>
   </div>
   <div class='ocr_carea' id='block_1_21' title="bbox 1991 674 3570 754">
    <p class='ocr_par' dir='ltr' id='par_1_21' title="bbox 1991 674 3570 754">
     <span class='ocr_line' id='line_1_21' title="bbox 1991 674 3570 754; baseline 0.001 -17"><span class='ocrx_word' id='word_1_148' title='bbox 1991 674 2153 748; x_wconf 81' lang='lat' dir='ltr'><strong>ferat,</strong></span> <span class='ocrx_word' id='word_1_149' title='bbox 2199 689 2391 752; x_wconf 89' lang='lat' dir='ltr'><strong>postea</strong></span> <span class='ocrx_word' id='word_1_150' title='bbox 2415 681 2562 737; x_wconf 91' lang='lat' dir='ltr'><strong>idem</strong></span> <span class='ocrx_word' id='word_1_151' title='bbox 2588 682 2707 752; x_wconf 87' lang='lat' dir='ltr'><strong>ipse</strong></span> <span class='ocrx_word' id='word_1_152' title='bbox 2730 682 2826 752; x_wconf 89' lang='lat' dir='ltr'><strong>qui</strong></span> <span class='ocrx_word' id='word_1_153' title='bbox 2848 682 3024 754; x_wconf 82' lang='lat' dir='ltr'><strong>legem</strong></span> <span class='ocrx_word' id='word_1_154' title='bbox 3045 682 3188 738; x_wconf 87' lang='lat' dir='ltr'><strong>hanc</strong></span> <span class='ocrx_word' id='word_1_155' title='bbox 3216 683 3365 749; x_wconf 92' lang='lat' dir='ltr'><strong>tulit,</strong></span> <span class='ocrx_word' id='word_1_156' title='bbox 3391 685 3570 742; x_wconf 85' lang='lat' dir='ltr'><strong>mani-</strong></span> 
     </span>
    </p>
   </div>
   <div class='ocr_carea' id='block_1_22' title="bbox 1991 770 3568 843">
    <p class='ocr_par' dir='ltr' id='par_1_22' title="bbox 1991 770 3568 843">
     <span class='ocr_line' id='line_1_22' title="bbox 1991 770 3568 843; baseline 0.003 -17"><span class='ocrx_word' id='word_1_157' title='bbox 1991 770 2133 828; x_wconf 86' lang='lat' dir='ltr'><strong>festo</strong></span> <span class='ocrx_word' id='word_1_158' title='bbox 2155 772 2384 827; x_wconf 89' lang='lat' dir='ltr'><strong>oraculo</strong></span> <span class='ocrx_word' id='word_1_159' title='bbox 2419 772 2658 827; x_wconf 81' lang='lat' dir='ltr'><strong>sanxerit</strong></span> <span class='ocrx_word' id='word_1_160' title='bbox 2686 783 2747 826; x_wconf 90' lang='lat' dir='ltr'><strong>ut</strong></span> <span class='ocrx_word' id='word_1_161' title='bbox 2772 772 2947 843; x_wconf 82' lang='lat' dir='ltr'><strong>gloria</strong></span> <span class='ocrx_word' id='word_1_162' title='bbox 2968 788 3093 843; x_wconf 68' lang='lat' dir='ltr'><strong>qua:</strong></span> <span class='ocrx_word' id='word_1_163' title='bbox 3120 772 3225 843; x_wconf 88' lang='lat' dir='ltr'><strong>ipsi</strong></span> <span class='ocrx_word' id='word_1_164' title='bbox 3254 774 3359 829; x_wconf 90' lang='lat' dir='ltr'><strong>soli</strong></span> <span class='ocrx_word' id='word_1_165' title='bbox 3391 775 3568 831; x_wconf 77' lang='lat' dir='ltr'><strong>maxi-</strong></span> 
     </span>
    </p>
   </div>
   <div class='ocr_carea' id='block_1_23' title="bbox 1992 862 3568 937">
    <p class='ocr_par' dir='ltr' id='par_1_23' title="bbox 1992 862 3568 937">
     <span class='ocr_line' id='line_1_23' title="bbox 1992 862 3568 937; baseline 0.003 -19"><span class='ocrx_word' id='word_1_166' title='bbox 1992 877 2081 918; x_wconf 86' lang='lat' dir='ltr'><strong>me</strong></span> <span class='ocrx_word' id='word_1_167' title='bbox 2125 863 2406 928; x_wconf 77' lang='lat' dir='ltr'><strong>convenit,</strong></span> <span class='ocrx_word' id='word_1_168' title='bbox 2433 862 2734 917; x_wconf 88' lang='lat' dir='ltr'><strong>immundis</strong></span> <span class='ocrx_word' id='word_1_169' title='bbox 2767 864 3060 933; x_wconf 76' lang='lat' dir='ltr'><strong>spiritibus</strong></span> <span class='ocrx_word' id='word_1_170' title='bbox 3101 863 3427 920; x_wconf 87' lang='lat' dir='ltr'><strong>deferatur:</strong></span> <span class='ocrx_word' id='word_1_171' title='bbox 3472 867 3568 937; x_wconf 87' lang='lat' dir='ltr'><strong>qui</strong></span> 
     </span>
    </p>
   </div>
   <div class='ocr_carea' id='block_1_24' title="bbox 1987 953 3569 1026">
    <p class='ocr_par' dir='ltr' id='par_1_24' title="bbox 1987 953 3569 1026">
     <span class='ocr_line' id='line_1_24' title="bbox 1987 953 3569 1026; baseline 0.003 -17"><span class='ocrx_word' id='word_1_172' title='bbox 1987 953 2113 1010; x_wconf 78' lang='lat' dir='ltr'><strong>ﬁeri</strong></span> <span class='ocrx_word' id='word_1_173' title='bbox 2143 961 2325 1026; x_wconf 88' lang='lat' dir='ltr'><strong>potest</strong></span> <span class='ocrx_word' id='word_1_174' title='bbox 2353 962 2415 1008; x_wconf 92' lang='lat' dir='ltr'><strong>ut</strong></span> <span class='ocrx_word' id='word_1_175' title='bbox 2450 970 2560 1009; x_wconf 89' lang='lat' dir='ltr'><strong>non</strong></span> <span class='ocrx_word' id='word_1_176' title='bbox 2595 955 2711 1009; x_wconf 89' lang='lat' dir='ltr'><strong>suis</strong></span> <span class='ocrx_word' id='word_1_177' title='bbox 2736 954 2852 1025; x_wconf 87' lang='lat' dir='ltr'><strong>ipse</strong></span> <span class='ocrx_word' id='word_1_178' title='bbox 2885 956 3074 1012; x_wconf 83' lang='lat' dir='ltr'><strong>verbis</strong></span> <span class='ocrx_word' id='word_1_179' title='bbox 3111 958 3426 1013; x_wconf 86' lang='lat' dir='ltr'><strong>contrarius</strong></span> <span class='ocrx_word' id='word_1_180' title='bbox 3449 974 3569 1014; x_wconf 57' lang='lat' dir='ltr'><strong>mae</strong></span> 
     </span>
    </p>
   </div>
   <div class='ocr_carea' id='block_1_25' title="bbox 1992 1045 3569 1119">
    <p class='ocr_par' dir='ltr' id='par_1_25' title="bbox 1992 1045 3569 1119">
     <span class='ocr_line' id='line_1_25' title="bbox 1992 1045 3569 1119; baseline 0.003 -20"><span class='ocrx_word' id='word_1_181' title='bbox 1992 1045 2192 1101; x_wconf 87' lang='lat' dir='ltr'><strong>nifeste</strong></span> <span class='ocrx_word' id='word_1_182' title='bbox 2235 1045 2700 1116; x_wconf 83' lang='lat' dir='ltr'><strong>deprehendatur,</strong></span> <span class='ocrx_word' id='word_1_183' title='bbox 2728 1062 2851 1101; x_wconf 86' lang='lat' dir='ltr'><strong>cum</strong></span> <span class='ocrx_word' id='word_1_184' title='bbox 2889 1047 2994 1103; x_wconf 89' lang='lat' dir='ltr'><strong>hoc</strong></span> <span class='ocrx_word' id='word_1_185' title='bbox 3029 1047 3208 1117; x_wconf 90' lang='lat' dir='ltr'><strong>ipsum</strong></span> <span class='ocrx_word' id='word_1_186' title='bbox 3248 1048 3393 1119; x_wconf 92' lang='lat' dir='ltr'><strong>quod</strong></span> <span class='ocrx_word' id='word_1_187' title='bbox 3421 1048 3569 1104; x_wconf 89' lang='lat' dir='ltr'><strong>inhi-</strong></span> 
     </span>
    </p>
   </div>
   <div class='ocr_carea' id='block_1_26' title="bbox 1993 1136 3571 1209">
    <p class='ocr_par' dir='ltr' id='par_1_26' title="bbox 1993 1136 3571 1209">
     <span class='ocr_line' id='line_1_26' title="bbox 1993 1136 3571 1209; baseline 0.001 -17"><span class='ocrx_word' id='word_1_188' title='bbox 1993 1137 2191 1193; x_wconf 90' lang='lat' dir='ltr'><strong>buerat</strong></span> <span class='ocrx_word' id='word_1_189' title='bbox 2212 1177 2226 1199; x_wconf 88' lang='lat'><strong><em>.</em></strong></span> <span class='ocrx_word' id='word_1_190' title='bbox 2260 1136 2380 1193; x_wconf 83' lang='lat' dir='ltr'><strong>ﬁeri</strong></span> <span class='ocrx_word' id='word_1_191' title='bbox 2426 1137 2883 1208; x_wconf 69' lang='lat' dir='ltr'><strong>jubeat?V&#39;erurn</strong></span> <span class='ocrx_word' id='word_1_192' title='bbox 2928 1138 3087 1209; x_wconf 86' lang='lat' dir='ltr'><strong>longe</strong></span> <span class='ocrx_word' id='word_1_193' title='bbox 3114 1138 3571 1195; x_wconf 86' lang='lat' dir='ltr'><strong>absurdissimum</strong></span> 
     </span>
    </p>
   </div>
   <div class='ocr_carea' id='block_1_27' title="bbox 1993 1225 3572 1295">
    <p class='ocr_par' dir='ltr' id='par_1_27' title="bbox 1993 1225 3572 1295">
     <span class='ocr_line' id='line_1_27' title="bbox 1993 1225 3572 1295; baseline 0.001 -14"><span class='ocrx_word' id='word_1_194' title='bbox 1993 1225 2183 1290; x_wconf 88' lang='lat' dir='ltr'><strong>fuerit,</strong></span> <span class='ocrx_word' id='word_1_195' title='bbox 2209 1226 2254 1281; x_wconf 88' lang='lat' dir='ltr'><strong>si</strong></span> <span class='ocrx_word' id='word_1_196' title='bbox 2280 1225 2585 1289; x_wconf 76' lang='lat' dir='ltr'><strong>existimes,</strong></span> <span class='ocrx_word' id='word_1_197' title='bbox 2624 1225 2817 1292; x_wconf 82' lang='lat' dir='ltr'><strong>Deum,</strong></span> <span class='ocrx_word' id='word_1_198' title='bbox 2842 1227 2933 1295; x_wconf 88' lang='lat' dir='ltr'><strong>qui</strong></span> <span class='ocrx_word' id='word_1_199' title='bbox 2970 1227 3357 1284; x_wconf 89' lang='lat' dir='ltr'><strong>universorum</strong></span> <span class='ocrx_word' id='word_1_200' title='bbox 3390 1229 3572 1285; x_wconf 87' lang='lat' dir='ltr'><strong>domi-</strong></span> 
     </span>
    </p>
   </div>
   <div class='ocr_carea' id='block_1_28' title="bbox 1992 1317 3570 1391">
    <p class='ocr_par' dir='ltr' id='par_1_28' title="bbox 1992 1317 3570 1391">
     <span class='ocr_line' id='line_1_28' title="bbox 1992 1317 3570 1391; baseline 0.003 -19"><span class='ocrx_word' id='word_1_201' title='bbox 1992 1319 2148 1373; x_wconf 86' lang='lat' dir='ltr'><strong>nium</strong></span> <span class='ocrx_word' id='word_1_202' title='bbox 2175 1318 2407 1383; x_wconf 84' lang='lat' dir='ltr'><strong>obtinet,</strong></span> <span class='ocrx_word' id='word_1_203' title='bbox 2435 1317 2605 1373; x_wconf 88' lang='lat' dir='ltr'><strong>debiti</strong></span> <span class='ocrx_word' id='word_1_204' title='bbox 2632 1317 2737 1372; x_wconf 83' lang='lat' dir='ltr'><strong>sibi</strong></span> <span class='ocrx_word' id='word_1_205' title='bbox 2787 1320 3015 1374; x_wconf 81' lang='lat' dir='ltr'><strong>honoris</strong></span> <span class='ocrx_word' id='word_1_206' title='bbox 3047 1328 3102 1375; x_wconf 89' lang='lat' dir='ltr'><strong>et</strong></span> <span class='ocrx_word' id='word_1_207' title='bbox 3139 1321 3327 1391; x_wconf 61' lang='lat' dir='ltr'><strong>glorias</strong></span> <span class='ocrx_word' id='word_1_208' title='bbox 3360 1322 3570 1377; x_wconf 90' lang='lat' dir='ltr'><strong>nullam</strong></span> 
     </span>
    </p>
   </div>
   <div class='ocr_carea' id='block_1_29' title="bbox 1995 1409 3569 1481">
    <p class='ocr_par' dir='ltr' id='par_1_29' title="bbox 1995 1409 3569 1481">
     <span class='ocr_line' id='line_1_29' title="bbox 1995 1409 3569 1481; baseline 0.001 -17"><span class='ocrx_word' id='word_1_209' title='bbox 1995 1424 2187 1465; x_wconf 89' lang='lat' dir='ltr'><strong>curam</strong></span> <span class='ocrx_word' id='word_1_210' title='bbox 2210 1410 2435 1473; x_wconf 90' lang='lat' dir='ltr'><strong>ducere,</strong></span> <span class='ocrx_word' id='word_1_211' title='bbox 2472 1416 2528 1464; x_wconf 88' lang='lat' dir='ltr'><strong>et</strong></span> <span class='ocrx_word' id='word_1_212' title='bbox 2545 1409 2669 1463; x_wconf 90' lang='lat' dir='ltr'><strong>aliis</strong></span> <span class='ocrx_word' id='word_1_213' title='bbox 2698 1426 2916 1480; x_wconf 87' lang='lat' dir='ltr'><strong>quoque</strong></span> <span class='ocrx_word' id='word_1_214' title='bbox 2939 1425 3061 1464; x_wconf 85' lang='lat' dir='ltr'><strong>eam</strong></span> <span class='ocrx_word' id='word_1_215' title='bbox 3090 1411 3228 1466; x_wconf 82' lang='lat' dir='ltr'><strong>velle</strong></span> <span class='ocrx_word' id='word_1_216' title='bbox 3263 1412 3569 1481; x_wconf 89' lang='lat' dir='ltr'><strong>impertiri,</strong></span> 
     </span>
    </p>
   </div>
   <div class='ocr_carea' id='block_1_30' title="bbox 1995 1501 3572 1573">
    <p class='ocr_par' dir='ltr' id='par_1_30' title="bbox 1995 1501 3572 1573">
     <span class='ocr_line' id='line_1_30' title="bbox 1995 1501 3572 1573; baseline 0.001 -16"><span class='ocrx_word' id='word_1_217' title='bbox 1995 1516 2121 1557; x_wconf 90' lang='lat' dir='ltr'><strong>cum</strong></span> <span class='ocrx_word' id='word_1_218' title='bbox 2142 1518 2241 1573; x_wconf 90' lang='lat' dir='ltr'><strong>per</strong></span> <span class='ocrx_word' id='word_1_219' title='bbox 2264 1502 2486 1571; x_wconf 84' lang='lat' dir='ltr'><strong>Moysen</strong></span> <span class='ocrx_word' id='word_1_220' title='bbox 2529 1502 2821 1557; x_wconf 80' lang='lat' dir='ltr'><strong>manifeste</strong></span> <span class='ocrx_word' id='word_1_221' title='bbox 2864 1501 3153 1557; x_wconf 86' lang='lat' dir='ltr'><strong>denuntiet</strong></span> <span class='ocrx_word' id='word_1_222' title='bbox 3180 1521 3192 1554; x_wconf 92' lang='lat'>:</span> <span class='ocrx_word' id='word_1_223' title='bbox 3226 1520 3245 1553; x_wconf 78' lang='grc' dir='ltr'><strong>ι</strong></span> <span class='ocrx_word' id='word_1_224' title='bbox 3277 1503 3572 1558; x_wconf 87' lang='lat' dir='ltr'><strong>Dominum</strong></span> 
     </span>
    </p>
   </div>
   <div class='ocr_carea' id='block_1_31' title="bbox 1993 1590 3571 1657">
    <p class='ocr_par' dir='ltr' id='par_1_31' title="bbox 1993 1590 3571 1657">
     <span class='ocr_line' id='line_1_31' title="bbox 1993 1590 3571 1657; baseline 0.001 -10"><span class='ocrx_word' id='word_1_225' title='bbox 1993 1591 2169 1647; x_wconf 90' lang='lat' dir='ltr'><strong>Deum</strong></span> <span class='ocrx_word' id='word_1_226' title='bbox 2194 1598 2353 1646; x_wconf 89' lang='lat' dir='ltr'><strong>tuum</strong></span> <span class='ocrx_word' id='word_1_227' title='bbox 2392 1591 2676 1657; x_wconf 87' lang='lat' dir='ltr'><strong>adorabis,</strong></span> <span class='ocrx_word' id='word_1_228' title='bbox 2702 1599 2758 1646; x_wconf 89' lang='lat' dir='ltr'><strong>et</strong></span> <span class='ocrx_word' id='word_1_229' title='bbox 2792 1590 2871 1646; x_wconf 90' lang='lat' dir='ltr'><strong>illi</strong></span> <span class='ocrx_word' id='word_1_230' title='bbox 2897 1591 3000 1646; x_wconf 91' lang='lat' dir='ltr'><strong>soli</strong></span> <span class='ocrx_word' id='word_1_231' title='bbox 3029 1590 3235 1647; x_wconf 79' lang='lat' dir='ltr'><strong>servies</strong></span> <span class='ocrx_word' id='word_1_232' title='bbox 3255 1592 3299 1624; x_wconf 84' lang='lat'><strong>&#39;”</strong></span> <span class='ocrx_word' id='word_1_233' title='bbox 3343 1610 3356 1647; x_wconf 91' lang='lat'><strong>:</strong></span> <span class='ocrx_word' id='word_1_234' title='bbox 3393 1613 3412 1646; x_wconf 88' lang='grc'><strong>›</strong></span> <span class='ocrx_word' id='word_1_235' title='bbox 3442 1610 3571 1649; x_wconf 85' lang='lat' dir='ltr'><strong>rur-</strong></span> 
     </span>
    </p>
   </div>
   <div class='ocr_carea' id='block_1_32' title="bbox 302 1680 1891 1758">
    <p class='ocr_par' dir='ltr' id='par_1_32' title="bbox 302 1684 1891 1758">
     <span class='ocr_line' id='line_1_32' title="bbox 302 1684 1891 1758; baseline -0.003 -17"><span class='ocrx_word' id='word_1_236' title='bbox 302 1687 500 1756; x_wconf 70' lang='grc' dir='ltr'>σειφῶς</span> <span class='ocrx_word' id='word_1_237' title='bbox 527 1686 757 1754; x_wconf 83' lang='grc' dir='ltr'>λέγοντα</span> <span class='ocrx_word' id='word_1_238' title='bbox 784 1685 872 1739; x_wconf 87' lang='grc' dir='ltr'><strong>διά</strong></span> <span class='ocrx_word' id='word_1_239' title='bbox 900 1684 1179 1748; x_wconf 83' lang='grc' dir='ltr'>Μωῦσέως</span> <span class='ocrx_word' id='word_1_240' title='bbox 1198 1702 1212 1717; x_wconf 87' lang='grc'><strong>·</strong></span> <span class='ocrx_word' id='word_1_241' title='bbox 1249 1704 1268 1736; x_wconf 79' lang='grc' dir='ltr'><strong>ι</strong></span> <span class='ocrx_word' id='word_1_242' title='bbox 1299 1684 1506 1758; x_wconf 80' lang='grc' dir='ltr'>Κύριον</span> <span class='ocrx_word' id='word_1_243' title='bbox 1524 1684 1617 1739; x_wconf 81' lang='grc' dir='ltr'>τὸν</span> <span class='ocrx_word' id='word_1_244' title='bbox 1636 1684 1770 1739; x_wconf 84' lang='grc' dir='ltr'>Θεόν</span> <span class='ocrx_word' id='word_1_245' title='bbox 1798 1701 1891 1737; x_wconf 85' lang='grc' dir='ltr'><strong>σου</strong></span> 
     </span>
    </p>
   </div>
   <div class='ocr_carea' id='block_1_33' title="bbox 1990 1680 3564 1758">
    <p class='ocr_par' dir='ltr' id='par_1_33' title="bbox 1996 1680 3564 1752">
     <span class='ocr_line' id='line_1_33' title="bbox 1996 1680 3564 1752; baseline 0 -16"><span class='ocrx_word' id='word_1_246' title='bbox 1996 1696 2229 1752; x_wconf 87' lang='lat' dir='ltr'><strong>sumque</strong></span> <span class='ocrx_word' id='word_1_247' title='bbox 2258 1701 2270 1735; x_wconf 94' lang='lat'>:</span> <span class='ocrx_word' id='word_1_248' title='bbox 2303 1702 2321 1732; x_wconf 77' lang='grc' dir='ltr'><strong>ι</strong></span> <span class='ocrx_word' id='word_1_249' title='bbox 2349 1682 2468 1737; x_wconf 90' lang='lat' dir='ltr'><strong>Non</strong></span> <span class='ocrx_word' id='word_1_250' title='bbox 2497 1688 2664 1737; x_wconf 90' lang='lat' dir='ltr'><strong>erunt</strong></span> <span class='ocrx_word' id='word_1_251' title='bbox 2688 1680 2790 1736; x_wconf 84' lang='lat' dir='ltr'><strong>tibi</strong></span> <span class='ocrx_word' id='word_1_252' title='bbox 2817 1680 2893 1736; x_wconf 91' lang='lat' dir='ltr'><strong>dii</strong></span> <span class='ocrx_word' id='word_1_253' title='bbox 2932 1681 3024 1735; x_wconf 91' lang='lat' dir='ltr'><strong>alii</strong></span> <span class='ocrx_word' id='word_1_254' title='bbox 3070 1690 3271 1750; x_wconf 85' lang='lat' dir='ltr'><strong>praeter</strong></span> <span class='ocrx_word' id='word_1_255' title='bbox 3318 1698 3405 1739; x_wconf 91' lang='lat' dir='ltr'><strong>me</strong></span> <span class='ocrx_word' id='word_1_256' title='bbox 3422 1684 3489 1739; x_wconf 82' lang='grc'><strong>⁷⁸.</strong></span> <span class='ocrx_word' id='word_1_257' title='bbox 3544 1703 3564 1736; x_wconf 73' lang='grc' dir='ltr'><strong>ι</strong></span> 
     </span>
    </p>
   </div>
   <div class='ocr_carea' id='block_1_34' title="bbox 299 1745 1891 1852">
    <p class='ocr_par' dir='ltr' id='par_1_34' title="bbox 299 1745 1889 1852">
     <span class='ocr_line' id='line_1_34' title="bbox 299 1745 1889 1852; baseline -0.003 -21"><span class='ocrx_word' id='word_1_258' title='bbox 299 1745 740 1852; x_wconf 71' lang='grc' dir='ltr'>προσκυνήσεις,</span> <span class='ocrx_word' id='word_1_259' title='bbox 772 1777 869 1831; x_wconf 79' lang='grc' dir='ltr'>καὶ</span> <span class='ocrx_word' id='word_1_260' title='bbox 914 1775 1065 1847; x_wconf 79' lang='grc' dir='ltr'><strong>αὐτῷ</strong></span> <span class='ocrx_word' id='word_1_261' title='bbox 1118 1745 1264 1848; x_wconf 73' lang='grc' dir='ltr'>μόνῳ</span> <span class='ocrx_word' id='word_1_262' title='bbox 1300 1745 1620 1848; x_wconf 71' lang='grc' dir='ltr'>λατρεύσεις</span> <span class='ocrx_word' id='word_1_263' title='bbox 1642 1815 1656 1829; x_wconf 93' lang='grc'><strong>.</strong></span> <span class='ocrx_word' id='word_1_264' title='bbox 1695 1795 1715 1827; x_wconf 74' lang='grc' dir='ltr'><strong>ι</strong></span> <span class='ocrx_word' id='word_1_265' title='bbox 1756 1775 1853 1828; x_wconf 76' lang='grc' dir='ltr'>καὶ</span> <span class='ocrx_word' id='word_1_266' title='bbox 1875 1815 1889 1840; x_wconf 93' lang='grc'><strong>,</strong></span> 
     </span>
    </p>
   </div>
   <div class='ocr_carea' id='block_1_35' title="bbox 1990 1745 3575 1852">
    <p class='ocr_par' dir='ltr' id='par_1_35' title="bbox 1995 1745 3575 1844">
     <span class='ocr_line' id='line_1_35' title="bbox 1995 1745 3575 1844; baseline 0.001 -17"><span class='ocrx_word' id='word_1_267' title='bbox 1995 1745 2344 1844; x_wconf 71' lang='lat' dir='ltr'><strong>QuaprOpter</strong></span> <span class='ocrx_word' id='word_1_268' title='bbox 2384 1772 2607 1828; x_wconf 90' lang='lat' dir='ltr'><strong>divinus</strong></span> <span class='ocrx_word' id='word_1_269' title='bbox 2641 1787 2862 1843; x_wconf 85' lang='lat' dir='ltr'><strong>quoque</strong></span> <span class='ocrx_word' id='word_1_270' title='bbox 2894 1745 3108 1843; x_wconf 74' lang='lat' dir='ltr'><strong>Moyses</strong></span> <span class='ocrx_word' id='word_1_271' title='bbox 3135 1787 3390 1842; x_wconf 69' lang='lat' dir='ltr'><strong>superna:</strong></span> <span class='ocrx_word' id='word_1_272' title='bbox 3433 1773 3575 1829; x_wconf 87' lang='lat' dir='ltr'><strong>divi-</strong></span> 
     </span>
    </p>
   </div>
   <div class='ocr_carea' id='block_1_36' title="bbox 304 1865 1893 1940">
    <p class='ocr_par' dir='ltr' id='par_1_36' title="bbox 304 1865 1893 1940">
     <span class='ocr_line' id='line_1_36' title="bbox 304 1865 1893 1940; baseline -0.003 -16"><span class='ocrx_word' id='word_1_273' title='bbox 304 1890 323 1923; x_wconf 85' lang='grc' dir='ltr'><strong>ι</strong></span> <span class='ocrx_word' id='word_1_274' title='bbox 362 1871 489 1924; x_wconf 75' lang='grc' dir='ltr'><strong>οὐκ</strong></span> <span class='ocrx_word' id='word_1_275' title='bbox 518 1868 742 1922; x_wconf 78' lang='grc' dir='ltr'>ἔσονταί</span> <span class='ocrx_word' id='word_1_276' title='bbox 769 1885 852 1921; x_wconf 93' lang='grc' dir='ltr'><strong>σοι</strong></span> <span class='ocrx_word' id='word_1_277' title='bbox 872 1868 984 1922; x_wconf 76' lang='grc' dir='ltr'>θεοὶ</span> <span class='ocrx_word' id='word_1_278' title='bbox 1004 1867 1182 1940; x_wconf 73' lang='grc' dir='ltr'>ἕτεροι</span> <span class='ocrx_word' id='word_1_279' title='bbox 1208 1867 1347 1939; x_wconf 85' lang='grc' dir='ltr'>πλὴν</span> <span class='ocrx_word' id='word_1_280' title='bbox 1376 1866 1534 1939; x_wconf 80' lang='grc' dir='ltr'>ἐμοῦ.</span> <span class='ocrx_word' id='word_1_281' title='bbox 1572 1886 1592 1920; x_wconf 71' lang='grc' dir='ltr'><strong>ι</strong></span> <span class='ocrx_word' id='word_1_282' title='bbox 1616 1867 1716 1921; x_wconf 82' lang='grc' dir='ltr'><strong>Διὰ</strong></span> <span class='ocrx_word' id='word_1_283' title='bbox 1734 1865 1893 1920; x_wconf 82' lang='grc' dir='ltr'>τοῦτο</span> 
     </span>
    </p>
   </div>
   <div class='ocr_carea' id='block_1_37' title="bbox 299 1954 1890 2027">
    <p class='ocr_par' dir='ltr' id='par_1_37' title="bbox 299 1954 1890 2027">
     <span class='ocr_line' id='line_1_37' title="bbox 299 1954 1890 2027; baseline -0.004 -12"><span class='ocrx_word' id='word_1_284' title='bbox 299 1961 398 2017; x_wconf 74' lang='grc' dir='ltr'>καὶ</span> <span class='ocrx_word' id='word_1_285' title='bbox 432 1962 466 2013; x_wconf 87' lang='lat'><strong>6</strong></span> <span class='ocrx_word' id='word_1_286' title='bbox 488 1956 785 2021; x_wconf 78' lang='grc' dir='ltr'>θεσπέσιος</span> <span class='ocrx_word' id='word_1_287' title='bbox 802 1956 1045 2027; x_wconf 58' lang='lat' dir='ltr'><strong>Mutila-71c;</strong></span> <span class='ocrx_word' id='word_1_288' title='bbox 1072 1959 1191 2021; x_wconf 85' lang='grc' dir='ltr'>ταῖς</span> <span class='ocrx_word' id='word_1_289' title='bbox 1222 1954 1431 2023; x_wconf 78' lang='grc' dir='ltr'>ἄνῳθεν</span> <span class='ocrx_word' id='word_1_290' title='bbox 1460 1955 1554 2009; x_wconf 78' lang='grc' dir='ltr'>καὶ</span> <span class='ocrx_word' id='word_1_291' title='bbox 1579 1955 1729 2027; x_wconf 82' lang='grc' dir='ltr'><strong>παρά</strong></span> <span class='ocrx_word' id='word_1_292' title='bbox 1753 1954 1890 2008; x_wconf 82' lang='grc' dir='ltr'><strong>Θεοῦ</strong></span> 
     </span>
    </p>
   </div>
   <div class='ocr_carea' id='block_1_38' title="bbox 297 2045 1892 2123">
    <p class='ocr_par' dir='ltr' id='par_1_38' title="bbox 297 2045 1892 2123">
     <span class='ocr_line' id='line_1_38' title="bbox 297 2045 1892 2123; baseline -0.004 -17"><span class='ocrx_word' id='word_1_293' title='bbox 297 2053 512 2123; x_wconf 74' lang='grc' dir='ltr'>ψήφοις</span> <span class='ocrx_word' id='word_1_294' title='bbox 558 2046 622 2105; x_wconf 82' lang='grc' dir='ltr'>εὖ</span> <span class='ocrx_word' id='word_1_295' title='bbox 658 2049 805 2122; x_wconf 80' lang='grc' dir='ltr'>μάλα</span> <span class='ocrx_word' id='word_1_296' title='bbox 837 2049 1249 2121; x_wconf 83' lang='grc' dir='ltr'>συμπράττεται</span> <span class='ocrx_word' id='word_1_297' title='bbox 1283 2058 1332 2112; x_wconf 75' lang='grc' dir='ltr'><strong>ε,</strong></span> <span class='ocrx_word' id='word_1_298' title='bbox 1384 2046 1478 2101; x_wconf 76' lang='grc' dir='ltr'>καὶ</span> <span class='ocrx_word' id='word_1_299' title='bbox 1516 2045 1581 2119; x_wconf 82' lang='grc' dir='ltr'>δὴ</span> <span class='ocrx_word' id='word_1_300' title='bbox 1617 2046 1712 2100; x_wconf 87' lang='grc' dir='ltr'><strong>καί</strong></span> <span class='ocrx_word' id='word_1_301' title='bbox 1757 2063 1892 2117; x_wconf 76' lang='grc' dir='ltr'>φησι</span> 
     </span>
    </p>
   </div>
   <div class='ocr_carea' id='block_1_39' title="bbox 296 2138 1893 2214">
    <p class='ocr_par' dir='ltr' id='par_1_39' title="bbox 296 2138 1893 2214">
     <span class='ocr_line' id='line_1_39' title="bbox 296 2138 1893 2214; baseline -0.003 -17"><span class='ocrx_word' id='word_1_302' title='bbox 296 2146 414 2209; x_wconf 80' lang='grc' dir='ltr'>τοῖς</span> <span class='ocrx_word' id='word_1_303' title='bbox 472 2144 534 2210; x_wconf 73' lang='grc' dir='ltr'><strong>ἐξ</strong></span> <span class='ocrx_word' id='word_1_304' title='bbox 568 2143 805 2214; x_wconf 77' lang='grc' dir='ltr'>αἵματος</span> <span class='ocrx_word' id='word_1_305' title='bbox 852 2141 1074 2212; x_wconf 82' lang='grc' dir='ltr'>Ἰσραήλ</span> <span class='ocrx_word' id='word_1_306' title='bbox 1096 2157 1109 2171; x_wconf 88' lang='grc'><strong>·</strong></span> <span class='ocrx_word' id='word_1_307' title='bbox 1148 2160 1167 2193; x_wconf 81' lang='grc' dir='ltr'><strong>ι</strong></span> <span class='ocrx_word' id='word_1_308' title='bbox 1207 2140 1319 2194; x_wconf 78' lang='grc' dir='ltr'><strong>Καὶ</strong></span> <span class='ocrx_word' id='word_1_309' title='bbox 1345 2138 1519 2193; x_wconf 79' lang='grc' dir='ltr'>ταῦτα</span> <span class='ocrx_word' id='word_1_310' title='bbox 1551 2138 1623 2193; x_wconf 76' lang='grc' dir='ltr'><strong>τὰ</strong></span> <span class='ocrx_word' id='word_1_311' title='bbox 1654 2140 1893 2211; x_wconf 84' lang='grc' dir='ltr'>προστά-</span> 
     </span>
    </p>
   </div>
   <div class='ocr_carea' id='block_1_40' title="bbox 297 2227 1891 2303">
    <p class='ocr_par' dir='ltr' id='par_1_40' title="bbox 297 2227 1891 2303">
     <span class='ocr_line' id='line_1_40' title="bbox 297 2227 1891 2303; baseline 0 -22"><span class='ocrx_word' id='word_1_312' title='bbox 297 2250 512 2303; x_wconf 57' lang='lat' dir='ltr'><strong>&quot;una,</strong></span> <span class='ocrx_word' id='word_1_313' title='bbox 542 2233 639 2285; x_wconf 74' lang='grc' dir='ltr'>καὶ</span> <span class='ocrx_word' id='word_1_314' title='bbox 659 2230 730 2284; x_wconf 72' lang='grc' dir='ltr'><strong>τὰ</strong></span> <span class='ocrx_word' id='word_1_315' title='bbox 755 2231 1002 2302; x_wconf 89' lang='grc' dir='ltr'>κρίματα</span> <span class='ocrx_word' id='word_1_316' title='bbox 1021 2271 1036 2293; x_wconf 85' lang='grc'><strong>,</strong></span> <span class='ocrx_word' id='word_1_317' title='bbox 1069 2229 1105 2283; x_wconf 76' lang='grc' dir='ltr'>ἃ</span> <span class='ocrx_word' id='word_1_318' title='bbox 1136 2227 1436 2299; x_wconf 66' lang='grc' dir='ltr'>φυλάξεσθε</span> <span class='ocrx_word' id='word_1_319' title='bbox 1470 2230 1644 2282; x_wconf 81' lang='grc' dir='ltr'>ποιεῖν</span> <span class='ocrx_word' id='word_1_320' title='bbox 1674 2227 1768 2281; x_wconf 80' lang='grc' dir='ltr'><strong>ἐπὶ</strong></span> <span class='ocrx_word' id='word_1_321' title='bbox 1793 2227 1891 2299; x_wconf 78' lang='grc' dir='ltr'>τῆς</span> 
     </span>
    </p>
   </div>
   <div class='ocr_carea' id='block_1_41' title="bbox 298 2320 1890 2397">
    <p class='ocr_par' dir='ltr' id='par_1_41' title="bbox 298 2320 1890 2397">
     <span class='ocr_line' id='line_1_41' title="bbox 298 2320 1890 2397; baseline -0.006 -16"><span class='ocrx_word' id='word_1_322' title='bbox 298 2326 434 2397; x_wconf 83' lang='grc' dir='ltr'>γῆς,</span> <span class='ocrx_word' id='word_1_323' title='bbox 468 2320 537 2397; x_wconf 76' lang='grc' dir='ltr'>ἧς</span> <span class='ocrx_word' id='word_1_324' title='bbox 571 2323 778 2394; x_wconf 76' lang='grc' dir='ltr'>Κύριος</span> <span class='ocrx_word' id='word_1_325' title='bbox 805 2325 833 2376; x_wconf 93' lang='lat'><strong>6</strong></span> <span class='ocrx_word' id='word_1_326' title='bbox 860 2323 993 2387; x_wconf 79' lang='grc' dir='ltr'>Θεὸς</span> <span class='ocrx_word' id='word_1_327' title='bbox 1022 2321 1131 2374; x_wconf 81' lang='grc' dir='ltr'><strong>τῶν</strong></span> <span class='ocrx_word' id='word_1_328' title='bbox 1181 2321 1433 2393; x_wconf 82' lang='grc' dir='ltr'><strong>πατέρων</strong></span> <span class='ocrx_word' id='word_1_329' title='bbox 1478 2320 1636 2393; x_wconf 79' lang='grc' dir='ltr'>ἡμῶν</span> <span class='ocrx_word' id='word_1_330' title='bbox 1675 2321 1890 2375; x_wconf 86' lang='grc' dir='ltr'>δίδωσιν</span> 
     </span>
    </p>
   </div>
   <div class='ocr_carea' id='block_1_42' title="bbox 301 2412 1891 2489">
    <p class='ocr_par' dir='ltr' id='par_1_42' title="bbox 301 2412 1891 2489">
     <span class='ocr_line' id='line_1_42' title="bbox 301 2412 1891 2489; baseline -0.004 -17"><span class='ocrx_word' id='word_1_331' title='bbox 301 2419 436 2488; x_wconf 72' lang='grc' dir='ltr'>ὑμῖν</span> <span class='ocrx_word' id='word_1_332' title='bbox 458 2420 519 2471; x_wconf 85' lang='grc' dir='ltr'>ὲν</span> <span class='ocrx_word' id='word_1_333' title='bbox 549 2416 742 2489; x_wconf 81' lang='grc' dir='ltr'>κλήρῳ</span> <span class='ocrx_word' id='word_1_334' title='bbox 766 2415 947 2478; x_wconf 83' lang='grc' dir='ltr'>πάσας</span> <span class='ocrx_word' id='word_1_335' title='bbox 970 2414 1067 2478; x_wconf 75' lang='grc' dir='ltr'><strong>τὰς</strong></span> <span class='ocrx_word' id='word_1_336' title='bbox 1088 2414 1304 2485; x_wconf 74' lang='grc' dir='ltr'>ἡμέρας</span> <span class='ocrx_word' id='word_1_337' title='bbox 1324 2453 1339 2477; x_wconf 92' lang='grc'><strong>,</strong></span> <span class='ocrx_word' id='word_1_338' title='bbox 1367 2412 1434 2478; x_wconf 70' lang='grc' dir='ltr'>ἃς</span> <span class='ocrx_word' id='word_1_339' title='bbox 1462 2414 1622 2484; x_wconf 74' lang='grc' dir='ltr'>ὑμεῖς</span> <span class='ocrx_word' id='word_1_340' title='bbox 1646 2412 1776 2484; x_wconf 77' lang='grc' dir='ltr'>ζῆτε</span> <span class='ocrx_word' id='word_1_341' title='bbox 1798 2413 1891 2466; x_wconf 72' lang='grc' dir='ltr'><strong>ἐπὶ</strong></span> 
     </span>
    </p>
   </div>
   <div class='ocr_carea' id='block_1_43' title="bbox 299 2502 1890 2577">
    <p class='ocr_par' dir='ltr' id='par_1_43' title="bbox 299 2502 1890 2577">
     <span class='ocr_line' id='line_1_43' title="bbox 299 2502 1890 2577; baseline -0.004 -17"><span class='ocrx_word' id='word_1_342' title='bbox 299 2507 399 2576; x_wconf 71' lang='grc' dir='ltr'>τῆς</span> <span class='ocrx_word' id='word_1_343' title='bbox 436 2506 568 2576; x_wconf 80' lang='grc' dir='ltr'>γῆς.</span> <span class='ocrx_word' id='word_1_344' title='bbox 590 2503 864 2577; x_wconf 71' lang='grc' dir='ltr'><strong>’Δπωλεὶᾳ</strong></span> <span class='ocrx_word' id='word_1_345' title='bbox 892 2504 1145 2558; x_wconf 78' lang='grc' dir='ltr'><strong>ἀπολεῖτε</strong></span> <span class='ocrx_word' id='word_1_346' title='bbox 1180 2503 1391 2567; x_wconf 81' lang='grc' dir='ltr'>πάντας</span> <span class='ocrx_word' id='word_1_347' title='bbox 1417 2504 1543 2567; x_wconf 78' lang='grc' dir='ltr'>τοὺς</span> <span class='ocrx_word' id='word_1_348' title='bbox 1577 2502 1793 2568; x_wconf 79' lang='grc' dir='ltr'>τόπους,</span> <span class='ocrx_word' id='word_1_349' title='bbox 1832 2504 1890 2556; x_wconf 81' lang='grc' dir='ltr'>ὲν</span> 
     </span>
    </p>
   </div>
   <div class='ocr_carea' id='block_1_44' title="bbox 299 2592 1888 2669">
    <p class='ocr_par' dir='ltr' id='par_1_44' title="bbox 299 2592 1888 2669">
     <span class='ocr_line' id='line_1_44' title="bbox 299 2592 1888 2669; baseline -0.004 -16"><span class='ocrx_word' id='word_1_350' title='bbox 299 2594 383 2663; x_wconf 70' lang='grc' dir='ltr'>οἷς</span> <span class='ocrx_word' id='word_1_351' title='bbox 414 2601 767 2669; x_wconf 71' lang='grc' dir='ltr'>ἐλάτρευσαν</span> <span class='ocrx_word' id='word_1_352' title='bbox 826 2599 943 2650; x_wconf 79' lang='grc' dir='ltr'>ἐκεῖ</span> <span class='ocrx_word' id='word_1_353' title='bbox 980 2596 1050 2650; x_wconf 84' lang='grc' dir='ltr'>τὰ</span> <span class='ocrx_word' id='word_1_354' title='bbox 1080 2596 1209 2666; x_wconf 77' lang='grc' dir='ltr'>ἔθνη</span> <span class='ocrx_word' id='word_1_355' title='bbox 1248 2598 1363 2660; x_wconf 89' lang='grc' dir='ltr'>τοῖς</span> <span class='ocrx_word' id='word_1_356' title='bbox 1387 2595 1529 2659; x_wconf 83' lang='grc' dir='ltr'>θεοῖς</span> <span class='ocrx_word' id='word_1_357' title='bbox 1557 2595 1760 2659; x_wconf 83' lang='grc' dir='ltr'>αὐτῶν,</span> <span class='ocrx_word' id='word_1_358' title='bbox 1795 2592 1888 2657; x_wconf 77' lang='grc' dir='ltr'>οὓς</span> 
     </span>
    </p>
   </div>
   <div class='ocr_carea' id='block_1_45' title="bbox 298 2684 1889 2761">
    <p class='ocr_par' dir='ltr' id='par_1_45' title="bbox 298 2684 1889 2761">
     <span class='ocr_line' id='line_1_45' title="bbox 298 2684 1889 2761; baseline 0 -22"><span class='ocrx_word' id='word_1_359' title='bbox 298 2690 462 2760; x_wconf 74' lang='grc' dir='ltr'>δμιῖς</span> <span class='ocrx_word' id='word_1_360' title='bbox 490 2688 894 2761; x_wconf 82' lang='grc' dir='ltr'>κληρονομεῖτε</span> <span class='ocrx_word' id='word_1_361' title='bbox 924 2687 1143 2751; x_wconf 80' lang='grc' dir='ltr'>αὐτοὺς.</span> <span class='ocrx_word' id='word_1_362' title='bbox 1171 2688 1264 2742; x_wconf 71' lang='grc' dir='ltr'><strong>ἐπὶ</strong></span> <span class='ocrx_word' id='word_1_363' title='bbox 1291 2687 1400 2742; x_wconf 85' lang='grc' dir='ltr'><strong>τῶν</strong></span> <span class='ocrx_word' id='word_1_364' title='bbox 1427 2687 1597 2758; x_wconf 81' lang='grc' dir='ltr'>ὁρέων</span> <span class='ocrx_word' id='word_1_365' title='bbox 1617 2688 1724 2740; x_wconf 82' lang='grc' dir='ltr'>τῶν</span> <span class='ocrx_word' id='word_1_366' title='bbox 1752 2684 1889 2755; x_wconf 77' lang='grc' dir='ltr'>ὑψη-</span> 
     </span>
    </p>
   </div>
   <div class='ocr_carea' id='block_1_46' title="bbox 298 2773 1884 2846">
    <p class='ocr_par' dir='ltr' id='par_1_46' title="bbox 298 2773 1884 2846">
     <span class='ocr_line' id='line_1_46' title="bbox 298 2773 1884 2846; baseline -0.002 -13"><span class='ocrx_word' id='word_1_367' title='bbox 298 2777 431 2844; x_wconf 74' lang='grc' dir='ltr'>λῶν,</span> <span class='ocrx_word' id='word_1_368' title='bbox 455 2780 553 2832; x_wconf 71' lang='grc' dir='ltr'><strong>καὶ</strong></span> <span class='ocrx_word' id='word_1_369' title='bbox 578 2778 672 2831; x_wconf 77' lang='grc' dir='ltr'><strong>ἐπὶ</strong></span> <span class='ocrx_word' id='word_1_370' title='bbox 699 2777 809 2830; x_wconf 82' lang='grc' dir='ltr'><strong>τῶν</strong></span> <span class='ocrx_word' id='word_1_371' title='bbox 830 2776 1011 2839; x_wconf 86' lang='grc' dir='ltr'>θινῶν,</span> <span class='ocrx_word' id='word_1_372' title='bbox 1032 2776 1127 2830; x_wconf 74' lang='grc' dir='ltr'>καὶ</span> <span class='ocrx_word' id='word_1_373' title='bbox 1156 2776 1418 2831; x_wconf 81' lang='grc' dir='ltr'><strong>ὑποκάτω</strong></span> <span class='ocrx_word' id='word_1_374' title='bbox 1438 2774 1655 2846; x_wconf 87' lang='grc' dir='ltr'>δένδρου</span> <span class='ocrx_word' id='word_1_375' title='bbox 1674 2773 1884 2837; x_wconf 79' lang='grc' dir='ltr'>δασέος.</span> 
     </span>
    </p>
   </div>
   <div class='ocr_carea' id='block_1_47' title="bbox 301 2864 1887 2939">
    <p class='ocr_par' dir='ltr' id='par_1_47' title="bbox 301 2864 1887 2939">
     <span class='ocr_line' id='line_1_47' title="bbox 301 2864 1887 2939; baseline -0.004 -15"><span class='ocrx_word' id='word_1_376' title='bbox 301 2869 710 2939; x_wconf 71' lang='grc' dir='ltr'>Κατασκάψετε</span> <span class='ocrx_word' id='word_1_377' title='bbox 745 2868 876 2932; x_wconf 77' lang='grc' dir='ltr'>τοὺς</span> <span class='ocrx_word' id='word_1_378' title='bbox 921 2866 1140 2938; x_wconf 80' lang='grc' dir='ltr'>βωμοὺς</span> <span class='ocrx_word' id='word_1_379' title='bbox 1176 2866 1377 2932; x_wconf 84' lang='grc' dir='ltr'>αὐτῶν,</span> <span class='ocrx_word' id='word_1_380' title='bbox 1423 2866 1518 2921; x_wconf 72' lang='grc' dir='ltr'>καὶ</span> <span class='ocrx_word' id='word_1_381' title='bbox 1565 2864 1887 2937; x_wconf 73' lang='grc' dir='ltr'>συντρίψετε</span> 
     </span>
    </p>
   </div>
   <div class='ocr_carea' id='block_1_48' title="bbox 298 2955 1888 3032">
    <p class='ocr_par' dir='ltr' id='par_1_48' title="bbox 298 2955 1888 3032">
     <span class='ocr_line' id='line_1_48' title="bbox 298 2955 1888 3032; baseline -0.005 -17"><span class='ocrx_word' id='word_1_382' title='bbox 298 2963 402 3027; x_wconf 73' lang='grc' dir='ltr'>τὰς</span> <span class='ocrx_word' id='word_1_383' title='bbox 435 2961 644 3032; x_wconf 79' lang='grc' dir='ltr'>στήλας</span> <span class='ocrx_word' id='word_1_384' title='bbox 672 2959 874 3014; x_wconf 83' lang='grc' dir='ltr'>αὐτῶν.</span> <span class='ocrx_word' id='word_1_385' title='bbox 918 2960 1029 3013; x_wconf 74' lang='grc' dir='ltr'><strong>Καὶ</strong></span> <span class='ocrx_word' id='word_1_386' title='bbox 1062 2958 1202 3029; x_wconf 75' lang='grc' dir='ltr'>ἄλση</span> <span class='ocrx_word' id='word_1_387' title='bbox 1240 2957 1420 3012; x_wconf 83' lang='grc' dir='ltr'>αὐτῶν</span> <span class='ocrx_word' id='word_1_388' title='bbox 1464 2956 1755 3027; x_wconf 77' lang='grc' dir='ltr'>ὲκκόψετε,</span> <span class='ocrx_word' id='word_1_389' title='bbox 1792 2955 1888 3009; x_wconf 75' lang='grc' dir='ltr'>καὶ</span> 
     </span>
    </p>
   </div>
   <div class='ocr_carea' id='block_1_49' title="bbox 296 3046 1956 3142">
    <p class='ocr_par' dir='ltr' id='par_1_49' title="bbox 296 3046 1956 3142">
     <span class='ocr_line' id='line_1_49' title="bbox 296 3046 1956 3142; baseline -0.004 -36"><span class='ocrx_word' id='word_1_390' title='bbox 296 3050 370 3106; x_wconf 77' lang='grc' dir='ltr'>τὰ</span> <span class='ocrx_word' id='word_1_391' title='bbox 400 3051 625 3120; x_wconf 83' lang='grc' dir='ltr'>γλυπτά</span> <span class='ocrx_word' id='word_1_392' title='bbox 655 3050 768 3105; x_wconf 87' lang='grc' dir='ltr'><strong>τῶν</strong></span> <span class='ocrx_word' id='word_1_393' title='bbox 810 3049 945 3105; x_wconf 84' lang='grc' dir='ltr'>θεῶν</span> <span class='ocrx_word' id='word_1_394' title='bbox 975 3047 1153 3102; x_wconf 85' lang='grc' dir='ltr'>αὐτῶν</span> <span class='ocrx_word' id='word_1_395' title='bbox 1185 3048 1556 3104; x_wconf 83' lang='grc' dir='ltr'>κατακαύσετε</span> <span class='ocrx_word' id='word_1_396' title='bbox 1581 3048 1715 3118; x_wconf 76' lang='grc' dir='ltr'>πυρὶ</span> <span class='ocrx_word' id='word_1_397' title='bbox 1740 3086 1754 3111; x_wconf 92' lang='grc'><strong>,</strong></span> <span class='ocrx_word' id='word_1_398' title='bbox 1792 3046 1887 3100; x_wconf 72' lang='grc' dir='ltr'>καὶ</span> <span class='ocrx_word' id='word_1_399' title='bbox 1913 3084 1956 3142; x_wconf 76' lang='lat' dir='ltr'><strong><em>C</em></strong></span> 
     </span>
    </p>
   </div>
   <div class='ocr_carea' id='block_1_50' title="bbox 299 3138 1879 3213">
    <p class='ocr_par' dir='ltr' id='par_1_50' title="bbox 299 3138 1879 3213">
     <span class='ocr_line' id='line_1_50' title="bbox 299 3138 1879 3213; baseline -0.005 -16"><span class='ocrx_word' id='word_1_400' title='bbox 299 3142 565 3197; x_wconf 72' lang='grc' dir='ltr'>ἀπολεῖτε</span> <span class='ocrx_word' id='word_1_401' title='bbox 614 3141 678 3193; x_wconf 72' lang='grc' dir='ltr'><strong>τὸ</strong></span> <span class='ocrx_word' id='word_1_402' title='bbox 709 3142 880 3213; x_wconf 74' lang='grc' dir='ltr'>ὄνομα</span> <span class='ocrx_word' id='word_1_403' title='bbox 919 3139 1099 3195; x_wconf 77' lang='grc' dir='ltr'>αὐτῶν</span> <span class='ocrx_word' id='word_1_404' title='bbox 1137 3142 1200 3194; x_wconf 80' lang='grc' dir='ltr'>ὲκ</span> <span class='ocrx_word' id='word_1_405' title='bbox 1243 3138 1336 3193; x_wconf 79' lang='grc' dir='ltr'>τοῦ</span> <span class='ocrx_word' id='word_1_406' title='bbox 1378 3140 1545 3194; x_wconf 85' lang='grc' dir='ltr'>τόπου</span> <span class='ocrx_word' id='word_1_407' title='bbox 1574 3138 1807 3193; x_wconf 73' lang='grc' dir='ltr'>ἐκείνου.</span> <span class='ocrx_word' id='word_1_408' title='bbox 1860 3156 1879 3189; x_wconf 77' lang='grc' dir='ltr'><strong>ι</strong></span> 
     </span>
    </p>
   </div>
   <div class='ocr_carea' id='block_1_51' title="bbox 298 3228 1888 3302">
    <p class='ocr_par' dir='ltr' id='par_1_51' title="bbox 298 3228 1888 3302">
     <span class='ocr_line' id='line_1_51' title="bbox 298 3228 1888 3302; baseline -0.003 -15"><span class='ocrx_word' id='word_1_409' title='bbox 298 3231 450 3287; x_wconf 75' lang='grc' dir='ltr'>Εἶτα</span> <span class='ocrx_word' id='word_1_410' title='bbox 479 3233 602 3294; x_wconf 80' lang='grc' dir='ltr'><strong>πῶς</strong></span> <span class='ocrx_word' id='word_1_411' title='bbox 625 3228 693 3302; x_wconf 76' lang='grc' dir='ltr'>ἦν</span> <span class='ocrx_word' id='word_1_412' title='bbox 723 3233 868 3296; x_wconf 78' lang='grc' dir='ltr'>εἰκὸς</span> <span class='ocrx_word' id='word_1_413' title='bbox 888 3272 903 3296; x_wconf 87' lang='grc'><strong>,</strong></span> <span class='ocrx_word' id='word_1_414' title='bbox 939 3232 1032 3285; x_wconf 78' lang='grc' dir='ltr'>τὸν</span> <span class='ocrx_word' id='word_1_415' title='bbox 1061 3232 1118 3298; x_wconf 75' lang='grc' dir='ltr'><strong>ἐξ</strong></span> <span class='ocrx_word' id='word_1_416' title='bbox 1145 3231 1360 3302; x_wconf 79' lang='grc' dir='ltr'>ἀπάτης</span> <span class='ocrx_word' id='word_1_417' title='bbox 1401 3229 1718 3301; x_wconf 79' lang='grc' dir='ltr'>Ἑλληνικῆς</span> <span class='ocrx_word' id='word_1_418' title='bbox 1749 3230 1888 3301; x_wconf 76' lang='grc' dir='ltr'>πρὸς</span> 
     </span>
    </p>
   </div>
   <div class='ocr_carea' id='block_1_52' title="bbox 295 3319 1929 3394">
    <p class='ocr_par' dir='ltr' id='par_1_52' title="bbox 295 3319 1929 3394">
     <span class='ocr_line' id='line_1_52' title="bbox 295 3319 1929 3394; baseline 0.019 -15"><span class='ocrx_word' id='word_1_419' title='bbox 295 3326 367 3380; x_wconf 71' lang='grc' dir='ltr'>τὸ</span> <span class='ocrx_word' id='word_1_420' title='bbox 401 3324 516 3394; x_wconf 78' lang='grc' dir='ltr'>τῆς</span> <span class='ocrx_word' id='word_1_421' title='bbox 562 3322 807 3392; x_wconf 68' lang='grc' dir='ltr'>ἀληθείας</span> <span class='ocrx_word' id='word_1_422' title='bbox 853 3322 1278 3393; x_wconf 69' lang='grc' dir='ltr'>μεθορμίξεσθαι</span> <span class='ocrx_word' id='word_1_423' title='bbox 1317 3319 1434 3391; x_wconf 72' lang='grc' dir='ltr'><strong>φῶς</strong></span> <span class='ocrx_word' id='word_1_424' title='bbox 1481 3320 1570 3375; x_wconf 67' lang='grc' dir='ltr'><strong>διὰ</strong></span> <span class='ocrx_word' id='word_1_425' title='bbox 1607 3320 1887 3385; x_wconf 52' lang='lat' dir='ltr'><strong>Mum”;</strong></span> <span class='ocrx_word' id='word_1_426' title='bbox 1924 3320 1929 3325; x_wconf 50' lang='grc'><strong>’</strong></span> 
     </span>
    </p>
   </div>
   <div class='ocr_carea' id='block_1_53' title="bbox 297 3412 1888 3488">
    <p class='ocr_par' dir='ltr' id='par_1_53' title="bbox 297 3412 1888 3488">
     <span class='ocr_line' id='line_1_53' title="bbox 297 3412 1888 3488; baseline -0.004 -18"><span class='ocrx_word' id='word_1_427' title='bbox 297 3415 717 3488; x_wconf 70' lang='grc' dir='ltr'>προστάττοντα</span> <span class='ocrx_word' id='word_1_428' title='bbox 741 3453 756 3479; x_wconf 90' lang='grc'><strong>,</strong></span> <span class='ocrx_word' id='word_1_429' title='bbox 788 3414 883 3467; x_wconf 66' lang='grc' dir='ltr'><strong>καὶ¹</strong></span> <span class='ocrx_word' id='word_1_430' title='bbox 914 3412 1154 3477; x_wconf 76' lang='grc' dir='ltr'>εἰδώλοις</span> <span class='ocrx_word' id='word_1_431' title='bbox 1199 3412 1335 3484; x_wconf 84' lang='grc' dir='ltr'>ὁμοῦ</span> <span class='ocrx_word' id='word_1_432' title='bbox 1378 3412 1447 3466; x_wconf 80' lang='grc' dir='ltr'>τὰ</span> <span class='ocrx_word' id='word_1_433' title='bbox 1483 3412 1684 3483; x_wconf 83' lang='grc' dir='ltr'>τεμένη</span> <span class='ocrx_word' id='word_1_434' title='bbox 1720 3429 1888 3466; x_wconf 85' lang='grc' dir='ltr'>κατα-</span> 
     </span>
    </p>
   </div>
   <div class='ocr_carea' id='block_1_54' title="bbox 299 3503 1889 3579">
    <p class='ocr_par' dir='ltr' id='par_1_54' title="bbox 299 3503 1889 3579">
     <span class='ocr_line' id='line_1_54' title="bbox 299 3503 1889 3579; baseline -0.01 -17"><span class='ocrx_word' id='word_1_435' title='bbox 299 3507 588 3577; x_wconf 75' lang='grc' dir='ltr'>πιμπρᾷν,</span> <span class='ocrx_word' id='word_1_436' title='bbox 622 3506 714 3559; x_wconf 73' lang='grc' dir='ltr'>καὶ</span> <span class='ocrx_word' id='word_1_437' title='bbox 744 3505 1137 3579; x_wconf 75' lang='grc' dir='ltr'>ἀναϐοθρεύειν</span> <span class='ocrx_word' id='word_1_438' title='bbox 1172 3505 1414 3577; x_wconf 77' lang='grc' dir='ltr'>βωμοὺς,</span> <span class='ocrx_word' id='word_1_439' title='bbox 1446 3503 1584 3575; x_wconf 79' lang='grc' dir='ltr'>ἄλση</span> <span class='ocrx_word' id='word_1_440' title='bbox 1634 3521 1694 3557; x_wconf 82' lang='grc' dir='ltr'><strong>τε</strong></span> <span class='ocrx_word' id='word_1_441' title='bbox 1734 3504 1889 3557; x_wconf 65' lang='grc' dir='ltr'><strong>ἐκκά-</strong></span> 
     </span>
    </p>
   </div>
   <div class='ocr_carea' id='block_1_55' title="bbox 301 3586 1886 3667">
    <p class='ocr_par' dir='ltr' id='par_1_55' title="bbox 301 3586 1886 3667">
     <span class='ocr_line' id='line_1_55' title="bbox 301 3586 1886 3667; baseline -0.003 -15"><span class='ocrx_word' id='word_1_442' title='bbox 301 3614 464 3653; x_wconf 77' lang='grc' dir='ltr'>πτειν</span> <span class='ocrx_word' id='word_1_443' title='bbox 485 3637 503 3663; x_wconf 85' lang='grc'><strong>,</strong></span> <span class='ocrx_word' id='word_1_444' title='bbox 544 3596 623 3660; x_wconf 83' lang='grc' dir='ltr'>ὡς</span> <span class='ocrx_word' id='word_1_445' title='bbox 659 3596 825 3666; x_wconf 77' lang='grc' dir='ltr'>μηδὲν</span> <span class='ocrx_word' id='word_1_446' title='bbox 860 3586 971 3666; x_wconf 54' lang='grc' dir='ltr'>τῆς</span> <span class='ocrx_word' id='word_1_447' title='bbox 1019 3597 1245 3651; x_wconf 76' lang='grc' dir='ltr'>ἐκείνων</span> <span class='ocrx_word' id='word_1_448' title='bbox 1276 3594 1562 3667; x_wconf 83' lang='grc' dir='ltr'>βδελυρίας</span> <span class='ocrx_word' id='word_1_449' title='bbox 1592 3596 1886 3666; x_wconf 79' lang='grc' dir='ltr'>ἀπομεῖναι</span> 
     </span>
    </p>
   </div>
   <div class='ocr_carea' id='block_1_56' title="bbox 300 3686 1886 3761">
    <p class='ocr_par' dir='ltr' id='par_1_56' title="bbox 300 3686 1886 3761">
     <span class='ocr_line' id='line_1_56' title="bbox 300 3686 1886 3761; baseline -0.003 -18"><span class='ocrx_word' id='word_1_450' title='bbox 300 3689 580 3759; x_wconf 64' lang='grc' dir='ltr'>λείψανον,</span> <span class='ocrx_word' id='word_1_451' title='bbox 616 3687 935 3760; x_wconf 76' lang='grc' dir='ltr'>μερίζεσθαι</span> <span class='ocrx_word' id='word_1_452' title='bbox 961 3688 1093 3760; x_wconf 80' lang='grc' dir='ltr'>πρὸς</span> <span class='ocrx_word' id='word_1_453' title='bbox 1121 3688 1262 3743; x_wconf 81' lang='grc' dir='ltr'>αὐτὰ</span> <span class='ocrx_word' id='word_1_454' title='bbox 1287 3688 1386 3761; x_wconf 82' lang='grc' dir='ltr'>τὴν</span> <span class='ocrx_word' id='word_1_455' title='bbox 1409 3687 1567 3756; x_wconf 80' lang='grc' dir='ltr'>δόξαν</span> <span class='ocrx_word' id='word_1_456' title='bbox 1587 3702 1601 3718; x_wconf 80' lang='grc'><strong><em>⁸</em></strong></span> <span class='ocrx_word' id='word_1_457' title='bbox 1638 3686 1886 3758; x_wconf 84' lang='grc' dir='ltr'>καθάπερ</span> 
     </span>
    </p>
   </div>
   <div class='ocr_carea' id='block_1_57' title="bbox 304 3778 1886 3854">
    <p class='ocr_par' dir='ltr' id='par_1_57' title="bbox 304 3778 1886 3854">
     <span class='ocr_line' id='line_1_57' title="bbox 304 3778 1886 3854; baseline -0.001 -21"><span class='ocrx_word' id='word_1_458' title='bbox 304 3783 409 3854; x_wconf 57' lang='grc' dir='ltr'>ἠδη</span> <span class='ocrx_word' id='word_1_459' title='bbox 441 3783 711 3851; x_wconf 78' lang='grc' dir='ltr'>προεῖπον</span> <span class='ocrx_word' id='word_1_460' title='bbox 733 3822 750 3847; x_wconf 92' lang='grc'><strong>,</strong></span> <span class='ocrx_word' id='word_1_461' title='bbox 786 3782 882 3834; x_wconf 74' lang='grc' dir='ltr'><strong>καὶ</strong></span> <span class='ocrx_word' id='word_1_462' title='bbox 919 3782 1001 3844; x_wconf 87' lang='grc' dir='ltr'><strong>είς</strong></span> <span class='ocrx_word' id='word_1_463' title='bbox 1043 3780 1200 3835; x_wconf 81' lang='grc' dir='ltr'>τοῦτο</span> <span class='ocrx_word' id='word_1_464' title='bbox 1227 3778 1454 3852; x_wconf 83' lang='grc' dir='ltr'>γνώμης</span> <span class='ocrx_word' id='word_1_465' title='bbox 1499 3778 1710 3845; x_wconf 79' lang='grc' dir='ltr'>ἐλθεῖν,</span> <span class='ocrx_word' id='word_1_466' title='bbox 1744 3778 1886 3832; x_wconf 82' lang='grc' dir='ltr'>ὥστε</span> 
     </span>
    </p>
   </div>
   <div class='ocr_carea' id='block_1_58' title="bbox 305 3871 1883 3946">
    <p class='ocr_par' dir='ltr' id='par_1_58' title="bbox 305 3871 1883 3946">
     <span class='ocr_line' id='line_1_58' title="bbox 305 3871 1883 3946; baseline -0.001 -21"><span class='ocrx_word' id='word_1_467' title='bbox 305 3873 404 3926; x_wconf 74' lang='grc' dir='ltr'>καὶ</span> <span class='ocrx_word' id='word_1_468' title='bbox 420 3872 626 3936; x_wconf 73' lang='grc' dir='ltr'>αὐτοὺς</span> <span class='ocrx_word' id='word_1_469' title='bbox 640 3871 770 3936; x_wconf 77' lang='grc' dir='ltr'>τοὺς</span> <span class='ocrx_word' id='word_1_470' title='bbox 791 3872 1192 3944; x_wconf 76' lang='grc' dir='ltr'>ἐκνεμηθέντας</span> <span class='ocrx_word' id='word_1_471' title='bbox 1217 3873 1368 3944; x_wconf 74' lang='grc' dir='ltr'>αὐτῷ</span> <span class='ocrx_word' id='word_1_472' title='bbox 1392 3874 1526 3944; x_wconf 78' lang='grc' dir='ltr'>πρὸς</span> <span class='ocrx_word' id='word_1_473' title='bbox 1548 3872 1883 3946; x_wconf 79' lang='grc' dir='ltr'>ἱερουργίαν,</span> 
     </span>
    </p>
   </div>
   <div class='ocr_carea' id='block_1_59' title="bbox 305 3961 1887 4036">
    <p class='ocr_par' dir='ltr' id='par_1_59' title="bbox 305 3961 1887 4036">
     <span class='ocr_line' id='line_1_59' title="bbox 305 3961 1887 4036; baseline -0.001 -20"><span class='ocrx_word' id='word_1_474' title='bbox 305 3963 459 4019; x_wconf 60' lang='grc' dir='ltr'>θύειν</span> <span class='ocrx_word' id='word_1_475' title='bbox 487 3963 680 4027; x_wconf 70' lang='grc' dir='ltr'>αὐτοῖς</span> <span class='ocrx_word' id='word_1_476' title='bbox 704 3962 980 4028; x_wconf 72' lang='grc' dir='ltr'>ἐπιτάξαι,</span> <span class='ocrx_word' id='word_1_477' title='bbox 1025 3962 1287 4033; x_wconf 83' lang='grc' dir='ltr'>ἀφιέντας</span> <span class='ocrx_word' id='word_1_478' title='bbox 1313 3965 1393 4028; x_wconf 85' lang='grc' dir='ltr'><strong>είς</strong></span> <span class='ocrx_word' id='word_1_479' title='bbox 1422 3963 1521 4036; x_wconf 79' lang='grc' dir='ltr'>τὴν</span> <span class='ocrx_word' id='word_1_480' title='bbox 1559 3962 1766 4035; x_wconf 80' lang='grc' dir='ltr'>ἔρημον</span> <span class='ocrx_word' id='word_1_481' title='bbox 1795 3961 1887 4015; x_wconf 80' lang='grc' dir='ltr'><strong>τὸν</strong></span> 
     </span>
    </p>
   </div>
   <div class='ocr_carea' id='block_1_60' title="bbox 303 4052 1887 4126">
    <p class='ocr_par' dir='ltr' id='par_1_60' title="bbox 303 4052 1887 4126">
     <span class='ocr_line' id='line_1_60' title="bbox 303 4052 1887 4126; baseline -0.001 -19"><span class='ocrx_word' id='word_1_482' title='bbox 303 4055 494 4125; x_wconf 77' lang='grc' dir='ltr'>ἕτερον</span> <span class='ocrx_word' id='word_1_483' title='bbox 519 4053 634 4106; x_wconf 83' lang='grc' dir='ltr'>τῶν</span> <span class='ocrx_word' id='word_1_484' title='bbox 666 4053 951 4125; x_wconf 82' lang='grc' dir='ltr'>χιμάρων;</span> <span class='ocrx_word' id='word_1_485' title='bbox 985 4052 1096 4107; x_wconf 79' lang='grc' dir='ltr'>Καί</span> <span class='ocrx_word' id='word_1_486' title='bbox 1139 4071 1223 4108; x_wconf 84' lang='grc' dir='ltr'><strong>τοι</strong></span> <span class='ocrx_word' id='word_1_487' title='bbox 1256 4056 1755 4125; x_wconf 80' lang='grc' dir='ltr'>μοσχοποιήσαντος</span> <span class='ocrx_word' id='word_1_488' title='bbox 1790 4056 1887 4126; x_wconf 81' lang='grc' dir='ltr'>μὲν</span> 
     </span>
    </p>
   </div>
   <div class='ocr_carea' id='block_1_61' title="bbox 304 4140 1911 4216">
    <p class='ocr_par' dir='ltr' id='par_1_61' title="bbox 304 4140 1911 4216">
     <span class='ocr_line' id='line_1_61' title="bbox 304 4140 1911 4216; baseline 0.001 -21"><span class='ocrx_word' id='word_1_489' title='bbox 304 4144 365 4199; x_wconf 77' lang='grc' dir='ltr'>ἑν</span> <span class='ocrx_word' id='word_1_490' title='bbox 393 4146 463 4214; x_wconf 81' lang='grc' dir='ltr'>τῇ</span> <span class='ocrx_word' id='word_1_491' title='bbox 516 4142 713 4214; x_wconf 70' lang='grc' dir='ltr'>ἐρήμῳ</span> <span class='ocrx_word' id='word_1_492' title='bbox 761 4140 858 4195; x_wconf 78' lang='grc' dir='ltr'><strong>τοῦ</strong></span> <span class='ocrx_word' id='word_1_493' title='bbox 919 4141 1138 4213; x_wconf 80' lang='grc' dir='ltr'>Ἰσραὴλ</span> <span class='ocrx_word' id='word_1_494' title='bbox 1190 4145 1486 4214; x_wconf 73' lang='grc' dir='ltr'>κατῃτιᾶτο</span> <span class='ocrx_word' id='word_1_495' title='bbox 1533 4143 1757 4216; x_wconf 75' lang='grc' dir='ltr'>σφόδρα,</span> <span class='ocrx_word' id='word_1_496' title='bbox 1809 4144 1911 4214; x_wconf 77' lang='grc' dir='ltr'><strong>τῷ,</strong></span> 
     </span>
    </p>
   </div>
   <div class='ocr_carea' id='block_1_62' title="bbox 304 4232 1887 4307">
    <p class='ocr_par' dir='ltr' id='par_1_62' title="bbox 304 4232 1887 4307">
     <span class='ocr_line' id='line_1_62' title="bbox 304 4232 1887 4307; baseline 0.003 -22"><span class='ocrx_word' id='word_1_497' title='bbox 304 4232 586 4303; x_wconf 78' lang='grc' dir='ltr'>θεσπεσίῳ</span> <span class='ocrx_word' id='word_1_498' title='bbox 609 4233 786 4301; x_wconf 79' lang='grc' dir='ltr'>λέγων</span> <span class='ocrx_word' id='word_1_499' title='bbox 806 4234 978 4304; x_wconf 84' lang='grc' dir='ltr'>Μωσῇ</span> <span class='ocrx_word' id='word_1_500' title='bbox 1000 4250 1014 4264; x_wconf 84' lang='grc'><em>’</em></span> <span class='ocrx_word' id='word_1_501' title='bbox 1049 4254 1067 4286; x_wconf 84' lang='grc' dir='ltr'><strong>ι</strong></span> <span class='ocrx_word' id='word_1_502' title='bbox 1101 4233 1313 4300; x_wconf 77' lang='grc' dir='ltr'>Βάδιξε,</span> <span class='ocrx_word' id='word_1_503' title='bbox 1340 4235 1611 4307; x_wconf 78' lang='grc' dir='ltr'>κατάὄηθι</span> <span class='ocrx_word' id='word_1_504' title='bbox 1640 4235 1699 4290; x_wconf 80' lang='grc' dir='ltr'>τὸ</span> <span class='ocrx_word' id='word_1_505' title='bbox 1725 4235 1887 4307; x_wconf 85' lang='grc' dir='ltr'>τάχος</span> 
     </span>
    </p>
   </div>
   <div class='ocr_carea' id='block_1_63' title="bbox 302 4322 1888 4399">
    <p class='ocr_par' dir='ltr' id='par_1_63' title="bbox 302 4322 1888 4399">
     <span class='ocr_line' id='line_1_63' title="bbox 302 4322 1888 4399; baseline 0.003 -24"><span class='ocrx_word' id='word_1_506' title='bbox 302 4322 594 4377; x_wconf 63' lang='grc' dir='ltr'>ἐντεῦθεν·</span> <span class='ocrx_word' id='word_1_507' title='bbox 615 4324 866 4395; x_wconf 72' lang='grc' dir='ltr'>ὴνόμησε</span> <span class='ocrx_word' id='word_1_508' title='bbox 898 4324 1009 4396; x_wconf 81' lang='grc' dir='ltr'>γὰρ</span> <span class='ocrx_word' id='word_1_509' title='bbox 1035 4328 1063 4379; x_wconf 86' lang='grc' dir='ltr'><strong>ὁ</strong></span> <span class='ocrx_word' id='word_1_510' title='bbox 1082 4324 1208 4391; x_wconf 85' lang='grc' dir='ltr'>λαός</span> <span class='ocrx_word' id='word_1_511' title='bbox 1240 4343 1332 4380; x_wconf 89' lang='grc' dir='ltr'><strong>σου</strong></span> <span class='ocrx_word' id='word_1_512' title='bbox 1353 4368 1367 4393; x_wconf 91' lang='grc'><strong>,</strong></span> <span class='ocrx_word' id='word_1_513' title='bbox 1397 4326 1487 4392; x_wconf 84' lang='grc' dir='ltr'>οὓς</span> <span class='ocrx_word' id='word_1_514' title='bbox 1525 4328 1793 4399; x_wconf 74' lang='grc' dir='ltr'>ἐξήγαγες</span> <span class='ocrx_word' id='word_1_515' title='bbox 1823 4329 1888 4381; x_wconf 84' lang='grc' dir='ltr'>ὲκ</span> 
     </span>
    </p>
   </div>
   <div class='ocr_carea' id='block_1_64' title="bbox 1993 1864 3573 1943">
    <p class='ocr_par' dir='ltr' id='par_1_64' title="bbox 1993 1864 3573 1943">
     <span class='ocr_line' id='line_1_64' title="bbox 1993 1864 3573 1943; baseline 0 -22"><span class='ocrx_word' id='word_1_516' title='bbox 1993 1882 2187 1936; x_wconf 64' lang='lat' dir='ltr'><strong>neque</strong></span> <span class='ocrx_word' id='word_1_517' title='bbox 2207 1865 2493 1943; x_wconf 67' lang='lat' dir='ltr'><strong>sentcntiae</strong></span> <span class='ocrx_word' id='word_1_518' title='bbox 2517 1879 2635 1920; x_wconf 90' lang='lat' dir='ltr'><strong>sese</strong></span> <span class='ocrx_word' id='word_1_519' title='bbox 2661 1864 3030 1931; x_wconf 87' lang='lat' dir='ltr'><strong>eonformans,</strong></span> <span class='ocrx_word' id='word_1_520' title='bbox 3057 1864 3145 1919; x_wconf 89' lang='lat' dir='ltr'><strong>bis</strong></span> <span class='ocrx_word' id='word_1_521' title='bbox 3173 1864 3268 1935; x_wconf 90' lang='lat' dir='ltr'><strong>qui</strong></span> <span class='ocrx_word' id='word_1_522' title='bbox 3291 1880 3359 1921; x_wconf 81' lang='lat' dir='ltr'><strong>ex</strong></span> <span class='ocrx_word' id='word_1_523' title='bbox 3392 1866 3573 1922; x_wconf 81' lang='lat' dir='ltr'><strong>Israe-</strong></span> 
     </span>
    </p>
   </div>
   <div class='ocr_carea' id='block_1_65' title="bbox 1992 1953 3572 2026">
    <p class='ocr_par' dir='ltr' id='par_1_65' title="bbox 1992 1953 3572 2026">
     <span class='ocr_line' id='line_1_65' title="bbox 1992 1953 3572 2026; baseline 0 -16"><span class='ocrx_word' id='word_1_524' title='bbox 1992 1955 2144 2011; x_wconf 84' lang='lat' dir='ltr'><strong>litico</strong></span> <span class='ocrx_word' id='word_1_525' title='bbox 2168 1954 2432 2025; x_wconf 82' lang='lat' dir='ltr'><strong>sanguine</strong></span> <span class='ocrx_word' id='word_1_526' title='bbox 2472 1961 2621 2019; x_wconf 90' lang='lat' dir='ltr'><strong>sunt,</strong></span> <span class='ocrx_word' id='word_1_527' title='bbox 2650 1953 2730 2009; x_wconf 90' lang='lat' dir='ltr'><strong>sic</strong></span> <span class='ocrx_word' id='word_1_528' title='bbox 2757 1953 2895 2008; x_wconf 80' lang='lat' dir='ltr'><strong>dixit</strong></span> <span class='ocrx_word' id='word_1_529' title='bbox 2920 1970 2933 2008; x_wconf 88' lang='lat'><strong>:</strong></span> <span class='ocrx_word' id='word_1_530' title='bbox 2971 1972 2991 2004; x_wconf 80' lang='grc' dir='ltr'><strong>ι</strong></span> <span class='ocrx_word' id='word_1_531' title='bbox 3023 1953 3092 2009; x_wconf 83' lang='lat' dir='ltr'><strong>Et</strong></span> <span class='ocrx_word' id='word_1_532' title='bbox 3117 1954 3234 2010; x_wconf 65' lang='lat' dir='ltr'><strong>haec</strong></span> <span class='ocrx_word' id='word_1_533' title='bbox 3270 1963 3400 2010; x_wconf 89' lang='lat' dir='ltr'><strong>sunt</strong></span> <span class='ocrx_word' id='word_1_534' title='bbox 3429 1970 3572 2026; x_wconf 66' lang='lat' dir='ltr'><strong>prae-</strong></span> 
     </span>
    </p>
   </div>
   <div class='ocr_carea' id='block_1_66' title="bbox 1992 2046 3593 2119">
    <p class='ocr_par' dir='ltr' id='par_1_66' title="bbox 1992 2046 3593 2119">
     <span class='ocr_line' id='line_1_66' title="bbox 1992 2046 3593 2119; baseline 0.001 -15"><span class='ocrx_word' id='word_1_535' title='bbox 1992 2056 2150 2119; x_wconf 86' lang='lat' dir='ltr'><strong>cepta</strong></span> <span class='ocrx_word' id='word_1_536' title='bbox 2180 2056 2237 2103; x_wconf 93' lang='lat' dir='ltr'><strong>et</strong></span> <span class='ocrx_word' id='word_1_537' title='bbox 2264 2047 2470 2119; x_wconf 85' lang='lat' dir='ltr'><strong>judicia</strong></span> <span class='ocrx_word' id='word_1_538' title='bbox 2492 2063 2616 2118; x_wconf 72' lang='lat' dir='ltr'><strong>quae</strong></span> <span class='ocrx_word' id='word_1_539' title='bbox 2645 2046 2926 2103; x_wconf 87' lang='lat' dir='ltr'><strong>custodire</strong></span> <span class='ocrx_word' id='word_1_540' title='bbox 2951 2046 3169 2104; x_wconf 88' lang='lat' dir='ltr'><strong>debetis</strong></span> <span class='ocrx_word' id='word_1_541' title='bbox 3189 2056 3250 2102; x_wconf 89' lang='lat' dir='ltr'><strong>ut</strong></span> <span class='ocrx_word' id='word_1_542' title='bbox 3269 2047 3486 2104; x_wconf 69' lang='lat' dir='ltr'><strong>faciatis</strong></span> <span class='ocrx_word' id='word_1_543' title='bbox 3507 2047 3593 2106; x_wconf 79' lang='lat' dir='ltr'><strong>ea&#39;</strong></span> 
     </span>
    </p>
   </div>
   <div class='ocr_carea' id='block_1_67' title="bbox 1992 2139 3573 2211">
    <p class='ocr_par' dir='ltr' id='par_1_67' title="bbox 1992 2139 3573 2211">
     <span class='ocr_line' id='line_1_67' title="bbox 1992 2139 3573 2211; baseline 0.001 -16"><span class='ocrx_word' id='word_1_544' title='bbox 1992 2141 2049 2195; x_wconf 88' lang='lat' dir='ltr'><strong>in</strong></span> <span class='ocrx_word' id='word_1_545' title='bbox 2081 2148 2252 2206; x_wconf 88' lang='lat' dir='ltr'><strong>terra,</strong></span> <span class='ocrx_word' id='word_1_546' title='bbox 2295 2155 2460 2210; x_wconf 90' lang='lat' dir='ltr'><strong>quam</strong></span> <span class='ocrx_word' id='word_1_547' title='bbox 2496 2140 2762 2195; x_wconf 88' lang='lat' dir='ltr'><strong>Dominus</strong></span> <span class='ocrx_word' id='word_1_548' title='bbox 2801 2139 2948 2195; x_wconf 90' lang='lat' dir='ltr'><strong>Deus</strong></span> <span class='ocrx_word' id='word_1_549' title='bbox 2989 2147 3206 2211; x_wconf 88' lang='lat' dir='ltr'><strong>patrum</strong></span> <span class='ocrx_word' id='word_1_550' title='bbox 3252 2147 3573 2197; x_wconf 89' lang='lat' dir='ltr'><strong>nostrorum</strong></span> 
     </span>
    </p>
   </div>
   <div class='ocr_carea' id='block_1_68' title="bbox 1992 2231 3575 2303">
    <p class='ocr_par' dir='ltr' id='par_1_68' title="bbox 1992 2231 3575 2303">
     <span class='ocr_line' id='line_1_68' title="bbox 1992 2231 3575 2303; baseline 0.001 -15"><span class='ocrx_word' id='word_1_551' title='bbox 1992 2241 2140 2288; x_wconf 86' lang='lat' dir='ltr'><strong>sorte</strong></span> <span class='ocrx_word' id='word_1_552' title='bbox 2167 2233 2399 2288; x_wconf 86' lang='lat' dir='ltr'><strong>daturus</strong></span> <span class='ocrx_word' id='word_1_553' title='bbox 2426 2239 2513 2288; x_wconf 89' lang='lat' dir='ltr'><strong>est</strong></span> <span class='ocrx_word' id='word_1_554' title='bbox 2528 2232 2687 2287; x_wconf 87' lang='lat' dir='ltr'><strong>vobis</strong></span> <span class='ocrx_word' id='word_1_555' title='bbox 2710 2232 2763 2287; x_wconf 89' lang='lat' dir='ltr'><strong>in</strong></span> <span class='ocrx_word' id='word_1_556' title='bbox 2795 2231 3197 2303; x_wconf 88' lang='lat' dir='ltr'><strong>possessionem</strong></span> <span class='ocrx_word' id='word_1_557' title='bbox 3221 2233 3438 2288; x_wconf 91' lang='lat' dir='ltr'><strong>cunctis</strong></span> <span class='ocrx_word' id='word_1_558' title='bbox 3457 2231 3575 2289; x_wconf 89' lang='lat' dir='ltr'><strong>die-</strong></span> 
     </span>
    </p>
   </div>
   <div class='ocr_carea' id='block_1_69' title="bbox 1991 2323 3574 2396">
    <p class='ocr_par' dir='ltr' id='par_1_69' title="bbox 1991 2323 3574 2396">
     <span class='ocr_line' id='line_1_69' title="bbox 1991 2323 3574 2396; baseline 0.001 -16"><span class='ocrx_word' id='word_1_559' title='bbox 1991 2325 2096 2381; x_wconf 88' lang='lat' dir='ltr'><strong>bus</strong></span> <span class='ocrx_word' id='word_1_560' title='bbox 2118 2325 2321 2395; x_wconf 88' lang='lat' dir='ltr'><strong>quibus</strong></span> <span class='ocrx_word' id='word_1_561' title='bbox 2356 2323 2556 2380; x_wconf 89' lang='lat' dir='ltr'><strong>vivetis</strong></span> <span class='ocrx_word' id='word_1_562' title='bbox 2579 2339 2746 2395; x_wconf 90' lang='lat' dir='ltr'><strong>super</strong></span> <span class='ocrx_word' id='word_1_563' title='bbox 2768 2333 2994 2379; x_wconf 89' lang='lat' dir='ltr'><strong>terram.</strong></span> <span class='ocrx_word' id='word_1_564' title='bbox 3030 2324 3349 2381; x_wconf 84' lang='lat' dir='ltr'><strong>Perditione</strong></span> <span class='ocrx_word' id='word_1_565' title='bbox 3377 2324 3574 2396; x_wconf 86' lang='lat' dir='ltr'><strong>perde-</strong></span> 
     </span>
    </p>
   </div>
   <div class='ocr_carea' id='block_1_70' title="bbox 1991 2416 3574 2489">
    <p class='ocr_par' dir='ltr' id='par_1_70' title="bbox 1991 2416 3574 2489">
     <span class='ocr_line' id='line_1_70' title="bbox 1991 2416 3574 2489; baseline 0.001 -16"><span class='ocrx_word' id='word_1_566' title='bbox 1991 2418 2062 2473; x_wconf 89' lang='lat' dir='ltr'><strong>tis</strong></span> <span class='ocrx_word' id='word_1_567' title='bbox 2092 2418 2276 2473; x_wconf 84' lang='lat' dir='ltr'><strong>omnia</strong></span> <span class='ocrx_word' id='word_1_568' title='bbox 2318 2418 2438 2473; x_wconf 89' lang='lat' dir='ltr'><strong>loca</strong></span> <span class='ocrx_word' id='word_1_569' title='bbox 2484 2432 2607 2487; x_wconf 67' lang='lat' dir='ltr'><strong>qua:</strong></span> <span class='ocrx_word' id='word_1_570' title='bbox 2659 2424 2806 2472; x_wconf 86' lang='lat' dir='ltr'><strong>sorte</strong></span> <span class='ocrx_word' id='word_1_571' title='bbox 2853 2416 3242 2487; x_wconf 81' lang='lat' dir='ltr'><strong>pbssidebitis,</strong></span> <span class='ocrx_word' id='word_1_572' title='bbox 3287 2417 3344 2473; x_wconf 91' lang='lat' dir='ltr'><strong>in</strong></span> <span class='ocrx_word' id='word_1_573' title='bbox 3368 2419 3574 2489; x_wconf 85' lang='lat' dir='ltr'><strong>quibus</strong></span> 
     </span>
    </p>
   </div>
   <div class='ocr_carea' id='block_1_71' title="bbox 1990 2507 3571 2580">
    <p class='ocr_par' dir='ltr' id='par_1_71' title="bbox 1990 2507 3571 2580">
     <span class='ocr_line' id='line_1_71' title="bbox 1990 2507 3571 2580; baseline 0 -17"><span class='ocrx_word' id='word_1_574' title='bbox 1990 2509 2281 2564; x_wconf 76' lang='lat' dir='ltr'><strong>coluerunt</strong></span> <span class='ocrx_word' id='word_1_575' title='bbox 2308 2515 2499 2580; x_wconf 84' lang='lat' dir='ltr'><strong>gentes</strong></span> <span class='ocrx_word' id='word_1_576' title='bbox 2527 2507 2662 2564; x_wconf 88' lang='lat' dir='ltr'><strong>deos</strong></span> <span class='ocrx_word' id='word_1_577' title='bbox 2690 2522 2841 2573; x_wconf 90' lang='lat' dir='ltr'><strong>suos,</strong></span> <span class='ocrx_word' id='word_1_578' title='bbox 2868 2522 3034 2578; x_wconf 86' lang='lat' dir='ltr'><strong>super</strong></span> <span class='ocrx_word' id='word_1_579' title='bbox 3060 2514 3277 2563; x_wconf 86' lang='lat' dir='ltr'><strong>montes</strong></span> <span class='ocrx_word' id='word_1_580' title='bbox 3301 2508 3571 2572; x_wconf 83' lang='lat' dir='ltr'><strong>excelsos,</strong></span> 
     </span>
    </p>
   </div>
   <div class='ocr_carea' id='block_1_72' title="bbox 1990 2587 3574 2668">
    <p class='ocr_par' dir='ltr' id='par_1_72' title="bbox 1990 2587 3574 2668">
     <span class='ocr_line' id='line_1_72' title="bbox 1990 2587 3574 2668; baseline -0.001 -13"><span class='ocrx_word' id='word_1_581' title='bbox 1990 2607 2046 2655; x_wconf 92' lang='lat' dir='ltr'><strong>et</strong></span> <span class='ocrx_word' id='word_1_582' title='bbox 2079 2599 2250 2657; x_wconf 89' lang='lat' dir='ltr'><strong>colles</strong></span> <span class='ocrx_word' id='word_1_583' title='bbox 2272 2638 2286 2663; x_wconf 90' lang='lat'><strong>,</strong></span> <span class='ocrx_word' id='word_1_584' title='bbox 2335 2606 2392 2654; x_wconf 86' lang='lat' dir='ltr'><strong>et</strong></span> <span class='ocrx_word' id='word_1_585' title='bbox 2433 2598 2628 2654; x_wconf 88' lang='lat' dir='ltr'><strong>subter</strong></span> <span class='ocrx_word' id='word_1_586' title='bbox 2670 2612 2835 2653; x_wconf 89' lang='lat' dir='ltr'><strong>omne</strong></span> <span class='ocrx_word' id='word_1_587' title='bbox 2870 2587 3079 2668; x_wconf 80' lang='lat' dir='ltr'><strong>lignum</strong></span> <span class='ocrx_word' id='word_1_588' title='bbox 3115 2597 3462 2653; x_wconf 87' lang='lat' dir='ltr'><strong>frondosum.</strong></span> <span class='ocrx_word' id='word_1_589' title='bbox 3503 2597 3574 2653; x_wconf 88' lang='lat' dir='ltr'><strong>Et</strong></span> 
     </span>
    </p>
   </div>
   <div class='ocr_carea' id='block_1_73' title="bbox 1989 2684 3571 2756">
    <p class='ocr_par' dir='ltr' id='par_1_73' title="bbox 1989 2684 3571 2756">
     <span class='ocr_line' id='line_1_73' title="bbox 1989 2684 3571 2756; baseline -0.003 -12"><span class='ocrx_word' id='word_1_590' title='bbox 1989 2687 2288 2744; x_wconf 81' lang='lat' dir='ltr'><strong>destructis</strong></span> <span class='ocrx_word' id='word_1_591' title='bbox 2331 2702 2453 2743; x_wconf 82' lang='lat' dir='ltr'><strong>aras</strong></span> <span class='ocrx_word' id='word_1_592' title='bbox 2473 2701 2697 2752; x_wconf 88' lang='lat' dir='ltr'><strong>eorum,</strong></span> <span class='ocrx_word' id='word_1_593' title='bbox 2724 2695 2781 2741; x_wconf 92' lang='lat' dir='ltr'><strong>et</strong></span> <span class='ocrx_word' id='word_1_594' title='bbox 2822 2684 3183 2756; x_wconf 85' lang='lat' dir='ltr'><strong>confringetis</strong></span> <span class='ocrx_word' id='word_1_595' title='bbox 3221 2692 3432 2741; x_wconf 81' lang='lat' dir='ltr'><strong>statuas</strong></span> <span class='ocrx_word' id='word_1_596' title='bbox 3471 2700 3571 2741; x_wconf 84' lang='lat' dir='ltr'><strong>eo-</strong></span> 
     </span>
    </p>
   </div>
   <div class='ocr_carea' id='block_1_74' title="bbox 1990 2772 3571 2844">
    <p class='ocr_par' dir='ltr' id='par_1_74' title="bbox 1990 2772 3571 2844">
     <span class='ocr_line' id='line_1_74' title="bbox 1990 2772 3571 2844; baseline -0.002 -12"><span class='ocrx_word' id='word_1_597' title='bbox 1990 2793 2146 2844; x_wconf 91' lang='lat' dir='ltr'><strong>rum;</strong></span> <span class='ocrx_word' id='word_1_598' title='bbox 2175 2785 2233 2831; x_wconf 92' lang='lat' dir='ltr'><strong>et</strong></span> <span class='ocrx_word' id='word_1_599' title='bbox 2254 2777 2407 2831; x_wconf 85' lang='lat' dir='ltr'><strong>lucos</strong></span> <span class='ocrx_word' id='word_1_600' title='bbox 2429 2791 2621 2830; x_wconf 90' lang='lat' dir='ltr'><strong>eorum</strong></span> <span class='ocrx_word' id='word_1_601' title='bbox 2644 2773 2930 2838; x_wconf 76' lang='lat' dir='ltr'><strong>excidetis,</strong></span> <span class='ocrx_word' id='word_1_602' title='bbox 2961 2780 3019 2828; x_wconf 88' lang='lat' dir='ltr'><strong>et</strong></span> <span class='ocrx_word' id='word_1_603' title='bbox 3041 2772 3315 2842; x_wconf 87' lang='lat' dir='ltr'><strong>sculptilia</strong></span> <span class='ocrx_word' id='word_1_604' title='bbox 3337 2772 3571 2829; x_wconf 89' lang='lat' dir='ltr'><strong>deorum</strong></span> 
     </span>
    </p>
   </div>
   <div class='ocr_carea' id='block_1_75' title="bbox 1991 2858 3570 2939">
    <p class='ocr_par' dir='ltr' id='par_1_75' title="bbox 1991 2858 3570 2939">
     <span class='ocr_line' id='line_1_75' title="bbox 1991 2858 3570 2939; baseline -0.003 -15"><span class='ocrx_word' id='word_1_605' title='bbox 1991 2869 2233 2939; x_wconf 89' lang='lat' dir='ltr'><strong>ipsorum</strong></span> <span class='ocrx_word' id='word_1_606' title='bbox 2254 2867 2376 2938; x_wconf 85' lang='lat' dir='ltr'><strong>igne</strong></span> <span class='ocrx_word' id='word_1_607' title='bbox 2398 2866 2759 2931; x_wconf 88' lang='lat' dir='ltr'><strong>comburetis,</strong></span> <span class='ocrx_word' id='word_1_608' title='bbox 2784 2873 2842 2922; x_wconf 90' lang='lat' dir='ltr'><strong>et</strong></span> <span class='ocrx_word' id='word_1_609' title='bbox 2866 2864 3200 2935; x_wconf 86' lang='lat' dir='ltr'><strong>disperdetis</strong></span> <span class='ocrx_word' id='word_1_610' title='bbox 3221 2864 3446 2920; x_wconf 90' lang='lat' dir='ltr'><strong>nomina</strong></span> <span class='ocrx_word' id='word_1_611' title='bbox 3469 2858 3570 2921; x_wconf 54' lang='lat' dir='ltr'><strong>eo;</strong></span> 
     </span>
    </p>
   </div>
   <div class='ocr_carea' id='block_1_76' title="bbox 1989 2957 3571 3030">
    <p class='ocr_par' dir='ltr' id='par_1_76' title="bbox 1989 2957 3571 3030">
     <span class='ocr_line' id='line_1_76' title="bbox 1989 2957 3571 3030; baseline -0.003 -14"><span class='ocrx_word' id='word_1_612' title='bbox 1989 2977 2112 3016; x_wconf 91' lang='lat' dir='ltr'><strong>rum</strong></span> <span class='ocrx_word' id='word_1_613' title='bbox 2144 2960 2212 3015; x_wconf 93' lang='lat' dir='ltr'><strong>de</strong></span> <span class='ocrx_word' id='word_1_614' title='bbox 2236 2960 2358 3015; x_wconf 90' lang='lat' dir='ltr'><strong>loco</strong></span> <span class='ocrx_word' id='word_1_615' title='bbox 2396 2961 2489 3015; x_wconf 93' lang='lat' dir='ltr'><strong>illo</strong></span> <span class='ocrx_word' id='word_1_616' title='bbox 2514 2961 2581 3014; x_wconf 77' lang='grc' dir='ltr'><strong>τ’.</strong></span> <span class='ocrx_word' id='word_1_617' title='bbox 2619 2979 2638 3012; x_wconf 76' lang='grc' dir='ltr'><strong>ι</strong></span> <span class='ocrx_word' id='word_1_618' title='bbox 2685 2959 2805 3015; x_wconf 75' lang='lat' dir='ltr'><strong>Iam</strong></span> <span class='ocrx_word' id='word_1_619' title='bbox 2841 2958 3121 3030; x_wconf 89' lang='lat' dir='ltr'><strong>quomodo</strong></span> <span class='ocrx_word' id='word_1_620' title='bbox 3159 2957 3448 3030; x_wconf 89' lang='lat' dir='ltr'><strong>probabile</strong></span> <span class='ocrx_word' id='word_1_621' title='bbox 3496 2958 3571 3014; x_wconf 85' lang='lat' dir='ltr'><strong>sit</strong></span> 
     </span>
    </p>
   </div>
   <div class='ocr_carea' id='block_1_77' title="bbox 1989 3048 3569 3124">
    <p class='ocr_par' dir='ltr' id='par_1_77' title="bbox 1989 3048 3569 3124">
     <span class='ocr_line' id='line_1_77' title="bbox 1989 3048 3569 3124; baseline -0.004 -15"><span class='ocrx_word' id='word_1_622' title='bbox 1989 3062 2053 3109; x_wconf 92' lang='lat' dir='ltr'><strong>ut</strong></span> <span class='ocrx_word' id='word_1_623' title='bbox 2076 3054 2170 3124; x_wconf 89' lang='lat' dir='ltr'><strong>qui</strong></span> <span class='ocrx_word' id='word_1_624' title='bbox 2200 3068 2331 3109; x_wconf 90' lang='lat' dir='ltr'><strong>suos</strong></span> <span class='ocrx_word' id='word_1_625' title='bbox 2362 3067 2429 3106; x_wconf 80' lang='lat' dir='ltr'><strong>ex</strong></span> <span class='ocrx_word' id='word_1_626' title='bbox 2453 3050 2776 3122; x_wconf 89' lang='lat' dir='ltr'><strong>gentilitatis</strong></span> <span class='ocrx_word' id='word_1_627' title='bbox 2797 3064 2990 3106; x_wconf 90' lang='lat' dir='ltr'><strong>errore</strong></span> <span class='ocrx_word' id='word_1_628' title='bbox 3016 3049 3086 3105; x_wconf 91' lang='lat' dir='ltr'><strong>ad</strong></span> <span class='ocrx_word' id='word_1_629' title='bbox 3109 3048 3359 3105; x_wconf 90' lang='lat' dir='ltr'><strong>veritatis</strong></span> <span class='ocrx_word' id='word_1_630' title='bbox 3377 3048 3569 3104; x_wconf 92' lang='lat' dir='ltr'><strong>lumen</strong></span> 
     </span>
    </p>
   </div>
   <div class='ocr_carea' id='block_1_78' title="bbox 1989 3140 3569 3218">
    <p class='ocr_par' dir='ltr' id='par_1_78' title="bbox 1989 3140 3569 3218">
     <span class='ocr_line' id='line_1_78' title="bbox 1989 3140 3569 3218; baseline -0.004 -17"><span class='ocrx_word' id='word_1_631' title='bbox 1989 3162 2088 3218; x_wconf 90' lang='lat' dir='ltr'><strong>per</strong></span> <span class='ocrx_word' id='word_1_632' title='bbox 2110 3147 2334 3218; x_wconf 80' lang='lat' dir='ltr'><strong>Moysen</strong></span> <span class='ocrx_word' id='word_1_633' title='bbox 2369 3144 2603 3209; x_wconf 86' lang='lat' dir='ltr'><strong>traduci,</strong></span> <span class='ocrx_word' id='word_1_634' title='bbox 2622 3150 2788 3214; x_wconf 90' lang='lat' dir='ltr'><strong>atque</strong></span> <span class='ocrx_word' id='word_1_635' title='bbox 2812 3148 2875 3198; x_wconf 91' lang='lat' dir='ltr'><strong>ut</strong></span> <span class='ocrx_word' id='word_1_636' title='bbox 2895 3141 3040 3197; x_wconf 89' lang='lat' dir='ltr'><strong>idola</strong></span> <span class='ocrx_word' id='word_1_637' title='bbox 3060 3157 3170 3197; x_wconf 89' lang='lat' dir='ltr'><strong>una</strong></span> <span class='ocrx_word' id='word_1_638' title='bbox 3196 3156 3324 3198; x_wconf 92' lang='lat' dir='ltr'><strong>cum</strong></span> <span class='ocrx_word' id='word_1_639' title='bbox 3346 3140 3569 3197; x_wconf 91' lang='lat' dir='ltr'><strong>illorum</strong></span> 
     </span>
    </p>
   </div>
   <div class='ocr_carea' id='block_1_79' title="bbox 1987 3237 3572 3312">
    <p class='ocr_par' dir='ltr' id='par_1_79' title="bbox 1987 3237 3572 3312">
     <span class='ocr_line' id='line_1_79' title="bbox 1987 3237 3572 3312; baseline -0.004 -19"><span class='ocrx_word' id='word_1_640' title='bbox 1987 3238 2204 3308; x_wconf 89' lang='lat' dir='ltr'><strong>templis</strong></span> <span class='ocrx_word' id='word_1_641' title='bbox 2230 3237 2709 3301; x_wconf 86' lang='lat' dir='ltr'><strong>comburerentur,</strong></span> <span class='ocrx_word' id='word_1_642' title='bbox 2740 3250 2846 3291; x_wconf 92' lang='lat' dir='ltr'><strong>nec</strong></span> <span class='ocrx_word' id='word_1_643' title='bbox 2876 3249 2986 3291; x_wconf 90' lang='lat' dir='ltr'><strong>non</strong></span> <span class='ocrx_word' id='word_1_644' title='bbox 3008 3250 3116 3290; x_wconf 74' lang='lat' dir='ltr'><strong>ara:</strong></span> <span class='ocrx_word' id='word_1_645' title='bbox 3137 3248 3356 3312; x_wconf 81' lang='lat' dir='ltr'><strong>quoque</strong></span> <span class='ocrx_word' id='word_1_646' title='bbox 3377 3248 3572 3291; x_wconf 86' lang='lat' dir='ltr'><strong>eorum</strong></span> 
     </span>
    </p>
   </div>
   <div class='ocr_carea' id='block_1_80' title="bbox 1989 3325 3574 3399">
    <p class='ocr_par' dir='ltr' id='par_1_80' title="bbox 1989 3325 3574 3399">
     <span class='ocr_line' id='line_1_80' title="bbox 1989 3325 3574 3399; baseline -0.004 -12"><span class='ocrx_word' id='word_1_647' title='bbox 1989 3331 2479 3395; x_wconf 85' lang='lat' dir='ltr'><strong>subverterentur,</strong></span> <span class='ocrx_word' id='word_1_648' title='bbox 2535 3328 2760 3399; x_wconf 90' lang='lat' dir='ltr'><strong>lucique</strong></span> <span class='ocrx_word' id='word_1_649' title='bbox 2804 3326 3285 3391; x_wconf 81' lang='lat' dir='ltr'><strong>exscinderentur,</strong></span> <span class='ocrx_word' id='word_1_650' title='bbox 3334 3340 3406 3380; x_wconf 90' lang='lat' dir='ltr'><strong>ne</strong></span> <span class='ocrx_word' id='word_1_651' title='bbox 3445 3325 3574 3381; x_wconf 76' lang='lat' dir='ltr'><strong>ulla:</strong></span> 
     </span>
    </p>
   </div>
   <div class='ocr_carea' id='block_1_81' title="bbox 1988 3420 3568 3490">
    <p class='ocr_par' dir='ltr' id='par_1_81' title="bbox 1988 3420 3568 3490">
     <span class='ocr_line' id='line_1_81' title="bbox 1988 3420 3568 3490; baseline -0.006 -10"><span class='ocrx_word' id='word_1_652' title='bbox 1988 3423 2456 3480; x_wconf 87' lang='lat' dir='ltr'><strong>abominationum</strong></span> <span class='ocrx_word' id='word_1_653' title='bbox 2486 3422 2717 3477; x_wconf 85' lang='lat' dir='ltr'><strong>istarum</strong></span> <span class='ocrx_word' id='word_1_654' title='bbox 2749 3420 3000 3490; x_wconf 64' lang='lat' dir='ltr'><strong>reliquim</strong></span> <span class='ocrx_word' id='word_1_655' title='bbox 3030 3426 3386 3490; x_wconf 89' lang='lat' dir='ltr'><strong>superessent</strong></span> <span class='ocrx_word' id='word_1_656' title='bbox 3423 3432 3568 3488; x_wconf 62' lang='lat' dir='ltr'><strong>pra:—</strong></span> 
     </span>
    </p>
   </div>
   <div class='ocr_carea' id='block_1_82' title="bbox 1988 3506 3567 3586">
    <p class='ocr_par' dir='ltr' id='par_1_82' title="bbox 1988 3506 3567 3586">
     <span class='ocr_line' id='line_1_82' title="bbox 1988 3506 3567 3586; baseline -0.006 -15"><span class='ocrx_word' id='word_1_657' title='bbox 1988 3522 2248 3586; x_wconf 89' lang='lat' dir='ltr'><strong>ceperat;</strong></span> <span class='ocrx_word' id='word_1_658' title='bbox 2277 3514 2326 3570; x_wconf 92' lang='lat' dir='ltr'><strong>is</strong></span> <span class='ocrx_word' id='word_1_659' title='bbox 2364 3513 2594 3585; x_wconf 87' lang='lat' dir='ltr'><strong>gloriam</strong></span> <span class='ocrx_word' id='word_1_660' title='bbox 2630 3527 2786 3567; x_wconf 89' lang='lat' dir='ltr'><strong>suam</strong></span> <span class='ocrx_word' id='word_1_661' title='bbox 2829 3512 2962 3575; x_wconf 89' lang='lat' dir='ltr'><strong>illis,</strong></span> <span class='ocrx_word' id='word_1_662' title='bbox 3013 3519 3073 3565; x_wconf 92' lang='lat' dir='ltr'><strong>ut</strong></span> <span class='ocrx_word' id='word_1_663' title='bbox 3116 3508 3283 3564; x_wconf 89' lang='lat' dir='ltr'><strong>modo</strong></span> <span class='ocrx_word' id='word_1_664' title='bbox 3309 3506 3526 3562; x_wconf 85' lang='lat' dir='ltr'><strong>aiebam</strong></span> <span class='ocrx_word' id='word_1_665' title='bbox 3550 3548 3567 3572; x_wconf 91' lang='lat'><strong>,</strong></span> 
     </span>
    </p>
   </div>
   <div class='ocr_carea' id='block_1_83' title="bbox 1987 3597 3566 3674">
    <p class='ocr_par' dir='ltr' id='par_1_83' title="bbox 1987 3597 3566 3674">
     <span class='ocr_line' id='line_1_83' title="bbox 1987 3597 3566 3674; baseline -0.006 -13"><span class='ocrx_word' id='word_1_666' title='bbox 1987 3606 2226 3662; x_wconf 90' lang='lat' dir='ltr'><strong>voluerit</strong></span> <span class='ocrx_word' id='word_1_667' title='bbox 2250 3602 2555 3674; x_wconf 90' lang='lat' dir='ltr'><strong>impertiri,</strong></span> <span class='ocrx_word' id='word_1_668' title='bbox 2597 3603 2653 3656; x_wconf 92' lang='lat' dir='ltr'><strong>in</strong></span> <span class='ocrx_word' id='word_1_669' title='bbox 2692 3616 2924 3671; x_wconf 89' lang='lat' dir='ltr'><strong>eamque</strong></span> <span class='ocrx_word' id='word_1_670' title='bbox 2973 3598 3303 3655; x_wconf 85' lang='lat' dir='ltr'><strong>sententiam</strong></span> <span class='ocrx_word' id='word_1_671' title='bbox 3333 3597 3566 3662; x_wconf 82' lang='lat' dir='ltr'><strong>venerit,</strong></span> 
     </span>
    </p>
   </div>
   <div class='ocr_carea' id='block_1_84' title="bbox 1988 3688 3567 3768">
    <p class='ocr_par' dir='ltr' id='par_1_84' title="bbox 1988 3688 3567 3768">
     <span class='ocr_line' id='line_1_84' title="bbox 1988 3688 3567 3768; baseline -0.007 -14"><span class='ocrx_word' id='word_1_672' title='bbox 1988 3706 2049 3754; x_wconf 92' lang='lat' dir='ltr'><strong>ut</strong></span> <span class='ocrx_word' id='word_1_673' title='bbox 2074 3697 2193 3768; x_wconf 87' lang='lat' dir='ltr'><strong>ipsa</strong></span> <span class='ocrx_word' id='word_1_674' title='bbox 2221 3690 2441 3767; x_wconf 88' lang='lat' dir='ltr'><strong>quoque</strong></span> <span class='ocrx_word' id='word_1_675' title='bbox 2473 3692 2774 3749; x_wconf 85' lang='lat' dir='ltr'><strong>animantia</strong></span> <span class='ocrx_word' id='word_1_676' title='bbox 2799 3691 2906 3746; x_wconf 88' lang='lat' dir='ltr'><strong>sibi</strong></span> <span class='ocrx_word' id='word_1_677' title='bbox 2951 3692 3006 3745; x_wconf 92' lang='lat' dir='ltr'><strong>in</strong></span> <span class='ocrx_word' id='word_1_678' title='bbox 3033 3688 3367 3745; x_wconf 80' lang='lat' dir='ltr'><strong>sacriﬁcium</strong></span> <span class='ocrx_word' id='word_1_679' title='bbox 3392 3688 3567 3745; x_wconf 78' lang='lat' dir='ltr'><strong>desti~</strong></span> 
     </span>
    </p>
   </div>
   <div class='ocr_carea' id='block_1_85' title="bbox 1987 3780 3569 3854">
    <p class='ocr_par' dir='ltr' id='par_1_85' title="bbox 1987 3780 3569 3854">
     <span class='ocr_line' id='line_1_85' title="bbox 1987 3780 3569 3854; baseline -0.004 -10"><span class='ocrx_word' id='word_1_680' title='bbox 1987 3796 2116 3845; x_wconf 91' lang='lat' dir='ltr'><strong>nata</strong></span> <span class='ocrx_word' id='word_1_681' title='bbox 2153 3787 2262 3842; x_wconf 92' lang='lat' dir='ltr'><strong>illis</strong></span> <span class='ocrx_word' id='word_1_682' title='bbox 2287 3784 2599 3841; x_wconf 81' lang='lat' dir='ltr'><strong>sacrificare</strong></span> <span class='ocrx_word' id='word_1_683' title='bbox 2617 3783 2861 3854; x_wconf 87' lang='lat' dir='ltr'><strong>juberet,</strong></span> <span class='ocrx_word' id='word_1_684' title='bbox 2888 3790 2946 3837; x_wconf 92' lang='lat' dir='ltr'><strong>ct</strong></span> <span class='ocrx_word' id='word_1_685' title='bbox 2981 3782 3216 3836; x_wconf 88' lang='lat' dir='ltr'><strong>alterum</strong></span> <span class='ocrx_word' id='word_1_686' title='bbox 3255 3780 3471 3837; x_wconf 89' lang='lat' dir='ltr'><strong>hircum</strong></span> <span class='ocrx_word' id='word_1_687' title='bbox 3511 3781 3569 3837; x_wconf 89' lang='lat' dir='ltr'><strong>in</strong></span> 
     </span>
    </p>
   </div>
   <div class='ocr_carea' id='block_1_86' title="bbox 1988 3871 3571 3942">
    <p class='ocr_par' dir='ltr' id='par_1_86' title="bbox 1988 3871 3571 3942">
     <span class='ocr_line' id='line_1_86' title="bbox 1988 3871 3571 3942; baseline -0.004 -9"><span class='ocrx_word' id='word_1_688' title='bbox 1988 3876 2271 3933; x_wconf 89' lang='lat' dir='ltr'><strong>desertum</strong></span> <span class='ocrx_word' id='word_1_689' title='bbox 2293 3872 2586 3930; x_wconf 82' lang='lat' dir='ltr'><strong>emittere?</strong></span> <span class='ocrx_word' id='word_1_690' title='bbox 2623 3871 2919 3928; x_wconf 88' lang='lat' dir='ltr'><strong>Enimvero</strong></span> <span class='ocrx_word' id='word_1_691' title='bbox 2942 3871 3222 3937; x_wconf 88' lang='lat' dir='ltr'><strong>lsraelem,</strong></span> <span class='ocrx_word' id='word_1_692' title='bbox 3250 3872 3399 3942; x_wconf 90' lang='lat' dir='ltr'><strong>quod</strong></span> <span class='ocrx_word' id='word_1_693' title='bbox 3425 3871 3571 3928; x_wconf 88' lang='lat' dir='ltr'><strong>vitu-</strong></span> 
     </span>
    </p>
   </div>
   <div class='ocr_carea' id='block_1_87' title="bbox 1988 3962 3568 4034">
    <p class='ocr_par' dir='ltr' id='par_1_87' title="bbox 1988 3962 3568 4034">
     <span class='ocr_line' id='line_1_87' title="bbox 1988 3962 3568 4034; baseline -0.001 -11"><span class='ocrx_word' id='word_1_694' title='bbox 1988 3968 2101 4024; x_wconf 90' lang='lat' dir='ltr'><strong>lum</strong></span> <span class='ocrx_word' id='word_1_695' title='bbox 2133 3967 2189 4022; x_wconf 91' lang='lat' dir='ltr'><strong>in</strong></span> <span class='ocrx_word' id='word_1_696' title='bbox 2216 3965 2438 4021; x_wconf 86' lang='lat' dir='ltr'><strong>deserto</strong></span> <span class='ocrx_word' id='word_1_697' title='bbox 2468 3964 2757 4029; x_wconf 76' lang='lat' dir='ltr'><strong>erexisset,</strong></span> <span class='ocrx_word' id='word_1_698' title='bbox 2790 3962 3113 4034; x_wconf 86' lang='lat' dir='ltr'><strong>gravissime</strong></span> <span class='ocrx_word' id='word_1_699' title='bbox 3134 3963 3434 4029; x_wconf 80' lang='lat' dir='ltr'><strong>accusavit,</strong></span> <span class='ocrx_word' id='word_1_700' title='bbox 3466 3964 3568 4021; x_wconf 88' lang='lat' dir='ltr'><strong>ad-</strong></span> 
     </span>
    </p>
   </div>
   <div class='ocr_carea' id='block_1_88' title="bbox 1989 4054 3564 4130">
    <p class='ocr_par' dir='ltr' id='par_1_88' title="bbox 1989 4054 3564 4130">
     <span class='ocr_line' id='line_1_88' title="bbox 1989 4054 3564 4130; baseline -0.003 -16"><span class='ocrx_word' id='word_1_701' title='bbox 1989 4058 2352 4130; x_wconf 89' lang='lat' dir='ltr'><strong>mirandoque</strong></span> <span class='ocrx_word' id='word_1_702' title='bbox 2377 4056 2545 4128; x_wconf 81' lang='lat' dir='ltr'><strong>Moysi</strong></span> <span class='ocrx_word' id='word_1_703' title='bbox 2576 4055 2795 4111; x_wconf 86' lang='lat' dir='ltr'><strong>dicebat</strong></span> <span class='ocrx_word' id='word_1_704' title='bbox 2826 4073 2839 4109; x_wconf 93' lang='lat'><strong>:</strong></span> <span class='ocrx_word' id='word_1_705' title='bbox 2874 4055 3077 4121; x_wconf 66' lang='lat' dir='ltr'><strong>«Vade,</strong></span> <span class='ocrx_word' id='word_1_706' title='bbox 3103 4054 3377 4111; x_wconf 86' lang='lat' dir='ltr'><strong>descende</strong></span> <span class='ocrx_word' id='word_1_707' title='bbox 3405 4055 3518 4112; x_wconf 92' lang='lat' dir='ltr'><strong>cito</strong></span> <span class='ocrx_word' id='word_1_708' title='bbox 3546 4075 3564 4110; x_wconf 86' lang='lat'><strong>:</strong></span> 
     </span>
    </p>
   </div>
   <div class='ocr_carea' id='block_1_89' title="bbox 1988 4144 3570 4219">
    <p class='ocr_par' dir='ltr' id='par_1_89' title="bbox 1988 4144 3570 4219">
     <span class='ocr_line' id='line_1_89' title="bbox 1988 4144 3570 4219; baseline -0.003 -14"><span class='ocrx_word' id='word_1_709' title='bbox 1988 4148 2235 4219; x_wconf 84' lang='lat' dir='ltr'><strong>peccavit</strong></span> <span class='ocrx_word' id='word_1_710' title='bbox 2296 4147 2533 4218; x_wconf 81' lang='lat' dir='ltr'><strong>Populus</strong></span> <span class='ocrx_word' id='word_1_711' title='bbox 2587 4152 2753 4210; x_wconf 90' lang='lat' dir='ltr'><strong>tuus,</strong></span> <span class='ocrx_word' id='word_1_712' title='bbox 2799 4161 2963 4215; x_wconf 86' lang='lat' dir='ltr'><strong>quem</strong></span> <span class='ocrx_word' id='word_1_713' title='bbox 3024 4144 3261 4202; x_wconf 81' lang='lat' dir='ltr'><strong>eduxisti</strong></span> <span class='ocrx_word' id='word_1_714' title='bbox 3305 4144 3374 4200; x_wconf 90' lang='lat' dir='ltr'><strong>de</strong></span> <span class='ocrx_word' id='word_1_715' title='bbox 3421 4154 3570 4201; x_wconf 85' lang='lat' dir='ltr'><strong>terra</strong></span> 
     </span>
    </p>
   </div>
   <div class='ocr_carea' id='block_1_90' title="bbox 1987 4233 3571 4311">
    <p class='ocr_par' dir='ltr' id='par_1_90' title="bbox 1987 4233 3571 4311">
     <span class='ocr_line' id='line_1_90' title="bbox 1987 4233 3571 4311; baseline -0.003 -18"><span class='ocrx_word' id='word_1_716' title='bbox 1987 4238 2240 4311; x_wconf 60' lang='lat' dir='ltr'><strong>Egypti;</strong></span> <span class='ocrx_word' id='word_1_717' title='bbox 2286 4236 2645 4305; x_wconf 83' lang='lat' dir='ltr'><strong>feceruntque</strong></span> <span class='ocrx_word' id='word_1_718' title='bbox 2674 4234 2781 4290; x_wconf 92' lang='lat' dir='ltr'><strong>sibi</strong></span> <span class='ocrx_word' id='word_1_719' title='bbox 2825 4233 3031 4290; x_wconf 88' lang='lat' dir='ltr'><strong>idolum</strong></span> <span class='ocrx_word' id='word_1_720' title='bbox 3056 4235 3122 4288; x_wconf 75' lang='grc'><strong>⁸⁸.</strong></span> <span class='ocrx_word' id='word_1_721' title='bbox 3158 4254 3177 4285; x_wconf 85' lang='grc'><strong>›</strong></span> <span class='ocrx_word' id='word_1_722' title='bbox 3211 4233 3352 4302; x_wconf 85' lang='lat' dir='ltr'><strong>Quin</strong></span> <span class='ocrx_word' id='word_1_723' title='bbox 3384 4242 3440 4290; x_wconf 92' lang='lat' dir='ltr'><strong>et</strong></span> <span class='ocrx_word' id='word_1_724' title='bbox 3462 4234 3571 4289; x_wconf 90' lang='lat' dir='ltr'><strong>illis</strong></span> 
     </span>
    </p>
   </div>
   <div class='ocr_carea' id='block_1_91' title="bbox 1990 4324 3575 4400">
    <p class='ocr_par' dir='ltr' id='par_1_91' title="bbox 1990 4324 3575 4400">
     <span class='ocr_line' id='line_1_91' title="bbox 1990 4324 3575 4400; baseline -0.004 -15"><span class='ocrx_word' id='word_1_725' title='bbox 1990 4344 2209 4400; x_wconf 88' lang='lat' dir='ltr'><strong>quoque</strong></span> <span class='ocrx_word' id='word_1_726' title='bbox 2229 4328 2325 4399; x_wconf 87' lang='lat' dir='ltr'><strong>qui</strong></span> <span class='ocrx_word' id='word_1_727' title='bbox 2349 4327 2688 4398; x_wconf 86' lang='lat' dir='ltr'><strong>Beclphcgor</strong></span> <span class='ocrx_word' id='word_1_728' title='bbox 2710 4325 2909 4381; x_wconf 82' lang='lat' dir='ltr'><strong>initiati</strong></span> <span class='ocrx_word' id='word_1_729' title='bbox 2932 4324 3173 4389; x_wconf 79' lang='lat' dir='ltr'><strong>fuerant,</strong></span> <span class='ocrx_word' id='word_1_730' title='bbox 3207 4325 3426 4396; x_wconf 87' lang='lat' dir='ltr'><strong>quando</strong></span> <span class='ocrx_word' id='word_1_731' title='bbox 3443 4339 3575 4380; x_wconf 86' lang='lat' dir='ltr'><strong>cum</strong></span> 
     </span>
    </p>
   </div>
   <div class='ocr_carea' id='block_1_92' title="bbox 303 4415 1891 4490">
    <p class='ocr_par' dir='ltr' id='par_1_92' title="bbox 303 4415 1883 4490">
     <span class='ocr_line' id='line_1_92' title="bbox 303 4415 1883 4490; baseline 0 -21"><span class='ocrx_word' id='word_1_732' title='bbox 303 4415 409 4485; x_wconf 71' lang='grc' dir='ltr'>γῆς</span> <span class='ocrx_word' id='word_1_733' title='bbox 430 4415 718 4483; x_wconf 76' lang='grc' dir='ltr'>Αἰγύπτου</span> <span class='ocrx_word' id='word_1_734' title='bbox 737 4430 752 4444; x_wconf 77' lang='grc'><strong><em>⁸</em></strong></span> <span class='ocrx_word' id='word_1_735' title='bbox 784 4415 1046 4486; x_wconf 74' lang='grc' dir='ltr'>ἐποίησαν</span> <span class='ocrx_word' id='word_1_736' title='bbox 1073 4418 1283 4482; x_wconf 78' lang='grc' dir='ltr'>ἑαυτοῖς</span> <span class='ocrx_word' id='word_1_737' title='bbox 1312 4418 1548 4473; x_wconf 82' lang='grc' dir='ltr'>εἴδωλον.</span> <span class='ocrx_word' id='word_1_738' title='bbox 1588 4438 1607 4470; x_wconf 75' lang='grc' dir='ltr'><strong>ι</strong></span> <span class='ocrx_word' id='word_1_739' title='bbox 1638 4419 1746 4472; x_wconf 73' lang='grc' dir='ltr'><strong>Καὶ</strong></span> <span class='ocrx_word' id='word_1_740' title='bbox 1777 4419 1883 4490; x_wconf 77' lang='grc' dir='ltr'>μὴν</span> 
     </span>
    </p>
   </div>
   <div class='ocr_carea' id='block_1_93' title="bbox 1990 4415 3571 4490">
    <p class='ocr_par' dir='ltr' id='par_1_93' title="bbox 1990 4415 3571 4481">
     <span class='ocr_line' id='line_1_93' title="bbox 1990 4415 3571 4481; baseline -0.003 -6"><span class='ocrx_word' id='word_1_741' title='bbox 1990 4420 2351 4476; x_wconf 84' lang='lat' dir='ltr'><strong>Moabitarum</strong></span> <span class='ocrx_word' id='word_1_742' title='bbox 2369 4419 2695 4474; x_wconf 90' lang='lat' dir='ltr'><strong>mulieribus</strong></span> <span class='ocrx_word' id='word_1_743' title='bbox 2719 4417 3115 4481; x_wconf 88' lang='lat' dir='ltr'><strong>miscebantur,</strong></span> <span class='ocrx_word' id='word_1_744' title='bbox 3142 4415 3333 4471; x_wconf 73' lang='lat' dir='ltr'><strong>formae</strong></span> <span class='ocrx_word' id='word_1_745' title='bbox 3354 4416 3571 4471; x_wconf 89' lang='lat' dir='ltr'><strong>illarum</strong></span> 
     </span>
    </p>
   </div>
   <div class='ocr_carea' id='block_1_94' title="bbox 304 4506 1885 4582">
    <p class='ocr_par' dir='ltr' id='par_1_94' title="bbox 304 4506 1885 4582">
     <span class='ocr_line' id='line_1_94' title="bbox 304 4506 1885 4582; baseline 0.003 -22"><span class='ocrx_word' id='word_1_746' title='bbox 304 4507 533 4570; x_wconf 78' lang='grc' dir='ltr'>καὶτοῖς</span> <span class='ocrx_word' id='word_1_747' title='bbox 556 4506 885 4561; x_wconf 85' lang='grc' dir='ltr'>τελεσθεῖσιν</span> <span class='ocrx_word' id='word_1_748' title='bbox 900 4508 979 4579; x_wconf 84' lang='grc' dir='ltr'>τῷ</span> <span class='ocrx_word' id='word_1_749' title='bbox 1000 4508 1343 4582; x_wconf 78' lang='grc' dir='ltr'>Βεελφεγὼρ,</span> <span class='ocrx_word' id='word_1_750' title='bbox 1367 4510 1448 4564; x_wconf 83' lang='grc' dir='ltr'>ὅτι</span> <span class='ocrx_word' id='word_1_751' title='bbox 1463 4509 1489 4549; x_wconf 71' lang='grc' dir='ltr'>ἀ</span> <span class='ocrx_word' id='word_1_752' title='bbox 1504 4522 1554 4581; x_wconf 66' lang='grc' dir='ltr'><strong>σε’</strong></span> <span class='ocrx_word' id='word_1_753' title='bbox 1572 4513 1695 4575; x_wconf 88' lang='grc' dir='ltr'>ταῖς</span> <span class='ocrx_word' id='word_1_754' title='bbox 1719 4512 1885 4566; x_wconf 79' lang='grc' dir='ltr'><strong>Μωα-</strong></span> 
     </span>
    </p>
   </div>
   <div class='ocr_carea' id='block_1_95' title="bbox 303 4594 1886 4672">
    <p class='ocr_par' dir='ltr' id='par_1_95' title="bbox 303 4594 1886 4672">
     <span class='ocr_line' id='line_1_95' title="bbox 303 4594 1886 4672; baseline 0.004 -25"><span class='ocrx_word' id='word_1_755' title='bbox 303 4594 472 4650; x_wconf 71' lang='grc' dir='ltr'>ϐιτῶν</span> <span class='ocrx_word' id='word_1_756' title='bbox 525 4596 920 4651; x_wconf 83' lang='grc' dir='ltr'>συνεπλέκοντο</span> <span class='ocrx_word' id='word_1_757' title='bbox 974 4599 1189 4667; x_wconf 72' lang='grc' dir='ltr'>γυναιξὶ</span> <span class='ocrx_word' id='word_1_758' title='bbox 1213 4638 1228 4664; x_wconf 93' lang='grc'><strong>,</strong></span> <span class='ocrx_word' id='word_1_759' title='bbox 1282 4603 1403 4665; x_wconf 87' lang='grc' dir='ltr'>ταῖς</span> <span class='ocrx_word' id='word_1_760' title='bbox 1455 4601 1561 4655; x_wconf 85' lang='grc' dir='ltr'><strong>τῶν</strong></span> <span class='ocrx_word' id='word_1_761' title='bbox 1616 4602 1886 4672; x_wconf 84' lang='grc' dir='ltr'>σωμάτων</span> 
     </span>
    </p>
   </div>
   <div class='ocr_carea' id='block_1_96' title="bbox 301 4685 1885 4764">
    <p class='ocr_par' dir='ltr' id='par_1_96' title="bbox 301 4685 1885 4764">
     <span class='ocr_line' id='line_1_96' title="bbox 301 4685 1885 4764; baseline 0.004 -25"><span class='ocrx_word' id='word_1_762' title='bbox 301 4685 483 4759; x_wconf 79' lang='grc' dir='ltr'>ὥραις</span> <span class='ocrx_word' id='word_1_763' title='bbox 538 4691 1000 4760; x_wconf 83' lang='grc' dir='ltr'>σεσαγηνευμένοι</span> <span class='ocrx_word' id='word_1_764' title='bbox 1052 4689 1071 4728; x_wconf 71' lang='grc' dir='ltr'><em>τ</em></span> <span class='ocrx_word' id='word_1_765' title='bbox 1122 4690 1258 4763; x_wconf 78' lang='grc' dir='ltr'>πρὸς</span> <span class='ocrx_word' id='word_1_766' title='bbox 1306 4691 1640 4759; x_wconf 76' lang='grc' dir='ltr'>ἀπόστασιν,</span> <span class='ocrx_word' id='word_1_767' title='bbox 1682 4692 1885 4764; x_wconf 81' lang='grc' dir='ltr'>πικρὰν</span> 
     </span>
    </p>
   </div>
   <div class='ocr_carea' id='block_1_97' title="bbox 304 4780 1884 4854">
    <p class='ocr_par' dir='ltr' id='par_1_97' title="bbox 304 4780 1884 4854">
     <span class='ocr_line' id='line_1_97' title="bbox 304 4780 1884 4854; baseline 0.003 -22"><span class='ocrx_word' id='word_1_768' title='bbox 304 4781 627 4850; x_wconf 75' lang='grc' dir='ltr'>ὲπαρτήσας</span> <span class='ocrx_word' id='word_1_769' title='bbox 662 4781 856 4852; x_wconf 77' lang='grc' dir='ltr'>ὁρᾶται</span> <span class='ocrx_word' id='word_1_770' title='bbox 878 4780 1036 4853; x_wconf 85' lang='grc' dir='ltr'>δίκην</span> <span class='ocrx_word' id='word_1_771' title='bbox 1055 4798 1070 4812; x_wconf 76' lang='grc' dir='ltr'><strong>ο</strong></span> <span class='ocrx_word' id='word_1_772' title='bbox 1099 4781 1413 4837; x_wconf 83' lang='grc' dir='ltr'>ἀπολώλασι</span> <span class='ocrx_word' id='word_1_773' title='bbox 1443 4784 1550 4854; x_wconf 76' lang='grc' dir='ltr'>γὰρ</span> <span class='ocrx_word' id='word_1_774' title='bbox 1586 4783 1687 4837; x_wconf 84' lang='grc' dir='ltr'>οὐκ</span> <span class='ocrx_word' id='word_1_775' title='bbox 1714 4784 1884 4854; x_wconf 84' lang='grc' dir='ltr'>ὀλίγοι</span> 
     </span>
    </p>
   </div>
   <div class='ocr_carea' id='block_1_98' title="bbox 303 4870 1884 4945">
    <p class='ocr_par' dir='ltr' id='par_1_98' title="bbox 303 4870 1884 4945">
     <span class='ocr_line' id='line_1_98' title="bbox 303 4870 1884 4945; baseline 0.003 -21"><span class='ocrx_word' id='word_1_776' title='bbox 303 4870 405 4924; x_wconf 75' lang='grc' dir='ltr'>τὸν</span> <span class='ocrx_word' id='word_1_777' title='bbox 444 4870 675 4941; x_wconf 79' lang='grc' dir='ltr'>ἀριθμὸν</span> <span class='ocrx_word' id='word_1_778' title='bbox 701 4871 906 4943; x_wconf 81' lang='grc' dir='ltr'>ταύτης</span> <span class='ocrx_word' id='word_1_779' title='bbox 935 4872 1096 4927; x_wconf 73' lang='grc' dir='ltr'>ἕνεκα</span> <span class='ocrx_word' id='word_1_780' title='bbox 1120 4875 1221 4945; x_wconf 82' lang='grc' dir='ltr'>τῆς</span> <span class='ocrx_word' id='word_1_781' title='bbox 1252 4874 1452 4939; x_wconf 78' lang='grc' dir='ltr'>αἰτίας.</span> <span class='ocrx_word' id='word_1_782' title='bbox 1484 4875 1698 4930; x_wconf 83' lang='grc' dir='ltr'>Γένοιτο</span> <span class='ocrx_word' id='word_1_783' title='bbox 1740 4876 1786 4929; x_wconf 79' lang='grc' dir='ltr'>δ’</span> <span class='ocrx_word' id='word_1_784' title='bbox 1819 4875 1884 4929; x_wconf 83' lang='grc' dir='ltr'>ἂν</span> 
     </span>
    </p>
   </div>
   <div class='ocr_carea' id='block_1_99' title="bbox 300 4961 1885 5036">
    <p class='ocr_par' dir='ltr' id='par_1_99' title="bbox 300 4961 1885 5036">
     <span class='ocr_line' id='line_1_99' title="bbox 300 4961 1885 5036; baseline 0.006 -26"><span class='ocrx_word' id='word_1_785' title='bbox 300 4962 366 5015; x_wconf 71' lang='grc' dir='ltr'><strong>οὐ</strong></span> <span class='ocrx_word' id='word_1_786' title='bbox 403 4962 583 5032; x_wconf 82' lang='grc' dir='ltr'>μικρά</span> <span class='ocrx_word' id='word_1_787' title='bbox 606 4961 747 5017; x_wconf 84' lang='grc' dir='ltr'>κατὰ</span> <span class='ocrx_word' id='word_1_788' title='bbox 762 4964 863 5035; x_wconf 80' lang='grc' dir='ltr'>τῆς</span> <span class='ocrx_word' id='word_1_789' title='bbox 893 4963 1045 5028; x_wconf 84' lang='grc' dir='ltr'>θείας</span> <span class='ocrx_word' id='word_1_790' title='bbox 1070 4982 1132 5018; x_wconf 89' lang='grc' dir='ltr'><strong>τε</strong></span> <span class='ocrx_word' id='word_1_791' title='bbox 1150 4967 1246 5020; x_wconf 69' lang='grc' dir='ltr'>καὶ</span> <span class='ocrx_word' id='word_1_792' title='bbox 1276 4965 1659 5036; x_wconf 72' lang='grc' dir='ltr'>ἀκαταψέκτου</span> <span class='ocrx_word' id='word_1_793' title='bbox 1688 4965 1885 5036; x_wconf 82' lang='grc' dir='ltr'>βουλῆς</span> 
     </span>
    </p>
   </div>
   <div class='ocr_carea' id='block_1_100' title="bbox 303 5045 1885 5128">
    <p class='ocr_par' dir='ltr' id='par_1_100' title="bbox 303 5045 1885 5128">
     <span class='ocr_line' id='line_1_100' title="bbox 303 5045 1885 5128; baseline 0.003 -23"><span class='ocrx_word' id='word_1_794' title='bbox 303 5045 682 5123; x_wconf 75' lang='grc' dir='ltr'>κατάρῤησις,</span> <span class='ocrx_word' id='word_1_795' title='bbox 713 5056 763 5108; x_wconf 84' lang='grc' dir='ltr'>εἰ</span> <span class='ocrx_word' id='word_1_796' title='bbox 787 5056 1111 5111; x_wconf 83' lang='grc' dir='ltr'>πεπτώκασι</span> <span class='ocrx_word' id='word_1_797' title='bbox 1135 5058 1234 5128; x_wconf 76' lang='grc' dir='ltr'>μὲν</span> <span class='ocrx_word' id='word_1_798' title='bbox 1255 5099 1271 5123; x_wconf 95' lang='grc'><strong>,</strong></span> <span class='ocrx_word' id='word_1_799' title='bbox 1312 5058 1404 5111; x_wconf 76' lang='lat' dir='ltr'><strong>xal.</strong></span> <span class='ocrx_word' id='word_1_800' title='bbox 1435 5057 1714 5111; x_wconf 81' lang='grc' dir='ltr'>ἀπώλοντό</span> <span class='ocrx_word' id='word_1_801' title='bbox 1740 5074 1885 5120; x_wconf 78' lang='grc' dir='ltr'>τινες</span> 
     </span>
    </p>
   </div>
   <div class='ocr_carea' id='block_1_101' title="bbox 305 5142 1882 5221">
    <p class='ocr_par' dir='ltr' id='par_1_101' title="bbox 305 5142 1882 5221">
     <span class='ocr_line' id='line_1_101' title="bbox 305 5142 1882 5221; baseline 0.005 -27"><span class='ocrx_word' id='word_1_802' title='bbox 305 5142 451 5207; x_wconf 75' lang='grc' dir='ltr'>θεοῖς</span> <span class='ocrx_word' id='word_1_803' title='bbox 490 5144 700 5215; x_wconf 71' lang='grc' dir='ltr'>ἑτέροις</span> <span class='ocrx_word' id='word_1_804' title='bbox 728 5149 1208 5219; x_wconf 79' lang='grc' dir='ltr'>προσκυνήσαντες</span> <span class='ocrx_word' id='word_1_805' title='bbox 1227 5190 1243 5215; x_wconf 94' lang='grc'><strong>,</strong></span> <span class='ocrx_word' id='word_1_806' title='bbox 1284 5151 1446 5214; x_wconf 82' lang='grc' dir='ltr'>αὐτός</span> <span class='ocrx_word' id='word_1_807' title='bbox 1483 5167 1545 5219; x_wconf 88' lang='grc' dir='ltr'><strong>γε</strong></span> <span class='ocrx_word' id='word_1_808' title='bbox 1575 5150 1680 5221; x_wconf 86' lang='grc' dir='ltr'>μὴν</span> <span class='ocrx_word' id='word_1_809' title='bbox 1709 5152 1739 5203; x_wconf 91' lang='lat'><strong>6</strong></span> <span class='ocrx_word' id='word_1_810' title='bbox 1770 5152 1882 5214; x_wconf 81' lang='grc' dir='ltr'>τοῖς</span> 
     </span>
    </p>
   </div>
   <div class='ocr_carea' id='block_1_102' title="bbox 308 5234 1883 5313">
    <p class='ocr_par' dir='ltr' id='par_1_102' title="bbox 308 5234 1883 5313">
     <span class='ocr_line' id='line_1_102' title="bbox 308 5234 1883 5313; baseline 0.005 -26"><span class='ocrx_word' id='word_1_811' title='bbox 308 5234 651 5299; x_wconf 76' lang='grc' dir='ltr'>ἀποστάταις</span> <span class='ocrx_word' id='word_1_812' title='bbox 682 5238 1014 5309; x_wconf 76' lang='grc' dir='ltr'>ὲπιμηνίσας</span> <span class='ocrx_word' id='word_1_813' title='bbox 1045 5240 1177 5304; x_wconf 79' lang='grc' dir='ltr'>Θεὸς</span> <span class='ocrx_word' id='word_1_814' title='bbox 1210 5242 1391 5313; x_wconf 86' lang='grc' dir='ltr'>γερῶν</span> <span class='ocrx_word' id='word_1_815' title='bbox 1436 5242 1756 5306; x_wconf 81' lang='grc' dir='ltr'>ἀξιοῦσθαι,</span> <span class='ocrx_word' id='word_1_816' title='bbox 1790 5243 1883 5296; x_wconf 69' lang='grc' dir='ltr'>καὶ</span> 
     </span>
    </p>
   </div>
   <div class='ocr_carea' id='block_1_103' title="bbox 311 5451 1065 5551">
    <p class='ocr_par' dir='ltr' id='par_1_103' title="bbox 311 5451 1065 5551">
     <span class='ocr_line' id='line_1_103' title="bbox 311 5451 1065 5551; baseline 0.015 -22"><span class='ocrx_word' id='word_1_817' title='bbox 311 5475 367 5543; x_wconf 83' lang='grc'><strong>’1,</strong></span> <span class='ocrx_word' id='word_1_818' title='bbox 390 5451 565 5534; x_wconf 45' lang='grc' dir='ltr'><strong>εἷ’ἶῖ</strong></span> <span class='ocrx_word' id='word_1_819' title='bbox 590 5451 909 5551; x_wconf 49' lang='grc' dir='ltr'>τιν,</span> 
     </span>
    </p>
   </div>
   <div class='ocr_carea' id='block_1_104' title="bbox 1992 4507 3567 4579">
    <p class='ocr_par' dir='ltr' id='par_1_104' title="bbox 1992 4507 3567 4579">
     <span class='ocr_line' id='line_1_104' title="bbox 1992 4507 3567 4579; baseline -0.001 -14"><span class='ocrx_word' id='word_1_820' title='bbox 1992 4519 2282 4568; x_wconf 84' lang='lat' dir='ltr'><strong>venustate</strong></span> <span class='ocrx_word' id='word_1_821' title='bbox 2317 4511 2385 4566; x_wconf 90' lang='lat' dir='ltr'><strong>ad</strong></span> <span class='ocrx_word' id='word_1_822' title='bbox 2419 4510 2783 4566; x_wconf 82' lang='lat' dir='ltr'><strong>defectionem</strong></span> <span class='ocrx_word' id='word_1_823' title='bbox 2823 4507 3024 4563; x_wconf 90' lang='lat' dir='ltr'><strong>irretiti</strong></span> <span class='ocrx_word' id='word_1_824' title='bbox 3045 4547 3060 4572; x_wconf 95' lang='lat'><strong>,</strong></span> <span class='ocrx_word' id='word_1_825' title='bbox 3098 4507 3258 4579; x_wconf 68' lang='grc'><strong>124</strong></span> <span class='ocrx_word' id='word_1_826' title='bbox 3290 4521 3400 4561; x_wconf 89' lang='lat' dir='ltr'><strong>non</strong></span> <span class='ocrx_word' id='word_1_827' title='bbox 3424 4556 3425 4559; x_wconf 45' lang='grc' dir='ltr'><strong>η</strong></span> <span class='ocrx_word' id='word_1_828' title='bbox 3446 4522 3567 4563; x_wconf 89' lang='lat' dir='ltr'><strong>me-</strong></span> 
     </span>
    </p>
   </div>
   <div class='ocr_carea' id='block_1_105' title="bbox 1993 4598 3617 4673">
    <p class='ocr_par' dir='ltr' id='par_1_105' title="bbox 1993 4598 3617 4673">
     <span class='ocr_line' id='line_1_105' title="bbox 1993 4598 3617 4673; baseline -0.002 -14"><span class='ocrx_word' id='word_1_829' title='bbox 1993 4605 2237 4659; x_wconf 90' lang='lat' dir='ltr'><strong>diocrem</strong></span> <span class='ocrx_word' id='word_1_830' title='bbox 2283 4603 2469 4658; x_wconf 90' lang='lat' dir='ltr'><strong>intulit</strong></span> <span class='ocrx_word' id='word_1_831' title='bbox 2495 4602 2876 4673; x_wconf 88' lang='lat' dir='ltr'><strong>punitionem;</strong></span> <span class='ocrx_word' id='word_1_832' title='bbox 2910 4615 3037 4655; x_wconf 88' lang='lat' dir='ltr'><strong>nam</strong></span> <span class='ocrx_word' id='word_1_833' title='bbox 3060 4614 3124 4654; x_wconf 91' lang='lat' dir='ltr'><strong>ea</strong></span> <span class='ocrx_word' id='word_1_834' title='bbox 3149 4599 3216 4654; x_wconf 90' lang='lat' dir='ltr'><strong>de</strong></span> <span class='ocrx_word' id='word_1_835' title='bbox 3252 4614 3417 4654; x_wconf 87' lang='lat' dir='ltr'><strong>causa</strong></span> <span class='ocrx_word' id='word_1_836' title='bbox 3455 4613 3568 4655; x_wconf 87' lang='lat' dir='ltr'><strong>non</strong></span> <span class='ocrx_word' id='word_1_837' title='bbox 3596 4598 3617 4609; x_wconf 76' lang='lat'><strong><em>°</em></strong></span> 
     </span>
    </p>
   </div>
   <div class='ocr_carea' id='block_1_106' title="bbox 1992 4690 3568 4765">
    <p class='ocr_par' dir='ltr' id='par_1_106' title="bbox 1992 4690 3568 4765">
     <span class='ocr_line' id='line_1_106' title="bbox 1992 4690 3568 4765; baseline -0.001 -15"><span class='ocrx_word' id='word_1_838' title='bbox 1992 4695 2152 4765; x_wconf 90' lang='lat' dir='ltr'><strong>pauci</strong></span> <span class='ocrx_word' id='word_1_839' title='bbox 2182 4710 2249 4750; x_wconf 82' lang='lat' dir='ltr'><strong>ex</strong></span> <span class='ocrx_word' id='word_1_840' title='bbox 2294 4694 2404 4750; x_wconf 90' lang='lat' dir='ltr'><strong>illis</strong></span> <span class='ocrx_word' id='word_1_841' title='bbox 2444 4694 2857 4750; x_wconf 78' lang='lat' dir='ltr'><strong>interierunt&quot;.</strong></span> <span class='ocrx_word' id='word_1_842' title='bbox 2891 4693 3048 4748; x_wconf 86' lang='lat' dir='ltr'><strong>Esset</strong></span> <span class='ocrx_word' id='word_1_843' title='bbox 3080 4706 3246 4761; x_wconf 89' lang='lat' dir='ltr'><strong>porro</strong></span> <span class='ocrx_word' id='word_1_844' title='bbox 3266 4691 3453 4747; x_wconf 88' lang='lat' dir='ltr'><strong>divina</strong></span> <span class='ocrx_word' id='word_1_845' title='bbox 3475 4690 3568 4748; x_wconf 85' lang='lat' dir='ltr'><strong>illa</strong></span> 
     </span>
    </p>
   </div>
   <div class='ocr_carea' id='block_1_107' title="bbox 1992 4783 3563 4856">
    <p class='ocr_par' dir='ltr' id='par_1_107' title="bbox 1992 4783 3563 4856">
     <span class='ocr_line' id='line_1_107' title="bbox 1992 4783 3563 4856; baseline 0 -15"><span class='ocrx_word' id='word_1_846' title='bbox 1992 4786 2377 4856; x_wconf 89' lang='lat' dir='ltr'><strong>inculpataque</strong></span> <span class='ocrx_word' id='word_1_847' title='bbox 2399 4785 2653 4841; x_wconf 82' lang='lat' dir='ltr'><strong>voluntas</strong></span> <span class='ocrx_word' id='word_1_848' title='bbox 2684 4785 2831 4840; x_wconf 90' lang='lat' dir='ltr'><strong>haud</strong></span> <span class='ocrx_word' id='word_1_849' title='bbox 2866 4783 3221 4839; x_wconf 88' lang='lat' dir='ltr'><strong>mediocriter</strong></span> <span class='ocrx_word' id='word_1_850' title='bbox 3252 4783 3563 4853; x_wconf 86' lang='lat' dir='ltr'><strong>culpabilis,</strong></span> 
     </span>
    </p>
   </div>
   <div class='ocr_carea' id='block_1_108' title="bbox 1987 4874 3567 4947">
    <p class='ocr_par' dir='ltr' id='par_1_108' title="bbox 1987 4874 3567 4947">
     <span class='ocr_line' id='line_1_108' title="bbox 1987 4874 3567 4947; baseline -0.001 -17"><span class='ocrx_word' id='word_1_851' title='bbox 1987 4877 2033 4930; x_wconf 92' lang='lat' dir='ltr'><strong>si</strong></span> <span class='ocrx_word' id='word_1_852' title='bbox 2082 4886 2435 4947; x_wconf 84' lang='lat' dir='ltr'><strong>posteaquam</strong></span> <span class='ocrx_word' id='word_1_853' title='bbox 2480 4876 2604 4931; x_wconf 91' lang='lat' dir='ltr'><strong>illos</strong></span> <span class='ocrx_word' id='word_1_854' title='bbox 2642 4892 2674 4931; x_wconf 89' lang='lat' dir='ltr'><strong>e</strong></span> <span class='ocrx_word' id='word_1_855' title='bbox 2708 4876 2891 4931; x_wconf 84' lang='lat' dir='ltr'><strong>medio</strong></span> <span class='ocrx_word' id='word_1_856' title='bbox 2929 4874 3261 4939; x_wconf 87' lang='lat' dir='ltr'><strong>sustulerat,</strong></span> <span class='ocrx_word' id='word_1_857' title='bbox 3285 4875 3381 4944; x_wconf 91' lang='lat' dir='ltr'><strong>qui</strong></span> <span class='ocrx_word' id='word_1_858' title='bbox 3431 4874 3567 4930; x_wconf 91' lang='lat' dir='ltr'><strong>deos</strong></span> 
     </span>
    </p>
   </div>
   <div class='ocr_carea' id='block_1_109' title="bbox 1988 4965 3565 5036">
    <p class='ocr_par' dir='ltr' id='par_1_109' title="bbox 1988 4965 3565 5036">
     <span class='ocr_line' id='line_1_109' title="bbox 1988 4965 3565 5036; baseline 0 -14"><span class='ocrx_word' id='word_1_859' title='bbox 1988 4968 2197 5022; x_wconf 89' lang='lat' dir='ltr'><strong>alienos</strong></span> <span class='ocrx_word' id='word_1_860' title='bbox 2216 4967 2598 5032; x_wconf 80' lang='lat' dir='ltr'><strong>aderaverant,</strong></span> <span class='ocrx_word' id='word_1_861' title='bbox 2624 4967 2772 5024; x_wconf 91' lang='lat' dir='ltr'><strong>Deus</strong></span> <span class='ocrx_word' id='word_1_862' title='bbox 2796 4967 2910 5036; x_wconf 90' lang='lat' dir='ltr'><strong>ipse</strong></span> <span class='ocrx_word' id='word_1_863' title='bbox 2933 4980 3174 5030; x_wconf 84' lang='lat' dir='ltr'><strong>rursum,</strong></span> <span class='ocrx_word' id='word_1_864' title='bbox 3202 4965 3297 5035; x_wconf 93' lang='lat' dir='ltr'><strong>qui</strong></span> <span class='ocrx_word' id='word_1_865' title='bbox 3323 4965 3439 5021; x_wconf 88' lang='lat' dir='ltr'><strong>suis</strong></span> <span class='ocrx_word' id='word_1_866' title='bbox 3464 4966 3565 5022; x_wconf 90' lang='lat' dir='ltr'><strong>de-</strong></span> 
     </span>
    </p>
   </div>
   <div class='ocr_carea' id='block_1_110' title="bbox 1985 5057 3569 5130">
    <p class='ocr_par' dir='ltr' id='par_1_110' title="bbox 1985 5057 3569 5130">
     <span class='ocr_line' id='line_1_110' title="bbox 1985 5057 3569 5130; baseline -0.003 -14"><span class='ocrx_word' id='word_1_867' title='bbox 1985 5059 2296 5116; x_wconf 89' lang='lat' dir='ltr'><strong>sertoribus</strong></span> <span class='ocrx_word' id='word_1_868' title='bbox 2311 5069 2723 5127; x_wconf 87' lang='lat' dir='ltr'><strong>succensuerat,</strong></span> <span class='ocrx_word' id='word_1_869' title='bbox 2748 5074 2972 5130; x_wconf 88' lang='lat' dir='ltr'><strong>pravam</strong></span> <span class='ocrx_word' id='word_1_870' title='bbox 2996 5057 3142 5112; x_wconf 87' lang='lat' dir='ltr'><strong>illam</strong></span> <span class='ocrx_word' id='word_1_871' title='bbox 3167 5057 3569 5115; x_wconf 79' lang='lat' dir='ltr'><strong>adversariam.-</strong></span> 
     </span>
    </p>
   </div>
   <div class='ocr_carea' id='block_1_111' title="bbox 1987 5148 3565 5223">
    <p class='ocr_par' dir='ltr' id='par_1_111' title="bbox 1987 5148 3565 5223">
     <span class='ocr_line' id='line_1_111' title="bbox 1987 5148 3565 5223; baseline -0.004 -14"><span class='ocrx_word' id='word_1_872' title='bbox 1987 5169 2093 5222; x_wconf 89' lang='lat' dir='ltr'><strong>que</strong></span> <span class='ocrx_word' id='word_1_873' title='bbox 2115 5160 2443 5223; x_wconf 83' lang='lat' dir='ltr'><strong>potestatem</strong></span> <span class='ocrx_word' id='word_1_874' title='bbox 2469 5152 2632 5208; x_wconf 90' lang='lat' dir='ltr'><strong>donis</strong></span> <span class='ocrx_word' id='word_1_875' title='bbox 2653 5150 3048 5219; x_wconf 84' lang='lat' dir='ltr'><strong>sacrificiisque</strong></span> <span class='ocrx_word' id='word_1_876' title='bbox 3072 5148 3333 5205; x_wconf 83' lang='lat' dir='ltr'><strong>honorari</strong></span> <span class='ocrx_word' id='word_1_877' title='bbox 3363 5148 3565 5220; x_wconf 84' lang='lat' dir='ltr'><strong>jussis-</strong></span> 
     </span>
    </p>
   </div>
   <div class='ocr_carea' id='block_1_112' title="bbox 1983 5242 3570 5314">
    <p class='ocr_par' dir='ltr' id='par_1_112' title="bbox 1983 5242 3570 5314">
     <span class='ocr_line' id='line_1_112' title="bbox 1983 5242 3570 5314; baseline -0.004 -13"><span class='ocrx_word' id='word_1_878' title='bbox 1983 5253 2110 5301; x_wconf 86' lang='lat' dir='ltr'><strong>set:</strong></span> <span class='ocrx_word' id='word_1_879' title='bbox 2142 5260 2305 5314; x_wconf 85' lang='lat' dir='ltr'><strong>quam</strong></span> <span class='ocrx_word' id='word_1_880' title='bbox 2356 5244 2578 5314; x_wconf 84' lang='lat' dir='ltr'><strong>quidem</strong></span> <span class='ocrx_word' id='word_1_881' title='bbox 2624 5242 2993 5297; x_wconf 87' lang='lat' dir='ltr'><strong>adversariam</strong></span> <span class='ocrx_word' id='word_1_882' title='bbox 3046 5249 3370 5312; x_wconf 88' lang='lat' dir='ltr'><strong>potestatem</strong></span> <span class='ocrx_word' id='word_1_883' title='bbox 3423 5254 3570 5295; x_wconf 77' lang='lat' dir='ltr'><strong>non~</strong></span> 
     </span>
    </p>
   </div>
   <div class='ocr_carea' id='block_1_113' title="bbox 784 5383 1891 5487">
    <p class='ocr_par' dir='ltr' id='par_1_113' title="bbox 784 5417 1839 5487">
     <span class='ocr_line' id='line_1_113' title="bbox 784 5417 1839 5487; baseline 0.008 -20"><span class='ocrx_word' id='word_1_884' title='bbox 784 5455 797 5467; x_wconf 93' lang='lat'><strong>.</strong></span> <span class='ocrx_word' id='word_1_885' title='bbox 904 5417 950 5449; x_wconf 90' lang='grc'><strong>⁷⁷</strong></span> <span class='ocrx_word' id='word_1_886' title='bbox 982 5417 1141 5487; x_wconf 86' lang='lat' dir='ltr'><strong>Deut.</strong></span> <span class='ocrx_word' id='word_1_887' title='bbox 1169 5435 1242 5485; x_wconf 76' lang='lat' dir='ltr'><strong>v1,</strong></span> <span class='ocrx_word' id='word_1_888' title='bbox 1284 5418 1378 5486; x_wconf 77' lang='lat' dir='ltr'><strong>l3;</strong></span> <span class='ocrx_word' id='word_1_889' title='bbox 1421 5419 1607 5475; x_wconf 79' lang='lat' dir='ltr'><strong>Matth.</strong></span> <span class='ocrx_word' id='word_1_890' title='bbox 1646 5436 1716 5481; x_wconf 75' lang='grc' dir='ltr'><strong>ιν,</strong></span> <span class='ocrx_word' id='word_1_891' title='bbox 1755 5419 1839 5475; x_wconf 83' lang='lat' dir='ltr'><strong>l0.</strong></span> 
     </span>
    </p>
   </div>
   <div class='ocr_carea' id='block_1_114' title="bbox 1990 5383 3567 5487">
    <p class='ocr_par' dir='ltr' id='par_1_114' title="bbox 1990 5383 3567 5487">
     <span class='ocr_line' id='line_1_114' title="bbox 1990 5383 3567 5487; baseline -0.001 -13"><span class='ocrx_word' id='word_1_892' title='bbox 1990 5383 2155 5474; x_wconf 78' lang='lat' dir='ltr'><strong>Exod.</strong></span> <span class='ocrx_word' id='word_1_893' title='bbox 2200 5436 2291 5487; x_wconf 75' lang='lat' dir='ltr'><strong>xx,</strong></span> <span class='ocrx_word' id='word_1_894' title='bbox 2318 5421 2370 5474; x_wconf 79' lang='lat'><strong>&#39;5.</strong></span> <span class='ocrx_word' id='word_1_895' title='bbox 2467 5419 2515 5451; x_wconf 78' lang='grc' dir='ltr'><strong>τ’</strong></span> <span class='ocrx_word' id='word_1_896' title='bbox 2554 5420 2710 5481; x_wconf 88' lang='lat' dir='ltr'><strong>Deut.</strong></span> <span class='ocrx_word' id='word_1_897' title='bbox 2750 5434 2854 5486; x_wconf 69' lang='lat' dir='ltr'><strong>xu,</strong></span> <span class='ocrx_word' id='word_1_898' title='bbox 2882 5419 2991 5473; x_wconf 78' lang='lat' dir='ltr'><strong>l-5.</strong></span> <span class='ocrx_word' id='word_1_899' title='bbox 3080 5417 3128 5450; x_wconf 78' lang='lat'><strong>‘°</strong></span> <span class='ocrx_word' id='word_1_900' title='bbox 3176 5418 3348 5473; x_wconf 77' lang='lat' dir='ltr'><strong>Exod.</strong></span> <span class='ocrx_word' id='word_1_901' title='bbox 3395 5434 3567 5486; x_wconf 62' lang='grc' dir='ltr'>χχχιι,</span> 
     </span>
    </p>
   </div>
   <div class='ocr_carea' id='block_1_115' title="bbox 1402 5580 2493 5654">
    <p class='ocr_par' dir='ltr' id='par_1_115' title="bbox 1402 5580 2493 5654">
     <span class='ocr_line' id='line_1_115' title="bbox 1402 5580 2493 5654; baseline 0.001 -19"><span class='ocrx_word' id='word_1_902' title='bbox 1402 5580 1577 5637; x_wconf 68' lang='lat' dir='ltr'><strong>Variae</strong></span> <span class='ocrx_word' id='word_1_903' title='bbox 1601 5582 1867 5639; x_wconf 86' lang='lat' dir='ltr'><strong>lectiones</strong></span> <span class='ocrx_word' id='word_1_904' title='bbox 1887 5582 2097 5638; x_wconf 84' lang='lat' dir='ltr'><strong>codicis</strong></span> <span class='ocrx_word' id='word_1_905' title='bbox 2128 5582 2493 5654; x_wconf 88' lang='lat' dir='ltr'><strong>Seguieriani.</strong></span> 
     </span>
    </p>
   </div>
   <div class='ocr_carea' id='block_1_116' title="bbox 386 5703 1891 5798">
    <p class='ocr_par' dir='ltr' id='par_1_116' title="bbox 386 5703 1890 5788">
     <span class='ocr_line' id='line_1_116' title="bbox 386 5703 1890 5788; baseline 0.009 -28"><span class='ocrx_word' id='word_1_906' title='bbox 386 5703 414 5747; x_wconf 61' lang='grc' dir='ltr'><strong>ὅ</strong></span> <span class='ocrx_word' id='word_1_907' title='bbox 440 5704 657 5764; x_wconf 74' lang='grc' dir='ltr'>ιαντοῦ.</span> <span class='ocrx_word' id='word_1_908' title='bbox 733 5722 757 5751; x_wconf 74' lang='grc' dir='ltr'><strong>ε</strong></span> <span class='ocrx_word' id='word_1_909' title='bbox 787 5711 1230 5783; x_wconf 58' lang='lat' dir='ltr'><strong>simulauerat;</strong></span> <span class='ocrx_word' id='word_1_910' title='bbox 1269 5722 1421 5772; x_wconf 83' lang='lat' dir='ltr'><strong>verte</strong></span> <span class='ocrx_word' id='word_1_911' title='bbox 1459 5734 1473 5770; x_wconf 91' lang='lat'><strong>:</strong></span> <span class='ocrx_word' id='word_1_912' title='bbox 1507 5718 1747 5788; x_wconf 73' lang='lat' dir='ltr'><strong>supernis</strong></span> <span class='ocrx_word' id='word_1_913' title='bbox 1786 5717 1890 5773; x_wconf 78' lang='lat' dir='ltr'><strong>divi</strong></span> 
     </span>
    </p>
   </div>
   <div class='ocr_carea' id='block_1_117' title="bbox 1990 5703 3555 5798">
    <p class='ocr_par' dir='ltr' id='par_1_117' title="bbox 1990 5714 3555 5798">
     <span class='ocr_line' id='line_1_117' title="bbox 1990 5714 3555 5798; baseline 0.002 -25"><span class='ocrx_word' id='word_1_914' title='bbox 1990 5732 2076 5789; x_wconf 65' lang='lat' dir='ltr'><strong>rue</strong></span> <span class='ocrx_word' id='word_1_915' title='bbox 2116 5716 2335 5775; x_wconf 73' lang='lat' dir='ltr'><strong>decretis</strong></span> <span class='ocrx_word' id='word_1_916' title='bbox 2369 5717 2572 5790; x_wconf 75' lang='lat' dir='ltr'><strong>favens.</strong></span> <span class='ocrx_word' id='word_1_917' title='bbox 2606 5714 2730 5798; x_wconf 22' lang='lat' dir='ltr'><strong>qd&quot;</strong></span> <span class='ocrx_word' id='word_1_918' title='bbox 2770 5716 2857 5772; x_wconf 78' lang='grc' dir='ltr'>ὅτε</span> <span class='ocrx_word' id='word_1_919' title='bbox 2888 5716 3006 5772; x_wconf 76' lang='grc' dir='ltr'>ἅτε.</span> <span class='ocrx_word' id='word_1_920' title='bbox 3092 5715 3112 5756; x_wconf 73' lang='grc' dir='ltr'><em>ι</em></span> <span class='ocrx_word' id='word_1_921' title='bbox 3146 5715 3555 5791; x_wconf 75' lang='grc' dir='ltr'>σεααλευμένοι.</span> 
     </span>
    </p>
   </div>
  </div>
