4044 6212
437 311 541 367 ἓθῖ

1469 303 1525 359 S.
1567 301 1841 358 CYRILLI
1881 300 2349 359 ALEXANDRINI
2393 303 2715 362 ARCHIEP.

3612 304 3715 359 208

442 427 579 483 nulli
603 427 839 483 fortasse
862 426 1175 481 divinarum
1212 423 1628 492 Scripturarum
1663 421 1776 476 vim
1804 422 2028 477 interno

2137 424 2330 478 θυσιῶν
2355 425 2695 496 προστέταχε
2723 426 2988 497 πονηρὰν,
3019 424 3112 479 καὶ
3143 423 3536 496 ἀντικειμένην
3567 425 3721 478 δύνα-

442 521 771 591 occultoque
793 516 993 571 mentis
1017 514 1178 569 oculo
1204 513 1430 567 minime
1457 520 1832 582 penetrantes,
1861 513 2029 567 emis-

444 614 651 669 sarium
675 612 750 683 (l)
779 610 1116 663 nominatam
1142 620 1262 661 esse
1287 604 1493 659 dicent.
1535 605 1648 659 Nos
1670 620 1803 659 vero
1828 604 2034 659 divinis

443 703 682 759 oraculis
721 703 966 755 animum
1016 712 1195 767 neque
1246 696 1655 767 negligentem,
1708 712 1889 766 neque
1940 711 2031 751 se-

449 810 605 868 gnem
652 793 1003 855 adhibentes,
1059 789 1153 844 sed
1188 788 1543 859 diligentem,
1587 796 1645 843 et
1687 786 1869 857 quoad
1912 786 2036 857 ejus

448 886 566 942 fieri
606 886 791 957 potuit
825 884 1167 955 vigilantem,
1202 881 1582 937 admirandam
1630 880 1882 935 veritatis
1906 880 2033 949 pul-

447 978 821 1036 chritudinem
844 974 1065 1046 assequi
1088 974 1388 1030 enitemur.

521 1161 767 1217 Dicimus
792 1160 961 1232 igitur
995 1158 1384 1213 universorum
1406 1157 1602 1221 Deum,
1629 1170 1754 1209 cum
1780 1153 1850 1209 ad
1872 1169 2033 1209 ever-

450 1254 675 1311 tendum
694 1250 981 1323 gentilium
1004 1264 1243 1313 errores,
1267 1248 1362 1318 qui
1380 1246 1583 1301 multos
1598 1245 1733 1300 deos
1757 1244 2031 1309 colebant,

447 1358 755 1413 eorumque
782 1340 1243 1396 illuminationem
1266 1340 1361 1410 qui
1390 1339 1443 1393 in
1471 1336 1716 1393 tenebris
1743 1335 2032 1399 sedebant,

448 1438 646 1508 priscis
683 1436 791 1490 illis
825 1435 1002 1505 legem
1029 1448 1185 1488 suam
1216 1448 1315 1502 per
1349 1432 1567 1502 Moysen
1606 1429 1856 1493 tulisset,
1890 1444 2035 1481 nun-

446 1544 609 1600 quam
654 1538 946 1599 passurum
995 1526 1163 1582 fuisse
1191 1534 1251 1581 ut
1284 1526 1537 1596 ipsemet,
1580 1524 1669 1579 via
1708 1530 1766 1577 et
1807 1521 2032 1585 ostium,

448 1626 559 1678 imo
585 1635 716 1677 vero
748 1621 914 1676 etiam
954 1619 1146 1674 doctor
1186 1634 1250 1673 ac
1283 1617 1547 1688 magister
1573 1614 1643 1669 ad
1686 1614 1791 1668 hoc
1823 1622 1885 1667 ut
1929 1613 2034 1667 im-

448 1717 571 1787 puri
607 1714 882 1769 daemones
909 1712 1341 1775 honorarentur,
1362 1709 1673 1765 exsisteret.
1700 1703 1941 1761 Proinde
1985 1702 2032 1759 si

447 1786 760 1867 accuratius
785 1823 851 1863 ea
884 1820 1007 1877 quae
1050 1805 1109 1859 in
1134 1803 1340 1858 divinis
1384 1801 1612 1856 Litteris
1657 1798 1843 1854 abdita
1877 1804 2029 1860 sunt,
2067 1786 2108 1842 Β

447 1901 894 1973 οτηυίεἱθτὶωιιε,
922 1900 1185 1953 latentem
1211 1894 1503 1951 veritatem
1526 1890 1885 1961 reperiemus.
1917 1886 2032 1943 Ca:-

451 2004 650 2057 terum,
695 1990 959 2061 inspectis
995 1986 1267 2059 legalibus
1300 1984 1534 2048 umbris,
1575 1981 1631 2036 id
1661 1981 1909 2037 dicamus
1933 1994 2031 2048 par

447 2094 550 2150 est,
582 2082 728 2154 quod
761 2097 859 2151 per
879 2079 1175 2151 quemdam
1213 2075 1610 2147 prophetarum
1649 2079 1797 2125 recte
1819 2069 2031 2124 dictum

447 2185 571 2233 est:
606 2195 623 2228 ι
655 2175 792 2243 Quis
815 2172 1054 2243 sapiens,
1079 2177 1136 2225 et
1177 2168 1446 2237 intelliget
1473 2165 1626 2220 hate?
1666 2163 1791 2234 quis
1826 2160 2031 2216 intelli-

448 2283 605 2341 gens,
651 2268 707 2322 et
751 2270 1046 2336 cognoscet
1099 2261 1203 2315 ista
1226 2256 1317 2312 "‘l
1352 2277 1370 2309 ι
1420 2286 1488 2296 -
1516 2275 1534 2307 ι
1578 2254 1839 2311 Umbram
1883 2252 2031 2307 enim

448 2360 615 2415 habet
637 2359 723 2414 lex
753 2357 1069 2411 futurorum
1093 2352 1388 2415 bonorum,
1408 2356 1599 2404 etnon
1633 2346 1810 2417 ipsam
1837 2343 2031 2413 imagi-

448 2466 573 2507 nem
595 2464 800 2513 rerum,
816 2467 833 2500 ι
852 2456 913 2501 ut
937 2446 1205 2516 scriptum
1227 2452 1312 2499 est
1330 2443 1376 2475 ⁸³
1404 2459 1417 2496 :
1446 2448 1689 2496 attamen
1713 2437 1922 2492 umbrae
1943 2450 2037 2489 ve-

449 2544 669 2599 ritatem
707 2540 952 2612 pariunt,
986 2538 1092 2593 etsi
1132 2538 1264 2607 ipsa:
1287 2533 1514 2589 omnino
1533 2531 1738 2588 veritas
1769 2529 1885 2600 ipsa
1922 2543 2035 2582 non

448 2634 581 2688 sint.
635 2630 818 2698 Quare
868 2629 1092 2684 divinus
1136 2628 1229 2682 ille
1283 2625 1495 2697 Moyses
1523 2623 1835 2681 velamento
1869 2635 2037 2690 super

448 2724 643 2779 faciem
676 2738 830 2777 suam
869 2720 1049 2791 posito
1078 2718 1221 2773 filios
1262 2717 1428 2772 Israel
1462 2715 1870 2786 alloquebatur,
1910 2722 2035 2767 tan—

450 2826 565 2870 tum
587 2831 698 2869 non
732 2814 853 2884 ipso
875 2812 979 2866 hoc
1003 2810 1149 2865 facto
1168 2810 1434 2873 clamans,
1485 2807 1839 2863 decretorum
1872 2806 2029 2875 lega-

449 2910 583 2963 lium
604 2914 952 2963 venustatem
979 2919 1089 2959 non
1120 2903 1176 2956 in
1201 2902 1581 2957 exterioribus
1612 2900 1824 2971 figuris,
1856 2898 1953 2953 sed
1982 2898 2039 2953 in

449 2999 811 3055 interioribus
833 2996 1174 3065 occultisque
1208 2993 1682 3064 speculationibus
1718 2991 1871 3047 cerui
1908 3006 2039 3062 pos-

449 3108 508 3147 se
530 3092 596 3146 “.
632 3087 1082 3161 Agedumigitur,
1119 3086 1391 3140 velamine
1421 3085 1558 3155 legis
1581 3084 1783 3149 ablato,
1815 3082 2038 3152 deposi-

453 3195 617 3254 toque
676 3181 1023 3251 operimento
1092 3177 1240 3247 quod
1298 3176 1467 3247 Moysi
1534 3175 1731 3229 faciem
1791 3174 2035 3229 exterius

451 3273 763 3337 adumbrat,
790 3272 965 3340 ipsam
997 3268 1204 3322 nudam
1238 3266 1530 3321 veritatem
1570 3264 2029 3333 contemplemur.

455 3364 613 3437 125
632 3363 779 3417 Duos
803 3361 987 3415 hircos
1008 3359 1215 3423 ollerri,
1241 3367 1297 3413 et
1315 3358 1452 3411 duas
1473 3366 1650 3411 sortes
1680 3356 1789 3409 illis
1807 3355 2035 3409 inscribi

454 3456 712 3527 praecepit
738 3473 750 3508 :
776 3453 947 3508 voluit
984 3460 1170 3507 autem
1193 3459 1250 3504 ut
1270 3451 1409 3505 alter
1430 3466 1496 3504 ex
1522 3449 1629 3503 illis
1651 3447 2036 3502 nominaretur

451 3548 729 3611 dominus,
794 3546 933 3600 alter
980 3560 1115 3599 vero
1168 3542 1508 3598 emissarius.
1568 3540 1802 3596 Nomina
1850 3540 2035 3610 itaque

452 3639 633 3710 capris
654 3637 930 3708 imposita,
958 3634 1236 3699 dominus,
1263 3642 1319 3687 et
1346 3632 1666 3687 emissarius
1682 3631 1749 3683 ⁸³.
1770 3630 2030 3701 Designa-

456 3742 545 3786 tur
577 3740 761 3785 autem
786 3745 885 3799 per
909 3736 1176 3797 utrosque
1205 3742 1350 3781 unus
1373 3735 1429 3779 et
1458 3725 1609 3779 solus
1638 3724 1810 3779 Filius
1833 3731 1889 3777 et
1923 3724 2033 3777 Do-

454 3823 637 3876 minus
673 3820 833 3876 Jesus
853 3818 1130 3874 Christus.
1160 3816 1279 3884 Quo
1321 3824 1507 3871 autem
1551 3814 1716 3870 modo
1758 3814 1812 3868 id
1840 3815 1914 3868 ita
1941 3814 2031 3879 sit,

452 3912 846 3983 speculationis
867 3910 1179 3974 subtilitati,
1206 3917 1473 3979 quantum
1502 3908 1621 3963 fieri
1656 3908 1877 3978 poterit,
1913 3908 2033 3961 ani-

454 4018 604 4057 mum
656 4001 1002 4073 adjicientes,
1032 3998 1423 4054 indicabimus.
1468 3997 1647 4068 Caper
1696 3998 1902 4067 itaque,
1947 3997 2034 4051 vel

454 4098 664 4161 hircus,
697 4096 786 4150 vel
813 4094 1029 4158 haedus,
1054 4101 1175 4148 erat
1205 4108 1307 4162 pro
1339 4100 1566 4162 peccato
1599 4090 1954 4155 sacrificium,
1986 4090 2033 4144 si

451 4188 589 4260 legis
633 4193 901 4242 statutum
944 4193 1195 4254 spectes;
1243 4182 1520 4253 siquidem
1550 4197 1703 4238 sacra
1748 4181 2035 4251 Scriptura

449 4281 659 4351 justum
687 4277 799 4340 ovi,
837 4290 1004 4345 capro
1039 4288 1174 4328 vero
1202 4282 1547 4343 peccatorem
1583 4273 1786 4344 passim
1810 4287 2032 4341 compa-

454 4377 559 4424 rat.
577 4367 689 4424 Cur
710 4364 821 4421 ita?
844 4365 982 4432 Quia
1007 4380 1130 4419 cum
1151 4364 1333 4433 justus
1351 4362 1622 4416 virtutum
1650 4362 1819 4432 gloria
1854 4362 2033 4415 abun-

452 4468 565 4527 det,
600 4460 800 4517 merito
824 4457 1052 4529 frugifer
1074 4463 1333 4511 censetur
1360 4472 1373 4507 :
1397 4468 1529 4507 oves
1550 4462 1733 4508 autem
1778 4453 2035 4523 lanigera:

453 4562 580 4608 sunt
615 4570 627 4605 :
665 4558 813 4605 recte
838 4547 1068 4619 proinde
1091 4547 1199 4601 illis
1225 4553 1612 4615 comparantur
1634 4544 1788 4615 justi.
1818 4544 2035 4599 Atvero

452 4644 705 4700 scelerati
757 4641 996 4696 animam
1026 4638 1250 4702 nudam,
1297 4637 1540 4691 sterilem
1583 4636 2036 4706 omniquebono-

455 4752 577 4791 rum
616 4749 847 4806 operum
878 4739 1202 4788 ornamento
1232 4729 1554 4784 destitutam
1595 4728 1801 4783 videas.
1834 4728 2034 4799 Figura

454 4829 638 4896 itaque
667 4828 786 4897 ejus
814 4834 899 4880 est
937 4839 1102 4894 caper
1139 4831 1262 4876 :est
1286 4820 1433 4875 enim
1482 4820 1685 4875 animal
1725 4821 2033 4876 infructuo-

453 4934 574 4973 sum
600 4933 663 4972 ac
699 4919 907 4980 sterile,
944 4916 1172 4984 ovisque
1199 4913 1377 4984 pretio
1406 4912 1657 4968 inferius.
1694 4913 1763 4967 Et
1790 4912 1931 4967 hanc
1958 4913 2031 4967 ob

454 5024 674 5064 causam
695 5009 961 5063 Dominus
978 5022 1197 5077 quoque
1222 5013 1411 5059 noster
1433 5005 1592 5060 Jesus
1608 4996 1860 5059 Christus
1885 5004 2034 5059 diee-

456 5100 581 5155 bat:
626 5117 644 5151 ι
680 5097 909 5166 Quando
930 5098 1144 5153 sedebit
1175 5096 1344 5151 Filius
1370 5096 1611 5150 hominis
1647 5111 1813 5166 super
1844 5096 2031 5151 sedem

2139 533 2254 586 μιν,
2282 516 2349 586 ἠν
2372 518 2763 587 ’ἀποπομπαῖον
2804 516 3145 586 ὠνομάσθαι,
3180 517 3339 585 φαῖεν
3380 514 3446 567 ἂν
3479 514 3609 577 ἴσως
3638 533 3721 568 τι-

2135 609 2243 673 νὲς,
2274 610 2372 679 τὴν
2394 610 2502 662 τῶν
2524 608 2689 680 ἱερῶν
2722 610 3071 680 Γραμμάτων
3100 608 3332 678 δύναμιν
3358 610 3470 671 τοῖς
3498 610 3580 672 εἰς
3599 608 3726 661 νοῦν

2136 699 2243 752 ἔσω
2273 701 2684 771 κεκρυμμένοις
2715 702 2814 772 οὐχ
2858 701 3093 771 ὁρῶντες
3130 702 3394 771 ὄμμασιν.
3447 700 3638 770 Ἡμεῖς
3668 701 3725 753 δὲ

2134 794 2247 855 τοῖς
2285 792 2452 855 θείοις
2500 791 2870 862 θεσπίσμασιν
2915 792 3245 861 ὲπαφιέντες
3287 791 3379 844 τὸν
3423 791 3570 855 νοῦν,
3623 792 3725 845 οὐκ

2136 884 2237 953 ἀτη
2247 883 2388 954 μελῆ
2414 885 2508 938 καί
2527 884 2664 956 ρᾴθυ
2673 900 2793 954 μον,
2809 884 3011 955 ἀκριϐῆ
3029 883 3085 936 δὲ
3110 883 3331 954 μᾶλλον,
3348 883 3443 936 καὶ
3457 883 3580 936 καθ’
3601 885 3728 937 ὅσον

2137 966 2248 1025 οἷόν
2281 990 2341 1025 τε
2382 974 2804 1045 φιλογρήγορον,
2840 973 2941 1043 τῆς
2979 972 3242 1043 ἀληθείας
3280 973 3344 1026 τὸ
3395 971 3727 1042 ἀξιάγαστον

2138 1063 2332 1129 κάλλος
2366 1065 2679 1137 φιλοθηρεῖν
2708 1061 2767 1119 εὖ
2799 1064 2943 1136 μάλα
2974 1063 3371 1135 σπουδάσομεν.

2208 1155 2319 1209 Καὶ
2356 1157 2420 1227 δὴ
2450 1158 2541 1211 καί
2573 1175 2777 1228 φαμεν,
2825 1158 2901 1221 ὡς
2929 1159 2958 1211 6
2982 1156 3091 1209 τῶν
3121 1155 3260 1208 ὅλων
3293 1155 3428 1219 Θεὸς
3466 1156 3555 1208 ἐπ’
3583 1156 3723 1210 ἀνα-

2136 1250 2312 1319 τροπῇ
2341 1248 2442 1318 τῆς
2472 1249 2735 1303 πολυθέου
2773 1249 3015 1321 πλάνης,
3048 1248 3143 1301 καί
3178 1248 3271 1300 ἐπὶ
3299 1248 3572 1317 φωτισμῷ
3608 1249 3725 1302 τῶν

2138 1343 2197 1393 ὲν
2228 1341 2436 1411 σκότῳ,
2483 1341 3040 1415 καταχρησμῳδήσας
3068 1341 3160 1395 τὸν
3192 1340 3357 1411 νόμον
3398 1342 3515 1404 τοῖς
3552 1342 3724 1397 πάλαι

2137 1432 2226 1486 διὰ
2265 1433 2534 1499 Μωσέως,
2578 1435 2842 1507 ἠνέσχετο
2868 1434 2933 1489 ἂν
2965 1434 3247 1507 οὐδαμῶς,
3278 1435 3398 1499 όδδς
3430 1436 3723 1505 γενέσθαι,

2139 1525 2232 1577 καὶ
2252 1523 2413 1595 θύρα,
2440 1525 2640 1595 μᾶλλον
2662 1525 2717 1577 δὲ
2742 1527 2835 1579 καί
2855 1526 3177 1591 διδάσκαλος
3203 1526 3297 1579 τοῦ
3326 1528 3528 1600 χρῆναι
3553 1532 3725 1600 τιμᾷν

2136 1617 2263 1680 τοὺς
2297 1616 2643 1689 ἀκαθάρτους
2684 1618 2964 1687 δαίμονας.
3018 1620 3614 1691 Πολυπραγμονοῦντες
3665 1624 3724 1675 δὲ

2137 1707 2210 1761 τὰ
2258 1709 2316 1763 ὲν
2362 1712 2482 1773 ταῖς
2518 1708 2900 1775 θεοπνεύστοις
2942 1712 3218 1783 Γραφαῖς,
3270 1714 3663 1783 κεκρυμμένην
3697 1716 3725 1755 ⁸

2134 1799 2445 1872 εὑρήσομεν
2483 1800 2581 1872 τὴν
2613 1801 2896 1874 ἀλήθειαν.
2934 1804 3143 1875 Πρέποι
3168 1804 3213 1857 δ’
3241 1803 3308 1859 ἂν
3338 1809 3459 1869 ταῖς
3498 1804 3593 1859 τοῦ
3637 1808 3725 1861 νό-

2139 1911 2241 1965 μου
2274 1896 2459 1958 σκιαῖς
2506 1893 2815 1965 ὲνορῶντας
2860 1897 3036 1950 εἰπεῖν
3066 1895 3128 1949 τὺ
3160 1895 3229 1949 δι’
3256 1896 3377 1961 ἑνὸς
3402 1897 3512 1953 τῶν
3551 1897 3727 1967 ἁγίων

2136 1986 2434 2057 προφητῶν
2455 1986 2633 2059 ὀρθῶς
2656 1989 2952 2062 εἰρημένον
2969 2005 2983 2019 ·
3010 2007 3029 2040 ι
3063 1988 3159 2053 Τίς
3182 1988 3364 2058 σοφὸς,
3388 1989 3482 2063 καί
3503 1992 3727 2062 συνήσει

2132 2078 2341 2147 ταῦτα;
2375 2080 2409 2151 ἢ
2436 2082 2681 2147 συνετὸς,
2701 2082 2797 2136 καὶ
2826 2080 3191 2151 ἐπιγνώσεται
3218 2082 3419 2147 αὐτάς»
3439 2112 3509 2122 -
3529 2083 3729 2135 «Σκιὰν

2135 2170 2244 2244 γὰρ
2275 2174 2304 2225 ό
2330 2172 2498 2244 νόμος
2536 2174 2650 2245 ἔχει
2691 2174 2803 2228 τῶν
2856 2173 3164 2245 μελλόντων
3205 2174 3447 2244 ἀγαθῶν,
3484 2175 3580 2228 καὶ
3623 2175 3729 2227 οὐκ

2135 2264 2306 2333 αὐτὴν
2338 2265 2438 2334 τὴν
2464 2266 2647 2321 εἰκόνα
2672 2265 2783 2319 τῶν
2813 2265 3181 2337 πραγμάτων,
3218 2283 3237 2315 ι
3269 2265 3345 2328 ὼς
3377 2265 3725 2336 γέγραπται·

2138 2352 2277 2427 πλὴν
2301 2355 2585 2411 ὠδίνουσιν
2615 2359 2671 2413 αἰ
2701 2358 2850 2411 σκιαί
2872 2357 2970 2427 τὴν
2992 2356 3272 2427 ἀλήθειαν,
3304 2359 3353 2409 εἰ
3378 2357 3472 2411 καὶ
3502 2358 3636 2411 αὐτὸ
3665 2360 3730 2411 οῦ

2139 2447 2359 2511 πάντως
2394 2448 2421 2487 h
2460 2449 2568 2501 εἰσί
2590 2448 2652 2502 τὸ
2678 2448 2900 2519 ἀληθές.
2933 2446 3031 2500 Διά
3060 2446 3217 2500 τοῦτο
3245 2448 3342 2501 καὶ
3373 2449 3403 2500 6
3434 2448 3732 2513 θεσπέσιος

2139 2540 2380 2610 Μωῦσῆς
2420 2541 2682 2611 κάλυμμα
2716 2541 2867 2612 ἐτίθη
2914 2540 3011 2594 ἐπὶ
3043 2540 3105 2594 τὸ
3134 2540 3429 2611 πρόσωπον
3472 2541 3638 2595 αὐτοῦ
3681 2546 3732 2606 ί,

2139 2624 2477 2697 προελάλειὶ
2521 2645 2580 2681 τε
2616 2628 2760 2681 οῦτω
2806 2630 2921 2691 τοῖς
2967 2629 3104 2692 υἱοῖς
3163 2628 3403 2699 Ἰσραὴλ,
3444 2632 3732 2701 μονονουχὶ⁸

2140 2716 2209 2771 δι’
2260 2716 2425 2770 αὐτοῦ
2472 2718 2764 2790 κεκραγὼς
2804 2719 2898 2772 τοῦ
2954 2719 3314 2789 πράγματος·
3369 2719 3451 2771 ὅτι
3496 2719 3605 2773 τῶν
3657 2722 3731 2773 δι’

2144 2809 2315 2864 αὐτοῦ
2359 2809 2753 2882 θεσπισμάτων
2782 2810 2844 2864 τὸ
2869 2810 3065 2874 κάλλος
3094 2811 3300 2864 κατίδοι
3321 2828 3402 2873 τις
3428 2810 3514 2876 ἂν,
3544 2812 3643 2865 οὐκ
3670 2812 3732 2865 ἕν

2142 2919 2206 2971 γε
2237 2904 2348 2965 τοῖς
2367 2900 2471 2967 ἔξω
2494 2905 2709 2972 φανεῖσι
2738 2902 2951 2969 τύποις,
2976 2902 3090 2956 ἀλλ’
3121 2904 3180 2956 ὲν
3212 2905 3323 2965 τοῖς
3350 2901 3457 2955 ἔσω
3486 2920 3731 2973 κεκρυμ-

2146 2992 2327 3062 μένοις
2349 2992 2529 3064 θεωρή
2540 3010 2692 3063 μασι.
2720 2993 2856 3065 Φέρε
2880 2993 2942 3065 δὴ
2960 2990 3053 3047 οὖν
3076 2984 3421 3064 περιελόντες
3445 2993 3535 3047 τοῦ
3562 2993 3732 3064 νόμου

2144 3087 2204 3138 τὸ
2252 3087 2645 3158 κατασκίασμα
2670 3126 2683 3151 ,
2726 3088 2820 3140 καὶ
2852 3086 2979 3140 τῶν
3010 3085 3211 3151 ἔξωθεν
3242 3087 3633 3157 ἐπιϐλημάτων
3667 3088 3731 3141 τὸ

2141 3177 2422 3240 Μωϋσέως
2468 3178 2761 3249 πρόσωπον
2791 3178 3249 3244 ἀπαλλάττοντες,
3280 3177 3498 3249 γυμνὴν
3528 3177 3733 3249 ἴδωμεν

2140 3269 2237 3338 τὴν
2262 3268 2541 3339 ἀλήθειαν.
2570 3269 2674 3323 Δύο
2699 3270 2799 3340 μὲν
2824 3270 2933 3341 γάρ
2958 3271 3227 3342 χιμάρους
3252 3269 3728 3342 προσκομισθῆναι

2141 3360 2501 3431 προστέταχε,
2539 3362 2631 3414 καί
2662 3361 2754 3415 δύο
2774 3362 3085 3434 γράφεσθαι
3117 3362 3354 3432 κλήρους
3393 3362 3481 3414 ἐπ’
3505 3362 3690 3424 αὐτοῖς
3710 3378 3726 3393 ·

2140 3452 2214 3514 ὡς
2250 3451 2339 3505 τὸν
2392 3451 2492 3521 μὲν
2533 3450 2631 3505 ἕνα
2670 3452 2780 3509 τῶν
2816 3453 3067 3523 χιμάρων
3099 3453 3470 3523 ὀνομασθῆναι
3511 3451 3725 3524 κύριον,

2138 3542 2229 3595 τόν
2267 3559 2329 3609 γε
2373 3542 2480 3613 μὴν
2509 3542 2698 3614 ἕτερον
2742 3545 2765 3583 ι
2799 3547 3209 3616 ἀποπομπαῖον.
3241 3544 3455 3599 Οὐκοῦν
3483 3545 3728 3616 ὀνόματα

2139 3636 2250 3698 τοῖς
2276 3634 2555 3706 χιμάροις,
2585 3636 2774 3707 κύριός
2803 3653 2862 3689 τε
2890 3638 2987 3690 καὶ
3010 3638 3419 3706 ἀποπομπαῖος.
3452 3638 3730 3708 Σημαίνε-

2139 3744 2231 3779 ται
2276 3726 2331 3779 δὲ
2362 3724 2426 3778 δι’
2463 3726 2664 3797 ἀμφοῖν
2694 3727 2721 3778 6
2754 3722 2835 3790 εἷς
2876 3728 2969 3780 καὶ
3004 3727 3166 3797 μόνος
3191 3727 3341 3790 Υἱὸς,
3391 3727 3488 3781 καὶ
3521 3726 3726 3796 Κύριος

2153 3816 2359 3887 Ἰησοῦς
2387 3816 2641 3888 Χριστός.
2680 3818 2791 3870 Καὶ
2820 3817 2939 3871 τίνα
2962 3817 3189 3889 τρόπον,
3245 3817 3480 3887 ἐροῦμεν
3516 3816 3591 3882 ὡς
3621 3817 3725 3883 ἔνι,

2137 3911 2204 3979 τῇ
2244 3906 2353 3960 τῶν
2386 3907 2758 3979 θεωρημάτων
2790 3908 3046 3979 ἀκριϐείᾳ
3082 3906 3513 3979 προσϐάλλοντες
3552 3906 3592 3963 ι.
3624 3908 3727 3973 Αἲξ

2137 4001 2338 4063 τοίνυν,
2370 4001 2401 4071 ἦ
2438 4001 2662 4070 τράγος,
2710 4002 2879 4071 ἤγουν
2904 4001 3113 4072 ἔριφος,
3154 3996 3225 4071 ἦν
3267 4000 3408 4071 ὑπὲρ
3445 4001 3724 4071 ἁμαρτίας

2136 4092 2199 4145 τὸ
2242 4092 2390 4161 θῦμα
2436 4092 2581 4146 κατά
2611 4110 2675 4160 γε
2716 4092 2794 4163 τῷ
2842 4093 2997 4164 νόμῳ
3042 4093 3233 4146 δοκοῦν
3261 4108 3274 4122 ⁸
3318 4092 3578 4162 προϐάτῳ
3624 4093 3723 4162 μὲν

2137 4184 2247 4257 γὰρ
2313 4187 2570 4255 ἀφομοιοῖ
2634 4186 2726 4239 τὸν
2797 4186 3006 4239 δίκαιον
3077 4184 3405 4255 πλεισταχοῦ
3486 4186 3520 4256 ἡ
3602 4183 3722 4236 θεό-

2140 4293 2406 4340 πνευστος
2436 4276 2630 4346 Γραφὴ
2659 4318 2672 4341 ,
2702 4278 2820 4343 αἰγί
2862 4277 2917 4329 δὲ
2964 4277 3053 4330 τὸν
3085 4276 3560 4348 φιλαμαρτήμονα.
3610 4275 3722 4330 Καὶ

2137 4364 2225 4419 διὰ
2256 4366 2415 4420 ποίαν
2450 4366 2638 4421 αἰτίαν
2665 4384 2678 4433 ;
2720 4367 2943 4438 Πλήρης
2966 4367 3065 4436 μὲν
3108 4366 3215 4439 γὰρ
3258 4368 3288 4420 ὁ
3320 4366 3525 4428 δίκαιος
3552 4366 3722 4434 αὐχη-

2067 4477 2113 4538 D
2144 4456 2329 4526 μάτων
2377 4457 2485 4509 τῶν
2534 4460 2615 4521 εἰς
2682 4459 2922 4531 ἀρετήν’
2982 4457 3261 4527 ἔγκαρπος
3309 4456 3365 4509 δὲ
3421 4456 3505 4508 διὰ
3561 4456 3726 4508 τοῦτο

2138 4549 2295 4600 νοοῖτ*
2329 4548 2394 4600 ἂν
2425 4548 2681 4612 εἰγιότωςο
2720 4550 2997 4620 ὲριοφορεῖ
3029 4547 3085 4601 δὲ
3116 4549 3175 4600 τὸ
3208 4547 3476 4619 πρόϐατον
3498 4563 3510 4575 ·
3547 4544 3725 4618 ταύτῃ

2136 4653 2221 4688 τοι
2264 4636 2357 4689 καὶ
2410 4636 2535 4707 μάλ’
2581 4637 2805 4700 εἰκότως
2854 4637 3113 4709 προϐάτῳ
3157 4635 3574 4707 παρεικάζεται.
3615 4634 3720 4686 Γυο

2140 4728 2278 4799 μνὴν
2304 4728 2381 4793 δὲ,
2404 4731 2497 4782 καὶ
2526 4728 2798 4801 ἄκαρπον,
2826 4731 2921 4783 καὶ
2952 4728 3319 4799 ἀγαθοεργίας
3342 4729 3560 4797 ἀπάτης
3594 4728 3724 4798 ἐρή-

2142 4839 2248 4891 μην
2279 4822 2377 4893 τὴν
2418 4822 2512 4875 τοῦ
2558 4821 3008 4894 πλημμελοῦντος
3041 4821 3218 4891 ψυχὴν
3263 4819 3471 4873 κατίδοι
3506 4836 3591 4882 τις
3632 4818 3719 4874 ἄν.

2139 4912 2240 4977 Αἲξ
2274 4909 2367 4966 οὖν
2396 4914 2504 4984 ἄρα
2529 4913 2699 4978 τύπος
2732 4915 2920 4985 αὐτῆς·
2960 4913 3243 4984 ἄπρακτον
3271 4911 3327 4964 δὲ
3358 4911 3420 4963 τὸ
3459 4911 3597 4975 ζῶον
3630 4911 3721 4963 καί

2138 5006 2237 5073 τῆς
2264 5005 2358 5057 τοῦ
2390 5005 2664 5077 προϐάτου
2695 5005 2863 5076 τιμῆς
2896 5004 3125 5059 κατόπιν
3158 5003 3400 5074 ἔρχεται.
3436 5000 3537 5054 Διά
3564 5000 3723 5055 τοῦτο

2139 5095 2233 5149 καὶ
2266 5098 2294 5149 6
2326 5098 2528 5167 Κύριος
2561 5097 2720 5167 ἡμῶν
2766 5096 2973 5164 Ἰησοῦς
3014 5096 3281 5166 Χριστός·
3324 5112 3343 5146 ι
3372 5094 3542 5147 Ὅταν
3587 5091 3721 5146 καο-

524 5250 569 5284 ⁹²
606 5251 745 5308 Osee
774 5270 884 5320 xrv,
915 5254 1001 5307 10.
1049 5229 1123 5285 ’⁸³
1156 5252 1326 5309 Hebr.
1358 5269 1411 5317 ι,
1442 5253 1491 5307 1.
1570 5252 1619 5285 ⁸⁸
1645 5252 1818 5307 Exod.
1850 5269 2029 5318 nam,
2061 5254 2279 5320 53,-35;
2310 5251 2353 5306 ll
2383 5250 2511 5307 Cor.
2539 5268 2619 5316 ill,
2651 5252 2839 5307 15-15.
2918 5251 2965 5281 ⁸⁵
2992 5252 3168 5307 Levit.
3201 5268 3310 5315 xw,
3346 5253 3379 5307 5
3419 5267 3571 5319 seqq.

1549 5388 1727 5444 Varia:
1756 5389 2021 5444 lectiones
2048 5390 2255 5447 codicis
2280 5388 2643 5461 Seguieriani.

529 5501 552 5536 ε
579 5498 953 5567 κεκρυμμένα.

1052 5502 1077 5538 ιι
1112 5502 1203 5552 καὶ
1234 5504 1334 5554 οὐκ
1375 5502 1505 5556 αὐτὸ
1545 5503 1782 5568 πάντως.

454 5567 475 5606 lt
510 5569 597 5620 τὶν
626 5568 683 5619 δὲ
705 5566 911 5639 ἕτερον.

1011 5566 1028 5605 ι
1069 5572 1487 5639 προσϐαλόντες.

1869 5516 1881 5544 ι
1904 5504 2034 5556 eam

2218 5517 2231 5553 ι
2275 5505 2357 5558 ἲσ.
2389 5500 2718 5574 προσελάλει
2746 5517 2760 5558 .'
2787 5508 2952 5570 atque
2980 5499 3054 5552 ita
3077 5498 3134 5553 in
3165 5498 3286 5556 MS.
3335 5497 3716 5571 Seguieriano.

1977 5684 2205 5742 ΝΟΤᾹΞ.

524 5773 598 5842 tl)
650 5770 715 5828 Id
747 5782 861 5826 est:
891 5771 1240 5843 depulsorcm
1268 5774 1556 5830 malorum.
