4044 6212
323 354 425 408 289

1691 353 2025 411 EPISTOLA
2068 355 2202 411 XLI.

3461 351 3569 408 ἳίθ

328 473 443 541 ίσῃ,
487 468 665 540 φησιν.
703 469 733 522 6
777 469 904 533 Υίδς
936 467 1028 523 τοῦ
1064 466 1352 539 ἀνθρώπου
1394 467 1486 520 ἐπὶ
1514 467 1699 538 θρόνου
1733 468 1890 538 δόξης

1993 473 2292 544 majestatis
2321 489 2452 536 suze,
2485 483 2685 530 statuet
2709 490 2840 529 oves
2860 474 3080 543 quidem
3109 487 3139 526 a
3167 469 3428 534 dexteris,
3452 469 3566 524 ha-

324 559 512 626 αὑτοῦ,
541 560 632 614 καὶ
662 561 836 632 στήσῃ
868 559 937 614 τά
970 560 1069 632 μὲν
1102 559 1349 630 πρόϐατα
1391 560 1455 612 ἐκ
1481 558 1668 622 δεξιῶν
1703 557 1891 622 αὑτοῦ,

325 654 392 706 τὰ
423 653 476 705 δὲ
505 652 688 722 ἐρίφια
715 652 774 718 ἐξ
799 652 1116 723 εὐωνύμων.
1151 670 1170 703 ι
1197 652 1307 706 Καὶ
1332 653 1447 714 τοῖς
1477 651 1575 722 μὲν
1598 653 1661 704 ἐκ
1683 649 1892 716 δεξιῶν,

320 745 414 796 ἅτε
457 743 520 813 δὴ
559 745 685 806 τοὺς
722 744 819 813 τῆς
864 742 1210 814 δικαιοσύνης
1263 741 1446 812 ἔχουσι
1501 742 1747 814 καρποὺς
1796 740 1895 811 τὴν

313 833 734 904 ἡτοιμασμένην
769 835 952 898 αὐτοῖς
985 833 1387 905 ἀποκαθίστησι
1437 833 1734 904 βασιλείαν,
1781 836 1894 897 τοῖς

309 921 364 972 δὲ
394 921 460 985 ἐξ
484 921 786 991 εὐωνύμων
827 921 961 992 πῦρ,
994 925 1091 977 καὶ
1123 924 1368 989 κόλασιν,
1408 923 1503 977 καὶ
1529 922 1628 987 τὰς
1661 921 1738 993 τῷ
1773 923 1892 976 δια-

309 1011 457 1081 εόλῳ
503 1013 825 1084 πρεπούσας
867 1014 1073 1069 ἐποίσει
1124 1016 1331 1078 ποινάς.
1389 1013 1684 1084 Ἐσφάζετο
1715 1016 1895 1070 τοίνυν

307 1104 455 1175 ὑπὲρ
491 1105 769 1176 ἁμαρτίας
801 1105 1004 1179 ἔριφος·
1031 1105 1302 1160 καὶτοῦτο
1333 1107 1574 1180 μαθήσῃ.
1600 1105 1694 1160 τοῦ
1728 1106 1892 1178 νόμου

305 1194 571 1262 λέγοντος
609 1196 876 1266 ἐναργῶς·
917 1215 937 1248 ι
989 1197 1116 1252 Ἐάν
1146 1197 1203 1250 δὲ
1234 1199 1263 1251 ό
1303 1197 1486 1268 ἄρχων
1511 1197 1766 1271 ἁμάρτῃ,
1799 1197 1895 1251 καὶ

303 1287 516 1356 ποιήσῃ
575 1285 705 1355 μίαν
745 1287 854 1340 ἀπὸ
897 1287 1085 1341 πασῶν
1126 1287 1233 1341 τῶν
1278 1288 1506 1342 ἐντολῶν
1545 1289 1750 1358 Κυρίου
1798 1287 1891 1342 τοῦ

301 1379 447 1433 Θεοῦ
473 1379 664 1441 αὑτοῦ,
689 1380 722 1450 ἢ
747 1382 808 1434 οὐ
836 1380 1194 1452 ποιηθήσεται
1218 1382 1508 1448 ἀκουσίως,
1533 1381 1624 1436 καὶ
1647 1381 1888 1454 ἁμάρτῃ.
1920 1431 1929 1440 .

299 1471 401 1523 καὶ
431 1471 844 1543 πλημμελήσῃ,
880 1471 975 1525 καὶ
1012 1473 1230 1544 γνωσθῇ
1270 1471 1476 1544 αὐτῷή
1518 1473 1793 1544 ἁμαρτία,
1826 1475 1893 1544 ἢν

298 1562 565 1632 ἥμαρτεν
591 1563 650 1614 ἐν
682 1563 842 1633 αὐτῇ,
873 1564 967 1617 καὶ
995 1563 1275 1634 προσοίσει
1311 1564 1371 1619 τὸ
1403 1563 1575 1635 δῶρον
1610 1565 1776 1618 αὐτοῦ
1805 1565 1890 1636 χί-

1995 565 2096 619 dos
2115 573 2297 618 autem
2321 581 2351 619 a
2379 565 2696 620 sinistris“.
2732 586 2748 617 ι
2784 567 2852 620 Ει
2879 565 2966 618 his
3003 563 3222 634 quidem
3245 562 3339 632 qui
3371 579 3400 617 a
3434 562 3565 616 dex-

1999 656 2128 711 teris
2153 657 2299 710 illius
2319 664 2502 719 erunt,
2529 666 2784 726 tanquam
2814 656 2908 726 qui
2939 654 3163 726 justitiae
3189 653 3408 707 fructus
3433 667 3562 720 pos-

1995 747 2229 810 sideant,
2255 748 2634 818 assignaturus
2658 759 2740 802 est
2766 756 3013 818 paratum
3044 760 3271 814 regnum
3294 760 3310 809 ;
3341 743 3410 797 iis
3432 759 3566 797 vero

1994 839 2087 908 qui
2111 855 2140 892 a
2166 839 2407 893 sinistris
2427 847 2611 901 erunt,
2647 840 2824 908 ignem
2848 847 2904 892 et
2933 836 3282 907 supplicium,
3313 849 3562 904 pcenam-

1994 946 2100 999 que
2143 929 2365 984 diabolo
2412 929 2628 1000 dignam
2687 929 2900 982 inferet.
2946 925 3335 980 lmmolabatur
3380 923 3564 992 itaque

1995 1017 2186 1073 haadus
2217 1034 2317 1088 pro
2348 1017 2587 1088 peccatis
2614 1036 2626 1069 :
2661 1016 2807 1086 quod
2826 1025 3009 1087 aperte
3038 1029 3334 1086 cognosces
3355 1030 3423 1068 ex
3449 1013 3566 1082 ipsa

1994 1111 2112 1179 lege
2140 1109 2358 1164 dicente
2403 1127 2416 1162 :
2452 1127 2470 1160 ι
2517 1108 2573 1163 Si
2621 1108 2932 1178 peccaverit
2960 1108 3235 1177 princeps,
3271 1113 3328 1160 et
3370 1104 3560 1160 fecerit

1995 1199 2360 1254 involuntarie
2407 1215 2577 1254 unum
2624 1215 2692 1254 ex
2733 1197 2989 1253 omnibus
3040 1195 3314 1251 mandatis
3348 1194 3562 1250 Domini

1993 1293 2090 1348 Dei
2120 1291 2204 1347 sui
2233 1291 2377 1362 quod
2413 1291 2532 1346 fieri
2561 1290 2907 1362 prohibetur,
2937 1299 2993 1344 et
3015 1286 3322 1358 peccaverit
3349 1295 3404 1341 et
3429 1284 3567 1340 deli-

1993 1382 2198 1452 querit,
2235 1391 2499 1452 etpostea
2530 1380 2862 1435 intellexerit
2894 1386 3178 1449 peccatqu
3210 1393 3406 1442 suum;
3432 1375 3567 1431 oﬂ‘e—
3611 1447 3618 1452 l

1993 1482 2077 1529 ret
2109 1473 2342 1528 hostiam
2366 1487 2549 1527 coram
2575 1471 2804 1526 Domino
2828 1469 3043 1524 hircum
3067 1484 3135 1524 ex
3157 1468 3335 1538 capris
3348 1480 3564 1520 mascu-
3659 1506 3669 1517 .

1991 1565 2124 1629 lum,
2163 1561 2653 1618 immaculatum".
2681 1582 2698 1614 ›
2734 1561 2882 1616 Dixit
2927 1561 3042 1631 ipse
3086 1574 3305 1629 quoque
3340 1557 3565 1612 univer-

303 1671 491 1725 μαρον
518 1656 578 1722 ἐξ
612 1656 806 1724 αἰγῶν,
835 1655 1027 1728 ipsa.
1058 1657 1312 1728 ἄμωμον.
1347 1675 1365 1708 ι
1413 1658 1556 1728 Ἔφη
1585 1657 1642 1711 δέ
1666 1675 1768 1711 που
1797 1657 1890 1711 καὶ

1993 1670 2179 1711 serum
2203 1654 2349 1709 Deus
2378 1655 2580 1710 alicubi
2613 1654 2679 1709 de
2713 1654 2799 1709 bis
2835 1653 2930 1723 qui
2976 1651 3149 1722 legale
3195 1648 3566 1704 sacerdotium

300 1746 476 1810 αὐτὸς
501 1748 530 1800 6
557 1747 651 1798 ἐπὶ
672 1746 888 1801 πάντων
911 1747 1044 1810 Θεὸς
1075 1747 1204 1818 περὶ
1224 1759 1264 1786 ω
1290 1748 1400 1801 τῶν
1428 1747 1675 1819 ἱερᾶσθαι
1695 1747 1887 1818 λαχόν-

1992 1747 2212 1802 fuerant
2236 1747 2450 1803 sortiti:
2485 1765 2502 1798 ‹
2538 1747 2764 1802 Peccata
2784 1745 2967 1815 pepuli
2995 1743 3101 1797 mei
3125 1739 3416 1797 comedent
3435 1737 3483 1768 ⁸³
3499 1779 3513 1802 ,
3539 1758 3556 1789 ι

299 1854 416 1890 των
454 1835 601 1890 κατά
640 1838 733 1890 τὸν
764 1837 946 1909 νόμον·
991 1857 1009 1888 ι
1054 1811 1353 1914 Ἀμαρτίας
1394 1811 1525 1892 λαοῦ
1558 1856 1661 1909 μου
1693 1811 1893 1909 φάγον-

1994 1837 2101 1891 hoc
2139 1846 2244 1902 est,
2287 1834 2554 1891 sacriﬁcia
2600 1851 2699 1906 pro
2725 1834 2962 1904 peccatis
3001 1833 3202 1887 oblata.
3254 1830 3388 1885 Pars
3418 1828 3566 1883 enim

298 1943 418 1979 ται·
434 1945 455 1976 ι
482 1925 734 1980 τουτέστι
779 1926 849 1979 τὰ
875 1927 1014 1998 ὑπὲρ
1033 1925 1317 1997 ἁμαρτιῶν
1333 1926 1567 1997 θύματα.
1591 1927 1764 1998 Μερὶς
1785 1927 1893 1998 γὰρ

297 2020 403 2072 καὶ
435 2019 644 2088 κλῆρος
667 2021 780 2082 τοῖς
805 2017 1009 2090 ἱερεῦσι
1042 2019 1319 2090 κάρπωμα
1349 2019 1558 2090 Κυρίου
1582 2026 1635 2082 ³,
1669 2017 1809 2072 κατὰ
1833 2019 1894 2072 τὸ

297 2110 722 2180 γεγραμμένον.
756 2110 953 2178 Γέγονε
981 2109 1157 2164 τοίνυν
1189 2109 1416 2180 σφάγιον
1443 2112 1471 2164 6
1497 2109 1733 2182 Χριστὸς
1753 2109 1894 2181 ὑπὲρ

298 2203 415 2255 τῶν
455 2202 747 2272 ἁμαρτιῶν
784 2201 976 2272 ἡμῶν,
1007 2201 1150 2256 κατὰ
1181 2201 1280 2266 τὰς
1309 2201 1556 2271 Γραφάς·
1593 2201 1796 2272 ταύτης
1827 2219 1885 2255 τε

297 2291 475 2343 {vexa
504 2292 606 2361 τῆς
638 2291 819 2354 αίτίας
848 2291 1122 2363 ἁμαρτίαν
1151 2290 1312 2344 αὑτὸν
1345 2289 1659 2360 ὠνομάσθαι
1691 2291 1889 2360 φαμέν.

301 2382 518 2452 Γράφει
540 2381 676 2450 γοῦν
701 2383 729 2435 6
754 2381 1030 2450 πάνσοφος
1055 2380 1264 2444 Παῦλος
1292 2381 1393 2445 δτι,
1421 2399 1440 2432 ι
1470 2380 1574 2433 Τὸν
1597 2380 1672 2452 μὴ
1701 2382 1896 2448 γνόντα

302 2472 612 2541 ἁμαρτίαν,
651 2472 793 2542 ὑπὲρ
825 2471 981 2541 ἡμῶν
1016 2469 1290 2540 ἁμαρτίαν
1329 2469 1605 2540 ἐποίησεν,
1649 2489 1667 2522 ι
1699 2471 1728 2522 6
1760 2470 1892 2537 Θεὸς

303 2565 402 2617 καὶ
442 2562 640 2634 Πατὴρ
689 2561 954 2632 δηλονότι.
989 2560 1063 2614 Οὐ
1096 2559 1204 2632 γάρ
1227 2560 1311 2614 τοί
1345 2578 1524 2630 φαμεν
1572 2561 1893 2632 ἁμαρτωλὸν

300 2651 565 2723 γενέσθαι
610 2651 880 2722 Χριστόν·
919 2650 995 2722 μὴ
1041 2651 1284 2720 γένοιτο·
1327 2652 1443 2706 ἀλλ’
1483 2651 1613 2706 ὄντα
1661 2653 1891 2719 δίκαιον,

305 2743 512 2814 μᾶλλον
539 2743 599 2797 δὲ
624 2743 948 2814 αότόχρημα
971 2742 1335 2813 δικαιοσύνην,
1358 2744 1418 2797 οὐ
1443 2743 1551 2815 γὰρ
1584 2741 1692 2798 οἶδε
1723 2747 1897 2817 πλημο

305 2835 518 2905 μελάν,
575 2834 808 2905 σφάγιον
854 2834 1106 2906 ἐποίησεν
1155 2834 1184 2888 6
1229 2835 1419 2907 Πατὴρ
1469 2837 1609 2908 ὑπὲρ
1653 2834 1763 2891 τῶν
1797 2838 1890 2892 τοῦ

301 2926 513 2995 κόσμου
537 2925 650 2994 πλη
658 2926 838 2996 μμελη
846 2927 1051 2996 μάτων.
1085 2946 1103 2979 ι
1123 2927 1232 2980 Kal.
1254 2929 1311 2980 ἐν
1333 2930 1445 2991 τοῖς
1470 2929 1691 3000 ἀνόμοις
1717 2930 1891 2999 ἐλογίο

304 3015 433 3084 σθη,
465 3033 485 3066 ι
520 3015 706 3084 ψῆφον
737 3015 1036 3086 ὑπομείνας
1062 3014 1160 3086 τὴν
1200 3019 1312 3080 τοῖς
1343 3017 1567 3088 ἀνόμοις
1609 3020 1912 3090 πρεπωδεσο

301 3108 499 3174 τάτην.
525 3105 638 3158 Καὶ
667 3103 998 3158 πιστώσεται
1032 3104 1208 3173 λέγων
1235 3107 1263 3160 6
1287 3105 1571 3170 θεσπέσιος
1609 3110 1891 3180 προφήτης
1917 3134 1962 3194 C

313 3195 556 3259 Ἡσαΐας
593 3197 705 3260 ὃτι,
766 3215 786 3248 ι
829 3195 1038 3260 Πάντες
1084 3196 1160 3260 ὡς
1205 3197 1888 3269 πρόδαταέπλανήθημεν,

299 3287 555 3349 ἕκαστος
585 3287 651 3355 τῇ
675 3285 772 3356 όόῷ
808 3285 976 3340 αὐτοῦ
1022 3286 1330 3358 ἐπλανήθη·
1367 3286 1461 3339 καὶ
1517 3287 1721 3358 Κύριος
1754 3303 1892 3358 παρ-

303 3376 530 3430 έδωκεν
573 3375 726 3429 αὐτὸν
767 3378 888 3441 ταῖς
929 3376 1181 3447 ἀνομίαις
1224 3375 1410 3448 ἡμῶν·
1442 3378 1537 3430 καὶ
1564 3377 1725 3442 αὐτὸς
1754 3379 1894 3450 ὑπὲρ

301 3466 475 3538 ἡμῶν
503 3466 755 3521 ὀδυνᾶται
779 3485 794 3500 ·
825 3468 921 3523 καὶ
953 3468 1031 3539 τῷ
1073 3467 1302 3538 μώλωπι
1343 3468 1506 3521 αὐτοῦ
1542 3470 1702 3539 ἡμεῖς
1741 3469 1893 3538 ἰάθη-

306 3575 432 3629 μεν.
469 3578 489 3612 ι
527 3558 812 3630 Γράφειδέ
833 3559 928 3612 καὶ
955 3559 984 3612 6
1015 3558 1290 3626 πάνσοφος
1321 3558 1546 3627 Πέτρος·
1588 3577 1606 3610 ι
1639 3558 1763 3612 Ὀτι
1793 3560 1890 3624 τὰς

305 3648 591 3720 ἁμαρτίας
627 3649 786 3721 ἡμῶν
829 3649 1128 3722 ἀνήνεγκεν
1155 3648 1213 3703 ἐν
1244 3647 1323 3720 τῷ
1366 3647 1576 3721 σώματι
1604 3647 1769 3702 αὐτοῦ
1800 3649 1892 3703 ἐπὶ

305 3739 369 3793 τὸ
394 3738 572 3803 ξύλον.
611 3758 631 3792 ι
665 3738 874 3792 Οὐκοῦν
909 3739 1256 3811 ἐπεκρὲματο
1287 3740 1384 3812 μὲν
1410 3742 1522 3804 τοῖς
1551 3738 1642 3794 ἐπὶ
1661 3738 1760 3811 τῆς
1789 3742 1893 3814 γῆς

306 3828 339 3882 6
375 3828 612 3900 κλῆρος,
659 3828 721 3882 τὸ
752 3836 777 3864 ο
824 3830 1023 3902 χρῆναι
1055 3829 1247 3884 παθεῖν
1292 3830 1384 3884 τὸν
1426 3830 1676 3899 θάνατον,
1717 3832 1805 3886 διά
1832 3851 1892 3886 τε

307 3917 409 3992 τὴν
445 3920 507 3973 ἐν
552 3919 722 3990 Ἀδὰμ
748 3921 1084 3992 παράϐασιν,
1117 3922 1210 3975 καὶ
1239 3921 1337 3993 τὴν
1370 3921 1429 3986 ἐξ
1461 3923 1669 3977 ἐκείνου
1700 3923 1893 3995 μέχρις

306 4011 470 4082 ἡμῶν
507 4015 930 4084 τυραννήσασαν
960 4012 1255 4085 ἁμαρτίαν.
1297 4013 1439 4066 Ἀλλ’
1465 4015 1494 4067 ό
1518 4015 1582 4067 ἐκ
1615 4013 1749 4068 Θεοῦ
1783 4017 1893 4069 Πα-

307 4102 439 4172 τρὸς
469 4103 679 4171 Λόγος,
709 4105 737 4156 6
766 4103 933 4167 πολὺς
964 4106 1045 4167 εἰς
1075 4104 1389 4176 ἡμερότητα
1409 4144 1425 4170 ,
1467 4105 1563 4158 καὶ
1586 4105 1892 4178 φιλανθρω-

311 4193 463 4255 πίαν.
503 4195 696 4261 γέγονε
731 4194 888 4264 σὰρξ,
917 4194 1195 4248 τουτέστιν
1223 4195 1535 4267 ἄνθρωπος,
1569 4197 1894 4268 σύμμορφός

305 4301 372 4336 τε
418 4285 554 4354 ἡμῖν
599 4284 712 4346 τοῖς
752 4283 842 4352 ὑφ’
883 4284 1179 4353 ἁμαρτίαν,
1226 4284 1319 4337 καὶ
1364 4285 1456 4339 τὸν
1489 4287 1644 4357 ἡμῶν
1687 4287 1892 4359 ὑπέστη

310 4372 537 4443 κλῆρον.
573 4373 664 4434 Ὧς
690 4373 798 4444 γὰρ
825 4373 854 4425 6
884 4373 1210 4446 πανάριστος
1239 4375 1438 4447 γράφει
1464 4376 1694 4443 Παῦλος·
1732 4396 1751 4429 ι
1782 4377 1895 4432 Χά-

1993 1934 2050 1982 et
2082 1943 2202 1982 sors
2227 1926 2596 1992 sacerdotum,
2632 1934 2693 1981 ut
2717 1927 2794 1980 ait
2825 1925 2912 1980 lex
2938 1925 3006 1989 θ’,
3051 1923 3105 1978 id
3129 1931 3248 1978 erat
3285 1919 3433 1992 quod
3457 1920 3566 1974 Do-

1993 2019 2146 2074 mino
2174 2019 2524 2074 offerebatur.
2563 2017 2815 2073 Christus
2857 2017 3040 2085 itaque
3080 2012 3380 2068 secundum
3414 2009 3568 2066 Scri-

1995 2120 2186 2179 pturas
2214 2110 2392 2164 factus
2429 2117 2514 2164 est
2556 2109 2737 2163 hostia
2770 2123 2870 2177 pro
2907 2105 3151 2176 peccatis
3178 2102 3382 2158 nostris
3398 2103 3446 2134 ”
3475 2119 3487 2154 :
3512 2108 3568 2155 et

1994 2199 2098 2254 hac
2129 2200 2294 2255 etiam
2313 2199 2382 2254 de
2411 2214 2573 2254 causa
2592 2205 2874 2268 peccatum
2904 2195 3018 2267 ipse
3038 2195 3368 2250 nominatur.
3389 2191 3568 2258 Quare

1997 2292 2190 2346 scribit
2216 2291 2654 2362 sapientissimus
2678 2289 2915 2345 Paulus:
2950 2307 2966 2338 ι
2995 2288 3133 2343 Eum
3165 2286 3259 2356 qui
3281 2290 3565 2356 peccatum

1995 2399 2106 2438 non
2138 2392 2389 2448 noverat,
2431 2398 2532 2454 pro
2560 2381 2722 2437 nobis
2749 2388 3036 2452 peccaturo
3078 2377 3306 2433 fecit":
3341 2394 3358 2426 ι
3403 2373 3566 2428 nimi-

1996 2490 2116 2529 rum
2145 2475 2290 2529 Deus
2317 2483 2375 2530 et
2409 2474 2590 2529 Pater.
2621 2472 2807 2541 Neque
2847 2471 2991 2526 enim
3024 2468 3259 2525 dicimus
3283 2465 3566 2522 Christum

1993 2563 2159 2620 fuisse
2211 2572 2557 2635 peccatorem
2588 2580 2602 2618 :
2637 2562 2781 2617 absit
2825 2562 2931 2618 hoc
2963 2563 2975 2616 !
3013 2560 3109 2617 sed
3153 2560 3299 2615 hunc
3331 2559 3562 2630 justum,

1996 2655 2106 2709 imo
2133 2655 2280 2709 illam
2305 2655 2478 2724 ipsam
2500 2655 2791 2727 justitiam,
2821 2669 3052 2723 peccare
3072 2655 3219 2708 enim
3241 2666 3350 2704 non
3386 2649 3562 2714 novit,

1995 2747 2271 2801 victimam
2293 2745 2422 2800 fecit
2448 2747 2607 2801 Pater
2636 2759 2738 2814 pro
2763 2743 2951 2797 mundi
2989 2743 3247 2814 peccatis.
3287 2760 3305 2792 ι
3345 2741 3566 2795 Etcum

1995 2837 2200 2907 iniquis
2241 2844 2532 2907 reputatus
2564 2843 2648 2891 est
2671 2838 2737 2901 θ’,
2778 2855 2795 2887 ι
2844 2850 2967 2891 cum
3015 2832 3344 2888 sententiam
3393 2829 3563 2886 susti-

1994 2928 2118 2983 nuit
2142 2927 2345 2997 iniquis
2369 2926 2969 2982 eonvenientissimam.
2991 2923 3091 2980 Cui
3121 2921 3344 2993 quidem
3386 2920 3467 2974 rei
3496 2919 3562 2973 ﬁ-

1993 3019 2119 3075 dem
2148 3017 2463 3074 facitlsaias
2489 3017 2708 3072 divinus
2737 3015 3002 3087 propheta
3039 3032 3052 3069 :
3091 3011 3355 3081 «,Omnes,
3384 3011 3566 3081 inquit

1993 3093 2106 3174 ille,
2138 3108 2295 3180 quasi
2319 3124 2450 3164 oves
2481 3107 2791 3164 erravimus
2821 3126 2835 3161 :
2869 3106 3247 3176 unusquisque
3300 3103 3460 3174 126
3507 3102 3565 3158 in

1995 3200 2082 3254 via
2107 3215 2204 3256 sua
2233 3201 2440 3256 erravit
2473 3218 2486 3254 :
2521 3207 2577 3254 et
2603 3199 2868 3255 Dominus
2894 3197 3118 3253 tradidit
3145 3212 3272 3252 eum
3308 3195 3566 3266 iniquita-

1994 3292 2142 3347 tibus
2169 3291 2402 3356 nostris;
2434 3299 2490 3345 et
2507 3291 2623 3360 ipse
2640 3305 2741 3361 pro
2777 3290 2936 3345 nobis
2965 3291 3134 3353 dolet,
3159 3297 3216 3344 et
3240 3287 3414 3344 livore
3448 3288 3567 3359 ejus

1993 3382 2169 3437 sanati
2194 3397 2384 3437 sumus
2399 3379 2465 3434 ”.
2500 3401 2518 3433 ι
2562 3381 2765 3436 Scribit
2796 3389 2851 3436 et
2885 3378 3321 3450 sapientissimus
3345 3377 3562 3441 Petrus,

1995 3472 2222 3529 dicens:
2254 3491 2272 3525 ι
2305 3471 2459 3540 Quod
2481 3479 2706 3543 peccata
2735 3479 2923 3528 nostra
2955 3472 3070 3542 ipse
3100 3469 3325 3541 pertulit
3349 3468 3403 3522 in
3438 3483 3566 3522 cor-

1994 3579 2127 3634 pore
2157 3579 2259 3619 suo
2300 3555 2468 3633 super
2503 3563 2712 3634 lignum
2734 3562 2800 3617 “.
2835 3581 2853 3614 ι
2892 3561 2965 3617 lis
2999 3577 3129 3631 ergo
3161 3558 3254 3630 qui
3305 3557 3362 3612 in
3404 3557 3569 3612 terris

1995 3665 2172 3720 erant,
2195 3671 2314 3710 sors
2340 3655 2432 3709 illa
2456 3653 2830 3724 impendebat,
2867 3659 2929 3706 ut
2956 3650 3094 3706 mori
3129 3663 3354 3706 necesse
3384 3657 3563 3715 esset;

1996 3746 2161 3820 idque
2189 3753 2308 3803 tum
2356 3751 2584 3817 propter
2608 3740 3096 3814 transgressionem
3126 3756 3181 3794 in
3224 3739 3416 3804 Adam,
3449 3747 3566 3794 tum

1995 3847 2222 3912 propter
2258 3845 2545 3908 peceatum
2579 3835 2726 3906 quod
2747 3833 2901 3889 abeo
2933 3833 2998 3888 ad
3033 3847 3136 3886 nos
3169 3846 3341 3901 usque
3377 3838 3565 3902 tyran-

1992 3927 2178 3984 nidem
2219 3941 2373 3982 suam
2421 3924 2836 3981 extendebat".
2863 3924 3062 3979 Verum
3093 3920 3189 3977 Dei
3223 3922 3398 3977 Patris
3426 3922 3565 3977 Ver-

1993 4020 2148 4084 bum,
2191 4018 2404 4090 largum
2435 4016 2504 4072 ad
2543 4014 2939 4086 benignitatem
2977 4022 3140 4084 atque
3179 4012 3562 4078 clementiam,

1995 4111 2199 4166 factum
2226 4118 2310 4165 est
2341 4123 2492 4174 caro,
2531 4109 2636 4163 hoc
2674 4117 2781 4172 est,
2829 4105 2994 4162 homo
3016 4103 3178 4160 nobis
3202 4109 3428 4174 peccato
3467 4101 3566 4157 ob-

1993 4201 2175 4256 noxiis
2197 4199 2529 4267 conformis;
2569 4209 2625 4255 et
2646 4206 2853 4254 sortem
2896 4204 3140 4252 nostram
3185 4195 3372 4252 subiit.
3403 4194 3562 4261 Nam,

1995 4301 2058 4347 ut
2085 4293 2326 4362 optimus
2352 4291 2554 4346 Paulus
2599 4289 2831 4345 scribit:
2862 4308 2879 4341 ι
2918 4288 3102 4344 Gratia
3125 4287 3220 4342 Dei
3263 4303 3364 4358 pro
3383 4285 3564 4342 omni-

1995 4382 2101 4447 bus
2141 4383 2378 4453 gustavit
2422 4391 2654 4436 mortem
2675 4380 2743 4445 ",
2785 4399 2801 4430 ι
2854 4394 3117 4447 suamque
3181 4379 3414 4432 animam
3449 4367 3567 4446 'pro

311 4481 421 4534 ριτι
445 4463 587 4517 Θεοῦ
622 4463 760 4535 ὑπὲρ
784 4465 982 4528 παντὸς
1003 4465 1264 4534 ἐγεύσατο
1314 4467 1544 4522 θανάτου
1564 4510 1578 4536 ,
1614 4487 1633 4521 ι
1672 4469 1768 4523 καὶ
1795 4469 1894 4540 τῆς

1996 4473 2243 4528 omnium
2260 4471 2368 4526 vita
2393 4471 2826 4540 redemptionem
2853 4469 3024 4523 dedit.
3053 4467 3157 4522 Sed
3176 4477 3232 4522 et
3259 4482 3402 4521 unus
3430 4481 3568 4536 quo-

312 4555 573 4608 ἀπάντων
600 4554 746 4626 ζωῆς
778 4555 1127 4627 ἀντάλλαγμα
1152 4558 1250 4629 τὴν
1278 4558 1470 4614 ἐαυτοῦ
1497 4559 1674 4632 ψυχὴν
1705 4561 1894 4633 ἐποιή-

313 4663 464 4700 σατο·
492 4642 574 4710 εἷς
601 4647 741 4716 ὑπὲρ
769 4646 987 4700 πάντων
1024 4647 1318 4715 ἀπέθανεν,
1357 4650 1446 4704 ἵνα
1473 4653 1521 4704 οἱ
1546 4650 1746 4716 πάντες
1771 4651 1892 4723 Θεῷ

312 4733 573 4806 ζήσωμεν
611 4745 659 4799 P,
704 4736 1055 4807 ἁγιαζόμενοι
1101 4754 1162 4790 τε
1211 4740 1304 4792 καὶ
1343 4740 1766 4811 ζωοποιούμενοι
1801 4740 1891 4795 διὰ

312 4825 411 4879 τοῦ
436 4827 667 4897 αἵματος
684 4825 873 4891 αὑτοῦ,
904 4846 922 4879 ι
953 4828 1322 4900 δικαιούμενοί
1347 4847 1405 4884 τε
1430 4830 1637 4902 δωρεὰν
1665 4833 1730 4902 τῇ
1758 4832 1888 4902 παρ’

313 4915 489 4971 αὑτοῦ
520 4917 719 4988 χάριτι.
763 4937 784 4970 ι
845 4917 933 4982 Ὠς
959 4919 1078 4990 πάρ
1107 4936 1272 4997 φησιν
1301 4921 1330 4974 6
1355 4921 1621 4992 μακάριος
1659 4922 1889 4989 εὐαγγε-

311 5004 508 5076 λιστὴς
542 5005 813 5078 Ἰωάννης·
848 5026 867 5060 ι
909 5007 984 5060 Τὸ
1006 5001 1144 5078 αἷμα
1186 5007 1361 5082 Ἰησοῦ
1389 5009 1627 5080 Χριστοῦ
1660 5008 1890 5079 καθαρί-

315 5095 397 5159 ζει
424 5099 574 5168 ἡμᾶς
601 5100 710 5152 ἀπὸ
739 5099 924 5169 πάσης
946 5099 1241 5172 ἁμαρτίας.
1288 5120 1307 5154 ι
1358 5102 1566 5172 Ὄνομα
1598 5101 1661 5173 δὴ
1690 5097 1782 5155 οὖν
1814 5100 1894 5173 τῷ

317 5189 645 5261 σφαζομένῳ
663 5209 715 5261 χι
724 5191 882 5264 μάρῳ
910 5191 1113 5264 κύριος·
1141 5194 1236 5247 καὶ
1257 5193 1542 5266 κληρωτὴν
1561 5193 1771 5266 ἐδέχετο
1794 5194 1893 5265 τὴν

383 5347 432 5379 ⁸⁸
456 5346 658 5404 .Mattb.
695 5364 822 5413 xxv,
855 5349 1048 5406 51-55.
1123 5350 1167 5381 ⁸⁷
1195 5348 1370 5403 Levit.
1398 5365 1471 5413 tv,
1507 5349 1596 5413 22,
1632 5349 1720 5404 23.

319 5417 362 5447 "
398 5415 444 5471 11
472 5416 602 5472 Cor.
641 5434 694 5480 v,
725 5418 814 5472 21.
891 5420 937 5451 ’⁸
973 5419 1075 5473 lsa.
1122 5435 1232 5482 LIII,
1275 5419 1360 5472 ιε.
1438 5420 1483 5451 ’³
1519 5419 1654 5473 ibid.
1684 5419 1736 5484 5,
1767 5419 1819 5474 6.

1837 5348 1883 5381 ³⁸
1917 5347 2055 5404 Osee
2079 5366 2151 5414 ιν,
2177 5351 2228 5404 8.

1917 5421 1964 5451 ³⁵
1998 5420 2019 5474 Ι
2049 5407 2193 5476 Petr.
2229 5436 2286 5484 ιι,
2312 5419 2401 5474 Ἡ.
2475 5421 2520 5451 ⁸⁸
2550 5419 2706 5472 Rom.
2738 5407 2797 5481 'v,
2825 5411 2891 5466 10
2917 5407 3070 5481 seqq.
3148 5409 3195 5443 “
3222 5407 3388 5464 Hebr.
3428 5421 3484 5472 ιι,
3509 5407 3561 5459 9.

2000 4579 2108 4636 que
2136 4579 2235 4635 pro
2264 4562 2521 4618 omnibus
2552 4568 2804 4616 mortuus
2829 4567 2932 4623 est,
2959 4569 3020 4613 ut
3048 4572 3238 4611 omnes
3269 4556 3381 4610 Deo
3413 4555 3564 4611 viva-

1998 4670 2141 4720 mus,
2168 4653 2489 4711 sanctificati
2514 4661 2572 4707 et
2592 4651 2850 4706 vivifieati
2879 4666 2976 4720 per
3000 4647 3318 4718 sanguinem
3342 4647 3460 4718 ejus
3479 4648 3561 4711 ’7;

2003 4743 2319 4817 «iustiﬁcati
2339 4743 2502 4798 etiam
2525 4742 2694 4812 gratis
2714 4757 2810 4811 per
2840 4739 3069 4811 gratiam
3106 4738 3276 4807 ipsius
3295 4738 3359 4790 ’⁸.
3376 4756 3394 4789 ι
3428 4737 3563 4791 Nam

1995 4846 2052 4894 et
2076 4838 2268 4893 beatus
2299 4834 2632 4904 evangelista
2659 4833 2896 4888 Joannes
2924 4831 3116 4886 scribit
3141 4847 3154 4882 :
3192 4847 3209 4879 ι
3235 4828 3367 4883 Jesu-
3401 4827 3560 4883 Chri-

1996 4928 2065 4984 sti
2091 4926 2311 4997 sanguis
2351 4924 2419 4979 ab
2443 4923 2702 4978 omnibus
2740 4920 2980 4992 peccatis
3012 4934 3113 4974 nos
3148 4916 3408 4973 emundat
3429 4917 3493 4970 ".
3539 4936 3555 4966 ι

1995 5016 2205 5072 Nomen
2229 5014 2412 5082 itaque
2432 5026 2596 5081 capro
2613 5010 2894 5064 immolato
2915 5018 3054 5072 erat,
3083 5005 3366 5068 dominus;
3389 5013 3564 5058 sorte-

1999 5123 2105 5178 que
2130 5105 2494 5170 mactabatur,
2528 5111 2583 5159 et
2607 5110 2794 5157 sancta
2820 5109 2940 5156 erat
2969 5111 3231 5167 sacraque
3252 5095 3473 5150 victima
3508 5095 3562 5147 in

2001 5205 2188 5268 typum
2211 5193 2437 5259 Christi,
2466 5193 2559 5264 qui
2579 5206 2689 5246 non
2712 5206 2812 5258 pro
2840 5189 3040 5257 seipse,
3077 5185 3193 5250 sed,
3219 5192 3278 5238 ut
3306 5183 3440 5249 dixi,
3465 5197 3564 5254 pro

2339 5351 2383 5383 ⁸⁸
2412 5351 2570 5405 Deut.
2602 5362 2751 5410 xvm,
2783 5343 2808 5397 1
2839 5356 2992 5410 seqq.
3103 5338 3196 5410 "il
3223 5337 3355 5410 Cor.
3389 5352 3476 5400 xv,

318 5485 361 5516 "
389 5487 551 5543 Ro.
586 5503 640 5553 ν,
677 5487 731 5553 9,
771 5488 950 5542 17-21.
1028 5489 1073 5521 ’⁸
1105 5490 1264 5543 Rom.
1293 5505 1370 5554 ιιι,
1401 5487 1490 5543 24.
1569 5491 1614 5522 ⁰⁹
1646 5488 1844 5544 lJoan.
1875 5504 1915 5554 ι,
1945 5489 1996 5543 7.

1415 5643 1590 5700 Varize
1620 5645 1882 5704 lectiones
1915 5643 2120 5701 codicis
2139 5640 2497 5714 Seguieriani.

397 5768 436 5798 ιη
467 5757 581 5816 ἐπί.
653 5767 683 5799 ³
709 5760 922 5832 Κυρίῳ.
997 5770 1015 5792 °
1045 5757 1160 5812 τοῦ.
1241 5768 1267 5809 P
1297 5756 1558 5829 ζήσωσιν.
