4044 6212
1428 357 1483 413 S.
1520 354 1793 412 CYRILLI
1833 352 2299 412 ALEXANDRINI
2330 359 2651 415 ARCIIIEP.

3576 358 3679 412 212

418 474 578 529 imbis
614 482 868 530 mortuus
896 483 997 539 est,
1022 474 1398 543 sanguineque
1422 490 1521 529 suo
1544 474 1841 529 Ecclesiam
1868 489 1995 527 san—

2107 478 2336 547 σφαγήν·
2369 477 2523 546 ἅγιόν
2555 495 2616 531 τε
2659 476 2828 549 θῦμα,
2855 477 2953 531 καὶ
2981 434 3125 550 ἱερὸν
3160 470 3229 548 ἦν
3250 476 3329 539 εἰς
3356 474 3528 529 τύπον
3554 475 3685 546 Χριο

415 564 697 619 ctilicavit.
734 583 751 615 ι
794 563 1085 626 Mactabit,
1115 562 1323 631 inquit,
1354 564 1569 619 hircum
1597 580 1699 634 pro
1742 573 1989 634 peccato,

411 670 541 711 eum
566 655 660 725 qui
687 671 787 725 pro
814 658 1038 726 populo,
1069 666 1196 711 ante
1223 657 1519 711 Dominum
1547 676 1559 710 :
1596 666 1652 712 et
1690 656 1892 711 inferet
1925 655 1993 711 dc

414 746 679 816 sanguine
713 748 835 819 ejus
861 748 1009 802 intra
1039 748 1244 813 velum,
1278 759 1335 804 et
1376 756 1634 819 asperget
1666 747 1991 818 sanguinem

412 836 533 905 ejus
564 851 730 907 super
772 836 1232 906 propitiatorium,
1264 847 1453 894 contra
1501 838 1698 893 faciem
1731 838 1995 909 propitia-

417 928 567 993 torii,
592 940 647 983 ct
671 928 918 997 expiabit
938 930 1312 985 sanctuarium
1353 930 1421 985 ab
1443 929 1814 984 immunditiis
1850 928 1993 983 filio-

415 1034 539 1073 rum
570 1019 759 1085 Israel,
783 1021 930 1075 etab
954 1021 1240 1092 injustitiis
1261 1037 1478 1078 eorum.
1514 1023 1582 1077 Et
1615 1022 1695 1077 sic
1715 1021 1881 1076 faciet
1908 1030 1993 1075 ta-

413 1111 717 1166 bernaculo
760 1113 1095 1178 testimonii,
1131 1113 1277 1183 quod
1325 1121 1670 1169 exstructum
1730 1122 1815 1169 est
1847 1112 1995 1167 inter

412 1215 528 1265 eos,
562 1201 619 1255 in
644 1202 827 1257 medio
855 1203 1216 1259 immunditiae
1252 1220 1443 1259 eorum
1470 1206 1507 1259 ³.
1542 1225 1560 1256 ι
1591 1205 1876 1276 Ingressus
1909 1210 1995 1258 est

412 1293 560 1347 enim
585 1292 839 1350 Christus
869 1296 923 1350 in
948 1296 1145 1352 Sancta
1167 1306 1481 1352 sanctorum
1507 1314 1616 1353 non
1641 1314 1742 1369 per
1770 1296 1993 1368 sangui-

414 1396 540 1437 nem
590 1382 875 1439 hircorum
917 1393 1013 1439 aut
1054 1386 1387 1451 vitulorum,
1415 1387 1511 1442 sed
1554 1402 1653 1457 per
1702 1386 1994 1458 proprium

414 1472 757 1543 sanguinem,
790 1482 991 1528 acterna
1034 1475 1417 1545 redemptione
1450 1478 1674 1532 inventa
1698 1480 1749 1542 ’,
1783 1484 1839 1531 et
1866 1492 1994 1533 san-

413 1562 680 1629 ctificans,
699 1574 758 1618 ut
782 1565 914 1629 dixi,
931 1567 1117 1621 verius
1142 1567 1279 1623 illud
1305 1568 1747 1636 tabernaculum,
1773 1568 1880 1623 hoc
1912 1575 1997 1623 est

414 1655 735 1722 Ecclesiam,
764 1665 818 1711 et
856 1673 1048 1712 omnes
1065 1667 1339 1729 quotquot
1371 1668 1503 1715 sunt
1544 1660 1601 1714 in
1626 1661 1763 1730 ipsa.
1792 1658 1997 1715 Scribit

414 1748 784 1818 igiturbeatus
799 1748 1001 1804 Paulus
1019 1751 1223 1806 alicubi
1244 1768 1258 1805 :
1290 1771 1309 1803 ι
1331 1753 1564 1822 Pr0pter
1579 1752 1725 1822 quod
1748 1752 1994 1820 etiJesus,

2105 570 2255 635 στοῦ,
2282 571 2343 623 οὐ
2376 571 2441 625 δι’
2476 572 2669 626 ἑαυτὸν
2700 571 3160 643 ἀποθνήσκοντος,
3186 571 3300 624 ἀλλ’
3333 569 3473 637 ὑπὲρ
3499 569 3680 640 ήμῶν,

2101 662 2176 727 ὡς
2210 662 2367 734 ἔφην,
2400 665 2494 717 καί
2526 665 2843 735 ἁγιάζοντος
2870 664 2970 736 τήν
3010 662 3336 733 Ἐκκλησίαν
3355 661 3432 731 τῷ
3461 662 3575 729 ἰδίῳ
3599 661 3684 716 αῖ-

2106 772 2255 824 ματι.
2288 773 2306 807 ι
2344 756 2542 825 Σφάξει
2564 756 2674 826 γάρ
2694 756 2785 809 τὸν
2808 755 3062 827 χίμαρον,
3101 756 3286 824 φησὶν,
3317 753 3406 807 τὸν
3434 755 3560 821 περί
3584 753 3685 821 τῆς

2103 846 2408 916 ἁμαρτίας,
2450 848 2543 901 τὸν
2581 847 2836 921 περὶτοῦ
2881 846 3049 912 λαοῦ,
3088 845 3269 899 ἔναντι
3312 843 3540 915 Κυρίουο
3590 844 3685 896 καὶ

2102 937 2327 991 εἰσοίσει
2354 937 2447 993 τοῦ
2472 939 2705 1011 αἵματος
2734 939 2899 993 αὐτοῦ
2927 939 3195 1010 ἐσώτερον
3236 936 3332 991 τοῦ
3366 937 3686 990 καταπετά-

2106 1043 2339 1097 σματος,
2375 1030 2468 1083 καί⁵
2494 1031 2648 1100 ρανεῖ
2674 1030 2734 1083 τὸ
2760 1024 2898 1099 αἷμα
2922 1028 3085 1084 αὐτοῦ
3123 1029 3215 1081 ἐπὶ
3254 1027 3315 1081 τὸ
3355 1026 3683 1097 ἱλαστήριον,

2103 1122 2246 1177 κατὰ
2258 1123 2547 1194 πρόσωπον
2560 1123 2652 1177 τοῦ
2672 1124 2861 1193 ἱλαστη
2871 1123 3006 1193 ρίου,
3026 1122 3117 1176 καὶ
3135 1120 3442 1185 ὲξιλὰσεται
3453 1119 3515 1172 τὸ
3532 1119 3689 1187 ἆγιον

2102 1215 2210 1268 ἀπὸ
2234 1214 2341 1268 τῶν
2367 1215 2719 1285 ἁκαθαρσιῶν
2746 1215 2853 1268 τῶν
2882 1214 3014 1268 υἱῶν
3052 1212 3288 1285 Ἰσραὴλ,
3323 1212 3413 1266 καί⁹
3443 1211 3549 1265 ἀπὸ
3578 1210 3689 1264 τῶν

2103 1306 2455 1378 ἀδικημάτων
2484 1306 2661 1360 αὐτῶν
2684 1305 2811 1375 περὶ
2838 1304 3030 1358 πασῶν
3044 1303 3152 1357 τῶν
3179 1301 3461 1374 ἁμαρτιῶν
3484 1300 3686 1356 αὐτῶν.

2104 1398 2216 1450 Kal.
2241 1396 2383 1451 οὕτω
2424 1398 2631 1467 ποιήσει
2667 1400 2734 1469 τῇ
2763 1398 2935 1467 σκηνῇ
2949 1395 3066 1449 οτοῦ
3092 1393 3418 1466 μαρτυρίου,
3445 1396 3511 1463 τῇ
3544 1394 3692 1445 ὲκτι-

2107 1489 2279 1559 σμένῃ
2307 1489 2365 1541 ὲν
2398 1489 2603 1552 αὐτοῖς,
2644 1490 2702 1542 ὲν
2746 1488 2897 1559 μέσῳ
2919 1490 3020 1559 τῆς
3046 1486 3387 1557 ἀκαθαρσίας
3429 1484 3629 1539 αὐτῶν.
3665 1502 3684 1536 ι

2105 1579 2337 1651 Εἰσῆλθε
2352 1579 2460 1652 γὰρ
2481 1581 2509 1633 6
2533 1580 2767 1650 Χριστὸς
2789 1582 2867 1644 εἰς
2890 1579 2959 1634 τὰ
2983 1580 3149 1647 ’Ἀγια
3178 1579 3287 1631 τῶν
3318 1575 3507 1645 ἁγίων,
3534 1577 3593 1628 ού
3621 1575 3691 1628 δι’

2105 1674 2338 1744 αἵματος
2379 1673 2599 1743 τράγων
2622 1674 2717 1727 καὶ
2758 1674 2994 1744 μόσχων,
3032 1672 3120 1725 διὰ
3147 1672 3203 1724 δὲ
3232 1670 3327 1725 τοῦ
3362 1662 3695 1739 Mica-afua-

2104 1780 2219 1829 τος,
2264 1763 2489 1818 αἰωνίαν
2515 1763 2786 1834 λύτρωσιν
2818 1764 3151 1834 εὑράμενος,
3180 1763 3274 1815 καὶ
3314 1760 3577 1829 ἁγιάζων,
3614 1757 3692 1820 ὡς

416 1848 475 1894 ut
495 1840 865 1896 sanctificaret
895 1858 992 1912 per
1013 1858 1173 1897 suum
1191 1845 1513 1915 sanguinem
1530 1844 1814 1915 populum,
1843 1850 2000 1898 extra

2107 1854 2263 1926 ἔφην,
2291 1854 2391 1926 τὴν
2417 1855 2788 1927 ἀληθεστέραν
2810 1853 3038 1924 σκηνὴν,
3060 1852 3308 1908 τουτέστι
3326 1852 3426 1922 τὴν
3466 1849 3695 1918 Ἐκκλη-

412 1943 624 2003 portam
647 1950 843 2005 passus
865 1947 949 1989 est
974 1936 1026 2002 ³;
1052 1956 1069 1987 ι
1093 1944 1149 1991 et
1171 1937 1303 1991 alibi
1333 1952 1553 1992 rursum
1579 1955 1623 1989 ει
1656 1938 1845 1991 Estote
1871 1951 2003 2007 ergo

414 2027 719 2083 imitatores
743 2029 862 2095 Dei,
890 2030 1033 2085 sicut
1062 2031 1157 2085 filii
1186 2031 1498 2087 charissimi
1530 2051 1542 2086 :
1566 2040 1621 2087 et
1652 2033 1927 2088 ambulate
1948 2032 2004 2087 in

410 2117 727 2184 dilectione,
748 2120 955 2176 sicutet
967 2120 1221 2177 Christus
1246 2122 1439 2178 dilexit
1455 2140 1576 2188 nos,
1592 2132 1649 2178 et
1672 2123 1897 2178 tradidit
1913 2138 2002 2177 sc-

412 2212 704 2281 metipsum
721 2227 821 2282 pro
840 2212 1000 2267 nobis
1020 2213 1355 2269 oblationem
1375 2223 1429 2270 et
1446 2216 1680 2271 hostiam
1703 2215 1759 2270 in
1776 2215 2003 2271 odorem

417 2302 573 2373 127
601 2302 885 2357 suavitatis
903 2302 942 2355 ".
978 2321 996 2353 ›
1033 2302 1503 2361 Considerandum
1526 2315 1609 2362 est
1636 2308 1802 2379 igitur
1827 2308 1882 2361 in
1910 2322 2002 2362 ca-

412 2410 513 2465 pro
542 2396 824 2452 immolato
856 2398 1273 2455 Emmanuelem
1292 2398 1527 2455 subiisse
1552 2408 1786 2455 mortem
1809 2416 2006 2456 secun-

412 2486 542 2543 dum
562 2504 807 2554 carnem,
825 2490 1120 2561 etquidem
1140 2491 1208 2546 ad
1229 2490 1423 2546 mortis
1440 2492 1765 2562 peccatique
1782 2492 2003 2548 destru-

412 2580 675 2637 ctionem.
722 2582 854 2637 Erat
885 2583 1035 2638 enim
1064 2582 1208 2638 inter
1237 2590 1487 2639 mortuos
1529 2584 1671 2639 liber
1694 2585 1736 2651 ⁸,
1773 2585 1880 2639 hoc
1922 2591 2008 2640 est

414 2683 592 2741 neque
616 2686 648 2728 α
680 2679 906 2743 peccato
924 2674 1123 2739 victus,
1141 2690 1323 2745 neque
1355 2676 1549 2731 mortis
1572 2676 1878 2740 sententiae,
1902 2676 2009 2732 sic-

414 2772 475 2819 ut
496 2779 626 2827 nos,
675 2764 968 2821 obnoxius.
996 2766 1057 2821 In
1083 2768 1256 2822 altero
1276 2783 1519 2838 quoque,
1546 2768 1651 2823 hoc
1668 2776 1772 2834 est,
1798 2769 1853 2823 in
1880 2769 2007 2823 vivo

411 2871 479 2911 ac
499 2856 725 2913 dimisso
746 2858 903 2914 hirco
924 2858 1178 2916 eumdem
1200 2870 1533 2929 spectemus,
1553 2861 1685 2915 dum
1699 2861 1754 2917 in
1774 2876 1840 2916 eo
1860 2861 2007 2931 quod

413 2949 720 3007 secundum
750 2950 1047 3005 humanam
1078 2960 1334 3007 naturam
1376 2953 1613 3022 patitur,
1655 2970 1765 3008 non
1798 2954 2009 3024 patitur

414 3038 722 3096 secundum
747 3039 1020 3106 divinam;
1070 3048 1127 3095 et
1153 3041 1284 3096 dum
1313 3058 1479 3098 carne
1515 3045 1782 3109 moritur,
1810 3044 2008 3099 mortis

413 3129 590 3185 victor
601 3129 812 3184 evadit:
831 3147 1012 3203 neque
1028 3133 1333 3191 secundum
1348 3134 1665 3192 Judaaorum
1684 3136 2003 3201 amentiam,

2107 1947 2249 2014 σίαν,
2292 1948 2385 1999 καὶ
2417 1947 2665 2010 ἅπαντας
2708 1947 2766 2000 δὲ
2803 1948 2929 2009 τοὺς
2970 1946 3029 1999 ἐν
3073 1945 3232 2016 αὐτῇ.
3278 1945 3483 2016 Γράφει
3530 1939 3622 1995 οὖν
3662 1942 3693 1994 6

2105 2037 2394 2101 θεσπέσιος
2429 2037 2643 2100 Παῦλος
2674 2038 2805 2091 ποτὲ
2842 2038 2938 2108 μὲν
2965 2037 3081 2100 ὅτι,
3128 2054 3145 2087 ι
3195 2034 3287 2087 Διὸ
3317 2035 3410 2087 καί
3451 2030 3690 2101 Ἰησοῦς,

2104 2130 2191 2184 ἵνα
2222 2129 2424 2204 ἁγιάσῃ
2470 2130 2548 2201 τῷ
2584 2130 2699 2201 ἰδίῳ
2724 2129 2918 2201 αἵματι
2954 2129 3046 2182 τὸν
3084 2128 3235 2190 λαὸν,
3263 2126 3366 2191 ἔξω
3392 2126 3490 2196 τῆς
3517 2122 3695 2193 πύλης

2104 2222 2294 2287 ἔπαθε,
2331 2242 2349 2274 ι
2384 2221 2516 2275 ποτὲ
2558 2223 2616 2275 δὲ
2656 2222 2839 2276 πάλιψ
2886 2241 2903 2273 ι
2932 2220 3152 2273 Γίνεσθε
3195 2214 3290 2273 οῦν
3330 2215 3567 2288 μιμηταὶ
3594 2212 3695 2268 τοῦ

2104 2315 2263 2381 Θεοῦ,
2292 2315 2367 2379 ὡς
2386 2316 2551 2368 τέκνα
2573 2314 2855 2384 ἀγαπητὰ,
2884 2313 2979 2366 καὶ
3012 2311 3366 2383 περιπατεῖτε
3394 2309 3452 2361 έν
3475 2306 3694 2378 ἀγάπῃ,

2105 2407 2289 2472 καθὼς
2330 2407 2425 2462 καὶ
2466 2408 2495 2461 6
2534 2405 2769 2478 Χριστὸς
2807 2404 3093 2475 ἠγάπησεν
3133 2403 3315 2474 ήμᾶς,
3356 2401 3451 2454 καὶ
3494 2398 3698 2453 ἑαυτὸν

2106 2497 2424 2569 παρέδωκεν
2458 2497 2597 2568 ὑπὲρ
2631 2495 2788 2567 ήμῶν
2835 2493 3153 2565 προσφοράν
3199 2492 3296 2545 καὶ
3342 2490 3559 2555 θυσίαν,
3611 2491 3697 2554 εἰς

2106 2590 2282 2662 ὀσμὴν
2308 2589 2557 2653 εὐωδίας.
2594 2608 2613 2642 ι
2675 2586 2964 2659 ’Δθρητέον
3007 2585 3072 2656 δὴ
3099 2580 3191 2639 οῦν
3226 2585 3285 2637 ὲν
3309 2583 3388 2653 τῷ
3428 2582 3697 2652 σφαγέντι

2107 2683 2327 2754 χιμάρῳ
2349 2682 2637 2753 γενόμενον
2662 2679 2759 2751 μὲν
2798 2682 2855 2733 ὲν
2879 2678 3096 2749 θανάτῳ
3124 2678 3329 2749 σαρκὸς
3353 2676 3444 2729 τὸν
3477 2676 3695 2747 Ἐμμα-

2108 2775 2303 2846 νουὴλ,
2330 2774 2469 2845 πλὴν
2504 2774 2595 2827 ἐπὶ
2634 2772 2786 2826 λύσει
2824 2771 3054 2825 θανάτου
3078 2811 3091 2833 ,
3126 2770 3222 2823 κοιλ⁴
3260 2768 3550 2839 ἁμαρτίας.
3582 2761 3697 2821 Ἦν

2108 2868 2216 2937 γὰρ
2239 2870 2296 2921 ὲν
2320 2868 2535 2937 νεκροῖς
2558 2863 2860 2935 ἐλεύθερος,
2883 2861 3184 2925 τουτέστιν,
3214 2859 3488 2922 ἀνάλωτος
3513 2859 3697 2930 ἀμαρ-

2107 2960 2270 3024 τίαις,
2309 2958 2405 3012 καλ⁸
2450 2957 2551 3010 οὑκ
2594 2955 2773 3026 ἔνοχος
2824 2954 2940 3025 μεθ’
2990 2954 3169 3025 ήμῶν,
3205 2954 3271 3024 τῇ
3314 2950 3409 3005 τοῦ
3460 2950 3696 3006 θανάτου

2109 3052 2254 3123 δίκῃ.
2299 3051 2530 3120 ’Ίδωμεν
2566 3048 2727 3102 αὑτὸν
2767 3050 2824 3101 ὲν
2853 3045 2931 3117 τῷ
2967 3046 3140 3118 ἑτέρῳ
3170 3044 3392 3116 χιμάρῳ
3422 3043 3499 3115 τῷ
3529 3040 3698 3108 ζῶντι

2110 3144 2203 3197 καὶ
2227 3142 2533 3212 ἀφιεμένῳ,
2560 3141 2656 3193 καὶ
2682 3142 2740 3193 έν
2762 3137 2842 3210 τῷ
2868 3138 3062 3192 παθεῖν
3088 3137 3464 3208 ἀνθρωπίνως,
3497 3134 3570 3206 μὴ
3596 3135 3704 3188 πά-

416 3220 706 3275 nohiscum
729 3221 785 3276 in
801 3232 1155 3280 monumento
1180 3226 1465 3292 remansit,
1510 3244 1691 3298 neque
1734 3244 1844 3283 una
1881 3244 2001 3283 cum

2114 3251 2312 3306 σχοντα
2353 3232 2576 3296 θεῖκῶς·
2610 3233 2704 3285 καὶ
2741 3233 2799 3284 ὲν
2831 3230 2911 3302 τῷ
2955 3229 3205 3283 τεθνάναι
3236 3228 3429 3301 σαρκὶ,
3462 3227 3697 3281 θανάτου

417 3309 540 3365 aliis
563 3310 709 3365 intra
735 3311 933 3367 inferni
968 3322 1152 3383 portas
1180 3314 1439 3370 detentus
1468 3314 1589 3369 fuit.
1627 3316 1786 3381 Nam,
1815 3324 1876 3370 ut
1916 3315 2003 3371 di-

417 3403 665 3477 scipulus
694 3404 839 3459 illius
862 3405 1089 3460 asserit:
1122 3426 1139 3457 ι
1169 3407 1290 3462 Non
1311 3407 1573 3463 derelicta
1594 3418 1678 3463 est
1702 3409 1757 3463 in
1788 3407 2005 3464 inferno

419 3497 602 3553 anima
636 3499 777 3570 ejus,
802 3514 980 3570 neque
1006 3515 1135 3556 caro
1167 3500 1286 3570 ejus
1311 3500 1451 3555 vidit
1472 3500 1882 3571 corruptionem
1905 3501 1946 3554 ⁸.
1979 3519 1998 3552 ι

422 3590 641 3647 Revixit
667 3591 814 3646 enim
843 3592 1091 3662 spoliatis
1111 3592 1332 3660 inferis;
1360 3601 1417 3647 et
1446 3593 1515 3647 iis
1541 3594 1636 3664 qui
1660 3592 1830 3648 vincti
1859 3592 2003 3648 deti-

419 3683 695 3741 nebantur
724 3684 864 3741 dixit
888 3701 900 3737 :
928 3685 1120 3752 Exite;
1155 3693 1211 3741 et
1235 3685 1304 3742 iis
1330 3687 1424 3757 qui
1451 3686 1507 3740 in
1531 3685 1774 3741 tenebris
1802 3692 1961 3740 erant
1988 3704 2001 3739 :

420 3776 762 3833 Revelamini
782 3776 801 3807 "
828 3794 841 3829 :
869 3783 921 3832 et
940 3776 1007 3831 ad
1032 3792 1334 3846 supernum
1352 3777 2002 3851 coelestemquePatrem,

420 3867 604 3925 locum
660 3867 849 3937 utique
907 3867 1228 3923 hominibus
1290 3868 1662 3933 inaccessum,
1724 3867 2004 3933 ascendit,

420 3956 662 4028 peccatis
698 3959 904 4014 nostris
934 3959 990 4015 in
1024 3974 1082 4014 se
1114 3960 1406 4030 susceptis,
1458 3969 1515 4015 et
1556 3960 1876 4030 propitiatio
1904 3974 2007 4030 pro

422 4053 531 4108 illis
559 4053 849 4109 exsistens.
872 4052 1079 4109 Scribit
1102 4052 1250 4107 enim
1282 4046 1477 4121 beatus
1508 4054 1747 4108 Joannes
1783 4053 1873 4107 his
1911 4053 2005 4123 qui

422 4147 474 4199 in
500 4144 657 4201 illum
684 4144 1019 4203 credebam:
1060 4164 1077 4196 ι
1102 4145 1280 4202 Filioli
1308 4145 1439 4210 mei,
1467 4144 1584 4199 base
1609 4144 1793 4200 scribo
1824 4143 2004 4209 vobis,

421 4244 480 4293 ut
507 4252 617 4291 non
642 4236 898 4306 peccetis.
944 4235 1052 4291 Sed
1089 4245 1145 4291 et
1175 4236 1220 4291 si
1252 4237 1376 4307 quis
1404 4238 1737 4307 peccaverit,
1775 4236 2007 4291 advoca-

423 4339 539 4386 tum
562 4327 833 4383 habemus
853 4327 998 4398 apud
1012 4329 1251 4393 Patrem,
1271 4327 1457 4382 Jesum
1473 4327 1754 4382 Christum
1772 4329 2004 4399 justum,

420 4429 477 4476 ct
498 4420 615 4490 ipse
648 4427 733 4475 est
755 4418 1073 4490 propitiatio
1099 4434 1200 4489 pro
1233 4418 1477 4489 peccatis
1500 4419 1706 4473 nostris
1733 4437 1745 4471 :
1775 4434 1883 4472 non
1905 4432 2007 4488 pro

420 4512 628 4569 nostris
656 4520 841 4568 autem
876 4521 1087 4570 tantum
1112 4556 1124 4577 ,
1165 4513 1259 4568 sed
1296 4512 1460 4567 etiam
1495 4527 1595 4582 pro
1624 4512 1794 4567 totius
1840 4527 2005 4567 mun-

420 4604 476 4659 di
494 4604 535 4659 ⁸.
572 4623 590 4656 ι
621 4604 876 4660 Arbitror
911 4616 1092 4661 autem
1130 4622 1236 4659 non
1280 4605 1377 4659 abs
1414 4621 1474 4660 re
1498 4604 1637 4670 fore,
1668 4604 1715 4659 si
1753 4605 1821 4659 de
1860 4605 2006 4675 lega-

420 4696 566 4751 libus
593 4712 814 4768 quoque
837 4697 1152 4767 scripturis,
1180 4698 1707 4753 commonefaciendi
1730 4698 2002 4754 auditoris

418 4786 615 4857 gratia,
648 4788 912 4846 nonnulla
969 4789 1058 4842 hic
1113 4797 1379 4858 repetam.
1423 4788 1639 4844 Habent
1688 4798 1872 4845 autem
1930 4791 1999 4846 ad

420 4874 571 4932 hunc
604 4877 825 4933 modum
857 4895 870 4932 :
901 4897 920 4930 ‹
948 4878 1015 4934 Et
1051 4877 1286 4933 adducet
1327 4879 1542 4935 hircum
1590 4881 1897 4948 viventem;
1941 4893 1997 4938 et

422 4967 669 5038 imponet
690 4968 875 5026 Aaron
904 4986 1100 5025 manus
1124 4986 1253 5025 suas
1278 4985 1443 5042 super
1470 4981 1637 5042 caput
1662 4972 1803 5028 hirci
1820 4974 2009 5029 viven-

420 5060 515 5125 tis,
551 5070 609 5117 et
642 5061 998 5118 confitebitur
1028 5077 1193 5134 super
1219 5062 1337 5133 ipso
1358 5076 1553 5117 omnes
1587 5063 1905 5133 iniquitates
1940 5064 2005 5120 fi-

420 5152 622 5208 liorum
653 5152 855 5221 Israel,
886 5163 943 5211 et
980 5170 1175 5210 onmes
1216 5154 1514 5226 injustitias
1545 5169 1759 5219 eorum,
1802 5165 1857 5210 et
1884 5171 2004 5211 om-

422 5246 511 5298 nia
564 5253 786 5313 peccata
840 5263 1033 5301 eorum
1080 5265 1092 5300 :
1141 5254 1198 5302 et
1250 5247 1495 5316 imponet
1542 5259 1608 5299 ea
1641 5260 1806 5314 super
1841 5256 2008 5316 caput

422 5334 563 5392 hirci
598 5336 857 5404 viventis,
891 5346 948 5392 et
982 5339 1197 5395 emittet
1219 5355 1349 5394 eum
1372 5338 1427 5393 in
1455 5353 1619 5393 manu
1660 5336 1901 5393 hominis
1937 5338 2005 5393 ad

491 5490 509 5521 ¹
555 5489 735 5573 iacvit;
762 5507 880 5573 3m,
920 5492 1005 5556 15,
1196 5494 1424 5573 _’_H_ebr.
1453 5511 1525 5559 Ix,
1558 5493 1679 5573 l_2._
1722 5493 1743 5525 ³
1775 5491 1941 5548 llcbr.
1974 5509 2001 5547 κ

2120 5493 2204 5547 12.
2286 5494 2305 5524 ⁸
2338 5492 2540 5563 Ephes.
2575 5510 2628 5559 v,
2670 5494 2717 5559 l,
2744 5495 2797 5548 2.
2875 5495 2894 5527 '
2928 5494 3069 5550 Psal.
3102 5510 3334 5560 Lxxxvu,

423 5574 512 5625 xv,
554 5560 635 5614 l0.
715 5561 735 5591 '
761 5561 864 5618 lsa.
895 5578 1036 5629 xux,
1064 5564 1116 5616 9.
1195 5564 1215 5597 ⁸
1240 5565 1258 5619 l
1284 5565 1440 5620 Joau.
1478 5582 1537 5630 ιι,
1571 5567 1619 5629 l,
1647 5564 1699 5617 ἓ.

2108 3326 2411 3397 κρείττονα,
2465 3326 2559 3378 καὶ
2608 3323 2691 3389 ού,
2744 3324 2888 3377 κατὰ
2933 3322 3031 3393 τὴν
3096 3320 3362 3374 Ἰουδαίων
3410 3319 3696 3384 ἀπόνοιαν,

2108 3414 2481 3485 ἁπομείναντα
2538 3412 2657 3482 μεθ’
2709 3410 2867 3482 ήμῶν
2938 3411 2996 3462 ὲν
3057 3409 3342 3480 μνήματι,
3411 3405 3508 3459 καὶ
3564 3404 3701 3458 κάτ-

2107 3524 2229 3579 οχον
2261 3505 2522 3575 γεγονότα
2553 3505 2672 3568 ταῖς
2706 3503 2831 3574 ᾅδου
2864 3500 3062 3565 πύλαις
3090 3502 3201 3564 τοῖς
3229 3499 3407 3562 ἀλλοις
3430 3495 3589 3568 ὁμοῦ.
3610 3496 3700 3561 Ὠς

2108 3599 2217 3670 γὰρ
2250 3601 2278 3652 6
2300 3596 2464 3651 αὑτοῦ
2494 3614 2626 3667 φησι
2664 3596 2935 3667 μαθητήςο
2972 3613 2990 3646 ι
3026 3592 3164 3648 Οὔτε
3191 3589 3588 3661 ἐγκατελείφθη
3617 3591 3701 3654 εἰς

2110 3690 2243 3762 ᾅδην
2276 3688 2482 3761 ἡψυχὴ
2521 3685 2708 3751 αὐτοῦ,
2743 3686 2866 3739 οὔτε
2902 3688 2934 3756 ή
2968 3684 3105 3756 σὰρξ
3139 3682 3305 3738 αὐτοῦ
3334 3678 3444 3735 οἵδε
3477 3677 3701 3749 διαφθο-

2114 3784 2233 3855 ράν.
2269 3801 2289 3834 ι
2340 3780 2567 3834 Ἀνεὸίω
2594 3778 2702 3850 γὰρ
2738 3777 3039 3840 σκυλεύσας
3074 3775 3167 3829 τὸν
3194 3775 3348 3846 ᾅδην,
3382 3772 3612 3836 καὶτοῖς
3640 3770 3703 3823 ὲν

2109 3870 2329 3939 δεσμοῖς
2375 3865 2566 3920 εἰπών’
2622 3864 2931 3933 Ἐξέλθετε,
2988 3865 3083 3918 καὶ
3115 3866 3229 3928 τοῖς
3258 3865 3317 3916 ὲν
3348 3860 3427 3932 τῷ
3474 3859 3657 3914 σκότει
3681 3876 3698 3891 ο

2124 3956 2589 4028 Ἀνακαλύφθητεο
2623 3958 2718 4010 καί⁵
2742 3956 2875 4027 πρὸς
2907 3953 2999 4008 τὸν
3037 3954 3150 4009 ἄνω
3176 3954 3269 4007 καὶ
3297 3955 3354 4007 ὲν
3382 3955 3495 4016 τοῖς
3528 3952 3699 4022 ούρα-

2111 4053 2222 4113 νοῖς
2253 4051 2472 4120 Πατέρα
2492 4089 2506 4115 ,
2538 4048 2634 4103 καὶ
2668 4050 2748 4112 εἰς
2790 4047 2881 4101 τὸν
2909 4047 3219 4118 ἀνθρώποις
3253 4045 3453 4102 ἄϐατον
3490 4044 3701 4115 ἀνεπή-

2109 4142 2237 4215 δησε
2275 4151 2303 4191 ιι
2338 4140 2533 4213 χῶρον,
2567 4139 2729 4203 αὐτὸς
2757 4141 2844 4209 ἐφ’
2876 4139 3053 4211 ἐαυτῷ
3087 4139 3187 4202 τάς
3220 4138 3497 4209 ἁμαρτίας
3538 4136 3699 4206 ἡμῶν

2111 4232 2419 4298 ἀναλαϐὼν,
2451 4233 2546 4285 καὶ
2584 4232 2810 4302 ἱλασμὸς
2844 4232 3106 4303 ὑπάρχων
3145 4230 3276 4302 περὶ
3312 4229 3513 4283 αὐτῶν.
3555 4228 3702 4298 Γρά-

2111 4344 2201 4396 φει
2227 4325 2357 4393 γοῦν
2376 4325 2404 4377 ὁ
2434 4324 2719 4389 θεσπέσιος
2761 4323 3013 4393 Ἰωάννης
3038 4325 3151 4387 τοῖς
3181 4324 3259 4385 εἰς
3282 4322 3444 4376 αὑτὸν
3472 4317 3699 4372 πιστεύ-

2112 4435 2258 4473 σασι*
2296 4436 2315 4470 ι
2349 4418 2569 4483 Τεκνία,
2599 4418 2772 4471 ταῦτα
2802 4417 2999 4489 γράφω
3033 4417 3183 4487 ὑμῖν,
3218 4416 3302 4469 ἵνα
3335 4415 3408 4486 μὴ
3448 4410 3701 4483 ἁμαρτά-

2113 4529 2261 4583 νητε.
2305 4512 2415 4565 Καὶ
2458 4511 2553 4565 ἐάν
2586 4528 2670 4575 τις
2703 4510 2760 4564 δὲ
2794 4510 3055 4581 ἁμάρτῃ,
3109 4508 3458 4578 παράκλητον
3497 4505 3699 4576 ἔχομεν

2115 4605 2252 4676 πρὸς
2280 4604 2371 4660 τὸν
2397 4602 2620 4674 Πατέρα
2658 4600 2864 4673 Ἰησοῦν
2898 4600 3132 4673 Χριστὸν
3161 4601 3386 4654 δίκαιον·
3411 4598 3505 4652 καὶ
3535 4596 3705 4661 αὐτὸς

2114 4695 2339 4767 ἱλασμός
2372 4695 2487 4748 ἐστι
2520 4694 2650 4766 περὶ
2668 4693 2777 4746 τῶν
2810 4691 3095 4764 ἁμαρτιῶν
3125 4691 3302 4761 ήμῶνο
3338 4690 3398 4743 ού
3429 4689 3557 4760 περὶ
3590 4689 3701 4743 τῶν

2108 4787 2394 4859 ἡμετέρων
2420 4786 2476 4841 δὲ
2501 4785 2681 4857 μόνον,
2709 4784 2844 4839 ἀλλὰ
2866 4784 2958 4837 καὶ
2981 4784 3110 4855 περὶ
3136 4781 3231 4835 τοῦ
3261 4781 3383 4835 ὅλου
3407 4780 3637 4850 κόσμου.
3673 4797 3690 4828 ι

2106 4875 2272 4950 Οἶμαι
2310 4878 2367 4932 δὲ
2396 4879 2526 4940 δεῖν,
2560 4877 2655 4931 καί
2676 4876 2847 4948 αὐτὴν
2888 4875 3221 4943 ποιήσασθαι
3246 4874 3343 4945 τὴν
3384 4873 3695 4944 παράθεσιν

2110 4971 2220 5024 τῶν
2244 4969 2483 5041 νομικῶν
2517 4970 2863 5041 γραμμάτων
2892 4970 2972 5032 εἰς
3005 4969 3311 5039 ἀνάμνησιν
3340 4970 3455 5031 τοῖς
3484 4968 3703 5036 ἀκροω-

2115 5066 2316 5134 μένοις.
2358 5063 2510 5133 Ἔχει
2548 5062 2607 5115 δὲ
2635 5062 2797 5116 οὕτω·
2855 5081 2873 5114 ι
2912 5063 3024 5117 Kal.
3052 5060 3314 5136 προσάξει
3350 5061 3441 5114 τὸν
3464 5058 3702 5130 χίμαρον

2109 5155 2203 5209 τὸν
2248 5153 2447 5218 ζῶντα,
2489 5154 2583 5207 καὶ
2615 5154 2865 5226 ἐπιθήσει
2912 5153 3128 5227 Ἀαρὼν
3168 5154 3268 5218 τὰς
3298 5156 3489 5224 χεῖρας
3532 5148 3699 5203 αὑτοῦ

2109 5247 2202 5300 ἐπὶ
2221 5247 2317 5317 τὴν
2347 5246 2588 5316 κεφαλὴν
2608 5247 2700 5299 τοῦ
2723 5247 2959 5318 χιμάρου
2990 5246 3084 5301 τοῦ
3108 5247 3331 5313 ζῶντος.
3365 5246 3474 5300 Kal.
3507 5244 3699 5312 ἐξαγο-

2113 5338 2293 5408 ρεύσει
2310 5339 2397 5390 ἐπ’
2421 5338 2587 5391 αὑτοῦ
2610 5341 2789 5403 πάσας
2808 5340 2905 5404 τὰς
2920 5340 3149 5410 ἀνομίας
3170 5338 3276 5393 τῶν
3297 5338 3426 5392 υἱῶν
3459 5334 3699 5409 Ἰσραὴλ,

3505 5490 3678 5549 ‘Psal

1533 5704 1710 5760 Varia:
1730 5703 1997 5759 lectiones
2028 5699 2235 5759 codicis
2264 5701 2628 5774 chuicriani.

498 5798 525 5844 ει
556 5790 901 5865 ἀπεδήμησε.
