4044 6212
346 344 464 402 Si?)
1730 339 2063 398 EPISTOLA
2101 343 2236 397 XLI.
3505 345 3564 398 21
3578 345 3612 400 ιι

352 461 460 514 καὶ
478 460 654 522 πάσας
671 456 766 521 τὰς
776 457 994 521 ἀδικίας
1012 457 1212 511 αὒτῶψ
1237 476 1329 513 και
1349 459 1528 523 πάσας
1550 459 1649 524 τὰς
1664 461 1937 532 ἁμαρτίας

2061 475 2145 515 ιοο
2163 463 2336 531 parati
2377 464 2432 518 in
2455 462 2873 519 solitudinem’.
2913 480 2928 512 ι
2961 460 3093 515 Vide
3133 459 3298 530 igitur
3322 473 3432 528 quo
3453 469 3614 529 pacto

361 550 568 604 αὐτῶνθ
588 550 676 602 καὶ
691 549 942 618 ἐπιθήσει
976 547 1146 612 αὑτὰς
1165 549 1256 602 ἐπὶ
1275 549 1375 620 τὴν
1391 550 1633 621 κεφαλὴν
1649 551 1742 604 τοῦ
1765 551 1932 622 χιμά-

2061 552 2199 606 τιίιιιῐι
2223 554 2406 623 priore
2434 555 2589 609 hirco
2621 560 2857 608 mactato
2876 593 2889 614 ,
2915 553 3147 604 alterum
3175 550 3408 604 subinde
3431 551 3614 604 vivum

367 658 469 709 ρου
498 639 586 692 τοῦ
613 637 831 702 ζῶντος·
875 639 968 692 καὶ
999 640 1347 706 ὲξαποστελεῖ
1387 643 1444 693 ἐν
1466 643 1610 712 χειρὶ
1649 643 1933 714 ἀνθρώπου

2061 643 2294 711 ιρρεΙΙει.
2326 644 2454 697 Erat
2475 645 2646 707 enim,
2679 652 2741 696 ut
2783 643 2896 712 jam
2931 641 3078 704 dixi,
3115 641 3170 695 in
3201 648 3434 708 utroque
3476 655 3617 695 unus

355 729 578 796 ἑτοίμου
611 727 688 789 είς
715 729 814 798 τὴν
835 727 1061 798 ἔρημον.
1094 747 1112 780 ι
1156 729 1343 800 Ἀθρει
1364 729 1427 800 δὴ
1443 727 1556 790 οὖν.
1581 732 1723 795 ὄπως
1744 733 1835 785 καί
1854 749 1935 785 τοι

2061 746 2093 787 τι
2140 735 2288 788 solus
2335 736 2504 789 Filius
2538 743 2594 790 et
2645 734 2910 788 Dominus
2940 733 3100 787 Jesus
3125 731 3374 786 Christus
3423 731 3610 786 adum-

352 821 449 873 τοῦ
494 821 712 889 πρώτου
759 821 1055 889 σφαγέντος
1087 822 1322 891 χιμάρου
1345 861 1360 884 ,
1402 823 1577 887 ζῶντα
1612 823 1936 893 πλεισταχοῦ

2061 831 2256 890 tratus;
2274 833 2333 878 ut
2346 825 2460 894 qui,
2477 825 2606 880 licet
2627 824 2928 880 secundum
2945 823 3219 892 propriam
3242 838 3460 877 carncm
3473 830 3623 892 pate—

347 911 446 960 :6v
477 910 672 978 ἓτερον
704 909 979 978 ὀνομάζειο
1017 904 1084 979 ἦν
1113 910 1258 980 γὰρ,
1310 910 1387 974 ὠς
1440 910 1596 980 ἔφην,
1636 912 1693 963 ἐν
1737 912 1939 980 ἀμφοῖν

2061 923 2215 977 -etur,
2255 924 2438 969 tamen
2489 924 2641 969 extra
2682 930 2900 969 omnem
2950 914 3260 983 passionem
3297 921 3501 983 ageret,
3560 923 3624 968 ut

347 1001 707 1070 γραφόμενος
740 997 819 1064 εἷς
851 1002 943 1056 καὶ
989 1001 1148 1072 μόνος
1180 1003 1331 1068 Υἱὸς,
1362 1006 1455 1057 καὶ
1493 1005 1694 1075 Κύριος
1733 1005 1940 1074 Ἰησοῦς

2061 1008 2207 1061 norti
2247 1007 2548 1078 subjectus,
2595 1015 2649 1063 et
2698 1023 2863 1077 supra
2910 1015 3165 1061 mortem.
3214 1006 3443 1059 Vivebat
3474 1005 3621 1060 enim

350 1092 619 1161 Χριστὸς,
653 1093 730 1156 ὡς
760 1095 816 1147 ὲν
845 1094 1004 1147 πάθει
1041 1095 1243 1166 σαρκὸς
1281 1096 1434 1162 ίδίας,
1467 1097 1560 1152 καὶ
1585 1097 1689 1162 ἔξω
1714 1097 1940 1160 πάθους,

352 1182 431 1244 ὡς
466 1185 528 1235 ὲν
571 1182 826 1255 Θανάτῳ,
862 1186 954 1238 καὶ
1000 1186 1142 1257 ὑπὲρ
1185 1185 1435 1241 θάνατον.
1475 1188 1608 1258 Ἔζη
1645 1188 1753 1260 γὰρ
1789 1191 1817 1242 6
1847 1189 1940 1242 τοῦ

352 1271 494 1323 Θεοῦ
522 1274 701 1340 Λόγος
730 1274 1148 1345 καὶ-γευομένης
1174 1276 1400 1329 Θανάτου
1427 1277 1526 1347 τῆς
1555 1279 1712 1345 ἁγίας
1745 1277 1943 1349 σαρκὸς

350 1360 548 1425 αὑτοῦ,
581 1363 676 1414 καὶ
710 1364 1021 1433 μεμένηκεν
1055 1364 1290 1436 ἀπαθὴς,
1329 1367 1420 1421 καί
1446 1385 1529 1421 τοι
1556 1367 1648 1421 τοῦ
1683 1369 1810 1422 ἰδίου
1844 1368 1947 1422 σώ-

354 1469 536 1520 ματος
556 1452 622 1504 τό
642 1453 811 1517 πάθος
826 1456 1214 1526 οἰκειούμενος,
1239 1459 1332 1513 καὶ
1351 1462 1432 1523 είς
1454 1459 1642 1512 ἑαυτὸν
1659 1461 1946 1531 ἀναφέρων

350 1543 519 1596 αὐτό.
549 1543 680 1596 Ἴδοι
705 1544 751 1596 δ’
779 1546 846 1600 ἄν
874 1563 956 1608 τις
993 1547 1150 1602 τοῦτο
1174 1549 1234 1601 τὸ
1266 1549 1401 1619 βαθὺ
1437 1551 1531 1604 καὶ
1558 1551 1716 1622 μέγας
1741 1552 1949 1622 μυστή-

358 1650 488 1701 ριον
515 1636 612 1687 καὶ
643 1637 1020 1708 ἑτεροτρόπως
1053 1638 1186 1707 ἡμῖν
1210 1640 1554 1710 γραφόμενον
1588 1643 1644 1695 ὲν
1676 1641 1754 1712 τῷ
1787 1642 1948 1694 Λευι-

355 1725 529 1795 τικῷ.
578 1727 1014 1798 Μεμολυσμένον
1059 1730 1166 1801 γὰρ
1214 1733 1505 1801 ἀποφαίνει
1543 1733 1636 1786 τὸν
1689 1733 1886 1803 λεπρδν
1921 1735 1950 1786 6

355 1819 454 1872 διὰ
495 1821 782 1886 Μωῦσέως
834 1825 1032 1894 νόμοςο
1081 1827 1466 1896 ἐκπέμπεσθαι
1511 1829 1569 1882 δὲ
1614 1831 1952 1902 προστέταχε
1988 1806 2024 1859 Β

359 1913 468 1979 τῆς
508 1912 866 1983 παρεμϐολῆς
903 1915 980 1978 ὡς
1027 1917 1358 1986 ἀκάθαρτον.
1393 1919 1457 1972 Ei
1484 1919 1541 1972 δὲ
1586 1919 1824 1991 συμϐαίη
1850 1938 1952 1975 κα-

353 2001 694 2070 ταλωφῆσαι
720 2002 781 2054 τὸ
802 2003 998 2066 πάθος,
1021 2005 1141 2059 τότε
1175 2007 1260 2078 δὴ,
1288 2009 1409 2060 τότε
1442 2008 1782 2078 παράδεκτον
1803 2011 1956 2078 γενέ-

363 2092 496 2143 σθαι
526 2092 762 2147 κελεύει.
781 2095 891 2147 Καὶ
927 2096 994 2166 δὴ
1016 2096 1109 2150 καί
1141 2113 1334 2166 φησιν’
1363 2117 1382 2150 ι
1406 2089 1574 2162 Οὗτος
1599 2101 1627 2152 ὀ
1657 2101 1824 2171 νόμος
1856 2100 1952 2158 τοῦ

361 2180 585 2252 λεπροῦ
608 2199 619 2211 ·
651 2179 731 2255 ⁷ῌ
759 2184 826 2238 ἂν
846 2186 1028 2257 ἡμέρᾳ
1049 2187 1375 2258 καθαρισθῇ,
1391 2189 1485 2242 καὶ
1514 2191 1955 2262 προσαχθήσεται

364 2273 515 2343 πρὸς
550 2274 643 2327 τὸν
689 2277 872 2346 ίερέα·
925 2277 1020 2330 καὶ
1056 2276 1394 2344 ἐξελεύσεται
1424 2280 1452 2332 6
1497 2279 1674 2350 ίερεὺς
1714 2280 1818 2346 ἔξω
1854 2282 1957 2353 τῆς

370 2361 753 2434 παρεμϐολῆς,
789 2365 884 2417 καὶ
915 2365 1105 2434 ὄψεται
1136 2368 1163 2419 6
1195 2368 1394 2436 ίερεὺς,
1428 2369 1522 2421 καὶ
1577 2368 1684 2422 ἰδοὺ
1732 2372 1878 2425 ίᾶται
1920 2374 1953 2443 ἡ

369 2451 492 2521 ἁφὴ
535 2453 636 2523 τῆς
664 2453 875 2526 λέπρας
919 2455 1027 2508 ἀπὸ
1074 2455 1169 2508 τοῦ
1222 2455 1424 2528 λεπροῦ
1446 2474 1460 2489 ·
1491 2458 1582 2512 καὶ
1613 2459 1905 2529 προστάξει
1931 2464 1958 2517 6

373 2543 588 2615 ἱερεὺς,
622 2546 718 2599 καὶ
745 2547 1006 2619 λήψονται
1029 2547 1106 2619 τῷ
1130 2547 1526 2621 κεκαθαρμένῳ
1563 2559 1584 2586 τ
1617 2550 1710 2605 δύο
1743 2552 1958 2623 ὀρνίθια

373 2632 561 2686 ζῶντα
588 2634 805 2706 καθαρά
825 2652 838 2667 ο
857 2637 954 2688 καὶ⁹
979 2637 1276 2704 προστάξει
1292 2640 1319 2692 6
1349 2641 1550 2711 ἱερεὺς,
1573 2641 1667 2694 καὶ
1696 2641 1959 2711 σφάξουσι

372 2725 441 2777 τὸ
467 2725 705 2798 ὀρνίθιον
729 2729 792 2782 τὸ
825 2729 884 2782 ἓν
918 2731 998 2793 είς
1021 2731 1242 2799 ἀγγεῖον
1269 2732 1592 2804 ὀστράκινον
1631 2737 1716 2804 ἐφ’
1749 2743 1771 2771 ³
1806 2734 1960 2790 ὕδατι

376 2815 579 2879 ζῶντιο
613 2820 706 2871 καί
733 2819 794 2872 τὸ
822 2820 1056 2892 ὀρνίθιον
1081 2821 1142 2875 τὸ
1174 2821 1283 2886 ζῶν
1308 2823 1540 2895 λήψεται
1563 2827 1712 2891 αὐτὸ,
1743 2828 1838 2880 καὶ
1861 2827 1960 2896 βά-

374 2906 474 2974 ψει
507 2909 592 2971 είς
620 2909 682 2962 τὸ
713 2905 852 2981 αἷμα
876 2911 968 2966 τοῦ
990 2911 1224 2983 ὀρνιθίου
1248 2913 1340 2967 τοῦ
1368 2916 1667 2985 σφαγέντος
1691 2917 1776 2987 ἐφ’
1805 2916 1960 2971 ὕδατι

378 2997 582 3060 ζῶν-δι’
623 3001 720 3054 καὶ
759 3005 1080 3074 περιῤῥανεῖ
1131 3005 1226 3059 ἐπὶ
1277 3006 1368 3059 τὸν
1401 3006 1802 3079 καθαρισθέντα
1852 3010 1962 3064 ἀπὸ

379 3090 484 3158 τῆς
507 3089 716 3163 λέπρας
737 3093 988 3158 ἑπτάκις,
1015 3095 1108 3148 καὶ
1137 3095 1373 3166 καθαρὸς
1408 3096 1582 3153 ἔσται.
1623 3100 1734 3152 Καὶ
1765 3100 1960 3165 ἐξαπο-

383 3180 571 3234 στελεῖ
597 3185 658 3236 τὺ
687 3184 920 3257 ὀρνίθιον
952 3186 1014 3239 τὸ
1042 3185 1148 3251 ζῶν
1192 3190 1271 3252 είς
1302 3188 1363 3242 τὸ
1405 3189 1601 3244 πεδίον.
1659 3209 1678 3242 ι
1720 3192 1824 3246 Δύο
1860 3194 1958 3264 μὲν

383 3266 489 3326 οὖν
528 3272 599 3325 τὰ
628 3276 815 3346 πτηνὰ,
854 3277 950 3331 καὶ
984 3277 1270 3348 ἀκίϐδηλα,
1315 3280 1562 3334 τουτέστι
1594 3281 1830 3353 καθαρὰ,
1867 3285 1962 3338 καλ⁸

391 3360 676 3432 μηδεμίαν
698 3365 887 3436 ἔχοντα
917 3367 1189 3440 διαϐολὴν,
1220 3370 1316 3440 τὴν
1345 3371 1456 3425 ἀπὸ
1475 3371 1569 3425 τοῦ
1598 3373 1763 3443 νόμου
1783 3374 1925 3445 φημί
1945 3393 1958 3406 ο

387 3454 488 3506 καὶ
525 3453 584 3506 τὸ
613 3457 708 3524 μὲν
750 3458 808 3510 ἒν
850 3457 1119 3528 ἐσφάζετο
1157 3461 1243 3530 ἐφ’
1274 3460 1428 3514 ὕδατι
1459 3460 1642 3530 ζῶντι,
1690 3463 1818 3532 τόγε
1857 3465 1962 3536 μὴν

382 3542 576 3613 ἕτερον
602 3544 708 3609 ἔξω
744 3547 906 3616 μένον
941 3551 1178 3620 σφαγῆς,
1206 3545 1326 3604 εἶτα
1353 3550 1647 3621 βαπτισθὲν
1681 3554 1740 3608 έν
1767 3554 1847 3625 τῷ
1877 3556 1959 3609 αἶ-

384 3653 519 3703 ματι
551 3638 645 3690 τοῦ
685 3640 1150 3713 τετελευτηκότος,
1176 3643 1270 3699 καὶ
1295 3644 1380 3714 ἐφ’
1415 3643 1568 3699 ὕδατι
1600 3646 1782 3713 ζῶντι,
1822 3649 1964 3704 κατά

382 3727 475 3778 τὸν
504 3729 620 3781 ἴσον
666 3731 742 3800 τῷ
779 3736 996 3804 χιμάρῳ
1025 3735 1224 3806 τρόπον
1255 3738 1333 3799 είς
1362 3738 1462 3807 τὴν
1486 3737 1692 3808 ἔρημον
1725 3739 1963 3811 ἐξεπέμ-

387 3834 540 3871 πετο.
587 3820 990 3895 ’Υπεμφήνειεν
1020 3825 1064 3878 δ’
1097 3825 1164 3882 ἂν
1215 3827 1243 3879 6
1279 3826 1448 3890 τύπος
1493 3831 1623 3899 ἡμῖν
1665 3831 1964 3902 κάντούτῳ

385 3909 450 3980 δη
487 3912 653 3966 πάλιν
683 3913 745 3965 τὸ
769 3916 908 3984 μέγα
939 3918 1261 3988 μυστήριον,
1297 3918 1393 3972 καλ⁹
1425 3919 1621 3973 σεπτὸν
1656 3922 1749 3974 τοῦ
1781 3921 1964 3993 Σωτῆ-

391 4016 481 4070 ρος
511 4003 690 4072 ἡμῶν.
718 4001 826 4060 Ἦν
868 4009 972 4083 μὲν
1000 4008 1106 4079 γὰρ
1152 4010 1380 4076 ἀνωθεν,
1430 4012 1705 4066 τουτέστιν
1767 4015 1832 4067 ὲκ
1864 4014 1962 4067 τοῦ

387 4093 626 4163 Πατρὸς,
662 4097 755 4150 καὶ
789 4098 848 4162 ἐξ
894 4099 1138 4172 οὐρανῶν
1183 4102 1211 4154 ὀ
1251 4101 1422 4171 Λόγος
1451 4118 1464 4132 ⁸
1516 4105 1688 4176 ταύτῃ
1733 4123 1813 4158 τοι
1871 4106 1967 4159 καὶ

391 4184 542 4253 μάλα
576 4187 798 4252 εἰκότως
829 4191 1017 4262 πτηνῷ
1053 4193 1469 4263 παρεικάζεται.
1508 4196 1966 4268 Καταπεφοίτηκε

388 4274 446 4327 δὲ
504 4277 863 4349 οἰκονομικῶς
905 4282 986 4345 είς
1030 4283 1288 4353 ὁμοίωσιν
1330 4284 1429 4355 τὴν
1458 4285 1594 4354 πρὸς
1647 4288 1814 4357 ἡμᾶς,
1873 4288 1969 4340 καὶ

388 4366 556 4420 ἔλαϐε
585 4368 774 4425 ϐούλου
805 4373 1019 4444 μορφήν
1039 4391 1054 4406 ⁸
1087 4373 1224 4446 πλὴν
1249 4375 1346 4429 καὶ
1377 4375 1584 4431 ἀνωθεν
1630 4371 1786 4440 οὗτος
1823 4379 1839 4414 ι
1877 4374 1963 4449 ἦν.

386 4458 505 4510 Καὶ
533 4461 668 4527 γοῦν
707 4462 945 4532 ἔφασκεν
973 4469 1239 4541 ἐναργῶς,
1293 4469 1566 4534 Ἰουδαίοις
1607 4472 1928 4540 προσλαλῶν
1950 4489 1964 4507 ο

393 4565 412 4598 ι
463 4549 658 4620 Ὑμεῖς
692 4555 756 4607 ὲκ
787 4556 896 4611 τῶν
928 4559 1078 4613 κάτω
1105 4561 1249 4626 ἐστὲ,
1287 4561 1399 4630 ἐγὼ
1429 4563 1493 4615 ὲκ
1524 4562 1634 4616 τῶν
1667 4563 1778 4617 ἄνω
1818 4563 1931 4634 εἰμί
1953 4580 1966 4594 ο

309 4659 322 4666 ·
389 4639 508 4708 ἐγὼ
535 4643 636 4696 οὐκ
666 4647 786 4716 εἰμὶ
830 4650 895 4702 ὲκ
928 4649 1024 4704 τοῦ
1072 4652 1280 4723 κόσμου
1320 4651 1534 4706 τούτου.
1585 4670 1604 4703 ι
1637 4654 1747 4707 Καὶ
1776 4652 1967 4708 πάλιν

398 4752 418 4782 σ
463 4735 655 4800 οπις
682 4739 1023 4812 ἀναϐέϐηκεν
1043 4746 1123 4808 εἰς
1152 4745 1245 4798 τὸν
1273 4745 1522 4820 οὐρανδν,
1553 4746 1601 4798 εί
1629 4745 1704 4816 μὴ
1726 4747 1754 4799 6
1788 4747 1851 4799 ὲκ
1874 4744 1969 4799 τοῦ

395 4825 630 4894 οὐρανοῦ
668 4831 932 4898 καταϐὰς,
983 4836 1012 4888 6
1047 4836 1172 4900 Υἱὸς
1200 4835 1292 4890 τοῦ
1322 4835 1632 4908 ἀνθρώπου.
1676 4854 1695 4886 ι
1750 4835 1838 4900 Ὠς
1862 4835 1972 4908 γὰρ

402 4916 538 4984 ἔφην
585 4918 806 4989 ἀρτίως,
845 4925 942 4976 καὶ
985 4924 1123 4997 σὰρξ
1172 4925 1434 4996 γεγονὼς,
1486 4926 1656 4996 ἤγουν
1690 4925 1894 4989 τέλειος
1943 4938 1969 4965 ιι

400 5005 704 5077 ἄνθρωπος,
735 5012 796 5065 οὐ
845 5014 1030 5086 γήϊνος
1055 5011 1124 5086 ἦν
1165 5017 1198 5086 ἢ
1231 5016 1432 5087 χοῖκδς,
1485 5015 1607 5069 καθ’
1637 5018 1807 5088 ἡμᾶς,
1854 5018 1969 5072 ἀλλ’

398 5096 651 5167 οὐράνιός
667 5116 726 5153 τε
749 5100 844 5154 καὶ
859 5102 1251 5175 ὐπερκόσμιος,
1279 5104 1416 5158 καθὸ
1436 5107 1635 5159 νοεῖται
1655 5105 1812 5168 Θεός.
1828 5104 1975 5176 Πλὴν

400 5187 548 5242 ἔστιν
584 5189 713 5243 ίδεῖν
742 5191 801 5244 ἐν
826 5194 942 5257 τοῖς
968 5195 1227 5266 ὀρνιθίοις
1263 5195 1407 5251 καθὰ
1437 5196 1530 5251 καὶ
1566 5199 1624 5251 ὲν
1648 5198 1758 5260 τοῖς
1807 5197 1976 5268 χιμά-

2043 1097 2140 1150 Dei
2177 1097 2416 1152 Verbum
2463 1099 2630 1153 etiam
2663 1098 2871 1152 interea
2912 1097 3042 1151 dum
3075 1104 3262 1152 sancta
3307 1096 3454 1149 illius
3495 1111 3624 1150 caro

2046 1196 2276 1242 mortem
2329 1189 2581 1259 gustabat
2612 1207 2623 1241 :
2651 1187 3012 1258 manebatque
3052 1187 3375 1257 impatibile,
3426 1200 3620 1254 quam-

2046 1281 2130 1334 vis
2191 1281 2400 1350 proprii
2457 1282 2706 1350 corporis
2768 1281 3081 1351 passionem
3144 1279 3420 1348 propriam
3462 1277 3516 1330 in
3565 1292 3622 1330 se

2049 1370 2395 1425 transferret.
2452 1371 2651 1426 Videre
2701 1381 2785 1426 est
2823 1378 3006 1425 autem
3059 1385 3316 1440 magnum
3357 1369 3462 1422 hoc
3499 1383 3627 1436 pro-

2047 1462 2744 1535 fundumquemysterium,
2787 1462 2947 1531 128
2976 1472 3030 1516 et
3051 1461 3155 1515 alia
3195 1474 3411 1529 quoque
3455 1457 3628 1528 ﬁgura

2049 1556 2104 1608 in
2133 1555 2376 1609 Levitico
2409 1554 2570 1609 nobis
2587 1553 2946 1608 delineatum.
2975 1552 3086 1607 Lex
3112 1551 3260 1606 enim
3286 1565 3384 1619 per
3407 1549 3637 1620 Moysen

2051 1644 2176 1699 data
2201 1646 2478 1714 leprosum
2501 1658 2623 1698 esse
2665 1641 3009 1697 immundum
3045 1640 3387 1710 pronuntiat,
3416 1646 3472 1692 et
3505 1645 3636 1691 tan-

2051 1752 2215 1805 quam
2250 1736 2521 1806 pollutum
2576 1751 2606 1789 a
2664 1734 2862 1789 castris
2911 1732 3172 1788 excludit.
3198 1730 3354 1797 Quod
3392 1730 3437 1784 si
3479 1745 3629 1782 mor-

2058 1827 2191 1881 bum
2220 1842 2436 1882 cessare
2467 1826 2783 1896 contigerit,
2812 1833 2940 1879 tunc
2968 1825 3187 1879 demum
3209 1820 3420 1876 admitti
3452 1819 3629 1890 jubet.

2054 1919 2123 1974 Et
2143 1919 2368 1988 quidem
2395 1919 2506 1972 ait:
2542 1917 2913 1986 «Lexleprosi
2953 1916 3032 1971 sic
3069 1915 3269 1968 habet:
3295 1911 3635 1980 Quacunque

2055 2010 2145 2065 die
2170 2009 2469 2064 mundatus
2492 2009 2680 2074 fuerit,
2734 2007 3040 2062 adducetur
3073 2004 3142 2058 ad
3184 2001 3548 2066 sacerdotem,
3576 2006 3636 2054 et

2053 2102 2368 2172 egredietur
2390 2101 2648 2156 sacerdos
2663 2109 2817 2154 extra
2836 2106 3030 2162 castra,
3051 2105 3106 2151 et
3125 2094 3382 2164 inspiciet
3407 2107 3556 2156 eum,
3576 2097 3636 2146 et

2053 2207 2184 2247 ecce
2209 2202 2434 2248 sanatur
2457 2199 2632 2246 tactus
2655 2191 2822 2260 leprae
2841 2205 2870 2243 a
2892 2188 3130 2258 lcproso,
3165 2193 3221 2240 et
3245 2181 3524 2254 praecipiet
3543 2197 3634 2237 sa-

2056 2284 2272 2350 cerdos,
2293 2293 2350 2339 et
2370 2291 2588 2338 sument
2602 2283 2652 2338 ei
2675 2282 2768 2351 qui
2789 2281 3112 2352 puriticatur
3129 2277 3268 2332 duos
3284 2290 3532 2346 passeres
3546 2275 3634 2329 vi-

2056 2389 2154 2430 vos
2169 2373 2424 2439 mundos;
2442 2381 2498 2428 et
2517 2372 2796 2443 praacipiet
2813 2369 3090 2434 sacerdos,
3103 2378 3159 2424 et
3180 2381 3348 2422 unum
3369 2372 3634 2435 ex‘passe-

2057 2466 2212 2521 ribus
2231 2464 2594 2520 immolabunt
2616 2464 2673 2518 in
2697 2478 2826 2519 vase
2849 2461 3001 2516 ﬁctili
3030 2475 3195 2530 super
3216 2473 3410 2529 aquam
3438 2457 3633 2510 viven—

2058 2565 2206 2622 tem;
2232 2556 2466 2612 alterum
2490 2562 2672 2608 autem
2703 2554 2890 2608 vivum
2917 2560 3116 2615 sumet,
3139 2564 3203 2604 ac
3232 2549 3403 2618 tinget
3429 2546 3485 2600 in
3505 2561 3637 2600 san-

2057 2647 2221 2718 guine
2235 2646 2474 2716 passeris
2490 2643 2754 2700 immolati
2769 2659 2935 2714 super
2950 2657 3146 2713 aquam
3159 2641 3360 2705 vivam;
3379 2648 3435 2694 et
3452 2652 3636 2707 asper-

2058 2747 2148 2810 get
2176 2739 2329 2792 illum
2355 2738 2447 2807 qui
2479 2737 2776 2792 mundatus
2800 2743 2883 2789 est
2907 2751 2938 2788 a
2964 2735 3134 2803 lepra,
3163 2731 3386 2802 septies,
3404 2739 3635 2784 etmun-

2061 2829 2164 2884 dus
2189 2829 2316 2883 erit.
2337 2829 2405 2882 Et
2428 2827 2668 2882 dimittet
2695 2840 2971 2896 passerem
3008 2824 3193 2878 vivum
3225 2823 3282 2878 in
3306 2835 3496 2892 agrum
3519 2821 3582 2873 ¹⁰.
3611 2839 3629 2871 ι

2059 2919 2192 2975 Duae
2215 2919 2396 2988 itaque
2430 2925 2560 2974 sunt
2594 2916 2822 2972 aviculae
2863 2913 3170 2985 inculpatae,
3210 2913 3316 2968 hoc
3348 2919 3434 2967 est
3474 2927 3637 2966 mun-

2061 3011 2163 3075 dae,
2195 3011 2515 3081 nullumque
2559 3009 2823 3064 habentes
2884 3004 3396 3076 reprehendendum
3444 3002 3648 3058 vitium

2062 3103 2236 3173 juxta,
2261 3103 2508 3172 inquam,
2547 3100 2684 3172 legis
2721 3108 2959 3166 statuta;
2986 3099 3243 3155 et‘altera
3269 3095 3492 3167 quidem
3518 3110 3638 3150 ma-

2066 3193 2318 3250 ctabatur
2347 3209 2512 3263 super
2533 3207 2730 3263 aquam
2754 3192 2954 3256 vivam,
2985 3191 3157 3245 altera
3179 3203 3313 3243 vero
3343 3202 3375 3241 a
3400 3184 3546 3241 caede
3569 3186 3640 3240 li-

2061 3285 2217 3352 bera,
2246 3286 2446 3341 deinde
2485 3285 2656 3340 tincta
2701 3283 2966 3354 sanguine
3014 3297 3181 3351 super
3223 3294 3420 3350 aquam
3459 3278 3639 3333 vivam

2063 3378 2277 3443 occisa,
2304 3378 2371 3432 ad
2395 3377 2707 3448 exemplum
2739 3375 2878 3430 hirci
2921 3375 2976 3429 in
3005 3371 3360 3429 solitudinem
3393 3369 3638 3425 dimitte-

2062 3471 2241 3526 batur.
2270 3472 2338 3526 Et
2363 3471 2455 3526 hic
2490 3485 2712 3525 rursum
2739 3478 2898 3540 typus
2926 3480 3182 3538 magnum
3211 3463 3349 3518 illud
3371 3476 3642 3516 veneran-

2064 3562 2305 3632 dumque
2331 3562 2629 3617 Salvatoris
2658 3560 2833 3615 nostri
2874 3558 3196 3629 mysterium
3221 3553 3386 3608 nobis
3412 3551 3638 3606 indicat.

2065 3654 2302 3708 Venerat
2322 3654 2467 3708 enim
2494 3653 2732 3706 Verbum
2749 3667 2780 3706 e
2799 3649 3184 3719 supernis,hoe
3200 3653 3303 3709 est,
3321 3660 3388 3700 ex
3407 3645 3567 3699 Patre
3585 3651 3643 3697 et

2065 3759 2095 3798 e
2123 3742 2297 3796 caelo:
2331 3756 2503 3811 quare
2536 3749 2684 3795 recte
2719 3739 3010 3794 admodum
3033 3735 3243 3790 volucri
3269 3741 3648 3804 comparatur-

2067 3832 2362 3890 Descendit
2384 3839 2565 3886 autem
2595 3845 2692 3900 per
2715 3829 2898 3884 carnis
2941 3826 3406 3896 dispensationem
3437 3823 3505 3879 ad
3543 3839 3644 3878 no-

2067 3934 2237 3982 stram
2291 3922 2729 3987 similitudinem,
2788 3928 2842 3976 et
2871 3919 3102 3974 formam
3149 3916 3294 3972 servi
3328 3915 3637 3986 accepit“:

2069 4024 2447 4072 verumtamen
2499 4022 2555 4070 et
2582 4013 2689 4068 hoc
2717 4026 2936 4083 quoque
2975 4017 3136 4080 pacto
3167 4023 3197 4062 e
3238 4007 3492 4078 supernis
3535 4016 3638 4061 est.

2070 4108 2280 4163 Diserte
2309 4121 2543 4176 namque
2568 4104 2635 4159 ad
2658 4104 2876 4160 Iudaeos
2907 4101 3045 4157 dixit
3069 4119 3084 4153 :
3111 4118 3128 4150 ι
3151 4099 3259 4155 Vos
3288 4097 3355 4154 de
3385 4097 3644 4151 deorsum

2068 4199 2220 4264 estis,
2249 4213 2350 4268 ego
2369 4198 2436 4252 de
2458 4195 2712 4266 supernis
2745 4209 2896 4259 sum;
2920 4208 3017 4248 vos
3045 4191 3112 4245 dc
3133 4188 3339 4244 mundo
3358 4187 3464 4242 hoc
3487 4187 3641 4250 estis,

2067 4305 2168 4362 ego
2190 4305 2299 4344 non
2327 4305 2447 4344 sum
2505 4288 2573 4343 de
2600 4288 2706 4342 hoc
2751 4285 2962 4340 mundo
2984 4286 3047 4338 ¹¹.
3071 4304 3087 4334 ›
3132 4284 3199 4337 Et
3229 4281 3427 4338 iterum
3445 4297 3472 4334 :.
3492 4298 3508 4329 ι
3533 4277 3642 4332 Ne-

2072 4397 2162 4437 mo
2185 4381 2432 4437 ascendit
2454 4381 2510 4434 in
2533 4380 2732 4435 coelum
2758 4379 2867 4434 nisi
2911 4377 3010 4448 qui
3033 4373 3320 4431 descendit
3366 4371 3435 4426 de
3480 4369 3646 4430 coelo,

2073 4472 2245 4527 Filius
2303 4470 2545 4525 hominis
2577 4469 2640 4523 ¹³.
2669 4488 2686 4520 ι
2745 4468 2899 4523 Sicut
2935 4467 3083 4521 enim
3141 4464 3305 4534 paulo
3347 4469 3472 4514 ante
3507 4457 3642 4521 dixi,

2071 4564 2239 4620 etiam
2271 4571 2628 4634 posteaquam
2676 4575 2823 4625 caro,
2878 4559 2984 4613 hoc
3011 4565 3117 4619 est,
3162 4553 3436 4624 perfectus
3481 4549 3644 4603 homo

2072 4653 2247 4708 factus
2271 4659 2376 4717 est,
2418 4666 2529 4705 non
2569 4659 2821 4706 terrenus
2854 4655 2994 4711 erat,
3049 4653 3147 4700 aut
3181 4659 3212 4697 e
3235 4642 3460 4712 pulvere
3503 4638 3647 4710 sicut

2074 4759 2194 4807 nos,
2243 4743 2340 4798 sed
2384 4741 2626 4798 caelestis
2687 4756 2753 4794 ac
2819 4735 3317 4810 supermundanus,
3377 4737 3647 4801 quatenus

2075 4836 2258 4891 animo
2279 4833 2588 4904 concipitur
2623 4842 2685 4886 ut
2712 4833 2878 4887 Deus.
2923 4830 3203 4885 Caeterum
3225 4821 3373 4895 quod
3411 4829 3537 4876 ante
3559 4820 3646 4874 vi-

2076 4939 2198 4979 sum
2221 4930 2306 4978 est
2333 4923 2390 4978 in
2417 4923 2606 4986 hircis,
2642 4921 2749 4977 hoc
2773 4921 2953 4991 ipsum
2979 4929 3034 4973 et
3061 4917 3116 4971 in
3154 4913 3469 4986 passeribus
3515 4909 3648 4980 ipsis

2076 5015 2366 5070 observare
2393 5013 2541 5076 licet,
2571 5013 2810 5070 Verbum
2831 5025 2996 5066 carne
3024 5007 3245 5078 quidem
3270 5018 3491 5075 passum
3526 5015 3648 5055 esse

2071 5104 2373 5162 secundum
2385 5103 2727 5175 Scripturas,
2753 5103 2850 5159 sed
2880 5110 3062 5158 tamen
3084 5097 3279 5170 quavis
3295 5092 3648 5167 perpessione

2073 5199 2250 5268 majus
2276 5196 2554 5252 exstitisse
2596 5214 2610 5250 :
2643 5204 2698 5250 et
2739 5193 3063 5249 humanitus
3083 5187 3308 5260 quidem
3346 5191 3644 5243 mortuum,

403 5298 539 5348 ροις,
574 5285 740 5355 σαρκὶ
758 5286 859 5356 μὲν
878 5287 1140 5354 παθόντα,
1162 5290 1304 5344 κατὰ
1325 5289 1426 5354 τάς
1451 5291 1692 5362 Γραφάς,
1723 5291 1960 5362 μείναντι

2075 5288 2342 5345 divinitus
2379 5303 2510 5344 vero
2543 5289 2727 5342 vivum
2767 5283 3173 5356 permansisse:
3215 5277 3457 5336 Verbum
3490 5287 3648 5326 nam-

399 5373 455 5425 δὶ
503 5376 600 5428 καὶ
632 5375 891 5433 ἐπέκεινα
922 5378 1017 5433 τοῦ
1050 5379 1245 5436 παθεῖν
1265 5397 1277 5412 α
1309 5382 1405 5436 καὶ
1436 5380 1852 5453 ἀποθνήσκοντα
1883 5383 1960 5453 μὲι

2077 5397 2185 5452 que
2213 5379 2326 5434 vita
2344 5389 2463 5435 erat
2503 5381 2566 5433 η.
2592 5379 2770 5445 Quare
2797 5386 2852 5434 et
2884 5373 3322 5448 sapientissimus
3343 5365 3651 5438 discipulus

471 5491 704 5564 ’_Levit.
747 5509 858 5560 xvt,
887 5497 976 5564 20,
1011 5499 1100 5555 2|.

407 5562 449 5592 μ
471 5499 707 5592 "1:03":
747 5509 858 5592 XI",
887 5499 976 5564 20,
1011 5499 1100 5555 2|.
1215 5501 1258 5533 ¹⁹
1290 5499 1464 5555 Levit.
1493 5515 1603 5564 xiv,
1661 5500 1777 5554 2-7.

478 5561 640 5618 Joan.
689 5578 728 5628 ι,
760 5565 814 5618 4.

1892 5501 1932 5533 ⁸⁸
1968 5500 2203 5572 Philipp.
2233 5517 2291 5565 ιι,
2320 5498 2374 5564 6,
2402 5499 2454 5552 ’1.

2571 5498 2613 5528 "
2647 5497 2803 5552 Joan.
2844 5512 2954 5561 nu,
2980 5494 3070 5549 ‘25.
3188 5490 3230 5523 ⁸³
3265 5488 3421 5546 Joan.
3450 5497 3526 5547 m,
3558 5479 3647 5535 l3.

1508 5639 1676 5696 Variae
1703 5639 1964 5696 lectiones
1998 5640 2201 5697 codicis
2234 5638 2595 5711 Seguicriani.

485 5759 501 5780 '
530 5749 1004 5824 κεκαθαρισμένῳ.
1073 5757 1093 5786 ⁸
1139 5755 1216 5809 ὲν.
1299 5755 1535 5818 ιοῦτως.
1612 5766 1638 5794 ιι
1668 5752 1905 5817 τελείως.
