4044 6212
400 311 507 368 215

1415 314 1470 369 8.
1512 314 1788 371 CYRILLI
1829 316 2298 373 ALEXANDRINI
2330 318 2650 375 AliClllEP.

3571 326 3674 382 Ξίέῖ

404 430 495 483 ille
541 443 705 483 carne
728 426 953 498 quidem
1007 428 1397 485 mortiﬁcatum
1439 431 1595 497 dicit,
1647 432 1983 488 viviﬁcatum

2091 436 2469 506 ἀνθρωπίνως,
2505 436 2688 499 ζῶντα
2712 435 2769 488 δὲ
2797 435 2996 500 θεῖκῶς
3013 453 3026 465 ·
3060 436 3173 509 ζωὴ
3195 437 3305 511 γὰρ
3333 440 3362 492 6
3386 440 3559 509 Λόγος
3584 442 3673 515 ἦν.

403 529 583 575 autem
610 520 806 589 spiritu
844 522 906 573 ⁸³.
938 522 1099 591 129
1118 522 1321 576 Verum
1362 524 1510 577 enim
1535 540 1670 579 vero
1692 524 1822 580 licet
1849 527 1986 581 Ver-

405 612 535 666 bum
564 612 869 666 secundum
919 615 1199 683 propriam
1252 624 1503 670 naturam
1546 618 1741 673 mortis
1790 634 1988 688 expers

402 702 791 771 permanserit,
817 710 873 756 at
894 718 1006 757 sua:
1038 712 1219 759 tamen
1246 706 1449 770 carnis,
1476 714 1537 759 ut
1566 708 1677 777 jam
1705 708 1837 772 dixi,
1864 725 1988 778 pas-

402 796 589 848 siones
621 794 788 848 vcluti
817 794 1066 864 proprias
1095 796 1149 849 in
1197 811 1254 851 se
1311 799 1609 853 transtulit.
1650 797 1988 870 Tingebatur

402 885 551 938 enim
587 900 778 954 passer
804 885 962 941 vivus
996 886 1052 939 in
1100 889 1364 958 sanguine
1391 889 1590 944 occisi:
1621 899 1678 945 et
1722 892 1987 962 sanguine

404 977 630 1046 quidem
666 978 816 1033 illius
867 986 1207 1045 cruentatus,
1262 981 1643 1051 passionisque
1690 998 1985 1053 propemo-

405 1071 535 1123 dum
558 1072 853 1141 particeps,
884 1072 938 1125 in
961 1071 1313 1127 solitudinem
1340 1073 1741 1130 dimittebatur.
1764 1075 1847 1129 Ad
1878 1091 1987 1131 cm-

403 1162 518 1215 lum
540 1162 687 1216 enim
720 1162 1064 1233 unigenitum
1092 1163 1188 1216 Dei
1220 1163 1462 1217 Verbum
1493 1181 1602 1220 una
1648 1180 1773 1221 cum
1820 1180 1986 1220 carne

405 1254 511 1309 sibi
545 1256 698 1309 unita
729 1255 895 1322 abiit;
922 1264 1149 1326 eratque
1192 1272 1397 1312 novum
1433 1258 1537 1313 hoc
1564 1258 1619 1312 iu
1667 1260 1823 1315 oculis
1857 1276 1986 1329 spe-

404 1348 701 1402 ctaculum.
753 1347 1049 1418 Obstupuit
1093 1349 1242 1404 enim
1292 1360 1609 1405 sanctorum
1664 1354 1983 1423 angelorum

406 1440 724 1505 multitudo,
753 1456 874 1495 cum
911 1442 1113 1512 Regem
1141 1442 1327 1512 gloriae
1387 1444 1841 1515 exercituumque
1874 1445 1983 1500 Do-

407 1532 617 1585 minum
650 1532 707 1586 in
731 1532 908 1587 forma
937 1533 1179 1587 humana
1212 1543 1525 1590 cernerent.
1558 1535 1980 1591 Aiebantenim;

413 1645 430 1673 ι
455 1624 594 1694 Quis
611 1624 718 1681 iste
756 1634 841 1680 est
862 1626 957 1695 qui
986 1626 1139 1680 venit
1171 1640 1238 1681 ex
1284 1627 1457 1683 Edom
1487 1627 1614 1699 (hoc
1639 1637 1722 1683 est
1773 1644 1839 1682 ex
1871 1637 1983 1682 ter-

404 1720 508 1788 ra),
545 1726 600 1773 et
626 1719 795 1773 rubor
817 1719 1276 1774 vestimentorum
1297 1721 1418 1790 ejus
1440 1737 1507 1776 ex
1527 1721 1699 1776 Bosor
1741 1723 1782 1753 ¹⁶
1799 1722 1822 1774 ?
1842 1742 1858 1772 ι
1884 1722 1986 1775 Bo.

403 1828 495 1865 sor
522 1821 703 1865 autem
722 1811 1143 1882 interpretatum
1170 1812 1441 1883 significat
1476 1830 1722 1877 carnem,
1770 1815 1855 1868 vel
1881 1830 1983 1868 an-

402 1903 636 1971 gustiam
659 1912 715 1957 et
748 1904 1184 1960 tribulationem.
1213 1906 1422 1961 Deinde
1478 1907 1615 1961 illud
1654 1908 1822 1961 etiam
1854 1923 1983 1977 per-

402 1994 806 2049 contabantur:
848 1996 1015 2062 «Quae
1040 2006 1170 2052 sunt
1198 1998 1368 2069 plagze
1403 1999 1521 2053 ista).
1547 1998 1601 2053 in
1642 1998 1826 2053 medio
1861 2013 1981 2051 ma-

401 2104 574 2142 nuum
604 2097 821 2144 tuarum
848 2090 967 2143 ‘7?»
1004 2091 1099 2144 lllc
1133 2106 1264 2145 vero
1292 2090 1537 2146 vicissim
1568 2091 1635 2145 ad
1670 2091 1822 2146 illos:
1858 2089 1983 2144 «His

400 2194 696 2249 percussus
744 2196 888 2245 sum,
947 2180 1146 2251 inquit,
1190 2182 1244 2235 in
1274 2182 1438 2236 domo
1482 2182 1667 2236 dilecti
1700 2181 1808 2235 mei
1858 2179 1923 2234 ¹⁸.
1957 2201 1975 2233 ι

400 2271 872 2337 Quemadmodum
894 2274 1041 2327 enim
1075 2273 1299 2329 Thomas
1328 2290 1438 2329 non
1468 2275 1674 2343 absque
1715 2273 1981 2344 singulari

401 2361 498 2416 Dei
521 2363 931 2433 dispensatione
960 2365 1254 2431 haesitanti,
1284 2373 1408 2435 post
1450 2380 1606 2419 suam
1626 2380 1693 2419 ex
1748 2365 1984 2419 mortuis

404 2455 889 2520 resurrectionem,
928 2471 1124 2511 manus
1145 2464 1201 2510 et
1235 2457 1289 2511 in
1314 2457 1569 2510 manibus
1613 2456 1893 2510 clavorum
1916 2454 1980 2507 [l-

399 2562 565 2617 guras
583 2548 844 2613 ostendit,
867 2550 1142 2620 jussitque
1189 2550 1355 2605 etiam
1388 2549 1577 2603 lateris
1622 2549 1824 2603 vulnus
1860 2548 1981 2618 pal-

399 2657 530 2712 pare
560 2643 637 2709 ‘9;
674 2643 747 2699 ita
779 2644 911 2698 etin
953 2644 1107 2699 cmlis
1134 2644 1490 2708 constitutus,
1534 2644 1737 2699 sanctis
1774 2641 1983 2713 angelis

398 2735 622 2803 planum
646 2734 795 2799 fecit,
819 2735 946 2805 jure
970 2735 1174 2789 merito
1198 2751 1265 2790 ex
1301 2735 1547 2804 ipsorum
1581 2733 1824 2788 amicitia
1850 2748 1982 2803 pro-

398 2826 611 2896 lapsum
640 2829 990 2899 eiectamque
1044 2843 1166 2883 esse
1210 2828 1471 2895 dilectum
1516 2827 1792 2882 lsraelem.
1823 2827 1982 2883 Unde

399 2928 455 2973 et
476 2920 861 2975 vestimentum
885 2919 1150 2990 sanguine
1204 2920 1566 2985 rubricatum,
1595 2928 1652 2974 et
1686 2920 1873 2989 plagas
1924 2919 1983 2973 in

400 3012 657 3067 manibus
677 3012 949 3066 ostendit:
972 3028 1080 3067 non
1099 3012 1244 3081 quod
1273 3013 1392 3067 illas
1415 3013 1655 3081 abjicere
1674 3028 1784 3067 non
1818 3020 1983 3081 queat

2092 528 2201 580 Καὶ
2236 526 2368 597 γοῦν
2426 526 2454 577 6
2506 528 2781 595 πάνσοφος
2838 527 3088 598 μαθητὴς
3145 527 3523 601 θανατωθῆναι
3578 535 3678 602 μὲν

2090 616 2252 670 αὑτὸν
2281 616 2385 687 ἔφη
2420 618 2603 691 σαρκὶ,
2646 616 3046 687 ζωοποιηθῆναι
3094 617 3151 671 δὲ
3183 617 3478 689 πνεύματι.
3524 622 3673 694 Πλὴν

2089 708 2172 762 ὃτι
2202 708 2305 763 κᾶν
2340 711 2389 762 εί
2418 708 2510 761 τοῦ
2550 708 2743 762 παθεῖν
2776 708 2868 762 τὸν
2917 709 3144 763 θάνατον
3174 712 3255 774 είς
3309 712 3446 765 ίδίαν
3502 713 3667 781 φύσιν

2089 802 2317 872 ἄμοιρος
2347 796 2415 872 ἦν
2449 803 2477 854 6
2524 801 2719 869 Λόγος,
2753 800 2867 854 ἀλλ’
2902 796 2994 855 οὖν
3042 800 3338 855 οἰκειοῦται
3388 803 3451 856 τὸ
3496 805 3669 870 πάθος

2089 893 2188 963 τῆς
2214 891 2413 947 ἐαυτοῦ
2459 891 2683 963 σαρκὸς,
2719 892 2795 956 ὡς
2840 892 2939 963 ἤδη
2977 895 3265 964 προεῖπον.
3313 895 3673 960 Ἐὁαπτίζετο

2090 983 2199 1054 γὰρ
2230 983 2291 1036 τὸ
2321 983 2557 1056 ὀρνίθιον
2589 983 2649 1036 τὸ
2675 983 2785 1049 ζῶν
2815 984 2874 1036 tv
2894 983 2972 1054 τῷ
3008 984 3201 1055 αἵματι
3230 985 3325 1039 τοῦ
3355 987 3674 1059 τετελευτηο

2090 1076 2270 1142 κότος,
2304 1077 2691 1149 πεφυραμένον
2717 1076 2774 1130 δὲ
2809 1075 2889 1146 τῷ
2920 1076 3135 1147 αἵματι,
3169 1079 3454 1149 μονονουχὶ
3490 1079 3546 1133 δὲ
3577 1082 3672 1135 καὶ

2089 1173 2428 1244 κοινωνῆσαν
2455 1171 2551 1225 τοῦ
2582 1172 2808 1235 πάθους,
2831 1172 2911 1235 είς
2933 1173 3035 1243 τὴν
3066 1171 3271 1243 ἔρημον
3292 1172 3636 1245 ἐξεπέμπετο
3654 1192 3668 1205 ·

2089 1264 2499 1334 ἁναπεφοίτηκε
2526 1262 2635 1334 γὰρ
2666 1265 2725 1317 ἐν
2758 1266 2871 1326 τοῖς
2900 1264 3152 1335 οὐρανοῖς
3182 1265 3210 1317 6
3238 1267 3537 1337 μονογενὴς
3575 1267 3672 1321 τοῦ

2090 1355 2228 1409 Θεοῦ
2252 1356 2425 1425 Λόγος
2457 1366 2484 1395 τ
2527 1356 2664 1428 μετὰ
2698 1357 2798 1428 τῆς
2827 1356 3123 1428 ἐνωθείσης
3140 1357 3289 1428 αὐτῷ
3322 1359 3552 1429 σαρκός⁹
3577 1362 3673 1414 καὶ

2092 1447 2241 1514 ξένον
2270 1444 2339 1520 ἦν
2372 1452 2430 1503 ἐν
2467 1449 2718 1522 οὐρανοῖς
2756 1449 2818 1502 τὸ
2850 1449 3052 1521 θέαμα.
3108 1449 3532 1520 Κατεπλήττετο
3561 1454 3673 1524 γὰρ

2089 1546 2124 1615 ἡ
2146 1543 2257 1599 τῶν
2292 1543 2463 1612 ἁγίων
2493 1543 2743 1614 ἀγγέλων
2784 1543 3015 1615 πληθὺς,
3045 1545 3102 1596 ἐν
3129 1544 3260 1598 εῖδει
3293 1544 3566 1615 βλέπουσα
3593 1546 3674 1617 τῷ

2090 1634 2213 1688 καθ’
2238 1636 2385 1705 ἡμᾶς
2419 1635 2511 1689 τὸν
2540 1635 2764 1706 βασιλέα
2791 1635 2891 1704 τῆς
2924 1635 3103 1707 δόξης,
3134 1637 3228 1690 καὶ
3264 1637 3358 1690 τὸν
3382 1637 3490 1692 τῶν
3513 1638 3675 1693 δυνά-

2093 1743 2236 1797 μεων
2267 1726 2491 1798 Κύριον.
2520 1728 2627 1780 Καὶ
2651 1728 2716 1798 δὴ
2755 1727 3022 1797 ἐφασκοψ
3063 1746 3083 1779 ι
3119 1726 3215 1790 Τίς
3244 1723 3397 1791 οὗτος
3428 1730 3457 1781 ὁ
3490 1746 3673 1800 παρα·

2087 1820 2383 1890 γενόμενος
2412 1817 2471 1885 ἐξ
2500 1820 2680 1892 Ἐδὼμ
2706 1820 3008 1889 (τουτέστιν
3032 1821 3097 1874 ἐκ
3116 1820 3217 1891 τῆς
3240 1821 3390 1891 γῆς),
3420 1820 3671 1893 ἐρύθημα

2089 1913 2322 1983 ἱματίων
2352 1912 2417 1965 ἐκ
2445 1912 2649 1983 Βοσόρ;
2671 1931 2691 1964 ι
2731 1912 3129 1983 Ἐρμηνεύεται
3153 1913 3209 1966 δὲ
3231 1913 3292 1967 τὸ
3316 1914 3487 1984 Βοσὸρ
3512 1913 3669 1986 σὰρξ,

2086 2005 2205 2076 ἦτοι
2232 2004 2432 2075 συνοχὴ
2463 2005 2560 2058 καὶ
2576 2003 2778 2073 θλίψις.
2801 2000 2937 2056 Εἶτα
2962 2002 3120 2056 τοῦτο
3141 2004 3670 2076 προσεπυνθάνοντοθ

2093 2114 2113 2147 ι
2153 2097 2220 2149 Τὶ
2251 2088 2413 2149 αὗται
2438 2097 2496 2149 at
2533 2095 2738 2167 πληγαὶ
2772 2094 2876 2147 ἀνὰ
2918 2094 3083 2164 μέσον
3104 2095 3212 2149 τῶν
3236 2096 3436 2166 χειρῶν
3468 2113 3599 2162 σου;
3647 2116 3665 2147 ι

2096 2185 2156 2238 '0
2187 2185 2243 2238 δὲ
2273 2185 2410 2257 πρὸς
2460 2184 2691 2247 αὐτούς·
2731 2202 2749 2235 ι
2794 2186 2893 2246 “Ag
2920 2182 3166 2254 ἐπλήγην
3194 2185 3252 2238 ἐν
3281 2182 3361 2254 τῷ
3399 2186 3534 2254 οἴκῳ
3575 2185 3671 2238 τοῦ

2085 2277 2371 2349 ἀγαπητοῦ
2408 2295 2532 2349 μου.
2572 2296 2591 2329 ι
2624 2278 2835 2346 Ὥσπερ
2867 2274 2977 2346 γὰρ
3008 2275 3370 2344 ἀπιστήσαντι
3401 2274 3477 2345 τῷ
3499 2276 3671 2347 Θωμᾷ

2084 2369 2549 2440 οίκονομικώτατα
2574 2368 2694 2422 λίαν
2723 2369 2816 2421 καὶ
2847 2366 2988 2437 μετὰ
3010 2367 3109 2435 τὴν
3131 2367 3193 2418 ἐκ
3210 2364 3419 2436 νεκρῶν
3436 2367 3673 2421 ἀνάσταο

2088 2479 2172 2516 σιν
2207 2462 2417 2515 ἐδείκνυ
2440 2462 2541 2524 τὰς
2565 2463 2776 2532 χεῖρας,
2807 2459 2899 2512 καὶ
2926 2459 3055 2521 τοὺς
3082 2458 3140 2509 ἐν
3168 2457 3359 2521 αὐταῖς
3388 2457 3498 2510 τῶν
3521 2459 3672 2529 ἥλων

2084 2554 2312 2618 τύπους,
2345 2553 2602 2607 ἐκέλευσε
2635 2552 2691 2605 δὲ
2715 2551 2975 2622 ψηλαφᾷν
3004 2550 3099 2603 καὶ
3137 2550 3237 2613 τὰς
3265 2551 3323 2603 ἐν
3360 2552 3427 2621 τῇ
3458 2550 3669 2622 πλευρᾷ

2084 2646 2415 2716 διατρήσεις,
2450 2643 2594 2697 οῦτω
2634 2644 2727 2697 καὶ
2760 2645 2817 2696 ἐν
2860 2640 3076 2713 οὐρανῷ
3114 2640 3354 2709 γεγονὼς
3390 2642 3668 2712 πεπληρο-

2087 2736 2296 2807 φόρηκε
2334 2736 2461 2798 τοὺς
2493 2734 2684 2804 ἁγίους
2713 2731 3002 2801 ἀγγέλους,
3041 2731 3124 2784 ὅτι
3151 2730 3379 2793 δικαίως
3402 2731 3502 2802 τῆς
3530 2730 3667 2802 πρὸς

2084 2826 2283 2889 αὐτοὺς
2305 2824 2639 2894 οἰκειότητος
2674 2820 2998 2891 ἐκϐέϐληται
3028 2820 3122 2873 καλ⁸
3151 2818 3459 2874 ἁπώλισθεν
3482 2821 3510 2872 6
3531 2821 3670 2890 im:-

2086 2916 2331 2988 πημένος
2375 2914 2608 2986 Ἰσραήλ.
2646 2912 2746 2966 Διὰ
2791 2911 2951 2966 τοῦτο
3003 2910 3352 2983 πεφυρμένον
3385 2910 3575 2981 αἵματι
3604 2910 3669 2964 τὸ

2087 3012 2314 3080 ἄμφιον,
2344 3007 2439 3062 καὶ
2477 3006 2578 3069 τὰς
2622 3007 2679 3058 ἐν
2716 3004 2903 3076 χερσὶν
2950 3002 3232 3057 ἐπεδείκνυ
3284 3002 3518 3069 πληγὰς,
3567 3001 3668 3055 οὐκ

402 3104 490 3172 (ex
522 3103 756 3158 mortuis
790 3103 937 3157 enim
962 3104 1254 3167 excitatus,
1278 3104 1687 3174 corruptionem
1709 3112 1765 3159 et
1784 3113 1981 3159 czetera

2088 3100 2499 3169 ἁναποόλήτους
2527 3097 2668 3168 ἔχων
2694 3095 2866 3157 αὐτὰς
2890 3093 3299 3166 (ἐγηγερμένος
3336 3092 3443 3165 γὰρ
3490 3095 3554 3146 ἐκ
3588 3109 3670 3145 νε-

400 3193 585 3246 omnia
619 3207 740 3262 qua:
765 3208 832 3247 ex
866 3192 957 3245 illa
1002 3201 1181 3257 erant,
1232 3193 1455 3262 penitus
1510 3192 1722 3261 exuit),
1768 3194 1865 3248 sed
1898 3201 1978 3258 ut,

400 3282 862 3353 quemadmodum
881 3282 1374 3347 dixi,multiformis
1392 3284 1663 3353 sapientia
1680 3284 1799 3348 Dei,
1816 3298 1982 3354 quam

404 3374 459 3429 in
492 3373 713 3430 Christo
750 3374 1056 3430 secundum
1111 3385 1378 3430 aeternum
1444 3376 1785 3446 propositum
1828 3374 1984 3428 exhi-

402 3468 543 3531 buit,
569 3482 670 3537 per
701 3464 1000 3523 Ecclesiam
1070 3468 1476 3538 principatibus
1539 3466 1983 3538 etpotestatibu-s

403 3561 457 3615 in
503 3560 991 3631 supercmlestibus
1043 3560 1443 3631 dispensatorie
1482 3576 1630 3615 nunc
1667 3559 1977 3630 pateﬁeret.

400 3653 480 3709 Ita
505 3654 654 3708 enim
683 3651 1090 3708 sacratissimus
1107 3652 1311 3708 Paulus
1326 3652 1657 3722 quihusdam
1685 3649 1878 3705 scribit
1912 3649 1979 3701 ¹⁰.

404 3747 558 3803 Sicut
585 3761 714 3817 ergo
743 3746 798 3800 in
844 3745 1061 3800 duobus
1095 3745 1268 3800 hircis
1306 3744 1596 3799 manifeste
1645 3743 1983 3798 deliucatum

401 3850 486 3895 est
522 3838 725 3895 Christi
764 3838 1107 3908 mysterium,
1135 3838 1209 3894 ita
1236 3839 1290 3892 in
1330 3838 1550 3893 duobus
1589 3852 1808 3908 quoque
1852 3851 1981 3905 pas-

403 3933 637 3987 seribus.
684 3931 827 3986 Dicit
859 3941 1043 3987 autem
1068 3932 1298 3988 fortasse
1338 3933 1609 4003 quispiam
1641 3949 1653 3985 :
1697 3930 1984 3997 Quomodo

405 4040 575 4079 unum
603 4033 657 4079 et
681 4024 938 4079 eumdem
980 4025 1119 4081 dicis
1180 4041 1301 4080 esse
1359 4025 1555 4079 Filium
1603 4035 1660 4080 et
1688 4024 1983 4081 Dominum

402 4116 588 4172 Jesum
626 4114 929 4177 Christum,
952 4132 1076 4170 cum
1116 4116 1227 4171 duo
1265 4117 1401 4171 hirci
1431 4125 1487 4171 et
1508 4116 1617 4171 duo
1643 4130 1894 4187 passeres
1928 4114 1982 4167 in

404 4210 647 4264 medium
672 4209 893 4264 adducti
931 4211 1074 4265 sint?
1100 4210 1358 4280 Nunquid
1419 4212 1505 4265 lex
1556 4228 1651 4281 per
1700 4212 1807 4266 hoc
1838 4211 1983 4266 clare

405 4303 647 4360 ostendit
680 4302 820 4357 duos
843 4304 1069 4357 omnino
1088 4303 1255 4359 Filios
1278 4314 1333 4360 et
1369 4304 1620 4360 Christos
1643 4304 1803 4359 esse?
1834 4302 1902 4358 Et
1928 4304 1983 4357 in

404 4395 547 4452 hanc
567 4411 785 4468 quoque
812 4394 1151 4466 impietatem
1192 4397 1361 4468 aliqui
1397 4400 1506 4469 jam
1533 4398 1775 4468 prolapsi
1829 4406 1978 4461 sunt,

2087 3194 2237 3266 κρῶν
2287 3191 2598 3247 ἀπεδύσατο
2637 3189 2738 3259 τὴν
2764 3185 2994 3259 φθορὰν,
3026 3185 3119 3238 καὶ
3158 3184 3255 3239 σὺν
3300 3183 3437 3254 αὐτῇ
3490 3182 3668 3238 πάντα

2084 3286 2156 3340 τὰ
2176 3287 2235 3353 ἐξ
2262 3282 2480 3353 αὐτῆς),
2508 3281 2625 3335 ἀλλ’
2656 3281 2765 3345 ἵνα,
2796 3280 2873 3343 ὠς
2899 3279 3057 3348 ἔφην,
3092 3276 3452 3348 οἰκονομικῶς
3472 3294 3669 3348 γνωρι-

2087 3378 2187 3449 σθῇ
2234 3377 2329 3430 νῦν
2381 3377 2501 3437 ταῖς
2550 3374 2744 3444 ἀρχαῖς
2809 3372 2903 3424 καὶ
2949 3373 3070 3433 ταῖς
3120 3367 3389 3435 ἐξουσίαις
3445 3368 3504 3422 ἐν
3556 3370 3667 3432 τοῖς

2086 3467 2433 3540 ἐπουρανίοις
2457 3465 2547 3519 διὰ
2577 3465 2677 3533 τῆς
2717 3462 3064 3532 Ἐκκλησίας,
3099 3464 3132 3532 ἡ
3167 3459 3544 3522 πολυποίκιλος
3572 3475 3666 3513 σο·-⁵

2086 3562 2184 3633 φία
2218 3559 2310 3615 τοῦ
2335 3558 2493 3624 Θεοῦ,
2528 3558 2594 3629 ἦν
2632 3555 2888 3625 ἐποίησεν
2917 3556 2976 3607 tv
3005 3553 3083 3624 τῷ
3114 3552 3334 3625 Χριστῷ
3365 3551 3509 3605 κατὰ
3532 3550 3666 3621 πρό-

2086 3655 2235 3709 θεσιν
2265 3653 2375 3706 τῶν
2409 3650 2643 3705 αἰώνων.
2682 3649 2887 3718 Γράφει
2916 3647 3023 3719 γὰρ
3051 3646 3196 3700 οὕτω
3216 3646 3358 3700 τισὶν
3379 3647 3407 3699 6
3441 3643 3666 3715 ἱερώτα-

2085 3764 2177 3812 τος
2204 3746 2437 3809 Παῦλος.
2474 3744 2687 3813 Ὥσπερ
2726 3737 2819 3795 οῦν
2862 3741 2920 3794 ἐν
2948 3742 3062 3805 τοῖς
3107 3739 3365 3810 χιμάροις
3394 3738 3667 3809 ἐγράφετο

2087 3840 2276 3910 σαφῶς
2311 3837 2371 3891 τὸ
2401 3835 2495 3890 τοῦ
2538 3833 2777 3905 Χριστοῦ
2814 3833 3135 3904 μυστήριον,
3165 3830 3308 3884 οὕτω
3340 3832 3435 3884 καὶ
3464 3832 3521 3884 ἐν
3557 3833 3669 3894 τοῖς

2086 3932 2239 3986 δυσὶν
2266 3928 2542 4001 ὀρνιθίοις.
2585 3925 2724 3979 Ἀλλ’
2761 3926 2891 3987 ἴσως
2934 3942 3021 3987 τις
3065 3924 3211 3996 ἐρεῖ·
3262 3922 3389 3986 Πῶς
3426 3918 3525 3976 οὖν
3548 3923 3664 3987 ἕνα,

2087 4023 2300 4078 καὶτὸν
2345 4019 2507 4075 αὑτὸν
2548 4019 2655 4089 φὴς
2702 4014 2842 4071 εἶναι
2884 4016 3013 4069 Υἱὸν
3063 4016 3157 4069 καὶ
3198 4014 3403 4087 Κύριον
3459 4015 3668 4085 Ἰησοῦν

2086 4116 2344 4190 Χριστὸν,
2369 4113 2546 4167 καίτοι
2576 4110 2668 4164 δύο
2702 4110 2955 4182 χιμάρων
2985 4107 3496 4181 παρενηνεγμένων,
3521 4110 3668 4180 όρνιο

2088 4206 2217 4263 θίων
2267 4224 2326 4259 τε
2375 4204 2498 4269 δύο;
2544 4201 2621 4255 Ἥ
2672 4202 2813 4272 τάχα
2872 4220 2975 4255 που
3027 4200 3391 4265 καταδείξειεν
3446 4199 3511 4254 ἂν
3565 4200 3667 4253 οὐκ

2087 4298 2421 4371 ἁσυμφανῶς
2457 4295 2485 4348 6
2507 4295 2691 4365 νόμος,
2733 4295 2809 4357 ὡς
2833 4294 2927 4347 δύο
2970 4310 3071 4346 που
3104 4294 3324 4357 πάντως
3357 4293 3495 4346 εἰσὶν
3544 4292 3666 4345 Υίοὶ

2088 4395 2181 4448 καὶ
2214 4390 2479 4463 Χριστοί;
2516 4389 2628 4443 Καὶ
2657 4387 2977 4450 δυσσεϐείας
3014 4387 3112 4456 μὲν
3147 4387 3226 4448 είς
3252 4385 3411 4438 τοῦτο
3444 4384 3665 4438 κατεϐι-

404 4500 467 4546 ut
503 4490 669 4544 alium
694 4488 925 4545 seorsim
956 4498 1011 4544 et
1044 4505 1143 4559 per
1174 4506 1230 4544 se
1258 4488 1539 4546 Christum
1571 4506 1691 4545 esse
1716 4489 1902 4544 dicant
1928 4497 1983 4544 et

2090 4455 2371 4553 6ian'oav
2401 4481 2504 4552 ἤδη
2542 4483 2704 4544 τινὲς,
2739 4480 2815 4543 ὡς
2852 4455 3063 4533 οἴεσθαι
3110 4479 3205 4531 καὶ
3242 4477 3441 4546 λέγειν,
3476 4474 3667 4544 ἕτερον

405 4581 650 4637 sentiant
676 4580 941 4647 Verbum,
974 4578 1121 4651 quod
1144 4596 1211 4636 ex
1238 4581 1399 4637 Patre
1426 4590 1539 4647 est;
1567 4590 1622 4637 et
1653 4582 1823 4636 alium
1858 4597 1986 4635 rur-

406 4684 501 4726 sus
531 4686 680 4736 eum,
713 4672 807 4741 qui
835 4687 901 4737 ex
925 4672 1135 4727 semine
1170 4671 1342 4727 David
1385 4681 1539 4728 ortus
1564 4680 1666 4727 est.
1696 4673 1807 4727 Nos
1853 4686 1986 4727 vero

407 4760 494 4816 his
521 4762 613 4833 qui
638 4779 704 4817 ex
723 4762 937 4818 inscitia
963 4761 1015 4817 id
1032 4763 1105 4817 ita
1118 4764 1320 4819 habere
1338 4765 1708 4834 suspicantur,
1728 4763 1983 4829 dicimus,

408 4852 553 4924 apud
584 4853 832 4909 divinum
853 4855 1084 4910 Paulum
1117 4856 1383 4926 scriptum
1411 4865 1650 4921 exstare,
1671 4872 1840 4911 unum
1867 4869 1987 4910 esse

407 4942 889 5010 Dominum,unam
908 4946 1267 5011 ﬁdem,unum
1283 4948 1591 5017 baptisma"
1605 4948 1986 5017 .Quapropter,

410 5032 607 5104 siduos
628 5033 794 5089 Filios
818 5049 937 5091 esse
963 5036 1223 5101 dixerint,
1247 5037 1357 5091 duo
1384 5038 1549 5093 etiam
1583 5053 1812 5107 prorsus
1826 5046 1989 5092 erunt

408 5124 637 5191 domini,
659 5133 715 5180 et
745 5126 867 5182 dum
898 5127 1053 5193 ﬁdes,
1090 5136 1143 5184 et
1192 5129 1417 5184 totidem
1455 5129 1801 5199 baptismate.
1833 5129 1990 5198 130

410 5214 705 5272 Mentietur
740 5219 785 5273 is
812 5219 979 5290 igitur
1022 5222 1137 5291 qui,
1171 5231 1222 5275 ut
1255 5222 1485 5292 ipsemet
1510 5223 1607 5289 ait,
1630 5222 1911 5278 Christum
1933 5223 1986 5277 in

414 5320 470 5357 se
502 5305 816 5377 loquentem
844 5311 1081 5391 habebat
1111 5315 1177 5366 ”.
1214 5314 1319 5368 Sed
1347 5313 1489 5368 absit
1530 5322 1590 5368 ut
1642 5314 1841 5367 horum
1885 5314 1987 5367 ali-

486 5462 525 5533 ‘7'
566 5463 585 5516 l
613 5463 759 5517 Petr.
791 5481 868 5528 ιιι,
900 5467 983 5521 18.
1065 5470 1107 5500 ¹⁶
1135 5470 1235 5523 lsa.
1282 5486 1429 5533 Lxul,
1457 5472 1506 5526 i.

412 5529 455 5564 ¹¹
485 5532 686 5602 Ephes.
714 5550 786 5600 IV,
814 5536 865 5589 5.
943 5539 986 5567 ²²
1011 5539 1053 5593 ιι
1077 5540 1201 5593 Cor.
1233 5557 1345 5607 xm,
1376 5529 1428 5595 5.

2089 4578 2186 4649 μὲν
2214 4570 2355 4629 εἶναι
2379 4571 2615 4645 Χριστὸν
2646 4572 2826 4635 ίδικῶς
2849 4570 2941 4624 τὸν
2970 4574 3030 4624 ἐκ
3052 4569 3188 4623 Θεοῦ
3222 4568 3434 4639 Πατρδς
3468 4567 3663 4633 Λόγον,

2084 4670 2273 4741 ἕτερον
2305 4667 2350 4721 δ’
2402 4661 2468 4720 αὖ
2522 4666 2614 4719 τὸν
2663 4668 2727 4719 ἐκ
2773 4665 3090 4734 σπέρματος
3141 4660 3323 4717 Δαυῖδ.
3371 4660 3564 4731 Ἡμεῖς
3609 4657 3668 4711 δέ

2092 4778 2273 4832 φαμεν
2301 4760 2416 4824 τοῖς
2444 4753 2545 4814 ὦδε
2576 4756 2728 4811 ταῦτ’
2758 4755 2902 4828 ἔχειν
2930 4757 2985 4823 ἐξ
3016 4753 3257 4827 ἀμαθίας
3287 4751 3665 4820 ὑπειληφόσιν,

2087 4853 2163 4915 ὡς
2193 4854 2220 4906 6
2253 4851 2541 4913 θεσπέσιος
2571 4848 2771 4919 γράφει
2805 4844 3035 4907 Παῦλος,
3075 4846 3157 4897 ὅτι
3187 4838 3286 4905 Εἷς
3314 4839 3539 4909 Κύριος,
3570 4835 3669 4907 μία

2090 4947 2295 5010 πίστις,
2325 4946 2382 4999 tv
2406 4944 2709 5015 βάπτισμα.
2745 4941 2953 4994 Οὐκοῦν
2978 4941 3023 4992 εί
3045 4938 3138 4992 δύο
3166 4938 3330 5008 φασιν
3360 4934 3547 4997 Υἱοῦς,
3575 4931 3669 4986 δύο

2090 5054 2193 5091 που
2232 5039 2450 5099 πάντως
2498 5028 2610 5087 εἷεν
2636 5030 2702 5085 ἂν
2743 5033 2792 5083 οἱ
2837 5032 3053 5102 Κύριοι.
3078 5028 3170 5082 δύο
3210 5027 3265 5079 δὲ
3300 5022 3395 5079 καὶ
3430 5026 3665 5085 πίστεις,

2087 5131 2322 5185 τοσαῦτα
2350 5130 2405 5183 δὲ
2445 5133 2538 5183 καὶ
2581 5126 2953 5199 βαπτίσματα.
3001 5120 3419 5191 Ψευδομυθήσει
3458 5116 3522 5185 δὴ
3574 5110 3667 5168 οῦν

2089 5223 2116 5274 6
2153 5220 2382 5291 Χριστὸν
2425 5217 2563 5289 ἔχων
2614 5220 2672 5271 ἐν
2726 5212 2906 5283 ἐαυτῷ
2953 5213 3250 5273 λαλοῦντα,
3307 5206 3453 5262 καθά
3503 5222 3668 5291 φησιν

2091 5314 2272 5376 αὐτός.
2321 5312 2460 5364 Ἀλλ’
2491 5310 2591 5363 οὐκ
2618 5308 2732 5361 ἐστι
2755 5306 2927 5360 ταῦτα
2945 5324 2957 5337 ·
2988 5306 3062 5377 μὴ
3084 5305 3314 5373 γένοιτο.
3347 5296 3559 5353 Οὐκοῦν
3586 5289 3669 5359 εἷς

1592 5470 1631 5500 ⁸⁷
1672 5470 1899 5526 Zachar.
1934 5487 1983 5525 xl

2088 5469 2134 5523 ὓ.
2218 5469 2259 5499 ’⁸
2297 5466 2429 5521 ibid.
2512 5466 2552 5497 "
2585 5464 2739 5521 Joan.
2790 5460 3084 5532 xx,27-29.
3164 5460 3208 5492 ²⁰
3240 5455 3443 5529 Ephes.
3468 5469 3548 5520 ιιι,
3576 5451 3665 5508 10.

1485 5672 1658 5727 Variae
1688 5670 1953 5727 lectiones
1988 5665 2192 5723 codicis
2218 5663 2596 5735 Seguicriani.-

485 5788 506 5815 γ
534 5781 683 5844 παῖς.
