4044 6212
257 342 369 398 217

1647 344 1988 403 EPISTOLA
2026 346 2161 403 XLI.

260 460 509 530 Κύριος,
549 456 646 510 καὶ
689 455 790 527 μία
823 456 1030 522 πίστις,
1065 456 1126 512 ἐν
1162 457 1468 530 βάπτισμα.
1514 458 1867 531 Πιστεύομενκ

1969 460 2089 528 ιιιῘά
2112 462 2210 517 sit!
2236 462 2386 519 Unus
2415 464 2600 535 itaque
2628 475 2713 520 est
2742 465 3024 532 Dominus,
3045 483 3151 523 una
3166 466 3321 535 ﬁdes,
3337 485 3537 527 unum-

260 549 385 622 γὰρ
419 550 506 613 είς
548 548 642 601 ἕνα
682 546 893 618 Κύριον
932 545 1139 615 Ἰησοῦν
1167 546 1424 619 Χριστὸν,
1465 536 1713 603 τουτέστι
1764 548 1857 601 τὸν

267 640 546 713 μονογενῆ
570 637 665 692 τοῦ
695 636 834 693 Θεοῦ
864 638 1039 707 Δὸγον
1080 637 1599 710 ὲνανθρωπήσαντα,
1632 638 1729 694 καὶ
1764 654 1856 690 σε-

265 729 655 800 σαρκωμένον.
700 727 805 781 Διὰ
831 726 991 781 τοῦτο
1037 728 1132 782 καὶ
1166 729 1245 790 είς
1288 728 1381 782 τὸν
1424 727 1652 783 θάνατον
1689 726 1856 780 αὐτοῦ

268 820 686 892 βαπτιζόμεθα,
738 819 837 874 καὶ
890 817 1051 891 μόνον
1105 820 1262 891 ίσμεν
1314 820 1479 875 αὐτὸν
1530 818 1736 892 Κύριον
1781 818 1858 883 ὡς

263 911 425 976 Θεὸν,
459 912 566 966 οὐκ
591 910 698 964 ἀνὰ
729 910 896 982 μέρος
941 909 1184 974 τιθέντες
1224 910 1540 983 ἄνθρωπον,
1571 912 1667 965 καὶ
1701 909 1859 978 Θεὸν,-

258 1002 380 1058 ὰλλ¹
431 1002 629 1066 αὐτὸν,
676 1001 753 1066 ὡς
785 1001 946 1072 ἔφην,
999 1001 1091 1055 τὸν
1141 1002 1206 1055 ὲκ
1249 1000 1386 1055 Θεοῦ
1433 1002 1649 1074 Πατρδς
1686 1002 1857 1071 Λόγον

258 1096 565 1167 ἄνθρωπον
600 1094 855 1164 γενέσθαι
889 1091 1361 1164 διαϐεϐαιούμενοι
1381 1094 1519 1165 μετὰ
1543 1093 1639 1148 τοῦ
1677 1096 1857 1160 μεῖναι

258 1191 435 1247 Θεάνο
473 1190 754 1261 ἄτρεπτος
798 1187 927 1259 γὰρ,
979 1187 1076 1245 καὶ
1104 1186 1466 1251 ἀναλλοίωτος
1511 1186 1658 1242 κατὰ
1697 1185 1857 1255 φύσιν

260 1281 442 1334 ἔστιν.
484 1279 649 1332 Ἐπεὶ
678 1278 1117 1349 φραζέτωσανοοί
1144 1278 1211 1331 δι’
1245 1276 1513 1343 ἐναντίας,
1552 1277 1602 1330 εί
1639 1275 1734 1331 δύο
1757 1294 1861 1346 φα-

264 1375 349 1425 σὶν
400 1372 600 1437 Υἱοὺς,
643 1370 742 1424 ἕνα
788 1370 888 1441 μὲν
923 1368 1109 1434 ίδικῶς
1154 1370 1246 1423 τὸν
1278 1369 1345 1422 ἐκ
1397 1368 1712 1440 σπέρματος
1761 1367 1857 1422 τοῦ

260 1462 461 1526 Δαυῖδ,
494 1462 693 1532 ἕτερον
724 1462 770 1516 δ’
804 1457 895 1526 αὖ,
927 1462 1025 1516 καὶ
1050 1462 1153 1516 ἀνὰ
1183 1454 1468 1537 μέροξτδν
1496 1464 1560 1515 ὲκ
1592 1460 1728 1514 Θεοῦ
1747 1460 1860 1514 Πα-

263 1555 399 1626 τρὺς
431 1555 637 1624 Λόγον.
654 1548 783 1627 'Ap'
811 1555 912 1607 οὐκ
944 1554 1184 1624 ἀμείνων
1215 1554 1356 1608 κατὰ
1382 1554 1545 1625 φύσιν
1576 1555 1604 1608 6
1628 1554 1695 1607 ὲκ
1720 1552 1858 1607 Θεοῦ

261 1647 489 1717 Πατρὺς
528 1647 731 1714 Λόγος,
765 1645 857 1698 τοῦ
902 1646 968 1698 ὲκ
1011 1645 1329 1716 σπέρματος
1378 1642 1473 1698 τοῦ
1517 1642 1718 1708 Δαυῖδ,
1763 1644 1860 1698 καὶ⁵

259 1739 635 1810 ἀπγκρίτοις
671 1737 993 1808 διαφοραῖς;
1030 1736 1094 1791 τί
1122 1737 1228 1808 γὰρ
1253 1736 1543 1809 ἀνθρώπου
1574 1736 1753 1807 φύσις,
1783 1736 1858 1801 ὡς

263 1832 407 1903 πρός
437 1847 505 1899 γε
534 1829 640 1901 τὴν
668 1829 821 1882 Θείαν
851 1830 947 1882 καὶ
994 1828 1347 1901 ύπερτάτην;
1391 1828 1531 1882 Ἀλλ’
1565 1824 1738 1900 οἶμαι,
1769 1828 1864 1882 καὶ

262 1919 365 1990 οὐχ
396 1918 629 1981 ἑκόντες
665 1916 905 1988 ἐροῦσιν,
936 1915 1013 1980 ὡς
1042 1917 1281 1987 ἀμείνων
1313 1917 1430 1971 ἐστὶ
1466 1919 1608 1973 κατὰ
1649 1917 1809 1989 φύσιν
1834 1918 1863 1971 6

263 2009 331 2064 ἐκ
351 2009 494 2063 Θεοῦ
513 2008 736 2080 Πατρὸς
770 2008 963 2081 Λόγος.
991 2002 1124 2059 Εἶτα
1152 2006 1203 2060 τί
1230 2005 1524 2078 δράσομεν,
1548 2007 1675 2072 τοὺς
1700 2008 1865 2080 χιμά-

266 2115 396 2169 ρους
421 2096 670 2169 δρῶντες
702 2096 803 2167 οὐχ
837 2096 1150 2167 ὲτεροφυεῖς
1182 2096 1340 2161 ὄντας
1374 2096 1646 2169 ἀλλήλοις,
1681 2098 1865 2169 ὁμοει-

265 2189 378 2254 δεῖς
400 2190 462 2242 δὲ
497 2188 732 2260 μᾶλλον,
758 2188 853 2243 καὶ
880 2189 1001 2241 κατ’
1025 2187 1176 2242 οὐδὲν
1208 2187 1457 2259 ἀλλήλων
1488 2188 1861 2260 διαφέροντας,

267 2283 414 2337 κατὰ
444 2297 512 2350 γε
541 2280 609 2333 τδ
631 2275 773 2334 εἶναι
802 2278 949 2333 τοῦθ’
965 2279 1104 2351 ὅπερ
1122 2279 1259 2334 είσίν
1284 2295 1300 2347 ;
1343 2280 1402 2332 ’0
1429 2279 1588 2343 αὐτὸς
1614 2280 1658 2332 δ’
1690 2279 1756 2334 ἂν
1779 2278 1866 2350 γέ-

269 2388 417 2426 νοιτο
463 2368 648 2438 λόγος,
687 2369 785 2424 καὶ
842 2369 934 2423 ἐπὶ
981 2372 1093 2434 τοῖς
1124 2369 1273 2423 δυσὶν
1322 2368 1600 2440 ὀρνιθίοις.
1655 2370 1864 2425 Οὐκοῦν

272 2463 741 2535 συγχωρείτωσαν
759 2459 849 2515 διὰ
871 2460 930 2514 τὸ
950 2460 1060 2515 τῶν
1086 2442 1355 2532 χιμάρων,
1390 2459 1423 2530 ἢ
1459 2458 1589 2528 γοῦν
1611 2459 1864 2530 ὀρνιθίων

269 2554 542 2627 ὁμοειδὲς,
577 2552 750 2624 μηδὲν
792 2550 1082 2625 ἀνθρώπου
1129 2550 1407 2623 διαφέρειν
1455 2550 1547 2604 τὸν
1576 2550 1671 2604 τοῦ
1726 2549 1861 2605 Θεοῦ

271 2646 466 2714 Λόγον.
510 2643 659 2697 Ἀλλ’
698 2643 800 2696 οὐκ
831 2640 1147 2707 ἀνέξονται,
1187 2640 1443 2712 καθάπερ
1485 2633 1735 2712 ἐγῷμαι,
1769 2640 1863 2695 τοῦ

270 2737 483 2792 τοιοῦδε
507 2737 678 2805 λόγου
694 2752 710 2766 ’
738 2736 993 2789 πλεῖστον
1015 2732 1124 2805 γὰρ
1144 2732 1268 2787 ὅσον
1297 2732 1358 2787 τὸ
1382 2734 1585 2804 μεταξὺ
1613 2731 1867 2804 θεότητός

272 2846 333 2883 τε
370 2829 470 2882 καὶ
518 2826 967 2900 ἀνθρωπύτητος.
1013 2823 1264 2896 Ἐφῶμεν
1297 2825 1363 2897 δὴ
1407 2818 1501 2879 οὖν
1532 2826 1645 2889 τοῖς
1688 2841 1868 2896 παρα-

273 2921 538 2994 δείγμασι
570 2921 717 2974 κατά
760 2920 854 2974 τὸν
890 2920 1074 2983 αὐτοῖς
1106 2918 1389 2992 πρέποντα
1415 2917 1656 2971 νοεῖσθαι
1685 2917 1864 2986 λόγον.

287 3013 553 3067 Ἡττᾶται
583 3013 698 3083 γὰρ
716 3012 835 3066 λίαν
854 3010 965 3064 τῶν
995 3009 1235 3081 ἀληθῶν,
1266 3010 1361 3063 καὶ
1379 3008 1613 3081 μερικὴν
1640 3007 1751 3062 ἐσθ’
1780 3008 1868 3061 ὅτε

275 3106 522 3157 ποιεῖται
558 3101 669 3155 τῶν
714 3100 1134 3172 σημαινομένων
1171 3100 1271 3172 τὴν
1306 3099 1552 3165 ἔνδειξιν.
1592 3099 1778 3170 Φαμὲν
1810 3098 1868 3154 δὲ

271 3196 356 3248 ὅτι
409 3192 549 3247 σκιὰ
585 3192 683 3246 καὶ
707 3193 878 3255 τύπος
907 3191 936 3243 6
966 3189 1132 3261 νόμος
1168 3185 1257 3262 ἦν,
1293 3190 1390 3244 καὶ
1419 3186 1531 3244 οἷόν
1570 3208 1657 3254 τις
1686 3188 1872 3262 γραφὴ

274 3282 669 3356 παρατεθεῖσα
698 3282 828 3353 πρὸς
862 3280 994 3335 θέαν
1022 3284 1137 3345 τοῖς
1166 3281 1425 3354 ὁρῶσιτά
1448 3280 1774 3352 πράγματα.
1804 3281 1872 3334 Αἰ

272 3380 333 3432 δὲ
392 3375 562 3429 σκιαὶ
601 3375 696 3443 τῆς
723 3372 826 3426 τῶν
863 3373 1184 3446 γραφόντων
1235 3373 1291 3425 ὲν
1333 3370 1521 3436 πίναξι
1563 3372 1758 3443 τέχνης
1804 3372 1874 3426 τὰ

276 3468 489 3542 πρῶτα
515 3465 626 3519 τῶν
644 3464 1017 3536 χαμγμὰτων
1044 3464 1182 3517 εἰσίν
1201 3481 1214 3494 ’
1240 3457 1329 3528 αἷς
1353 3464 1511 3535 είπερ
1533 3464 1873 3535 ὲπενεχθείεν

278 3563 394 3615 τῶν
427 3556 740 3631 χρωμάτων
774 3557 843 3609 τὰ
871 3556 1033 3626 ἄνθη,
1073 3555 1197 3608 τότε
1228 3555 1318 3627 δὴ,
1356 3554 1479 3608 τότε
1521 3556 1621 3627 τῆς
1656 3556 1875 3626 γραφῆς

286 3650 677 3721 ἁπαστράπτει
723 3647 788 3701 τὸ
832 3646 1049 3711 κάλλος.
1080 3646 1230 3702 Ἔδει
1260 3646 1324 3718 δὴ
1353 3643 1468 3714 οὖν,
1504 3648 1595 3701 τὸν
1623 3648 1711 3702 διὰ
1746 3649 1874 3702 Μω-

290 3744 428 3806 σέως
451 3739 1002 3814 νόμονκαταγράψαι
1027 3739 1211 3809 σαφῶς
1241 3740 1492 3795 ἐθέλοντα
1521 3741 1582 3795 τὸ
1610 3741 1702 3795 τοῦ
1734 3742 1871 3813 Χρι-

292 3834 420 3887 στοῦ
468 3832 796 3904 μυστήριον,
834 3831 934 3901 οὐχ
974 3831 1055 3885 ἐνὶ
1084 3831 1193 3885 τῶν
1225 3831 1501 3904 χιμάρων,
1540 3832 1660 3903 ἦτοι
1704 3831 1814 3885 τῶν
1846 3840 1873 3869 ι

294 3928 567 3999 δρνιθίων,
592 3922 1014 3995 ἀποθνήσκοντὰ
1043 3941 1102 3976 τε
1134 3922 1271 3995 ὁμοῦ
1295 3924 1389 3978 καὶ
1419 3922 1598 3990 ζῶντα
1622 3924 1875 3978 καταδειο

293 4018 484 4071 κνύειν
511 4016 703 4083 αὑτὸν,
746 4015 834 4069 ἵνα
864 4015 941 4087 μὴ
969 4015 1320 4087 τερατοποιϊα
1342 4015 1576 4087 σκηνικὴ
1603 4014 1730 4088 δόξῃ
1754 4031 1873 4079 πως

291 4107 433 4164 εἶναι
464 4109 532 4163 τὺ
566 4106 842 4181 δρώμενον
861 4126 875 4139 ·
912 4106 1031 4161 ἀλλ’
1077 4106 1293 4178 ἐδέχετο
1336 4106 1434 4178 μὲν
1466 4106 1542 4171 ὡς
1571 4108 1629 4159 ὲν
1656 4106 1739 4159 ἑνὶ
1768 4124 1875 4161 πα-

292 4204 453 4256 θὼν-’.α
482 4202 586 4272 τὴν
621 4198 857 4272 σφαγὴν,
885 4199 1203 4255 κατεδείκνυ
1226 4199 1284 4253 δὲ
1309 4198 1401 4253 τὸν
1425 4199 1587 4253 αὑτὸν
1610 4200 1667 4253 ὲν
1698 4198 1875 4270 ἑτέρῳ

294 4294 476 4358 ζῶντά
499 4310 565 4346 τε
587 4293 686 4346 καὶ
717 4293 1031 4362 ἀφιέμενον.
1073 4292 1377 4362 ’Δποφῆναι
1409 4290 1466 4345 δὲ
1496 4290 1587 4344 τὸν
1615 4290 1709 4344 ἐπὶ
1738 4289 1874 4362 τῷδε

293 4389 451 4455 λόγον
491 4386 598 4439 οὐκ
645 4384 749 4451 ἔξω
788 4383 1042 4455 βαίνοντα
1074 4382 1168 4438 τοῦ
1197 4383 1407 4448 είκότος
1436 4383 1693 4455 οἰήσομαι
1742 4381 1872 4447 δεῖν,

1966 568 2073 622 que
2106 553 2393 624 baptisma.
2434 554 2725 612 Credimus
2767 557 2915 613 enim
2948 556 3003 611 in
3028 573 3196 612 unum
3243 559 3536 616 Dominum

1963 643 2151 699 Jesum
2179 644 2482 713 Christum,
2504 646 2609 701 hoc
2640 655 2744 713 est,
2779 648 3123 718 unigenitum
3151 649 3248 704 Dei
3270 650 3535 717 Verbum,

1964 734 2244 791 hominem
2267 736 2473 793 factum
2498 748 2554 794 et
2595 739 2964 794 incarnatum.
3027 740 3183 797 Unde
3221 750 3279 796 et
3311 740 3367 795 in
3415 742 3537 811 ejus

1964 843 2184 898 quoque
2208 839 2441 885 mortem
2465 829 2809 901 baptizamur
2836 832 2901 895 ",
2930 840 2987 886 et
3024 831 3203 901 ipsum
3227 831 3406 886 solum
3433 832 3538 886 Do-

1952 913 2402 990 'minum,utpote
2431 919 2626 986 Deum,
2648 921 2996 991 agnoscimus
3036 936 3184 975 :non
3225 931 3539 991 separantcs

1966 1026 1997 1065 a
2016 1026 2074 1066 se
2088 1010 2324 1067 invicem
2350 1011 2634 1067 hominem
2672 1022 2730 1068 et
2750 1012 2955 1080 Deum;
2976 1012 3072 1067 sed
3097 1012 3299 1082 ipsum,
3314 1022 3373 1069 ut
3401 1011 3536 1076 dixi,

1964 1102 2063 1159 Dei
2101 1103 2280 1159 Patris
2304 1103 2568 1170 Verbum,
2596 1103 2744 1158 salva
2778 1103 2984 1159 deitate
3016 1103 3121 1175 (est
3142 1103 3291 1157 enim
3335 1116 3535 1157 secun-

1964 1193 2098 1249 dum
2150 1202 2407 1248 naturam
2464 1210 2620 1250 suam
2689 1191 3064 1266 immutabile)
3127 1192 3408 1248 hominem
3452 1193 3537 1247 fa-

1964 1292 2116 1338 ctum
2140 1284 2486 1340 confitentes.
2519 1285 2738 1340 Etenim
2792 1285 2981 1341 dicant
3029 1284 3191 1340 nobis
3211 1284 3538 1349 adversarii,

1965 1373 2011 1428 si
2041 1373 2180 1429 duos
2217 1375 2386 1431 Filios
2405 1386 2681 1441 asserunt,
2711 1391 2882 1431 unum
2900 1376 3123 1445 quidem
3146 1390 3417 1439 seorsum,
3442 1375 3539 1445 qui

1965 1458 2037 1514 sit
2069 1475 2134 1514 ex
2160 1463 2368 1517 semine
2389 1463 2557 1517 David
2606 1472 2793 1528 ortus,
2842 1465 3077 1519 alterum
3102 1479 3325 1517 rursum
3374 1473 3430 1519 et
3449 1478 3538 1518 se-

1966 1551 2202 1621 paratim
2236 1552 2413 1622 ipsum
2439 1554 2683 1609 Verbum
2715 1571 2781 1610 ex
2814 1555 2928 1610 Deo
2959 1555 3121 1609 Patre
3148 1554 3429 1624 genitum;
3468 1570 3541 1608 an

1966 1658 2074 1696 non
2101 1641 2196 1697 Dei
2220 1643 2399 1699 Patris
2414 1643 2658 1700 Verbum
2682 1654 2873 1716 suapte
2910 1653 3107 1699 natura
3136 1644 3540 1714 incomparabi-

1965 1733 2114 1787 libus
2133 1734 2477 1789 excellentiis
2519 1734 2595 1806 (1)
2622 1734 2974 1804 praestantius
2996 1735 3068 1790 sit
3089 1734 3183 1789 illo
3220 1734 3315 1804 qui
3343 1749 3412 1788 ex
3455 1748 3544 1791 se-

1894 1810 1938 1871 Β
1967 1824 2114 1878 mine
2158 1825 2328 1879 David
2360 1835 2525 1881 natus
2561 1827 2681 1881 est?
2704 1825 2846 1893 Quid
2870 1827 3019 1881 enim
3053 1835 3138 1881 est
3162 1826 3405 1881 hominis
3441 1842 3541 1882 na-

1965 1921 2107 1979 tura,
2146 1914 2191 1968 si
2215 1929 2339 1968 cum
2362 1914 2547 1968 divina
2575 1924 2633 1969 et
2657 1931 2911 1985 suprema
2935 1916 3026 1969 illa
3070 1924 3266 1969 natura
3318 1930 3542 1985 compa-

1963 2005 2157 2058 ratur?
2192 2004 2447 2081 Arbitror
2491 2015 2675 2060 autem
2714 2006 2860 2076 quod
2910 2006 3071 2060 inviti
3123 2006 3291 2061 etiam
3339 2005 3543 2061 dicturi

1963 2093 2094 2159 sint,
2117 2094 2356 2150 Verbum
2380 2095 2525 2166 quod
2547 2112 2613 2151 ex
2637 2097 2749 2151 Deo
2772 2098 2936 2151 Patre
2976 2104 3062 2151 est
3113 2096 3419 2152 secundum
3448 2112 3547 2151 na-

1964 2191 2145 2239 turam
2184 2188 2535 2257 praestantius
2575 2203 2719 2242 esse.
2772 2186 2887 2243 Hoc
2938 2196 3120 2243 autem
3165 2188 3370 2258 posito,
3411 2188 3546 2259 quid

1964 2275 2228 2333 faciemus
2254 2278 2401 2349 quod
2425 2278 2610 2335 hircos
2629 2279 2882 2335 videmus
2903 2295 3014 2334 non
3048 2280 3279 2336 diversae
3309 2281 3453 2335 inter
3483 2296 3545 2336 se

1964 2381 2174 2426 naturae
2195 2386 2336 2436 esse,
2365 2371 2459 2427 sed
2495 2372 2658 2426 unius
2678 2370 3041 2443 ejusdemque
3088 2372 3293 2442 speciei
3336 2371 3542 2441 potius,

1963 2477 2066 2516 nec
2087 2462 2195 2517 ulla
2231 2479 2288 2519 re
2320 2463 2466 2519 inter
2485 2479 2545 2520 se
2570 2463 2816 2530 differre,
2849 2466 2906 2519 in
2932 2480 2999 2520 eo
3038 2463 3186 2535 quod
3215 2463 3352 2518 hirci
3381 2463 3548 2518 sunt?

1965 2551 2170 2608 Eadem
2194 2554 2387 2625 utique
2435 2554 2575 2610 ratio
2600 2562 2686 2609 est
2730 2555 2968 2610 duorum
2996 2570 3300 2625 passerum.
3332 2554 3546 2612 Conce-

1968 2641 2099 2697 dant
2120 2659 2252 2714 ergo
2273 2654 2504 2714 propter
2526 2645 2776 2700 eamdem
2805 2646 3093 2701 hircorum
3144 2647 3232 2702 vel
3260 2661 3549 2717 passerum

1969 2734 2230 2803 speciem,
2254 2734 2428 2788 Deum
2482 2734 2723 2789 Verbum
2749 2734 2889 2789 nihil
2927 2735 3151 2791 diﬂ‘erre
3206 2737 3275 2791 ab
3303 2736 3545 2791 homine.

1970 2823 2076 2880 Sed
2103 2840 2215 2879 non
2240 2823 2566 2889 concedent,
2604 2832 2666 2878 ut
2687 2840 2789 2894 ego
2823 2833 2978 2895 puto,
3013 2825 3158 2880 hanc
3204 2825 3546 2881 doctrinam:

1968 2924 2054 2970 est
2088 2915 2237 2969 enim
2274 2915 2572 2987 plurimum
2600 2916 2827 2970 omnino
2864 2914 3204 2971 discriminis
3232 2916 3378 2971 inter
3406 2916 3550 2971 divi-

1970 3006 2198 3062 nitatem
2226 3016 2283 3063 et
2317 3008 2740 3063 humanitatem.
2770 3008 2912 3064 Sunt
2968 3009 3137 3079 igitur
3170 3009 3425 3077 exempla
3459 3023 3551 3063 se-

1973 3098 2217 3154 cundum
2239 3100 2509 3155 rationem
2538 3117 2661 3170 quae
2690 3100 2827 3171 ipsis
2850 3100 3170 3165 conveniat,
3202 3099 3549 3170 accipienda.

1974 3192 2204 3246 Multum
2233 3192 2381 3247 enim
2432 3193 2579 3248 veris
2617 3194 2787 3249 rebus
2843 3192 3109 3249 inferiora
3159 3201 3309 3258 sunt,
3343 3202 3400 3248 et
3454 3192 3556 3248 ali-

1973 3298 2137 3352 quam
2159 3289 2372 3338 tantum
2404 3292 2614 3354 partem
2645 3299 2838 3339 eorum
2868 3284 3181 3355 designant,
3204 3300 3441 3355 quorum
3474 3291 3558 3357 ty-

1974 3374 2029 3444 pi
2055 3382 2202 3430 sunt.
2223 3373 2423 3446 Legem
2454 3385 2640 3431 autem
2674 3377 2926 3432 umbram
2953 3392 3019 3431 ac
3046 3386 3236 3449 typum
3274 3376 3556 3433 exstitisse

1974 3467 2273 3522 asserimus
2300 3468 2366 3533 “,
2395 3474 2453 3521 et
2478 3469 2646 3523 veluti
2688 3468 2983 3539 quamdam
3012 3467 3286 3537 picturam
3331 3468 3401 3522 ad
3426 3483 3555 3537 spe-

1974 3558 2234 3614 ctandum
2251 3560 2590 3630 propositam
2611 3560 3011 3631 aspicientibus
3030 3575 3120 3614 res
3147 3560 3312 3630 ipsas.
3338 3557 3558 3614 Umbra:

1974 3661 2158 3705 autem
2188 3660 2319 3705 sunt
2347 3649 2525 3719 prima
2550 3650 2605 3703 in
2628 3650 2906 3720 pictorum
2936 3648 3139 3702 tabulis
3172 3647 3556 3702 delineamen-

1975 3748 2030 3796 ta
2059 3759 2071 3793 :
2099 3740 2303 3809 quibus
2322 3739 2369 3793 si
2396 3740 2642 3794 colorum
2671 3728 2905 3794 ﬂosculi
2930 3738 3287 3803 accesserint,
3326 3735 3559 3792 illustris

1976 3833 2215 3906 picturae
2240 3841 2505 3889 venustas
2546 3847 2675 3886 mox
2696 3830 2970 3885 exoritur.
3024 3828 3332 3899 Oportebat
3372 3830 3560 3898 itaque

1975 3932 2038 3979 ut
2067 3924 2155 3978 lex
2208 3939 2306 3994 per
2358 3922 2582 3994 Moysen
2623 3921 2749 3976 data
2796 3935 2924 3975 cum
2963 3918 3173 3985 Christi
3234 3919 3560 3991 mysterium

1977 4014 2238 4087 perpicue
2287 4014 2566 4070 delineare
2583 4012 2773 4077 vellet,
2800 4027 2913 4066 non
2951 4009 3008 4064 in
3044 4025 3156 4065 uno
3196 4010 3351 4080 131
3401 4008 3560 4066 hirco

1976 4107 2063 4160 vel
2088 4120 2308 4177 passere
2331 4105 2492 4160 simul
2518 4104 2674 4159 illum
2706 4103 2894 4157 vivum
2919 4110 2974 4157 et
2992 4108 3275 4156 mortuum
3308 4109 3563 4171 spectan-

1977 4201 2109 4257 dum
2132 4207 2492 4272 proponeret,
2516 4214 2586 4253 ne
2613 4197 2831 4252 scenica
2854 4194 3104 4267 quadam
3144 4203 3399 4265 portenta
3428 4208 3560 4263 pro-

1978 4293 2109 4365 poni
2153 4292 2512 4347 viderentur:
2557 4289 2654 4344 sed
2680 4289 2835 4343 illum
2882 4286 3088 4342 caedem
3137 4302 3460 4358 perpessum
3503 4284 3564 4339 in

1980 4400 2092 4439 uno
2119 4382 2364 4447 admisit,
2381 4381 2747 4450 eumdemque
2766 4379 3042 4435 viventem
3063 4394 3129 4433 ac
3152 4378 3452 4433 demissum
3469 4391 3564 4431 os-

296 4476 389 4527 καὶ
418 4472 623 4542 ἑτέραν
645 4465 730 4534 οἷς
778 4471 922 4540 ἔφην
962 4471 1381 4543 ὲπεισφρὴσας)
1432 4471 1637 4525 εἰκόνα.
1667 4470 1868 4541 Γέγρα-

1986 4474 2165 4532 tendit
2200 4475 2257 4529 iu
2285 4474 2479 4529 altero.
2501 4470 2574 4528 Ut
2616 4487 2748 4528 vero
2792 4471 2959 4543 hujus
3006 4468 3087 4525 rei
3136 4468 3566 4525 declarationem

296 4580 428 4617 πται
481 4562 672 4615 τοίνυν
712 4563 771 4614 ἐν
810 4559 888 4632 τῷ
920 4562 1019 4632 τῆς
1052 4564 1411 4634 κοσμοποιῖας
1443 4562 1665 4636 βιϐλίῳο
1713 4582 1731 4615 ι
1773 4564 1885 4617 Καὶ

297 4656 520 4725 ἐγένετο
562 4653 705 4724 μετά
735 4652 806 4707 τὰ
867 4655 1089 4726 ῥήματα
1134 4653 1332 4720 ταῦτα,
1366 4655 1395 4709 6
1445 4653 1576 4720 Θεὸς
1619 4652 1884 4726 ὲπείραζε

298 4750 393 4803 τὸν
427 4745 705 4820 Ἀϐραὰμ,
746 4747 840 4799 καὶ
867 4741 1022 4800 εἶπεν
1060 4744 1241 4818 αὐτῷ’
1288 4747 1560 4818 Ἀϐραὰμ,
1609 4745 1881 4818 Ἀϐραάμ.

309 4840 377 4896 ’0
409 4839 467 4893 ἃ
513 4835 700 4892 εἶπενο
754 4839 886 4893 Ἰδοὺ
928 4836 1061 4907 ἐγώ.
1104 4838 1214 4894 Καὶ
1244 4833 1398 4892 εἷπε*
1441 4840 1589 4894 Λαὸὲ
1635 4840 1726 4893 τὸν
1769 4840 1885 4894 υίόν

297 4950 407 4987 σου
464 4932 557 4984 τὸν
597 4930 901 5002 ἀγαπητὸν,
934 4931 993 4984 δν
1020 4931 1336 5002 ἠγάπησας,
1387 4931 1478 4985 τὸν
1530 4932 1753 4986 Ἰσαάκ·
1788 4929 1887 4985 καὶ

300 5020 609 5093 πορεύθητι
636 5024 717 5088 είς
750 5023 853 5094 τὴν
896 5022 1004 5092 γῆν
1049 5023 1149 5096 τὴν
1194 5021 1427 5094 ὑψηλὴν,
1477 5022 1574 5077 καὶ
1619 5022 1884 5092 ἀνένεγκε

300 5117 471 5171 αὐτὸν
498 5117 619 5171 ἐκεῖ
643 5116 722 5180 είς
745 5113 1149 5186 δλοκὰρπωσιν,
1176 5116 1261 5184 ἐφ’
1288 5114 1348 5168 ἓν
1374 5114 1484 5169 τῶν
1505 5115 1697 5187 ὀρέων,
1727 5108 1802 5169 ὧν
1817 5114 1883 5170 ἄν

306 5225 394 5263 σοι
421 5208 605 5277 δείξω.
652 5207 917 5272 Ἀναστὰς
955 5207 1012 5261 δὲ
1035 5207 1201 5280 πρωῒ,
1234 5208 1470 5273 ἐπέσαξε
1504 5208 1604 5281 τὴν
1638 5206 1757 5263 ὄνον
1782 5206 1883 5261 αὐ-

369 5360 417 5392 ”
443 5360 604 5415 Rom.
640 5376 716 5425 vr,
742 5354 798 5416 3.
873 5360 921 5392 “
952 5359 1119 5416 llebr.
1147 5378 1206 5428 χ,
1234 5361 1284 5415 ι.

1984 4582 2094 4622 non
2115 4565 2383 4621 excedere
2413 4570 2841 4619 consentaneam
2864 4561 3137 4616 rationem
3163 4558 3565 4622 demonstrem,

1984 4659 2226 4715 arbitror
2242 4658 2403 4712 aliam
2417 4670 2637 4727 quoque
2653 4653 2949 4725 imaginem
2966 4653 3034 4707 iis
3050 4651 3118 4708 de
3134 4648 3470 4721 quibuslocu
3479 4656 3569 4703 tus

1984 4766 2107 4806 sum
2124 4750 2411 4810 hactenus,
2439 4743 2804 4817 adjiciendam
2822 4757 2965 4797 esse.
2993 4738 3270 4809 Scriptum
3284 4744 3368 4791 est
3400 4735 3569 4805 igitur

1986 4842 2044 4896 in
2070 4840 2213 4895 libro
2235 4837 2302 4894 de
2326 4838 2539 4909 origine
2560 4835 2754 4891 mundi
2778 4853 2789 4887 :
2825 4853 2842 4885 ι
2866 4834 2935 4889 Ει
2964 4833 3170 4888 factum
3196 4837 3281 4884 est
3310 4835 3434 4898 post
3453 4826 3571 4882 haec

1988 4932 2180 4997 verba,
2205 4931 2439 4987 tentavit
2467 4929 2615 4985 Deus
2638 4926 2936 4989 Abraham.
2999 4933 3057 4980 et
3099 4921 3237 4978 dixit
3294 4920 3363 4976 ad
3404 4933 3567 4974 eum:

1990 5022 2291 5086 Abraham,
2321 5020 2622 5077 Abraham.
2658 5018 2729 5075 At
2771 5018 2863 5073 ille
2914 5012 3227 5085 respondit:
3260 5011 3401 5066 Ecce
3444 5021 3547 5077 ego

1989 5116 2058 5170 Et
2084 5113 2257 5171 dixit:
2288 5112 2445 5168 Tolle
2486 5111 2660 5167 [ilium
2703 5119 2857 5165 tuum
2894 5107 3160 5162 dilectum
3211 5116 3374 5172 quem
3427 5098 3568 5153 dile-

1990 5206 2309 5272 xistilsaac,
2333 5214 2391 5261 et
2425 5204 2564 5261 vade
2589 5204 2646 5259 in
2693 5212 2896 5258 terram
2942 5195 3257 5262 sublimem,
3284 5203 3451 5262 atque
3492 5186 3570 5244 ibi
3668 5210 3689 5221 -

1402 5479 1576 5541 Variae
1604 5479 1873 5535 lectiones
1898 5477 2107 5535 codicis
2130 5473 2494 5548 Seguieriani.

324 5664 329 5671 ⁹
389 5605 412 5633 ι
452 5589 648 5663 ἦτῶν,
726 5598 753 5638 1
781 5592 1205 5665 ὲπεισφορήσας.

1872 5677 2099 5735 NOT/E.

395 5774 467 5848 (I)
502 5774 859 5855 Dilerfntiis.
