4044 6212
488 398 592 455 219

1483 396 1541 450 S.
1580 393 1855 450 CYRILL!
1890 383 2360 447 ALEXANDRINI
2395 381 2713 439 ARCHIEP.
2747 452 2753 458 ἢ

3632 358 3742 414 2Ξο

485 512 685 568 efferes
710 527 839 567 eum
864 512 922 564 in
946 510 1331 564 holocaustum
1363 522 1530 576 super
1584 522 1755 560 unum
1799 504 2069 559 montium

2182 496 2294 548 τοῦ·
2331 491 2609 565 παρέλαϐε
2630 488 2684 542 δέ
2711 485 2832 557 μεθ’
2854 479 3047 537 ἑαυτοῦ
3076 478 3168 533 δύο
3190 475 3404 539 παῖδας,
3428 474 3522 527 καὶ
3555 474 3744 529 Ἰσαὰκ

485 618 651 672 quem
684 610 1064 655 monstravero
1085 599 1204 651 tibi.
1236 596 1478 667 Surgens
1509 596 1694 666 itaque
1712 611 1894 659 mane,
1919 603 2064 647 stra-

484 695 565 747 vit
596 694 803 747 asinam
827 706 1016 757 suam;
1042 690 1385 758 sumpsitque
1416 705 1601 743 secum
1627 688 1766 742 duos
1808 686 2078 749 famulos,,

483 791 540 835 et
564 783 715 836 Isaac
750 779 1395 849 ﬁliumsuum.Cumque
1437 778 1772 834 concidisset
1818 778 1966 847 ligna
2010 776 2066 830 in

484 874 890 937 holocaustum,
934 887 1165 942 surgens
1189 871 1325 924 abiit
1363 870 1431 924 ad
1483 871 1665 925 locum
1700 885 1864 939 quem
1910 868 2065 922 dixe—

485 973 569 1017 rat
595 965 644 1018 ei
670 966 835 1025 Deus,
869 962 957 1016 die
983 963 1162 1016 tertia.
1190 963 1257 1016 Et
1279 962 1576 1031 respiciens
1594 958 1870 1015 Abraham
1894 959 2068 1012 oculis

485 1052 621 1114 suis,
679 1050 819 1104 vidit
863 1051 1046 1104 locum
1090 1066 1120 1104 a
1167 1050 1360 1120 longe:
1388 1050 1636 1118 dixitque
1678 1047 1951 1103 Abraham
1999 1046 2067 1100 ad

486 1154 691 1209 pueros
716 1154 875 1193 suos:
912 1137 1111 1193 Sedete
1142 1138 1233 1191 hic
1280 1153 1404 1192 cum
1438 1137 1627 1191 asina:
1658 1151 1759 1205 ego
1794 1145 1977 1188 autem
2012 1142 2069 1189 et

489 1246 625 1297 puer
652 1230 1010 1284 transibimus
1034 1245 1205 1298 usque
1222 1229 1373 1293 illuc,
1403 1238 1605 1283 etcum
1633 1226 2065 1291 adoraverimus,

491 1331 833 1376 revertemur
866 1322 933 1375 ad
964 1336 1081 1375 vos.
1117 1320 1264 1374 Tulit
1311 1329 1496 1375 autem
1545 1320 1694 1389 ligna
1739 1317 2065 1381 holocausti,

487 1423 543 1467 et
572 1412 833 1482 imposuit
855 1428 1021 1481 super
1042 1412 1192 1466 Isaac
1218 1411 1393 1465 ﬁlium
1442 1426 1623 1465 suum.
1657 1408 1902 1479 Sumpsit
1939 1422 2069 1462 vero

488 1506 547 1560 in
574 1503 828 1557 manibus
851 1512 907 1556 et
931 1502 1112 1572 ignem
1162 1511 1218 1556 et
1272 1502 1550 1571 gladium;
1606 1510 1661 1555 et
1704 1507 2072 1569 perrexerunt

488 1597 651 1650 ambo
685 1596 847 1649 simul
873 1596 937 1647 "'.
966 1613 982 1645 ι
1020 1595 1089 1649 Ει
1117 1604 1241 1664 post
1262 1594 1395 1647 alia:
1446 1613 1463 1644 ι
1490 1594 1556 1647 Et
1579 1591 1869 1647 aedificavit
1895 1584 2070 1645 Abra-

476 1689 615 1757 ‘ham
638 1689 693 1741 in
722 1703 789 1741 eo
819 1686 942 1740 loco
987 1686 1179 1750 altare,
1213 1693 1269 1739 et
1316 1686 1579 1755 imposuit
1625 1686 1788 1756 ligna.
1817 1685 2068 1754 Cumque

488 1784 763 1851 alligasset
794 1781 948 1835 Isaac
976 1779 1146 1834 ﬁlium
1190 1795 1373 1843 suum,
1418 1780 1603 1848 posuit
1640 1794 1768 1833 eum
1816 1779 1873 1832 in
1909 1778 2067 1832 altari

486 1890 654 1942 super
681 1881 887 1927 struem
912 1872 1205 1942 lignorum.
1243 1871 1312 1925 Et
1344 1870 1589 1929 extendit
1629 1869 1904 1923 Abraham
1950 1884 2069 1923 ma-

486 1982 619 2021 num
649 1980 802 2019 suam
835 1975 896 2018 ut
920 1964 1193 2033 arriperet
1239 1962 1500 2034 gladium.
1549 1972 1611 2016 ut
1662 1962 1970 2016 immolaret
2004 1960 2071 2014 fi-

486 2057 624 2112 lium
691 2072 851 2112 suum
877 2056 943 2108 ".
971 2075 988 2106 ι
1049 2056 1167 2110 Jam
1203 2055 1248 2109 si
1301 2054 1574 2124 quispiam
1612 2068 1680 2106 ex
1718 2052 1877 2106 nobis
1930 2051 2074 2106 hanc

486 2150 723 2204 Abraha:
775 2147 1066 2201 historiam
1115 2146 1174 2199 in
1239 2145 1440 2199 tabella
1491 2143 1753 2219 quadam,
1795 2141 2070 2210 depictam

488 2254 719 2295 cernere
750 2238 902 2300 velit,
937 2252 1070 2305 quo,
1102 2251 1308 2304 quaeso,
1354 2233 1518 2287 modo
1542 2234 1719 2302 pictor
1752 2231 2075 2302 depingeret

488 2330 679 2384 illum?
704 2327 966 2397 Nunquid
995 2327 1161 2381 simul
1192 2324 1499 2379 delineabit
1546 2323 1841 2377 facientem
1869 2338 1933 2377 ea
1950 2337 2071 2376 om-

490 2422 581 2475 nia
622 2435 742 2489 qum
760 2419 871 2489 jam
894 2416 1040 2471 dicta
1065 2423 1223 2481 sunt;
1276 2431 1345 2469 an
1391 2428 1522 2469 vero
1570 2429 1669 2482 per
1700 2421 1884 2482 partes
1912 2412 2075 2465 aliter

490 2518 546 2563 et
573 2510 752 2573 aliter,
787 2508 891 2562 hoc
925 2515 1029 2571 est,
1078 2507 1183 2559 alia
1208 2514 1263 2559 et
1296 2505 1401 2558 alia
1422 2504 1598 2557 forma
1625 2502 1879 2557 eumdem
1901 2517 2074 2571 saepe-

490 2615 725 2654 numero
782 2598 1077 2669 depinget?
1119 2596 1368 2666 Exempli
1415 2611 1605 2649 causa:
1656 2594 1819 2648 modo
1852 2594 2075 2664 quidem

490 2687 677 2751 asinae,
728 2703 902 2757 puero
952 2693 1254 2755 assumpto,
1303 2685 1635 2755 famulisque
1678 2684 2072 2754 sequentibus,

490 2779 825 2834 insidentem
851 2796 864 2843 ;
896 2780 1060 2833 modo
1089 2793 1330 2843 rursum,
1353 2778 1508 2831 asina
1540 2793 1667 2832 cum
1689 2777 1911 2831 famulis
1937 2776 2078 2831 infra

490 2874 547 2929 in
573 2872 973 2942 campestribus
1007 2871 1236 2934 relictis,
1282 2870 1430 2941 ligna
1482 2870 1633 2924 Isaac
1682 2870 2075 2940 imponentem,

493 2964 856 3031 manibusque
892 2962 1133 3031 gladium
1180 2969 1236 3015 et
1290 2961 1472 3030 ignem
1523 2968 1863 3030 gestantem:
1915 2960 2079 3015 modo

496 3054 716 3108 tandem
743 3052 999 3107 eumdem
1026 3054 1181 3106 illum
1206 3053 1483 3106 Abraham
1510 3052 1617 3105 alia
1648 3068 1871 3105 rursum
1902 3054 2077 3122 ﬁgura

2168 588 2260 641 τὸν
2295 587 2410 639 υἱὸν
2449 583 2635 638 αὐτοῦ.
2672 581 2782 633 Kal
2821 576 3011 646 σχίσας
3043 573 3175 637 ξύλα
3219 571 3299 631 είς
3341 567 3743 636 ὁλοκάρπωσιν,

2170 676 2408 740 ἀναστὰς
2438 672 2711 745 ἐπορεύθη
2732 688 2746 702 ·
2767 668 2863 722 καὶ
2890 663 3052 738 ἦλθεν
3078 664 3169 716 ἐπὶ
3188 661 3276 714 τὸν
3291 660 3474 724 τόπον,
3503 657 3561 710 ὃν
3591 652 3745 708 εἶπεν

2169 768 2319 837 αὐτῷ
2356 770 2384 820 ὁ
2421 767 2574 830 Θεὸς,
2620 766 2687 833 τῇ
2728 760 2911 831 ἡμέρᾳ
2953 758 3016 828 τῇ
3068 754 3247 828 τρίτῃ.
3295 750 3405 804 Kal
3438 748 3747 817 ἀναϐλέψας

2183 858 2433 932 Ἀϐραὰμ
2477 860 2591 920 τοῖς
2618 854 2945 923 ὀφθαλμοῖς,
2981 845 3089 902 εἶδε
3127 846 3219 899 τὸν
3251 844 3414 896 τόπον
3448 840 3745 932 μακρόθεν,

2169 931 2467 1005 καὶεῖπεν
2528 947 2777 1017 Ἀϐραὰμ
2827 945 2940 1004 τοῖς
2993 940 3182 994 παισὶν
3226 933 3425 989 αὐτοῦ’
3469 931 3747 986 Καθίσατε

2169 1039 2335 1093 αὐτοῦ
2366 1036 2502 1107 μετὰ
2536 1015 2636 1105 τῆς
2663 1034 2808 1097 ὄνου,
2842 1029 2953 1097 ἐγὼ
2986 1028 3041 1080 δέ
3092 1025 3185 1078 καὶ
3218 1022 3279 1075 τὸ
3336 1018 3622 1087 παιδάριον
3669 1015 3747 1067 δι-

2169 1128 2499 1200 ελευσόμεθα
2520 1128 2625 1189 ἕως
2644 1121 2767 1188 ὧδε,
2793 1122 2886 1176 καὶ
2911 1117 3384 1185 προσκυνήσαντες
3415 1107 3750 1178 ἀναστρέψο-

2174 1241 2273 1294 μεν
2305 1197 2440 1292 πρὸς
2470 1220 2635 1288 ὑμᾶς.
2672 1213 2875 1268 Ἐλαϐε
2904 1212 2962 1265 δὲ
3004 1209 3073 1262 τά
3118 1206 3248 1271 ξύλα
3294 1204 3396 1273 τῆς
3441 1197 3752 1294 ὁλοκαρπιίξ-

2173 1289 2329 1378 σεως,
2351 1289 2459 1365 ’καὶ
2494 1308 2763 1379 ἐπέθηκεν
2806 1304 2989 1358 Ἰσαάκ
3012 1300 3090 1371 τῷ
3120 1298 3222 1368 υἱῷ
3246 1294 3432 1349 αὐτοῦ.
3468 1291 3667 1345 Ἐλαϐε
3688 1289 3750 1343 δὲ

2175 1406 2313 1474 μετὰ
2341 1406 2529 1474 χεῖρας
2555 1400 2615 1453 τὸ
2646 1398 2778 1468 πῦρ,
2810 1397 2904 1449 καὶ
2937 1394 3035 1465 τὴν
3064 1393 3369 1461 μάχαιρανο
3405 1386 3499 1439 καὶ
3517 1382 3751 1453 ἐπορεύ-

2174 1499 2346 1568 θησαν
2381 1499 2431 1549 οί
2460 1494 2553 1549 δύο
2587 1492 2725 1563 ἅμα.
2760 1511 2780 1541 ι
2828 1489 2938 1543 Kal
2975 1485 3092 1557 μεθ’
3119 1484 3318 1554 ἐτερα·
3359 1499 3377 1531 ι
3418 1478 3528 1531 Kal
3550 1475 3751 1568 ᾠκοδῷ⁹

2175 1565 2348 1660 μησεν
2386 1584 2638 1659 Ἀϐραὰμ
2661 1585 2840 1637 ἐκεῖσε
2871 1578 3275 1645 θυσιαστήριον,
3299 1573 3391 1625 καὶ
3415 1569 3651 1660 ἐπέθηκε
3678 1565 3750 1618 τά

2175 1659 2326 1748 ξύλα.
2360 1681 2469 1734 Kal
2514 1676 2849 1746 συμποδίσας
2887 1668 3077 1724 Ἰσαὰκ
3112 1667 3203 1721 τὸν
3254 1662 3368 1716 υἱὸν
3415 1659 3602 1724 αὑτοῦ,
3649 1660 3750 1711 ἐπ-

2175 1774 2370 1844 έθηκεν
2400 1769 2560 1824 αὑτὸν
2587 1767 2681 1820 ἐπὶ
2708 1766 2769 1818 τὸ
2798 1762 3182 1829 θυσιαστήριον
3209 1755 3391 1808 ἐπάνω
3419 1752 3536 1844 τῶν
3554 1750 3746 1844 ξύλων.

2176 1838 2287 1920 Kal
2312 1864 2577 1927 ἐξέτεινεν
2620 1855 2880 1927 Ἀϐραὰμ
2914 1854 3013 1921 τὴν
3051 1850 3208 1921 χεῖρα
3235 1844 3402 1899 αὑτοῦ
3439 1842 3621 1895 λαϐεῖν
3649 1838 3751 1927 ⁴τὴν

2180 1924 2453 2027 μάχαιραν
2486 1951 2580 2004 τοῦ
2622 1924 2954 2018 σφά-ξαιντὸν
2994 1941 3108 1994 υἱὸν
3152 1935 3339 1991 αὑτοῦ.
3403 1952 3421 1983 ι
3460 1927 3585 2001 'Ap‘
3633 1924 3751 1989 οὖν,

2175 2024 2335 2117 εἴπερ
2373 2063 2456 2107 τις
2483 2042 2592 2096 τῶν
2628 2038 2749 2093 καθ’
2779 2038 2924 2108 ἡμᾶς
2972 2030 3321 2098 ἐπεθύμησεν
3354 2024 3477 2077 ἰδεῖν
3512 2035 3753 2117 καταγε-

2175 2112 2505 2209 γραμμένην
2533 2135 2590 2185 ἐν
2622 2133 2811 2184 πίνακι
2836 2128 2934 2196 τὴν
2962 2125 3055 2177 ἐπὶ
3079 2122 3156 2191 τῷ
3199 2116 3449 2209 Ἀϐραάμ
3490 2112 3751 2209 ἱστορίαν³

2330 2199 2394 2281 ἀν
2443 2199 2607 2278 αὑτὸν
2653 2219 2921 2292 ἐχάραξεν
2970 2218 2999 2268 6
3026 2211 3350 2280 ζωγράφος
3385 2202 3534 2276 *Αρα
3577 2205 3634 2255 ἐν
3674 2199 3756 2252 ἐνὶ

2177 2322 2355 2376 πάντα
2388 2317 2600 2388 δρῶντα
2632 2315 2700 2367 τὰ
2742 2307 3032 2382 εἰρημένα,
3076 2304 3109 2373 ἢ
3140 2300 3242 2356 ἀνά
3285 2299 3471 2388 μέρος,
3509 2295 3603 2388 xal
3636 2293 3755 2388 ἐτε-

2180 2412 2362 2485 ροίως,
2418 2382 2584 2478 ήγουν
2637 2399 2972 2474 ἐτεροειδῶς,
3026 2389 3353 2460 πλεισταχοῦ
3403 2387 3494 2438 τὸν
3545 2382 3756 2449 αύτόνς

2178 2480 2302 2555 Οἷόν
2330 2499 2380 2553 τί
2410 2515 2573 2568 φημι,
2604 2494 2735 2546 ποτὲ
2769 2492 2865 2561 μὲν
2896 2487 3231 2558 ἐφιζήσαντα
3268 2484 3332 2552 τῇ
3368 2480 3493 2548 ὄνῳ,
3536 2490 3760 2545 συμπα-

2182 2591 2549 2664 ραληφθέντος
2570 2586 2662 2640 τοῦ
2689 2582 3004 2654 παιδαρίου,
3032 2577 3127 2632 καὶ
3162 2574 3443 2643 ἑπομένων
3472 2569 3579 2622 τῶν
3608 2568 3758 2664 οἰκε-

2178 2656 2480 2738 τῶνίῖποτὲ
2510 2681 2555 2733 δ’
2586 2674 2652 2732 αὖ
2685 2677 2847 2729 πάλιν
2901 2668 3275 2741 ἀπομεινάσης
3321 2663 3421 2733 τῆς
3453 2662 3575 2715 δνου
3607 2656 3761 2712 κάτω

2176 2780 2290 2840 τοῖς
2324 2774 2564 2836 οἰκέταις
2593 2769 2751 2841 ὁμοῦ,
2786 2745 3267 2833 καταφόρτίσαντα
3316 2756 3413 2827 μὲν
3440 2755 3553 2815 τοῖς
3580 2751 3758 2816 ξύλοις

2179 2869 2271 2923 τὸν
2318 2866 2528 2930 Ἰσαὰκ,
2554 2864 2743 2933 ἔχοντα
2771 2859 2828 2911 δὲ
2863 2856 2999 2927 μετὰ
3023 2855 3212 2924 χεῖρας
3237 2849 3337 2919 τὴν
3366 2847 3639 2917 μάχαιραν
3662 2843 3761 2896 καὶ

2181 2959 2241 3011 τὸ
2262 2956 2371 3028 πῦρ
2391 2973 2402 2983 ·
2432 2955 2525 3008 καὶ
2544 2953 2647 3022 μὴν
2670 2948 2767 3002 καὶ
2795 2945 3023 3015 ἑτέρωθι
3052 2943 3144 2994 τὸν
3176 2940 3338 2992 αὐτὸν
3362 2940 3418 2989 ἐν
3445 2935 3571 2987 εῖδει
3597 2934 3762 2988 πάλιν

2183 3024 2357 3121 ὲτέριρ
2400 3038 2940 3123 συμποδίσανταιμὲν
2972 3033 3034 3087 τὸ
3068 3031 3354 3104 μειράκιον
3381 3028 3475 3081 ἐπὶ
3502 3025 3569 3080 τὰ
3603 3024 3760 3091 ξύλα,

495 3145 971 3201 adolescentulum
1004 3160 1171 3214 supra
1210 3144 1486 3213 lignorum
1530 3152 1739 3198 struem
1792 3119 2073 3214 ligantem,

2183 3119 2482 3197 ὁπλίσαντα
2531 3136 2587 3191 δὲ
2632 3137 2697 3205 τῇ
2737 3119 2981 3203 μαχαίρᾳ
3013 3132 3110 3197 τὴν
3141 3124 3341 3230 δεξιάν,
3378 3123 3466 3174 ἵνα
3488 3119 3761 3230 ἐπαγάγῃ

495 3238 783 3310 gladioque
796 3210 1166 3291 dexteram—ad
1186 3210 1533 3290 mactandum
1552 3210 1858 3289 armantem
1876 3235 1898 3286 ?
1920 3236 2077 3304 132

2182 3234 2282 3304 τὴν
2299 3234 2516 3302 σφαγήν
2533 3248 2546 3295 ;
2580 3228 2718 3281 Ἀλλ’
2735 3222 2803 3296 ἦν
2820 3225 2918 3293 οὐχ
2942 3222 3031 3275 ’έτε
3040 3237 3149 3291 ρος,
3166 3218 3260 3270 καὶ
3274 3216 3359 3268 ἐτε
3372 3232 3461 3285 ρος
3488 3210 3761 3310 Ἀϐραὰμ,

494 3329 661 3399 Atqui
687 3344 796 3381 non
817 3336 935 3382 erat
952 3328 1091 3381 alius
1116 3336 1280 3396 atque
1306 3325 1445 3380 alius
1481 3326 1779 3389 Abraham,
1805 3326 1934 3380 licet
1973 3326 2075 3379 alia

495 3432 552 3477 et
580 3421 684 3474 alia
722 3418 896 3490 efﬁgie
923 3428 979 3473 et
1001 3419 1281 3473 schemate
1329 3418 1565 3473 subinde
1614 3426 1927 3487 spectetur;
1981 3415 2078 3470 sed

499 3513 701 3582 ubique
740 3511 907 3573 idem,
931 3510 1159 3579 pictoris
1188 3518 1303 3563 arte
1334 3525 1515 3563 rerum
1547 3509 1739 3563 usibus
1767 3508 1970 3578 ubique
2021 3524 2078 3563 se

497 3601 967 3656 accommodante.
992 3602 1179 3671 Neque
1212 3601 1359 3655 enim
1388 3617 1485 3670 par
1519 3608 1657 3663 erat,
1683 3611 1780 3656 aut
1831 3600 1950 3655 fieri
1976 3616 2079 3670 po-

500 3704 662 3759 terat,
686 3703 746 3748 ut
783 3695 967 3748 omnia
1008 3694 1121 3748 haec
1154 3709 1274 3763 quae
1316 3693 1462 3747 dicta
1520 3702 1666 3757 sunt,
1703 3693 1867 3747 simul
1922 3692 2080 3747 obire

501 3786 905 3842 ostenderetur.
931 3786 1061 3840 Erat
1096 3786 1277 3854 itaque
1324 3785 1411 3838 lex
1451 3786 1666 3854 pictura
1693 3784 1964 3854 qumdam,
2019 3800 2083 3839 ac

503 3893 689 3931 rerum
717 3878 858 3947 typis
889 3876 1177 3931 veritatem
1204 3883 1362 3929 utero
1391 3885 1630 3946 gestans.
1669 3873 1930 3940 Quamvis
1949 3890 2081 3944 ergo

505 3982 639 4021 usus
660 3967 976 4036 postulabat
1000 3974 1062 4019 ut
1104 3966 1214 4019 duo
1255 3965 1391 4019 hirci
1420 3981 1484 4020 ac
1504 3965 1614 4020 duo
1667 3963 1858 4019 itidem
1894 3979 2082 4033 passe-
2126 3996 2135 4036 ξ

2130 4031 2140 4057 τ
2359 4051 2459 4104 κᾶν
2478 4052 2526 4101 εἰ
2542 4042 2935 4115 δυάςόρνιθίων
2954 4035 3044 4110 ἦν,
3066 4037 3182 4091 ἀλλ’
3210 4030 3290 4098 εἷς
3313 4029 3380 4104 ἦν
3408 4033 3436 4084 6
3458 4033 3515 4083 ἐν
3532 4029 3769 4126 Δάμιροῖν,

504 4072 596 4111 res
618 4056 685 4110 ad
708 4057 1129 4127 exprimendum
1153 4056 1360 4117 Christi
1385 4056 1707 4127 mysterium
1739 4054 2081 4109 induceren-

506 4158 617 4213 tur,
640 4164 784 4203 unus
816 4156 994 4202 tamen
1021 4148 1077 4209 in
1104 4148 1353 4217 utrisque
1385 4146 1640 4203 Christus
1667 4147 2080 4211 continebatur,

506 4242 639 4296 hinc
660 4240 883 4311 quidem
931 4248 992 4295 ut
1030 4239 1272 4311 passioni
1320 4240 1643 4303 obstrictus,
1702 4238 1832 4293 inde
1867 4253 1997 4292 vero
2024 4247 2086 4290 ut

506 4342 661 4388 extra
697 4334 1007 4403 passionem
1055 4332 1416 4388 constitutus:
1475 4331 1605 4385 hinc
1652 4345 1873 4384 rursum
1922 4327 2087 4382 morti

509 4426 811 4497 subjectus,
840 4424 968 4481 inde
995 4439 1129 4480 vero
1161 4432 1339 4478 morte
1358 4418 1623 4493 'superior
1650 4421 1928 4489 ccelosque
1950 4432 2086 4473 con-

2186 3302 2509 3393 πλεισταχοῦ
2547 3320 2647 3389 τῆς
2693 3315 2915 3388 γραφῆς
2949 3311 3226 3382 ὁρώμενος
3275 3305 3561 3389 ἐτεροίως·
3595 3302 3763 3393 ἁλλ’ᾼό

2186 3416 2347 3478 αὐτὸς
2368 3389 2661 3480 πανταχοῦ,
2676 3409 2796 3468 ταῖς
2812 3403 2920 3457 τῶν
2939 3399 3280 3472 πραγμάτων
3294 3395 3501 3465 χρείαις
3526 3389 3767 3458 συγκαθ-

2190 3505 2482 3576 ισταμένης
2528 3500 2616 3553 ἀεὶ
2646 3501 2745 3568 τῆς
2792 3493 2886 3548 τοῦ
2930 3492 3238 3562 γράφοντος
3275 3486 3495 3555 τέχνης.
3549 3483 3623 3536 Ού
3653 3481 3768 3552 γάρ

2184 3597 2251 3672 ἦν
2282 3597 2447 3661 εἰκὸς,
2490 3595 2659 3664 ἤγουν
2695 3600 2717 3626 ι
2750 3588 2859 3641 τῶν
2904 3583 3288 3654 ἐνδεχομένων,
3322 3580 3378 3632 ἐν
3417 3578 3498 3630 ἐνὶ
3526 3576 3769 3672 κατιδεξν

2188 3663 2348 3745 αὑτὸν
2374 3663 2552 3741 πάντα
2575 3681 2788 3754 δρῶντα
2815 3678 2883 3731 τὰ
2916 3673 3202 3746 εἰρημένα.
3250 3667 3441 3739 Γραφὴ
3478 3663 3768 3735 τοιγαροῦν

2188 3785 2216 3835 6
2262 3780 2423 3850 νόμος
2452 3773 2541 3847 ἦν,
2574 3776 2670 3827 καὶ
2702 3770 2861 3824 τύποι
2903 3765 3247 3837 πραγμάτων
3276 3774 3325 3825 ε,
3359 3759 3642 3819 ὠδίνοντες
3667 3755 3768 3826 τὴν

2191 3874 2467 3945 ἀλήθειαν.
2500 3869 2665 3920 Ὥστε
2699 3864 2803 3919 κᾶν
2832 3863 2882 3915 εἰ
2908 3860 3001 3914 δύο
3026 3860 3054 3899 b
3096 3856 3370 3945 χιμάρους
3396 3850 3771 3945 παρεκόμισεν

2192 3967 2226 4035 ἡ
2257 3940 2413 4033 χρεία
2441 3958 2576 4029 πρὸς
2620 3951 2935 4025 παράδειξιν
2970 3946 3066 4001 τοῦ
3104 3945 3263 4035 κατὰ.
3290 3940 3521 4035 ξριστδν
3560 3953 3770 4035 μυστ-Υι-

2192 4120 2285 4200 καὶ
2314 4144 2388 4207 ὡς
2429 4145 2486 4195 ἐν
2517 4138 2702 4202 πάθει,
2748 4135 2843 4188 καὶ
2886 4132 2991 4196 ἐξω
3022 4129 3249 4190 πάθους,
3294 4125 3389 4179 καὶ
3428 4124 3485 4175 ἐν
3528 4120 3767 4189 θανάτῳ,

2193 4237 2286 4291 καὶ
2335 4234 2475 4303 ὑπὲρ
2526 4230 2792 4290 θάνατον,
2838 4226 2932 4278 καὶ
2975 4220 3285 4276 ἀναϐαίνων
3354 4218 3433 4277 εἰς
3484 4211 3768 4282 οὐρανοὺς,

2194 4327 2413 4397 ἀπαρχή
2442 4341 2525 4386 τις
2564 4321 2753 4389 ὥσπερ
2781 4316 3009 4387 δευτέρα
3053 4314 3154 4383 τῆς
3185 4306 3601 4380 ἁνθρωπότητος
3640 4304 3775 4397 ἀνα-

2194 4394 2490 4487 νεωθείσης
2515 4417 2593 4477 είς
2614 4409 2944 4482 ἀφθαρσίαν.
2969 4406 3141 4467 Αὐτὸς
3163 4403 3273 4471 γὰρ
3300 4402 3430 4470 ἡμῖν
3460 4394 3773 4487 ἀνεκαίνισε

508 4516 798 4580 scendens,
830 4515 1003 4571 veluti
1031 4514 1285 4570 secundae
1318 4510 1569 4583 quaedam
1591 4508 1952 4565 humanitatis
1971 4506 2081 4577 pri-

2198 4507 2297 4577 τὴν
2340 4506 2418 4567 είς
2447 4485 2529 4555 τὰ
2567 4502 2679 4556 ἄνω
2722 4498 2930 4570 τρίϐον,
2968 4496 3063 4549 καὶ
3096 4491 3339 4563 ἑψόμεθα
3377 4486 3517 4541 κατά
3547 4485 3776 4554 καιροὺς

509 4607 681 4662 mitia:
718 4606 786 4662 ad
842 4605 1312 4675 incorruptionem
1364 4604 1702 4657 instaurata.
1763 4598 1899 4654 Nam
1970 4597 2091 4666 ipse

510 4697 673 4752 nobis
693 4696 837 4751 viam
883 4694 951 4749 ad
974 4694 1220 4749 cmlestia
1276 4692 1579 4756 innovavit,
1625 4697 1837 4745 etcum
1876 4696 2094 4754 tempus

512 4788 640 4853 erit,
666 4787 820 4841 illum
851 4801 1178 4858 sequemur:
1216 4804 1235 4836 (
1257 4784 1429 4849 Vado,
1466 4782 1669 4853 inquit,
1692 4794 1892 4851 parare
1933 4777 2094 4831 vobis

514 4877 727 4932 locum:
753 4887 810 4933 et
843 4877 1043 4931 iterum
1068 4875 1304 4939 veniam,
1330 4881 1386 4929 et
1411 4874 1675 4944 accipiam
1719 4885 1818 4925 vos
1862 4868 1929 4923 ad
1974 4883 2092 4922 me-

517 4969 724 5038 ipsum;
749 4976 809 5021 ut
839 4966 932 5022 ubi
959 4981 1082 5021 sum
1107 4980 1230 5036 ego,
1262 4973 1318 5019 et
1350 4979 1449 5018 vos
1475 4976 1693 5017 mecum
1728 4960 1849 5015 sitis
1874 4960 1943 5006 ".
1969 4976 1987 5008 ι
2026 4956 2094 5011 Ει

516 5062 661 5115 hanc
686 5074 873 5114 veram
897 5074 1051 5128 spem
1081 5058 1368 5113 habemus.
1396 5055 1671 5110 Hactenus
1695 5052 1937 5123 [quidem
1969 5064 2093 5119 quae

518 5150 759 5206 sciebam
783 5149 1013 5219 scripsi:
1042 5148 1264 5219 pietatis
1293 5160 1427 5200 vero
1486 5152 1595 5199 tua:
1646 5143 1817 5198 fuerit
1845 5140 2096 5196 exactius

520 5243 720 5312 scripta
747 5241 850 5295 ista
886 5240 1224 5304 examinare,
1261 5245 1323 5293 ut
1345 5236 1390 5292 si
1423 5235 1556 5306 quid
1597 5235 1801 5289 melius
1845 5230 2098 5286 invenire

522 5332 835 5402 contigerit,
865 5331 921 5386 id
944 5340 1001 5386 et
1028 5330 1209 5397 nobis,
1239 5338 1296 5385 et
1318 5327 1533 5385 caeteris
1574 5340 1793 5397 quoque
1835 5323 1932 5394 qui
1971 5323 2098 5379 istic

2190 4596 2372 4667 αὐτῷ’
2408 4614 2426 4647 ι
2469 4592 2818 4665 Πορεύσομαι
2841 4601 2863 4629 ο
2900 4588 3029 4660 γὰρ,
3072 4586 3256 4656 φησὶν,
3286 4580 3574 4651 ἑτοιμάσαι
3608 4577 3775 4629 τόπον

2192 4689 2346 4759 ὑμῖν,
2383 4686 2481 4740 καὶ
2532 4684 2696 4739 πάλιν
2742 4681 2998 4753 ἔρχομαι,
3051 4678 3146 4731 καὶ
3184 4672 3583 4746 παραλήψομαι
3629 4667 3775 4759 ὑμᾶς

2196 4756 2312 4848 μετ’
2355 4773 2630 4846 ἐμαυτοῦ,
2678 4772 2765 4825 ἵνα
2800 4772 2935 4825 ὅπου
2967 4768 3083 4838 εἰμὶ
3134 4764 3268 4833 ἐγὼ,
3304 4763 3400 4816 καὶ
3446 4761 3606 4830 ὑμεῖς
3653 4756 3770 4827 μετ’

2195 4866 2329 4937 ἐμοῦ
2358 4861 2480 4937 ἦτε.
2524 4882 2542 4915 ι
2602 4860 2822 4924 Ταύτας
2871 4859 3068 4930 ἔχομεν
3109 4855 3208 4919 τὰς
3255 4852 3474 4923 ἀληθεῖς
3528 4847 3774 4909 ἐλπίδας.

2207 4958 2349 5026 Ἐγὼ
2380 4956 2476 5027 μέν
2511 4949 2604 5008 οῦν
2633 4955 2775 5023 άπερ
2806 4951 2952 5022 ᾔδειν
2980 4948 3254 5019 γέγραφα,
3288 4944 3389 5013 τῆς
3432 4941 3490 4994 δὲ
3520 4940 3619 5009 σῆς
3656 4938 3779 4991 θεον

2199 5050 2416 5111 σεϐείας
2468 5047 2615 5100 ἐστὶν
2649 5041 3050 5115 ἀκριϐεστέραν
3087 5039 3199 5101 τοῖς
3235 5032 3645 5106 γεγραμμένοις
3682 5029 3755 5080 ἐπ

2197 5141 2441 5208 ενεγκεῖν
2464 5138 2561 5208 τὴν
2580 5135 2830 5206 βάσανον,
2846 5133 2933 5187 ἴνα
2958 5132 3117 5202 εἴπερ
3145 5127 3328 5193 τιμτῶν
3354 5125 3653 5196 ἀμεινόνων
3690 5121 3783 5173 £6-

2204 5232 2426 5303 ρεθῆναι
2445 5228 2647 5299 συμϐῇ,
2667 5228 2815 5298 ἡμᾶς
2840 5243 2899 5278 τε
2924 5223 3016 5277 καὶ
3038 5222 3164 5285 τοὺς
3187 5219 3375 5276 αὐτόθι
3390 5219 3552 5279 λαοὺς
3569 5212 3779 5284 ὠφελῇ.

2200 5322 2433 5394 Χριστὸς
2460 5320 2567 5390 γάρ
2606 5321 2755 5372 ἐστιν
2788 5320 2815 5371 6
2844 5313 3246 5371 ἀποκαλύπτων
3290 5309 3460 5381 βαθέα
3515 5306 3611 5361 καὶ
3647 5304 3784 5358 ἀπό-

598 5489 641 5518 ²⁶
673 5484 809 5540 Gen.
842 5502 975 5553 χχιι,
1004 5485 1112 5542 1-6.
1190 5487 1236 5520 ⁸⁸
1266 5486 1400 5571 ibid.
1428 5486 1483 5553 9,
1514 5484 1597 5539 10.
1674 5484 1717 5516 ⁵⁷
1740 5482 1899 5538 Joan.
1928 5498 2038 5548 τιν,
2066 5480 2123 5547 2,
2149 5480 2201 5535 5.

1622 5638 1795 5693 Variae
1817 5636 2083 5691 lectiones
2104 5632 2311 5689 codicis
2344 5628 2707 5701 Seguicriani.

612 5808 634 5838 ι
666 5794 697 5866 ἢ
736 5796 885 5867 γοῦν.
982 5808 1007 5837 ι
1036 5794 1395 5867 γραμμάτων.
1489 5794 1514 5834 b
1540 5794 1651 5849 δύο.

1767 5804 1787 5830 ο
1831 5789 2155 5863 πορεύομαι.
