4044 6212
1655 341 1992 398 EPISTULA
2027 340 2210 396 XLIII.
3455 342 3563 398 229.

302 345 405 401 2'21

302 479 529 534 κροφα,
556 459 647 512 καὶ
671 457 888 511 σύνεσιν
911 456 1163 528 καρδίαις
1185 457 1214 498 ά
1244 457 1428 522 ὲνιείς.
1469 459 1556 513 Ἐν
1587 459 1734 531 αὐτῷ
1751 460 1884 530 γὰρ,

1991 466 2138 523 sunt,
2168 458 2360 528 prosit.
2411 459 2663 515 Christus
2689 458 2834 515 enim
2872 468 2955 513 est
2985 459 3079 528 qui
3119 468 3174 515 et
3200 460 3472 530 profunda
3503 469 3560 517 et

301 555 407 608 καὶ
434 551 566 621 παρ’
589 547 753 602 αὐτοῦ
782 547 991 610 πάντες
1019 549 1158 601 εἰσὶν
1187 549 1237 601 οἱ
1267 547 1532 620 θησαυροὶ
1564 552 1664 620 τῆς
1691 551 1886 620 σοφίας

1997 551 2313 605 abscondita
2339 553 2565 616 revelat,
2588 562 2644 606 et
2663 550 3070 622 intelligentiam
3103 553 3253 606 cordi
3278 554 3470 607 inserit
3491 551 3558 610 ’⁸.

301 641 405 695 καὶ
435 639 684 706 γνώσεως
712 637 1046 707 ἀπόκρυφοι.
1079 637 1159 690 Δι’
1199 637 1361 690 αὑτοῦ
1407 654 1468 691 τε
1494 639 1586 691 καὶ
1612 641 1708 694 σὺν
1740 640 1887 711 αὐτῷ

1995 642 2055 696 In
2077 643 2195 711 ipso
2217 658 2452 712 namque
2472 643 2620 698 etab
2653 644 2770 712 ipso
2791 659 2981 699 omnes
3021 652 3148 700 sunt
3196 643 3437 697 thesauri
3471 659 3559 698 sa-

296 731 381 800 τῷ
405 729 530 799 Θεῲ
553 729 648 782 καὶ
679 728 862 798 Πατρὶ
894 727 1043 792 δόξα,
1079 728 1172 780 καὶ¹
1195 727 1397 800 κράτος
1423 729 1519 782 σὺν
1553 729 1691 800 ἁγίῳ
1711 729 1887 784 Πνεύ-

1991 732 2215 800 pientiaa
2245 742 2300 788 et
2321 733 2564 788 scientiae
2589 733 2894 788 ahsconditi
2916 736 2982 787 ’⁸.
3009 735 3114 788 Per
3137 733 3317 803 ipsum
3341 741 3397 787 et
3422 748 3548 787 cum

300 838 434 892 ματι
457 823 542 886 εἰς
557 821 689 884 τοὺς
711 820 917 884 αἰῶνας
938 818 1048 874 τῶν
1072 817 1306 875 αίὼνων.
1345 821 1542 892 Ἀμήν.

1991 822 2113 892 ipso
2136 824 2209 878 sit
2233 825 2346 879 Deo
2363 841 2427 878 ac
2448 824 2596 878 Patri
2621 833 2677 879 et
2700 834 2888 880 sancto
2919 823 3150 893 Spiritui
3176 823 3350 895 gloria
3370 830 3428 880 et
3451 823 3558 878 im-

1990 915 2210 982 perium
2239 915 2294 969 in
2317 915 2515 970 saecula
2554 916 2899 970 smculorum.
2940 916 3132 971 Amen.

1610 1184 1686 1256 (ι)
1718 1186 2056 1242 EPISTOLA
2093 1185 2252 1241 XLII.

1317 1313 1382 1350 AD
1402 1311 1582 1351 nurum
1612 1297 1687 1368 (2)
1717 1311 2238 1353 massammcsnssu
2267 1311 2575 1352 srlscoruu.

1113 1412 1278 1467 Illum
1308 1412 1371 1466 de
1407 1429 1535 1482 pace
1571 1429 1688 1466 cum
1721 1411 2078 1470 Orientalibus
2115 1414 2249 1466 inita
2288 1414 2560 1466 certiorem
2610 1411 2755 1482 facit.

375 1555 703 1609 Ἀκόλοῡθον
731 1553 948 1607 ἅπαντα
975 1551 1044 1605 τὰ
1067 1555 1189 1616 ταῖς
1221 1552 1573 1623 Ἐκκλησίαις
1600 1556 1864 1629 χρήσιμα,
1897 1554 1906 1614 l

2039 1551 2490 1608 Consentaneum
2521 1560 2714 1617 estut,
2754 1551 3022 1622 quidquid
3062 1551 3425 1608 Ecclesxarum
3471 1552 3558 1610 in-

291 1650 386 1700 καὶ
437 1647 512 1699 τὰ
563 1643 950 1699 ἀνακύπτοντα
981 1643 1104 1696 καθ’
1139 1644 1379 1715 ἡμέραν,
1412 1645 1488 1710 ὡς
1521 1647 1651 1712 ἔπος
1679 1650 1876 1715 εἰπεῖν,

289 1735 720 1792 ἀνακοινοῦσθαι
754 1738 818 1806 τῇ
848 1735 913 1805 σῇ
941 1733 1202 1803 ὁσιότητι,
1241 1735 1327 1788 ἵνα
1359 1736 1433 1807 μὴ
1461 1735 1647 1807 θρῦλοί
1679 1750 1701 1778 ε
1733 1757 1880 1803 τινες

289 1831 458 1898 ἔτερα
488 1828 613 1882 ἀνθ’
663 1827 867 1896 ἑτέρων
906 1825 1156 1893 λέγοντες
1191 1826 1589 1896 ἐκταράσσουσι
1619 1831 1748 1893 τοὺς
1777 1832 1878 1884 au-

290 1922 405 1974 τόθι
447 1919 910 1981 θεοσεὸεστάτους
959 1917 1312 1982 ἐπισκόπους.
1355 1920 1672 1990 Γεγράφασι
1701 1924 1879 1977 τοίνυν

288 2015 337 2066 οι
361 2017 430 2067 ὲκ
453 2014 561 2081 τῆς
610 2011 900 2081 Ἀνατολῆς
932 2011 1029 2083 τὴν
1062 2012 1346 2066 κοινωνίαν
1378 2013 1736 2078 ἀπαιτοῦντες
1763 2013 1878 2086 [καί⁵

289 2103 476 2156 πίστιν
511 2102 728 2155 ἑαυτῶν
753 2102 958 2172 ἐναργῆ
991 2102 1354 2165 καθιστῶντες
1399 2101 1468 2174 f],
1498 2103 1593 2158 καὶ
1630 2104 1880 2174 λέγοντες

289 2194 544 2265 ἐναργῶς
585 2195 682 2247 καὶ
723 2193 982 2248 Θεοτόκον
1004 2194 1104 2264 τὴν
1142 2194 1306 2263 ἁγίαν
1336 2195 1634 2266 Παρθένον,
1663 2199 1756 2251 καὶ
1799 2199 1880 2251 ὅτι

292 2282 374 2349 εἷς
403 2287 556 2337 ἐστιν
580 2286 611 2337 ὁ
641 2283 768 2347 Υἱὸς
799 2285 894 2337 τοῦ
940 2285 1074 2338 Θεοῦ
1113 2287 1140 2338 ὁ
1171 2283 1377 2357 Κύριος
1420 2285 1576 2356 ἡμῶν
1615 2287 1816 2357 Ἰησοῦς
1849 2291 1878 2343 ό

294 2373 550 2444 Χριστὸς,
583 2374 677 2425 καὶ
711 2373 817 2442 πρὸ
845 2373 1044 2436 παντὸς
1069 2375 1268 2438 αἰῶνος
1296 2376 1361 2428 ὲκ
1392 2376 1605 2448 Πατρὸς
1630 2378 1876 2450 ἀπορρή-

294 2481 400 2527 εως
434 2463 864 2533 γεγεννημένος,
911 2465 1006 2517 καὶ
1052 2465 1111 2516 ἐν
1142 2465 1470 2529 τελευταίοις
1505 2469 1534 2520 ό
1575 2466 1735 2530 αὐτὸς
1780 2468 1879 2521 ἄν·

294 2554 515 2623 Θρωπος
561 2553 631 2604 ἐκ
682 2552 978 2618 γυναικός·
1021 2554 1116 2606 καὶ
1153 2555 1235 2606 ὅτι
1279 2553 1337 2608 ἓν
1366 2555 1530 2608 αὐτοῦ
1563 2556 1876 2626 πρόσωπον,

295 2647 388 2697 καὶ
411 2644 474 2696 οὗ
507 2641 628 2698 δύο.
674 2638 810 2696 Εἶτα
836 2643 1240 2708 ὑποκατιόντες,
1267 2644 1450 2717 ἕτερον
1488 2645 1877 2716 προστιθέασιν

295 2734 325 2786 ὃ
348 2751 503 2796 τινας
534 2731 774 2802 ἐτάραξε
809 2732 918 2786 τῶν
947 2735 1008 2785 οὐ
1038 2732 1241 2803 σφόδρα
1268 2734 1508 2787 συνιέναι
1533 2734 1874 2804 δυναμένων,

295 2827 392 2880 καὶ
435 2823 811 2895 ἐνομίσθησαν
837 2825 900 2877 οὐ
942 2824 1114 2894 πάντη
1148 2827 1174 2865 8
1201 2825 1310 2878 τῶν
1353 2825 1651 2897 Νεστορίου
1701 2828 1872 2881 καθα-

1986 1649 2176 1706 terest,
2211 1651 2268 1697 et
2300 1644 2356 1696 in
2382 1642 2529 1696 diem
2557 1643 2807 1713 emergit,
2840 1651 2901 1696 ut
2930 1641 3039 1696 dici
3062 1643 3223 1706 solet,
3248 1651 3437 1698 notum
3465 1647 3559 1699 ﬁat

1980 1735 2258 1790 sanctitati
2289 1742 2413 1796 tuae,
2435 1750 2506 1788 ne
2531 1749 2860 1789 susurrones
2886 1734 3110 1804 quidam
3137 1734 3286 1788 aliud
3313 1751 3413 1804 pro
3451 1736 3559 1790 alio

1979 1825 2298 1895 loquentes,
2347 1825 2790 1896 religiosissimos
2834 1826 2958 1880 istic
3008 1826 3297 1896 epiSCOpos
3329 1837 3555 1882 contur-

1980 1918 2134 1972 bent.
2175 1916 2526 1986 Scripserunt
2564 1916 2748 1985 itaque
2782 1916 3091 1971 Orientales
3115 1917 3558 1973 communionem

1978 2013 2254 2074 petentes,
2289 2012 2346 2058 et
2393 2005 2552 2058 tidem
2604 2021 2761 2059 suam
2813 2005 3160 2075 perspicuam
3190 2015 3554 2077 exponentes,

1977 2093 2334 2163 dicentesque
2357 2102 2543 2164 aperte
2569 2102 2625 2150 et
2659 2095 2940 2165 deiparam
2965 2111 3086 2151 esse
3110 2104 3352 2151 sanctam
3377 2097 3556 2167 Virgi-

1977 2201 2126 2251 nem,
2153 2194 2209 2241 et
2233 2202 2402 2241 unum
2428 2187 2625 2240 Filium
2655 2188 2750 2241 Dei
2780 2188 3068 2242 Dominum
3100 2195 3348 2242 nostrum
3369 2187 3556 2244 Jesum
3665 2253 3670 2258 _

1976 2276 2280 2343 Christum,
2311 2277 2408 2347 qui
2431 2286 2488 2332 et
2513 2287 2640 2333 ante
2667 2285 2828 2333 omne
2864 2294 3040 2333 aevum
3077 2279 3144 2333 de
3176 2280 3335 2334 Patre
3362 2278 3555 2334 ineﬂ‘a-

1976 2366 2163 2422 hiliter
2188 2367 2356 2423 fuerit
2380 2368 2619 2438 genitus,
2646 2377 2702 2424 et
2730 2369 3024 2439 postremis
3044 2371 3385 2441 temporibus
3410 2371 3554 2426 idem

1976 2457 2143 2512 homo
2171 2475 2238 2514 ex
2281 2459 2514 2514 muliere
2544 2460 2851 2536 exstiterit;
2897 2475 3171 2529 unamque
3210 2476 3329 2516 esse
3363 2477 3555 2532 perso-

1977 2565 2100 2604 nam
2131 2551 2273 2620 ejus,
2297 2565 2406 2604 non
2428 2550 2585 2604 duas.
2618 2551 2824 2606 Deinde
2847 2561 3084 2623 pergunt
3115 2552 3322 2621 aliquid
3350 2553 3554 2618 dicere,

1975 2641 2121 2711 quod
2152 2642 2448 2696 nonnullos
2479 2642 2721 2696 turbavit
2751 2658 2948 2696 eorum
2987 2644 3080 2712 qui
3110 2644 3326 2698 acutius
3349 2645 3556 2699 intelli-

1976 2746 2105 2801 gere
2154 2740 2458 2800 nequeunt,
2506 2732 2582 2784 ita
2624 2740 2686 2785 ut
2727 2732 3165 2786 existimaverint
3207 2733 3353 2786 haud
3395 2734 3554 2802 plane

1977 2822 2102 2877 illos
2130 2821 2370 2876 Nestorii
2399 2822 2560 2890 nugis
2582 2836 2702 2876 esse
2741 2822 3030 2876 immunes.
3057 2821 3180 2875 Haec
3211 2821 3278 2875 ad
3305 2837 3390 2876 me
3417 2823 3553 2876 scri-

297 2917 480 2986 ρεύειν
511 2891 817 2985 ιρλυαριῶν.
848 2911 1033 2968 Ταῦτά
1065 2891 1154 2986 μοι
1180 2913 1456 2987 γέγραφεν
1479 2919 1507 2971 ὁ
1535 2891 1727 2988 κύριός
1769 2935 1871 2990 μου
1897 2900 1906 2943 ⁴

1978 2911 2083 2981 psit
2136 2911 2587 2982 religiosissimus
2627 2911 2924 2982 episcopus
2969 2911 3250 2967 Melitenes
3301 2912 3554 2966 Acacius-

295 3012 324 3060 ὁ
346 3007 777 3069 θεοσεϐέστατος
806 3006 1104 3070 ἐπίσκοπος
1131 3007 1382 3072 Ἀκάκιος
1411 3008 1514 3079 τῆς
1543 3008 1870 3083 Μελιτηνῆς.

294 3099 410 3150 Καὶ
440 3092 509 3165 ἦν
527 3097 829 3163 ἀναγκαῖον
853 3097 1138 3167 ἐπιστολὴν
1162 3099 1414 3170 ωνθῆναι
1444 3102 1474 3142 h
1511 3102 1874 3174 μακροτέραν,

295 3185 396 3239 καὶ
419 3185 808 3256 δερμηνεῦσαι
833 3186 934 3250 τὰς
976 3189 1155 3256 φωνὰς
1183 3190 1290 3244 τῶν
1325 3193 1390 3244 ὲκ
1423 3193 1523 3262 τῆς
1564 3193 1874 3264 Ἀνατολῆς,

287 3277 385 3344 ἑᾷ
434 3271 527 3337 αἷς
566 3275 1050 3348 ἐσκανδαλίσθησαν
1092 3297 1252 3344 τινες.
1308 3281 1581 3352 Πέπομφα
1605 3285 1785 3338 τοίνυν
1816 3284 1878 3337 τὸ

290 3368 424 3419 ἴσον
451 3368 554 3436 τῆς
584 3367 879 3438 ἐπιπολῆς,
931 3369 1018 3422 ἴνα
1057 3368 1159 3422 κᾶν
1190 3371 1244 3424 εί
1270 3388 1413 3435 τινες
1455 3371 1564 3426 τῶν
1593 3374 1779 3427 αὐτόθι
1807 3375 1874 3428 τὰ

320 3472 396 3510 σα
428 3455 693 3519 παθόντες
729 3456 1023 3526 εὑρεθεῖεν,
1068 3456 1240 3526 ἔχοιεν
1288 3459 1651 3527 ὲγκύπτοντες
1677 3461 1874 3514 ειδέναι

294 3551 361 3603 τὸ
383 3548 606 3619 ἀληθές.
639 3545 770 3602 Οἶδα
793 3549 850 3602 δὲ
881 3550 977 3603 καὶ
1002 3549 1159 3602 τοῦτο
1185 3551 1416 3622 ποιήσας
1450 3552 1740 3622 περιττῶς,
1770 3554 1872 3621 ἁρ-

299 3637 504 3709 κοὺσης
537 3637 690 3702 ἅπαξ
713 3640 810 3709 τῆς
834 3637 932 3708 σῆς
963 3637 1298 3710 τελειότητος
1335 3640 1470 3711 πρὸς
1499 3640 1559 3693 τὸ
1589 3642 1765 3695 πάντα
1786 3641 1876 3693 δύ-

297 3730 493 3782 νασθαι
520 3728 869 3806 διατρανοῦν,
909 3728 1138 3792 καὶτοῖς
1178 3729 1419 3800 ἀμαθείᾳ
1445 3730 1879 3802 κεκρατημένοις
1909 3747 1914 3752 ‘

299 3820 360 3872 τὸ
400 3819 500 3889 τῆς
549 3818 779 3890 ἐνούσης
813 3820 950 3891 αὐτῇ
1003 3821 1021 3860 i
1063 3819 1331 3885 συνέσεως
1357 3819 1550 3891 ὄφελος
1575 3820 1877 3892 ἐνεργάσα-

303 3911 447 3964 σθαι.

1975 3003 2225 3060 Profecto
2251 3017 2395 3076 opus
2416 3003 2614 3060 fuisset
2643 3001 2930 3073 epistolam
2969 3020 3000 3058 a
3035 3019 3120 3058 me
3153 3002 3402 3073 componi
3431 3002 3554 3058 lon-

1973 3097 2204 3167 giorem,
2232 3105 2290 3152 et
2329 3096 2693 3151 Orientalium
2730 3093 2995 3148 vocabula
3017 3093 3316 3157 enucleari,
3341 3109 3409 3147 ex
3431 3094 3554 3162 qui-

1976 3184 2080 3240 bus
2108 3185 2360 3239 nonnulli
2389 3184 2705 3240 scandalum
2749 3183 2890 3253 passi
2923 3189 3069 3237 sunt.
3101 3183 3219 3238 Misi
3262 3182 3430 3253 igitur
3469 3183 3556 3252 ip-

1977 3276 2092 3330 sius
2133 3277 2380 3346 epistola:
2417 3276 2713 3345 exemplar,
2750 3283 2810 3329 ut
2850 3275 2895 3330 si
2935 3274 3028 3343 qui
3071 3273 3210 3328 forte
3251 3275 3376 3328 istic
3416 3273 3558 3328 hanc

1978 3366 2294 3436 opinionem
2317 3367 2679 3436 susceperint,
2705 3381 2767 3420 ea
2793 3365 3057 3434 inspecta,
3077 3363 3368 3418 veritatem
3392 3377 3558 3432 agno-

1979 3465 2147 3512 scant.
2173 3457 2494 3526 Quanquam
2525 3457 2579 3511 id
2618 3471 2835 3526 quoque
2878 3470 2964 3508 me
3006 3469 3346 3524 supervacue
3371 3453 3555 3506 facere

1978 3547 2186 3611 sentio,
2251 3563 2376 3601 cum
2427 3555 2519 3600 tua
2578 3545 2840 3600 sanctitas
2886 3544 2954 3598 ad
2999 3543 3182 3597 omnia
3225 3540 3553 3596 declaranda

1980 3653 2205 3707 prorsus
2248 3636 2504 3701 sufﬁciat,
2549 3644 2605 3690 et
2651 3635 2719 3689 ad
2766 3633 3049 3703 sapientia
3095 3646 3207 3686 sua:
3259 3629 3556 3685 utilitatem

1981 3727 2366 3799 ignorantibus
2397 3725 2834 3796 impertiendam.

1662 4153 1995 4212 EPISTOLA
2032 4156 2218 4211 XLIII.

1707 4313 1770 4351 an
1800 4310 2014 4354 suanm
2044 4295 2145 4368 (5).

300 4431 431 4487 ειη.
477 4430 736 4484 haereticis
782 4429 1139 4499 panitentibus
1179 4429 1353 4484 mitius
1389 4425 1669 4498 agendum.
1705 4425 1883 4480 Libros
1915 4441 2046 4508 suos.
2085 4423 2160 4478 De
2205 4423 2569 4478 incarnatione
2609 4430 2659 4475 et
2704 4429 2887 4475 contra
2927 4416 3157 4474 Nestorii
3202 4415 3553 4488 blasphemia:

1758 4504 2088 4550 transmittit.

372 4640 475 4692 Διὰ
501 4639 602 4707 τὴν
623 4637 732 4690 τῶν
767 4638 1101 4708 Ἐκκλησιῶν
1126 4639 1368 4710 είρήνην,
1396 4637 1490 4692 καὶ
1518 4637 1579 4690 τὸ
1611 4636 1686 4708 μὴ
1718 4635 1881 4706 ἀλλή-

2056 4633 2287 4702 Propter
2314 4631 2681 4687 Ecclesiarum
2706 4643 2913 4700 pacem,
2942 4636 2998 4682 et
3023 4642 3092 4682 ne
3116 4626 3200 4681 hae
3226 4625 3456 4680 invicem
3482 4623 3553 4677 ob

300 4727 410 4781 λων
438 4727 609 4791 αὐτὰς
637 4725 1096 4794 ἀπονοσφίζεσθαι
1131 4728 1264 4800 πρὸς
1289 4727 1574 4798 διχονοίας,
1603 4728 1660 4780 αἰ
1693 4737 1707 4776 1
1746 4742 1878 4794 συγ-

383 4867 638 4922 "Matth.
665 4883 744 4932 xi,
781 4867 965 4922 25-27.
1042 4870 1086 4900 "
1111 4867 1320 4923 Colo‘ss.
1347 4884 1406 4932 ιι,
1444 4869 1497 4922 5.

1984 4725 2306 4796 opinionum
2333 4725 2642 4781 dissensum
2672 4731 3018 4794 separentur,
3045 4737 3156 4778 non
3181 4727 3309 4776 sunt
3334 4719 3554 4774 inutiles

1707 5002 1878 5058 Variae
1908 5002 2193 5058 lectiones.

377 5116 405 5156 ιι
435 5117 679 5187 καρδίας.
734 5128 756 5156 ⁸
779 5114 962 5172 Ottob.
991 5116 1228 5188 θρύλλοι.
1277 5116 1636 5172 ίὴωεόθδυηι
1665 5117 1717 5170 in
1736 5113 1800 5171 Ο.
1843 5119 1868 5158 ε
1885 5120 1906 5171 (

1978 5117 2161 5171 πάντα.
2201 5115 2230 5153 ιι
2257 5117 2317 5171 Ο.
2347 5113 2635 5169 συνθεῖναι.
2691 5115 2704 5154 ί
2732 5113 2852 5169 Vat.
2883 5109 3071 5180 αὐτῆς.
3122 5119 3135 5157 ι
3161 5111 3222 5162 0.
3254 5107 3341 5159 καὶ
3358 5119 3458 5175 pro
3474 5102 3549 5157 αι.

1828 5246 2057 5304 NOTAE.

380 5359 458 5429 (1)
489 5359 642 5415 Hanc
656 5359 942 5428 epistolam
961 5374 1086 5413 cum
1108 5359 1356 5429 sequenti
1378 5359 1551 5414 edidit
1570 5357 1720 5414 card.
1739 5357 1878 5481 Ang.

380 5433 414 5481 ιί
445 5431 499 5481 in
548 5428 865 5481 Bibliotheca
897 5445 1030 5481 nova
1068 5429 1312 5481 Patrum.
1346 5439 1385 5481 t.
1423 5429 1487 5481 Il.
1515 5445 1569 5481 ι).
1602 5427 1722 5481 105.
1757 5427 1821 5479 10
1863 5467 1878 5481 .

315 5427 414 5486 “ai
442 5427 499 5484 in
548 5427 865 5483 Bibliotheca
897 5445 1030 5483 nova
1068 5427 1312 5493 Patrum,
1346 5439 1385 5484 t.
1423 5429 1487 5492 ll,
1515 5445 1569 5493 p.
1602 5427 1722 5490 105,
1757 5427 1878 5491 106,

316 5516 378 5578 ex
599 5499 717 5552 Vat.
742 5497 872 5553 1151
907 5506 964 5553 et
993 5498 1175 5555 Ottob.
1208 5499 1326 5554 Vat.
1361 5498 1484 5553 269.
1509 5496 1694 5552 Roma:
1720 5496 1877 5561 1814,

319 5569 459 5704 [alii
494 5568 648 5692 iam
676 5637 1196 5703 Thessalonicensis,
1250 5646 1306 5693 et
1353 5638 1419 5693 ad
1457 5652 1582 5692 eum
1618 5636 1877 5690 Romamn

320 5704 571 5764 Ecclesiae
582 5707 889 5764 litterarum
906 5709 1265 5778 quarumdam
1283 5708 1349 5764 de
1360 5723 1520 5764 causa
1533 5705 1873 5771 Nestoriana,

1990 5359 2240 5415 meminit
2267 5359 2503 5429 Cyrillus
2538 5359 2594 5412 in
2619 5357 2848 5427 epistola
2883 5356 2949 5412 ad
2969 5355 3230 5411 Joannem
3255 5347 3551 5406 Antioche-

1988 5446 2119 5483 num
2147 5430 2254 5498 (ep.
2283 5427 2392 5496 1‘1).
2423 5429 2544 5498 MAI.

2055 5494 2226 5578 {3)ln
2262 5494 2596 5578 coda-Quoia.
2628 5494 2848 5578 additur
2888 5494 3169 5578 epistola).
3197 5507 3352 5578 quasi
3395 5505 3548 5578 sium-

1985 5559 2218 5621 marium
2243 5567 2322 5621 sic
2346 5585 2358 5620 :
2384 5567 2503 5620 Ὅτι
2525 5568 2604 5630 εἰς
2623 5566 2685 5618 τὸ
2715 5565 2790 5636 μὴ
2815 5559 3090 5636 σχίζεσθαι
3115 5559 3544 5636 τᾲςίὲκκλησιας,

1983 5636 2276 5706 ἀναγκαῖόν
2305 5653 2358 5690 τι
2386 5637 2616 5708 πρᾶγμα
2645 5637 2677 5706 ἡ
2709 5631 3131 5704 συγκαταϐασις.
3163 5631 3237 5686 In.
