4044 6212
506 324 610 384 223

1522 337 1578 391 S.
1618 336 1896 391 CYRILLI
1926 337 2398 438 ΑιΕΧΑΝριὶιΝι
2435 346 2751 403 ARCHIEP.

3660 358 3767 411 22$

506 443 1003 499 condescensiones
1030 444 1127 515 (l).
1156 446 1464 504 Verisimile
1490 452 1694 519 quippe
1718 458 1800 506 est
1820 453 2072 521 quosdam

2188 458 2519 524 καταὸἀσεις
2550 462 2651 514 οὑκ
2695 463 2963 534 ἀκερδεῐς.
3002 465 3162 530 Εἰκὸς
3210 466 3320 539 γάρ
3369 487 3518 533 τινας
3568 472 3629 526 οὐ
3681 474 3767 529 δε-

504 534 572 588 ad
604 536 1046 590 communionem
1087 552 1197 591 non
1223 550 1494 610 receptos,
1522 558 1647 597 cum
1681 559 1739 599 se
1768 546 1965 616 negligi
1997 549 2083 601 vi-

503 625 689 690 deant,
728 628 1033 682 inconsulte
1057 628 1125 682 ad
1154 629 1303 685 aliud
1332 632 1466 701 quid
1491 649 1549 689 se
1573 645 1915 693 convertere.
1948 639 2085 694 Nam

503 715 587 767 vel
621 715 857 769 haereses
899 718 1207 785 pariuntur,
1245 728 1410 790 atque
1459 722 1589 778 hinc
1634 725 1951 793 schismata,
1996 730 2083 785 vel

501 806 756 875 perpetui
799 808 1089 873 tumultus,
1119 825 1246 864 cum
1283 827 1342 867 se
1381 812 1591 869 diutius
1634 816 1907 887 increpari
1954 836 2083 888 per-

500 896 647 953 ferre
674 914 782 953 non
810 900 1042 955 soleant.
1079 902 1193 956 Hoc
1217 918 1316 974 ego
1343 906 1722 974 considerans,
1753 925 2084 981 magnopere

500 988 716 1043 laetatus
749 1006 868 1043 sum
894 994 1309 1049 accurrentibus
1333 994 1727 1063 Orientalibus,
1750 1008 1806 1055 ct
1834 1017 2081 1057 commu-

498 1076 723 1132 nionem
760 1082 1211 1150 exquirentibus;
1238 1088 1541 1154 przesertim
1573 1090 1702 1158 quia
1728 1091 1783 1145 id
1814 1103 2079 1163 opportu-

499 1169 725 1225 nissime
758 1173 977 1238 accidit,
1008 1175 1268 1243 quoniam
1309 1178 1687 1247 pientissimus
1714 1189 1770 1236 et
1808 1184 1919 1238 Deo
1948 1186 2080 1241 cha-

500 1258 752 1315 rissimus
781 1262 1081 1333 imperator
1106 1265 1208 1320 hac
1246 1280 1413 1337 super
1446 1285 1505 1325 re
1542 1271 1756 1327 litteras
1791 1275 1957 1330 misit.
1984 1278 2082 1333 Est

499 1349 646 1404 enim
689 1355 973 1409 serenitati
1015 1358 1135 1427 ejus
1168 1361 1480 1415 necessaria
1521 1378 1675 1430 cura,
1721 1368 2081 1424 ecclesiarum

500 1444 811 1499 concordia.
847 1446 905 1501 Id
950 1457 1202 1516 spectans
1229 1460 1320 1506 tua
1354 1469 1573 1524 quoque
1608 1459 1889 1527 sanctitas,
1933 1464 2080 1532 quod

499 1533 674 1603 ipsam
696 1536 942 1592 decuerit
966 1538 1277 1596 faciendum
1300 1548 1536 1612 curabit,
1574 1549 1844 1619 quidquid
1881 1554 2079 1609 videli-

499 1636 585 1680 cet
608 1628 675 1682 ad
708 1630 933 1685 istarum
959 1633 1053 1688 Dei
1086 1634 1455 1695 Ecclesiarum
1488 1643 1781 1697 utilitatem
1810 1645 2075 1702 conferet.

498 1718 573 1772 De
600 1719 704 1774 hoc
726 1721 892 1792 igitur
928 1726 1150 1796 negotio
1177 1728 1388 1786 litteras
1424 1732 1572 1797 dedi,
1601 1735 1891 1790 utilitatem
1927 1738 2076 1809 cogi-

498 1817 621 1863 tans
664 1821 1086 1870 consecuturam
1127 1826 1279 1873 :tua:
1321 1836 1453 1875 vero
1492 1824 1798 1879 sanctitatis
1838 1823 2077 1881 ofﬁcium

493 1898 621 1965 erit,
648 1916 763 1956 rem
791 1905 1083 1962 conﬁcere.
1113 1909 1343 1965 Praestat
1377 1913 1525 1967 enim
1564 1915 1899 1983 pmnitentes
1935 1918 2077 1972 reci-

494 2006 647 2060 pere,
691 2011 855 2065 quam
901 2008 962 2053 ut
1005 2000 1345 2071 impudentia
1392 2005 1681 2062 obﬁrmata
1728 2008 1796 2062 ad
1837 2009 2076 2065 Nestorii

494 2091 677 2151 partes
699 2089 978 2144 accedant.
1008 2093 1077 2147 Et
1105 2095 1233 2163 quia
1257 2098 1609 2164 quantumvis
1638 2099 2078 2169 sapientissimus

492 2190 558 2230 ac
598 2177 1054 2248 perfectissimus,
1100 2186 1309 2255 iussisti
1345 2203 1373 2242 a
1410 2204 1496 2242 me
1541 2189 1641 2245 tibi
1677 2192 1822 2245 mitti
1865 2193 2075 2264 aliquid

493 2267 1099 2329 lucubratiuncularum
1126 2292 1391 2345 mearum,
1415 2287 1469 2334 et
1493 2280 1735 2351 linguam
1757 2299 1935 2338 meam
1964 2285 2077 2340 bal-

490 2360 797 2418 butientem
827 2367 1051 2434 pateris,
1092 2384 1259 2425 ausus
1296 2386 1416 2425 sum
1459 2373 1678 2430 mittere
1722 2375 1893 2431 libros
1936 2394 2073 2447 qua-

491 2459 635 2518 tuor,
681 2454 884 2523 quibus
924 2459 1096 2513 multa
1137 2460 1397 2517 dicuntur
1431 2464 1499 2525 de
1545 2465 1855 2523 Servatoris
1898 2471 2072 2525 nostri

490 2543 870 2603 incarnatione
896 2565 964 2605 ex
1003 2552 1200 2608 Vetere
1235 2554 1585 2612 Testamento
1625 2559 1932 2631 desumpta.
1960 2562 2074 2618 Ad-

483 2632 640 2701 junxi
668 2638 834 2690 etiam
861 2637 1008 2707 quod
1045 2651 1233 2697 contra
1259 2643 1497 2700 Nestorii
1542 2648 1911 2719 blasphemias
1935 2655 2073 2708 scri-

486 2722 605 2789 psi;
630 2725 847 2796 egregie
880 2742 1011 2783 vero
1035 2740 1217 2799 potest
1259 2742 1354 2789 tua
1380 2739 1641 2795 sanctitas
1672 2748 1789 2796 tum
1828 2759 1930 2799 nos
1956 2754 2074 2800 tum

485 2812 623 2869 alios
646 2815 771 2872 istic
799 2817 1061 2891 degentes
1086 2824 1298 2895 juvare,
1332 2831 1776 2902 quandoquidem
1805 2835 2073 2893 cliaritate

486 2909 865 2965 tantummodo
909 2912 1179 2983 impulsus
1225 2918 1299 2973 ita
1340 2936 1427 2975 me
1468 2924 1631 2992 gessi.
1662 2925 1789 2982 Haec
1826 2928 1987 2998 lecta,
2017 2938 2074 2986 et

486 2996 659 3051 sicubi
691 3014 831 3068 opus
870 3001 1035 3058 fuerit
1066 3008 1377 3075 emendata,
1406 3012 1529 3068 aliis
1559 3031 1777 3086 quoque
1806 2996 2072 3078 fratribus

2186 542 2415 612 χθέντας
2443 548 2523 611 είς
2553 552 2859 617 κοινωνίαν,
2895 553 2955 619 ἐξ
2986 554 3244 624 ἀκηδείας
3280 557 3365 626 ἐφ’
3397 559 3585 630 ἕτερόν
3600 579 3652 617 τι
3671 564 3769 618 καὶ

2186 634 2503 707 ἀϐουλήτως
2554 640 2749 696 ἐλθεῖν.
2802 645 2870 696 Ἦ
2910 646 3017 715 γὰρ
3068 648 3306 717 αἱρέσεις
3352 650 3628 707 τίκτονται
3673 658 3768 709 καὶ

2185 724 2537 784 ἀκολουθοῦσι
2562 732 2855 802 σχίσματα,
2878 735 2910 806 ἢ
2939 738 3031 791 καὶ
3052 738 3077 776 ιι
3099 737 3319 810 θόρυϐοι
3348 741 3637 812 διηνεκεῖς,
3663 748 3769 802 οὐκ

2184 817 2523 889 ἀνεχομένων
2556 824 2648 877 τοῦ
2677 827 3032 898 ἐπιτιμᾶσθαι
3066 830 3305 903 μακρὰἰ
3338 833 3447 886 τῶν
3468 836 3762 892 είωθότων.

2185 906 2354 961 Τοῦτο
2389 914 2749 984 συνεωρακὼς
2793 918 3062 987 ἡσμένισα
3107 921 3309 991 σφόδρα
3353 923 3765 995 ἐπιδραμόντων

2182 998 2291 1053 τῶν
2313 1002 2376 1053 ἐκ
2395 1002 2494 1072 τῆς
2522 1005 2831 1076 Ἀνατολῆς,
2859 1010 2951 1061 καὶ
2970 1009 3319 1082 ζητησάντων
3337 1013 3437 1085 τὴν
3454 1018 3761 1085 κοινωνίαν,

2182 1091 2278 1143 καὶ
2308 1092 2545 1161 μάλιστα
2590 1097 2669 1150 ὅτι
2704 1100 2799 1152 καὶ
2828 1100 3052 1169 γέγονεν
3082 1104 3433 1175 εὐαφόρμως,
3466 1107 3562 1160 τοῦ
3608 1110 3765 1163 εὐσε-

2182 1180 2445 1236 ϐεστάτου
2499 1187 2592 1239 καὶ
2638 1187 3054 1257 θεοφιλεστάτου
3130 1192 3399 1262 βασιλέως
3449 1198 3764 1267 γράψαντος

2183 1273 2311 1343 περὶ
2340 1273 2532 1327 τούτου
2592 1276 2691 1347 (2).
2743 1279 2937 1348 Γέγονε
2983 1281 3091 1351 γὰρ
3144 1286 3419 1352 ἀναγκαία
3449 1288 3668 1357 φροντὶς
3694 1292 3761 1360 τῇ

2182 1362 2506 1436 γαληνότητι
2526 1367 2697 1421 αὐτοῦ
2720 1368 2828 1423 τῶν
2865 1371 3255 1444 Ἐκκλησιῶνὴ
3279 1376 3570 1447 όμοψυχία.
3590 1378 3763 1433 Τοῦτο

2184 1456 2507 1527 σκοπήσασα
2536 1460 2633 1513 καὶ
2683 1462 2716 1531 ή
2770 1462 2836 1533 σὴ
2878 1461 3175 1535 τελειότης,
3222 1465 3292 1519 τά
3341 1468 3507 1539 ἑαυτῇ
3552 1469 3760 1540 πράξαι

2183 1546 2463 1616 πρέποντα
2498 1548 2811 1621 βουλήθητι,
2839 1553 2937 1606 καὶ
2978 1555 3080 1608 ὅσα
3120 1557 3255 1627 πρὸς
3298 1558 3631 1614 λυσιτέλειαν
3659 1564 3761 1634 ὁρᾷ

2180 1634 2288 1689 τῶν
2329 1638 2515 1692 αὐτόθι
2556 1640 2653 1693 τοῦ
2699 1642 2834 1695 Θεοῦ
2862 1644 3218 1715 Ἐκκλησιῶν.
3274 1648 3531 1720 Γέγραφα
3583 1651 3761 1705 τοίνυν

2182 1727 2310 1797 περὶ
2357 1728 2451 1782 τοῦ
2502 1732 2849 1803 πράγματος,
2897 1735 3157 1809 ἐννοήσας
3200 1739 3262 1793 τὸ
3310 1743 3625 1814 συμφέρον·
3666 1744 3763 1797 καὶ

2179 1819 2279 1888 τῆς
2320 1820 2420 1891 σῆς
2444 1823 2560 1876 ἐστι
2596 1824 2934 1898 τελειότητος
2963 1828 3023 1882 τὸ
3052 1830 3318 1884 ἐπιθεῖναι
3346 1832 3539 1904 πέρας.
3570 1835 3764 1905 Ἀμει-

2180 1925 2267 1961 νον
2292 1909 2400 1980 γάρ
2430 1913 2827 1981 μετανοοῦντας
2856 1916 3126 1986 δέχεσθαι,
3163 1918 3196 1989 ἢ
3228 1917 3359 1986 γοῦν
3384 1921 3761 1990 ἀπαναισχυν-

2177 2001 2449 2071 τήσαντας
2475 2006 2841 2077 προστεθῆναι
2869 2018 2907 2045 ω
2940 2008 3019 2079 τῷ
3051 2010 3207 2081 μέρει
3231 2010 3339 2064 τῶν
3368 2012 3759 2083 τὰᾼῖεστορίου

2179 2095 2395 2161 φρονεῖν
2421 2094 2713 2165 ἑλομένων.
2744 2099 2960 2172 Ἐπειδὴ
2991 2101 3049 2154 δὲ
3082 2102 3358 2173 πάνσοφός
3403 2122 3461 2160 τε
3492 2107 3586 2160 καὶ
3620 2124 3759 2160 παν-

2176 2184 2381 2249 τέλειος
2432 2186 2530 2250 ὢν,
2566 2189 2861 2255 ἐκέλευσας
2919 2195 3239 2266 πεμφθῆναί
3287 2214 3408 2250 τινα
3451 2198 3559 2250 τῶν
3607 2199 3761 2269 ἐμῶν

2177 2277 2529 2346 πονηματίων
2574 2290 2624 2346 η,
2690 2282 2786 2335 καὶ
2850 2284 3208 2355 ψελλιζούσης
3269 2290 3438 2362 ἀνέχῃ
3486 2290 3757 2362 γλώττης,

2176 2363 2457 2437 ἐθάρσησα
2480 2370 2691 2441 πέμψαι
2716 2374 2854 2437 τέως
2881 2374 3061 2444 βιϐλία
3082 2377 3344 2450 τέσσαρα,
3374 2380 3540 2435 πολὺν
3562 2381 3758 2452 ἔχοντα

2172 2451 2331 2523 λόγον
2366 2458 2495 2528 περὶ
2541 2460 2639 2531 τῆς
2686 2461 2780 2515 τοῦ
2838 2464 3088 2535 Σωτῆρος
3138 2468 3293 2537 ἡμῶν
3331 2469 3647 2539 οἰκονομίας
3692 2473 3758 2525 ἐκ

2173 2546 2281 2600 τῶν
2314 2548 2568 2602 Παλαιῶν
2614 2552 2984 2623 Γραμμάτων.
3034 2557 3393 2630 Προστέθηκα
3437 2567 3462 2594 °
3512 2559 3569 2613 δὲ
3603 2560 3698 2613 καὶ
3729 2560 3759 2613 ὃ

2174 2643 2425 2712 γέγραφα
2455 2643 2597 2697 κατὰ
2624 2645 2733 2699 τῶν
2761 2646 3060 2720 Νεστορίου
3090 2650 3437 2722 δυσφημιῶνο
3468 2651 3758 2723 ἀποχρών-

2172 2746 2280 2795 τως
2328 2733 2384 2786 δὲ
2432 2734 2532 2803 τῆς
2566 2736 2665 2807 σῆς
2712 2738 3053 2810 τελειότητος
3102 2741 3332 2811 ἐχούσης
3383 2742 3522 2813 πρὸς
3566 2743 3629 2795 τὸ
3660 2743 3757 2797 καὶ

2173 2825 2319 2894 ἡμᾶς
2353 2825 2636 2893 δύνασθαι,
2686 2830 2781 2883 καὶ
2824 2832 2949 2895 τοὺς
2996 2833 3184 2886 αὐτόθι
3224 2832 3471 2897 ἅπαντας
3499 2832 3751 2902 ὠφελεῖν,

2172 2919 2248 2981 ὼς
2282 2918 2347 2984 ἐξ
2372 2919 2593 2992 ἀγάπης
2620 2923 2702 2986 είς
2730 2923 2888 2977 τοῦτο
2930 2924 3220 2997 παρήχθην
3265 2936 3314 2979 P.
3366 2926 3658 2994 Ἀναγνοὺς
3694 2925 3754 2979 δὲ

2172 3010 2269 3062 καὶ
2305 3011 2694 3081 ἐπανορθώσας
2724 3014 2779 3067 εῐ
2817 3033 2871 3069 τι
2922 3017 3237 3087 παρῶπται,
3287 3018 3384 3072 καὶ
3425 3020 3537 3082 τοῖς
3568 3018 3754 3082 ἀλλοις

485 3090 893 3145 communicare
926 3092 1261 3163 dignaberis.
1307 3098 1448 3154 Sunt
1491 3113 1673 3159 autem
1714 3107 1841 3162 libri
1883 3110 1940 3165 hi
1970 3129 1982 3165 :
2009 3112 2068 3167 In

485 3172 717 3198 l"----.:_
754 3179 854 3198 ιρι--
1112 3186 1149 3198 τι
1276 3188 1291 3198 ι
1422 3191 1433 3198 .
1575 3193 1585 3198 -
1725 3196 1732 3198 .
1777 3197 1782 3198 ,

2174 3101 2283 3156 τῶν
2315 3103 2564 3174 ἀδελφῶν
2614 3107 2916 3177 ἐμφανίσαι
2945 3120 2973 3160 σι
3004 3110 3357 3177 καταξίωσον.
3387 3112 3537 3181 Ἔχει
3586 3110 3645 3164 δὲ
3680 3111 3752 3165 τά

483 3172 723 3231 Genesin
751 3179 892 3234 liber
918 3199 1079 3250 unus,
1112 3186 1187 3241 De
1224 3188 1545 3248 adoratione
1572 3193 1627 3248 in
1654 3196 1851 3266 spiritu
1889 3209 1945 3255 et
1972 3217 2069 3257 vc-

484 3265 666 3334 ritate,
698 3270 825 3326 libri
856 3272 966 3327 duo
982 3275 1184 3333 Contra
1215 3280 1565 3339 Theodorum
1590 3295 1646 3342 et
1667 3265 1943 3345 Andream
1976 3308 2068 3348 ca-

482 3358 676 3427 pitula,
713 3362 788 3418 De
826 3365 1204 3426 Incarnatione
1240 3372 1383 3428 liber
1415 3391 1559 3433 unus
1591 3388 1785 3435 contra
1823 3381 2067 3440 Nestorii

482 3444 868 3520 blasphemias.

2173 3191 2354 3262 βιὸλία
2380 3194 2571 3259 οὕτως.
2600 3198 2737 3269 Περὶ
2764 3198 2874 3255 τῶν
2914 3202 2995 3263 είς
3036 3200 3135 3272 τὴν
3174 3202 3393 3255 Γένεσιν
3438 3200 3639 3271 βιόλίον
3666 3201 3749 3269 ἐν,

2170 3286 2300 3355 περὶ
2344 3288 2446 3359 τῆς
2485 3292 2542 3343 ἐν
2594 3291 2865 3361 πνεύματι
2927 3294 3020 3347 καὶ
3062 3294 3290 3365 ἀληθείᾳ
3330 3296 3751 3366 προσκυνήσεως

2169 3377 2350 3447 βιϐλία
2383 3379 2499 3449 δύο,
2552 3381 2689 3453 πρὸς
2722 3383 2792 3437 τὰ
2839 3385 3188 3457 θεοδωρήτου
3242 3389 3336 3440 καὶ
3396 3387 3643 3459 ’Δνδρέου
3668 3388 3750 3459 (3)

2166 3471 2249 3533 είς
2293 3470 2364 3524 τά
2409 3473 2701 3540 κεφάλαια,
2757 3476 2886 3547 περὶ
2935 3479 3034 3547 τῆς
3085 3478 3424 3550 Σαρκώσεως
3458 3479 3661 3550 meum;
3689 3479 3751 3535 ἐν

2165 3562 2309 3616 κατά
2336 3562 2446 3618 τῶν
2465 3565 2766 3639 Νεστορίου
2789 3567 3135 3641 δυσφημιῶν.

1608 3860 1945 3920 EPISTOLA
1982 3865 2147 3923 XLIV
2189 3868 2281 3939 (οι.
2316 3869 2608 3943 XXXVII.)

1380 4010 1448 4050 AD
1474 4013 1737 4054 ευιοοιωι
1760 4017 2132 4061 ΡΒΕΞΒΥΤΕΒΙΙἈ
2161 4021 2841 4069 (ιοΝετΑΝτιΝοιιοιιτΑΝυκ.

577 4117 962 4188 Confessionem
987 4125 1113 4193 ﬁdei
1139 4133 1348 4200 exponit
1371 4150 1591 4207 eantque
1617 4138 1906 4209 plurimum
1930 4145 1994 4198 ab
2017 4143 2341 4217 Apollinarii
2359 4160 2408 4203 et
2427 4150 2659 4207 Nestorii
2687 4154 2955 4224 impietate
2984 4154 3267 4210 abhorrere
3286 4157 3632 4215 demonstrat.

472 4276 943 4361 Cornutonitoriam
979 4282 1043 4336 ab
1090 4286 1476 4361 arghiepiscopo
1523 4292 1563 4349 C

541 4349 687 4419 gium
735 4352 1092 4423 presbyterum
1140 4349 1596 4433 Constantinopoli
1642 4349 2052 4439 agentem—inis-

546 4435 683 4473 sum.

542 4527 777 4600 Cyrillus
802 4530 1094 4605 episcopus
1152 4535 1555 4600 Alexandrinus
1613 4546 1842 4620 Eulogio
1900 4553 2051 4608 salu-

473 4630 605 4675 10111.

539 4713 969 4785 Expositionem,
1000 4735 1165 4791 quam
1202 4720 1510 4783 Orientales
1552 4728 1823 4799 fecerunt,
1859 4750 2050 4807 repre-

1602 4295 1724 4351 rillo
1765 4300 1836 4401 ad
1884 4300 2053 4384 Eulo-

2174 4304 2642 4401 Txoqutmgr
2700 4312 2973 4381 Εὐλογίῳ
3036 4318 3417 4401 πρεσϐυτέρῳ
3484 4318 3745 4401 παραμέ-

2229 4394 2397 4431 roret
2446 4381 2517 4459 ὲις
2562 4384 3221 4459 Κωνᾳτᾳντινουπόλει,
3270 4381 3430 4459 nepa
3479 4381 3585 4444 τοῦ

2226 4450 2629 4516 χιεπισκόπου
2658 4454 2989 4521 Κυρίλλου.

2226 4558 2497 4630 Κύριλλος
2541 4561 2841 4627 ἐπίσκοπος
2875 4563 3283 4637 Ἀλεξανδρείας
3329 4566 3572 4638 Εὑλογίῳ
3620 4568 3742 4639 χαί-

2154 4664 2290 4718 ρειν.

2230 4740 2724 4813 Ἐπιλαμὸἀνονταί
2748 4760 2893 4810 τινες
2942 4748 3041 4817 τῆς
3058 4745 3347 4814 ἐκθέσεως,
3380 4743 3450 4821 ἧς
3477 4749 3740 4822 πεποίην-

1865 4893 2040 4950 Variae
2069 4895 2356 4954 lectiones.

540 5010 564 5096 ξ
600 5010 993 5096 ‘OttobLUaddit
1046 5017 1198 5096 ἴσωςἶ
1306 5020 1321 5059 ι
1356 5024 1418 5096 _0.
1461 5027 1629 5096 παρά.

466 5089 491 5128 P
523 5080 938 5154 γιιῑ.παρῆλθον.
1033 5098 1061 5138 τι
1090 5080 1485 5161 υζένφανίσαι.

1733 5041 1773 5068 ω
1811 5031 1874 5084 Ο.
1909 5033 2304 5103 προστεθείναι.
2342 5046 2369 5072 ο
2398 5036 2460 5091 0.
2496 5038 2677 5107 potius

2756 5039 3108 5110 πονημάτων.
3189 5050 3216 5078 ο
3246 5044 3306 5098 0.
3346 5042 3738 5115 προστέθεικα.

2014 5256 2239 5315 NOTAE.

535 5350 611 5421 (l)
654 5351 768 5436 IIoc
796 5358 1121 5436 vocabulum
1159 5362 1228 5416 de
1262 5360 1452 5436 Grieco
1492 5366 1894 5436 ἐτυμολογικῶς
1920 5387 2039 5426 ma-

465 5434 623 5506 nans,
652 5432 707 5476 ct
731 5427 1463 5506 ecclesiasticisauctoribus
1485 5427 1911 5506 frequentatum,
1936 5443 2041 5497 hoc

467 5488 588 5543 loco
618 5509 736 5567 non_
748 5493 965 5567 invitus
994 5500 1247 5555 adliibeo.
1283 5488 1707 5562 Videsismeum
1732 5488 2043 5567 Latinitatis

468 5562 1033 5638 novumﬁlossarium
1065 5569 1246 5638 Spicil.
1279 5572 1427 5627 Rom.
1466 5585 1504 5628 t.
1530 5576 1619 5631 IX.
1658 5562 1780 5634 Mar.

545 5634 822 5713 (“2).Notzc
867 5648 995 5716 sunt
1028 5634 1171 5694 cura:
1197 5641 1489 5722 Theodosii
1533 5648 1778 5722 {unioris
1805 5651 1934 5722 imp.
1975 5653 2043 5707 de

469 5720 603 5791 pace
640 5703 781 5758 inter
813 5707 1100 5791 episcopos
1143 5713 1504 5791 concilianda.
1550 5718 1617 5770 Et
1658 5703 2043 5791 quideniripse

470 5776 747 5847 Augustus
793 5778 957 5848 paulo
988 5782 1400 5839 commotiorem
1426 5786 1527 5841 hac
1560 5776 1724 5859 super
1747 5808 1803 5845 re
1825 5776 2044 5863 scripsit

2145 5376 2840 5453 epistolam___ad_nostrurn
2881 5380 3173 5453 Cyrillum,
3216 5398 3339 5453 qua:
3372 5389 3550 5437 exstat
3585 5382 3733 5437 inter

2146 5449 2509 5520 actagconcilii
2539 5448 2801 5518 Ephesini
2828 5451 2916 5507 ed.
2934 5448 3154 5508 'Labbei
3182 5448 3543 5517 et'Cossartii,
3566 5460 3607 5506 t.
3638 5454 3729 5520 ΙΙΙ,

2152 5518 2829 5674 ν’(ἓέθριξξίθιᾼηξιειρξῇ
2863 5591 3163 5674 presbyteri
3199 5593 3472 5674 Eclogasa
3504 5592 3731 5674 moedi-

2151 5666 2234 5712 tas
2257 5661 2448 5735 ξετερι.
2478 5669 2611 5735 νει,
2640 5669 2685 5735 ι.Δ
2715 5661 2943 5735 ⁸γιιίυ.
2977 5661 3043 5727 8;
3084 5661 3730 5735 namque'Orientalium

2149 5729 2387 5798 capitula
2420 5730 2642 5799 scripsit
2673 5732 2762 5789 hic
2794 5729 3055 5789 Andreas.
3082 5733 3154 5789 In.
