4044 6212
316 269 433 328 9.25

1713 267 2048 325 EPISTOLA
2085 269 2266 327 XLIV.

3490 270 3596 328 226

317 407 417 442 ται
486 387 537 440 oi
595 382 925 444 ἀνατολικοὶ,
990 381 1083 434 καί
1131 399 1263 450 φασι
1299 397 1311 411 ·
1340 380 1440 434 Διὰ
1490 381 1541 435 τί
1592 381 1686 435 δύο
1723 381 1903 451 φύσεις

2018 384 2268 440 ltendunt
2302 387 2572 453 nonnulli,
2599 403 2661 442 ac
2683 387 2872 444 dicunt
2901 407 2911 441 :
2939 388 3111 455 Quam
3135 389 3204 444 ob
3232 406 3347 445 rem
3377 390 3594 462 episco-

313 478 706 549 ὀνομαζόντων
739 474 922 528 αὐτῶν
951 474 1234 544 ἠνέσχετο,
1265 473 1298 544 ἢ
1350 474 1444 528 καὶ
1487 473 1718 545 ἐπῄνεσε
1758 473 1785 523 6
1815 475 1914 544 τῆς

2016 491 2118 545 pus
2145 477 2549 532 Alexandrinus
2583 479 2703 532 illos
2729 479 3000 541 toleravit,
3027 495 3091 533 ac
3129 480 3370 536 laudavit
3403 483 3592 544 etiam.

334 569 787 640 ‘AlsEavdpefac;
823 568 888 620 Οί
914 567 971 620 δὲ
999 567 1066 620 τὰ
1107 565 1402 636 Νεστορίου
1450 564 1795 636 φρονοῦντες,
1826 563 1903 616 λέ-

2015 581 2140 620 cum
2169 565 2307 622 duas
2345 578 2572 622 naturas
2622 567 3006 622 nominarent?
3030 567 3132 633 Qui
3176 579 3365 623 autem
3395 571 3594 625 Nesto—

318 682 490 733 γουσι
520 664 773 716 κάκεῖνον
819 659 965 713 οὕτω
1001 661 1240 730 φρονεῖν,
1302 658 1740 729 συναρπάζοντες
1785 657 1912 720 τοὺς

313 757 422 809 οὐκ
450 755 664 817 εἰδότας
708 753 769 805 τὸ
801 750 1052 821 ἀκριϐές.
1105 750 1226 822 Χρὴ
1273 750 1330 804 δὲ
1377 754 1494 816 τοῖς
1539 750 1912 823 μεμφομένοις

309 847 502 898 ἐκεῖνο
539 844 745 912 λέγειν’
776 844 862 896 ὅτι
899 843 960 895 ού
989 842 1189 904 πάντα,
1215 842 1316 895 ὅσα
1350 841 1605 911 λέγουσιν
1632 843 1683 896 oi
1713 845 1912 913 αἱρετι·

311 937 436 998 χοὶ.
499 934 727 1002 φεύγειν
775 933 870 987 καὶ
922 932 1309 1002 παραιτεῖσθαι
1377 934 1508 1003 χρή·
1579 933 1752 988 πολλὰ
1801 934 1909 1004 γὰρ

313 1023 688 1094 ὁμολογοῦσιν
737 1015 812 1077 ὧν
863 1022 959 1075 καὶ
1010 1023 1174 1091 ἡμεῖς
1219 1019 1611 1092 ὁμολογοῦμεν.
1664 1016 1808 1086 Οἷον,
1857 1023 1907 1075 οί

323 1116 611 1186 ’Δρειανοῖ
639 1115 769 1168 ὅταν
812 1113 1012 1182 λέγωσι
1043 1114 1136 1166 τὸν
1179 1113 1424 1184 Πατέρα,
1469 1113 1551 1166 ὅτι
1579 1113 1909 1184 δημιουργός

305 1208 432 1260 ἐστι
468 1206 584 1258 τῶν
623 1205 762 1259 ὅλων
807 1203 900 1256 καὶ
945 1203 1168 1276 Κύριος,
1224 1203 1302 1274 μὴ
1347 1204 1435 1258 διὰ
1476 1203 1634 1258 τοῦτο
1684 1205 1908 1274 φεύγειν

307 1296 467 1364 ἡμᾶς
514 1291 811 1370 ἀκόλουθον
858 1290 1062 1354 ταύτας
1109 1290 1209 1355 τὰς
1249 1291 1574 1363 ὀμολογίας;
1625 1291 1781 1347 Οῦτω
1815 1297 1907 1346 καὶ

309 1387 406 1440 ἐπὶ
448 1384 778 1455 Νεστορίουο
807 1382 909 1436 κᾶν
943 1383 1076 1454 λέγῃ
1114 1381 1208 1436 δύο
1255 1382 1466 1452 φύσεις,
1501 1383 1600 1456 τὴν
1641 1385 1906 1456 διαφορὰν

313 1474 610 1547 σημαίνων
628 1474 729 1542 τῆς
754 1472 956 1542 σαρκὸς
980 1473 1188 1525 καὶτοῦ
1217 1472 1354 1526 Θεοῦ
1378 1473 1572 1541 Λόγου’
1607 1473 1772 1544 ἑτέρα
1795 1474 1906 1547 γὰρ

310 1571 345 1641 ἡ
375 1568 478 1622 τοῦ
513 1568 692 1636 Λόγου
728 1566 909 1637 φύσις,
941 1567 1037 1619 καὶ
1065 1567 1228 1638 ἑτέρα
1255 1569 1287 1637 ή
1330 1567 1430 1636 τῆς
1465 1567 1688 1638 σαρκὸς,
1721 1568 1904 1621 οὐκέτι

309 1662 413 1733 τήν
470 1661 669 1714 ἕνωσιν
697 1658 951 1729 ὁμολογεῖ
997 1659 1118 1729 μεθ’
1165 1659 1343 1730 ἡμῶν.
1393 1659 1583 1730 Ἡμεῖς
1631 1659 1740 1729 γὰρ
1771 1659 1906 1712 ὲνώο

311 1769 515 1816 σαντες
547 1750 748 1814 ταῦτα,
777 1750 874 1804 ἕνα
905 1752 1161 1822 Χριστὸν,
1187 1751 1284 1806 ἕνα
1317 1751 1464 1818 Υἰὸν,
1487 1751 1580 1804 τὸν
1601 1751 1785 1818 αὐτὸν,
1809 1750 1904 1805 ἕνα

311 1846 522 1915 Κύριον
548 1843 942 1914 ὁμολογοῦμεν·
975 1845 1070 1897 καί
1096 1844 1282 1898 λοιπὸν
1313 1844 1442 1914 μίαν
1470 1844 1568 1915 τὴν
1597 1843 1689 1897 τοῦ
1712 1843 1845 1898 Θεοῦ
1880 1853 1902 1881 ι’

311 1937 483 2008 φύσιν
543 1934 1000 2006 σεσαρκωμένην.
1038 1937 1257 1990 Ὁποῖον
1279 1936 1513 1990 ἐστικαὶ
1542 1936 1636 1990 ἐπὶ
1668 1935 1761 1990 τοῦ
1793 1953 1907 1990 κοι-

308 2029 404 2084 νοῦ
438 2032 624 2083 εἰπεῖν
653 2025 964 2102 ἀνθρώπου·
995 2029 1111 2082 ἐστι
1149 2029 1248 2099 μὲν
1277 2028 1387 2099 γὰρ
1407 2030 1472 2082 ὲκ
1504 2028 1776 2100 διαφόρων
1803 2028 1903 2098 φύ-

311 2138 476 2186 σεων,
509 2120 626 2174 ἀπό
654 2136 716 2173 τε
749 2118 1021 2189 σώματος,
1056 2117 1222 2189 φημὶ,
1257 2117 1352 2171 καὶ
1374 2116 1572 2187 ψυχῆς.
1603 2117 1713 2170 Καὶ
1740 2119 1768 2170 6
1802 2117 1903 2188 μὲν

309 2213 493 2281 Μ,
522 2213 620 2264 καὶ
660 2212 694 2281 ἡ
744 2210 946 2282 θεωρία
977 2205 1086 2263 οἶδε
1133 2209 1235 2281 τὴν
1264 2209 1558 2278 διαφοράν·
1604 2208 1902 2272 ἑνώσαντες

309 2303 390 2366 δὲ,
436 2303 560 2356 τότε
593 2300 855 2373 ποιοῦμεν
889 2301 1020 2372 μίαν
1057 2298 1347 2369 ἀνθρώπου
1382 2301 1564 2369 φύσιν.
1596 2299 1804 2353 Οὐκοῦν
1838 2300 1900 2354 ού

310 2395 374 2448 τὸ
411 2394 616 2448 εἰδέναι
682 2393 792 2446 τῶν
845 2391 1061 2461 φύσεων
1109 2391 1207 2462 τὴν
1246 2390 1533 2462 διαφορὰν,
1594 2391 1900 2462 διατέμνειν

312 2487 461 2540 ἐπὶν
489 2488 577 2548 είς
608 2484 705 2539 δύο
748 2484 840 2537 τὸν
878 2483 977 2537 ἕνα
1032 2481 1287 2553 Χριστόν.
1338 2481 1558 2552 Ἐπειδὴ
1603 2481 1661 2534 δὲ
1699 2483 1901 2546 πάντες

313 2580 362 2631 οί
390 2581 456 2631 ἐκ
485 2579 590 2649 τῆς
625 2575 918 2646 ’Δνατολῆς
944 2565 1254 2644 νομίζουσιν
1275 2573 1420 2642 ἡμᾶς
1435 2572 1561 2635 τοὺς
1584 2571 1898 2643 ὀρθθοδόξους

312 2671 434 2733 ta't;
465 2666 848 2737 ’Δπολιναρίου
903 2664 1081 2728 δόξαις
1137 2662 1474 2728 ἀκολουθεῖν,
1518 2661 1612 2715 καὶ
1659 2665 1898 2733 φρονεῖν,

314 2762 395 2814 ὅτι
450 2761 760 2831 σύγκρασις
806 2757 1089 2827 ὲγένετοῆ
1136 2755 1399 2826 σύγχυσις
1451 2753 1752 2827 (τοιαύταις
1792 2757 1902 2828 γὰρ

317 2854 411 2906 καὶ
450 2852 610 2906 αὐτοὶ
668 2851 964 2920 κέχρηνται
1007 2848 1256 2918 φωναῖς),
1287 2847 1364 2911 ὡς
1403 2845 1498 2900 τοῦ
1539 2845 1674 2899 Θεοῦ
1724 2848 1900 2914 Λόγου

318 2943 793 3016 μεταϐεϐληκότος
825 2944 843 2977 ι
871 2941 951 3002 είς
982 2939 1144 3008 φύσιν
1181 2938 1404 3008 σαρκὸς,
1445 2937 1541 2991 καὶ
1565 2937 1666 3009 τῆς
1699 2938 1900 3010 σαρκὸς

2014 658 2157 712 rium
2181 668 2483 723 sectantur,
2505 659 2694 714 eadem
2718 667 2774 713 et
2799 658 2977 727 ipsum
2999 659 3204 713 sentire
3223 660 3592 726 contendunt;

2011 767 2186 821 eaque
2229 753 2442 807 ratione
2469 752 2593 806 illos
2632 751 2728 821 qui
2758 751 2943 805 minus
2978 759 3231 805 accurate
3265 767 3383 805 rem
3413 752 3595 821 perci-

2011 845 2189 913 piunt,
2216 845 2271 898 in
2298 860 2452 899 suam
2479 845 2809 900 sententiam
2839 843 3141 912 abripiunt.
3172 843 3373 898 Verum
3404 844 3473 898 iis
3499 846 3594 915 qui

2009 934 2116 990 hoc
2143 936 2363 990 nomine
2406 951 2508 990 nos
2538 942 2818 999 accusant,
2856 934 3297 1003 respondendum
3339 941 3444 997 est,
3483 949 3596 988 non

2008 1027 2192 1082 omnia
2222 1043 2343 1098 quae
2368 1027 2524 1098 133
2545 1027 2789 1082 haeretici
2819 1027 3030 1092 dicunt,
3051 1027 3235 1082 statim
3255 1025 3509 1096 fugienda
3531 1043 3595 1080 ac
3649 1052 3657 1059 -

2007 1121 2346 1190 repudianda
2376 1135 2496 1176 esse
2519 1138 2531 1174 :
2557 1120 2728 1174 multa
2747 1120 2896 1174 enim
2918 1119 3251 1175 confitentur
3270 1135 3338 1174 ex
3363 1119 3450 1182 iis,
3467 1135 3596 1188 qua:

2007 1230 2108 1270 nos
2134 1229 2351 1284 quoque
2378 1213 2696 1268 asserimus.
2737 1213 2986 1283 Exempli
3028 1227 3212 1276 causa,
3241 1228 3365 1266 cum
3402 1211 3592 1265 Ariani

2006 1307 2178 1361 Deum
2203 1308 2417 1362 Patrem
2441 1307 2690 1360 omnium
2713 1306 3054 1360 conditorem
3079 1322 3141 1359 ac
3159 1305 3447 1358 Dominum
3470 1319 3592 1359 esse

2004 1396 2217 1462 dicunt,
2245 1413 2377 1452 num
2403 1397 2528 1452 ideo
2552 1412 2897 1466 consequens
2920 1405 3004 1451 est
3039 1406 3100 1450 ut
3149 1391 3416 1465 ejusmodi
3455 1410 3591 1450 con-

2004 1487 2271 1543 fessiones
2299 1488 2658 1543 aversemur?
2681 1487 2773 1542 Sic
2806 1496 2862 1542 et
2886 1487 2954 1542 de
2986 1487 3238 1541 Nestorio
3261 1502 3500 1556 quoque,
3526 1487 3593 1540 li-

2005 1584 2093 1631 cet
2137 1577 2276 1631 duas
2321 1585 2552 1631 naturas
2599 1591 2719 1630 esse
2755 1575 2932 1640 dicat,
2971 1575 3153 1630 carnis
3198 1584 3253 1630 et
3284 1576 3447 1630 Verbi
3492 1576 3591 1632 Dei

2005 1665 2375 1724 differentiam
2411 1667 2725 1739 signiﬁcans
2765 1685 2778 1720 :
2809 1676 2894 1722 est
2922 1668 3067 1722 enim
3097 1668 3201 1721 alia
3244 1667 3440 1731 Verbi,
3483 1669 3592 1722 alia

1934 1735 1978 1792 Β
2007 1761 2188 1815 carnis
2211 1771 2440 1816 natura:
2468 1769 2708 1816 attamen
2739 1760 3001 1815 unionem
3027 1775 3133 1814 una
3160 1760 3448 1814 nobiscum
3478 1776 3591 1816 non

2006 1852 2318 1907 confitetur.
2362 1853 2472 1907 Nos
2505 1853 2653 1906 enim
2691 1851 2815 1905 illas
2854 1850 3182 1915 adunantes,
3213 1866 3384 1905 unum
3430 1866 3589 1906 eum-

2004 1944 2129 2000 dem
2160 1945 2381 2009 Filium,
2407 1960 2578 1999 unum
2601 1944 2895 1999 Dominum
2920 1942 3269 2007 confitemur,
3297 1959 3462 1998 unam
3487 1959 3588 2014 po-

2004 2045 2210 2091 stremo
2245 2035 2367 2090 Filii
2414 2044 2668 2090 naturam
2719 2037 3060 2090 incarnatam
3093 2035 3347 2090 dicimus.
3397 2034 3588 2090 Simile

2003 2127 2137 2197 quid
2163 2134 2220 2182 et
2241 2127 2308 2182 de
2334 2127 2532 2197 quovis
2554 2127 2777 2182 homine
2805 2126 2912 2181 dici
2937 2133 3138 2196 potest.
3169 2127 3303 2180 Nam
3328 2133 3385 2181 et
3408 2126 3500 2180 ille
3521 2142 3590 2181 ex

2003 2217 2241 2275 diversis
2281 2218 2494 2274 naturis
2537 2226 2784 2284 constat,
2837 2233 2906 2274 ex
2951 2231 3184 2287 corpore
3227 2215 3488 2272 nimirum
3531 2227 3590 2274 et

2001 2309 2203 2364 anima.
2237 2310 2498 2376 Quamvis
2524 2309 2673 2364 enim
2700 2308 2841 2364 ratio
2872 2318 2928 2363 et
2957 2307 3346 2377 contemplatio
3386 2308 3587 2362 horum

2001 2401 2298 2458 discrimen
2350 2417 2462 2458 non
2505 2402 2792 2472 ignorent;
2840 2410 3021 2455 tamen
3063 2407 3419 2469 posteaquam
3466 2399 3588 2454 illas

2001 2493 2328 2560 unierimus,
2355 2508 2521 2548 unam
2543 2491 2782 2547 hominis
2802 2499 3056 2546 naturam
3079 2490 3330 2545 facimus.
3387 2488 3589 2556 Quam-

2001 2582 2193 2639 obrem
2214 2593 2536 2638 naturarum
2567 2582 2936 2638 differentiam
2977 2598 3274 2654 agnoscere
3295 2623 3310 2648 ,
3357 2599 3469 2638 non
3503 2593 3588 2638 est

2002 2691 2173 2729 unum
2198 2675 2481 2730 Christum
2516 2675 2573 2728 in
2611 2675 2722 2729 duo
2759 2673 3027 2728 dividere.
3054 2673 3191 2740 Quia
3223 2689 3356 2727 vero
3395 2690 3589 2728 omnes

2000 2764 2310 2821 Orientales
2339 2774 2556 2835 putant,
2599 2781 2701 2820 nos
2730 2765 3067 2820 orthodoxos
3107 2765 3429 2834 Apollinarii
3463 2765 3586 2834 opi-

2001 2856 2197 2912 niones
2223 2857 2400 2926 sequi,
2430 2855 2745 2926 sentireque
2785 2864 3107 2910 naturarum
3148 2854 3586 2911 commistionem

2001 2946 2086 3001 vel
2112 2943 2492 3000 confusionem
2515 2943 2713 2998 factam
2736 2959 2858 2999 esse
2878 2943 3170 3014 (ejusmodi
3195 2944 3342 2997 enim
3359 2943 3590 3002 vocibus

314 3035 619 3107 τραπείσης
650 3035 730 3096 είς
760 3031 922 3102 φύσιν
965 3032 1241 3102 θεότητος,
1297 3030 1754 3102 συνεχωρήσαμεν
1802 3031 1902 3084 αύο

2004 3035 2107 3106 ipsi
2135 3034 2410 3106 utuntur),
2434 3035 2591 3104 quasi
2614 3035 2760 3090 Deus
2783 3034 3023 3090 Verbum
3049 3033 3103 3087 in
3131 3033 3314 3088 carnis
3333 3042 3587 3089 naturam

313 3131 430 3189 τοῖς
467 3130 510 3191 ι,
544 3126 607 3179 ού
641 3124 834 3178 διελεῖν
864 3126 944 3188 εἰς
997 3123 1090 3176 δύο
1138 3123 1230 3177 τὸν
1265 3123 1360 3176 ἕνα
1396 3123 1648 3194 Χριστόν·
1687 3121 1761 3194 μὴ
1806 3123 1900 3192 γέ-

2005 3123 2309 3189 transierit,
2363 3130 2420 3179 et
2455 3138 2586 3178 caro
2609 3123 2664 3177 in
2689 3122 2998 3178 divinitatis
3032 3130 3284 3177 naturam
3324 3137 3590 3179 conversa

316 3235 482 3272 νοιτο⁹
518 3217 634 3271 ἀλλ’
651 3215 982 3286 ὁμολογῆσαι
1008 3215 1170 3286 μόνον
1191 3255 1206 3280 ,
1237 3215 1319 3268 ὅτι
1341 3213 1465 3268 οὕτε
1499 3214 1759 3284 σύγχυσις
1781 3215 1902 3283 ὲγὲο

314 3328 464 3373 νετο,
486 3309 613 3362 οῦτε
644 3308 957 3380 σύγκρασις,
978 3308 1093 3361 ἀλλ’
1117 3310 1150 3379 ἡ
1180 3307 1279 3378 μὲν
1294 3307 1451 3380 σὰρξ,
1471 3307 1607 3378 σὰρξ
1627 3302 1713 3378 ἦν,
1731 3307 1806 3371 ὡς
1836 3308 1901 3360 ἐκ

315 3401 589 3472 γυναικὸς
632 3399 914 3470 ληφθεῖσα,
942 3401 972 3452 6
1003 3399 1060 3452 δὲ
1094 3399 1286 3467 Λόγος,
1334 3398 1410 3462 ὼς
1437 3400 1501 3452 ὲκ
1530 3399 1743 3469 Πατρὸς
1775 3415 1900 3468 γεν-

315 3495 524 3564 νηθεὶς,
557 3493 728 3561 Λόγος
770 3488 856 3563 ἦν’
894 3491 1033 3561 πλὴν
1063 3485 1144 3555 εἷς
1167 3491 1196 3543 6
1224 3491 1479 3562 Χριστὸς,
1515 3491 1612 3545 xal.
1638 3490 1785 3555 Υίὺς,
1806 3491 1902 3544 καὶ

318 3587 545 3656 Κύριος,
596 3583 738 3638 κατὰ
780 3582 881 3654 τὴν
931 3582 1181 3637 Ἰωάννου
1239 3583 1444 3652 φωνὴν,
1494 3582 1567 3646 ὡς
1618 3582 1902 3652 γεγονότος

320 3678 522 3749 sapam;
554 3675 651 3729 τοῦ
683 3675 877 3744 Λόγουο
909 3672 1358 3746 παρεσκευάσθαι
1383 3673 1438 3726 δὲ
1469 3673 1688 3739 αὐτοὺς,
1729 3689 1901 3744 προσ-

319 3772 460 3841 έχειν
502 3771 574 3840 τῇ
639 3767 944 3836 ἀναγνώσει
998 3767 1099 3835 τῆς
1140 3766 1431 3835 ἐπιστολῆς
1481 3765 1575 3818 τοῦ
1629 3764 1899 3836 μακαρίου

321 3863 474 3916 reﬁxa
535 3859 876 3914 Ἀθανασίου.
925 3859 1051 3912 Ὀτι
1098 3859 1216 3911 ἐκεῖ
1263 3857 1712 3927 φιλονεικούντων
1738 3858 1900 3911 τινῶν

319 3952 409 4004 καὶ
438 3951 735 4019 λεγόντων,
763 3951 845 4004 ὅτι
876 3951 940 4004 ὲκ
970 3950 1068 4021 τῆς
1101 3948 1234 4013 ἰδίας
1266 3947 1479 4018 φύσεως
1503 3948 1533 4001 6
1564 3948 1696 4011 Θεὸς
1729 3949 1900 4016 Λόγος

321 4041 686 4112 μετεποίησεν
719 4039 897 4110 ἑαυτῷ
926 4039 1108 4110 σῶμα,
1135 4039 1248 4092 ἄνω
1271 4039 1366 4092 καὶ
1394 4039 1544 4092 κάτω
1570 4039 1902 4111 ἰσχυρίζεται

318 4135 396 4188 δτι
421 4134 525 4202 οὔχ
571 4134 856 4204 όμοούσιον
881 4128 950 4203 ἦν
978 4130 1056 4202 τῷ
1087 4131 1246 4201 Λόγῳ
1287 4130 1348 4184 τὸ
1396 4131 1586 4202 σῶμα·
1638 4132 1687 4183 εί
1721 4131 1778 4184 δὲ
1805 4131 1903 4202 οὐχ

319 4227 629 4299 ὁμωύσιον,
681 4223 843 4294 ἑτέρα
885 4224 1102 4286 πάντως
1132 4224 1224 4276 καὶ
1247 4223 1428 4293 ⁸ἑτέρα
1457 4222 1637 4290 φύσις,
1673 4221 1733 4288 ἐξ
1763 4217 1838 4277 ὧν
1875 4225 1904 4276 6

322 4313 398 4380 είς
423 4317 525 4370 καὶ
547 4313 705 4383 μόνος
723 4316 922 4366 νοεῖται
939 4313 1172 4382 Χριστός
1191 4319 1241 4365 υ.
1258 4313 1491 4365 Κάκεῖνο
1504 4312 1561 4364 δὲ
1590 4313 1664 4383 μὴ
1691 4314 1902 4381 ἀγνοεί-

2002 3216 2075 3272 sit
2101 3233 2113 3270 :
2140 3216 2515 3272 concessimus
2555 3215 2710 3286 ipsis,
2743 3230 2852 3270 non
2899 3223 2960 3269 ut
3006 3230 3176 3270 unum
3218 3214 3500 3270 Christum
3532 3217 3589 3271 in

2002 3307 2144 3362 duos
2176 3306 2443 3372 dividant,
2489 3306 2660 3362 absitl
2692 3305 2790 3361 sed
2817 3315 2877 3360 ut
2913 3312 3124 3359 tantum
3179 3305 3454 3360 fateantur
3489 3321 3590 3361 ne-

2002 3415 2110 3470 que
2136 3398 2515 3454 confusionem
2550 3397 2746 3455 factam
2771 3391 3102 3466 esse’neque
3125 3397 3587 3463 commistionem,

2001 3489 2100 3546 sed
2130 3503 2352 3544 carnem
2377 3487 2548 3542 fuisse
2583 3501 2824 3551 carnem,
2856 3492 2916 3541 ut
2941 3501 3010 3540 ex
3034 3484 3268 3539 muliere
3290 3491 3588 3554 sumptam,

2001 3599 2067 3639 ac
2089 3583 2352 3646 Verbum,
2376 3590 2434 3636 ut
2467 3596 2534 3635 ex
2579 3580 2741 3634 Patre
2778 3577 3048 3647 genitum,
3078 3575 3249 3630 fuisse
3281 3575 3524 3630 Verbum
3569 3591 3586 3629 :

2001 3681 2383 3730 verumtamen
2418 3685 2588 3724 unum
2627 3683 2748 3724 esse
2788 3667 3100 3730 Christum,
3137 3681 3306 3720 unum
3351 3665 3587 3731 Filium,

2002 3775 2068 3816 ac
2108 3758 2404 3814 Dominum
2449 3771 2620 3809 unum
2645 3773 2660 3821 ;
2684 3755 2926 3810 Verbum
2956 3753 3134 3818 enim,
3161 3754 3315 3823 juxta
3361 3754 3591 3810 Joannis

2001 3866 2193 3907 vocem
2223 3850 2290 3914 ⁸ο,
2319 3849 2525 3902 factum
2553 3854 2639 3901 est
2660 3861 2789 3902 caro
2814 3862 2827 3899 :
2856 3846 2936 3901 sic
2977 3853 3160 3900 autem
3200 3855 3420 3914 paratos
3443 3861 3585 3910 esse,

2004 3955 2065 4001 ut
2087 3942 2311 4000 lectioni
2340 3939 2586 4011 epistolae
2618 3939 2764 3994 beati
2796 3955 2948 4008 papa:
2971 3938 3255 3995 Athanasii
3278 3939 3585 3996 attendant.

2002 4036 2140 4092 Cum
2161 4035 2309 4090 enim
2331 4049 2430 4088 suo
2458 4040 2701 4101 tempore
2725 4031 2975 4085 nonnulli
3003 4029 3397 4084 contenderent
3419 4045 3482 4084 ac
3505 4031 3589 4084 di-

2004 4134 2198 4184 cerent
2240 4126 2413 4179 Deum
2440 4123 2680 4178 Verbum
2699 4138 2765 4177 ex
2797 4121 3015 4191 propria
3040 4128 3236 4175 natura
3262 4134 3462 4188 corpus
3480 4119 3588 4174 sibi

2008 4218 2425 4276 transformasse
2441 4255 2455 4280 ,
2478 4213 2627 4267 omni
2650 4213 2860 4267 ratione
2880 4212 3206 4267 confirmare
3234 4218 3464 4266 conatus
3480 4218 3587 4274 est,

2003 4312 2081 4367 Cb
2091 4309 2208 4364 risti
2234 4321 2437 4377 corpus
2458 4320 2567 4359 non
2589 4319 2710 4359 esse
2726 4302 2908 4358 Verbo
2925 4299 3420 4366 consubstantiale;
3441 4300 3587 4370 quod

319 4427 504 4464 τωσαν
550 4417 611 4443 ν·
663 4409 799 4460 ὅπου
833 4407 942 4478 γὰρ
1001 4407 1197 4469 ἓνωσις
1241 4406 1588 4477 ὀνομάζεται,
1645 4407 1742 4476 οὐχ
1785 4407 1903 4470 ἐνὸς

2006 4407 2051 4462 si
2087 4403 2269 4460 Verbo
2298 4397 2764 4456 consubstantiale
2805 4412 2917 4450 non
2949 4403 3053 4459 est,
3089 4395 3195 4448 alia
3236 4393 3460 4448 omnino
3502 4401 3588 4446 at-

320 4503 654 4574 πράγματος
727 4500 1051 4570 σημαίνεται
1113 4496 1363 4562 σύνοδος,
1436 4497 1550 4551 ἀλλ’
1601 4497 1634 4568 ἦ
1694 4497 1806 4563 δύο,
1864 4499 1898 4570 ἦ

322 4593 610 4658 πλειόνων,
659 4591 756 4645 καὶ
791 4590 1062 4662 διαφόρων
1089 4589 1340 4660 ἀλλήλοις
1372 4597 1398 4625 ι
1423 4589 1567 4644 κατὰ
1589 4589 1688 4661 τὴν
1719 4589 1900 4660 φύσιν.

321 4686 384 4738 Ei
410 4684 595 4738 τοίνυν
637 4683 866 4753 λέγομεν
907 4682 1124 4744 ἕνωσιν,
1163 4681 1559 4753 ὁμολογοῦμεν,
1590 4683 1670 4736 ὅτι
1703 4683 1906 4755 σαρκὸς

322 4776 685 4847 ὲψυχωμὲνης
728 4775 932 4846 νοερῶς
984 4773 1081 4828 καὶ
1139 4775 1338 4842 Λόγου·
1368 4775 1463 4828 καὶ
1505 4777 1553 4828 οἱ
1597 4774 1690 4828 δύο
1719 4774 1906 4844 λέγον-

323 4885 420 4930 τες
451 4867 658 4934 φύσεις,
702 4866 849 4919 οὕτω
881 4865 1084 4920 νοοῦσι.
1119 4865 1266 4937 Πλὴν
1307 4865 1406 4935 τῆς
1442 4865 1687 4930 ἐνώσεως
1711 4867 1904 4937 ὁμολο-

321 4957 621 5026 γουμένης,
667 4956 852 5010 οὐκέτι
899 4957 1201 5010 διίστανται
1233 4956 1479 5028 ἀλλήλων
1509 4957 1579 5012 τὰ
1611 4956 1900 5021 ἐνωθέντα,

325 5047 442 5100 ἀλλ’
477 5040 555 5111 εἷς
583 5047 768 5100 λοιπὸν
793 5046 944 5109 Υἱὸς,
980 5046 1078 5117 μία
1120 5047 1284 5116 φύσις
1331 5045 1524 5112 αὑτοῦ,
1565 5045 1640 5110 ὡς
1688 5061 1904 5114 σαρκω-

327 5138 512 5202 θὲντος
533 5138 629 5191 τοῦ
647 5139 841 5208 Λόγου.
865 5139 1054 5193 Ταῦτα
1081 5139 1442 5211 ὡμολόγησαν
1466 5141 1515 5193 οἱ
1547 5141 1610 5192 ἐκ
1636 5129 1733 5210 τῆς
1749 5139 1905 5192 Ἀνα-

330 5230 506 5301 τολῆςο
537 5231 586 5283 εί
619 5231 715 5284 καὶ
742 5231 874 5300 περὶ
904 5230 1003 5302 τὴν
1027 5231 1171 5298 λέξιν
1195 5231 1376 5300 ὀλίγον
1403 5231 1816 5301 ὲσκοτίσθησαν.
1842 5232 1905 5284 Οἱ

333 5321 437 5394 γὰρ
464 5321 857 5392 ὁμολογοῦντες
911 5323 994 5376 ὅτι
1034 5325 1063 5377 6
1093 5325 1159 5378 ὲκ
1209 5323 1344 5377 Θεοῦ
1380 5323 1594 5395 Πατρος
1625 5322 1907 5393 γεννηθεὶς

405 5480 445 5510 ³⁸
474 5479 628 5534 Joan.
656 5497 697 5544 ι,
729 5480 815 5534 Η.

2005 4517 2112 4571 que
2139 4499 2244 4553 alia
2270 4504 2466 4550 natura
2499 4493 2571 4549 sit
2604 4499 2840 4560 oportet,
2871 4505 2938 4543 ex
2965 4488 3165 4557 quibus
3189 4502 3332 4541 unus
3353 4501 3415 4540 ac
3439 4485 3591 4540 solus

2005 4591 2260 4647 Christus
2280 4587 2616 4642 constitutus
2639 4580 2983 4649 intelligitur.
3007 4578 3118 4632 Nec
3142 4575 3278 4630 illud
3298 4577 3548 4645 ignorent
3573 4593 3586 4628 :

2009 4683 2324 4749 ubicunque
2367 4676 2498 4731 unio
2541 4672 2878 4733 nominatur,
2920 4669 2996 4723 ibi
3029 4684 3138 4722 non
3173 4667 3336 4722 unius
3377 4673 3591 4720 tantum

2009 4775 2090 4830 rei
2131 4769 2576 4839 conjunctionem
2615 4761 2930 4834 significari,
2971 4759 3066 4814 sed
3097 4759 3180 4813 vel
3216 4759 3469 4822 duarum,
3501 4757 3589 4811 vel

2009 4865 2250 4937 plurium
2281 4872 2580 4926 earumque
2607 4853 2907 4909 secundum
2936 4859 3187 4905 naturam
3224 4849 3370 4902 inter
3391 4863 3448 4903 se
3479 4847 3587 4901 dif-

2002 4955 2318 5013 ferentium.
2357 4949 2414 5004 Si
2456 4948 2624 5018 igitur
2653 4946 2915 4999 unionem
2956 4941 3212 5005 dicimus,
3247 4939 3426 4994 carnis
3457 4953 3586 5009 pro-

2003 5050 2089 5105 cul
2117 5044 2287 5100 dubio
2320 5039 2660 5110 intelligente
2695 5035 2876 5090 anima
2895 5032 3137 5102 praedita:
3173 5046 3236 5086 ac
3262 5030 3427 5085 Ver-bi
3465 5044 3587 5084 eam

2003 5155 2124 5196 esse
2146 5135 2406 5192 unionem
2427 5131 2692 5192 fatemur;
2715 5134 2879 5195 atque
2902 5123 2977 5178 ita
2999 5121 3311 5192 intelligunt
3333 5119 3428 5190 qui
3447 5118 3588 5175 duas

2004 5241 2231 5288 naturas
2250 5227 2462 5283 dicunt.
2486 5218 2645 5292 135.
2660 5219 2911 5273 Attamen
2941 5213 3143 5268 unione
3171 5211 3340 5268 semel
3360 5212 3473 5283 jam
3499 5225 3586 5266 as-

2007 5330 2291 5386 scrta,non
2307 5314 2543 5386 amplius
2556 5327 2586 5367 a
2601 5325 2658 5366 se
2673 5312 2999 5378 separantur
3011 5319 3132 5376 quae
3147 5313 3275 5360 sunt
3291 5303 3445 5359 unita
3461 5299 3586 5357 :scd

1420 5592 1592 5647 Variae
1622 5591 1888 5649 lectiones
1907 5587 2114 5644 codicis
2143 5586 2504 5658 Seguieriani.

407 5709 594 5763 νΥίοῦ.
675 5715 698 5742 ³
742 5705 1199 5776 μεταεεεηκότος.
1283 5703 1300 5741 ⁸
1339 5703 1550 5768 αῦἏύς.
1627 5713 1655 5742 υ
1688 5704 1835 5770 Υἱός.
1913 5714 1935 5743 ν
1973 5701 2410 5778 μανθανέτωσαν.
2494 5707 2514 5734 ⁸
2548 5697 2699 5768 ἀλλή.
