4044 6212
474 239 580 294 227

1478 231 1533 288 S.
1575 228 1848 287 CYRILLI
1887 228 2358 285 ALEXANDRINI
2396 230 2712 287 ARCHIEP.

3621 224 3727 281 298

477 370 623 408 unus
644 354 755 424 jam
788 350 1001 407 exsistit
1021 350 1292 412 Christus,
1319 362 1535 414 unaque
1561 346 1733 416 ipsius
1758 354 1972 409 natura,
1992 355 2051 399 ut

2159 349 2453 418 μονογενὴς
2482 348 2673 416 Λόγος,
2701 347 2966 420 ἐγεννήθη
2992 348 3020 401 ὁ
3050 344 3211 413 αὐτὸς
3243 346 3339 402 καὶ
3377 346 3519 401 κατά
3548 347 3727 419 σάρκα

477 444 643 500 Verbi
673 443 934 498 nimirum
963 438 1245 494 incarnati.
1278 438 1403 492 Haec
1433 437 1667 492 confessi
1706 446 1835 492 sunt
1857 437 2049 493 Orien-

388 524 402 549 γ’
477 536 634 599 tales,
676 534 925 603 quamvis
952 530 1137 585 verbis
1169 530 1448 597 aliquanto
1488 528 1903 584 obscurioribus
1943 530 2047 584 usi.

476 626 577 691 Qui
602 612 747 678 enim
773 622 1125 687 conﬁtentur,
1151 621 1285 675 illud
1309 635 1376 675 ex
1400 621 1512 675 Deo
1537 621 1696 676 Patre
1718 630 1907 676 natum
1933 621 2054 676 uni-

472 717 721 788 genitum
744 716 1005 778 Verbum,
1038 714 1180 768 idem
1210 715 1376 768 etiam
1407 714 1709 768 secundum
1737 730 1959 770 carnem
1986 731 2053 770 ex

474 808 705 862 muliere
732 814 919 861 natum
943 822 1096 872 esse;
1131 815 1186 860 et
1216 815 1457 862 sanctam
1482 807 1759 877 Virginem
1785 808 1881 863 Dei
1904 808 2055 879 geni-

474 900 690 963 tricem,
714 908 770 953 et
794 915 957 952 unam
979 913 1100 953 esse
1128 897 1332 954 Christi
1356 908 1752 968 personam,-et
1772 914 1883 953 non
1915 900 2055 955 duos

475 991 662 1054 Filios,
684 1004 791 1044 nec
830 989 970 1044 duos
990 988 1256 1053 Christos,
1284 989 1379 1044 sed
1422 1005 1595 1043 unum
1637 998 1845 1045 tantum
1873 1007 1886 1043 :
1910 1006 2052 1060 quo-
2097 1042 2103 1049 .

473 1081 639 1134 modo
666 1080 905 1136 Nestorii
948 1080 1302 1150 Opinionibus
1341 1080 1726 1135 consentiunt?
1767 1081 2054 1136 Nestorius

473 1170 620 1225 enim
659 1170 712 1223 in
741 1170 855 1224 suis
876 1169 1311 1239 expositionibus
1335 1170 1557 1223 simulat
1581 1186 1639 1225 se
1672 1170 1859 1225 dicere
1884 1186 2053 1225 unum

474 1268 689 1315 tantum
731 1261 961 1325 Filium,
1005 1269 1062 1315 et
1101 1276 1270 1314 unum
1314 1261 1492 1314 solum
1524 1261 1826 1326 Dominum
1872 1277 1992 1316 csse
2038 1280 2050 1316 :

474 1354 571 1408 sed
619 1353 937 1407 ﬁliationem
965 1369 1029 1407 ac
1052 1352 1478 1408 dominationem
1503 1352 1569 1407 ad
1601 1353 1777 1407 solum
1802 1353 1899 1407 Dei
1925 1354 2056 1409 Ver-

474 1442 605 1496 bum
629 1443 812 1497 refert.
839 1442 908 1496 At
930 1442 1025 1497 ubi
1049 1442 1114 1496 ad
1140 1442 1563 1512 dispensationis
1582 1444 1901 1514 mysterium
1925 1460 2056 1499 ven-

475 1541 591 1588 tum
623 1545 725 1599 est,
754 1549 947 1588 rursus
972 1541 1033 1587 ut
1062 1534 1231 1587 alium
1270 1534 1560 1588 Dominum
1605 1534 1833 1589 seorsim
1874 1534 2053 1589 homi-

474 1641 600 1680 nem
635 1627 768 1681 dicit
790 1641 859 1679 ex
880 1625 1110 1680 muliere
1138 1633 1349 1691 natum,
1377 1625 1471 1694 qui
1494 1627 1606 1679 sola
1629 1626 1854 1696 aequalis
1876 1626 2054 1680 hono-

476 1718 555 1772 ris
592 1718 856 1788 dignitate
899 1718 1225 1787 conjunctus
1259 1718 1331 1773 sit
1366 1712 1564 1773 Verbo.
1600 1716 2053 1787 Quandoquidem

475 1806 661 1862 dicere
703 1808 799 1861 Dei
824 1808 1064 1862 Verbum
1104 1808 1176 1862 ob
1208 1808 1262 1861 id
1291 1808 1570 1863 Christum
1600 1808 1871 1862 nominari
1909 1808 2056 1878 quod

475 1916 601 1955 cum
628 1900 1325 1970 Christo-conjunctionem
1360 1900 1579 1963 habeat,
1612 1900 1743 1970 quid
1787 1900 1936 1954 aliud
1976 1908 2059 1955 est

474 1990 639 2059 quam
667 1991 813 2045 clare
836 2005 1085 2045 asserere
1109 1990 1249 2044 duos
1279 2005 1402 2045 esse
1440 1989 1711 2054 Christos,
1738 1991 1783 2045 si
1806 1990 2059 2045 Christus

475 2099 601 2138 cum
624 2082 842 2137 Christo
866 2082 1310 2153 conjunctionem
1332 2082 1520 2146 habet,
1544 2090 1605 2137 ut
1627 2083 1767 2137 alius
1793 2083 2056 2138 nimirum

474 2190 600 2229 cum
627 2174 771 2228 alio?
798 2174 868 2228 At
891 2190 1023 2228 vero
1055 2172 1360 2228 Orientales
1384 2173 1519 2227 nihil
1548 2174 1818 2244 ejusmodi
1846 2174 2057 2246 dicunt,

474 2267 652 2321 solum
678 2274 860 2320 autem
884 2280 1049 2319 voces
1072 2265 1412 2320 discernunt.
1435 2265 1767 2319 Discernunt
1790 2276 1972 2321 autem
1990 2266 2057 2320 ad

476 2373 603 2411 eum
638 2357 861 2411 modum
883 2397 897 2421 ,
931 2365 991 2410 ut
1025 2356 1158 2410 alias
1196 2356 1419 2425 quidem
1445 2355 1743 2421 divinitati,
1768 2357 1900 2411 alias
1928 2372 2057 2411 vero

476 2448 829 2513 humanitati,
847 2449 983 2502 alias
1006 2455 1188 2502 autem
1210 2448 1430 2517 utrique
1460 2449 1829 2502 communiter
1853 2463 2057 2502 conve-

476 2542 597 2596 nire
614 2542 821 2605 dicant,
850 2542 995 2611 quod
1013 2542 1177 2596 simul
1204 2528 1443 2595 habeant
1466 2541 1615 2610 quod
1636 2541 1749 2595 Deo
1769 2548 1826 2595 et
1848 2540 2057 2594 homini

475 2634 785 2698 conveniat,
802 2635 875 2686 ita
900 2641 1103 2698 tamen,
1122 2640 1185 2687 ut
1198 2647 1391 2686 omnes
1409 2632 1477 2686 de
1494 2647 1601 2685 una
1618 2631 1919 2700 eademque
1935 2645 2074 2700 per-‘

475 2737 609 2777 sona
633 2723 904 2777 dicantur.
929 2722 997 2778 At
1025 2738 1133 2777 non
1160 2722 1235 2776 ita
1259 2720 1571 2786 Nestorius,
1600 2722 1693 2790 qui
1725 2721 1861 2775 alias
1876 2721 2058 2776 Verbo

476 2813 574 2869 Dei
599 2814 1003 2878 seorsim,alias
1024 2829 1156 2869 vero
1173 2814 1251 2867 illi
1284 2813 1512 2868 ascribit
1537 2829 1605 2868 ex
1637 2813 1876 2869 muliere
1903 2821 2054 2878 nato,

479 2912 737 2975 tanquam
750 2905 907 2959 alteri
922 2905 1243 2959 Filio.Aliud
1259 2914 1441 2959 autem
1457 2914 1541 2959 est
1555 2921 1749 2960 vocum
1764 2920 2057 2976 agnoscere

478 2995 887 3060 differentiam;
924 2995 1074 3049 aliud
1108 3011 1328 3050 rursum
1363 2996 1579 3050 duabus
1619 2996 1892 3066 personis,
1938 3006 2057 3050 tan-
2086 3025 2128 3082 ο

478 3100 642 3153 quam
662 3085 819 3138 alteri
834 3093 889 3140 et
909 3086 1092 3150 alteri,
1107 3085 1429 3142 dill'erentes
1444 3086 1857 3141 accommodare
1873 3102 2056 3141 voces.

480 3177 725 3246 Epistola
770 3192 904 3231 vero
946 3177 1011 3232 ad
1039 3178 1295 3233 Acacium
1330 3178 1627 3248 praecipue,
1658 3180 1813 3250 cujus
1840 3179 2059 3232 initium

478 3273 564 3320 est
590 3284 601 3318 :
636 3286 653 3316 ι
674 3267 783 3321 Res
805 3282 933 3321 sane
955 3267 1131 3323 dulcis
1149 3276 1204 3322 et
1225 3269 1676 3323 commendabilis
1693 3277 1779 3323 est
1798 3268 2061 3325 fratribus

480 3360 656 3412 amica
689 3358 968 3422 salutatio,
1010 3377 1027 3410 ι
1061 3359 1223 3429 plene
1256 3359 1324 3414 de
1361 3360 1446 3413 his
1476 3360 1733 3416 omnibus
1774 3360 2056 3415 satisfacit.

480 3448 662 3504 Habes
679 3457 735 3503 et
763 3449 1029 3518 plurimas
1051 3466 1270 3521 quoque
1293 3451 1553 3521 epistolas
1576 3452 1631 3506 in
1656 3454 1898 3523 capsula,
1925 3468 2063 3522 quas

480 3540 725 3595 studiose
769 3541 987 3596 tradere
1031 3541 1236 3596 debes:
1263 3542 1401 3597 oll‘er
1436 3545 1601 3598 etiam
1632 3544 2060 3615 magnificentis-

478 3631 620 3686 simo
659 3632 952 3701 praeposito
991 3632 1131 3687 duos
1157 3633 1372 3689 libellos
1404 3650 1544 3704 quos
1570 3636 1637 3690 ad
1681 3636 1835 3691 illum
1879 3637 2001 3692 misi
2044 3657 2056 3691 :

480 3724 714 3778 alterum
744 3732 935 3779 contra
958 3724 1195 3779 Nestorii
1221 3725 1590 3795 blasphemias
1614 3728 1901 3799 scriptum,
1930 3730 2063 3784 alte-

482 3830 605 3868 rum
641 3823 760 3868 aeta
800 3816 990 3886 synodi
1021 3824 1210 3871 contra
1235 3816 1567 3883 Nestorium,
1594 3818 1949 3887 ejusdemque
1972 3836 2059 3873 as-

482 3906 676 3969 seclas,
710 3907 1183 3976 complectentem,
1209 3916 1264 3962 et
1299 3909 1676 3975 refutationes,
1703 3926 1839 3979 quas
1872 3919 2061 3965 contra

481 3997 757 4052 Andream
796 4006 852 4053 et
890 3998 1294 4054 Theodoretum
1330 4001 1635 4071 episcopos,
1668 4002 1763 4072 qui
1800 4001 2062 4057 adversus

481 4090 661 4159 capita
684 4090 1043 4159 scripserunt,
1082 4090 1249 4145 edidi.
1286 4092 1681 4162 Complectitur
1703 4102 1884 4147 autem
1916 4095 2059 4147 idem

480 4180 702 4233 libellus
741 4180 843 4233 sub
886 4179 1047 4234 linem
1090 4180 1287 4234 breves
1319 4181 1583 4251 quasdam
1617 4182 1773 4252 135
1800 4182 1868 4237 de
1899 4181 2062 4237 Chri-

480 4270 550 4325 sti
599 4270 1007 4339 dispensatione
1062 4271 1472 4341 expositiones,
1514 4289 1717 4343 easque
1760 4274 1934 4329 bonas
1967 4274 2062 4329 ad-

2153 442 2217 492 ὲκ
2243 441 2524 508 γυναικὸς,
2550 443 2643 494 καὶ
2664 443 2742 495 ὅτι
2766 441 3027 505 Θεοτόιιος
3047 441 3196 495 ἐστὶν
3216 442 3251 510 ὴ
3279 440 3411 508 ἁγία
3430 438 3727 511 Παρθένος,

2155 532 2248 585 καὶ
2270 532 2352 585 ὅτι
2376 532 2434 585 ἓν
2454 533 2620 586 αὐτοῦ
2652 533 2713 586 τὸ
2744 534 3055 602 πρόσωπον,
3074 532 3170 587 καὶ
3187 533 3266 585 ὅτι
3291 532 3351 585 οὐ
3389 531 3483 585 δύο
3506 532 3646 593 Υἱοὶ,
3670 531 3729 583 οὔ

2153 623 2246 677 δύο
2262 626 2507 695 Χριστοὶ,
2526 625 2640 678 ἀλλ’
2664 618 2889 688 εἷς,πῶς
2902 627 3022 688 ταῖς
3036 623 3333 694 Νεπορίου
3361 624 3732 694 συμφέρονται

2154 716 2367 783 δόξαις;
2412 716 2706 787 Νεπόριος
2737 717 2835 789 μὲν
2858 717 2965 787 γὰρ
2987 718 3045 769 ὲν
3073 719 3192 778 ταῖς
3215 714 3408 769 ἑαυτοῦ
3440 715 3736 785 ἐξηγήσεσι

2156 810 2534 879 προσποιεῖται
2588 789 2767 877 λέγειν
2803 811 2884 863 ὅτι
2934 808 3062 871 Υίὸς
3105 803 3207 871 εἷς,
3243 806 3334 861 καὶ
3383 802 3462 870 εἷς
3496 806 3732 877 Κύριος’

2155 899 2292 954 ἀλλὰ
2322 899 2583 970 ἀναφέρει
2625 900 2724 967 τὴν
2759 900 2983 970 υίότητα
3034 899 3129 952 καὶ
3167 898 3265 970 τὴν
3303 898 3599 969 κυριότητα
3640 897 3732 950 ἐπὶ

2160 992 2318 1061 μόνον
2370 991 2462 1044 τὸν
2515 993 2608 1043 τοῦ
2658 990 2792 1044 Θεοῦ
2844 991 3037 1059 Λόγον.
3062 991 3231 1045 Ὅταν
3263 989 3319 1042 δὲ
3349 988 3478 1061 ἔλθῃ
3525 990 3604 1053 είς
3634 988 3737 1060 τὴν

2155 1080 2489 1151 οἰκονομίαν,
2519 1080 2701 1141 πάλιν.
2747 1081 2822 1143 ὡς
2854 1080 3041 1151 ἕτερον
3073 1079 3298 1149 Κύριον,
3328 1079 3419 1131 τὸν
3447 1081 3511 1131 ὲκ
3540 1095 3736 1147 γυναι-

2157 1173 2252 1235 κὸς
2304 1171 2408 1241 ἰδίᾳ
2460 1171 2747 1243 ἄνθρωπόν
2780 1189 2935 1241 φησι,
2972 1171 3312 1241 συναφθέντα
3356 1174 3422 1241 τῇ
3469 1168 3595 1240 ἀξίᾳ
3632 1170 3737 1240 τῆς

2160 1263 2453 1332 ἰσοτιμίας.
2496 1263 2569 1315 Τὸ
2593 1262 2699 1331 γὰρ
2734 1262 2914 1330 λέγειν
2962 1264 3042 1316 ὃτι
3082 1263 3170 1316 διὰ
3202 1260 3359 1314 τοῦτο
3396 1263 3424 1314 ὁ
3470 1260 3601 1324 Θεὸς
3628 1262 3736 1314 Λό-

2156 1369 2253 1421 γος
2285 1352 2519 1424 Χριστὸς
2546 1352 2892 1424 ὀνομάζεται,
2922 1353 3003 1405 ὅτι
3045 1351 3159 1423 ἔχει
3187 1352 3286 1421 τὴν
3315 1351 3606 1419 συνάφειαν
3632 1350 3736 1423 τὴν

2158 1444 2295 1515 πρὸς
2324 1444 2417 1499 τὸν
2444 1444 2703 1519 Χριστὸν,
2735 1444 2853 1507 πῶς
2895 1445 2993 1497 οὐκ
3037 1444 3264 1514 ἐναργές
3292 1446 3407 1497 ἐστι
3434 1443 3526 1496 δύο
3554 1443 3737 1512 λέγειν

2156 1536 2446 1603 Χριστοὺς,
2477 1536 2526 1588 εί
2575 1535 2809 1606 Χριστὸς
2842 1534 2978 1605 πρὸς
3016 1534 3250 1606 Χριστὸν
3273 1534 3383 1604 ἔχει
3414 1535 3734 1604 συνάφειαν,

2156 1626 2232 1688 ὡς
2265 1625 2424 1689 ἄλλος
2450 1626 2586 1697 πρὸς
2620 1625 2813 1692 Nov;
2850 1628 2913 1679 Οί
2947 1626 3003 1679 δὲ
3040 1627 3105 1680 ὲκ
3137 1625 3237 1695 τῆς
3266 1625 3553 1696 ’Δνατολῆς
3580 1626 3737 1681 οὐδὲν

2158 1716 2414 1787 εἰρήκασι
2446 1716 2708 1780 τοιοῦτον,
2740 1716 2837 1779 τὰς
2868 1716 2925 1769 δὲ
2956 1716 3139 1786 φωνὰς
3170 1716 3438 1789 διαιροῦσι
3476 1718 3643 1788 μόνας
3679 1725 3733 1771 ἵ.

2158 1806 2437 1879 Διαιροῦσι
2481 1808 2539 1862 δὲ
2586 1808 2727 1863 κατὰ
2770 1808 2956 1862 τοῦτον
2988 1808 3078 1862 τὸν
3115 1808 3337 1879 τρόπον,
3382 1809 3458 1875 ὼς
3501 1808 3601 1872 τὰς
3633 1809 3738 1879 μὲν

2160 1898 2484 1971 θεοπρεπεῖς
2522 1895 2663 1954 εἶναι
2695 1899 2895 1967 λέγειν,
2924 1900 3024 1962 τάς
3069 1900 3126 1952 δὲ
3154 1899 3519 1971 ἀνθρωπίνας,
3551 1900 3647 1963 τὰς
3676 1899 3739 1952 δὲ

2159 1977 2654 2061 κοινοποιηθείσας,
2681 1992 2758 2056 ὡς
2784 1991 3015 2061 ἐχούσας
3043 1990 3179 2061 ὁμοῦ
3209 1992 3302 2045 καὶ
3325 1990 3386 2044 τὸ
3412 1990 3737 2063 θεοπρεπὲς,

2159 2082 2340 2136 καὶτὸ
2366 2082 2729 2153 ἀνθρώπινον,
2776 2083 2914 2152 πλὴν
2959 2083 3256 2154 εἰρημένας
3287 2083 3417 2155 περὶ
3462 2082 3597 2147 ἑνὸς,
3642 2081 3740 2135 καὶ

2159 2172 2252 2227 τοῦ
2282 2173 2470 2239 αὐτοῦ,
2497 2175 2592 2227 καὶ
2643 2173 2741 2245 οὐχ
2787 2174 2860 2237 ὡς
2904 2173 3198 2244 Νεστόριος
3227 2172 3324 2235 τὰς
3360 2172 3460 2242 μὲν
3494 2171 3571 2241 τῷ
3615 2170 3741 2241 Θεῷ

2159 2265 2319 2336 Λόγῳ
2356 2265 2537 2329 ίδικῶς
2578 2266 2861 2336 ἀπονέμει,
2900 2264 2999 2327 τὰς
3043 2264 3099 2317 δὲ
3132 2263 3208 2333 τῷ
3250 2265 3312 2316 ὲκ
3342 2263 3618 2331 γυναικὸς,
3660 2262 3742 2325 ὡς

2160 2356 2332 2426 ἑτέρῳ
2362 2357 2495 2428 Υίῷ.
2526 2357 2751 2429 Ἕτερον
2791 2356 2847 2410 δέ
2896 2357 3013 2408 ἐστι
3046 2354 3107 2407 τὸ
3147 2355 3338 2424 φωνῶν
3369 2355 3570 2407 εἰδέναι
3619 2353 3741 2407 δια-

2160 2447 2355 2517 φορὰν,
2396 2448 2490 2499 καὶ
2525 2447 2710 2515 ἕτερον
2751 2447 2814 2499 τὸ
2861 2445 3106 2517 μερίζειν
3158 2444 3250 2497 δύο
3296 2444 3632 2516 προσώποις,
3660 2445 3743 2508 ὡς

2160 2538 2349 2610 ἑτέρῳ,
2398 2540 2490 2592 καὶ
2535 2540 2725 2609 ἑτέρῳ.
2759 2540 2820 2590 Ἠ
2862 2538 2917 2591 δὲ
2958 2536 3217 2607 ἐπιστολὴ
3244 2539 3277 2607 ἡ
3316 2536 3451 2606 πρὸς
3485 2535 3744 2589 Ἀκάκιον

2163 2630 2419 2699 μάλιστα,
2446 2627 2512 2703 ἧς
2547 2632 2580 2702 ἡ
2614 2632 2781 2702 ἀρχή·
2826 2649 2843 2681 ι
2878 2629 3087 2700 Χρῆμα
3120 2629 3219 2701 μὲν
3247 2627 3500 2697 ἀδελφοῖς
3522 2628 3553 2698 ἡ
3576 2627 3747 2697 πρόσ-

2162 2737 2318 2789 ρησις
2346 2720 2519 2788 γλυκύ
2566 2738 2624 2774 τε
2665 2722 2758 2773 καὶ
2788 2719 3138 2788 ἀξιάγαστον,
3178 2738 3195 2770 ι
3235 2719 3408 2788 καλὴν
3442 2716 3743 2786 ἀπολογίαν

2160 2812 2273 2881 ἔχει
2312 2813 2443 2884 περὶ
2487 2814 2725 2867 πάντων.
2752 2812 2937 2882 Ἔχεις
2965 2811 3023 2864 δὲ
3056 2810 3314 2873 πλείστας
3360 2809 3646 2872 ἐπιστολὰς
3679 2810 3744 2864 ὲν

2159 2904 2237 2975 τῷ
2292 2904 2664 2975 γλωσσοκόμῳ
2700 2914 2745 2941 π’
2792 2902 2858 2966 ἀς
2888 2901 3123 2971 ὀφείλεις
3173 2900 3471 2964 σπουδαίως
3525 2898 3745 2953 ἐπιδοῦ-

2161 3014 2288 3050 ναι·
2338 2997 2656 3067 προσάγαγε
2690 2996 2747 3049 δὲ
2780 2996 2857 3067 τῷ
2894 2994 3398 3068 μεγαπρεπεστάτῳ
3429 3005 3455 3034 ι
3502 3008 3745 3062 πραιπο-

2164 3088 2316 3157 σίτῳ,
2343 3088 2438 3141 καὶ
2476 3088 2543 3140 τὰ
2585 3087 2958 3141 ἀποσταλέντα
2996 3088 3126 3157 παρ’
3158 3084 3292 3156 ἐμοῦ
3323 3083 3417 3137 δύο
3451 3082 3654 3154 βιϐλία,
3682 3083 3745 3136 ἓν

2167 3180 2284 3250 μὲν,
2348 3178 2488 3232 κατά
2538 3162 2645 3231 τῶν
2690 3177 2987 3249 Νεστορίου
3042 3176 3384 3246 δυσφημιῶν,
3436 3174 3622 3245 ἕτερον
3679 3173 3743 3227 δὲ

2164 3272 2286 3343 ἔχον
2320 3271 2388 3325 τὰ
2416 3272 2475 3324 ὲν
2504 3274 2568 3341 τῇ
2602 3271 2803 3341 συνόδῳ
2832 3269 3198 3341 πεπραγμένα
3244 3266 3386 3321 κατὰ
3438 3265 3741 3336 Νεστορίου

2163 3367 2257 3421 καὶ
2275 3365 2382 3418 τῶν
2411 3364 2477 3418 τά
2504 3364 2669 3416 αὐτοῦ
2711 3361 3072 3435 φρονούντων,
3102 3362 3194 3414 καὶ¹
3228 3360 3576 3431 ἀντιρρήσεις
3604 3360 3740 3429 παρ’

2162 3456 2299 3529 ἐμοῦ
2333 3456 2722 3527 γεγραμμένας
2749 3457 2777 3495 δ
2814 3455 2948 3525 πρὸς
2973 3455 3098 3518 τοὺς
3122 3452 3439 3524 γράψαντας
3466 3450 3607 3505 κατά
3630 3450 3745 3504 τῶν

2163 3549 2496 3618 κεφαλαίωνο
2543 3547 2637 3601 δύο
2687 3547 2743 3600 δέ
2800 3549 2937 3600 εἰσιν
2989 3545 3306 3606 ἐπίσκοποι,
3346 3543 3604 3614 Ἀνδρέας
3650 3543 3747 3595 καὶ

2162 3640 2522 3712 Θεοδὼρητος.
2575 3641 2730 3709 Ἔχει
2764 3639 2819 3693 δὲ
2855 3641 2946 3692 ἐπὶ
2980 3638 3121 3694 τέλει
3158 3638 3219 3691 τὸ
3252 3637 3386 3690 αὐτὸ
3417 3635 3620 3705 βιϐλίον
3646 3636 3745 3688 καὶ

2164 3732 2463 3802 συντόμους
2493 3730 2739 3794 ἐκθέσεις
2772 3731 2899 3801 περὶ
2949 3730 3048 3802 τῆς
3088 3730 3229 3783 κατά
3265 3728 3501 3801 Χριστὸν
3531 3729 3743 3780 οἰκονο-

2166 3824 2314 3893 μίας.
2349 3822 2552 3892 σφόδρα
2578 3822 2768 3885 καλὰς,
2793 3821 2887 3874 καὶ
2914 3820 3193 3891 ὠφελῆσαι
3223 3819 3544 3889 δυναμένας.
3568 3819 3746 3887 Προσ-

2164 3912 2338 3980 ἀγαγε
2366 3912 2421 3964 δὲ
2449 3911 2649 3981 ὁμοίως
2677 3911 2823 3981 αὐτῷ
2868 3912 2930 3963 ὲκ
2980 3910 3085 3963 τῶν
3129 3908 3368 3978 ἐχουσῶν
3396 3908 3571 3977 δέρμα
3616 3907 3743 3958 ἐπι·-

2164 4003 2356 4066 στολὰς
2380 4002 2562 4067 πέντε,
2595 4002 2724 4072 μίαν
2755 4001 2852 4072 μὲν
2884 4000 2977 4054 τοῦ
3012 4000 3279 4073 μακαρίου
3325 4001 3482 4052 πάπα
3513 3997 3745 4051 Ἀθανα-

2164 4096 2280 4148 σίου
2339 4094 2473 4163 πρὸς
2521 4094 2863 4162 Ἐπίκτητον,
2931 4094 3026 4146 καὶ
3090 4092 3257 4161 ἀλλην
3308 4091 3445 4163 πρὸς
3479 4090 3738 4160 Ἰωάννην

2163 4186 2294 4255 παρ’
2323 4182 2500 4255 ἡμῶν,
2536 4183 2629 4236 καὶ
2664 4183 2800 4254 πρὸς
2840 4184 3135 4255 Νεστόριον
3166 4184 3279 4247 δύο,
3322 4181 3453 4252 μίαν
3496 4180 3594 4251 τὴν
3643 4196 3739 4248 μιο

2162 4276 2325 4344 κράν,
2376 4274 2469 4328 καὶ
2509 4274 2638 4343 μίαν
2675 4274 2773 4344 τὴν
2823 4275 3089 4345 μεγάλην,
3130 4274 3224 4327 καὶ
3255 4272 3355 4344 τὴν
3402 4270 3538 4342 πρὸς
3571 4268 3735 4321 Ἀκά-

479 4361 706 4415 modum
763 4370 820 4416 et
871 4362 1051 4417 utiles.
1101 4362 1249 4417 Oll‘er
1291 4365 1341 4418 ei
1393 4365 1643 4419 similiter
1678 4380 1747 4420 ex
1790 4365 1900 4421 illis
1940 4382 2059 4437 qua:

2165 4385 2300 4422 κιον.
2327 4366 2506 4430 Αὑτάς
2540 4376 2563 4404 ο
2596 4366 2702 4438 γὰρ
2724 4366 2954 4437 ἐζήτησε
2982 4368 3110 4437 παρ’
3135 4364 3311 4436 ἡμῶν.

479 4453 651 4521 corio:
672 4453 923 4510 obducta;
953 4464 1100 4520 sunt,
1132 4456 1374 4527 quinque
1408 4458 1705 4527 epistolas:
1732 4474 1894 4513 unam
1930 4460 2074 4516 beati
2112 4476 2264 4532 papas
2291 4460 2573 4515 Athanasii
2614 4458 2682 4514 ad
2708 4458 3047 4529 Epictetum;
3094 4458 3323 4512 alteram
3364 4467 3560 4517 meam,
3588 4451 3739 4505 illam

477 4547 737 4605 videlicet
768 4566 932 4620 quam
958 4551 1026 4605 ad
1058 4551 1321 4607 Joannem
1346 4553 1673 4622 perscripsi;
1699 4569 1919 4607 rursum
1960 4554 2096 4608 duas
2128 4569 2296 4620 meas,
2325 4570 2462 4624 quas
2497 4554 2564 4608 ad
2586 4553 2899 4608 Nestorium
2924 4552 3074 4616 misi;
3101 4553 3350 4622 exiguam
3378 4562 3562 4613 unam,
3604 4559 3739 4617 pro-

478 4639 643 4697 lixam
680 4642 940 4709 alteram;
1000 4643 1237 4714 denique
1268 4644 1414 4699 illam
1438 4660 1559 4715 quae
1613 4655 1697 4702 est
1734 4648 1802 4702 ad
1865 4648 2146 4702 Acacium.
2180 4648 2315 4702 Nam
2348 4648 2480 4703 istas
2506 4663 2698 4703 omnes
2726 4662 2755 4701 a
2780 4645 2938 4700 nobis
2961 4644 3139 4715 petiit.

1602 4865 1936 4922 EPISTOLA
1976 4866 2114 4927 XLV
2160 4869 2254 4942 (ol.
2294 4867 2607 4935 XXXVI“).

1770 4997 1833 5034 AD
1861 4995 2159 5041 SUCCENSUII
2184 4997 2466 5039 EPISCOPUM
2476 5022 2487 5035 .

478 5085 731 5155 Ejusdem
752 5082 937 5155 Cyrilli
954 5086 1023 5140 ad
1049 5085 1363 5140 Succensum
1379 5087 1677 5209 episcopum
1698 5089 2045 5149 Diocazsarea

658 5155 970 5209 lsauriensis
996 5158 1273 5209 provincia:
1302 5156 1524 5209 enistola
1580 5174 1598 5194 -
1628 5158 1704 5209 De
1726 5160 1845 5209 ﬁde.

658 5155 970 5211 lsauriensis
995 5158 1273 5228 provincia:
1302 5155 1524 5226 epistola
1544 5155 1598 5209 l-
1628 5158 1704 5211 De
1723 5160 1845 5227 ﬁde.

550 5382 764 5451 Perlegi
813 5384 1294 5438 commonitorium
1348 5386 1493 5455 quod
1537 5403 1566 5441 a
1606 5394 1700 5442 tua
1748 5388 2047 5443 sanctitate

2163 5121 2275 5178 Τοῦ
2319 5117 2505 5173 αὑτοῦ
2532 5114 2699 5185 ’πρὸς
2749 5132 2851 5169 τον
2894 5117 3341 5185 μακαριώτατον
3391 5116 3737 5171 Σούκενσον

2226 5190 2566 5242 ἐπίσκοπον
2616 5186 2726 5251 τῆς
2781 5188 3217 5255 Διοκαισαρέων
3264 5185 3375 5253 τῆς
3402 5187 3564 5239 κατὰ
3617 5187 3737 5253 τὴν

2242 5260 2519 5325 Ἰσαύρων
2547 5256 2861 5325 ἐπαρχίαν,
2887 5256 3026 5323 Περὶ
3056 5256 3312 5321 πίστεως
3342 5262 3413 5308 α’.

2242 5386 2522 5459 Ἐνέτυχον
2559 5386 2657 5458 μὲν
2681 5387 2764 5457 τῷ
2790 5386 3185 5458 ὑπομνηστικῷ
3211 5386 3288 5457 τῷ
3321 5389 3471 5460 παρὰ
3499 5387 3598 5456 τῆς
3628 5386 3733 5455 σῆς

475 5469 745 5525 directum
774 5480 876 5536 est,
899 5479 955 5525 et
990 5473 1147 5526 valde
1177 5475 1394 5542 gavisus
1419 5491 1539 5530 sum
1578 5477 1749 5546 quod,
1783 5492 1907 5532 cum
1933 5478 2049 5547 ipse

2159 5477 2431 5559 ὁσιότητος
2473 5478 2867 5543 ἀποσταλέντι,
2918 5479 3093 5550 ἥσθην
3141 5480 3195 5533 δὲ
3243 5481 3383 5549 ἄγαν
3424 5484 3504 5535 ὅτι
3553 5480 3731 5537 καίτοι

1566 5634 1738 5689 Variae
1762 5633 2028 5690 lectiones
2056 5632 2268 5688 codicis
2303 5632 2664 5705 Seguieriani.

542 5751 570 5791 1
600 5742 775 5814 μόνον.
840 5753 877 5819 ,ι
904 5745 1155 5811 τοιαύτας
1186 5748 1243 5803 ὲν
1282 5748 1721 5820 γλωσσοκομείῳ.
1797 5763 1822 5791 ι
1850 5748 1926 5820 τῷ
1957 5736 2542 5821 μεγαλοπρεπεστάτῃ).
2620 5751 2646 5789 δ
2678 5750 2987 5821 γενομένας.

3075 5760 3096 5788 ε
3126 5748 3318 5803 ταῦτα.
