4044 6212
310 275 416 331 2⁵29

1662 274 1997 332 EPISTOLA
2035 277 2193 334 XLV.

3465 283 3570 340 2'50

303 394 608 467 δυνάμενος
637 393 786 463 ἡμᾶς
831 407 891 444 τε
927 391 1022 446 καὶ
1055 390 1276 461 ἑτέρους
1320 389 1550 459 ὠφελεῖν
1583 391 1649 445 ὲκ
1681 392 1882 463 πολλῆς

1991 402 2079 449 tua
2105 396 2304 467 insigni
2333 397 2581 452 doctrina
2615 398 2792 468 possis
2807 409 2863 454 et
2897 399 3061 455 nobis
3107 409 3163 455 et
3201 400 3416 457 ezeteris
3441 416 3569 473 pro-

307 490 450 554 Ξγαν
484 484 829 556 φιλομαθίας,
862 483 1193 556 προτρέπειν
1223 482 1393 548 ἀξιοῖς
1420 482 1456 538 δι
1495 484 1577 547 είς
1607 483 1732 538 νοῦν
1767 483 1888 555 έχο-

304 598 434 649 μεν,
468 579 557 632 καί
581 596 637 630 σε
666 579 885 647 φρονεῖν
906 574 1510 646 ὑπειλήφαμενλταῦτα
1534 576 1628 630 καὶ
1656 575 1884 644 γράψαι.

301 667 614 737 Φρονοῦμεν
635 665 818 717 τοίνυν
857 663 988 734 περὶ
1018 662 1120 732 τῆς
1152 660 1248 714 τοῦ
1275 661 1530 731 Σωτῆρος
1565 661 1721 732 ἡμῶν
1747 660 1888 711 οίκοο

306 760 522 829 νομίας,
556 757 593 810 ἀ
616 758 714 811 καὶ
741 756 791 808 οἱ
823 755 930 826 πρὸ
959 754 1117 826 ἡμῶν
1145 753 1288 822 ἅγιοι
1311 753 1571 825 Πατέρες.
1611 749 1886 818 Ἀναγνόν·

307 868 396 910 τες
437 851 549 921 γὰρ
591 850 720 911 τοὺς
759 847 984 901 ἐκείνων
1023 846 1218 909 πόνους
1239 887 1252 909 ,
1287 845 1380 899 τὸν
1407 843 1615 898 ἑαυτῶν
1640 843 1764 897 νοῦν
1790 861 1889 896 κα-

298 941 743 1012 ταρυθμίζομεν,
772 939 913 992 ὥστε
943 937 1175 990 κατόπιν
1204 935 1384 990 αὐτῶν
1414 937 1570 1000 ξέναι,
1599 935 1694 987 καὶ
1724 933 1888 1004 μηδὲν

295 1038 361 1104 τῇ
418 1033 534 1085 τῶν
589 1031 878 1101 δογμάτων
937 1028 1190 1099 ὀρθότητι
1243 1026 1430 1080 καινὸν
1500 1025 1887 1096 ὲπεισφρῆσαι.

307 1123 536 1194 Ἐπειδὴ
575 1121 633 1174 δὲ
669 1122 703 1191 ἡ
753 1120 821 1190 σὴ
869 1117 1145 1187 τελειότης
1186 1115 1608 1171 διαπυνθάνεται
1659 1115 1888 1185 πότερον

292 1215 400 1284 χρὴ
420 1213 609 1280 λέγειν
637 1211 728 1263 ἐπὶ
758 1209 990 1280 Χριστοῦ
1021 1208 1111 1261 δύο
1132 1207 1344 1277 φύσεις,
1379 1207 1410 1278 ἢ
1445 1207 1540 1277 μὴ,
1570 1207 1678 1259 δεῖν
1703 1204 1915 1287 ᾠήθη-ν

296 1321 400 1372 μεν
441 1301 587 1371 πρὸς
612 1299 774 1352 τοῦτο
808 1299 1004 1351 εἰπεῖν.
1035 1298 1295 1368 Διόδωρός
1323 1315 1403 1359 τις
1433 1297 1889 1366 πνευματομάχος

290 1395 364 1446 ὢν
398 1393 552 1445 κατά
587 1391 834 1460 καιροὺς,
865 1388 941 1452 ὥς
976 1406 1130 1456 φασι,
1165 1387 1532 1457 κεκοινώνηκε
1563 1389 1627 1457 τῇ
1661 1386 1768 1439 τῶν
1801 1388 1890 1456 6p-

292 1485 540 1550 θοδόξων
597 1481 915 1552 Ἐκκλησία.
954 1473 1120 1544 Οὗτος
1167 1479 1502 1547 ἀποθέμενος
1527 1519 1541 1542 ,
1579 1481 1768 1549 ὥσπερ
1802 1474 1891 1531 οὖν

291 1577 551 1644 ἐνόμισε,
589 1574 681 1626 τὸν
717 1573 820 1641 τῆς
857 1572 1236 1641 Μακεδονικῆς
1276 1570 1540 1633 αἱρέσεως
1571 1569 1778 1632 σπῖλον,
1814 1571 1891 1630 είς

291 1669 503 1737 ἑτέραν
541 1665 902 1717 ἐκπέπτωκεν
933 1663 1264 1734 ἀρρωστίαν.
1301 1661 1618 1730 Πεςρρόνηκε
1654 1661 1760 1729 γὰρ
1797 1659 1890 1712 καὶ

290 1731 608 1828 γέγραφεν,
635 1757 720 1808 ὅτι
747 1755 932 1825 ἕτερος
1098 1752 1222 1815 Υἱὸς
1259 1751 1379 1804 κατ’
1413 1751 1550 1804 ἰδίαν
1584 1752 1731 1803 ἐστὶν
1761 1752 1788 1802 6
1825 1751 1888 1802 ἐκ
1925 1731 1963 1784 Β

293 1849 629 1919 σπέρματος
657 1846 822 1898 Δαόὶδ
852 1845 1135 1914 γεννηθεὶς
1179 1845 1244 1897 ὲκ
1283 1844 1381 1913 τῆς
1422 1843 1581 1910 ἁγίας
1615 1840 1889 1912 παρθένου

293 1941 391 1993 καὶ
433 1941 786 2010 θεομὴτορος·
827 1937 1012 2007 ἔτερος
1059 1936 1115 1988 δὲ
1148 1935 1308 1988 πάλιν
1360 1934 1539 1996 ίδικῶς
1584 1934 1713 1996 Υἱὸς
1755 1935 1784 1984 6
1827 1934 1890 1985 ἐκ

291 2029 444 2082 Θεοῦ
481 2029 700 2099 Πατρός
734 2028 924 2096 Λόγος.
957 2025 1152 2096 κωδίῳ
1196 2025 1384 2094 ὥσπερ
1414 2025 1687 2095 προϐάτου
1718 2041 1888 2076 κατα-

295 2121 554 2185 σκιάζων
583 2121 673 2172 τὸν
714 2118 894 2184 λύκον,
947 2119 1329 2188 προσποιεῖται
1385 2116 1484 2185 μὲν
1514 2116 1610 2168 ἕνα
1656 2114 1890 2185 Χριστὸν

291 2211 507 2279 λέγειν’
560 2211 852 2280 ἀναφέρων
901 2209 1001 2278 μὲν
1044 2207 1106 2259 τὸ
1138 2207 1304 2276 ὄνομα
1344 2207 1433 2258 ἐπὶ
1485 2205 1644 2276 μόνον
1689 2204 1778 2256 τὸν
1827 2205 1891 2256 ὲκ

299 2301 452 2354 Θεοῦ
489 2299 705 2370 Πατρὺς
747 2299 919 2366 Λόγον
947 2296 1272 2367 γεννηθέντα
1319 2295 1445 2348 Υίὸν
1483 2294 1774 2365 μονογενῆ’
1815 2294 1889 2358 ὡς

296 2395 356 2444 ὲν
411 2392 640 2461 χάριτος
674 2390 729 2441 δὲ
776 2388 928 2452 τάξει
974 2385 1298 2457 προσνέμων
1343 2385 1513 2455 αὐτῷ,
1551 2385 1695 2439 καθά
1727 2401 1889 2455 φησιν

297 2481 492 2543 αὐτὰ·
536 2479 748 2532 καὶτὸν
781 2479 845 2530 ἐκ
892 2475 1204 2546 σπέρματος
1245 2473 1408 2526 Δαϐὶδ
1441 2472 1554 2524 υἱὸν
1598 2471 1886 2535 ἀποκαλεῖ,

293 2574 371 2636 ὡς
411 2571 710 2632 ἑνωθέντα,
738 2568 895 2638 φησὶ,
924 2567 1002 2636 τῷ
1027 2564 1167 2619 κατά
1191 2563 1446 2633 ἀλήθειαν
1466 2562 1598 2633 Υίᾷγ
1625 2562 1890 2616 ἐνωθέντα

294 2665 378 2728 δὲ,
424 2663 525 2731 οὐχ
561 2660 751 2730 ὥσπερ
791 2659 952 2729 ἡμεῖς
995 2656 1310 2726 δοξάζομεν,
1352 2653 1487 2707 ἀλλά
1533 2654 1674 2707 κατὰ
1721 2653 1888 2722 μόνην

298 2757 403 2825 τὴν
443 2753 626 2819 ἀξίαν,
658 2753 753 2805 καὶ
775 2748 916 2803 κατὰ
945 2747 1254 2808 αύθεντίαν,
1295 2747 1388 2799 καὶ
1417 2745 1558 2798 κατά
1591 2744 1883 2814 ἰσοτιμίαν.

297 2843 515 2898 Τούτου
548 2843 739 2910 γέγονε
771 2838 1018 2910 μαθητὴς
1048 2836 1360 2907 Νεστόριος’
1398 2836 1494 2890 καὶ
1525 2837 1588 2888 ἐκ
1611 2835 1720 2889 τῶν
1743 2835 1887 2888 ὲκεί-

295 2952 397 2988 νου
426 2933 650 3003 βιϐλίων
682 2930 1082 3000 ἔσκοτισμένος,
1110 2930 1484 3000 προσποιεῖται
1522 2925 1620 2996 μὲν
1655 2920 1886 2995 Χριστὸν

2000 488 2182 553 desse,
2214 497 2395 544 tamen
2421 489 2632 544 hortari
2657 490 2899 560 digneris
2918 501 2978 545 ut
3009 507 3128 560 quae
3149 501 3333 546 mente
3365 493 3571 548 retine-

1989 593 2112 633 mus
2137 587 2296 648 teque
2327 581 2947 647 sentire_existimamus,
2974 581 3162 636 eadem
3191 597 3408 652 quoque
3432 584 3572 639 scri-

1990 667 2202 722 bamus.
2239 669 2410 739 lgitur
2463 670 2532 724 de
2583 670 2884 725 Salvatoris
2933 671 3109 725 nostri
3160 671 3573 740 dispensatione

1989 759 2182 813 eadem
2225 746 2492 815 sentimus
2528 776 2650 830 quae
2694 771 2821 815 ante
2848 776 2950 815 nos
2992 761 3139 816 beati
3180 763 3373 816 Patres
3393 762 3573 816 nostri

1990 861 2298 906 senserunt.
2341 853 2479 905 Dum
2532 852 2678 906 enim
2715 853 2934 906 illorum
2985 868 3152 922 opera
3192 854 3454 923 legimus,
3498 854 3572 909 ita

1989 942 2342 997 moderamur
2363 943 2605 997 animum
2630 954 2690 997 ut
2711 943 2833 997 illos
2857 943 3025 998 duces
3051 960 3081 998 a
3113 953 3266 1014 tergo
3285 955 3570 1014 sequatur,

1989 1041 2046 1088 et
2067 1032 2204 1086 nihil
2223 1047 2424 1086 novum
2462 1033 2628 1087 rectis
2659 1032 3007 1102 dogmatibus
3031 1033 3275 1088 invehat.
3303 1034 3410 1089 Sed
3440 1036 3568 1104 quia

1991 1123 2304 1178 sciscitatur
2337 1130 2428 1177 tua
2462 1123 2725 1177 sanctitas
2749 1131 2935 1177 utrum
2962 1124 3016 1177 in
3043 1123 3267 1180 Christo
3299 1124 3438 1179 duas
3468 1141 3571 1180 na-

1991 1224 2144 1270 turas
2168 1214 2352 1269 dicere
2387 1221 2660 1283 Oporteat,
2694 1230 2762 1268 an
2787 1229 2946 1269 secus
2962 1256 2976 1278 ,
3001 1215 3069 1269 ad
3097 1216 3204 1270 hoc
3227 1216 3571 1285 responden-

1991 1306 2119 1359 dum
2145 1306 2476 1375 putavimus.
2522 1305 2795 1360 Diodorus
2819 1305 3044 1374 quidam
3067 1346 3081 1370 ,
3128 1306 3303 1361 sancti
3333 1307 3575 1377 Spiritus

1990 1398 2119 1450 olim
2144 1399 2524 1467 impugnator,
2558 1404 2620 1451 ut
2651 1399 2826 1462 aiunt,
2855 1413 2980 1452 cum
3007 1398 3438 1453 orthodoxorum
3470 1400 3573 1453 Ec-

1991 1490 2153 1544 clesia
2182 1489 2627 1543 communicavit.
2667 1489 2766 1543 llic
2792 1488 3063 1558 deposita,
3095 1498 3157 1543 ut
3189 1490 3426 1559 putavit,
3455 1489 3573 1544 Ma-

1990 1579 2306 1633 eedonianae
2344 1579 2570 1632 haeresis
2592 1577 2737 1643 labe,
2771 1578 2825 1631 in
2857 1578 3087 1633 alterius
3121 1579 3299 1632 morbi
3332 1579 3440 1633 vim
3473 1580 3571 1633 de-

1992 1670 2148 1724 cidit.
2187 1668 2370 1724 Sensit
2405 1669 2550 1723 enim
2589 1685 2652 1723 ac
2681 1669 2900 1739 scripsit
2927 1671 3160 1725 alterum
3198 1671 3427 1724 seorsim
3453 1685 3573 1725 esse

1993 1760 2164 1814 ﬁlium
2189 1775 2315 1814 eum
2347 1760 2440 1829 qui
2472 1775 2539 1814 ex
2564 1761 2774 1815 semine
2814 1760 2984 1814 David
3027 1776 3094 1814 ex
3131 1770 3320 1816 saneta
3350 1761 3573 1830 Virgine

1993 1855 2197 1924 Deique
2223 1861 2394 1908 matre
2432 1864 2594 1908 natus
2635 1861 2740 1918 est,
2794 1855 3027 1909 alterum
3078 1869 3272 1908 rursus
3313 1853 3572 1923 privatim

1993 1944 2165 1999 ﬁlium
2209 1944 2344 1998 illud
2387 1959 2451 1999 ex
2481 1945 2593 2000 Deo
2640 1945 2802 1999 Patre
2841 1945 3102 2000 Verbum.
3130 1945 3233 2010 Qui
3277 1945 3380 1998 sub
3409 1945 3571 1998 ovina

1993 2035 2133 2103 pelle
2181 2034 2592 2105 quodammodo
2640 2036 2826 2104 lupum
2865 2044 3161 2106 contegens
3185 2037 3250 2099 ³¹,
3297 2052 3466 2090 unum
3513 2051 3574 2090 se

1993 2124 2278 2180 Christum
2303 2126 2487 2180 dicere
2537 2127 2778 2191 simulat,
2817 2127 2914 2182 sed
2953 2143 3078 2183 cum
3116 2127 3319 2182 referat
3346 2128 3572 2197 quidem

1992 2215 2096 2270 hoc
2136 2232 2336 2271 nomen
2371 2217 2439 2271 ad
2482 2219 2658 2273 solum
2705 2218 2842 2272 illud
2886 2233 2953 2273 ex
2981 2219 3094 2273 Deo
3120 2220 3282 2273 Patre
3327 2219 3572 2288 genitum

1993 2307 2232 2364 Verbum
2279 2307 2480 2361 Filium
2524 2307 2889 2378 unigenitum,
2937 2308 3115 2378 ipsum
3145 2323 3367 2378 quoque
3390 2323 3453 2361 ex
3481 2323 3570 2363 se-

1991 2400 2138 2454 mine
2151 2399 2320 2453 David
2352 2399 2522 2454 ﬁlium
2554 2400 2818 2469 appellat;
2845 2400 2938 2455 sed
2966 2408 3220 2469 tanquam
3244 2400 3430 2470 gratia:
3452 2400 3572 2455 loco

1989 2505 2189 2544 nomen
2217 2491 2322 2544 hoc
2355 2491 2407 2544 ei
2451 2491 2669 2555 tribuit,
2701 2500 2889 2561 utpote
2914 2492 3008 2562 qui
3034 2492 3110 2546 illi
3141 2492 3444 2546 secundum
3475 2506 3572 2545 ve-

1989 2579 2211 2633 ritatem
2246 2579 2384 2634 Filio
2419 2579 2490 2634 sit
2529 2580 2735 2634 unitus.
2775 2580 2974 2635 Unitus
3006 2589 3188 2635 autem
3227 2595 3339 2634 non
3386 2583 3445 2632 ul
3469 2591 3574 2633 nos

1991 2671 2311 2735 asserimus,
2341 2671 2437 2728 sed
2476 2671 2779 2726 secundum
2810 2672 2981 2725 solam
3023 2671 3366 2741 dignitatem,
3393 2680 3451 2726 et
3474 2686 3566 2724 se-

1989 2761 2230 2815 cundum
2255 2761 2660 2823 auctoritatem,
2688 2768 2742 2814 et
2766 2759 3066 2814 secundum
3092 2760 3319 2813 honoris
3344 2759 3572 2828 aequali-

1991 2860 2174 2906 tatem.
2201 2851 2374 2921 Hujus
2398 2851 2700 2920 discipulus
2723 2849 3226 2906 exstititNestorius
3251 2867 3264 2903 :
3293 2850 3478 2919 itaque
3503 2863 3572 2904 ex

1989 2941 2136 2996 illius
2165 2940 2319 2995 libris
2353 2941 2766 3007 obtenebratus,
2800 2942 3022 2996 simulat
3053 2941 3274 3011 quidem
3319 2956 3377 2996 se
3403 2939 3568 2995 Chri-

294 3026 422 3087 ἕνα,
461 3025 563 3076 καὶ
594 3022 742 3085 Υίὺν,
773 3021 865 3074 καὶ
898 3019 1100 3090 Κύριον
1128 3018 1429 3088 ὁμολογεῖν,
1466 3016 1678 3086 μερίζει
1711 3015 1766 3068 δὲ
1793 3013 1886 3067 καὶ

1991 3041 2129 3086 stum
2159 3046 2350 3096 unum,
2385 3041 2440 3085 et
2465 3031 2683 3095 Filium,
2707 3041 2761 3086 ct
2787 3031 3077 3086 Dominum
3113 3031 3270 3100 136
3291 3029 3565 3094 confiteri,

295 3116 584 3178 αὐτος-είς
609 3112 701 3165 δύο
722 3113 812 3165 τὸν
841 3112 958 3172 ἕνα,
984 3111 1078 3164 καὶ
1109 3109 1212 3164 ἀνὰ
1237 3109 1421 3180 μέρος·
1448 3106 1732 3178 ἄνθρωπον
1765 3123 1887 3158 συν-

294 3207 490 3281 ῆφθαι
543 3205 714 3272 λέγων
761 3204 835 3272 τῷ
864 3201 983 3272 Θεῷ
1011 3201 1199 3272 Λόγῳ,
1239 3203 1305 3271 τῇ
1340 3198 1653 3269 ὁμωνυμίᾳ,
1679 3200 1742 3268 τῇ
1777 3197 1886 3250 ico-

293 3299 478 3369 τιμία
515 3296 608 3368 [τῇ
642 3294 828 3366 caici],
859 3298 925 3366 τῇ
965 3294 1112 3365 ἀξίᾳ.
1151 3293 1260 3346 Καὶ
1286 3293 1415 3362 γοῦν
1445 3291 1543 3354 τὰς
1572 3290 1754 3359 φωνὰς
1790 3288 1889 3352 τὰς

297 3399 365 3446 ἐν
424 3394 550 3455 τοῖς
595 3391 956 3459 εὐαγγελικοῖς
1003 3389 1097 3442 καὶ
1153 3388 1529 3449 ἁποστολικοῖς
1571 3385 1888 3456 κηρύγμασι

299 3485 441 3554 mp!
472 3480 708 3552 Χριστοῦ
741 3479 998 3550 κειμένας
1035 3477 1301 3547 διορίζει,
1337 3477 1432 3530 καί
1472 3493 1605 3546 φησι
1649 3476 1747 3538 τὰς
1791 3475 1890 3546 μὲν

304 3559 726 3643 ἐφαρμόζεσθαι
748 3571 857 3623 δεῖν
879 3568 958 3640 τῷ
986 3567 1082 3622 ἀνθ
1093 3567 1277 3640 ρώπῳ,
1307 3567 1544 3637 δηλονότι
1565 3565 1659 3629 τάς
1681 3565 1776 3619 ἀνθ
1785 3582 1890 3635 ρω-

307 3666 497 3728 πίναςο
536 3663 634 3726 τὰς
670 3663 726 3715 δὲ
767 3662 997 3734 πρέπειν
1045 3659 1194 3741 κατά
1233 3660 1400 3731 μόνας
1425 3658 1501 3729 τῷ
1545 3657 1665 3730 Θεῷ
1697 3658 1887 3727 Λόγῳ,

303 3756 556 3826 δηλονότι
587 3754 686 3816 τὰς
724 3739 1067 3823 θεοπρεπεῖς.
1104 3739 1217 3804 Καὶ
1265 3749 1451 3820 ἐπειδὴ
1499 3750 1732 3818 διῖστησι
1762 3748 1891 3801 πολ-

303 3846 494 3915 λαχῶς
518 3885 534 3909 ,
567 3845 664 3896 καὶ
699 3843 803 3897 ἀνά
836 3842 1001 3913 μέρος
1044 3841 1256 3911 τίθησιν
1283 3839 1359 3902 ὡς
1387 3837 1674 3909 ἄνθρωπον
1708 3837 1891 3901 ίδικῶς

305 3934 398 3986 τὴν
421 3935 489 3987 ἐκ
521 3933 618 4002 τῆς
645 3933 804 4000 ἁγίας
834 3930 1107 4003 Παρθένου
1135 3929 1546 3999 γεγεννημένον,
1577 3929 1670 3981 καὶ
1693 3928 1892 3997 ὁμοίως

312 4025 523 4087 ίδικῶς,
556 4025 654 4078 καὶ
682 4024 786 4078 ἀνά
815 4023 1007 4095 μέρος,
1038 4022 1165 4076 Υἱδν
1194 4022 1286 4075 τὸν
1317 4024 1380 4074 ὲκ
1407 4021 1540 4074 Θεοῦ
1568 4020 1779 4093 Πατρὺς
1798 4020 1893 4074 Λό-

307 4130 427 4183 γον,
461 4113 554 4166 διὰ
570 4112 731 4166 τοῦτο
760 4113 857 4183 τὴν
887 4112 1047 4181 ἁγίαν
1075 4109 1352 4181 Παρθένον
1385 4110 1444 4163 οὐ
1475 4109 1736 4162 Θεοτόκον
1753 4106 1892 4162 εἷναί

310 4222 505 4275 φησιν,
538 4204 954 4275 ἀνθρωποτόκον
990 4203 1048 4256 δὲ
1079 4203 1299 4273 μᾶλλον,
1334 4201 1521 4270 Ἡμεῖς
1544 4201 1599 4253 δὲ
1627 4201 1724 4271 οὐχ
1751 4201 1892 4255 οὕτω

313 4298 491 4350 ταῦτα
527 4297 670 4365 ἔχειν
702 4295 1046 4365 διακείμεθα,
1080 4294 1196 4348 ἀλλ’
1230 4291 1585 4362 ἐδιδάχθημεν
1621 4293 1770 4363 παρά
1792 4293 1891 4362 τῆς

1989 3125 2083 3180 sed
2114 3125 2312 3179 dividit
2352 3125 2518 3179 etiam
2566 3124 2682 3194 ipse
2726 3139 2896 3179 unum
2942 3125 2998 3178 in
3035 3124 3196 3188 duos,
3241 3139 3306 3178 ac
3339 3122 3573 3178 seorsim

1989 3216 2186 3285 ponit,
2235 3230 2360 3270 cum
2392 3215 2671 3270 hominem
2709 3215 3061 3287 coniunctum
3094 3230 3214 3270 esse
3244 3215 3357 3269 Deo
3390 3214 3574 3269 Verbo

1990 3307 2136 3362 dicat
2158 3308 2545 3362 communione
2583 3307 2843 3372 nominis,
2873 3307 3098 3362 honoris
3120 3306 3453 3373 aequalitate,
3485 3305 3571 3361 di-

1989 3399 2218 3469 gnitate.
2267 3399 2454 3468 Itaque
2495 3414 2659 3454 voces
2708 3399 2763 3451 in
2787 3397 3118 3468 evangelicis
3150 3376 3573 3467 apostolicisque

1989 3491 2275 3560 praeconiis
2299 3491 2366 3545 de
2389 3489 2610 3546 Christo
2639 3490 2845 3558 positas
2877 3489 3182 3558 distinguit,
3210 3498 3266 3542 et
3290 3487 3424 3540 alias
3445 3487 3571 3555 qui-

1991 3581 2114 3637 dem
2139 3582 2347 3636 homini
2375 3579 2694 3635 tribuendas
2718 3597 2838 3635 esse
2863 3580 3076 3643 asserit,
3098 3579 3360 3632 nimirum
3381 3577 3572 3630 huma-

1991 3685 2108 3734 nas,
2135 3670 2272 3723 alias
2304 3684 2437 3722 vero
2482 3669 2835 3739 singulariter
2875 3668 2986 3721 Deo
3022 3665 3204 3721 Verbo
3249 3664 3569 3727 convenire,

1992 3758 2203 3814 scilicet
2255 3757 2489 3812 divinas.
2541 3757 2610 3810 Et
2646 3756 2774 3824 quia
2817 3755 3197 3824 multipliciter
3244 3752 3462 3816 dividit,
3507 3767 3573 3807 ac

1992 3849 2220 3905 seorsim
2273 3848 2428 3919 ponit
2475 3856 2731 3916 tanquam
2773 3845 3050 3900 hominem
3105 3846 3362 3914 preprie,
3417 3845 3570 3899 illum

1991 3961 2058 4000 ex
2097 3951 2284 3998 sancta
2327 3943 2550 4012 Virgine
2603 3950 2811 4005 natum,
2864 3949 2918 3995 et
2949 3939 3204 3994 similiter
3244 3939 3468 4009 proprie
3508 3955 3572 3994 ac

1993 4035 2223 4091 seorsim
2248 4031 2444 4089 Filium
2467 4033 2601 4088 illud
2626 4049 2693 4089 ex
2716 4034 2827 4088 Deo
2853 4033 3013 4088 Patre
3035 4031 3298 4094 Verbum,
3318 4039 3570 4101 propter-

1993 4140 2058 4180 ea
2082 4133 2324 4179 sanctam
2348 4125 2495 4190 illam
2523 4124 2798 4194 Virginem
2824 4139 2934 4177 non
2960 4121 3058 4176 Dei
3087 4122 3434 4192 genitricem,
3475 4120 3570 4175 sed

1993 4215 2176 4285 potius
2201 4213 2442 4269 hominis
2487 4221 2716 4267 matrem
2763 4228 2881 4268 esse
2905 4212 3121 4267 asserit.
3161 4211 3272 4266 Nos
3297 4226 3430 4265 vero
3459 4225 3570 4264 non

1997 4310 2069 4362 ita
2091 4323 2149 4362 se
2171 4308 2288 4361 haec
2312 4306 2516 4361 habere
2550 4305 2837 4367 sentimus,
2867 4303 2960 4359 sed
2987 4320 3015 4357 a
3038 4302 3241 4358 divinis
3262 4300 3490 4356 Litteris
3513 4309 3570 4354 et

315 4386 469 4449 θείας
512 4386 735 4455 Γραφῆς
768 4385 862 4439 καὶ
889 4386 996 4441 τῶν
1032 4384 1198 4454 ἁγίων
1221 4383 1480 4454 Πατέρων
1510 4383 1606 4436 ’ένα
1637 4384 1762 4438 Υίὸν
1795 4385 1888 4436 καὶ

1993 4412 2022 4450 a
2045 4395 2248 4450 sanctis
2273 4393 2532 4449 Patribus
2562 4391 2743 4447 ed0cti
2778 4391 3071 4446 didicimus
3095 4405 3263 4444 unum
3295 4388 3493 4444 Filium
3514 4396 3571 4441 et

314 4478 555 4547 Χριστὸν
585 4477 683 4529 καὶ
726 4476 931 4547 Κύριον
973 4476 1276 4547 ὁμολογεῖν,
1306 4474 1450 4528 τοῦτ’
1497 4475 1644 4540 ἔστι,
1695 4475 1788 4528 τὸν
1830 4475 1893 4528 ὲκ

314 4569 450 4622 Θεοῦ
493 4568 708 4638 Πατρός
748 4567 939 4636 Λόγον,
987 4566 1317 4636 γεννηθέντα
1350 4567 1445 4636 μὲν
1495 4564 1553 4630 ἐξ
1588 4564 1753 4619 αὑτοῦ
1789 4564 1894 4636 πρὸ

313 4660 550 4724 αἰώνων,
585 4659 906 4728 θεοπρεπῶς
931 4658 1029 4711 καὶ
1054 4658 1330 4728 ἀρῤήτωςο
1363 4657 1419 4709 ὲν
1441 4655 1688 4724 ἐσχάτοις
1715 4655 1770 4708 δὲ
1799 4653 1891 4707 τοῦ

315 4751 514 4814 αἰῶνος
542 4752 756 4820 καιροῖς
788 4752 878 4804 τὸν
910 4749 1074 4803 αὐτὸν
1109 4749 1175 4801 δι’
1219 4751 1366 4817 ἡμᾶς
1394 4746 1720 4816 γεννηθέντα
1753 4745 1892 4799 κατά

324 4841 503 4910 σάρκα
531 4842 594 4894 ὲκ
622 4841 720 4911 τῆς
744 4841 903 4908 ἁγίας
926 4840 1214 4910 Παρθένον
1255 4840 1348 4892 καὶ
1369 4839 1552 4909 ἐπειδὴ
1582 4837 1714 4890 Θεὸν
1741 4839 1893 4890 ὲναν-

325 4932 689 5002 θρωπήσαντα
733 4934 826 4986 καὶ
858 4931 1213 5002 σαρκωθέντα
1247 4931 1541 5001 γεγέννηκε
1566 4970 1580 4995 ,
1615 4929 1702 4982 διὰ
1737 4929 1893 4982 τοῦτο

323 5024 418 5075 καὶ
448 5022 785 5092 ὀνομάζομεν
814 5021 1075 5074 Θεοτόκον
1104 5021 1296 5090 αὑτήν.
1329 5016 1424 5082 Εἷς
1451 5014 1544 5072 οὖν
1564 5020 1710 5071 ἐστιν
1744 5018 1888 5081 Υἱὸς,

323 5109 403 5177 εἷς
427 5114 630 5184 Κύριος
661 5113 866 5184 Ἰησοῦς
889 5112 1142 5182 Χριστὸς,
1166 5112 1258 5163 καὶ
1286 5110 1391 5181 πρὸ
1415 5112 1513 5181 τῆς
1541 5109 1886 5181 σαρκώσεως,

323 5207 414 5257 καὶ
450 5203 586 5274 μετά
605 5204 704 5273 τὴν
733 5202 1030 5273 σάρκωσιν.
1068 5203 1143 5255 Οὐ
1177 5201 1284 5270 γὰρ
1317 5201 1501 5271 ἕτερος
1528 5196 1596 5272 ἦν
1623 5201 1749 5266 Υἱὸς
1778 5202 1806 5254 6
1827 5203 1887 5254 ὲκ

321 5296 456 5351 Θεοῦ
491 5297 700 5368 Πατρὸς
725 5298 896 5364 Λόγος
916 5336 930 5360 ,
957 5296 1142 5367 ἔτερος
1163 5295 1218 5348 δὲ
1253 5295 1413 5348 πάλιν
1452 5298 1480 5348 6
1507 5298 1567 5348 ὲκ
1592 5297 1690 5365 τῆς
1727 5293 1888 5363 ἁγίας

329 5389 618 5458 Παρθένον
657 5387 772 5440 ἀλλ’
805 5387 968 5449 αὐτὸς
1002 5386 1206 5449 ἐκεῖνος
1227 5389 1255 5439 6
1284 5386 1606 5457 προαιώνιος
1636 5388 1728 5440 καὶ
1748 5387 1890 5441 κατά

329 5479 499 5550 σάρκα
533 5482 594 5533 ἐκ
637 5478 892 5548 γυναικὸς
927 5477 1286 5547 γεγεννῆσθαι
1315 5476 1652 5531 πιστεύεται’
1682 5478 1778 5550 οὐχ
1815 5478 1889 5542 ὡς

399 5654 439 5684 ³⁸
467 5653 652 5708 Hatth.
687 5669 783 5718 vn,
814 5653 899 5708 l5.
977 5651 1019 5684 "
1050 5649 1222 5707 lCor.
1260 5667 1374 5718 vm,
1406 5652 1461 5708 6.

1989 4485 2270 4539 Christum
2307 4490 2364 4537 et
2400 4481 2697 4536 Dominum
2741 4480 3014 4544 confiteri,
3044 4480 3151 4534 hoc
3195 4487 3298 4543 est,
3330 4477 3463 4532 illud
3503 4493 3572 4531 ex

1990 4574 2102 4627 Deo
2125 4575 2284 4627 Patre
2313 4573 2578 4636 Verbum,
2609 4587 2676 4625 ex
2702 4570 2820 4639 ipso
2843 4569 3063 4638 quidem
3099 4577 3224 4623 ante
3255 4568 3448 4623 saecula
3482 4567 3568 4621 di-

1989 4661 2118 4715 vino
2145 4670 2202 4715 et
2236 4660 2499 4715 ineﬂabili
2528 4659 2691 4714 modo
2720 4657 2986 4728 genitum,
3014 4657 3270 4726 idemque
3296 4655 3351 4709 in
3384 4663 3569 4710 extre-

1990 4754 2094 4807 mis
2140 4753 2324 4807 sasculi
2363 4753 2701 4822 temporibus
2727 4758 2950 4821 pr0ptcr
2983 4765 3082 4804 nos
3115 4747 3418 4804 secundum
3445 4762 3567 4802 car-

1998 4857 2122 4896 nem
2171 4857 2238 4896 ex
2280 4850 2469 4897 sancta
2498 4842 2721 4914 Virgine
2754 4850 2938 4896 natum
2971 4858 2983 4893 :
3010 4855 3196 4910 quam,
3236 4838 3364 4908 quia
3394 4838 3568 4892 Deum

1998 4935 2276 4988 hominem
2307 4933 2510 4988 factum
2544 4943 2600 4989 et
2623 4935 2964 4988 incarnatum
2989 4931 3196 5002 genuit,
3223 4945 3286 4984 ea
3313 4929 3380 4983 dc
3405 4944 3568 4984 causa

1995 5025 2161 5079 etiam
2184 5027 2280 5079 Dei
2305 5035 2535 5080 matrem
2565 5025 2922 5094 appellamus.
2944 5023 3095 5077 Unus
3118 5035 3250 5090 ergo
3274 5026 3358 5073 est
3374 5019 3565 5081 Filius,

1997 5132 2140 5173 unus
2171 5116 2435 5171 Dominus
2457 5115 2616 5171 Jesus
2637 5115 2890 5170 Christus
2909 5113 2976 5177 θ’,
3000 5119 3056 5166 et
3084 5118 3210 5166 ante
3233 5109 3566 5165 incarnatio-

1996 5226 2143 5274 nem,
2174 5217 2365 5279 etpost
2410 5207 2861 5262 incarnationem.
2902 5203 3022 5259 Non
3045 5202 3191 5258 enim
3218 5203 3354 5256 alter
3397 5199 3567 5254 Filius

1996 5309 2113 5356 erat
2137 5300 2268 5355 illud
2309 5316 2376 5354 ex
2407 5301 2518 5354 Deo
2548 5300 2708 5354 Patre
2734 5298 2997 5359 Verbum,
3028 5296 3164 5350 alter
3189 5302 3451 5364 praeterea
3473 5292 3564 5346 illc

1997 5407 2064 5446 ex
2087 5399 2272 5447 sancta
2293 5390 2516 5460 Virgine
2542 5397 2702 5442 natus
2736 5406 2748 5440 :
2776 5389 2871 5442 sed
2907 5388 2994 5454 ille
3015 5386 3157 5441 idem
3183 5385 3277 5456 qui
3303 5392 3419 5439 erat
3439 5393 3565 5438 ante

1997 5482 2212 5547 saecula,
2243 5481 2408 5536 etiam
2438 5478 2739 5535 secundum
2776 5493 2995 5535 carnem
3025 5493 3092 5534 ex
3125 5477 3358 5536 muliere
3402 5481 3566 5532 natus
