4044 6212
477 271 625 331 231»

1506 268 1561 322 S.
1604 264 1879 323 CYRILLI
1916 262 2388 319 ALEXANDRINI
2428 261 2745 317 ARCHIEP.

3635 260 3749 316 252

478 388 757 456 creditur;
798 405 907 445 non
933 389 1078 459 quod
1102 389 1219 458 ejus
1251 385 1512 440 divinitas
1542 382 1759 437 initium
1782 381 2056 452 acceperit

2160 378 2261 447 τῆς
2294 378 2548 447 θεότητος
2594 374 2761 429 αὐτοῦ
2796 372 2975 458 ’ἀρχὴν
3020 372 3291 444 λαὸούσης
3333 374 3415 438 εἰς
3458 374 3522 427 τὸ
3572 372 3749 437 εῖναι,

480 487 541 533 ut
573 478 664 543 sit,
690 487 784 531 aut
807 478 873 531 ad
905 478 1118 530 initium
1143 475 1472 529 exsistentite
1495 489 1594 543 per
1617 484 1860 527 sanctam
1882 473 2062 543 Virgi-

475 584 603 622 nem
632 576 819 622 vocata
844 568 915 621 sit
949 585 961 620 :
988 567 1083 621 sed
1113 566 1283 635 quod,
1320 572 1382 619 ut
1405 564 1540 628 dixi,
1567 580 1692 618 cum
1717 574 1842 618 ante
1866 564 2062 617 saecula

477 659 715 713 Verbum
737 668 904 723 esset,
935 674 1003 713 ex
1035 660 1125 713 illa
1155 658 1457 715 secundum
1482 672 1703 711 carnem
1733 663 1921 711 natum
1941 670 2062 710 esse

474 746 697 802 dicitur.
727 749 862 803 Nam
884 750 1107 819 propria
1136 751 1311 820 ipsius
1337 759 1455 805 erat
1479 750 1571 804 illa
1599 763 1751 814 caro,
1778 758 1839 803 ut
1874 749 2060 818 cujus-

473 854 582 907 que
624 848 875 894 nostrum
925 840 1213 909 proprium
1266 840 1608 911 singulorum
1656 855 1875 909 corpus.
1923 838 2062 905 Quia

474 946 610 984 vero
632 920 889 984 nonnulli
932 931 1095 986 nobis
1151 931 1480 1000 Apollinarii
1522 947 1741 986 errores
1766 931 2058 1001 objiciunt,

473 1037 538 1075 ac
571 1021 764 1076 dicunt
790 1040 803 1075 :
833 1021 891 1077 Si
914 1039 1085 1076 unum
1111 1023 1295 1078 dicitis
1319 1024 1525 1089 Filium
1554 1023 1855 1077 secundum
1881 1022 2061 1092 perfe-

472 1120 617 1165 ctam
640 1122 805 1183 atque
827 1116 1171 1170 commistam
1197 1116 1498 1181 unitatem',
1527 1116 1659 1170 illud
1683 1132 1751 1171 ex
1765 1117 1877 1170 Deo
1896 1116 2060 1170 Patre

473 1204 713 1259 Verbum
764 1207 1044 1262 hominem
1096 1212 1301 1264 factum
1349 1218 1404 1263 et
1447 1209 1813 1273 incarnatum,
1868 1209 2059 1277 utique

470 1292 609 1348 illud
649 1296 816 1350 etiam
855 1298 1070 1367 opinari
1113 1309 1169 1353 et
1214 1298 1418 1353 sentire
1459 1298 1800 1363 decrevistis,
1826 1299 2056 1354 commi-

471 1388 736 1453 stionem,
772 1390 860 1444 vel
903 1391 1313 1457 confusionem,
1365 1400 1462 1446 aut
1496 1391 1932 1461 compactionem
1974 1390 2058 1445 fa-

468 1484 616 1530 ctam
641 1492 763 1532 esse
778 1478 945 1533 Verbi
972 1495 1095 1533 cum
1118 1496 1372 1551 corpore,
1392 1488 1487 1535 aut
1504 1489 1655 1536 certe
1678 1481 1929 1550 corporis
1952 1482 2058 1535 im-

470 1566 833 1621 mutationem
856 1568 909 1630 in
935 1568 1238 1624 divinitatis
1262 1574 1538 1624 naturam.
1564 1570 1641 1624 Ea
1667 1570 1734 1624 de
1764 1585 1928 1624 causa
1957 1585 2058 1624 nos

468 1657 765 1712 admodum
810 1660 1107 1729 sapienter,
1139 1668 1201 1714 ut
1231 1661 1562 1716 calumniam
1596 1662 1947 1731 repellamus,
1976 1662 2059 1716 di-

2166 470 2335 539 ἥγουν
2360 471 2439 531 εἰς
2468 468 2643 540 ἀρχὴν
2665 454 2954 539 ὑπάρξεως
2976 466 3142 536 κεκλη
3153 466 3317 537 μένης
3341 466 3429 520 διὰ
3455 466 3555 537 τῆς
3585 466 3754 535 ἁγίας

2166 560 2469 631 Παρθένου⁸
2507 560 2623 614 ἀλλ’
2649 560 2732 613 ὅτι
2757 558 2978 628 μᾶλλον,
3012 558 3088 621 ὡς
3116 557 3272 627 ἔφην,
3314 555 3643 628 προαιώνιος
3673 555 3756 610 ὢν

2164 651 2337 716 Λόγος
2358 690 2373 714 ,
2406 652 2465 718 ἐξ
2508 651 2680 721 αὐτῆς
2708 649 3069 719 γεγεννῆσθαι
3113 648 3331 717 λέγεται
3363 649 3506 702 κατὰ
3547 650 3751 719 σάρκα.

2176 741 2305 794 Ἰδία
2328 741 2437 813 γὰρ
2462 737 2531 813 ἦν
2551 740 2717 795 αὐτοῦ
2741 741 2773 811 ὴ
2800 739 2956 812 σὰρξ,
2985 738 3233 810 καθάπερ
3255 739 3445 808 ἀμέλει
3473 739 3568 792 καὶ
3590 739 3755 810 ἡμῶν

2163 830 2422 896 ἑκάστου,
2450 830 2511 884 τὸ
2535 830 2666 884 ῖδιον
2694 814 2860 885 αὐτοῦ
2889 830 3070 899 σῶμα,
3117 829 3334 899 Ἐπειδὴ
3362 828 3419 882 δέ
3451 846 3598 893 τινες
3622 831 3754 882 Em-

2162 925 2456 979 πλέκουσιν
2502 927 2635 995 ἡμῖν
2675 924 2777 987 τὰς
2829 922 3206 994 ’Λπολιναρίου
3240 920 3419 987 δόξας,
3459 922 3552 975 καί
3583 940 3755 991 φασιν

2162 1019 2265 1081 ὅτι,
2288 1019 2351 1071 Εἰ
2372 1017 2470 1071 ἕνα
2489 1018 2679 1086 λέγετε
2711 1016 2835 1070 καθ’
2861 1017 3055 1069 ἕνωσιν
3082 1014 3284 1087 ἀκριϐῆ
3317 1017 3411 1068 καὶ
3435 1032 3752 1087 συγκεκρα-

2166 1109 2336 1181 μένην
2371 1109 2519 1173 Υἱδν,
2550 1108 2643 1162 τὸν
2682 1109 2745 1162 ἐκ
2776 1107 2912 1161 Θεοῦ
2945 1106 3157 1177 Πατρὸς
3189 1107 3361 1175 Λόγον
3387 1108 3753 1179 ὲνανθρωπή-

2164 1219 2333 1257 σαντα
2360 1203 2454 1255 καί⁷
2499 1201 2943 1274 σεσαρκωμένον,
2972 1202 3114 1271 τάχα
3155 1218 3279 1283 που,
3294 1201 3514 1254 κάκεῖνο
3541 1202 3754 1271 φαντάο

2162 1288 2350 1355 ζεσθαι
2397 1292 2489 1346 καὶ¹
2517 1295 2735 1364 φρονεῖν
2766 1290 3044 1360 ἐγνώκατε
3066 1332 3077 1351 ,
3126 1291 3207 1344 ὃτι
3263 1289 3592 1362 σύγκρασις,
3625 1292 3754 1361 ἤτοι

2163 1382 2444 1453 σύγχυσις,
2477 1383 2510 1455 ἢ
2536 1383 2750 1454 φυρμὸς
2776 1383 2968 1452 γέγονε
2997 1380 3093 1435 τοῦ
3117 1383 3293 1450 Λόγου
3322 1383 3457 1455 πρὸς
3480 1381 3539 1435 τὸ
3564 1383 3751 1451 σῶμα,

2160 1474 2329 1545 ἤγουν
2373 1474 2467 1527 τοῦ
2520 1473 2770 1543 σώματος
2815 1476 2894 1537 εἰς
2938 1473 3100 1543 φύσιν
3147 1473 3401 1545 θεότητος
3448 1474 3751 1544 μεταϐολή.

2160 1566 2349 1638 Ταύτῃ
2371 1584 2472 1635 τοι,
2492 1568 2586 1622 καὶ
2620 1567 2765 1638 μάλα
2796 1567 3085 1639 ἐμφρόνως
3117 1567 3277 1638 ἡμεῖς
3308 1567 3750 1639 ἀποκρουόμενοι

2158 1657 2257 1729 τὴν
2276 1658 2659 1728 συκοφαντίαν,
2680 1657 2881 1728 φαμὲν,
2912 1658 2993 1710 ὅτι
3018 1660 3045 1710 ὁ
3068 1658 3131 1709 ὲκ
3155 1656 3290 1709 Θεοῦ
3318 1657 3529 1726 [ἰατρὸς
3544 1658 3746 1725 Λόγος,

467 1747 646 1803 cimus
670 1749 804 1804 illud
834 1751 931 1806 Dei
960 1752 1139 1807 Patris
1162 1753 1428 1818 Verbum,
1453 1754 1618 1808 modo
1637 1755 1735 1823 qui
1766 1760 1946 1823 neque
1970 1753 2055 1808 in-

2160 1752 2535 1823 ἀπερινοήτως
2582 1768 2643 1804 τε
2690 1751 2787 1803 καὶ
2827 1750 2903 1812 ὡς
2940 1749 3041 1802 οὐκ
3087 1749 3235 1800 ἐστιν
3281 1749 3480 1811 εἰπεῖν,
3534 1749 3754 1819 ἥνωσεν

469 1838 640 1909 telligi
686 1856 866 1910 neque
921 1842 1154 1912 exprimi
1212 1843 1396 1898 verbis
1440 1842 1647 1912 possit,
1709 1843 1898 1897 unisse
1949 1841 2056 1897 sibi

466 1943 670 1998 corpus
696 1931 999 1987 animatum
1044 1934 1228 1988 anima
1269 1934 1659 2000 intellectuali,
1699 1944 1755 1989 et
1784 1933 2057 2004 prodiisse

467 2018 747 2075 hominem
778 2038 847 2077 ex
876 2024 1130 2089 muliere,
1166 2025 1322 2095 137
1350 2042 1466 2080 non
1484 2025 1868 2080 immutatione
1890 2032 2054 2079 natu-

467 2124 563 2174 rze,
594 2111 689 2165 sed
722 2114 906 2182 potius
943 2114 1349 2184 dispensatoria
1379 2116 1662 2171 voluntate
1696 2116 1872 2172 nostri
1904 2116 2055 2171 simi-

465 2201 574 2256 lem
597 2202 824 2259 factum.
866 2206 1051 2260 Voluit
1079 2208 1228 2262 enim
1267 2208 1435 2263 homo
1460 2207 1598 2273 ﬁeri,
1630 2224 1742 2263 non
1768 2224 1835 2263 eo
1853 2208 2055 2263 amisso

464 2297 612 2365 quod
632 2298 937 2353 secundum
962 2309 1216 2354 naturam
1242 2301 1391 2355 Deus
1421 2308 1561 2356 erat.
1587 2300 1694 2355 Sed
1724 2301 1974 2371 quamvis
1997 2301 2054 2355 in

464 2396 687 2443 nostras
712 2405 1002 2445 mensuras
1028 2392 1405 2458 descenderit,
1440 2400 1497 2448 et
1517 2394 1662 2448 servi
1693 2394 1924 2448 formam
1966 2395 2051 2447 in-

461 2478 729 2546 duerit”,
758 2488 941 2536 tamen
966 2483 1046 2537 sic
1067 2499 1287 2553 quoque
1312 2485 1369 2539 in
1396 2500 1509 2539 suae
1546 2485 1852 2540 divinitatis
1868 2488 2051 2541 excel-

464 2570 653 2636 lentia,
693 2573 830 2627 etin
862 2587 963 2627 suo
998 2576 1236 2629 naturali
1272 2576 1556 2631 dominatu
1590 2578 1911 2648 permansit.
1944 2578 2054 2631 Nos

463 2660 631 2730 igitur
665 2662 795 2716 dum
821 2665 901 2720 illi
943 2673 1145 2720 sanctae
1180 2667 1336 2721 carui
1379 2668 1621 2722 animam
1657 2668 2053 2740 intelligentem

466 2752 713 2816 habenti,
741 2754 1093 2811 ineﬂ‘abiliter
1117 2769 1173 2812 et
1200 2773 1368 2828 supra
1390 2776 1554 2829 quam
1589 2761 1818 2832 intelligi
1857 2763 2050 2831 possit,

464 2842 601 2897 illud
633 2858 698 2898 ex
726 2845 839 2899 Deo
867 2847 1027 2902 Patre
1063 2848 1305 2903 Verbum
1330 2850 1571 2915 uninms,
1603 2852 1739 2905 citra
1771 2852 2051 2907 confusio—

464 2951 591 2990 nem
634 2938 823 3003 ullam,
854 2939 992 2994 citra
1042 2942 1464 2997 conversionem
1509 2952 1675 3013 atque
1717 2944 2051 2999 immutatio-

2158 1843 2336 1913 ἐαυτῷ
2375 1844 2534 1915 σῶμα
2563 1842 2979 1915 ὲμψυχωμένον,
3012 1841 3156 1912 ψυχῇ
3193 1833 3374 1913 νοερᾷ,
3411 1840 3506 1896 καὶ
3536 1841 3751 1916 προῆλ-

2159 1934 2249 1988 θεν
2276 1935 2563 2007 ἄνθρωπος
2583 1937 2647 1989 ὲκ
2668 1935 2949 2005 γυναικὸς,
2978 1934 3039 1986 οὐ
3072 1932 3341 2004 μεταϐολῇ
3369 1932 3585 2002 φύσεως
3615 1934 3748 1989 καθ’

2156 2031 2306 2099 ἡμᾶς
2358 2027 2636 2097 γεγονὼς,
2688 2027 2805 2081 ἀλλ’
2860 2027 3079 2098 εὐδοκία
3149 2025 3351 2097 μᾶλλον
3399 2027 3743 2099 οἰκονομικῇ.

2170 2121 2428 2191 Ἠθέλησε
2453 2120 2562 2192 γὰρ
2584 2120 2867 2190 ἄνθρωπος
2892 2118 3167 2187 γενέσθαι,
3191 2118 3251 2171 τὸ
3280 2114 3418 2172 εἶναι
3445 2118 3577 2182 Θεὸς
3600 2120 3747 2173 κατὰ

2158 2214 2319 2284 φύσιν
2353 2215 2452 2267 οὐκ
2475 2212 2787 2267 ἀποϐαλών.
2831 2211 2971 2265 Ἀλλ’
2998 2212 3046 2264 εἰ
3076 2210 3171 2265 καὶ
3207 2211 3266 2265 ὲν
3294 2213 3408 2274 τοῖς
3441 2210 3563 2264 καθ’
3594 2211 3746 2281 ἡμᾶς

2156 2305 2412 2359 καθίκετο
2441 2303 2469 2344 ά
2523 2305 2773 2375 μέτροις,
2806 2304 2899 2356 καὶ
2942 2302 3226 2371 πεφόρηκε
3263 2300 3359 2372 τὴν
3407 2300 3501 2354 τοῦ
3551 2302 3745 2356 δούλου

2160 2397 2396 2468 μορφὴν,
2430 2395 2523 2448 καί¹
2562 2394 2705 2449 οὕτω
2750 2394 3064 2465 μεμένηκεν
3099 2394 3157 2448 έν
3203 2394 3321 2455 ταῖς
3347 2392 3447 2462 τῆς
3487 2392 3749 2465 θεότητος

2157 2489 2486 2562 ὑπεροχαῖς,
2522 2488 2617 2541 καὶ
2670 2489 2728 2539 ὲν
2769 2489 2832 2558 τῇ
2865 2488 3063 2558 φυσικῇ
3105 2485 3407 2558 κυριότητι.
3466 2485 3773 2550 Ἑνοῦντεςτ

2153 2581 2332 2635 τοίνυν
2357 2582 2517 2651 ἡμεῖς
2555 2581 2620 2649 τῇ
2657 2578 2791 2649 ἁγίᾳ
2833 2578 3017 2648 σαρκὶ,
3050 2576 3231 2648 ψυχὴν
3257 2576 3456 2649 έχούση
3494 2578 3593 2650 τὴν
3619 2594 3746 2632 νοε-

2156 2671 2278 2743 ρὰν,
2307 2671 2633 2741 ἀπορῤήτως
2658 2686 2716 2722 τε
2751 2669 2846 2722 καὶ
2876 2669 3016 2741 ὑπὲρ
3050 2666 3195 2734 νοῦν,
3233 2669 3325 2723 τὸν
3357 2670 3422 2722 ὲκ
3456 2668 3592 2723 Θεοῦ
3626 2672 3747 2725 Πα-

2153 2765 2283 2833 τρὸς
2323 2763 2496 2831 Λόγον
2519 2801 2534 2825 ,
2580 2760 2901 2833 ἀσυγχύτως
2922 2801 2937 2825 ,
2970 2761 3278 2833 ἀτρέπτως,
3313 2761 3746 2833 ἀμεταδλήτως,

2156 2854 2523 2926 ἔναμΧριστὸν
2558 2854 2847 2919 καῗιίΥἰὺν,
2869 2853 2961 2908 καὶ
2993 2852 3197 2924 Κύριον
3230 2853 3623 2924 ὁμολογοῦμεν,
3652 2854 3752 2906 τὸν

2152 2948 2316 3001 αὐτὸν
2345 2947 2482 3001 Θεὸν
2522 2946 2617 3001 καὶ
2666 2945 2972 3016 ἄνθρωπον,
3019 2946 3118 3016 οὐχ
3160 2945 3346 3016 ἕτερον
3389 2946 3483 2999 καὶ
3534 2946 3745 3018 ἕτερον,

464 3043 613 3086 nem.
648 3045 820 3084 unum
848 3030 1130 3087 Christum
1151 3042 1208 3088 et
1240 3034 1440 3088 Filium
1472 3043 1527 3089 et
1552 3036 1844 3089 Dominum
1874 3036 2046 3090 conli-

2160 3038 2270 3093 ἀλλ’
2310 3039 2407 3092 ἕνα
2454 3037 2546 3092 καὶ
2585 3037 2672 3090 τὸν
2716 3036 2899 3101 αὑτὸν,
2934 3035 3095 3089 τοῦτο
3147 3037 3371 3090 κάκεῖνο
3430 3038 3749 3107 ὑπάρχοντα

466 3129 668 3185 temur,
706 3124 877 3178 Deum
915 3126 1173 3181 eumdem
1215 3134 1272 3180 et
1305 3127 1608 3192 hominem,
1658 3144 1771 3181 non
1813 3128 2048 3183 alterum

466 3224 631 3283 atque
672 3217 932 3283 alterum,
962 3218 1058 3273 sed
1104 3219 1222 3289 qui,
1258 3236 1384 3275 cum
1427 3236 1572 3275 unus
1599 3220 1853 3290 idemque
1878 3222 1968 3285 sit,
1996 3228 2053 3276 et

467 3306 573 3362 hoc
608 3316 664 3363 et
686 3309 817 3363 illud
840 3310 1069 3365 exsistat
1100 3320 1154 3365 et
1192 3311 1547 3382 intelligatur.
1577 3313 1764 3381 Itaque
1792 3327 2051 3367 nonnun-

465 3416 630 3471 quam
649 3410 710 3456 ut
741 3403 906 3458 homo
939 3404 1153 3458 ratione
1180 3404 1580 3474 dispensatoria
1615 3415 1671 3459 et
1696 3404 2055 3460 humanitatis

464 3493 630 3547 modo
667 3495 935 3564 loquitur,
973 3512 1372 3566 nonnunquam
1425 3512 1556 3552 vero
1602 3505 1859 3567 tanquam
1908 3498 2056 3552 Deus

466 3599 592 3639 cum
631 3592 903 3655 potestate
928 3603 1050 3656 qua:
1088 3588 1261 3643 Deum
1297 3587 1510 3652 deceat,
1537 3589 1707 3644 verba
1737 3588 1884 3642 facit.
1914 3589 2055 3643 Illud

466 3677 634 3733 etiam
660 3678 983 3743 asserimus,
1028 3679 1323 3750 diligenter
1346 3680 1701 3749 exquirentes
1738 3678 1885 3735 illius
1928 3696 2055 3735 cum

467 3783 633 3824 carne
657 3768 1082 3840 dispensationis
1108 3771 1367 3839 modum,
1400 3778 1456 3826 et
1491 3771 1768 3827 subtiliter
1815 3772 2055 3827 circum-

468 3859 767 3929 spicientes
808 3860 913 3915 hoc
949 3862 1296 3932 mysterium,
1342 3862 1701 3932 intelligimus
1736 3863 1832 3918 Dei
1877 3864 2057 3920 Patris

468 3952 713 4006 Verbum
740 3953 1021 4008 hominem
1041 3954 1245 4009 factum
1274 3963 1330 4009 et
1364 3956 1709 4009 incarnatum
1730 3956 1917 4021 fuisse,
1944 3973 2055 4012 non

467 4041 616 4111 quod
650 4058 717 4097 ex
742 4052 936 4098 natura
963 4059 1060 4098 sua
1102 4044 1289 4098 divina
1323 4045 1887 4102 formaveritsacrum
1922 4047 2055 4102 illud

467 4148 703 4205 corpus,
752 4135 847 4190 sed
898 4152 964 4189 ex
998 4136 1213 4207 virgine
1254 4136 1424 4192 Maria
1474 4138 1790 4208 sumpserit.
1834 4138 2055 4208 Alioqui

468 4226 749 4296 quomodo
783 4225 960 4280 factus
1003 4236 1087 4281 est
1118 4227 1303 4292 homo,
1352 4229 1394 4283 si
1426 4238 1677 4284 nostrum
1718 4246 1920 4301 corpus
1949 4232 2055 4286 mi-

468 4320 619 4374 nime
661 4318 935 4389 gestavit?
972 4318 1399 4376 Considerantes
1447 4322 1636 4393 igitur,
1671 4324 1888 4389 utdixi,
1934 4341 2054 4379 mo-

2153 3132 2249 3185 καλ⁵
2294 3130 2605 3201 νοούμενον.
2660 3128 2951 3199 Τοιγάρτοι
2989 3128 3122 3182 ποτὲ
3173 3128 3294 3199 μὲν,
3342 3128 3417 3192 ὡς
3458 3128 3749 3200 ἄνθρωπος

2152 3221 2511 3292 οἰκονομικῶς
2558 3221 2650 3274 καὶ
2694 3219 3050 3291 ἀνθρωπίνως
3083 3219 3434 3286 διαλέγεται,
3484 3219 3615 3272 ποτὲ
3653 3218 3745 3280 δὲ,

2154 3314 2229 3377 ὼς
2262 3313 2394 3377 Θεὸς
2431 3314 2546 3383 μετ’
2574 3312 2825 3379 ἐξουσίας
2855 3312 2955 3382 τῆς
2985 3310 3324 3383 θεοπρεποῦς
3354 3313 3587 3364 ποιεῖται
3617 3312 3751 3373 τοὺς

2154 3407 2368 3476 λόγους.
2414 3405 2599 3477 Φαμὲν
2648 3404 2705 3457 δὲ
2754 3404 3011 3471 κάκεῖνο,
3061 3401 3445 3472 βασανίζοντες
3477 3404 3749 3474 εὐτέχνως

2153 3499 2256 3569 τῆς
2293 3499 2429 3569 μετὰ
2462 3496 2663 3569 σαρκὸς
2687 3496 2998 3565 οἰκονομίας
3033 3495 3124 3548 τὸν
3154 3495 3377 3567 τρόπον,
3433 3495 3528 3549 καλ⁵
3586 3512 3749 3566 περι-

2155 3592 2447 3663 αθροῦντες
2472 3589 2666 3660 ἰσχνῶς
2687 3590 2747 3641 τὸ
2767 3588 3086 3659 μυστήριον,
3115 3587 3331 3658 ὁρῶμεν
3355 3588 3435 3640 ὅτι
3456 3589 3484 3641 ό
3516 3589 3579 3641 ὲκ
3608 3588 3749 3641 Θεοῦ

2157 3681 2372 3753 Πατρὸς
2406 3680 2575 3749 Λόγος
2610 3677 3003 3750 ένηνθρώπησέ
3036 3695 3094 3731 τε
3136 3678 3233 3730 καὶ
3281 3676 3575 3750 ἐσαρκὼοη
3600 3716 3615 3743 ,
3650 3680 3753 3732 καὶ

2156 3773 2256 3825 οὐκ
2289 3774 2352 3825 ὲκ
2385 3770 2485 3841 τῆς
2521 3769 2715 3823 ἑαυτοῦ
2750 3769 2900 3833 θείας
2931 3769 3144 3839 φύσεως
3175 3769 3235 3821 τὸ
3265 3769 3407 3841 ἱερὸν
3439 3770 3615 3823 ἐκεῖνο
3646 3788 3749 3823 πει

2158 3864 2576 3935 πλαστούργηκε
2608 3862 2797 3933 σῶμα,
2826 3861 2942 3915 ἀλλ’
2969 3863 3033 3915 ὲκ
3071 3861 3167 3931 τῆς
3216 3860 3491 3932 Παρθένου
3524 3863 3748 3932 Μαρίας

2161 3957 2361 4029 μᾶλλον
2387 3954 2576 4008 ἐλαϐεν
2607 3953 2760 4007 αὐτό.
2809 3952 2964 4006 Ἐπεὶ
2994 3952 3112 4016 πῶς
3158 3952 3382 4019 γέγονεν
3414 3950 3705 4022 ἅνθρωπος
3730 3991 3749 4016 ,

2157 4052 2206 4103 εἰ
2257 4049 2332 4121 μὴ
2381 4047 2540 4118 σῶμα
2591 4044 2870 4117 πεφόρηκε
2902 4044 2977 4105 ,τὸ
3032 4043 3336 4116 ὴμέτερον;
3404 4043 3753 4108 Ἐννοοῦντες

2156 4140 2357 4205 τοίνυν,
2392 4138 2468 4202 ὡς
2515 4136 2672 4207 ἔφην,
2725 4135 2825 4205 τῆς
2873 4133 3342 4206 ἐνανθρωπήσεως
3382 4133 3473 4187 τὸν
3500 4133 3745 4205 τρόπον,

2157 4231 2375 4303 ὁρῶμεν
2396 4230 2477 4283 ὃτι
2502 4227 2804 4305 δύόφύσεις
2828 4225 3089 4297 συνῆλθον
3121 4226 3379 4297 ἀλλήλαις
3403 4224 3522 4279 καθ’
3547 4226 3748 4279 ἕνωσιν

2159 4323 2528 4377 ἀδιάσπαστον
2557 4304 2878 4389 ἀσυγχύτως
2924 4317 3017 4370 καὶ
3043 4317 3335 4388 ἀτρέπτως
3353 4335 3366 4347 ·
3393 4317 3426 4386 ὴ
3472 4315 3579 4385 γὰρ
3606 4315 3751 4385 σὰρξ

469 4410 601 4465 dum
625 4410 1058 4476 humanationis,
1090 4411 1448 4483 intelligimus
1474 4413 1613 4468 duas
1638 4414 1780 4469 inter
1808 4432 1866 4471 se
1888 4415 2056 4472 indis-

2164 4416 2303 4488 σάρξ
2330 4416 2469 4480 ἐστι,
2508 4412 2605 4467 καὶ
2636 4413 2695 4466 ού
2727 4411 2940 4481 θεότης,
2970 4411 3018 4463 εἰ
3049 4415 3144 4464 καὶ
3176 4410 3368 4479 γέγονε
3403 4408 3538 4463 Θεοῦ
3574 4408 3745 4476 σάρξ·

469 4501 690 4557 solubili
707 4501 910 4556 unione
921 4503 1242 4557 convenisse
1261 4513 1390 4558 natu
1400 4520 1503 4568 ras,
1523 4508 1659 4559 citra
1676 4505 2053 4562 confusionem

470 4603 636 4665 atque
660 4594 1100 4650 immutationem
1129 4595 1297 4649 ullam
1341 4613 1352 4648 :
1378 4610 1506 4650 caro
1540 4596 1687 4650 enim
1708 4612 1837 4652 caro
1865 4608 1969 4664 est,
1998 4608 2055 4655 et

470 4700 582 4739 non
626 4684 916 4749 divinitas,
961 4684 1176 4738 etiamsi
1216 4684 1312 4740 Dei
1338 4700 1468 4741 caro
1494 4685 1636 4741 facta
1659 4697 1743 4742 est
1772 4707 1783 4742 :
1810 4689 2054 4761 itemque

473 4776 714 4830 Verbum
738 4776 883 4830 Deus
901 4783 1005 4841 esl,
1038 4784 1095 4830 et
1118 4792 1227 4830 non
1250 4793 1401 4842 caro,
1426 4779 1677 4848 quamvis
1708 4780 2054 4852 dispensato-

475 4868 557 4921 ria
585 4868 796 4923 ratione
819 4869 1099 4939 propriam
1122 4869 1225 4923 sibi
1252 4869 1445 4925 fecerit
1473 4887 1714 4927 carnem.
1741 4873 1912 4945 Igitur
1932 4890 2057 4930 cum

476 4961 531 5015 id
556 4961 993 5029 consideramus,
1021 4962 1158 5016 nihil
1187 4963 1341 5017 illum
1366 4965 1421 5018 in
1440 4966 1709 5022 unitatem
1729 4984 2061 5024 concursum

475 5052 766 5123 violemus,
802 5053 932 5108 dum
957 5053 1263 5123 ex‘duabus
1300 5056 1515 5111 naturis
1538 5056 1740 5112 factum
1773 5074 1893 5114 esse
1930 5060 2066 5114 dici-

476 5157 637 5197 mus:
680 5142 777 5203 sed
807 5151 931 5213 post
951 5146 1237 5212 unionem,
1259 5153 1486 5201 naturas
1526 5147 1753 5202 alteram
1783 5149 1852 5203 ab
1888 5151 2061 5205 altera

476 5248 588 5287 non
623 5233 953 5301 dividimus,
985 5254 1165 5308 neque
1200 5238 1257 5293 in
1305 5238 1444 5295 duos
1476 5240 1646 5295 Filios
1679 5242 1832 5295 illum
1885 5258 2057 5296 unum

476 5322 980 5395 impartibilemque
1006 5344 1277 5400 secamus,
1326 5333 1421 5391 sed
1445 5350 1614 5389 unum
1640 5335 1939 5389 asserimus
1964 5335 2054 5389 Fi-

548 5480 595 5512 ³³
627 5478 863 5549 Philipp.
900 5497 958 5545 ιι,
992 5483 1046 5535 6.

2161 4508 2362 4579 ὁμοίως
2392 4506 2449 4559 δὲ
2483 4504 2576 4558 καὶ
2600 4506 2628 4558 ό
2656 4503 2828 4571 Λόγος
2857 4502 3154 4570 Θεόςίὲστι,
3181 4502 3276 4555 καὶ
3294 4502 3356 4557 ού
3385 4502 3539 4579 σὰρξ,
3574 4504 3623 4554 εἰ
3651 4504 3751 4556 καὶ

2166 4600 2300 4654 ἰδίαν
2342 4598 2640 4667 ἐποιήσατο
2677 4596 2775 4666 τὴν
2812 4594 2992 4667 σάρκα
3022 4594 3401 4665 οἰκονομικῶς.
3444 4595 3613 4647 Ὅταν
3649 4590 3751 4650 οὖν

2164 4691 2436 4764 ἐννοῶμεν
2476 4690 2666 4755 τοῦτο,
2712 4688 2877 4769 οὐδὲ.νί
2912 4687 3207 4759 ἀδικοῦμεν
3248 4688 3348 4757 τὴν
3398 4688 3477 4752 εἰς
3517 4687 3751 4759 ἑνότητα

2164 4787 2493 4858 συνδρομὴν,
2517 4788 2583 4845 ὲκ
2602 4782 2933 4853 δύονφκύσεων
2956 4780 3287 4851 γεγενῆσθαι
3309 4779 3578 4849 λέγοντες
3608 4780 3753 4850 μετὰ
3798 4816 3799 4825 η

2169 4880 2350 4951 μέντοι
2404 4879 2500 4949 τὴν
2544 4878 2738 4931 ἕνωσιν
2787 4876 2847 4928 ού
2896 4873 3215 4946 διαιροῦμεν
3262 4872 3363 4937 τὰς
3414 4872 3605 4943 φύσεις
3651 4874 3752 4928 ἀπ’

2167 4967 2439 5039 ἀλλήλων,
2474 4967 2595 5020 οὐδὲ
2628 4969 2707 5029 εἰς
2747 4965 2841 5018 δύο
2874 4966 3146 5035 τέμνομεν
3186 4965 3351 5028 Υίοὺς
3391 4965 3482 5018 τὸν
3518 4965 3615 5019 ἕνα
3652 4968 3755 5020 καὶ

2170 5061 2487 5132 ἀμέριστον,
2519 5058 2633 5112 ἀλλ’
2664 5059 2760 5111 ξένα
2805 5059 2986 5128 φαμὲν
3012 5057 3157 5122 Υἱδν,
3191 5059 3285 5112 καὶ
3314 5058 3390 5123 ὼς
3416 5060 3466 5110 οἱ
3506 5058 3756 5130 Πατέρες

2167 5156 2443 5225 εἰρήκασι,
2477 5151 2604 5222 μίαν
2636 5152 2796 5222 φύσιν
2821 5151 2915 5205 τοῦ
2942 5148 3077 5206 Θεοῦ
3107 5151 3277 5222 Λόγου
3302 5152 3754 5227 σεσαρκωμένην.

2168 5243 2378 5299 Οὐκοῦν
2407 5244 2530 5296 ὅσον
2566 5243 2664 5312 μὲν
2695 5239 2829 5313 ἧκεν
2868 5244 2946 5306 εἰς
2976 5242 3206 5309 ἔννοιαν,
3248 5241 3342 5296 καὶ⁸
3379 5242 3460 5305 εἷς
3490 5259 3551 5311 γε
3590 5241 3756 5311 μόνον

2164 5336 2224 5389 τὸ
2257 5335 2389 5405 όρᾷν
2435 5334 2547 5396 τοῖς
2583 5335 2684 5405 τῆς
2724 5334 2901 5405 ψυχῆς
2927 5332 3171 5404 ὄμμασι,
3206 5332 3327 5387 τίνα
3360 5332 3560 5405 τρόπον
3592 5332 3756 5401 ἐνην-

1590 5599 1761 5655 Variae
1793 5598 2057 5655 lectiones
2082 5599 2289 5657 codicis
2320 5600 2683 5674 Seguieriani.

546 5709 576 5753 ιι
606 5712 695 5766 ισ.
722 5711 995 5771 καθίκετο.
