4044 6212
289 358 399 419 133
1672 322 1881 411 EPISTt

1980 356 2009 411 ι
2044 354 2207 412 XLV.
3433 357 3541 414 254

290 482 587 557 ορώπησεν
612 482 643 535 ὁ
670 478 1015 551 Μονογενὴς,
1047 479 1141 535 δύο
1170 479 1267 544 τὰς
1300 478 1494 550 φύσεις
1522 475 1662 534 εἷναί
1691 496 1872 550 φαμεν

1980 481 2137 543 lium,
2167 489 2244 545 et,
2284 489 2344 535 ut
2368 482 2543 537 sancti
2582 482 2772 537 Patres
2792 479 3068 544 dixerunt,
3097 493 3262 534 unam
3293 486 3547 534 naturam

289 576 397 638 τὰς
416 571 727 635 ἐνωθείσας.
759 571 856 625 ενα
879 570 939 623 δὲ
973 570 1205 642 Χριστὸν
1230 570 1330 626 καὶ
1355 570 1483 623 Υίδν
1513 571 1608 624 καὶ
1642 570 1871 643 Κύριον,

1980 571 2072 627 Dei
2106 570 2272 627 Verbi
2310 572 2667 627 incarnatam.
2698 571 2887 638 ltaque
2916 576 3180 639 quantum
3204 568 3272 625 ad
3291 567 3548 624 conside-

290 665 390 720 τὸν
430 662 523 717 τοῦ
558 661 696 716 θεοῦ
730 660 949 732 Πατρδς
994 662 1191 730 Λόγον,
1240 662 1743 733 ὲνανθρωπήσαντα
1779 662 1876 716 καὶ¹

1980 661 2209 717 randum
2231 662 2449 725 attinet,
2467 669 2629 732 atque
2647 660 2814 716 animi
2834 659 3011 714 oculis
3028 658 3405 714 tantummodo
3421 673 3552 713 con-

290 754 736 826 στσαριιωμὲνον.
766 752 879 807 Καὶ
898 791 915 813 .
940 754 990 806 εί
1012 753 1193 819 δοκεῖ,
1218 752 1505 825 δεξώμεθα
1537 752 1674 824 πρὸς
1699 753 1877 824 παρά·

1980 750 2350 820 templandum
2371 749 2649 820 quomodo
2671 750 2838 805 homo
2868 748 3047 804 factus
3079 749 3152 803 sit
3178 749 3269 802 ille
3288 747 3552 819 Unigeni-

285 847 492 917 δειτμα
514 845 618 916 τὴν
638 844 763 897 καθ’
786 845 937 916 ἡμᾶς
959 845 1160 911 αὐτοὺς
1182 845 1451 908 σύνθεσιν,
1472 843 1594 898 καθ’
1615 845 1686 916 ἢν
1708 846 1877 916 ἐσμεν

1980 846 2087 905 tus,
2112 842 2251 897 duas
2276 849 2505 896 naturas
2546 840 2728 897 unitas
2763 855 2887 897 esse
2916 840 3172 906 dicimus,
3218 855 3389 894 unum
3420 854 3554 894 vero

282 937 596 1009 ἄνθρωποι.
626 935 1026 1007 Συντεθιίμεθα
1047 938 1157 1009 γὰρ
1188 938 1254 990 ἐκ
1274 936 1454 1007 ψυχῆς
1478 935 1574 989 καὶ
1604 934 1875 1005 σώματος,

283 1028 383 1080 καὶ
413 1025 641 1098 ὁρῶμεν
667 1024 763 1079 δύο
790 1024 1011 1096 φύσεις,
1042 1026 1235 1097 ἑτέραν
1260 1027 1380 1097 μὲν,
1423 1026 1525 1097 τὴν
1563 1023 1659 1078 τοῦ
1690 1023 1879 1095 σῶμα⁴

279 1133 411 1182 τος,
447 1117 649 1188 ἑτέραν
685 1116 744 1169 δὲ
762 1158 778 1179 ,
809 1116 909 1187 τὴν
938 1117 1038 1187 τῆς
1058 1116 1252 1187 ⁸ψυχῆς
1271 1133 1285 1147 ·
1314 1116 1428 1171 ἀλλ’
1468 1112 1550 1181 εἷς
1583 1117 1643 1183 ἑξ
1674 1117 1880 1188 ἀμφοῖν

280 1209 417 1263 καθ’
451 1209 653 1263 ἕνωσιν
683 1207 992 1279 ἄνθρωπος.
1022 1208 1134 1263 Καὶ
1157 1208 1257 1279 ούχ
1286 1209 1368 1263 ὅτι
1391 1210 1456 1262 ὲκ
1483 1208 1578 1263 δύο
1607 1207 1880 1262 συντέθει-

275 1316 375 1353 ται
403 1299 628 1369 φύσεων
650 1301 682 1353 ό
708 1298 1018 1370 ἄνθρωπος,
1047 1298 1140 1353 δύο
1168 1299 1491 1371 ἀνθρώπως
1520 1301 1611 1355 τδν
1661 1300 1759 1353 ἕνα
1789 1316 1879 1353 νο-

281 1388 545 1459 μιστέον,
571 1389 689 1443 ἀλλ’
717 1389 815 1443 ἕνα
841 1389 933 1442 τὸν
958 1389 1119 1442 αὐτὸν
1150 1390 1295 1445 κατά
1320 1390 1589 1452 σύνθεσιν,
1617 1391 1695 1454 ὡς
1718 1390 1877 1460 ἔφην,

277 1480 383 1535 τὸν
418 1482 488 1533 ἐκ
511 1480 694 1551 ψυχῆς
732 1482 827 1534 καὶ
882 1481 1154 1552 σώματος.
1199 1482 1326 1536 Ἐὰν
1353 1483 1462 1554 γὰρ
1490 1482 1769 1555 ἀνέλωμεν
1799 1483 1880 1549 τὸ,

112 1600 123 1609 ,
242 1590 247 1647 ι
276 1572 372 1624 ὅτι
404 1570 480 1624 ὲκ
506 1570 604 1624 δύο
628 1572 723 1625 καὶ
746 1572 1020 1644 διαφόρων
1046 1573 1263 1643 φύσεων
1287 1575 1319 1627 ὁ
1347 1569 1429 1638 εἷς
1455 1576 1552 1629 καὶ
1578 1575 1738 1647 μόνος
1765 1578 1881 1631 ἐστὶ

224 1664 245 1731 j
277 1663 560 1734 Χριστὸς,
595 1664 961 1728 ἀδιάσπαστος
985 1664 1062 1718 ὢν
1091 1665 1185 1719 καὶ
1217 1667 1353 1737 μετά
1374 1665 1473 1737 τὴν
1490 1667 1703 1733 ἕνωσιν,
1727 1667 1884 1739 ἐροῦ·

1974 932 2258 990 Christum
2298 940 2356 988 et
2407 933 2605 988 Filium
2631 941 2690 988 et
2737 932 3029 987 Dominum
3073 932 3208 987 illud
3252 931 3349 987 Dei
3377 931 3555 987 Patris

1976 1025 2216 1080 Verbum
2247 1023 2525 1079 hominem
2551 1023 2756 1078 factum
2776 1030 2834 1078 et
2857 1022 3202 1078 incarnatum
3235 1023 3551 1078 asserimus.

1976 1114 2066 1177 At,
2094 1113 2139 1168 si
2189 1114 2397 1183 placet,
2440 1113 2582 1168 hanc
2611 1112 2784 1183 ipsam
2828 1121 3071 1168 nostram
3101 1112 3554 1184 compositionem

1976 1219 2085 1274 qua
2105 1217 2295 1258 sumus
2321 1202 2593 1268 homines,
2619 1202 2676 1256 in
2688 1202 2997 1272 exemplum
3020 1203 3180 1273 138
3200 1204 3555 1274 accipiamus.

1979 1294 2060 1350 Ex
2079 1294 2263 1349 anima
2275 1310 2510 1365 namque
2525 1304 2581 1350 et
2596 1309 2830 1364 corpore
2847 1309 3037 1350 sumus
3058 1293 3368 1365 compositi,
3393 1296 3558 1352 duas-

1977 1400 2087 1456 que
2115 1393 2345 1440 naturas
2388 1385 2697 1449 intuemur,
2745 1385 2975 1440 alteram
3006 1387 3289 1455 corporis.
3324 1388 3555 1442 alteram

1978 1476 2177 1532 anima:
2213 1475 2353 1531 :sed
2389 1490 2534 1531 unus
2569 1491 2637 1531 ex
2660 1475 2950 1544 utriusque
2973 1474 3178 1529 unione
3208 1485 3421 1530 constat
3454 1476 3557 1530 ho-

1980 1582 2090 1623 mo.
2113 1567 2304 1637 Neque
2330 1580 2462 1623 vero
2488 1566 2618 1637 quia
2644 1582 2711 1621 ex
2742 1566 2957 1622 duabus
2983 1566 3198 1622 naturis
3220 1567 3387 1621 homo
3408 1583 3559 1623 com-

1980 1659 2194 1728 positus
2213 1668 2318 1722 est,
2346 1658 2486 1713 duos
2512 1666 2705 1728 putare
2722 1658 2990 1713 debemus
3012 1658 3265 1714 homines
3291 1659 3385 1729 qui
3414 1674 3560 1714 unus

279 1769 379 1807 σιν
416 1755 473 1807 οἱ
508 1756 577 1826 τῇ
604 1752 949 1834 ὀρθῇ-δόξειε
993 1756 1310 1828 μαχόμενοι·
1354 1759 1416 1812 Ei
1464 1757 1565 1829 μία
1615 1758 1778 1828 φύσις
1821 1759 1881 1813 τὸ

1980 1758 2086 1815 est,
2114 1750 2211 1806 sed
2233 1766 2404 1805 unum
2425 1750 2681 1805 eumdem
2706 1765 2807 1819 per
2827 1750 3302 1820 compositionem,
3332 1759 3394 1806 ut
3420 1751 3555 1819 dixi,

276 1843 445 1909 ὅλον,
477 1845 598 1908 πῶς
636 1831 1074 1918 ἑνηνθ-ρῖὃπησεν,
1118 1848 1152 1919 ἢ
1206 1848 1363 1903 ποίαν
1404 1849 1540 1904 ίδίαν
1584 1850 1881 1921 ἐποιήσατο

1981 1843 2076 1911 qui
2107 1858 2177 1898 ex
2200 1842 2382 1898 anima
2410 1850 2626 1898 constat
2654 1851 2712 1897 et
2743 1857 2997 1912 corpore.
3029 1841 3164 1896 Nam
3196 1842 3242 1897 si
3270 1843 3560 1914 negaveri-

277 1936 519 2006 σάρκας
565 1935 783 2006 ἐπειδὴ
808 1936 865 1990 δὲ
894 1930 1055 2009 εὖρον
1087 1937 1146 1991 ὲν
1175 1937 1255 2009 τῷ
1278 1938 1673 2009 ύπομνηστικῷ
1702 1938 1883 2010 ἐμφα-

280 2027 379 2080 σξν
408 2043 540 2080 τινα
580 2027 741 2095 λόγου
768 2028 1051 2099 τοιαύτην,
1085 2030 1169 2083 δτι
1201 2030 1341 2101 μετά
1369 2030 1469 2102 τὴν
1495 2031 1793 2085 ἀνάστασιν
1822 2032 1883 2087 τὸ

276 2118 460 2188 ἆγιον
506 2118 670 2189 σῶμα
718 2117 812 2172 τοῦ
859 2119 1082 2175 πάντων
1131 2121 1289 2192 ἡμῶν
1324 2122 1575 2193 Σωτῆρος
1601 2122 1837 2194 Χριστοῦ
1862 2163 1878 2187 ,

276 2214 371 2275 εἰς
396 2210 635 2281 θεᾶτητα
658 2249 674 2276 ,
725 2212 863 2284 φησὶ
897 2211 943 2277 τ,
983 2210 1460 2284 μτακεχώρηκεν,
1511 2212 1589 2277 ὡς
1636 2208 1775 2267 εἶναι
1820 2215 1882 2268 τὸ

277 2300 423 2354 ὅλον
457 2299 687 2369 θεότητα
720 2300 912 2372 μόνην,
945 2299 1058 2354 δεῖν
1100 2300 1287 2372 ᾠήθην
1320 2301 1416 2355 καὶ
1445 2302 1584 2372 πρός
1610 2318 1677 2371 γε
1718 2302 1881 2356 τοῦτο

279 2390 501 2443 εἰπεῖν.
542 2388 752 2453 Παῦλος
779 2391 810 2443 ό
852 2390 1125 2461 μακάριος
1150 2389 1352 2461 γράφει
1392 2393 1495 2461 τῆς
1527 2392 1879 2465 ἑνανθρωπή-

283 2497 445 2544 ne;
489 2479 589 2534 τοῦ
617 2480 941 2552 μονογενοῦς
972 2480 1104 2535 Υίοῦ
1137 2481 1237 2536 τοῦ
1267 2480 1402 2535 Θεοῦ
1430 2483 1531 2549 τὰς
1576 2485 1757 2549 αίτίας
1788 2485 1877 2551 ἐξ·

280 2570 629 2644 παιόμενος,
664 2572 793 2625 ποτὲ
831 2571 953 2642 μὲν,
982 2571 1067 2626 ὅτι
1101 2590 1121 2625 ι
1154 2572 1228 2626 Τὸ
1249 2571 1358 2643 γὰρ
1383 2573 1641 2628 ἀδύνατον
1661 2575 1756 2629 τοῦ
1789 2577 1878 2630 νό-

284 2681 429 2734 μου,
459 2655 585 2730 tu}:
608 2663 825 2732 ἠσθένει
849 2664 938 2717 διά
957 2663 1057 2735 τῆς
1087 2665 1311 2736 σαρκὸς,
1340 2667 1371 2719 ὁ
1399 2665 1531 2729 Θεὸς
1563 2667 1654 2720 τὸν
1682 2668 1878 2723 ἑαυτοῦ

282 2756 433 2810 Υἱδν
479 2755 709 2826 πέμψας
750 2756 811 2808 ἐν
843 2755 1151 2827 ὁμοιώματι
1209 2756 1411 2827 σαρκὸς
1445 2758 1750 2829 ἁμαρτίας,
1782 2759 1881 2814 καὶ

284 2846 432 2917 περὶ
455 2846 737 2916 ἁμαρτίας
773 2845 1064 2916 κατέκρινε
1085 2846 1184 2915 τὴν
1210 2846 1487 2917 ἁμαρτίαν
1511 2849 1572 2900 ὲν
1596 2848 1662 2917 τῇ
1690 2848 1876 2917 σαρκὶ,

283 2940 385 2995 ινα
416 2938 481 2992 τδ
508 2938 791 3008 δικαίωμα
812 2936 907 2991 τοῦ
937 2938 1104 3008 νόμον
1129 2937 1391 3009 πληρωθῇ
1417 2939 1476 2991 ὲν
1500 2938 1634 3009 ἡμῖν
1658 2940 1774 3003 τοῖς
1803 2938 1879 3012 μὴ

285 3029 447 3083 κατά
500 3028 683 3099 σάρκα
728 3028 1143 3098 περιπατοῦσιν,
1191 3028 1328 3083 ἀλλὰ
1368 3029 1507 3083 κατά
1549 3028 1792 3101 Πνεῦμα·
1849 3049 1870 3081 ι

1984 1948 2108 1989 mus
2126 1948 2196 1988 ex
2226 1933 2443 1989 duabus
2467 1934 2810 2003 diversisque
2853 1933 3064 1988 naturis
3093 1949 3263 1988 unum
3287 1950 3355 1989 ac
3381 1935 3559 1989 solum

1980 2037 2102 2078 esse
2123 2022 2403 2079 Christum
2433 2023 2529 2094 qui
2559 2032 2683 2094 post
2718 2024 2978 2080 unionem
3015 2024 3187 2079 dividi
3219 2040 3328 2079 non
3361 2026 3555 2095 possit,

1981 2113 2184 2170 dicturi
2219 2123 2350 2171 sunt
2390 2117 2483 2185 qui
2524 2131 2651 2171 cum
2687 2124 2836 2172 recta
2867 2116 2973 2172 ﬁde
3001 2117 3205 2173 bellum
3231 2128 3467 2189 gerunt:
3497 2119 3556 2173 Si

1983 2213 2159 2261 totum
2192 2222 2300 2263 una
2327 2215 2414 2263 est
2451 2215 2680 2273 natura,
2731 2209 3009 2278 quomodo
3035 2209 3214 2265 factus
3254 2219 3340 2266 est
3370 2211 3553 2277 homo.

1979 2308 2214 2364 quamve
2244 2310 2467 2352 carnem
2504 2298 2785 2367 propriam
2829 2297 3004 2353 fecit?
3042 2298 3313 2366 Quoniam
3336 2315 3471 2356 vero
3500 2301 3554 2356 in

1981 2384 2101 2455 ipso
2120 2386 2543 2443 commonitorio
2579 2387 2810 2443 famam
2837 2391 3132 2459 quamdam
3163 2393 3434 2449 sermonis
3455 2394 3557 2448 hu-

1974 2476 2284 2547 juscemodi
2328 2478 2531 2548 reperi,
2576 2478 2724 2548 quod
2748 2488 2875 2548 post
2921 2483 3386 2537 resurrectionem
3431 2499 3558 2539 san-

1978 2578 2128 2624 ctum
2155 2569 2289 2625 illud
2318 2585 2522 2640 corpus
2542 2573 2719 2627 nostri
2749 2573 2994 2627 omnium
3020 2574 3318 2630 Salvatoris
3347 2575 3553 2632 Christi
3671 2620 3679 2625 .

1980 2659 2037 2715 in
2059 2659 2368 2717 divinitatis
2388 2669 2643 2716 naturam
2683 2664 2988 2727 transierit,
3017 2673 3080 2719 ut
3123 2672 3299 2719 totum
3333 2668 3406 2721 sit
3437 2668 3553 2720 sola

1978 2750 2272 2818 divinitas;
2321 2751 2392 2806 ad
2450 2753 2557 2807 hoc
2582 2767 2805 2822 quoque
2851 2755 3293 2823 respondendum
3336 2759 3548 2811 censui.

1977 2844 2180 2899 Beatus
2219 2843 2445 2909 Paulus,
2472 2858 2665 2899 causas
2706 2845 3102 2901 incarnationis
3129 2848 3397 2919 unigeniti
3429 2852 3549 2906 Filii

1978 2931 2076 2987 Dei
2116 2947 2416 3002 exponens,
2447 2949 2596 2989 nunc
2633 2935 2855 3004 quidem
2885 2937 3118 2992 scribit:
3160 2958 3183 2993 ι
3206 2939 3361 3007 Quod
3403 2943 3548 2997 enim
3586 2964 3591 2969 ·

1980 3023 2318 3095 impossibile
2349 3034 2466 3080 erat
2492 3026 2649 3096 legis,
2674 3026 2728 3081 in
2750 3043 2860 3097 quo
2884 3027 3269 3085 inﬂrmabatur
3293 3049 3394 3102 per
3430 3049 3552 3089 car-

283 3118 437 3171 ςοτὲ
463 3118 526 3171 δὲ
559 3118 740 3171 πάλιν·
776 3138 794 3168 ι
845 3117 1062 3191 Ἐπειδὴ
1096 3118 1206 3191 γὰρ
1229 3120 1297 3174 τὰ
1325 3120 1511 3176 παιδία
1552 3120 1874 3194 κεκοινώνηο

1980 3130 2126 3180 nem,
2159 3116 2306 3172 Deus
2325 3115 2524 3171 Filium
2546 3117 2707 3172 suum
2730 3118 2955 3172 mittens
2978 3118 3031 3173 in
3047 3119 3407 3178 similitudine
3429 3139 3551 3179 car-

284 3227 400 3264 κεν
448 3209 686 3278 αἵματος
725 3211 818 3263 καὶ
867 3210 1088 3281 σαρκὸς,
1137 3212 1232 3266 καὶ
1275 3212 1438 3276 αὐτὸς
1481 3213 1878 3285 παραπλησίως

1980 3206 2066 3262 nis
2110 3207 2344 3276 peccati,
2388 3216 2446 3261 et
2474 3207 2543 3262 de
2585 3218 2808 3278 peccato
2846 3210 3126 3267 damnavit
3175 3226 3459 3284 peccatum
3495 3220 3551 3273 in

284 3301 557 3370 μετέσχε
580 3300 685 3353 τῶν
721 3301 917 3365 αὐτῶν,
953 3302 1042 3356 ἵνα
1064 3303 1155 3356 διὰ
1175 3303 1270 3357 τοῦ
1299 3303 1530 3360 Θανάτου
1555 3308 1878 3378 καταργήσῃ

284 3394 400 3446 τὸν
448 3393 520 3444 τὸ
564 3393 750 3463 κράτος
780 3394 971 3464 ἔχοντα
1002 3393 1098 3448 τοῦ
1123 3394 1355 3450 θανάτου
1375 3435 1393 3461 ,
1422 3395 1567 3450 τοῦτ’
1615 3397 1763 3463 ἔστι,
1789 3398 1881 3452 τδν

283 3482 581 3548 διάϐολον,
611 3484 702 3536 καὶ
724 3484 1004 3555 ἀπαλλάξῃ
1044 3484 1267 3550 τούτους
1286 3527 1303 3552 ,
1324 3487 1442 3542 ὅσοι
1468 3487 1619 3560 φόϐῳ
1647 3488 1879 3544 θανάτου

288 3575 605 3639 διαπαντὸς
622 3576 716 3630 τοῦ
734 3575 833 3648 ζῇν
849 3576 1021 3648 ἔνοχοι
1035 3573 1175 3649 ἦσαν
1190 3578 1455 3643 δουλείας.
1478 3580 1553 3633 Oti
1572 3580 1680 3652 γὰρ
1698 3582 1762 3652 δή
1775 3598 1879 3636 που

292 3666 559 3735 ἀγγέλων
595 3667 1029 3738 ἐπιλαμϐάνεται
1050 3712 1066 3735 ,
1095 3670 1234 3724 ἀλλά
1262 3670 1576 3742 σπέρματος
1630 3671 1883 3742 ’Δόραάμ

294 3758 743 3829 ἐπιλαμϐάνεται
768 3777 783 3791 ο
812 3758 932 3813 ὅθεν
961 3759 1158 3829 ὤφειλε
1195 3761 1337 3815 κατά
1369 3761 1545 3817 πάντα
1578 3766 1691 3827 τοῖς
1730 3765 1882 3817 ἀδελ-

298 3853 422 3920 φοῖς
446 3851 810 3921 ὁμοιωθῆναι.
844 3871 863 3903 ι
892 3853 1075 3923 Φαμὲν
1095 3849 1188 3907 οὖν
1210 3855 1293 3907 ὅτι
1313 3853 1377 3907 ἐκ
1398 3857 1494 3925 τῆς
1520 3856 1883 3927 παραϐάσεως

297 3941 395 3994 τοῦ
444 3940 624 4012 ’Δδάμ
666 3941 767 4011 τῆς
799 3942 1147 4015 ἀνθρωπίνης
1195 3941 1408 4014 φύσεως
1458 3945 1734 4015 παθούσης
1783 3947 1884 4016 τὴν

299 4030 541 4101 φθορὰν,
570 4032 668 4086 καὶ
697 4034 1138 4104 τυραννουμένης
1169 4036 1269 4107 τῆς
1298 4037 1355 4088 ὲν
1386 4037 1517 4108 ἡμῖν
1548 4036 1786 4099 διανοίας
1818 4040 1883 4090 ἐκ

297 4121 413 4175 τῶν
453 4125 559 4192 τῆς
586 4122 794 4193 σαρκὸς
829 4124 1054 4195 ἡδονῶν,
1088 4127 1206 4195 ἦτοι
1249 4126 1566 4197 κινημάτων
1599 4127 1881 4196 ἐμφύτων,

298 4214 609 4280 ἀναγκαῖον
653 4213 874 4282 γέγονεν
917 4218 1048 4287 ημῖν
1085 4219 1166 4281 εἰς
1205 4218 1478 4290 σωτηρίαν
1523 4222 1631 4282 τοῖς
1664 4220 1755 4271 ἐπὶ
1785 4221 1885 4290 τῆς

299 4304 410 4372 τῆς
442 4301 531 4365 τὸ,
569 4302 987 4374 ἑνανθρωπῆσαι
1022 4305 1114 4357 τὸν
1154 4306 1248 4359 τοῦ
1281 4306 1415 4359 Θεοῦ
1441 4307 1632 4377 Λόγον,
1672 4308 1761 4361 ἵνα
1786 4308 1883 4381 τὴν

306 4391 493 4460 αᾶρκα
530 4391 631 4462 τὴν
673 4391 1018 4465 ἀνθρωπίνην
1064 4396 1501 4466 ὑπενηνεγμένην
1543 4399 1609 4468 τῇ
1669 4396 1881 4468 φθορᾷ,

1976 3313 2165 3364 carne,
2194 3309 2257 3354 ut
2286 3299 2609 3370 justiﬁeatio
2637 3303 2773 3373 legis
2812 3303 3133 3374 impleretur
3169 3309 3223 3361 in
3263 3310 3424 3366 nobis
3456 3314 3551 3380 qui

1980 3407 2089 3447 non
2127 3392 2431 3448 secundum
2459 3408 2681 3449 carnem
2712 3396 3084 3462 ambulamus,
3115 3400 3210 3454 sed
3247 3403 3549 3458 secundum

1980 3483 2247 3552 Spiritum
2270 3484 2334 3538 “.
2377 3503 2396 3536 ι
2443 3484 2601 3539 Nunc
2648 3501 2844 3541 rursus
2904 3505 2919 3541 :
2967 3487 3149 3554 «Quia
3203 3505 3338 3562 ergo
3392 3497 3549 3562 pueri

1979 3576 2529 3631 communicaverunt
2565 3577 2719 3630 carni
2763 3586 2821 3632 et
2847 3580 3122 3648 sanguini,
3155 3590 3210 3634 et
3244 3583 3359 3651 ipse
3395 3584 3549 3639 simi—

1981 3666 2109 3721 liter
2146 3667 2740 3736 participaviteisdem,
2761 3676 2824 3722 ut
2854 3684 2955 3737 per
2980 3679 3214 3725 mortem
3240 3673 3552 3730 destrueret

1978 3771 2109 3810 eum
2131 3756 2225 3824 qui
2266 3756 2504 3810 habebat
2543 3758 2738 3811 mortis
2779 3757 3093 3827 imperium,
3133 3762 3187 3815 id
3223 3770 3329 3829 est,
3358 3764 3551 3822 diabo—

1954 3862 1969 3868 ί
1982 3846 2117 3909 lum,
2131 3854 2188 3898 et
2212 3845 2476 3900 liberaret
2497 3846 2709 3915 eos-qui
2729 3846 2929 3903 timore
2954 3851 3149 3905 mortis
3164 3867 3268 3925 per
3287 3861 3455 3910 totam
3474 3860 3553 3912 vi-

1985 3944 2093 3990 tam
2111 3936 2336 3991 obnoxii
2362 3946 2521 3992 erant
2549 3937 2822 3993 servituti.
2856 3938 3138 4011 Nusquam
3159 3945 3307 3999 enim
3331 3950 3553 4018 angelos

1982 4027 2366 4097 apprehendit,
2396 4028 2493 4084 sed
2516 4044 2703 4084 semen
2720 4029 2954 4086 Abrahae
2973 4035 3338 4103 apprehendit
3365 4056 3377 4092 :
3408 4041 3554 4095 unde

1980 4118 2174 4174 debuit
2204 4135 2302 4188 per
2333 4119 2516 4175 omnia
2554 4120 2820 4175 fratribus
2845 4122 3074 4177 similari
3094 4125 3156 4179 ³⁸.
3190 4145 3210 4177 ι
3244 4126 3555 4183 Asserimus

1984 4214 2149 4284 igitur
2165 4230 2231 4269 ex
2252 4214 2421 4269 Adam
2440 4214 2881 4285 praevaricatione
2903 4216 3194 4273 humanam
3224 4228 3473 4276 naturam
3496 4224 3553 4278 in

1982 4305 2393 4375 corruptionem
2421 4305 2699 4370 incidisse,
2730 4321 2964 4375 cumquo
2994 4310 3214 4364 animus
3240 4323 3428 4367 noster
3453 4330 3553 4368 vo-

1984 4398 2252 4466 luptatum
2293 4396 2494 4462 carnis,
2541 4412 2607 4451 ac
2645 4405 2892 4451 motuum
2942 4396 3230 4453 insilorum
3271 4405 3557 4473 tyrannieo

304 4482 403 4535 καὶ
473 4484 783 4553 νοσήσασαν
846 4485 907 4537 τὺ
984 4485 1293 4556 φιλήδονον,
1365 4487 1501 4540 ἰδίαν
1552 4489 1877 4559 ποιήσηται·

1985 4488 2266 4543 dominatu
2286 4496 2648 4557 premeretur,
2666 4488 3032 4543 necessarium
3053 4490 3119 4543 ad
3134 4492 3361 4546 salutem
3386 4494 3555 4550 fuisse

302 4572 405 4624 καὶ
441 4572 747 4644 ὶπειδήπερ
794 4575 910 4628 ἐστὶ
938 4574 1051 4646 ζωὴ
1090 4578 1183 4631 καὶ
1220 4576 1477 4642 ζωοποιὸς
1501 4618 1515 4641 ,
1561 4581 1885 4651 καταργήσῃ

304 4662 417 4732 μὲν
478 4663 581 4735 τὴν
626 4665 686 4717 ὲν
724 4664 885 4737 αὐτῇο
912 4665 1140 4737 φθορὰν,
1189 4670 1491 4740 ἐπιτιμήσῃ
1528 4669 1585 4722 δὲ
1636 4670 1727 4723 καὶ
1773 4672 1888 4734 τοῖς

303 4751 578 4822 ὲμφύτοις
604 4755 888 4825 κινήμασι,
928 4758 1043 4820 τοῖς
1068 4756 1147 4820 εἰς
1181 4756 1492 4826 φιληδονίαν
1526 4758 1749 4829 δηλαδή.
1776 4754 1885 4811 τΗν

302 4843 429 4912 γὰρ
467 4842 607 4897 οὕτω
650 4843 986 4917 νεκρωθῆναι
1025 4847 1124 4919 τὴν
1172 4848 1444 4919 ἁμαρτίαν
1475 4848 1572 4919 τὴν
1619 4850 1678 4902 ὲν
1723 4850 1882 4921 αὐτῇ.

301 4934 661 5005 Πεμνήμεθα
679 4937 738 4990 δὲ
759 4938 853 4991 καὶ
869 4936 965 4991 τοῦ
992 4939 1261 5009 μακαρίου
1285 4940 1497 4994 Παύλου
1519 4942 1682 5011 νόμον
1702 4944 1886 5013 ἁμαρ-

300 5026 437 5087 τω
457 5025 783 5091 καλέσαντος
807 5027 870 5081 τδ
895 5030 953 5081 ἐν
985 5030 1116 5099 ἡμῖν
1147 5029 1388 5100 ἔμφυτον
1414 5032 1640 5101 κίνημα.
1671 5031 1883 5087 Οὐκοῦν

302 5115 664 5187 ἑπειδήπερὴ
686 5117 1004 5192 ἀνθρωπίνη
1035 5119 1171 5190 σὰρξ
1194 5122 1417 5189 γέγονεν
1446 5120 1548 5175 ἰδία
1567 5121 1661 5175 τοῦ
1686 5121 1885 5190 Λόγου,

304 5206 592 5260 πέπαυται
618 5209 722 5282 μὲν
751 5209 812 5262 τὸ
840 5210 1206 5281 ὑποφέρεσθαι
1245 5214 1312 5283 τῇ
1350 5211 1545 5284 φθορᾷ⁸
1577 5214 1671 5267 καὶ
1697 5215 1886 5287 ἐπειδὴ

298 5297 589 5368 ἁμαρτίαν
619 5299 721 5353 ούκ
752 5299 1008 5371 ἐποίησεν
1038 5299 1114 5366 ὡς
1153 5300 1306 5367 Θεὸς,
1340 5303 1759 5375 οἰκειωσάμενος
1790 5306 1888 5359 αύ-

1987 4581 2148 4636 nobis
2169 4580 2266 4650 qui
2296 4580 2351 4633 in
2378 4578 2540 4636 terris
2571 4578 2847 4650 degimus,
2865 4579 2961 4633 Dei
2997 4580 3236 4635 Verbum
3275 4583 3552 4639 hominem

1987 4669 2127 4735 ﬁeri,
2158 4680 2219 4725 ut
2258 4670 2554 4724 humanam
2590 4682 2811 4723 carnem
2861 4669 3202 4738 corruptioni
3250 4671 3550 4743 subiectam

1985 4770 2042 4816 et
2062 4760 2402 4830 voluptatum
2418 4758 2720 4828 cupiditate
2746 4758 3082 4813 laborantem
3113 4760 3391 4828 propriam
3413 4762 3555 4817 lacc-

1987 4858 2103 4915 ret;
2125 4856 2181 4903 et
2200 4863 2326 4903 cum
2349 4847 2462 4901 vita
2486 4847 2558 4901 sit
2582 4862 2647 4901 ac
2672 4845 2997 4911 viviﬁcator,
3028 4846 3338 4904 destrueret
3357 4865 3553 4906 corru-

1988 4940 2232 5009 ptionem
2266 4955 2387 5009 quae
2424 4939 2571 4992 illam
2623 4938 2917 5001 invaserat,
2943 4946 3000 4994 et
3038 4939 3232 4994 insitos
3269 4951 3452 5001 motus
3484 4944 3555 4997 ad

1984 5029 2484 5099 concupiscentiam
2522 5044 2589 5084 ac
2617 5030 2953 5099 voluptatem
2988 5031 3370 5099 pertrahentes
3407 5048 3559 5114 com:

1984 5129 2252 5192 posceret.
2284 5120 2397 5176 Hac
2419 5136 2658 5191 namque
2689 5121 2903 5176 ratione
2925 5122 3237 5178 mortificari
3261 5135 3479 5194 poterat
3500 5128 3557 5182 in

1985 5226 2176 5272 nostra
2210 5231 2376 5271 carne
2406 5224 2715 5286 peccatum.
2749 5216 3094 5273 Meminimus
3132 5220 3557 5278 etiambeatum

1986 5306 2277 5363 Paulum"
2299 5308 2477 5380 legem
2506 5308 2717 5380 peccati
2740 5308 3042 5379 appellasse
3085 5310 3278 5368 insitos
3312 5310 3469 5388 139
3498 5315 3559 5374 in

384 5449 430 5487 ⁸⁵
458 5453 614 5513 Rom.
648 5470 764 5520 rm,
796 5456 851 5521 '5,
885 5455 941 5510 4.
1017 5454 1063 5488 ³⁸
1092 5454 1262 5512 Hebr.
1294 5473 1355 5524 ιι,
1389 5457 1571 5513 14-17.
1648 5459 1696 5491 ⁸⁸
1725 5459 1883 5515 Rom.
1913 5476 2007 5528 νυ,
2041 5461 2131 5518 25.

1373 5614 1546 5672 Variae
1573 5616 1837 5675 lectiones
1864 5615 2073 5702 codicis
2109 5615 2472 5691 Seguieriani.

397 5768 524 5825 οισι,
558 5768 854 5842 ὀρθοδοξία.
938 5769 957 5808 ί
993 5771 1081 5826 te.
1111 5771 1362 5841 θεότητος
1399 5775 1579 5845 φύσιν.

629 5863 882 5927 Pauor.
950 5865 1065 5929 Gn.
1128 5867 1412 5934 LXXVII.
