4044 6212
240 357 346 415 237

1600 359 1936 418 EPISTOLA
1987 359 2170 417 XLVI.

3405 367 3510 420 238

240 476 435 544 πάσης
468 472 777 546 δρθοδοξίας
811 473 1038 545 μεστήν.
1080 473 1234 529 Ἐπεὶ
1261 475 1320 529 δὲ
1351 428 1616 548 ηλὲγχετο
1647 477 1743 530 καὶ
1777 474 1836 541 ἐξ

1944 483 2191 530 naturam
2219 475 2588 542 immutatum,
2618 492 2796 547 neque
2813 479 3100 551 quisquam
3121 497 3151 536 e
3181 481 3386 536 sanctis
3416 480 3518 537 Pa-

239 567 427 638 αύτῆς
450 567 765 638 Νεστόριος,
796 566 893 620 καὶ
913 568 962 620 οἱ
991 569 1058 637 τῇ
1081 566 1214 638 ὀρθῇ
1237 567 1418 621 πίστει
1446 568 1835 640 συναγορεύον-

238 675 371 723 τεςν
405 659 608 729 ταύτην
645 657 1152 726 ἀναγινώσκοντες,
1190 658 1565 725 ἐξεδυσὼπουν
1610 660 1737 724 τοὺς
1767 658 1839 712 τὰ

239 750 388 805 αὐτὰ
420 751 572 820 αὖτῷ
595 753 814 821 φρονεῖν
843 749 1152 814 ἐθέλοντας,
1173 751 1538 822 ἀπειρηκότες
1561 752 1696 824 πρὸς
1712 753 1838 815 τοὺς

241 843 499 896 ἐντεῦθεν
543 843 828 912 ἐλέγχους,
876 843 1296 912 ἐμηχανήσαντό
1345 861 1398 896 τι
1439 844 1697 914 πονηρὸν,
1747 845 1840 898 καὶ

243 933 340 1002 τῆς
369 933 663 1001 αίρετικῆς
689 931 1005 994 δυσσεϐείας
1024 931 1193 997 ἄξιον.
1222 934 1701 1005 Παραφθείραντες
1729 933 1840 1006 γὰρ

247 1024 340 1092 τὴν
385 1023 710 1093 ἐπιστολὴν,
751 1022 943 1076 καὶτὰ
981 1023 1078 1092 μὲν
1123 1023 1429 1091 ύφελόντες,
1467 1024 1536 1076 τὰ
1574 1024 1630 1076 δὲ
1670 1041 1840 1093 προσ-

246 1116 460 1176 θέντες,
525 1113 930 1166 ὲκδεδώκασιν·
971 1113 1051 1176 ὼς
1097 1113 1276 1166 δοκεῖν
1324 1115 1416 1167 καὶ
1463 1115 1555 1167 τὸν
1598 1114 1842 1184 ἀοίδιμον

248 1207 455 1258 ἐκεῖνον
485 1205 709 1275 συνῳδὰ
734 1203 814 1274 τῷ
847 1203 1129 1274 Νεστορίῳ
1159 1207 1399 1273 φρονεῖν,
1445 1204 1539 1256 καὶ
1566 1206 1679 1267 τοῖς
1705 1205 1842 1274 ἀμφ’

250 1296 426 1348 αὐτόν.
459 1292 575 1348 Ἦν
601 1291 700 1349 οὗν
728 1296 1028 1363 ἀναγκαῖον
1052 1295 1192 1366 ὑπὲρ
1220 1294 1316 1348 τοῦ
1343 1295 1417 1366 μὴ
1442 1295 1665 1348 κάκεῖσε
1690 1313 1843 1360 τινας

253 1387 726 1458 παρεφθαρμένην
772 1386 943 1454 αὐτὴν
993 1386 1400 1449 ἐπιδεικνύναι,
1450 1389 1514 1440 ὲκ
1560 1386 1669 1440 τῶν
1716 1388 1844 1459 παρ’

255 1482 382 1548 ἡμῖν
421 1479 785 1547 ἀντιγράφων
826 1477 889 1530 τὸ
919 1476 1035 1532 ἴσον
1071 1477 1371 1541 λαϐόντας,
1413 1478 1732 1531 ἀποστεῖλαι
1776 1481 1841 1550 τῇ

261 1571 325 1640 σῇ
383 1567 694 1638 θεοσεϐείᾳ.
741 1567 851 1619 Καὶ
897 1566 1006 1638 γὰρ
1045 1568 1074 1620 ὁ
1111 1566 1504 1630 εὐλαϐέστατος
1569 1566 1664 1619 καὶ
1723 1566 1846 1620 θεο-

261 1659 587 1722 σεϐέστατος
655 1658 755 1727 τῆς
848 1656 1167 1727 Ἐμεσηνῶν
1237 1657 1534 1721 ἐπίσκοπος
1598 1657 1844 1723 Παῦλος,

257 1750 425 1804 ἐλθὼν
470 1752 533 1802 ὲν
585 1747 998 1818 Ἀλεξανδρείᾳ,
1038 1748 1298 1820 κεκίνηκε
1349 1749 1478 1821 περὶ
1519 1747 1711 1802 τούτου
1757 1747 1846 1800 λό·

1940 569 2118 622 tribus
2145 576 2240 622 aut
2264 569 2434 624 sensit
2456 568 2773 633 autdocuit,
2802 587 2978 640 neque
3002 588 3101 626 nos
3126 573 3198 626 ita
3225 573 3513 626 sentimus.

1939 657 2129 726 Neque
2158 673 2290 712 vero
2332 657 2467 712 illud
2497 667 2588 712 tua
2626 658 2888 714 sanctitas
2930 661 3162 730 ignoret,
3195 661 3366 714 beaue
3400 677 3517 714 me-

1941 749 2130 803 moriae
2182 750 2399 803 Patrem
2478 759 2727 802 nostrum
2816 751 3173 805 Athanasium
3243 753 3520 822 quondam

1939 839 2366 894 Alexandrinum
2403 840 2720 914 episcopum
2747 881 2761 905 ,
2817 856 2941 895 eum
2983 857 3081 912 per
3129 843 3272 897 idem
3309 850 3526 913 tempus

1941 929 2272 999 qurestiones
2308 930 2586 982 nonnullae
2621 940 2992 994 moverentur,
3047 931 3332 1000 epistolam
3382 934 3517 987 scri-

1943 1023 2115 1092 psisse
2145 1021 2212 1076 ad
2239 1022 2549 1091 Epictetum
2583 1022 2996 1077 Corinthiorum
3027 1025 3369 1094 episcopum,
3403 1041 3523 1079 om-

1945 1111 2000 1164 ni
2052 1119 2330 1165 rectorum
2361 1110 2674 1180 dogmatum
2705 1112 3007 1167 assertione
3037 1114 3273 1183 plenam.
3302 1115 3371 1167 Et
3395 1116 3520 1183 quia

1942 1204 2108 1258 etiam
2141 1219 2209 1258 ex
2233 1219 2297 1258 ea
2330 1203 2614 1258 Nestorius
2637 1203 2987 1273 arguebatur,
3011 1214 3066 1259 et
3094 1213 3255 1259 recta:
3285 1204 3410 1259 ﬁdei
3432 1205 3527 1260 de-

1943 1293 2214 1355 fensores,
2258 1310 2381 1349 eum
2412 1309 2534 1348 eam
2577 1294 2843 1365 legerent,
2875 1295 3275 1350 convincebant
3303 1311 3400 1351 eos
3430 1299 3525 1368 qui

1944 1385 2183 1440 Nestorii
2212 1386 2540 1440 sententiam
2575 1385 3051 1455 amplexabantur,
3089 1386 3167 1440 illi
3195 1387 3526 1442 confutatio-

1944 1474 2110 1529 nibus
2147 1491 2215 1530 ex
2248 1490 2314 1530 ea
2352 1475 2582 1544 prolatis
2610 1475 2778 1540 victi,
2821 1475 3120 1531 machinati
3160 1485 3290 1532 sunt
3318 1476 3530 1533 facinus

1945 1563 2202 1620 haeretica
2227 1565 2508 1635 impietate
2530 1565 2934 1636 dignissimum.
2967 1566 3344 1623 Adulteratam
3370 1583 3528 1623 nam-

1945 1673 2052 1730 que
2081 1660 2393 1730 epistolam,
2413 1659 2745 1729 quibusdam
2776 1659 3099 1726 subtractis,
3118 1661 3403 1716 nonnullis
3431 1662 3529 1716 ad-

1939 1750 2123 1821 jectis,
2156 1750 2488 1817 ediderunt;
2513 1760 2576 1805 ut
2601 1751 2692 1804 ille
2715 1750 2800 1804 vir
2821 1751 3244 1820 probatissimns
3267 1753 3531 1807 consimi-

253 1860 365 1911 γον,
396 1842 492 1894 καὶ
539 1841 744 1912 εὑρέθη
799 1841 898 1910 μὲν
947 1839 1084 1910 ἔχων
1126 1840 1188 1893 τὸ
1229 1840 1344 1893 ἴσον
1377 1841 1479 1910 τῆς
1519 1839 1841 1910 ἐπιστολῆς,

1944 1843 2018 1897 lia
2048 1843 2304 1898 Nestorio
2325 1845 2551 1914 ejusque
2567 1843 2932 1898 sectatoribus
2959 1844 3204 1913 sapuisse
3225 1844 3527 1901 videretur.

254 1931 722 2004 παρεφθαρμένον
749 1931 805 1984 δὲ
838 1932 933 1983 καὶ
962 1930 1338 2002 παραποιηθὲν
1375 1931 1528 2002 παρὰ
1557 1931 1665 1985 τῶν
1690 1931 1844 2001 αίρε-

250 2025 435 2078 τικῶν·
471 2022 620 2076 ὥστε
643 2021 738 2076 καὶ
771 2021 1002 2092 ⁴ἠξίωσεν
1032 2023 1097 2074 ὲκ
1129 2021 1237 2075 τῶν
1264 2019 1396 2094 παρ’
1427 2024 1560 2092 ἡμῖν
1585 2022 1848 2092 ἀντιγρά-

249 2135 364 2184 φων
396 2115 460 2169 τὸ
483 2115 605 2168 ἴσον
635 2117 749 2177 τοῖς
774 2113 918 2167 κατὰ
941 2113 1040 2184 τὴν
1080 2113 1407 2184 Ἀντιόχειαν
1438 2114 1843 2184 ἐκπεμφθῆναι,

249 2209 341 2260 καὶ
387 2207 455 2278 δη
507 2207 608 2259 καὶ
661 2206 1054 2276 πεπόμφαμεν.
1115 2205 1557 2268 ’Λκολουθοῦντες
1604 2205 1658 2259 δὲ
1709 2221 1848 2258 παν·

246 2300 391 2368 ταχῆ
443 2301 569 2361 ταῖς
620 2297 731 2351 τῶν
777 2297 954 2365 ἁγίων
990 2297 1250 2369 Πατέρων
1281 2297 1643 2368 ὀρθοδοξίαις,
1703 2295 1849 2351 κατὰ

247 2391 358 2443 τῶν
401 2389 707 2459 Νεστορίου
753 2388 1044 2459 δογμάτων
1094 2388 1556 2459 συγγεγράφαμεν
1601 2387 1844 2458 βιϐλίον’

247 2486 344 2534 καί
373 2481 571 2552 ἕτερον
599 2481 659 2534 δὲ
683 2521 699 2543 ,
734 2479 1174 2551 διαϐεϐληκότων
1205 2481 1368 2533 τινῶν
1399 2479 1508 2534 τῶν
1532 2479 1846 2549 κεφαλαίων

247 2573 345 2645 τὴν
371 2573 637 2644 δύναμιν·
667 2573 765 2627 καὶ
789 2572 966 2626 ταῦτα
1006 2571 1304 2624 ἀπέστειλα
1331 2574 1398 2642 τῇ
1431 2574 1498 2643 σῇ
1535 2570 1844 2642 θεοσεϐείᾳ,

249 2665 339 2718 ἵνα
364 2665 419 2717 εἴ
437 2681 589 2728 τινες
611 2659 726 2717 εἷεν
748 2663 927 2734 ἕτεροι
955 2661 1066 2715 τῶν
1091 2661 1401 2731 ὁμοπίστων
1426 2677 1483 2714 τε
1514 2661 1608 2714 καὶ
1636 2659 1845 2731 ὁμοψύυ

251 2774 367 2823 χων
392 2756 527 2826 ἡμῖν
563 2753 836 2824 ἀδελφῶν,
877 2754 998 2816 ταῖς
1029 2769 1191 2806 τινων
1235 2751 1528 2822 φλυαρίαις
1569 2767 1848 2822 συνηρπα-

257 2849 480 2916 σμὲνοι,
527 2847 623 2899 καὶ
669 2845 984 2916 νομίζοντες
1020 2845 1103 2898 ὅτι
1148 2843 1502 2915 μετέγνωμεν
1544 2842 1638 2895 ἐπὶ
1681 2845 1794 2907 τοῖς
1821 2844 1848 2883 8

255 2940 554 3011 Neu-copiae
581 2939 882 3010 λεχθεῖσιν,
915 2937 1222 3008 ὲλεγχθείεν
1249 2937 1316 2990 ὲκ
1338 2935 1440 3006 τῆς
1464 2934 1845 3004 ἀναγνώσεως,

262 3031 355 3083 καὶ
387 3030 638 3099 μάθωσιν
665 3031 750 3083 ὅτι
779 3029 962 3092 καλῶς
994 3029 1088 3082 καὶ
1120 3027 1296 3100 ὀρθῶς
1323 3027 1740 3097 ὲπετιμήσαμεν
1772 3026 1848 3090 ὡς

266 3121 700 3192 πεπλανημένῳ·
733 3122 828 3174 καὶ
870 3119 966 3173 νῦν
999 3119 1150 3173 οὐδὲν
1179 3113 1341 3190 ἦττον
1378 3115 1676 3188 ἐγκείμεθα
1705 3134 1844 3170 παν-

266 3211 429 3281 ταχοῦ
469 3212 768 3282 μαχόμενοι
814 3213 938 3274 ταῖς
965 3209 1131 3266 αὐτοῦ
1163 3210 1520 3280 δυσφημίαις.
1581 3209 1644 3260 'H
1686 3207 1743 3261 δὲ
1774 3207 1841 3279 σὴ

1946 1935 2116 2004 lgitur
2158 1936 2532 1989 necessarium
2592 1934 2716 2000 fuit,
2755 1951 2826 2006 ne
2871 1935 2966 2005 qui
3012 1935 3136 1991 istic
3163 1951 3382 2007 quoque
3409 1953 3529 1994 eam

1945 2024 2230 2093 epistolam
2251 2031 2564 2094 corruptam
2591 2024 2917 2094 proferrent,
2944 2042 3012 2080 ex
3035 2027 3238 2082 nostris
3253 2028 3532 2098 exempla-

1946 2115 2102 2170 ribus
2141 2115 2415 2186 descripta
2470 2124 2576 2172 tua:
2636 2119 2967 2174 reverentia:
3021 2119 3175 2188 paria
3227 2118 3532 2176 destinare.

1946 2207 2083 2261 Nam
2108 2207 2195 2261 vir
2235 2221 2456 2277 quoque
2504 2207 2952 2277 religiosissimus
2997 2209 3200 2264 Paulus
3239 2209 3532 2267 Emiseno-

1946 2313 2069 2352 rum
2109 2298 2404 2368 episcOpus
2422 2298 2810 2354 Alexandriam
2831 2300 3060 2355 veniens
3085 2301 3188 2355 bac
3205 2301 3271 2355 de
3292 2317 3350 2356 re
3373 2301 3488 2372 egit
3512 2317 3530 2356 :

1945 2395 2003 2441 et
2029 2387 2151 2457 ejus
2176 2385 2423 2457 epistola:
2447 2387 2728 2456 exemplar
2756 2387 2902 2456 quod
2935 2388 3194 2453 habebat,
3225 2389 3523 2458 deprehen-

1947 2493 2066 2532 sum
2091 2487 2176 2533 est
2201 2479 2271 2533 ab
2294 2478 2570 2533 haereticis
2609 2478 2778 2533 fuisse
2811 2487 3133 2549 corruptum
3162 2494 3227 2534 ac
3263 2479 3532 2550 deprava-

1946 2579 2063 2624 tum
2094 2588 2108 2624 :
2137 2571 2325 2642 itaque
2372 2571 2624 2640 poposcit
2673 2579 2733 2625 ut
2773 2586 2842 2626 ex
2881 2571 3085 2626 nostris
3127 2571 3534 2641 exemplaribus

1946 2662 2220 2732 descripta
2253 2663 2405 2732 paria
2428 2662 2786 2718 Antiochenis
2814 2663 3188 2727 mitterentur,
3219 2679 3342 2733 qua:
3365 2663 3531 2718 etiam

1947 2754 2215 2809 mittenda
2239 2753 2574 2808 curavimus.
2603 2753 2911 2823 Sequentes
2943 2753 3109 2808 etiam
3147 2754 3354 2824 ubique
3384 2763 3531 2809 recta

1946 2854 2261 2899 sanctorum
2293 2844 2515 2898 Patrum
2556 2843 2777 2913 placita,
2831 2843 3036 2898 librum
3070 2853 3265 2899 contra
3296 2844 3531 2899 Nestorii

1947 2934 2201 3005 dogmata
2225 2933 2676 3002 conscripsimus,
2711 2948 2927 2988 necnon
2971 2940 3028 2988 et
3059 2933 3293 2989 alterum
3342 2939 3533 2988 contra

1947 3023 2212 3094 quosdam
2233 3024 2328 3094 qui
2352 3022 2462 3077 vim
2486 3023 2852 3093 capitulorum
2885 3039 3132 3079 meorum
3167 3023 3533 3095 reprehende-

1949 3124 2072 3170 rant
2103 3133 2116 3169 :
2152 3115 2253 3170 hos
2290 3131 2509 3186 quoque
2552 3125 2659 3171 tua:
2698 3116 3026 3171 reverentia:
3064 3116 3226 3181 misi,
3260 3124 3320 3172 ut
3365 3116 3532 3188 siqui

1947 3207 2090 3264 forte
2118 3224 2183 3264 ex
2229 3207 2494 3262 fratribus
2517 3207 2710 3262 eadem
2747 3207 2853 3264 ﬁde
2878 3209 3185 3280 eodemque
3210 3209 3396 3264 animo
3431 3225 3534 3265 no-

269 3302 544 3372 τελειότης
568 3342 585 3368 ,
622 3302 688 3356 τὰ
713 3303 792 3356 ἔτι
825 3302 1000 3373 μείζω
1032 3304 1171 3356 νοεῖν
1214 3301 1489 3373 δυναμένη
1511 3341 1526 3366 ,
1567 3300 1663 3352 καὶ
1691 3301 1841 3370 ἡμᾶς

1946 3297 2159 3352 hiscum
2178 3295 2379 3367 juncti,
2405 3297 2801 3352 nonnullorum
2834 3296 3336 3354 obtrectationibus
3375 3297 3530 3354 dece-

276 3392 561 3462 ιῑιφελήσει,
595 3394 682 3446 καὶ
705 3393 990 3463 γράφουσα
1021 3392 1113 3445 καὶ
1140 3390 1577 3462 προσευχομένη.

1944 3389 2021 3458 pti
2037 3397 2233 3458 putant
2250 3404 2350 3444 nos
2377 3389 2430 3443 in
2443 3389 2531 3445 his
2545 3405 2665 3460 qua:
2682 3388 2835 3460 141
2855 3399 3045 3446 contra
3060 3390 3370 3446 Nestorium
3383 3389 3529 3446 dicta

277 3494 414 3548 sunt,
433 3494 669 3542 mutasse
688 3487 1041 3552 sententiam,
1061 3487 1179 3542 haec
1195 3484 1428 3556 legendo
1450 3491 1841 3554 coarguantur,
1883 3490 1940 3538 et
1967 3483 2182 3538 discant
2203 3498 2328 3537 eum
2354 3483 2457 3538 rite
2477 3499 2542 3538 ac
2565 3491 2715 3539 recte
2745 3491 3003 3553 tanquam
3028 3493 3300 3538 errantem
3354 3495 3386 3535 a
3430 3493 3533 3536 no-

284 3573 362 3630 bis
386 3577 544 3633 fuisse
593 3579 1031 3648 reprehensum,
1061 3586 1124 3634 et
1180 3593 1329 3634 nunc
1359 3576 1723 3632 nihilominus
1783 3573 1990 3644 ubique
2059 3575 2126 3629 ad
2171 3575 2292 3645 ejus
2353 3575 2722 3646 blasphemias
2754 3573 3147 3645 oppugnandas
3187 3571 3531 3628 incumbere.

288 3666 389 3724 Tua
409 3685 535 3725 vero
577 3671 849 3727 sanctitas
891 3687 1018 3728 cum
1064 3671 1153 3727 his
1180 3671 1384 3742 majora
1424 3669 1605 3725 valeat
1646 3667 1974 3738 intelligere,
1997 3674 2111 3722 tum
2129 3666 2444 3733 scribendo,
2466 3673 2582 3721 tum
2605 3664 2816 3721 orando
2832 3680 2933 3721 nos
2953 3663 3423 3739 quoquejuvabit.

1432 3975 1769 4032 EPISTOLA
1806 3974 1969 4030 XLVI
2010 3973 2105 4045 (οι.
2130 3969 2397 4040 XXXIX).

1524 4148 1590 4188 AD
1622 4146 1921 4188 SUCCBNSUII
1949 4144 2197 4198 εριεοτοιι
2226 4143 2286 4182 Il.

1953 4283 2193 4340 Alterum
2213 4282 2668 4336 commonitorium
2693 4280 3000 4350 rescriptum
3050 4278 3121 4332 ad
3152 4278 3530 4350 interrogatio-

292 4287 513 4359 Ἕτερον
575 4288 1074 4358 ὐπομνηστικὸν,
1107 4287 1473 4357 ἀντιγριιφὲν
1529 4287 1680 4356 πρὸς
1738 4287 1843 4353 τὰς

625 4363 880 4420 πεύσεις
909 4358 1078 4420 ἡμῶν
1105 4360 1242 4420 παρ’
1267 4357 1473 4413 αὐτοῦ.

1953 4287 2193 4340 Alterum
2213 4287 2668 4336 commonitorium
2693 4287 3000 4350 rescriptum
3050 4287 3115 4332 ad

2342 4367 2431 4406 nes
2457 4351 2602 4404 nobis
2626 4351 2690 4403 ab
2723 4366 2782 4403 eo
2801 4350 3115 4420 propositas.

625 4363 880 4428 πεύσεις
909 4358 1078 4429 ήμῶν
1105 4360 1242 4427 παρ’
1267 4358 1473 4413 αὐτοῦ.

356 4470 594 4542 Ἐμφανῆ
635 4472 738 4543 μὲν
770 4471 1094 4542 καθίστησιν
1137 4469 1340 4541 ἑαυτὴν
1373 4471 1407 4540 ἠ
1454 4469 1681 4542 ἀλήθεια
1726 4471 1840 4533 τοῖς

2018 4465 2382 4538 Spectandam
2409 4480 2466 4520 se
2496 4463 2706 4534 praebet
2733 4465 2938 4518 veritas
2962 4464 3030 4520 iis
3065 4463 3159 4534 qui
3203 4463 3349 4517 illam
3397 4461 3527 4516 dili-

283 4563 544 4631 ἀγαπῶσιν
565 4565 760 4637 αὐτὴν,
791 4565 1095 4636 κρύπτεται
1120 4565 1201 4629 δὲ,
1231 4560 1421 4636 οἶμαι,
1453 4564 1548 4618 καὶ
1580 4566 1839 4636 πειρᾶται

281 4655 539 4709 λανθάνειν
590 4655 691 4719 τὰς
747 4656 858 4710 τῶν
917 4657 1277 4710 πολυπλόκων
1325 4656 1552 4719 ἑννοίας.
1604 4657 1680 4709 Οὐ
1730 4655 1841 4728 γὰρ

275 4746 441 4812 ἀξίους
484 4749 720 4812 ἑαυτοὺς
751 4751 1115 4818 ἀποφαίνουσι
1159 4751 1272 4812 τοῖς
1310 4748 1584 4818 λαμπροῖς
1624 4746 1838 4818 ὄμμασι

275 4840 498 4892 κατιδεῖν
539 4841 732 4910 αὑτήν.
763 4840 875 4894 Καὶ
907 4842 957 4893 οἱ
994 4840 1093 4910 μὲν
1129 4840 1229 4911 τῆς
1257 4840 1564 4910 ἀμωμήτου
1598 4838 1836 4902 πίστεως

272 4929 516 5000 ἐρασταὶ,
565 4931 778 4984 αἰτοῦσι
818 4931 912 4983 τὸν
957 4929 1161 5002 Κύριον
1199 4931 1257 4982 ὲν
1305 4929 1567 5000 ἁπλότητι
1614 4928 1842 5000 καρδίας

1949 4567 2105 4630 gunt,
2123 4556 2432 4613 occultatur
2455 4564 2660 4619 autem,
2678 4563 2740 4608 ut
2756 4553 3015 4618 arbitror,
3033 4561 3088 4608 et
3108 4551 3311 4607 abdere
3333 4567 3390 4606 se
3414 4558 3526 4606 stu—

1947 4653 2041 4708 det
2061 4669 2092 4706 a
2109 4650 2435 4706 callidorum
2459 4648 2745 4702 hominum
2771 4646 3214 4717 cogitationibus.
3242 4645 3360 4699 Non
3377 4643 3526 4698 enim

1947 4760 2005 4800 se
2033 4743 2167 4797 tales
2189 4741 2466 4812 praebent,
2494 4748 2554 4793 ut
2593 4753 2713 4791 eam
2750 4735 2916 4790 claris
2941 4733 3116 4788 oculis
3161 4733 3362 4788 intueri
3412 4747 3526 4785 me-

1948 4845 2195 4891 reantur.
2222 4834 2290 4887 Et
2319 4840 2594 4886 amatores
2616 4827 2839 4899 quidem
2876 4827 3238 4880 immaculata:
3298 4821 3426 4878 ﬁdei
3465 4821 3524 4876 in

1942 4925 2296 4996 simplicitate
2323 4922 2527 4986 cordis,
2552 4930 2614 4975 ut
2639 4920 2902 4990 scriptum
2927 4918 3093 4981 est",
3123 4915 3415 4970 Dominum
3429 4912 3524 4968 dc-

272 5020 448 5082 καθὼς
475 5021 787 5092 γέγραπται
815 5039 829 5052 '
857 5022 908 5074 οί
932 5021 987 5074 δὲ
1021 5020 1315 5092 καμπύλας
1349 5019 1574 5091 τροχιὰς
1607 5021 1842 5090 ἐρχόμε-

1944 5025 2258 5092 precantur.
2289 5015 2392 5082 Qui
2420 5029 2553 5067 vero
2580 5027 2678 5082 per
2716 5010 2980 5064 distortos
3003 5007 3168 5062 calles
3210 5003 3518 5092 ambulant,

276 5131 358 5178 νοι,
389 5115 485 5167 καὶ
511 5115 743 5186 καρδίαν
779 5114 996 5186 ἔχοντες
1035 5113 1313 5185 σκαμϐὴν,
1348 5113 1492 5166 κατά
1519 5111 1578 5166 τὸ
1607 5114 1664 5166 ὲν
1685 5111 1843 5165 Ψαλο

275 5210 382 5276 μοῖς
404 5210 720 5280 εἰρημένον,
745 5209 1198 5281 διεστραμμένων
1225 5207 1445 5262 ἐννοιῶν
1472 5205 1844 5267 πολυπλόκους

275 5301 472 5364 ἑαυτοῖς
515 5301 936 5374 συναγείρουσιν
989 5301 1284 5373 ἀφορμὰς,
1342 5301 1430 5356 ἵνα
1478 5299 1843 5372 διαστρέφωσι

274 5392 355 5455 τὰς
385 5392 539 5456 ὁδοὺς
573 5393 781 5463 Κυρίου
815 5392 913 5460 τὰς
945 5393 1160 5460 εὐθείας
1183 5435 1198 5462 ,
1228 5393 1324 5448 καὶ
1366 5391 1464 5455 τὰς
1489 5391 1598 5445 τῶν
1640 5389 1847 5446 ιλπλου⁹

331 5549 371 5578 “
411 5549 540 5620 Sap.
570 5566 610 5614 ι,
647 5551 700 5604 1.
780 5551 821 5583 ⁸³
855 5551 997 5607 Psal.
1029 5568 1080 5620 c,
1116 5553 1172 5611 4.

1939 5091 1995 5167 et
2033 5126 2130 5166 cor
2175 5107 2380 5162 habent
2414 5118 2668 5175 pravum,
2693 5110 2756 5155 ut
2783 5099 2990 5153 dictum
3019 5103 3104 5150 est
3126 5095 3182 5150 in
3208 5092 3438 5149 Psalmis
3455 5091 3520 5155 δ’,

1945 5213 2330 5272 pervcrsorum
2372 5208 2632 5248 sensuum
2677 5189 2782 5243 sibi
2834 5185 3168 5256 multiplices
3209 5181 3526 5236 occasiones

1943 5290 2315 5354 accumulant,
2359 5295 2420 5342 ut
2464 5289 2785 5358 pervertant
2821 5281 2940 5335 vias
2984 5277 3201 5332 Domini
3239 5282 3441 5336 rectas,
3469 5281 3526 5327 et

1945 5383 2339 5457 simpliciorum
2376 5380 2589 5435 animas
2616 5374 2903 5441 seducant,
2926 5380 2987 5428 ut
3019 5386 3084 5428 ea
3115 5368 3359 5428 sentiant
3399 5378 3525 5441 qtne

1325 5669 1500 5727 Variae
1529 5667 1790 5726 lectiones
1813 5662 2025 5722 codicis
2055 5653 2420 5731 Seguicriani.

344 5785 364 5822 ⁸
389 5789 472 5844 ειν.
501 5789 667 5846 κατὰ.
