4044 6212
506 324 611 381 259

1501 323 1555 376 S.
1595 322 1870 378 CYRILLI
1908 324 2375 382 ALEXANDRINI
2411 324 2729 382 ARCHIEP.

3646 325 3739 385 240

510 439 662 493 nefas
684 447 788 492 est.
813 438 936 492 ιιυα
970 438 1092 492 ideo
1120 438 1244 492 dico
1277 437 1428 507 quia,
1457 451 1582 492 cum
1628 438 1881 509 legissem
1916 453 1949 493 a
1989 448 2082 491 tua

2188 440 2392 510 στέρων
2411 437 2832 510 παρακομίσωσι
2858 437 3057 509 ψυχὰς,
3084 436 3163 502 εἰς
3187 437 3249 491 τὸ
3264 436 3460 509 χρῆναι
3489 439 3744 510 φρονεῖνά

507 544 566 584 sa
580 534 799 584 actitate
825 530 990 582 inissa
1010 530 1454 595 commonitoria,
1474 529 1813 599 deprehendi
1836 528 2085 598 quaedam

511 622 563 675 in
600 621 711 675 illis
732 620 1046 690 periculose
1091 621 1371 691 proposita
1394 621 1464 676 ab
1495 622 1563 676 iis
1585 622 1679 692 qui
1712 622 1899 676 nescio
1946 636 2086 691 quo-

508 709 675 763 modo
712 723 1033 779 perversam
1067 710 1186 766 falsi
1229 711 1470 767 nominis
1510 710 1798 767 scientiam
1827 710 2083 782 diligunt.

510 799 585 854 Ea
611 809 770 855 erant
785 801 1081 873 ejusmodi.

580 991 619 1044 l.
658 989 716 1045 Si
756 1006 821 1044 ea:
866 991 1071 1045 duabus
1108 964 1347 1056 naturis:
1399 992 1592 1063 inquit,
1644 992 1961 1063 compositus
2008 999 2087 1043 est

510 1083 853 1150 Emmanuel,
881 1102 945 1139 ac
969 1095 1082 1155 post
1107 1088 1352 1139 unionem
1383 1102 1490 1139 una
1522 1084 1840 1155 intelligitur
1886 1089 2085 1136 natura

512 1175 662 1230 Verbi
693 1178 998 1239 inrarnata,
1029 1187 1374 1247 consequetur
1392 1178 1603 1232 omnino
1633 1185 1691 1230 ut
1718 1178 1889 1247 ipsum
1913 1176 1967 1229 in
1985 1192 2085 1229 sua

506 1258 706 1321 natura
733 1285 948 1338 passum
978 1285 1085 1323 esse
1119 1269 1376 1323 dicamus.

582 1358 734 1412 Beati
768 1358 958 1413 Patres
975 1359 1150 1414 nostri
1174 1359 1269 1429 qui
1302 1357 1679 1414 venerandum
1700 1356 1828 1412 ﬁdei
1855 1355 2086 1428 Symbo-

510 1448 623 1503 lum
651 1447 1007 1514 delinierunt,
1027 1450 1209 1520 ipsum
1224 1450 1490 1513 dixerunt
1515 1465 1584 1504 ex
1610 1451 1723 1505 Deo
1753 1449 1912 1505 Patre
1948 1449 2084 1504 Ver—

511 1540 665 1606 bum,
712 1542 889 1612 ipsum
923 1558 991 1597 ex
1027 1545 1148 1614 ejus
1186 1542 1450 1608 essentia,
1499 1543 1679 1614 ipsum
1714 1540 2082 1612 unigenitum,

512 1634 691 1703 ipsum
715 1649 812 1703 per
833 1650 998 1704 quem
1043 1634 1249 1700 omnia,
1283 1635 1627 1690 inearnatum
1664 1648 1787 1689 esse
1814 1642 1872 1689 et
1903 1632 2085 1687 homi-

509 1736 634 1776 nem
663 1722 865 1778 faetum
905 1741 918 1776 :
958 1738 1137 1794 neque
1158 1724 1271 1779 ullo
1304 1722 1470 1778 modo
1502 1722 1807 1793 putandum
1834 1729 1919 1777 est
1956 1736 2086 1775 san-

2192 531 2268 601 μὴ
2297 531 2477 601 θέμις.
2513 530 2621 583 Καὶ
2642 530 2817 585 ταῦτά
2846 546 3011 601 φημι,
3035 532 3150 593 τοῖς
3172 531 3322 600 παρά
3348 529 3450 599 τῆς
3477 531 3579 602 σῆς
3613 531 3743 584 ὁσιό-

2188 641 2349 696 τητος
2389 623 2628 694 ἐντυχὼν
2667 624 3129 694 ὐπομνηστικοῖς*
3177 616 3300 677 εἶτά
3327 639 3453 677 τινα
3490 622 3665 696 εὑρὼν
3692 625 3746 677 ὲν

2188 717 2373 780 αὐτοῖς
2399 715 2498 769 οὐκ
2527 715 2787 786 ἀσφαλῶς
2831 715 3228 787 προτεινόμενα
3252 754 3270 780 ,
3319 716 3474 787 παρὰ
3513 715 3626 770 τῶν
3653 718 3746 770 οὐκ

2187 805 2284 862 οἷδ’
2315 810 2464 873 ὅπως
2491 808 2859 879 ὴγαπηκὸτων
2880 808 2980 879 τῆς
2999 807 3351 879 ψευδωνύμου
3380 806 3632 877 γνώσεως
3656 808 3746 879 τὴν
3770 855 3784 871 ,

2187 899 2541 971 διαστροφήν.
2574 893 2757 951 Ἦσαν
2792 897 2849 951 δὲ
2887 897 3080 951 ταῦτα.

2262 993 2341 1045 A'.
2382 993 2452 1047 El
2489 991 2559 1045 ἐκ
2594 991 2704 1045 δύο
2754 992 3003 1060 φύσεων
3049 988 3399 1057 συνηνέχθη
3423 1028 3439 1053 ,
3481 987 3689 1057 φησίν,
3716 990 3750 1041 ὁ

2201 1083 2600 1155 Ἑμμανουὴλ,
2624 1082 2777 1154 μετὰ
2802 1082 2872 1136 δὲ
2891 1081 3005 1151 τὴν
3030 1081 3254 1136 ἕνωσιν
3265 1082 3377 1151 μία
3400 1081 3588 1150 φύσις
3608 1078 3751 1133 νοεῖς

2187 1194 2279 1231 ται
2305 1177 2414 1231 τοῦ
2457 1177 2651 1246 Λόγου
2680 1174 3114 1244 σεσαρκωμένη
3131 1211 3150 1234 .
3180 1172 3390 1242 ἕψεται
3427 1172 3662 1237 πάντως
3686 1171 3749 1223 τὸ

2187 1268 2408 1340 χρῆναι
2433 1264 2648 1323 παθεῖν
2673 1269 2864 1323 αὐτὸν
2892 1266 3095 1337 λέγειν
3126 1268 3215 1332 εὶς
3249 1266 3410 1320 ἰδίαν
3438 1266 3647 1335 φύσιν.

2260 1362 2323 1414 Gl
2363 1360 2628 1432 μακάριοι
2661 1359 2934 1431 Πατέρες,
2963 1359 3012 1412 οἱ
3055 1358 3117 1411 τὸ
3146 1357 3343 1411 σεπτὸν
3387 1360 3488 1428 τῆς
3525 1358 3752 1420 πίστεως

2186 1450 2505 1522 ὁρισάμενοι
2552 1448 2861 1521 Σύμϐολον,
2898 1448 3064 1502 αὑτὸν
3098 1446 3337 1517 ἔφασκον
3379 1447 3470 1500 τὸν
3516 1447 3583 1500 ὲκ
3622 1447 3752 1500 Θεοῦ

2190 1543 2402 1614 Πατρὸς
2420 1542 2611 1610 Λόγον,
2635 1541 2727 1595 τὸν
2740 1542 2806 1594 ὲκ
2825 1541 2925 1612 τῆς
2939 1540 3131 1603 οὐσίας
3151 1538 3343 1619 autcf»,
3364 1537 3456 1592 τὸν
3474 1538 3752 1608 μονογενῆ,

2186 1636 2279 1689 τὸν
2310 1635 2377 1688 δι’
2406 1629 2468 1689 οὗ
2488 1633 2557 1687 τά
2583 1633 2781 1697 πάντα,
2801 1631 3153 1703 σαρκωθῆναι
3178 1631 3275 1685 καὶ
3306 1628 3716 1702 ὲνανθρωπῆσαι
3732 1645 3751 1659 ο

2190 1730 2282 1782 καὶ
2308 1728 2369 1781 ού
2400 1727 2463 1799 δή
2504 1725 2607 1781 πού
2642 1740 2824 1796 φαμεν
2866 1724 3133 1795 ἀγνοῆσαι
3156 1723 3282 1787 τοὺς
3309 1722 3496 1793 ἁγίους
3520 1721 3751 1783 ἐκείνους

508 1825 628 1870 etos
651 1814 774 1870 illos
789 1814 937 1871 viros
956 1815 1239 1886 ignorasse
1268 1815 1484 1870 unitum
1510 1814 1643 1870 illud
1669 1813 1854 1871 Verbo
1885 1828 2084 1885 corpus

2188 1824 2270 1876 ὅτι
2294 1820 2356 1874 τὸ
2384 1817 2585 1873 ἑνωθὲν
2608 1816 2690 1888 τῷ
2724 1818 2884 1888 Λόγῳ
2923 1816 3086 1886 σῶμα
3114 1814 3362 1887 ὲψύχωτο
3392 1814 3540 1885 ψυχῇ
3572 1813 3750 1882 νοερᾷ.

507 1908 688 1963 anima
716 1908 1056 1980 intelligente
1106 1909 1410 1964 animatum
1452 1907 1641 1963 fuisse.
1687 1905 1950 1977 Quisquis
1981 1906 2086 1978 igi-

510 2006 599 2053 tur
639 1997 878 2053 Verbum
924 1997 1061 2054 dicit
1106 1997 1277 2053 i‘uisse
1318 1997 1701 2062 iucarnatum,
1728 2012 1965 2052 carnem
2006 1995 2086 2051 illi

514 2089 724 2145 unitum
757 2104 867 2144 non
895 2089 1012 2145 sine
1044 2089 1227 2144 anima
1262 2089 1602 2161 intelligente
1639 2088 1809 2144 luisse
1854 2088 2086 2144 conﬁte-

505 2192 616 2235 tur.
668 2180 760 2236 Sic
814 2180 989 2246 enim,
1043 2192 1103 2235 ut
1144 2188 1296 2251 puto,
1334 2181 1446 2236 imo
1481 2197 1614 2236 vero
1662 2188 1725 2235 ut
1756 2194 1947 2234 revera
1978 2188 2084 2245 est,

507 2272 855 2329 conﬁdenter
884 2271 1116 2337 aﬁirmo,
1141 2272 1308 2326 etiam
1348 2271 1700 2327 beatissimus
1749 2270 2087 2341 evangelista

504 2365 750 2420 Joannes
772 2363 929 2436 142
950 2363 1195 2420 Verbum
1220 2363 1361 2418 dixit
1395 2379 1619 2420 carnem
1639 2363 1846 2419 factum
1872 2362 1936 2428 ⁸³,
1974 2376 2086 2416 non

505 2459 661 2527 quasi
685 2458 997 2513 inanimatae
1038 2457 1191 2513 carni
1212 2456 1380 2513 fuerit
1407 2458 1644 2524 unitum,
1688 2457 1832 2513 absit
1864 2474 1877 2510 :
1909 2465 2086 2526 neque

506 2565 637 2604 vero
666 2549 822 2619 quasi
852 2548 1212 2604 mutationem
1258 2548 1735 2618 variationemque
1770 2547 2082 2619 pertulerit;

509 2640 711 2695 mansit
752 2656 988 2711 namque
1025 2641 1171 2712 quod
1210 2652 1351 2706 erat,
1382 2641 1488 2696 hoc
1527 2649 1612 2695 est
1653 2647 1850 2695 natura
1890 2640 2081 2695 Deus:

507 2732 600 2787 sed
628 2731 719 2785 ubi
744 2730 1041 2800 assumpsit
1068 2733 1234 2786 etiam
1265 2740 1326 2787 ut
1349 2741 1497 2787 esset
1535 2733 1723 2797 homo,
1755 2732 1860 2787 hoc
1888 2741 1995 2797 est,
2025 2739 2088 2785 ut

508 2823 664 2876 tlcret
690 2822 835 2877 sicut
854 2837 956 2876 nos
980 2836 1049 2878 ex
1076 2822 1310 2879 muliere
1330 2824 1633 2878 secundum
1675 2839 1916 2886 carnem,
1958 2839 2084 2878 rur-

508 2930 602 2968 sus
619 2928 763 2968 unus
787 2913 1089 2984 permansit
1115 2913 1309 2981 Filius,
1329 2931 1438 2969 non
1470 2923 1654 2971 tamen
1671 2916 1852 2970 carnis
1867 2930 2083 2984 expers,

509 3014 739 3061 utantea
764 3006 964 3069 fuerat,
993 3005 1099 3062 hoc
1120 3014 1206 3061 est
1246 3017 1538 3077 antequam
1574 3007 1742 3062 homo
1767 3005 1942 3071 ﬁeret,
1987 3005 2084 3061 sed

2191 1911 2355 1963 Ὥστε
2401 1908 2456 1962 et
2484 1924 2569 1971 τις
2603 1904 2957 1979 σαρκωθῆναι
2991 1904 3137 1974 λέγει
3183 1904 3278 1957 τὸν
3327 1903 3519 1970 Λόγον,
3547 1902 3608 1956 ού
3633 1901 3755 1972 δίχα

2187 2003 2363 2075 ψυχῆς
2420 2002 2616 2073 νοερᾶς
2653 1999 2907 2071 ὁμολογεῖ
2948 1999 3049 2069 τὴν
3102 1997 3284 2069 σάρκα
3324 1996 3423 2069 τὴν
3469 1995 3759 2051 ὲνωθεῖσαν

2188 2096 2357 2166 αὐτῷ.
2387 2093 2546 2149 Οὕτω
2570 2091 2700 2164 γὰρ,
2724 2091 2800 2156 ὣς
2830 2108 2894 2160 γε
2916 2087 3090 2162 οἶμαι.
3124 2090 3324 2161 μᾶλλον
3347 2089 3405 2143 δὲ
3423 2090 3500 2153 ὡς
3530 2089 3644 2142 εστι
3670 2104 3758 2141 τε-

2189 2186 2547 2260 θαρρηκότως
2580 2187 2789 2249 εἰπεῖν,
2839 2183 2934 2237 καὶ
2972 2186 3001 2237 ό
3049 2184 3324 2252 πάνσοφος
3371 2179 3758 2250 εὐαγγελιστὴς

2201 2281 2453 2350 Ἰωάννης
2493 2278 2588 2333 τὸν
2636 2277 2807 2346 Λόγον
2843 2277 2948 2347 ἔφη
2993 2272 3248 2346 γενέσθαι
3302 2273 3508 2344 σάρκα,
3539 2272 3637 2341 οὐχ
3683 2272 3758 2334 ὡς

2188 2373 2380 2445 ἀψύχῳ
2418 2370 2582 2444 σαρκὶ
2628 2369 2897 2425 ὲνωθέντα
2921 2409 2935 2433 ,
2992 2368 3067 2441 μὴ
3100 2366 3343 2437 γένοιτω
3391 2364 3506 2419 ἀλλ’
3547 2364 3656 2417 οὐδ’
3683 2363 3758 2425 ὡς

2187 2465 2398 2535 τροπὴν
2434 2464 2474 2534 ἢ
2520 2461 2809 2517 ἀλλοίωσιν
2867 2458 3279 2530 ὐπομείναντα’
3331 2457 3609 2527 μεμένηκε
3650 2456 3761 2526 γὰρ

2188 2556 2328 2627 ὅπερ
2356 2552 2444 2628 ἦν,
2477 2555 2625 2608 τοῦτ’
2654 2553 2771 2607 ἔστι
2822 2552 2983 2623 φύσει
3021 2550 3186 2614 θεός⁶
3226 2547 3551 2621 προσλαϐὼν
3579 2548 3636 2602 δε
3668 2549 3764 2603 καὶ

2187 2648 2249 2702 τὸ
2274 2645 2413 2702 εἶναι
2442 2646 2748 2718 ἄνθρωπος,
2783 2645 2904 2716 ἦτοι
2930 2641 3185 2712 γενέσθαι
3230 2641 3353 2696 καθ’
3393 2641 3542 2712 ἡμᾶς
3571 2640 3637 2693 ἐκ
3660 2656 3763 2707 γυ-

2188 2739 2374 2804 ναικὸς
2424 2738 2566 2794 κατά
2616 2738 2797 2808 σάρκα
2820 2778 2836 2803 ,
2891 2734 3056 2789 πάλιν
3105 2727 3187 2795 εἷς
3248 2731 3555 2804 μεμένηκεν
3598 2730 3758 2794 Υἱός*

2189 2832 2327 2902 πλὴν
2358 2831 2458 2885 οὐκ
2487 2831 2747 2901 ἄσαρκος,
2780 2827 2921 2881 καθὰ
2961 2827 3057 2880 καὶ
3107 2823 3273 2879 πάλαι
3297 2863 3315 2892 ,
3344 2824 3467 2894 ἦτοι
3509 2821 3617 2893 πρὸ
3652 2822 3762 2875 τῶν

2186 2925 2286 2995 τῆς
2312 2921 2782 2994 ἐνανθρωπησεως
2811 2917 3042 2990 καιρῶν.
3062 2914 3477 2987 ἀμφιασάμενος
3502 2913 3558 2967 δὲ
3574 2912 3764 2983 ὥσπρ

2189 3015 2281 3068 καὶ
2305 3013 2403 3085 τὴν
2428 3011 2705 3084 ἡμετέραν
2728 3010 2909 3080 φύσιν.
2950 3008 3086 3063 Ἀλλ’
3111 3010 3159 3062 εἰ
3184 3006 3278 3061 καὶ
3303 3005 3378 3076 μὴ
3406 3005 3553 3059 ἔστιν
3571 3003 3766 3075 ὁμοούο

508 3100 674 3153 ctiam
707 3109 909 3155 nostra:
947 3100 1358 3171 quodammodo
1392 3110 1603 3156 natura:
1633 3109 1785 3156 veste
1830 3101 2079 3157 indutus.

2191 3119 2306 3157 σιον
2336 3100 2415 3172 τῷ
2440 3102 2505 3154 ὲκ
2528 3098 2665 3153 Θεοῦ
2696 3100 2906 3169 Πατρὸς
2933 3099 3092 3167 φύντι
3120 3096 3281 3166 Λόγῳ
3308 3093 3370 3148 τὸ
3387 3093 3585 3192 ἑνωθεν
3613 3091 3767 3192 αύτῷ

506 3190 767 3256 Quamvis
787 3199 970 3245 autem
990 3191 1171 3246 Verbo
1191 3208 1259 3247 ex
1284 3193 1396 3247 Deo
1426 3192 1583 3247 Patre
1615 3193 1800 3262 genito
1844 3193 2085 3247 consub-

507 3282 761 3339 stantialc
789 3299 897 3336 non
923 3282 994 3337 sit
1020 3282 1098 3336 illi
1140 3282 1352 3337 unitum
1389 3298 1610 3353 corpus,
1634 3283 1814 3337 anima
1840 3283 1970 3338 licet
1998 3283 2087 3336 in-

509 3374 786 3445 telligcnte
811 3372 1123 3444 praeditum,
1180 3382 1235 3428 at
1270 3382 1420 3428 certe
1448 3373 1727 3428 unitarum
1764 3383 2085 3428 naturarum

507 3465 881 3539 diﬂ‘erentiam
917 3480 1043 3521 eum
1069 3465 1384 3520 intellectus
1406 3476 1593 3521 noster
1623 3466 1871 3536 aspiciat,
1914 3480 2084 3521 unum

509 3567 690 3614 tamen
719 3558 918 3613 Filium
956 3565 1013 3613 et
1030 3557 1311 3614 Christum
1339 3566 1395 3613 et
1416 3558 1709 3613 Dominum
1734 3557 2085 3623 conﬁtemur,

508 3659 699 3720 utpote
720 3666 846 3706 eum
862 3651 1104 3707 Verbum
1133 3650 1205 3705 sit
1221 3666 1347 3705 caro
1365 3649 1589 3706 factum.
1605 3651 1742 3706 Cum
1765 3666 1917 3715 vero,
1934 3667 2082 3713 caro,

507 3742 764 3807 dicimus,
803 3742 1145 3799 tantumdem
1175 3752 1259 3799 est
1290 3758 1353 3798 ae
1372 3743 1416 3797 si
1438 3744 1719 3797 hominem
1753 3743 2081 3799 diceremus.

506 3834 765 3901 Quantam
808 3834 975 3906 igitur
1016 3836 1317 3891 necessitas
1350 3835 1495 3906 cogit
1539 3843 1599 3889 ut
1655 3843 1777 3905 post
1823 3836 2084 3890 unionem

509 3925 723 3980 dicatur
772 3942 881 3981 una
922 3935 1118 3981 natura
1157 3926 1283 3981 Filii
1348 3926 1627 3980 incarnata
1674 3928 1861 3996 ipsum
1889 3927 1943 3981 in
1985 3944 2083 3981 sua

507 4024 702 4071 natura
744 4033 963 4088 passum
989 4033 1110 4072 esse
1147 4017 1556 4087 consequatur?
1595 4017 1730 4070 Nam
1764 4017 1814 4071 si
1854 4018 1909 4071 in
1935 4019 2085 4073 illius

508 4108 933 4178 dispensationis
971 4108 1180 4165 ratione
1221 4108 1357 4162 nihil
1399 4114 1543 4162 esset
1590 4108 1735 4178 quod
1773 4111 2082 4179 passionem

506 4210 695 4270 posset
736 4200 1011 4269 excipere,
1049 4210 1197 4255 recte
1232 4198 1466 4254 forsitan
1510 4200 1579 4254 ab
1615 4200 1723 4255 illis
1759 4202 1966 4257 dictum
1997 4219 2080 4259 es‘

502 4298 591 4344 set
637 4308 648 4342 :
703 4288 947 4357 patiendi
981 4287 1130 4344 enim
1161 4288 1344 4344 ablato
1383 4289 1652 4361 subjecto,
1706 4294 2081 4349 necessarium

506 4382 734 4435 omnino
759 4388 906 4435 esset
949 4379 1004 4435 in
1034 4381 1200 4436 Verbi
1230 4389 1485 4436 naturam
1513 4380 1710 4435 cadere
1747 4384 2077 4451 passionem.

2189 3189 2366 3259 σῶμα,
2404 3187 2500 3241 καὶ
2534 3186 2711 3257 ψυχῆς
2757 3184 2982 3257 ἐνούσης
3026 3182 3177 3255 αὐτῷ
3206 3183 3401 3253 νοερᾶς
3422 3222 3439 3247 ,
3471 3181 3584 3237 ἀλλ’
3617 3176 3713 3236 οὖν
3734 3184 3769 3236 ὸ

2190 3279 2289 3344 μὲν
2324 3278 2450 3340 νοῦς
2480 3277 2810 3346 φαντάζεται
2840 3276 2902 3329 τὸ
2934 3274 3230 3347 ἑτεροφυὲς
3273 3272 3386 3327 τῶν
3417 3273 3763 3327 ἑνωθέντων·

2185 3374 2281 3426 ἕνα
2315 3389 2377 3441 γε
2410 3371 2517 3443 μὴν
2553 3367 2926 3440 ὁμολογοῦμεν
2956 3367 3086 3421 Υῑὺν
3119 3366 3214 3420 καὶ
3257 3366 3494 3437 Χριστὸν
3524 3364 3620 3418 καὶ
3647 3363 3766 3418 Κύ-

2187 3482 2321 3537 ριον,
2352 3464 2427 3527 ὼς
2460 3464 2744 3532 γεγονότος
2777 3459 2978 3533 σαρκὸς
3003 3458 3099 3514 τοῦ
3138 3458 3333 3528 Λόγου.
3360 3456 3439 3510 Τὸ
3466 3456 3526 3510 δὲ
3560 3456 3769 3527 σαρκὸς

2183 3559 2313 3612 ὅταν
2339 3556 2605 3626 εἴπωμεν,
2637 3553 2926 3626 ἀνθρώπου
2960 3551 3162 3623 φαμέν.
3195 3548 3330 3605 Ποία
3355 3548 3536 3603 τοίνυν
3566 3548 3772 3602 παθεῖν

2185 3648 2350 3702 αὐτὸν
2383 3646 2597 3715 ἀνάγκη
2624 3647 2704 3708 εἰς
2749 3643 2887 3697 ίδίαν
2926 3641 3110 3712 φύσιν,
3161 3644 3212 3694 εἰ
3258 3640 3470 3709 λέγοιτο
3499 3639 3638 3711 μετὰ
3662 3639 3770 3711 τὴν

2186 3739 2380 3792 ἕνωσιν
2414 3737 2512 3806 μία
2546 3735 2708 3805 φύσις
2756 3735 2885 3789 Υἱοῦ
2915 3732 3355 3805 σεσαρκωμὲνη;
3405 3732 3470 3786 Εἰ
3516 3731 3616 3802 μὲν
3652 3730 3769 3801 γὰρ

2185 3832 2284 3884 ούκ
2312 3820 2379 3902 ἧν
2402 3832 2460 3881 ὲν
2484 3831 2597 3891 τοῖς
2618 3827 2795 3895 λόγοις
2819 3826 2921 3896 τῆς
2944 3824 3257 3895 οἰκονομίας
3275 3822 3336 3877 τὸ
3363 3820 3605 3892 πεφυκὸς
3629 3821 3772 3875 ύπο-

2187 3920 2368 3990 μένειν
2393 3918 2454 3972 τὸ
2483 3918 2678 3982 πάθος,
2705 3916 2881 3989 ὀρθῶς
2907 3916 2973 3969 ἂν
3002 3914 3212 3987 ἔφησαν
3237 3914 3362 3970 ’.ότι
3387 3913 3463 3985 μὴ
3483 3913 3635 3976 όντος
3665 3914 3771 3967 τοῦ

2185 4010 2491 4079 πεφυκότος
2512 4009 2763 4077 πάσχειν,
2796 4006 2949 4061 πᾶσά
2981 4023 3099 4068 πως
3123 4005 3337 4075 ἀνάγκη
3373 4007 3440 4075 τῇ
3468 4003 3561 4058 τοῦ
3585 4004 3773 4073 Λόγου

2187 4101 2346 4169 φύσει
2376 4098 2698 4170 συμϐαίνειν
2723 4098 2785 4151 τὸ
2812 4098 3002 4162 πάθος.
3036 4098 3099 4151 Εἰ
3128 4097 3184 4150 δὲ
3211 4097 3271 4150 ἐν
3302 4095 3381 4167 τῷ
3410 4096 3775 4166 σεσαρκωμέ-

2188 4211 2286 4263 νην
2322 4193 2529 4257 εἰπεῖν,
2559 4191 2781 4260 σύμπας
2810 4191 2838 4243 ὁ
2869 4189 3025 4256 λόγος
3053 4188 3155 4258 τῆς
3201 4188 3339 4258 μετά
3380 4188 3580 4261 σαρκὸς
3617 4189 3774 4242 οἰκο-

2188 4288 2382 4356 νομίας
2409 4284 2721 4355 εἰσφέρεται
2750 4279 3072 4354 (ἐσαρκὼοη
3104 4281 3213 4351 γάρ
3234 4281 3332 4351 οὐχ
3357 4279 3556 4350 ἑτέρως
3576 4319 3592 4343 ,
3625 4278 3773 4333 ἀλλά

2190 4379 2503 4450 σπέρματος
2573 4374 2825 4448 ’Δϐραάμ
2880 4372 3307 4443 ἐπιλαϐόμενος,
3357 4372 3451 4427 καὶ
3501 4371 3773 4444 ὡμοιώθη

509 4472 567 4529 Si
618 4484 802 4528 autem
845 4472 1033 4528 addito
1070 4473 1264 4537 verbo,
1310 4472 1669 4537 incarnatam,
1711 4473 1892 4529 omnis
1940 4474 2081 4527 ratio

2188 4471 2328 4526 κατά
2350 4469 2527 4525 πάντα
2548 4472 2663 4532 τοῖς
2687 4467 2955 4536 ἀδελφοῖς,
2985 4467 3078 4520 καὶ
3103 4466 3318 4538 μορφὴν
3332 4464 3519 4518 δούλου
3533 4463 3776 4532 λαϐὼν),

508 4562 656 4619 illius
674 4579 800 4617 cum
827 4578 991 4619 carne
1007 4561 1434 4632 dispensationis
1457 4560 1691 4616 infertur
1715 4572 1917 4634 (neque
1939 4563 2089 4619 enim

508 4655 669 4710 aliter
683 4655 999 4710 incarnatus
1012 4662 1095 4709 est
1106 4654 1208 4709 nisi
1232 4652 1691 4725 apprehendendo
1713 4669 1901 4710 semen
1917 4655 2090 4711 Abra-

510 4747 720 4811 ham",
748 4757 805 4801 ct
829 4745 1028 4801 similis
1059 4745 1235 4801 factus
1270 4752 1355 4800 est
1372 4760 1471 4816 per
1488 4745 1671 4799 omnia
1705 4744 1969 4802 fratribus
1992 4748 2085 4812 ⁸³⁸,

509 4837 641 4892 dum
663 4838 893 4893 formam
919 4837 1064 4894 servi
1084 4837 1439 4909 suscepit“);
1471 4837 1678 4894 frustra
1692 4848 1970 4911 unguntur
1989 4841 2086 4911 qui

508 4928 721 4995 dicunt,
756 4944 1104 5000 consequens
1119 4928 1349 4984 omnino
1371 4943 1493 4985 esse
1521 4938 1583 4984 ut
1612 4929 1729 5001 ipse
1760 4929 1816 4985 in
1857 4945 1956 4985 sua
1992 4947 2088 4985 na-

509 5028 631 5075 tura
655 5020 965 5090 passionem
984 5018 1335 5086 sustinuerit,
1360 5035 1485 5076 cum
1507 5036 1639 5076 caro
1661 5022 1893 5094 subjecti
1911 5021 2087 5076 vicem

508 5121 711 5177 teneat,
760 5113 907 5168 circa
959 5128 1124 5184 quam
1193 5112 1487 5185 contigisse
1525 5113 1837 5184 passionem
1887 5114 2088 5168 merito

505 5203 681 5272 possit
727 5202 987 5275 intelligi,
1026 5203 1206 5261 Verbo
1255 5203 1580 5276 impassibili
1640 5214 1921 5260 manente.
1963 5205 2086 5261 Non

506 5299 688 5347 tamen
711 5304 1005 5364 propterea
1036 5294 1170 5351 illud
1185 5294 1501 5357 eximimus.
1531 5293 1830 5365 quominus
1865 5295 2086 5350 dicatur

506 5400 747 5457 passum.
772 5384 843 5442 Ut
874 5389 1021 5444 enim
1040 5391 1322 5461 proprium
1350 5391 1521 5462 ipsius
1538 5389 1704 5447 Verbi
1749 5388 1955 5448 factum
1988 5398 2073 5446 est
2112 5405 2331 5460 corpus,
2367 5389 2448 5445 sic
2472 5386 2659 5444 omnia
2687 5402 2806 5457 quin
2866 5394 2995 5442 sunt
3054 5382 3322 5454 corporis,
3355 5387 3586 5450 excepto
3643 5373 3795 5433 solo

577 5544 622 5573 "
653 5540 810 5597 Joau.
849 5560 890 5608 ι,
920 5543 1006 5597 Η.

2189 4564 2314 4634 είκῆ
2345 4561 2486 4636 [καὶ]
2530 4561 2983 4632 πεφλυαρὴκασιν
3004 4561 3055 4612 οἱ
3082 4558 3330 4627 λέγοντες
3354 4556 3671 4611 ἀκολουθεῖν
3706 4558 3779 4643 τίρ

2187 4657 2385 4728 χρῆναι
2411 4655 2629 4717 πάντως
2657 4653 2819 4707 αὐτὸν
2843 4654 2921 4715 εἰς
2949 4651 3083 4705 ίδίαν
3107 4651 3269 4719 φύσιν
3289 4651 3597 4720 ὑπομεῖναι,
3620 4648 3781 4709 ὑπο..

2186 4747 2450 4820 κειμένης
2486 4745 2595 4817 γὰρ
2638 4746 2667 4786 ιι
2698 4745 2796 4815 τῆς
2850 4743 3090 4814 σαρκὸς,
3135 4741 3264 4812 περὶ
3313 4742 3381 4809 ἢν
3419 4739 3650 4801 εἰκότως
3702 4740 3781 4791 ἂν

2187 4839 2460 4911 συμϐῆναι
2481 4837 2544 4890 τὸ
2567 4835 2761 4891 παθεῖν
2786 4837 2977 4898 νοοῖτο,
3002 4832 3246 4897 ἀπαθοῦς
3264 4833 3414 4894 ὄντος
3440 4829 3535 4884 τοῦ
3561 4830 3780 4898 Λόγου.

2201 4930 2341 4984 ’Λλλ“
2359 4929 2460 4983 ούκ
2483 4928 2588 4993 ἔξω
2611 4927 2700 4982 διὰ
2720 4927 2878 4981 τοῦτο
2896 4927 3131 4998 λέγομεν
3155 4925 3318 4979 αὐτὸν
3341 4920 3435 4977 τοῦ
3454 4921 3725 4992 λέγεσθαι
3752 4922 3773 4961 ί

2188 5021 2398 5075 παθεῖν.
2451 5021 2661 5089 Ὥσπερ
2712 5019 2818 5091 γὰρ
2852 5020 2984 5073 ῖδιον
3028 5016 3196 5070 αὐτοῦ
3229 5014 3421 5085 γέγονε
3454 5012 3518 5067 τὸ
3565 5011 3739 5080 σῶμα
3765 5049 3783 5071 .

2186 5113 2331 5167 οὓτω
2361 5113 2456 5166 καὶ
2500 5111 2678 5164 πάντα
2712 5110 2781 5164 τὰ
2811 5109 2907 5163 τοῦ
2940 5109 3190 5180 σώματος
3225 5107 3350 5179 δίχα
3385 5106 3553 5176 μόνης
3583 5103 3790 5172 ἀμαρ-

2182 5204 2305 5263 τίας
2333 5199 2533 5268 λέγοιτ’
2561 5201 2628 5253 ἂν
2651 5200 2803 5253 οὐδὲν
2830 5196 2991 5272 ἦττον
3018 5197 3206 5259 αὐτοῦ,
3234 5198 3357 5252 κατ’
3390 5193 3665 5249 οῖκείωσιν
3694 5189 3790 5242 οἱ·

2185 5294 2500 5365 κονομικήν.
2546 5289 2685 5345 Ἀλλ’
2715 5290 2932 5364 ἐροῦσιν
2958 5291 3009 5343 0i
3035 5288 3102 5342 δι’
3133 5286 3406 5350 ἐναντίας·

1083 5545 1127 5576 δ’
1164 5546 1328 5601 llebr.
1362 5564 1418 5611 ιι,
1457 5548 1541 5602 16.
1610 5548 1676 5579 ⁸³·
1715 5546 1852 5603 Ibid.
1880 5546 1944 5601 l7
2021 5546 2067 5578 “
2098 5545 2336 5617 Philipp.
2374 5563 2431 5611 ιι,
2466 5547 2520 5601 7.

1564 5681 1739 5736 Variae
1770 5682 2035 5738 lectiones
2068 5681 2277 5739 codicis
2299 5681 2661 5754 Seguieriani.

577 5787 605 5832 ι
635 5787 721 5848 la’.
750 5806 836 5862 γε.
916 5803 933 5835 ι
969 5786 1188 5861 τίθεμεν
1216 5790 1379 5846 αὐτοῦ
1410 5792 1488 5860 τὸ,
1517 5791 1787 5862 λέγεσθαι.

3847 5524 3885 5591 K
