4044 6212
475 247 581 303 953

1498 236 1555 292 S.
1595 234 1869 292 CYRILLI
1909 234 2377 292 ALEXANDRINI
2418 239 2734 296 ARCHIEP.

3636 243 3742 302 Ωιι

476 376 602 431 ουκ
630 358 699 415 ad
754 370 1011 428 superius
1052 362 1215 423 caput
1261 352 1422 407 allata
1455 362 1540 405 est
1577 351 1799 414 solutio,
1843 365 1941 405 seu
1974 364 2062 403 re-

2176 353 2421 424 ταγμένῳ
2464 354 2746 425 κεφαλαίῳ
2789 353 2970 418 λύσις,
3003 357 3170 427 ήγουν
3208 355 3493 425 ἀπολογία.
3546 358 3609 411 Εἰ
3642 362 3741 430 μὲν

477 452 720 524 sponsio.
742 451 878 504 Nam
904 448 948 502 si
976 446 1222 500 dicentes
1254 458 1417 496 unam
1464 441 1629 497 Verbi
1661 450 1936 506 naturam,
1966 448 2049 494 ta.

476 546 785 601 euissemus
806 555 871 594 ac
896 537 1122 591 minime
1148 534 1609 603 adjnnxissemus,
1659 532 1818 608 144
1867 533 2050 587 incar-

479 646 685 697 natam,
711 634 934 687 excluso
968 626 1369 699 propemodum
1398 626 1828 696 dispensationis
1854 634 2054 697 myste-

480 727 583 790 rio,
609 732 753 779 esset
780 723 998 777 illorum
1023 718 1255 772 fortasse
1283 717 1461 770 oratio
1518 733 1629 771 non
1661 717 1868 787 inepta,
1921 717 2054 771 dum

481 819 824 885 interrogare
850 828 907 867 se
931 810 1190 866 simulant
1217 827 1230 863 :
1256 809 1487 864 Ubinam
1523 819 1607 865 est
1632 809 1686 863 in
1713 808 2055 863 humanitate

480 907 768 977 perfectio,
788 914 877 959 aut
898 901 1174 972 quomodo
1190 900 1436 954 substitit
1458 900 1549 953 illa
1570 907 1757 953 nostra
1781 897 2057 953 essentia?

483 1000 591 1055 Sed
621 1000 748 1069 quia
772 1007 827 1051 et
849 997 938 1049 illa
971 997 1027 1049 in
1052 994 1394 1049 humanitate
1436 992 1724 1063 perfectio,
1773 998 1831 1046 et
1864 1005 2058 1044 essem

483 1089 575 1145 tia:
595 1097 796 1144 nostra:
818 1086 1137 1150 declaratio,
1179 1085 1328 1139 illata
1352 1093 1436 1139 est
1458 1084 1586 1138 dum
1616 1083 1854 1137 dicimus
1874 1081 2059 1135 incar-

483 1189 689 1246 natam,
725 1181 982 1247 desinant
1017 1178 1213 1233 baculo
1264 1177 1425 1231 inniti
1462 1175 1788 1230 arundineo.
1820 1174 1872 1228 Is
1913 1173 2059 1228 enim

482 1274 911 1344 quiexcluderet
939 1271 1370 1342 dispensationis
1400 1269 1744 1341 mysterium,
1806 1269 2062 1322 incarna-

486 1365 803 1434 tionemque
826 1370 1072 1434 negaret,
1103 1363 1231 1433 jure
1258 1361 1480 1431 coargui
1508 1369 1694 1430 posset
1728 1369 1990 1428 tanquam
2032 1372 2065 1410 a

484 1457 624 1511 Filio
664 1455 965 1526 perfectam
1013 1452 1412 1508 humanitatem
1456 1451 1720 1506 auferret.
1766 1450 1873 1505 Sed
1899 1449 1968 1515 si,
2005 1456 2068 1503 ut

479 1547 590 1615 jam
620 1546 756 1611 dixi,
779 1546 834 1600 in
860 1561 927 1600 eo
952 1544 1099 1615 quod
1118 1544 1272 1598 illum
1298 1542 1640 1596 incarnatum
1663 1556 1784 1596 esse
1807 1539 2064 1603 dicimus,

486 1640 772 1709 perspicua
795 1647 850 1694 et
877 1646 1028 1694 certa
1064 1634 1339 1692 confessio
1361 1634 1701 1696 continetur,
1733 1649 1842 1703 qua
1899 1632 2068 1686 etiam

486 1706 764 1787 hominem
791 1745 912 1786 esse
937 1728 1143 1783 factum
1186 1726 1534 1797 proﬁtemur,
1570 1725 1709 1780 nihil
1752 1726 1864 1795 jam
1901 1722 2066 1777 intel-
2097 1706 2139 1761 Β

485 1821 658 1893 ligere
684 1820 961 1891 prohibet,
995 1817 1298 1881 Christum,
1327 1829 1453 1870 cum
1496 1816 1569 1870 sit
1617 1830 1762 1869 unus
1802 1829 1866 1869 ac
1918 1813 2069 1868 solus

487 1911 655 1975 filius,
669 1909 925 1965 eumdem
941 1908 1115 1963 Deum
1139 1922 1261 1962 esse
1276 1916 1333 1962 et
1354 1906 1655 1969 hominem,
1682 1904 1815 1959 utin
1841 1903 2065 1967 deitate,

486 2002 564 2058 ita
594 2001 760 2057 etiam
792 2002 850 2057 in
872 1999 1216 2054 humanitate
1249 1999 1574 2069 perfectum.
1607 1996 1934 2051 Rectissime
1968 2012 2067 2051 au-

486 2103 601 2150 tem
633 2109 696 2149 ac
720 2092 1123 2163 sapientissime
1164 2100 1257 2146 tua
1285 2090 1578 2161 prudentia
1602 2091 1872 2144 rationem
1919 2088 2066 2143 salu-

488 2184 663 2240 tifera;
709 2183 980 2255 passionis
1002 2184 1279 2265 exposuit,
1322 2181 1669 2252 unigenitum
1718 2180 1815 2235 Dei
1867 2180 2067 2235 Filium

490 2290 600 2331 non
629 2291 698 2332 ex
716 2291 783 2332 eo
809 2274 954 2346 quod
980 2274 1304 2345 intelligitur
1330 2284 1388 2329 et
1408 2283 1493 2329 est
1511 2274 1677 2337 Deus,
1709 2271 1768 2326 in
1803 2286 1904 2326 sua
1963 2287 2067 2325 na-

491 2377 614 2423 tura
643 2368 971 2423 sustinuisse
1021 2367 1273 2436 corporis
1306 2366 1590 2436 passiones
1619 2364 1915 2431 afﬁrmans,
1969 2362 2068 2418 sed

490 2478 712 2533 passum
736 2460 920 2532 potius
947 2459 1196 2516 terrestri
1224 2467 1417 2514 natura
1448 2476 1464 2525 ;
1494 2474 1621 2513 nam
1648 2458 1743 2512 uni
1776 2467 1833 2512 et
1865 2472 2067 2511 secun—

492 2553 623 2607 dum
655 2553 941 2608 veritatem
963 2552 1101 2607 Filio
1136 2561 1433 2620 utrumque
1479 2550 1794 2605 necessario
1836 2563 2067 2604 servan-

492 2645 624 2699 dum
668 2645 793 2710 fuit,
841 2654 904 2700 ut
950 2653 1007 2700 et
1056 2643 1283 2699 minime
1330 2652 1614 2714 pateretur
1661 2641 1965 2708 divinitus,
2014 2649 2071 2697 et

493 2750 689 2805 passus
704 2736 983 2790 diceretur
1011 2734 1328 2789 humanitus
1357 2751 1368 2786 :
1392 2734 1566 2803 ipsius
1588 2732 1736 2788 enim
1759 2748 1889 2787 caro
1911 2747 2070 2802 passa

493 2836 597 2881 est.
634 2824 740 2881 Sed
786 2825 863 2879 illi
895 2839 1113 2879 rursum
1160 2824 1522 2888 arbitrantur,
1582 2839 1682 2893 per
1719 2823 1826 2883 hoc
1849 2839 1880 2877 a
1908 2822 2072 2897 nobis

495 2919 645 2974 illam
674 2934 796 2988 quae
818 2917 961 2987 apud
978 2933 1075 2972 eos
1101 2917 1463 2986 Theopathia,
1491 2916 1597 2971 hoc
1619 2924 1724 2979 est,
1754 2915 1849 2969 Dei
1873 2917 2069 2986 passio,

2152 442 2260 512 γὰρ
2292 442 2421 513 μίαν
2444 444 2687 507 εἰπόντες
2709 444 2808 514 τὴν
2834 443 2995 513 φύσιν
3013 443 3106 497 τοῦ
3136 445 3309 513 Λόγου
3345 448 3742 518 σεσιγήκαμεν,

2153 535 2254 587 οὐκ
2287 534 2674 601 ἐπενεγκόντες
2719 536 2804 599 τὸ,
2842 536 3273 608 σεσαρκωμένην
3294 577 3306 601 ,
3339 536 3459 590 ἀλλ’
3495 535 3615 592 οἷον
3638 537 3744 604 ἔξω

2155 624 2339 688 θέντες
2369 625 2468 695 τήν
2506 627 2838 697 οἰκονομίαν,
2879 623 2947 699 ἦν
2989 629 3172 691 αὐτοῖς
3201 629 3341 697 τάχα
3376 646 3480 683 που
3512 630 3608 683 καὶ
3642 632 3744 684 οὐκ

2155 717 2418 781 ἀπίθανος
2444 719 2473 771 ὁ
2501 718 2678 787 λόγος,
2726 722 3218 791 προσποιουμένοις
3262 722 3472 792 ἐρωτᾷν
3492 737 3506 750 ⁸
3542 722 3652 775 Ποῦ
3684 724 3746 776 τὺ

2155 810 2359 865 τέλειον
2382 813 2438 864 ὲν
2459 811 2855 883 ἀνθρωπότητι,
2881 812 2914 883 ἢ
2942 813 3058 877 πῶς
3079 814 3384 885 ὑφέστηκεν
3409 814 3578 885 ήκαθ“
3596 817 3747 885 ἡμᾶς

2157 901 2347 967 obsta;
2390 903 2607 974 Ἐπειδὴ
2638 902 2693 955 δὲ
2723 904 2819 956 καὶ
2848 904 2880 972 ή
2923 903 2980 957 έν
3027 903 3405 974 ἁνθρωπότητι
3435 906 3742 975 τελειότηςρ

2160 992 2376 1062 καὶτῆς
2406 991 2527 1044 καθ’
2557 993 2706 1062 ἡμᾶς
2732 993 2919 1055 οὐσίας
2948 994 2980 1062 ή
3019 992 3271 1063 δήλωσις,
3322 994 3743 1063 εἱσκεκόμισται

2160 1081 2247 1134 διὰ
2280 1081 2373 1134 τοῦ
2408 1081 2587 1147 λέγειν
2627 1081 3078 1151 σεσαρκωμένην,
3124 1081 3530 1135 παυσάσθωσαν
3569 1082 3743 1136 καλα-

2166 1174 2329 1245 μίνην
2362 1173 2556 1243 ῥάϐδον
2582 1174 2793 1236 ἑαυτοῖς
2823 1174 3251 1244 ὑποστήσαντες.
3282 1173 3390 1227 Τοῦ
3416 1175 3527 1246 γὰρ
3547 1176 3717 1229 έκὸἀλ
3742 1208 3746 1213 ·

2164 1267 2348 1330 λοντος
2378 1266 2477 1336 τὴν
2515 1266 2851 1332 οἰκονομίαν,
2888 1267 2984 1318 καὶ
3030 1267 3366 1337 ἀρνουμένου
3398 1266 3495 1337 τὴν
3522 1268 3747 1339 σάρκω-

2168 1375 2270 1420 σιν,
2308 1353 2376 1428 ἧν
2419 1357 2482 1410 τὸ
2535 1357 2885 1425 ἐγκαλεῖσθαι
2943 1358 3169 1422 δικαίως
3202 1358 3607 1431 ἀφαιρουμένου
3652 1359 3745 1412 τὸν

2167 1451 2293 1503 Υἰὸν
2324 1452 2424 1521 τῆς
2451 1450 2661 1513 τελείας
2706 1450 3157 1522 ἀνθρωπότητος.
3195 1452 3258 1504 Εἰ
3287 1452 3365 1517 δὲ,
3394 1451 3471 1516 ὡς
3498 1452 3655 1523 ἔφην,
3686 1454 3746 1506 έν

2167 1543 2245 1614 τῷ
2279 1541 2662 1613 σεσαρκῶσθαι
2691 1542 2872 1611 λέγειν
2900 1542 3084 1607 αὑτὸν,
3130 1544 3308 1613 σαφής
3346 1559 3407 1595 τε
3447 1542 3543 1595 καὶ
3568 1544 3747 1614 ἀναμ-

2171 1634 2385 1704 φίϐολος
2412 1636 2446 1705 ή
2476 1633 2740 1705 ὁμολογία
2759 1633 2875 1697 τοῦ,
2903 1634 2984 1688 ὃτι
3014 1635 3238 1703 γέγονεν
3267 1633 3571 1704 ἄνθρωπος,
3595 1634 3747 1689 οὐδὲν

2169 1724 2249 1778 ἔτι
2283 1723 2482 1778 κωλύει
2513 1728 2675 1788 νοεῖν,
2709 1724 2784 1786 ὡς
2823 1720 2906 1788 εἷς
2941 1725 3205 1796 ὑπάρχων
3236 1725 3331 1779 καὶ
3365 1726 3526 1796 μόνος
3562 1724 3693 1790 Υἱὸς
3717 1728 3748 1781 ὁ

2168 1817 2424 1888 Χριστὸς,
2465 1816 2625 1880 αὐτὸς
2664 1816 2797 1880 Θεός
2836 1819 2951 1870 ἐστι
2988 1818 3082 1871 καὶ
3112 1817 3433 1888 ἄνθρωπος,
3463 1817 3649 1889 ὥσπερ
3689 1820 3748 1871 ὲν

2170 1903 2382 1975 θεότητι
2419 1904 2658 1969 τέλειος,
2700 1904 2845 1960 οὕτω
2878 1906 2973 1959 καὶ
3011 1908 3071 1959 ἐν
3113 1906 3516 1978 ἀνθρωπότητι.
3560 1907 3750 1979 Ὀρθό-

2168 2014 2305 2051 τατα
2337 1997 2395 2049 δὲ
2440 1997 2534 2051 καὶ
2579 1997 2722 2051 πάνυ
2767 1997 3006 2061 συνετῶς
3035 2001 3068 2069 ή
3098 1997 3165 2069 σὴ
3198 1999 3475 2071 τελειότης
3499 2000 3592 2054 τὸν
3621 2002 3755 2071 περὶ

2168 2089 2263 2143 τοῦ
2296 2089 2565 2161 σωτηρίου
2612 2089 2819 2153 πάθους
2856 2089 3159 2143 ὲκτέθειται
3194 2089 3353 2159 λόγον
3375 2106 3388 2119 ·
3450 2091 3551 2145 οὐκ
3586 2093 3751 2146 αὑτὸν

2169 2180 2260 2234 τὸν
2305 2180 2569 2251 μονογενῆ
2595 2180 2689 2234 τοῦ
2734 2180 2870 2234 Θεοῦ
2909 2180 3040 2235 Υίὸν
3077 2181 3215 2235 καθὸ
3257 2184 3462 2237 νοεῖται
3504 2183 3598 2237 καὶ
3630 2182 3752 2237 ἔστι

2169 2275 2323 2339 Θεὸς,
2345 2276 2536 2330 παθεῖν
2552 2277 2632 2339 είς
2655 2275 2790 2329 ἰδίαν
2812 2275 2974 2344 φύσιν
2988 2275 3057 2329 τὰ
3074 2274 3323 2347 σώματος
3342 2276 3751 2347 ἰσχυριζομένη,

2169 2367 2365 2421 παθεῖν
2408 2367 2466 2420 δὲ
2514 2366 2716 2438 μᾶλλον
2758 2370 2824 2439 τῇ
2853 2371 3014 2440 χοῖκῇ
3049 2367 3250 2437 φύσει·
3289 2366 3395 2421 ἔδει
3425 2367 3533 2439 γὰρ
3576 2368 3753 2437 ἀναγ-

2170 2460 2341 2522 καίως
2365 2459 2651 2532 ἀμφότερα
2683 2458 2950 2524 σώζεσθαι
2982 2460 3060 2531 τῷ
3090 2460 3170 2513 ἑνὶ
3196 2460 3290 2513 καὶ
3329 2460 3471 2514 κατὰ
3492 2459 3754 2530 ἀλήθειαν

2170 2552 2306 2623 Υἰῷ,
2341 2552 2514 2609 καὶτὸ
2544 2550 2618 2624 μὴ
2654 2552 2884 2621 πάσχειν
2909 2551 3129 2616 θεῖκῶς,
3159 2550 3252 2605 καὶ
3272 2551 3334 2604 τὸ
3365 2550 3618 2618 λέγεσθαι
3643 2568 3756 2604 πα-

2173 2644 2289 2699 θεῖν
2315 2642 2677 2715 ἀνθρωπίνως
2695 2657 2709 2673 °
2737 2644 2770 2712 ή
2797 2641 2961 2696 αὑτοῦ
2989 2641 3099 2713 γὰρ
3122 2641 3357 2695 πέπονθε
3398 2640 3553 2712 σάρξ.
3606 2632 3758 2694 Ἀλλ’

2171 2737 2373 2790 οίονται
2407 2733 2571 2788 πάλιν
2618 2734 2815 2787 ἐκεῖνοι
2861 2731 2961 2803 τὴν
2999 2732 3345 2801 καλουμένην
3394 2732 3525 2802 παρ’
3567 2730 3756 2794 αὐτοῖς

2171 2827 2541 2893 Θεοπάθειαν,
2576 2827 2723 2897 ἡμᾶς
2782 2824 3066 2895 εἰσφέρειν
3104 2823 3193 2876 διὰ
3232 2822 3426 2875 τούτου
3451 2838 3465 2853 ·
3513 2822 3608 2875 καὶ
3653 2822 3759 2874 οὐκ

2173 2920 2416 2974 ὲννοοῦσι
2447 2917 2546 2990 τὴν
2569 2915 2902 2987 οἰκονομίαν,
2928 2914 3344 2987 κακουργότατα
3374 2913 3430 2967 δὲ
3456 2913 3758 2985 πειρῶνται

496 3012 722 3074 dicitur,
755 3010 940 3065 induci
982 3024 1204 3080 :neque
1242 3010 1554 3081 intelligunt
1588 3008 1907 3080 mysterium
1957 3008 2072 3062 dis-

2185 3012 2444 3084 μεθιστᾷν
2474 3013 2552 3075 εἰς
2590 3009 2875 3080 ἄνθρωπον
2910 3007 3092 3071 ἰδικῶς
3138 3009 3200 3060 τὸ
3229 3006 3403 3071 πάθος
3429 3022 3443 3035 ·
3470 3006 3757 3060 εὐσέόειαν

497 3100 855 3171 pensationis,
930 3101 1025 3155 sed
1087 3100 1360 3156 malitiose
1403 3100 1699 3155 admodum
1759 3099 2083 3155 adnituntur

498 3198 557 3250 in
581 3195 863 3249 hominem
890 3194 1113 3265 proprie
1148 3196 1446 3251 transferre
1476 3195 1810 3264 passionem,
1852 3195 2083 3250 damno-

499 3305 613 3344 sam
626 3289 881 3359 pietatem
900 3289 1279 3358 imprudenter
1304 3288 1650 3351 aﬂ'ectantes,
1685 3296 1746 3342 ut
1766 3303 1876 3342 non
1903 3288 2083 3357 ipsum

499 3380 597 3435 Dei
623 3380 862 3435 Verbum
891 3380 1252 3434 conﬁtcamur
1285 3378 1645 3442 Salvatorem,
1699 3386 1888 3449 utpote
1935 3378 2081 3448 quod

498 3467 776 3538 pronobis
799 3468 1081 3539 proprium
1112 3468 1434 3539 sanguinem
1485 3467 1719 3534 dederit,
1769 3469 1868 3526 sed
1918 3469 2082 3525 homo

500 3561 597 3630 qui
629 3552 849 3631 proprie
876 3577 939 3616 ac
967 3561 1193 3615 seorsim
1213 3561 1595 3617 consideretur
1624 3563 1815 3626 Filius,
1861 3562 1918 3617 id
1952 3578 2081 3632 per-

501 3653 700 3709 fecisse
729 3653 962 3709 dicatur.
1014 3654 1218 3709 Verum
1267 3653 1359 3723 qui
1409 3653 1483 3708 ita
1539 3654 1804 3720 sentiunt,
1863 3670 2081 3710 omnem

507 3746 660 3800 illius
682 3763 806 3801 cum
828 3763 992 3802 carne
1016 3745 1445 3816 dispensationis
1457 3746 1723 3802 rationem
1740 3745 2082 3810 concutiunt,

502 3846 868 3907 nostrumque
919 3839 1239 3909 mysterium
1262 3838 1513 3893 divinum
1560 3837 1629 3892 ad
1664 3837 1905 3893 hominis
1946 3837 2084 3892 ado-

505 3928 662 3982 randi
717 3930 925 3983 cultum
984 3930 1130 3984 haud
1184 3931 1420 3986 obscure
1476 3930 1857 3984 transferunt:
1908 3945 2089 3999 neque

506 4020 644 4076 illud
670 4022 1023 4077 considerant
1059 4023 1204 4093 quod
1231 4024 1413 4093 ipsum
1439 4039 1506 4077 ex
1543 4022 1750 4077 Judaeis
1788 4023 2089 4077 secundum

507 4127 750 4173 carnem.
783 4113 837 4168 id
867 4124 973 4177 est,
998 4114 1176 4184 ipsum
1199 4130 1266 4169 ex
1290 4115 1567 4169 Abraham
1587 4124 1643 4168 et
1660 4115 1814 4170 Jesse
1836 4124 1893 4170 et
1920 4115 2091 4169 David

509 4204 721 4259 semine
740 4205 1043 4270 Christum,
1068 4214 1126 4259 et
1170 4206 1463 4260 Dominum
1510 4205 1697 4275 gloriae
1722 4207 1787 4271 “,
1815 4216 1873 4262 et
1921 4207 2092 4262 Deum

509 4297 859 4353 benedictum
886 4298 941 4353 in
966 4300 1185 4363 saecula,
1215 4308 1272 4354 et
1295 4315 1462 4370 super
1483 4300 1691 4364 omnia,
1728 4301 1923 4356 beatus
1946 4302 2092 4356 Pau-

2181 3105 2469 3175 ἐπιζήμιον
2518 3102 2793 3165 ἀσυνέτως
2835 3100 3280 3171 ἐπιτηδεύοντες,
3318 3098 3405 3151 ἵνα
3463 3096 3538 3169 μὴ
3590 3098 3621 3151 ὁ
3657 3096 3757 3151 τοῦ

2180 3196 2316 3251 Θεοῦ
2343 3197 2514 3265 Λόγος
2537 3195 2863 3265 ὁμολογῆται
2882 3191 3091 3263 Σωτὴρ,
3112 3192 3187 3253 ὼς
3209 3190 3269 3243 τὸ
3284 3190 3416 3244 ἴδιον
3436 3189 3577 3260 ὑπὲρ
3594 3191 3627 3260 ή
3636 3188 3759 3260 μῶν

2179 3283 2318 3359 αἷμα
2348 3287 2469 3350 δούς
2490 3303 2503 3317 ·
2542 3286 2657 3339 ἀλλ’
2702 3285 2791 3338 ῐνα
2829 3284 3028 3353 μᾶλλον
3074 3281 3363 3353 ἄνθρωπος
3408 3279 3593 3345 ἰδικῶς
3614 3320 3629 3343 ,
3661 3280 3761 3333 καὶ

2180 3378 2301 3433 καθ’
2331 3376 2520 3431 ἑαυτὸν
2546 3377 2833 3447 νοούμενος
2866 3376 3018 3438 Υἰὺς,
3042 3372 3204 3429 τοῦτο
3232 3374 3456 3442 λέγηται
3480 3370 3764 3443 κατορθῶ-

2181 3488 2293 3525 σαι.
2327 3468 2621 3524 Κατασείει
2649 3469 2706 3522 δὲ
2743 3466 2805 3521 τὸ
2831 3467 2975 3521 οὕτω
2999 3468 3218 3538 φρονεῖν
3250 3466 3465 3519 ἅπαντα
3494 3464 3595 3533 τῆς
3619 3462 3762 3533 μετὰ

2183 3561 2386 3634 σαρκὸς
2408 3559 2722 3631 οἰκονομίας
2751 3558 2845 3614 τὸν
2869 3557 3051 3627 λόγον,
3086 3556 3183 3611 καὶ
3217 3555 3277 3609 τὸ
3298 3556 3438 3609 θεῖον
3462 3553 3621 3624 ἡμῶν
3653 3570 3763 3623 μυ-

2184 3658 2405 3727 στήριον
2428 3655 2508 3717 εἰς
2536 3652 2767 3723 δύναμιν
2798 3649 3282 3722 ἀνθρωπολατρίας
3317 3648 3763 3719 παραστήσουσιν

2183 3745 2285 3798 οὐκ
2307 3743 2671 3813 ἀσυμφανῶς·
2704 3741 2799 3794 κα)⁸
2817 3741 2917 3794 οὐκ
2949 3739 3223 3793 ἐννοοῦσιν
3261 3741 3366 3803 ὅτι,
3397 3739 3487 3792 τὸν
3518 3738 3575 3804 ἐξ
3619 3738 3757 3790 Ἰου-

2184 3836 2349 3890 δαίων
2392 3834 2534 3888 κατὰ
2579 3835 2779 3905 σάρκα,
2821 3833 2968 3887 τοῦτ’
3011 3832 3151 3897 ἐστι,
3189 3832 3280 3885 τὸν
3335 3832 3401 3885 ὲκ
3444 3830 3765 3901 σπέρματος

2200 3928 2455 3999 Ἀϐραὰμ
2483 3929 2575 3981 καὶ
2618 3927 2818 3980 Ἰεσσαὶ
2846 3927 2941 3980 καὶ
2965 3924 3130 3979 Δαὸὶδ
3150 3924 3401 3995 Χριστὸν,
3436 3922 3532 3977 καὶ
3557 3921 3764 3992 Κύριον

2187 4023 2286 4090 τῆς
2317 4020 2495 4089 δόξης,
2538 4019 2633 4073 καὶ
2656 4019 2789 4072 Θεὸν
2828 4016 3122 4087 εύλογητὸν
3148 4016 3227 4078 εἰς
3250 4014 3379 4077 τοὺς
3404 4013 3628 4075 αἰῶνας,
3666 4013 3766 4065 καὶ

2188 4117 2283 4170 ἐπὶ
2307 4117 2507 4176 πάντα.
2550 4116 2579 4168 ό
2610 4115 2879 4185 μακάριος
2910 4112 3016 4183 ἔφη
3046 4110 3281 4175 Παῦλος,
3320 4110 3451 4163 ἴδιον
3475 4108 3767 4176 ἀποφήνας

2189 4211 2282 4266 τοῦ
2331 4212 2505 4279 Λόγου
2542 4211 2604 4263 τὸ
2638 4211 2819 4280 σῶμα,
2850 4209 2910 4262 τὸ
2930 4206 3009 4278 τῷ
3058 4205 3197 4275 ξύλῳ
3252 4198 3628 4273 προσηλωθδν,
3666 4198 3766 4252 καὶ

2191 4302 2341 4372 αὐτῷ
2372 4303 2462 4356 τὸν
2505 4302 2735 4370 σταυρὸν
2757 4301 2843 4355 διὰ
2864 4298 3022 4353 τοῦτο
3056 4295 3400 4368 προσνέμων.

510 4391 598 4445 lus
621 4389 856 4446 asseruit
883 4390 952 4455 ⁸⁷,
1008 4390 1291 4460 proprium
1339 4407 1460 4447 esse
1528 4392 1892 4462 pronuntians
1919 4393 2082 4449 Verbi
2122 4408 2323 4464 corpus
2358 4394 2507 4466 ligno
2527 4393 2816 4459 sufﬁxum,
2862 4406 2926 4445 ac
2962 4405 3062 4461 per
3108 4388 3216 4443 hoc
3277 4386 3381 4457 ipsi
3413 4384 3595 4442 Verbo
3639 4398 3766 4438 cru-

510 4499 630 4539 cem
663 4484 991 4540 attribuens.

576 4576 664 4632 IV.
710 4574 956 4647 Comperi
986 4577 1147 4630 etiam
1193 4577 1343 4631 aliud
1367 4577 1620 4647 quiddam
1670 4594 1779 4632 esse
1831 4588 2075 4649 praeterea

2265 4578 2337 4628 A'.
2390 4571 2685 4628 Μανθάνω
2714 4569 2814 4633 δὲ,
2861 4569 2950 4622 ὅτι
2987 4565 3086 4621 καὶ
3119 4566 3325 4634 ἔτερόν
3359 4581 3413 4617 τι
3446 4560 3598 4631 πρὸς
3628 4561 3770 4615 τού-
3820 4534 3823 4537 Ι

510 4667 647 4737 quod
692 4677 987 4737 quwratur.
1023 4666 1163 4721 Nam
1208 4671 1297 4739 qui
1342 4668 1464 4721 dicit
1515 4668 1801 4722 Dominum
1852 4678 2091 4724 nostrum

513 4758 656 4811 nuda
688 4757 907 4828 solaque
927 4775 1086 4811 carne
1110 4777 1342 4829 passam.
1404 4761 1825 4814 irrationabilem
1886 4771 1937 4814 et
1986 4779 2090 4815 non

512 4862 857 4919 spontaneum
869 4853 917 4922 ej
925 4870 982 4906 us
1004 4854 1189 4906 asserit
1206 4853 1690 4924 passionem.th
1710 4852 1766 4909 Si
1780 4856 1893 4925 quis
1911 4865 2091 4909 autem

514 4942 726 5006 dixerit,
746 4960 861 4996 eum
887 4961 1006 4997 cum
1030 4946 1210 4997 anima
1227 4943 1554 5014 intelligente
1576 4961 1811 5013 passum,
1844 4953 1899 4997 ut
1918 4944 2093 5015 passio

513 5035 582 5088 sit
615 5044 929 5103 spontanee,
957 5035 1286 5089 tantumdem
1330 5044 1404 5087 est
1441 5052 1504 5087 ac
1533 5035 1579 5088 si
1623 5036 1762 5088 dicat
1795 5037 1850 5088 in
1897 5044 2095 5088 natura

516 5127 862 5181 humanitatis
898 5128 1056 5196 fuisse
1078 5143 1313 5197 passum.
1348 5124 1497 5189 Quod
1528 5126 1572 5178 si
1593 5141 1775 5178 verum
1821 5135 1917 5191 est,
1961 5144 2093 5197 quo-

516 5218 671 5271 modo
697 5220 879 5288 negari
902 5226 1067 5289 potest
1098 5218 1231 5270 duas
1266 5227 1487 5270 naturas
1516 5224 1628 5285 post
1658 5216 1905 5268 unionem
1952 5217 2090 5270 indi-

517 5310 624 5361 vise
649 5309 974 5362 subsistere?
1013 5310 1198 5379 Itaque
1225 5310 1269 5363 si
1324 5310 1439 5378 quis
1475 5308 1621 5367 dicit,
1681 5304 1886 5361 Christo
1936 5308 2097 5377 igitur

520 5415 677 5467 passo
705 5399 759 5450 in
784 5415 943 5452 carne
974 5402 1040 5463 ⁸⁸,
1073 5401 1204 5454 nihil
1228 5400 1377 5453 aliud
1400 5401 1522 5453 dicit
1566 5399 1689 5464 nisi,
1730 5396 1938 5453 Christo
1993 5399 2094 5469 igi-

524 5496 611 5541 tur
634 5504 788 5559 passo
813 5505 907 5558 pro
930 5490 1073 5544 nobis
1096 5492 1152 5543 in
1179 5498 1361 5543 nostra
1392 5497 1607 5544 natura.

602 5666 646 5699 ⁸⁸³
676 5665 841 5725 lCor.
876 5666 931 5727 if.
974 5665 1022 5727 8.
1088 5666 1127 5697 ³⁷
1161 5668 1311 5723 Ηοω
1357 5684 1428 5730 rx.
1467 5669 1516 5723 5.
1599 5665 1640 5697 ⁸⁸
1677 5668 1697 5722 l
1732 5668 1874 5724 Petr.
1919 5684 1989 5733 l\',
2040 5667 2083 5720 l.

2194 4685 2315 4732 τοις
2349 4663 2481 4718 ἐστί
2505 4663 2571 4717 τὸ
2606 4661 2988 4730 ζητούμενον.
3031 4658 3097 4711 '0
3125 4656 3239 4726 γάρ
3263 4673 3351 4710 τοι
3376 4654 3573 4723 λέγων
3587 4651 3771 4721 σαρκὶ

2195 4758 2409 4813 παθεῖν
2435 4753 2631 4827 γυμνῇ
2668 4755 2777 4807 τὸν
2826 4753 3063 4820 Κύριον,
3095 4749 3323 4816 ἄλογον
3351 4746 3447 4800 καὶ
3475 4746 3776 4800 ἀκούσιον

2196 4850 2446 4904 ποιεῖται
2472 4848 2536 4901 τὸ
2572 4846 2781 4910 πάθος.
2826 4843 2965 4899 Ἐὰν
2996 4843 3063 4896 δέ
3091 4860 3180 4907 τις
3207 4841 3347 4907 siam
3380 4840 3531 4907 μετὰ
3561 4835 3774 4906 ψυχῆς

2203 4941 2415 5009 νοερᾶς
2445 4938 2657 4994 παθεῖν
2698 4936 2919 5011 αὐτὸν,⁴
2940 4937 3039 4989 ἵνα
3066 4931 3107 5006 ᾖ
3143 4935 3207 4989 τὸ
3239 4931 3427 4997 πάθος
3461 4930 3773 4988 ἑκούσιον,

2200 5032 2381 5086 οὐδὲν
2402 5031 2619 5085 κωλύει
2650 5028 2851 5097 λέγειν
2875 5024 2950 5093 τῇ
2981 5026 3160 5094 φύσει
3182 5024 3292 5090 τῆς
3319 5020 3770 5087 ἀνθρωπότητος

2200 5127 2389 5178 αὑτὸν
2435 5122 2669 5178 παθεῖν.
2713 5122 2779 5175 Et
2811 5118 2879 5171 δὲ
2908 5118 3006 5172 καί
3041 5117 3217 5171 τοῦτο
3262 5112 3507 5180 ἀληθὲς,
3547 5108 3674 5174 πῶς
3704 5108 3780 5161 οὐ

2200 5216 2306 5281 τὰς
2355 5213 2462 5267 δύο
2512 5213 2731 5282 φύσεις
2773 5208 3097 5278 ὑφιστιίναι
3153 5207 3426 5275 δώσομεν
3464 5199 3615 5271 μετὰ
3664 5196 3783 5266 τὴν

2200 5308 2421 5361 ἕνωσιν
2448 5304 2822 5372 ἁδιιιιρέτως;
2864 5303 3068 5367 Ὥστε,
3102 5300 3157 5354 εἴ
3184 5317 3273 5364 τις
3304 5297 3488 5365 λέγει,
3521 5287 3784 5361 Χριστοῦ

2207 5396 2321 5455 οὖν
2350 5400 2647 5462 παθόντος
2684 5396 2836 5463 ὑπὲρ
2886 5393 3056 5463 ἡμῶν
3096 5383 3309 5459 σαρκί,
3338 5386 3533 5441 ὀὐδὲν
3576 5383 3784 5449 ἕτερον

2204 5489 2363 5559 λέγει
2388 5487 2575 5557 πλὴν,
2597 5486 2685 5541 ὅτι
2704 5484 2960 5554 Χριστοῦ
2982 5480 3095 5539 οὖν
3119 5481 3416 5545 παθόντος
3436 5473 3587 5543 ὑπὲρ
3612 5469 3778 5543 ἡμῶν

2205 5580 2280 5651 τῇ
2310 5579 2560 5651 ἡμετέρᾳ.
2591 5580 2788 5651 φύσει.
