4044 6212
349 263 463 320 245
1698 261 1900 319 Ειηετ

2001 225 2037 317 It
2076 262 2258 319 xm.
3494 272 3603 333 sto

422 376 678 447 Μᾶχεται
710 373 875 427 πάλιν
894 373 956 427 τὸ
974 375 1262 447 πρὸϐλημα
1286 376 1436 431 οὐδὲν
1468 372 1626 449 ἧττον
1657 380 1769 441 τοῖς
1797 377 1897 449 μία

2102 376 2440 435 Adversatur
2464 396 2657 435 rursus
2678 380 2795 436 haec
2834 396 3025 436 eorum
3058 390 3360 452 proposntio
3401 384 3603 441 nihilo-

342 464 495 522 εἶναι
553 467 773 535 λέγουσι
819 464 915 518 τοῦ
954 465 1084 519 Υίυῦ
1133 467 1293 536 φύσιν
1340 469 1788 540 σεσαρκωμένην,
1835 486 1900 523 κα

2031 467 2215 524 minus
2242 470 2309 526 iis
2337 471 2432 541 qui
2459 471 2651 527 dicunt
2671 488 2833 526 unam
2860 487 2980 528 esse
3012 473 3130 528 Filii
3153 483 3402 529 naturam
3427 476 3601 531 incar.

340 555 467 614 οἷον
492 561 694 613 εἰκαῖον
729 557 1050 627 ἀποφαίνειν
1077 559 1352 626 ἐθέλοντες
1382 562 1535 626 αὐτὸ,
1566 559 1900 631 φιλονεικοῦο

2028 560 2245 621 natam;
2298 556 2464 627 idque
2509 558 2660 614 velut
2704 560 2947 630 ineptum
3000 561 3244 616 volentes
3291 562 3602 630 ostendere,

344 651 630 721 πανταχοῦ
668 650 763 703 δύο
808 648 999 719 φύσεις
1039 651 1361 719 ὑφεστώσας
1402 654 1749 723 ἀποφαίνειν.
1792 653 1900 707 Ἀλλ

2031 642 2236 714 ubique
2257 645 2394 702 duas
2416 657 2643 705 naturas
2664 650 3027 706 subsistentes
3047 661 3315 707 conantur
3333 664 3601 711 astruere.

341 742 626 812 ἠγνόησαν
655 742 739 795 ὅτι
774 741 873 795 ὅσα
904 740 981 812 μὴ
1011 741 1155 796 κατὰ
1188 743 1358 814 μόνην
1385 742 1485 815 τὴν
1520 743 1755 815 θεωρίαν
1788 745 1898 801 διαι

2034 733 2140 790 Sed
2168 737 2420 808 ignorant
2442 757 2783 813 quascunque
2816 758 2925 798 non
2966 744 3082 799 sola
3117 746 3317 801 mentis
3353 734 3604 803 conside-

341 836 563 901 ρείσυαι
592 833 760 902 φιλεῖ,
798 832 972 887 ταῦτα
1000 834 1219 899 πάντως
1260 836 1357 889 καὶ
1394 838 1473 900 εἰς
1511 837 1807 909 ἑτερότητα
1833 837 1898 908 τὴ

2027 829 2241 885 ratione
2270 830 2531 904 distingui
2566 835 2764 900 solent,
2787 850 2853 890 ea
2877 850 3106 906 prorsus
3135 838 3301 893 etiam
3334 838 3387 893 in
3422 838 3603 895 diver-

333 922 453 977 ἀνὰ
491 924 661 995 μέρος
707 922 1016 995 ὁλοτρόπως
1041 925 1137 978 καὶ
1178 925 1363 990 ίδικῶς
1396 928 1817 999 ἁποφοιτήσειεν
1863 928 1898 982 ἂ

2028 917 2247 975 sitatem
2298 921 2619 979 distinctam
2658 926 3004 981 omnifariam
3052 943 3116 983 ac
3169 928 3425 999 privatim
3471 946 3500 985 a
3541 944 3602 985 se

332 1013 619 1084 ἀλλήλων.
659 1014 842 1067 Ἔστω
884 1014 943 1068 δὲ
997 1015 1131 1085 ἡμῖν
1177 1017 1258 1080 είς
1317 1017 1666 1089 παράδειγμα
1713 1017 1874 1073 πάλιν

2028 1017 2221 1092 mutuo
2268 1015 2543 1092 segregari
2616 1017 2699 1072 Sit
2743 1034 2936 1073 rursus
2980 1020 3142 1076 nobis
3187 1021 3243 1074 in
3290 1024 3599 1092 exemplum

334 1103 470 1158 καθ’
502 1105 659 1174 ἡμᾶς
695 1103 1004 1179 ἅνθρωπος.
1035 1105 1142 1158 Δύο
1180 1106 1281 1176 μὲν
1324 1107 1433 1179 γὰρ
1462 1108 1551 1161 ἐπ’
1584 1108 1749 1162 αὑτοῦ
1774 1109 1900 1163 νοοῦε

2027 1091 2193 1147 homo
2214 1091 2386 1151 nosit‘i
2416 1096 2637 1152 similis.
2693 1098 2838 1155 Duas
2866 1116 3107 1173 namque
3158 1104 3212 1159 in
3249 1119 3316 1161 eo
3367 1091 3594 1164 naturas

334 1210 449 1263 μεν
488 1168 591 1257 τᾶς
638 1168 852 1262 emisere,
890 1196 1022 1264 μίαν
1065 1168 1196 1265 μὲν,
1224 1168 1561 1268 ήςῠψῦχῆς,
1611 1198 1805 1272 ἑτέραν
1846 1199 1900 1253 δὲ

2024 1184 2403 1255 intelligimus,
2434 1202 2597 1242 unam
2637 1190 2857 1255 animae,
2887 1168 3117 1249 alteram
3171 1199 3443 1267 corporis.
3483 1199 3589 1255 Sed

330 1283 440 1337 τοῦ
492 1284 773 1355 σώματος.
838 1284 982 1340 Ἀλλ’
1027 1288 1084 1339 ὲν
1124 1287 1305 1356 ψιλαῖς
1360 1288 1625 1353 διελόντες
1675 1290 1900 1355 ἐννοίαις

2025 1292 2150 1332 cum
2180 1279 2299 1334 sola.
2339 1280 2766 1337 discreverimus
2825 1284 3205 1356 intelligentia,
3257 1299 3314 1344 et
3339 1290 3595 1346 diﬂercn-

328 1377 438 1429 καὶ
485 1378 567 1440 ὡς
613 1378 674 1431 ὲν
704 1377 913 1449 ίσχναϊς
947 1378 1224 1451 θεωρίαις,
1277 1380 1394 1451 ἦτοι
1450 1381 1543 1434 νοῦ
1597 1383 1900 1452 φαντασίαι

2026 1369 2157 1424 tiam
2186 1370 2376 1425 subtili
2410 1375 2892 1442 contemplatione,
2933 1392 3029 1431 seu
3085 1380 3286 1435 mentis
3326 1380 3591 1452 imagina-

324 1468 444 1538 τὴν
473 1468 743 1539 διαφορὰν
768 1469 1075 1542 δεξάμενοι,
1101 1471 1200 1524 οὐκ
1238 1472 1344 1525 ἀνὰ
1376 1471 1542 1542 μέρος
1576 1471 1798 1543 τίθεμεν
1828 1473 1900 1526 τὰ

2050 1460 2173 1516 ione
2201 1465 2657 1532 conceperimus;
2711 1482 2817 1521 non
2855 1479 3034 1524 tamen
3070 1473 3297 1526 seorsim
3336 1476 3591 1542 ponimus

327 1562 567 1628 φύσεις
618 1560 741 1615 οὔτε
789 1563 897 1633 μὴν
936 1562 1183 1633 διαμπὰξ
1213 1561 1301 1616 διὰ
1345 1563 1442 1635 τῆς
1480 1564 1653 1635 τομῆς
1699 1564 1900 1634 ἐφίεμεε

2024 1563 2269 1618 naturas,
2301 1568 2478 1625 neque
2506 1556 2609 1613 illis
2637 1558 2690 1613 in
2717 1567 2891 1613 totum
2919 1575 3016 1630 per
3061 1561 3388 1619 divisionem
3422 1565 3594 1620 virtu-

322 1651 441 1721 τὴν
484 1651 714 1723 δύναμιν
762 1654 973 1718 αὑταῖς,
1032 1653 1146 1708 ἀλλ’
1171 1654 1290 1719 ἑνὸς
1315 1651 1451 1708 εἶναι
1481 1655 1742 1725 νοοῦμενο
1780 1653 1900 1708 ὥστε

2027 1654 2135 1699 tem
2167 1645 2539 1714 immittimus,
2589 1650 2684 1706 scd
2719 1653 2882 1708 unius
2913 1653 3155 1712 hominis
3179 1671 3301 1711 esse
3332 1657 3593 1729 intelligi-

321 1719 436 1803 τάς
462 1740 579 1803 δύο,
612 1719 810 1813 μηκέτι
859 1743 960 1814 μὲν
1005 1739 1145 1798 εἶναι
1193 1744 1306 1807 δύο,
1349 1745 1418 1798 δι’
1461 1719 1664 1816 ἀμφοίν
1690 1746 1747 1800 δὲ
1772 1746 1833 1799 τὸ
1862 1745 1900 1798 ἒι

2025 1747 2170 1802 Inus,
2200 1736 2351 1790 itaut
2374 1738 2477 1793 illa:
2498 1739 2618 1794 dua:
2645 1757 2751 1795 non
2778 1743 2890 1813 jam
2926 1744 3039 1800 sint
3061 1744 3197 1810 duo,
3225 1745 3320 1800 sed
3357 1719 3589 1813 utraque

319 1830 723 1886 ἀποτελεῖσθαι
759 1831 916 1897 ζῶον.
944 1835 1175 1901 Οὐκοῦν,
1212 1836 1317 1891 κᾶν
1346 1838 1396 1890 εί
1444 1836 1657 1906 λέγοιεν
1703 1838 1900 1910 ἀνθρωε

2023 1826 2226 1881 animal
2248 1843 2416 1883 unum
2436 1830 2772 1890 absolvatur.
2799 1834 3062 1901 Quamvis
3093 1837 3262 1907 igitur
3292 1838 3344 1892 iu
3371 1839 3591 1895 Emma-

320 1921 573 1991 πότητος
613 1923 778 1992 φύσιν
829 1924 925 1979 καὶ
964 1924 1217 1997 θεότητος
1261 1927 1356 1980 ἐπὶ
1397 1925 1493 1980 τοῦ
1549 1928 1900 2002 Ἐμμανουὴλη

2023 1920 2150 1974 nuel
2168 1919 2525 1978 humanitatis
2550 1934 2797 1979 naturam
2827 1941 2890 1981 ac
2914 1927 3216 1984 divinitatis
3236 1931 3444 1995 dicant,
3472 1933 3586 2003 ipsa

319 2014 449 2067 ἀλλ’
472 2016 506 2085 ἡ
540 2014 896 2087 ἀνθρωπότης
932 2017 1157 2087 γέγονεν
1195 2018 1303 2073 ίδία
1329 2018 1424 2073 τοῦ
1470 2022 1668 2090 Λόγου,
1707 2023 1802 2076 καὶ
1832 2021 1900 2089 εἷς

2025 2018 2207 2067 tamen
2231 2013 2544 2073 humanitas
2580 2019 2799 2088 propria
2825 2020 2968 2074 facta
3007 2020 3301 2089 estVerbi,
3338 2039 3590 2093 unusque

324 2104 460 2170 Γεδς
510 2109 714 2160 νοεῖται
764 2107 860 2161 σὺν
910 2109 1071 2181 αὐτῇ.
1105 2110 1218 2182 Τῆς
1267 2128 1332 2180 γε
1389 2112 1496 2184 μὴν
1551 2115 1900 2171 θεοπνεύστοι

2012 2113 2138 2153 cum
2172 2100 2289 2169 ipsa
2324 2099 2496 2155 Filius
2524 2100 2872 2173 intelligitur.
2901 2103 3038 2158 Cum
3071 2119 3202 2158 vero
3229 2104 3413 2158 divina
3445 2107 3595 2160 Scri-

322 2195 558 2266 Γραφῆς
587 2199 754 2269 σαρκὶ
782 2198 978 2255 παθεῖν
1011 2201 1174 2255 αὐτὸν
1211 2201 1497 2273 λεγούσης,
1533 2205 1758 2276 ἄμεινον
1815 2209 1900 2262 καὶ

2010 2197 2174 2262 ptura
2215 2190 2384 2257 dicat,
2427 2192 2606 2264 ipsum
2654 2208 2818 2249 carne
2864 2204 3104 2265 passum,
3148 2194 3320 2250 satius
3364 2203 3450 2250 est
3494 2209 3595 2249 nos

323 2286 481 2354 ἡμᾶς
507 2285 655 2339 οὕτω
673 2287 871 2356 λέγειν,
898 2290 1063 2362 ἡγουν
1079 2296 1145 2363 τῇ
1168 2292 1326 2362 φύσει
1351 2297 1450 2366 τῆς
1470 2293 1900 2368 ἁνθρωπότητος·

2008 2297 2228 2354 quoque
2270 2283 2349 2339 sic
2395 2283 2601 2350 dicere,
2645 2300 2811 2355 quam
2855 2285 2910 2339 in
2957 2292 3153 2341 natura
3196 2284 3590 2351 immanitatis;

320 2376 385 2427 ei.
415 2379 509 2428 καὶ
540 2377 620 2428 ὅτι
658 2377 916 2447 μάλιστα,
952 2382 1001 2433 εί
1039 2381 1115 2452 μὴ
1152 2382 1472 2454 δυστρόπως
1504 2385 1717 2454 λέγοιτο
1746 2387 1907 2443 τοῦτο

321 2464 469 2534 πρός
499 2482 686 2529 τινων,
730 2467 1042 2540 ἀδικήσειεν
1070 2471 1136 2527 ἂν
1165 2472 1324 2526 οὐδὲν
1355 2475 1446 2528 τὸν
1475 2476 1566 2529 τοῦ
1602 2480 1902 2553 μυστηρίου

322 2553 508 2623 λόγον.
543 2556 611 2609 Τί
657 2556 767 2629 γάρ
816 2559 966 2613 ἔστιν
1020 2561 1439 2635 ἀνθρωπάτητος
1483 2567 1646 2634 φύσις
1694 2568 1900 2640 ἕτερον,

321 2647 470 2715 πλὴν
500 2648 584 2701 ὅτι
607 2649 747 2720 σὰρξ
774 2648 1099 2722 ὲψυχωμένη
1129 2655 1331 2726 νοερῶς
1356 2652 1414 2731 ᾖ,
1446 2659 1543 2711 καὶ
1576 2660 1900 2716 πεπονθέναι

325 2738 512 2806 φαμὲν
532 2739 696 2812 σαρκὶ
728 2739 826 2795 τὸν
841 2739 1073 2811 Κύριον;
1104 2742 1509 2816 Περιεργότατα
1541 2746 1721 2801 τοίνυν
1748 2749 1898 2817 φασὶ,

322 2828 390 2880 τὸ
414 2830 481 2901 τῇ
511 2829 673 2897 φύσει
721 2832 823 2902 τῆς
859 2831 1278 2905 ἀνθρωπότητος
1307 2835 1470 2891 αὑτὸν
1511 2837 1704 2892 παθεῖν
1724 2855 1738 2870 ·
1765 2833 1897 2907 οἷον,

323 2915 740 2983 ἁποδιιστάντες
771 2918 944 2994 αὐτὴν
994 2920 1090 2975 τοῦ
1137 2922 1335 2992 Λόγου,
1374 2925 1467 2979 καὶ
1506 2926 1612 2992 ἔξω
1659 2929 1900 2996 τιθέντες

326 3007 536 3075 ἰδικῶς,
565 3010 655 3064 ἵνα
672 3010 767 3064 δύο
788 3012 1037 3079 νοῶνται,
1072 3015 1165 3068 καὶ
1192 3015 1290 3087 οὐχ
1321 3012 1403 3081 εἷς
1433 3018 1513 3072 ἔτι
1544 3024 1900 3094 σεσαρκωμέ-

321 3114 418 3160 νος
442 3100 539 3151 καὶ
561 3101 990 3173 ὲνανθρωπήσας
1008 3105 1038 3157 ὁ
1052 3106 1118 3159 ὲκ
1146 3106 1281 3160 Θεοῦ
1301 3108 1509 3181 Πατρδς
1532 3112 1803 3182 Λόγος.Τδ
1829 3116 1911 3184 δὲ,

320 3189 679 3260 ἁδιαιρέτως,
727 3195 1027 3265 προστεθὲν
1066 3197 1197 3270 παρ’
1224 3197 1429 3266 αὐτοῖς,
1464 3201 1616 3257 δοκεῖ
1655 3205 1755 3275 μὲν
1791 3224 1911 3275 πως

321 3279 470 3349 παρ’
499 3281 632 3351 ἡμῖν
662 3282 823 3355 ὀρθῆς
851 3280 990 3339 εἶναι
1029 3285 1188 3359 δόξης
1218 3291 1574 3359 σημαντικόν.
1615 3295 1781 3350 Αὐτοὶ
1819 3298 1912 3366 δὲ,

314 3368 429 3438 οὐχ
465 3366 614 3424 οὕτω
658 3373 831 3428 νοοῦσι
855 3390 870 3404 ·
910 3376 972 3429 τὸ
1018 3376 1127 3449 γὰρ
1178 3377 1486 3452 ἀδιαίρετον
1539 3387 1670 3456 παρ’
1699 3388 1907 3458 αὐτοῖς,

317 3460 473 3514 κατὰ
504 3460 604 3526 τὰς
647 3466 979 3535 κενοφωνίας
1034 3468 1353 3541 Νεστορίου,
1389 3473 1515 3529 καθ’
1549 3474 1735 3548 ἕτερον
1765 3478 1907 3550 λαμ-

317 3551 552 3605 ϐάνεται
582 3554 803 3625 τρόπον.
833 3557 968 3610 Φασὶ
994 3558 1103 3630 γὰρ
1144 3561 1233 3614 ὅτι
1261 3564 1328 3633 τῇ
1366 3564 1628 3638 ἰσοτιμίᾳ,
1673 3570 1740 3639 τῇ
1781 3587 1907 3623 ταυ-

315 3644 595 3716 τοσουλίᾳ,
630 3649 699 3718 τῇ
728 3647 1003 3721 αὑθεντία,
1031 3650 1336 3722 ἀδιαίρετός
1363 3655 1481 3709 ἐστι
1523 3658 1618 3712 τοῦ
1642 3659 1777 3713 Θεοῦ
1801 3662 1904 3716 Λό-

317 3752 416 3803 γου
440 3738 472 3789 ὁ
509 3738 571 3790 ὲν
603 3730 650 3805 ᾧ
694 3737 1017 3812 κατῴκησεν
1042 3743 1344 3815 ἄνθρωπος.
1378 3747 1541 3802 Ὥστε
1586 3752 1683 3822 οὐχ
1716 3752 1903 3819 ἁπλῶς

317 3826 416 3892 τὰς
453 3828 635 3893 λέξεις
669 3830 1095 3902 προσφέρουσιν,
1118 3834 1255 3889 ἀλλὰ
1285 3839 1424 3908 μετά
1450 3857 1596 3906 τινος
1627 3841 1780 3897 δόλου
1807 3846 1903 3899 καὶ

317 3921 683 3989 κακουργίας.
735 3922 971 3994 Χριστὸν
1027 3925 1128 3994 μὲν
1170 3927 1278 4000 γὰρ
1328 3930 1512 3996 ίδικῶς
1539 3933 1901 4005 ὀνομάζεσθαί

317 4027 450 4080 φησι
479 4011 572 4064 τὸν
626 4011 723 4065 τοῦ
769 4013 904 4067 Θεοῦ
949 4016 1141 4084 Λόγον,
1172 4018 1318 4090 ἔχειν
1366 4021 1423 4075 δὲ
1468 4024 1571 4092 τὴν
1605 4026 1899 4095 συνάφειαν

232 4128 251 4137 κ
315 4101 425 4191 τὴν
447 4102 589 4171 πρὸς
615 4101 710 4156 τὸν
742 4104 980 4175 Χριστὸν
1010 4106 1256 4180 διηνεκῆ.
1288 4106 1417 4184 Ἆρ’
1447 4110 1540 4169 οὖν
1559 4116 1621 4170 οὐ
1647 4116 1741 4171 δύο
1761 4120 1897 4191 Χρι-

316 4190 478 4253 στοὺς
507 4191 886 4261 ἐναργέστατα
922 4193 1101 4263 λέγεις
1131 4198 1246 4252 Οὐκ
1291 4200 1576 4271 ἄνθρωπον
1600 4204 1721 4276 Θεῷ
1756 4190 1897 4278 συμ-

314 4278 800 4368 προσκυνοὺμενον
851 4284 1048 4352 σέϐειν,
1109 4287 1210 4341 οὐκ
1252 4286 1350 4344 οἷδ’
1404 4292 1573 4359 ὅπως.
1608 4296 1895 4368 ὁμολογεῖς

2007 2373 2259 2442 quamvis
2295 2389 2360 2429 ea
2395 2375 2622 2438 locutio,
2660 2374 2766 2430 nisi
2808 2376 3078 2431 malitiose
3110 2376 3180 2431 ab
3213 2376 3490 2447 aliquibus
3521 2377 3593 2431 ita

2005 2461 2244 2529 dicatur,
2279 2463 2417 2519 nihil
2450 2465 2619 2520 violet
2651 2466 2897 2536 mysterii
2936 2466 3226 2520 rationem.
3265 2466 3409 2533 Quid
3445 2466 3594 2521 enim

2006 2554 2157 2608 aliud
2180 2562 2267 2609 est
2289 2554 2648 2611 humanitatis
2675 2567 2893 2623 natura,
2920 2558 3027 2613 nisi
3063 2573 3191 2614 caro
3224 2559 3462 2615 animata
3493 2575 3593 2630 per

2003 2644 2241 2698 animam
2276 2645 2694 2715 intelligentem,
2736 2646 2791 2699 in
2832 2662 2944 2716 qua
2975 2662 3193 2716 passum
3226 2646 3398 2702 fuisse
3424 2662 3592 2701 carne

2003 2726 2295 2787 Dominum
2356 2733 2629 2788 fatemur?
2678 2735 2917 2790 Nimium
2972 2736 3140 2807 igitur
3195 2745 3449 2790 accurate
3504 2736 3587 2789 lo-

2003 2833 2254 2893 quuntur
2277 2840 2402 2880 cum
2429 2824 2644 2890 dicunt,
2665 2841 2883 2895 passum
2914 2826 3066 2879 illum
3099 2826 3266 2881 fuisse
3302 2827 3357 2880 in
3392 2835 3589 2881 natura

2001 2916 2380 2982 immanitatis,
2416 2916 2574 2986 quasi
2597 2915 2745 2970 illam
2772 2933 2802 2970 a
2826 2915 3007 2971 Verbo
3025 2917 3337 2988 seiungunt,
3369 2932 3433 2971 ac
3460 2932 3590 2986 pro-

2004 3005 2123 3075 prie
2162 3005 2524 3076 distinguant,
2558 3016 2620 3062 ut
2656 3005 2769 3061 duo
2810 3005 3207 3077 intelligantur,
3235 3014 3293 3061 et
3334 3020 3443 3060 non
3473 3007 3589 3076 jam

2015 3110 2185 3151 unum
2210 3096 2552 3152 incarnatum
2576 3105 2633 3152 et
2665 3097 2829 3151 homo
2855 3096 3057 3152 factum
3088 3097 3224 3152 illud
3246 3113 3313 3153 ex
3340 3098 3454 3152 Deo
3484 3098 3589 3152 Pa-

2013 3198 2096 3245 tre
2128 3188 2388 3246 Verbum.
2423 3189 2581 3256 Quod
2624 3196 2806 3263 autem
2846 3189 3183 3260 adjecerunt,
3218 3191 3474 3255 indivise,
3504 3192 3588 3246 vi-
3652 3263 3659 3272 ‘

2009 3279 2172 3336 detur
2200 3280 2607 3350 quodammodo
2632 3280 2776 3351 apud
2802 3296 2903 3336 nos
2926 3282 3058 3336 recti
3087 3282 3356 3354 dogmatis
3384 3283 3588 3339 habere

2009 3370 2486 3442 signiﬁcationem.
2515 3372 2624 3441 Ipsi
2653 3385 2786 3427 vero
2818 3386 2927 3426 non
2960 3372 3041 3428 sic
3075 3373 3384 3443 intelligunt
3415 3390 3427 3425 :
3461 3387 3587 3428 nam

2009 3461 2125 3518 haec
2162 3478 2289 3528 vox,
2323 3462 2641 3527 indivisum,
2682 3463 2824 3533 apud
2862 3478 2980 3528 eos,
3020 3463 3176 3533 juxta
3216 3462 3453 3517 Nestorii
3484 3476 3585 3516 vo-

2005 3568 2132 3609 cum
2159 3553 2453 3618 novitates,
2477 3552 2587 3607 alio
2613 3553 2777 3609 modo
2801 3553 3091 3623 accipitur.
3119 3552 3288 3609 Aiunt
3318 3552 3467 3607 enim
3494 3566 3584 3607 se-

2004 3644 2247 3699 cundum
2292 3644 2521 3699 honoris
2563 3644 2952 3713 aequalitatem,
2990 3643 3294 3699 secundum
3335 3644 3583 3699 eamdem

2001 3736 2363 3800 voluntatem,
2402 3735 2707 3790 secundum
2748 3736 3152 3801 auctoritatem,
3193 3750 3229 3789 a
3270 3734 3429 3807 146
3472 3736 3586 3790 Deo

2004 3825 2183 3882 Verbo
2219 3825 2516 3881 indivisum
2551 3841 2675 3882 esse
2714 3825 2872 3880 illum
2905 3824 3185 3881 hominem
3217 3825 3273 3880 in
3305 3841 3415 3896 quo
3454 3825 3583 3881 Ver—

2001 3918 2132 3974 bum
2166 3918 2454 3974 habitavit.
2484 3918 2674 3989 itaque
2707 3917 2854 3973 haud
2887 3917 3213 3988 simpliciter
3245 3918 3414 3974 verba
3453 3932 3582 3987 pro-

1998 4009 2204 4073 ferunt,
2233 4008 2330 4064 sed
2362 4024 2489 4064 cum
2514 4008 2643 4064 dolo
2673 4023 2740 4064 ae
2768 4007 2960 4064 fraude
2985 4006 3084 4080 (l).
3118 4006 3397 4063 Christum
3423 4007 3581 4063 deni-

1997 4116 2104 4171 que
2147 4100 2372 4171 proprie
2410 4099 2509 4155 Dei
2551 4099 2793 4157 Verbum
2834 4099 3166 4171 appellatum
3208 4099 3433 4163 dicunt,
3483 4099 3581 4155 sed

1998 4192 2204 4249 habere
2267 4191 2712 4263 conjunctionem
2781 4207 2904 4247 cum
2969 4191 3193 4249 Christo
3258 4200 3580 4264 perpetuam

1998 4289 2271 4339 asserunt.
2299 4282 2493 4338 Nonne
2522 4283 2690 4354 igitur
2724 4283 2865 4339 duos
2890 4284 3148 4351 christos,
3172 4284 3267 4354 qui
3295 4284 3399 4340 hoc
3423 4285 3576 4350 dicit,

312 4365 602 4458 Ταῦτόὖν
651 4371 857 4441 ἀδελφὰ
907 4377 1021 4439 τοῖς
1080 4380 1211 4451 παρ’
1243 4380 1466 4436 ἐκείνων
1516 4365 1742 4458 epam;
1783 4365 1897 4446 Θῦκ

2001 4373 2347 4444 apertissime
2370 4375 2722 4444 pronuntiat?
2745 4374 2938 4431 Nonne
2963 4375 3240 4431 hominem
3263 4376 3424 4432 simul
3454 4392 3577 4430 cum

310 4457 722 4530 ἀντεξάγουσαν
758 4462 872 4534 ἔχει
901 4467 1037 4537 πρὸς
1059 4469 1268 4541 ἄλληλα
1297 4473 1409 4527 τῶν
1431 4476 1650 4532 ἐννοιῶν
1674 4480 1774 4552 τὴν
1800 4480 1893 4535 δύο

312 4567 506 4643 ναμιν;
545 4553 607 4607 '0
639 4554 742 4623 μὲν
789 4555 901 4627 γὰρ
949 4557 1046 4612 δύο
1099 4562 1264 4633 φησὶν
1292 4564 1564 4636 ἐναργῶς,
1595 4571 1645 4623 οι
1677 4570 1736 4625 δὲ
1763 4573 1897 4643 Χρι-

315 4642 435 4697 στὸν
459 4644 583 4709 ἕνα.
612 4646 711 4700 καὶ
738 4646 888 4715 Υῑὸν,
929 4652 1022 4706 καὶ
1045 4652 1197 4720 Θεὸν,
1227 4657 1319 4711 καὶ
1342 4656 1411 4713 τὰ
1437 4659 1585 4733 ἑξῆς.

383 4962 647 5052 (nl?an
673 4970 962 5052 posterior
996 4972 1161 5052 hujus
1205 4977 1453 5052 epistola:
1499 4978 1690 5052 iisdem
1734 4978 1897 5050 plane

311 5034 497 5120 verbis
526 5034 726 5107 legitur
777 5041 833 5120 in
876 5034 1108 5120 epistola
1143 5034 1527 5120 _ad'Ac_ac_ium
1576 5034 1761 5120 (epist:
1798 5034 1895 5115 733',

311 5108 528 5175 supra);
573 5124 643 5162 ex
693 5108 1003 5186 rationibus
1055 5115 1187 5170 satis
1238 5108 1896 5186 probabilibus-nonnisi

310 5185 709 5261 assumentum,
735 5181 926 5261 nescio
950 5181 1358 5261 quohcasujluc
1394 5190 1740 5261 translatum,
1771 5207 1895 5247 esse

308 5244 599 5327 iudicatur,
630 5244 1363 5327 magimecuin‘Synodicon
1387 5244 1750 5316 Cassin.adv'.
1780 5244 1891 5316 iis:

309 5315 537 5383 gwdiam
563 5318 780 5387 lrenzi,
796 5335 846 5377 c.
870 5320 997 5388 215,
1027 5315 1168 5381 hanc
1190 5326 1478 5396 epistolam
1501 5330 1708 5403 absque
1734 5347 1894 5389 assu-

1998 4466 2111 4521 Deo
2141 4466 2505 4531 adorandum,
2534 4467 2724 4522 nescio
2754 4467 3032 4538 quomodo
3057 4481 3115 4522 se
3141 4467 3321 4522 colere
3346 4470 3576 4521 conﬁtc-

1996 4559 2121 4614 tur?
2149 4558 2291 4612 Num
2330 4557 2433 4613 ista
2471 4558 2540 4613 iis
2579 4566 2808 4629 cognata
2843 4557 3124 4620 videntur,
3168 4572 3291 4627 qua:
3320 4557 3575 4613 Orienta-

1991 4648 2140 4704 libus
2171 4647 2468 4703 dicuntur?
2498 4648 2692 4705 Nonne
2723 4648 2868 4703 inter
2896 4664 2954 4704 se
2979 4648 3269 4704 sententiis
3300 4651 3577 4719 pugnant?

1989 4738 2279 4796 Nestorius
2321 4742 2471 4796 enim
2521 4743 2727 4799 diserte
2776 4743 2916 4799 duos
2959 4742 3190 4808 asserit,
3242 4741 3571 4801 Antiochcni

1990 4846 2127 4888 vero
2159 4848 2331 4888 unum
2356 4834 2639 4891 Christum
2675 4845 2733 4892 et
2761 4837 2958 4892 Filium
2988 4844 3045 4892 et
3071 4837 3262 4900 Deum,
3290 4844 3396 4892 etc.

1996 4995 2183 5063 mento
2219 4987 2326 5063 isto
2356 4991 2631 5063 exhibeat,
2664 5000 2721 5046 et
2751 4992 2993 5063 episcopi
3026 4991 3282 5047 catholici
3317 4992 3369 5047 in
3405 4992 3575 5048 colla~

1997 5056 2160 5131 tione
2194 5056 2802 5131 constantinopolitana
2839 5056 2967 5117 ann'i
3017 5063 3120 5117 552
3165 5071 3261 5117 aut
3305 5063 3408 5116 555
3451 5077 3571 5117 eam

1992 5128 2573 5203 veluti‘adulteratani
2599 5133 2913 5203 notaverim
2947 5132 3183 5203 (Mansi;
3207 5142 3246 5188 t.
3288 5133 3425 5195 VIII,
3461 5132 3547 5186 col

1992 5195 2140 5322 2:28).
2177 5198 2396 5256 Partem
2441 5200 2608 5273 igitur
2646 5202 2787 5257 hanc
2818 5210 2879 5256 ut
2911 5195 3200 5261 ascititiam
3236 5216 3549 5261 rcsccamut

2024 5284 2143 5322 .mr.

2024 5284 2143 5323 ,ωτι
