4044 6212
468 249 592 306 917‘

1497 247 1551 301 S.
1604 247 1879 303 CYRILLI
1920 248 2384 306 ALEXANDRINI
2417 252 2732 310 ARCHIEP.

3613 232 3724 290 ειε

1559 400 1982 457 EPISTULA
2035 402 2267 458 XLVII
2309 405 2400 476 (οι.
2438 406 2617 477 XLI).

1527 557 1711 596 OANSIS
1745 557 1975 595 EPISCOPI
2006 555 2303 594 ANTIOCBIE
2334 559 2400 596 AD
2431 559 2710 600 εςκιιιιιιι.

473 674 774 733 Paucorum
802 677 855 728 in
885 673 1114 743 formula
1147 680 1288 747 pacis
1328 677 1390 730 ab
1425 676 1623 760 Cyri-lto
1658 679 2169 760 niis'sa_.r_rziitiito_r1im
2195 679 2400 760 venia‘m
2441 687 2585 760 petit.
2622 685 2732 760 Silii
2760 691 2848 760 fde
2871 707 2996 760 pace
3050 689 3185 744 inter
3219 706 3353 760 ipsos
3386 689 3724 744 reconciliata

477 764 484 770 ·
1378 746 1704 817 gratulatur.
1737 747 1874 800 Petit
1901 755 1957 797 ut
1986 747 2166 799 missos
2188 763 2306 801 suos
2335 746 2552 822 benigne
2577 758 2845 827 suscipiat.

546 885 780 941 Domino
809 901 933 940 meo
961 885 1204 955 piissimo
1230 895 1286 941 et
1310 887 1655 941 sanctissimo
1678 886 2053 940 comministro

2229 887 2301 954 (i)
2324 890 2412 960 Τῷ
2437 892 2666 966 δεσπότῃ
2689 913 2788 965 μου
2805 896 2882 966 τῷ
2899 896 3289 968 θεοφιλεστάτῳ
3313 897 3408 950 καὶ
3437 898 3727 970 ἁγιωτάτῳ

477 975 701 1048 Cyrillo,
724 974 962 1030 Joannes
992 975 1043 1028 in
1074 974 1300 1030 Domino
1332 976 1586 1030 salutem.

548 1067 701 1121 Alter
740 1064 896 1120 alteri
946 1064 1146 1118 redditi
1195 1080 1404 1125 sumus,
1439 1065 1677 1128 domine,
1705 1065 1800 1120 Dei
1831 1065 2052 1134 quidem
2128 1064 2144 1083 ‘

479 1163 640 1218 nutu,
684 1153 799 1208 sive
839 1153 1044 1208 domini
1095 1154 1247 1209 Pauli
1293 1155 1534 1224 episcopi
1570 1171 1669 1225 per
1697 1155 1884 1209 omnia.
1925 1156 2054 1209 reli-

481 1246 772 1316 giosissimi
808 1247 1141 1310 interventu,
1173 1247 1262 1300 cui
1297 1246 1432 1300 nihil
1469 1246 1624 1315 prius
1654 1254 1748 1300 aut
1777 1247 2056 1315 antiquius

481 1337 587 1392 fuit
616 1353 778 1407 quam
814 1346 872 1391 ut
911 1337 964 1391 in
1005 1337 1266 1392 Ecclesiis
1295 1337 1390 1390 Dei
1421 1336 1595 1391 turba:
1619 1337 1964 1401 sedarentur,
2001 1347 2058 1393 et

483 1428 595 1482 Deo
632 1436 782 1498 grata
813 1427 1106 1483 concordia
1141 1427 1364 1482 rediret.
1405 1426 1540 1482 Cum
1580 1443 1712 1497 pace
1753 1427 1936 1497 itaque
1967 1444 2054 1482 re-

480 1519 736 1583 vertitur,
773 1531 828 1574 et
862 1520 1069 1588 privata
1102 1519 1356 1574 amicitiae
1392 1521 1513 1590 jura
1549 1519 1707 1574 nobis
1738 1535 1865 1590 erga
1908 1528 2054 1574 tuam

481 1613 741 1680 pietatem
777 1621 988 1666 servata
1017 1619 1145 1666 sunt
1168 1611 1371 1676 omnia,
1395 1613 1586 1681 paucis
1610 1622 1807 1682 praeter
1835 1629 1899 1668 ea
1937 1631 2059 1683 quae

482 1719 511 1758 ει
544 1713 633 1757 tua
667 1705 955 1759 sanctitate
986 1704 1186 1759 dictata
1217 1714 1344 1758 sunt
1378 1705 1610 1759 invicem
1640 1705 1914 1774 repositis,
1937 1722 2058 1776 qua:

483 1795 533 1848 vi
567 1803 623 1849 et
661 1811 826 1849 sensu
869 1812 977 1850 non
1013 1795 1348 1865 discrepant,
1385 1797 1479 1850 sed
1521 1796 1598 1851 rei
1629 1796 2058 1851 moderationem

482 1887 785 1940 continent.
824 1887 1054 1943 Maxime
1087 1890 1234 1944 enim
1278 1890 1402 1942 volo
1448 1896 1499 1942 et
1549 1898 1698 1958 opto,
1732 1904 1840 1942 non
1883 1890 2057 1944 solum

486 1977 1147 2050 147-15ﬂmeipsum,
1184 1982 1279 2035 sed
1324 1997 1515 2037 omnes
1553 1996 1773 2051 quoque
1811 1981 2062 2036 dominos

483 2070 924 2140 religiosissimos
935 2070 1174 2127 Orientis
1190 2073 1478 2142 episc0pos
1493 2072 1661 2126 charo
1677 2080 1732 2127 et
1747 2071 2062 2126 venerando

483 2160 650 2230 capiti
703 2170 810 2214 tua:
858 2162 1194 2216 sinceritatis
1243 2163 1600 2232 conjungere,
1653 2177 1816 2231 quam
1867 2177 2060 2232 magno

485 2251 608 2306 loco
637 2268 855 2322 semper
884 2253 1074 2307 habui.
1110 2253 1216 2309 Sed
1248 2255 1414 2309 breve
1457 2263 1671 2323 tempus
1695 2268 1796 2306 nos
1818 2253 2058 2316 diremit,

484 2348 602 2394 tum
627 2357 818 2396 rursus
851 2342 926 2396 ita
959 2343 1070 2399 Deo
1095 2344 1314 2398 volente
1353 2343 1406 2397 in
1446 2343 1741 2397 amicitiam
1776 2343 2058 2407 rediimus,

483 2433 701 2488 cunctis
727 2433 1100 2488 simultatibus
1123 2434 1429 2502 exstinctis,
1461 2435 1720 2504 nullaque
1743 2435 1904 2504 plane
1933 2450 2062 2488 con-

485 2524 749 2585 tentionis
783 2533 878 2579 aut
915 2526 1205 2581 discordia:
1243 2528 1470 2581 materia
1516 2527 1660 2598 apud
1705 2542 1807 2582 nos
1852 2528 2059 2582 relicta.

483 2612 641 2680 Quod
677 2632 786 2670 non
816 2618 935 2671 sine
962 2617 1186 2671 numine
1217 2617 1418 2671 factum
1449 2626 1553 2681 est,
1579 2620 1671 2673 sed
1701 2618 1810 2674 Deo
1839 2629 2064 2674 auctore

483 2715 542 2762 et
588 2707 961 2776 piissimorum
1007 2709 1398 2777 imperatorum
1446 2717 1736 2778 potestate.
1793 2709 2067 2780 Suscipiat

485 2814 616 2869 ergo
639 2809 729 2854 tua
759 2800 932 2869 pietas
971 2801 1413 2870 religiosissimos
1451 2801 1699 2857 Cassium
1744 2812 1800 2858 et
1841 2803 2064 2859 Ammo-

485 2891 661 2954 nium,
685 2892 778 2961 qui
806 2892 969 2947 nobis
1002 2893 1253 2949 obsecuti
1285 2902 1433 2959 sunt,
1466 2910 1578 2950 non
1605 2904 1665 2950 ut
1699 2895 1797 2950 tibi
1827 2895 2066 2968 refraga-

490 2989 701 3043 rentur,
741 2981 837 3036 sed
875 2991 933 3036 ut
959 2998 1081 3051 rpite
1110 2983 1209 3037 abs
1242 2991 1294 3038 te
1327 2993 1456 3040 sunt
1481 2986 1746 3042 wdiﬁcata
1787 2987 1856 3041 ad
1893 2987 2066 3043 ﬁrmi-

489 3077 655 3124 tatem
699 3080 756 3125 et
792 3071 1061 3141 optimum
1105 3073 1312 3127 exitum
1353 3074 1808 3144 perducerentur.
1855 3076 2069 3135 Gratias

487 3168 672 3212 autem
696 3176 761 3213 ea
788 3160 855 3215 de
890 3177 948 3215 re
976 3163 1192 3232 agimus
1224 3165 1390 3218 etiam
1422 3165 1647 3220 domino
1683 3183 1806 3222 meo
1836 3184 2068 3224 venera-

488 3248 760 3304 bilissimo
807 3261 863 3306 et
903 3252 1102 3316 illustri
1150 3253 1425 3310 Aristolao
1464 3256 1687 3312 tribuno
1730 3268 1788 3314 et
1830 3262 2067 3327 notario,

489 3341 586 3410 qui
617 3355 683 3395 ex
716 3357 900 3397 rerum
933 3351 1248 3400 nostrarum
1280 3355 1431 3402 motu
1459 3347 1670 3416 didicit,
1699 3351 1936 3424 demptis
1957 3357 2071 3411 exi-

489 3433 614 3503 guis
639 3433 879 3504 syllabis,
908 3437 1081 3492 satius
1115 3453 1236 3493 esse
1272 3455 1376 3494 nos
1415 3440 1648 3500 firmiter
1675 3455 1732 3501 et
1756 3457 2072 3506 constanter

492 3521 726 3578 invicem
752 3527 1027 3599 conjungi.
1052 3529 1244 3586 Nostra
1269 3531 1454 3604 igitur,
1485 3551 1690 3606 quazso,
1709 3537 1874 3594 etiam
1899 3544 2072 3598 susci—

493 3633 584 3685 pe,
619 3627 766 3673 recte
799 3627 964 3690 atque
992 3621 1208 3689 ordine,
1243 3637 1300 3680 et
1331 3641 1478 3696 quoo
1510 3627 1608 3682 tibi
1648 3639 1801 3684 certo
1844 3647 2074 3700 persua-

493 3708 647 3776 deas,
670 3710 738 3765 ad
767 3713 847 3768 rei
872 3714 1184 3783 :equitatem
1209 3726 1266 3772 et
1287 3718 1721 3776 moderationem
1751 3724 2072 3794 composita,

492 3799 802 3872 litterisque
839 3803 1130 3872 mandata;
1167 3821 1270 3861 nec
1310 3806 1366 3862 in
1413 3810 1659 3866 animum
1697 3813 1942 3881 inducas,
1976 3832 2078 3872 nos

493 3891 706 3961 aliquid
752 3893 807 3948 in
859 3895 1026 3950 rebus
1073 3899 1372 3968 propositis
1414 3901 1567 3958 vafre
1616 3904 1811 3975 egisse.
1858 3906 2075 3964 Conscii

495 3980 645 4034 enim
678 3997 886 4047 smnus,
920 3994 976 4039 et
1017 3993 1208 4042 testem
1244 3989 1414 4044 Deum
1453 3993 1811 4062 appellamus,
1845 4013 1947 4053 nos
1984 4007 2077 4054 tua

498 4065 795 4128 concutere
824 4075 1085 4140 noluisse,
1119 4079 1212 4134 sed
1246 4096 1335 4135 res
1365 4092 1584 4138 nostras
1611 4085 1678 4139 ad
1708 4087 2077 4146 Ecclesiarum

497 4163 793 4218 utilitatem
834 4166 1128 4221 moderari.
1181 4169 1570 4229 Moderationis
1619 4185 1802 4232 autem
1853 4181 2078 4236 modum

499 4255 668 4310 iidem
704 4256 1100 4326 religiosissimi
1137 4260 1352 4316 diaconi
1386 4265 1654 4335 aperient.
1695 4269 1888 4327 Omnia
1932 4274 2078 4329 enim

499 4349 718 4404 abunde
749 4351 1126 4420 praestitimus,
1150 4365 1210 4411 ut
1235 4371 1402 4412 nemo
1429 4362 1776 4416 concordiam
1799 4380 1918 4434 quae
1938 4365 2079 4428 facta

499 4440 668 4496 fuerit
719 4444 1010 4513 repudiare
1057 4449 1248 4516 possit.
1300 4448 1529 4521 Suscipe
1576 4453 1782 4523 itaque,
1828 4457 2078 4523 obsecro,

500 4532 697 4588 libenti
737 4535 921 4590 animo
961 4537 1159 4594 fratres
1204 4542 1295 4610 qui
1332 4543 1482 4611 pacis
1515 4543 1656 4598 bona
1690 4546 1786 4599 tibi
1819 4547 2078 4613 aﬂ‘erunt,
2131 4528 2134 4532 ⁸

503 4634 732 4694 oretque
764 4636 854 4682 tua
888 4629 1149 4684 sanctitas
1185 4643 1245 4685 ut
1279 4633 1484 4688 Christi
1520 4635 1784 4691 Ecclesiis
1827 4655 1918 4693 res
1956 4657 2084 4710 pro-

504 4729 664 4782 spere
693 4715 872 4769 cedat.
898 4717 970 4774 Ut
993 4719 1139 4772 enim
1180 4720 1412 4776 aﬂ‘ectus
1445 4723 1562 4792 lege
1597 4740 1696 4780 nos
1731 4726 1826 4781 tihi
1861 4729 2084 4788 tradidi-

505 4821 648 4867 mus,
681 4807 762 4862 sic
786 4807 950 4863 etiam
975 4825 1235 4866 curamus
1266 4822 1321 4866 et
1349 4813 1618 4878 volumus,
1648 4817 1895 4888 adeoque
1932 4831 2084 4890 opta-

506 4912 632 4950 mus
695 4906 754 4952 ut
792 4917 953 4956 nemo
993 4919 1219 4972 prorsus
1257 4921 1448 4959 eorum
1488 4907 1580 4976 qui
1623 4910 1768 4978 apud
1816 4927 1915 4966 nos
1956 4923 2086 4968 sunt

507 5005 616 5044 non
645 4991 833 5047 eadem
864 4994 1148 5050 nobiscum
1182 4996 1461 5062 decernat,
1495 5016 1618 5053 eum
1658 5002 1816 5058 nobis
1859 5004 1990 5058 illud
2032 5005 2085 5059 in

509 5083 702 5152 primis
741 5099 885 5138 cura:
921 5086 990 5140 sit
1022 5095 1084 5142 ut
1114 5087 1371 5158 aequitate
1403 5098 1457 5143 ct
1489 5091 1861 5147 moderatione
1889 5093 2084 5165 singuli

510 5177 921 5243 pertraliantur,
941 5179 1142 5248 quibus
1157 5180 1349 5251 exigua
1365 5182 1770 5247 adhortatione,
1796 5187 1906 5240 imo
1919 5188 2088 5243 ductu

2160 982 2559 1056 συλλειτουργῷ
2586 987 2858 1058 Κυρίλλῳ,
2901 988 3153 1058 Ἰωάννης
3181 991 3240 1042 ἐν
3267 989 3458 1062 Κυρίῳ
3488 990 3722 1060 χαίρειν.

2239 1074 2643 1146 Ἀπειλήφαμεν
2690 1077 2985 1150 ἀλλήλους,
3038 1080 3306 1141 δέσποτα,
3358 1080 3576 1151 εὐδοκία
3625 1081 3730 1151 μὲν

2155 1163 2325 1227 Θεοῦ,
2387 1165 2486 1217 εἶτ’
2531 1161 2624 1218 οὖν
2678 1167 2927 1238 μεσιτείᾳ
2971 1167 3065 1220 τοῦ
3124 1167 3192 1220 τὰ
3247 1168 3424 1220 πάντα
3480 1165 3730 1220 θεοσεὸεο

2158 1256 2351 1308 στὰτου
2390 1257 2718 1327 ἀμφοτέροις
2750 1261 2900 1328 ἡμῖν,
2943 1259 3034 1312 τοῦ
3086 1259 3292 1330 Κυρίου
3351 1257 3564 1312 Παύλου
3629 1256 3729 1310 τοῦ

2159 1349 2482 1413 ἐπισκόπου,
2513 1343 2703 1419 ἀνδρὸς
2736 1351 2952 1403 πάντων
2984 1350 3093 1402 τῶν
3133 1350 3254 1403 καθ’
3287 1350 3476 1403 ἑαυτὸν
3523 1350 3730 1419 ἀμελή-

2160 1459 2372 1506 σαντος,
2421 1443 2569 1505 ὅπως
2604 1445 2726 1506 ταῖς
2770 1442 3114 1512 Ἐκκλησίαις
3149 1441 3239 1495 τοῦ
3290 1441 3424 1496 Θεοῦ
3462 1459 3729 1494 κατευνα-

2161 1532 2310 1600 σθείη
2360 1531 2428 1585 τὰ
2475 1532 2586 1585 τῶν
2638 1532 2914 1603 ταραχῶν,
2943 1532 3037 1584 καλ¹
3071 1532 3104 1601 ή
3132 1530 3252 1601 Θεῷ
3283 1529 3490 1600 ἀρεστὴ
3519 1528 3732 1598 γένοιτο

2161 1624 2446 1692 συνάφεια.
2491 1624 2786 1693 Ἐπανήκει
2809 1619 2901 1676 οὖν
2933 1621 3070 1690 μετὰ
3093 1621 3338 1692 εἰρήνης,
3369 1619 3464 1672 καὶ
3493 1619 3560 1672 τὰ
3592 1618 3730 1672 ἰδιάυ

2162 1716 2320 1778 ζοντα
2343 1716 2441 1785 τῆς
2473 1714 2654 1784 φιλίας
2682 1713 2864 1766 δίκαια
2902 1711 3194 1781 γεγένηται
3227 1709 3360 1781 παρ’
3389 1709 3546 1780 ήμῶν
3588 1708 3732 1761 ἀπα-

2161 1807 2468 1878 ραλείπτως
2508 1807 2725 1861 ἅπαντα
2767 1805 2904 1876 πρὸς
2932 1803 3030 1874 τὴν
3071 1801 3169 1872 σὴν
3202 1798 3532 1860 θεοσέϐειαν,
3560 1787 3736 1868 μῗικρὰ

2162 1902 2220 1951 ὲν
2246 1899 2496 1970 ἀλλήλοις
2517 1897 2878 1968 χρησαμένων
2909 1895 3066 1964 ἡμῶν
3095 1892 3246 1965 παρὰ
3265 1891 3333 1945 τὸ
3360 1891 3466 1944 ὑπὸ
3498 1893 3596 1961 τῆς
3632 1889 3735 1960 σῆς

2161 1992 2437 2061 ὁσιότητος
2469 1987 2942 2059 ὑπαγορευόμενα,
2973 1985 3032 2038 οὐ
3059 1982 3323 2056 διαφορὰν
3347 1981 3542 2053 ἔχοντα
3575 1981 3738 2035 δυνά-

2166 2100 2332 2154 μεως,
2363 2082 2480 2134 ἀλλ’
2516 2080 2828 2150 οἰκονομίας
2883 2075 3280 2149 μεταχείρισιν.
3311 2072 3580 2143 Βούλομαι
3623 2071 3738 2144 γὰρ

2095 2216 2135 2268 Β
2169 2175 2366 2246 μᾶλλον
2407 2173 2500 2226 καὶ
2546 2171 2794 2242 εὔχομαι,
2831 2171 2893 2222 ού
2951 2168 3110 2239 μόνον
3155 2165 3410 2268 ἐμαυτὸν,
3439 2163 3577 2268 αλλὰ
3639 2167 3739 2268 καὶ

2165 2264 2372 2324 πάντας
2403 2261 2526 2324 τοῦς
2562 2259 2782 2331 κυρίους
2811 2257 3258 2328 θεοφιλεστάτους
3283 2254 3614 2316 ἐπισκόπους
3636 2255 3739 2324 τῆς

2176 2348 2465 2417 Ἀνατολῆς
2499 2346 2731 2417 συνάψαι
2760 2349 2826 2418 τῇ
2857 2345 2984 2418 φίλη
3015 2344 3138 2416 ἐμοὶ
3191 2344 3285 2398 καὶ
3336 2342 3494 2414 τιμία
3527 2344 3736 2414 κεφαλῇ

2163 2440 2262 2509 τῆς
2311 2440 2409 2510 σῆς
2455 2456 2596 2510 φημι
2650 2438 3027 2508 γνησιότητος,
3060 2437 3127 2508 ἢν
3158 2436 3286 2507 περὶ
3345 2435 3598 2488 πλείστου
3635 2435 3738 2506 μὲν

2163 2529 2483 2600 ἐποιούμην.
2525 2529 2750 2598 Διέκοψε
2780 2529 2836 2582 δέ
2857 2546 2939 2591 τις
2969 2527 3172 2599 βραχὺς
3201 2528 3389 2598 χρόνος
3408 2543 3422 2558 ·
3463 2521 3561 2579 εἰτ’
3583 2522 3740 2591 αὖθις

2166 2623 2328 2676 πάλιν
2361 2621 2496 2675 Θεοῦ
2523 2619 2876 2692 βουληθέντος
2907 2619 3043 2690 πρὸς
3078 2621 3304 2684 ἑαυτοὺς
3339 2620 3740 2691 ἐπανήλθομεν,

2166 2716 2382 2770 ἅπαντα
2412 2713 2701 2776 σϐέσαντες
2729 2711 2799 2766 τὰ
2833 2712 3072 2783 λυπηρὰ,
3109 2713 3203 2765 καὶ
3236 2711 3404 2782 μηδὲν
3429 2711 3489 2765 τὸ
3520 2711 3742 2783 σύνολον

2167 2805 2558 2868 καταλιπόντες
2625 2805 2755 2875 παρ’
2807 2805 3018 2866 ἑαυτοῖς
3083 2801 3259 2872 ἔριδος
3330 2801 3743 2874 ῆφιλονεικίας

2167 2897 2336 2962 ἄξιον.
2369 2896 2484 2950 Ούκ
2537 2893 2688 2948 ἀθεεὶ
2742 2894 2799 2948 δὲ
2849 2893 3007 2948 τοῦτο
3061 2893 3375 2963 γεγένηται,
3412 2891 3548 2946 ἀλλὰ
3601 2891 3740 2946 Θεοῦ

2170 2985 2661 3055 πρυτανεύσαντος,
2697 2982 2790 3036 καὶ
2816 2982 2926 3036 τῶν
2958 2980 3318 3051 φιλοχρίστων
3350 2983 3444 3036 καὶ
3489 2981 3742 3036 θεοσεϐε-

2171 3077 2383 3132 στάτων
2421 3074 2684 3145 βασιλέων
2722 3077 2790 3146 τῇ
2827 3074 3012 3135 αὐτοῖς
3045 3072 3331 3145 πρεπούσῃ
3356 3072 3738 3143 χρησαμένων.

2182 3167 2556 3232 ἐὶποδεξάσθω
2577 3161 2671 3220 οὖν
2698 3167 2730 3236 ἠ
2755 3165 2822 3237 σὴ
2851 3165 3132 3218 θεοσέϐεια
3159 3164 3284 3229 τοὺς
3311 3165 3742 3229 εύλαδεστάτους

2170 3262 2411 3315 Κάσσιον
2459 3260 2554 3314 καὶ
2603 3257 2869 3328 Ἀμώνιον
2915 3257 3162 3321 εἴξαντας
3199 3258 3355 3326 ήμίν,
3386 3257 3485 3328 ούχ
3519 3256 3606 3309 ἵνα
3657 3272 3743 3308 σοι

2170 3353 2560 3423 ἀπειθήσωσιν,
2614 3349 2729 3404 ἀλλ’
2766 3350 2915 3411 ὅπως
2951 3348 3021 3402 τά
3056 3365 3137 3402 σοι
3195 3347 3614 3418 οἰκοδομηθέντα
3661 3347 3744 3409 εἰς

2173 3442 2464 3516 βεϐαίωσιν
2522 3442 2617 3494 καὶ
2676 3439 2846 3511 πέρας
2897 3438 3184 3493 κάλλιστον
3237 3435 3446 3508 ἀχθείη.
3480 3437 3658 3507 Χάριν
3685 3433 3746 3490 δὲ

2097 3553 2144 3616 c
2176 3539 2334 3606 ῐσμεν
2383 3535 2476 3588 ἐπὶ
2507 3531 2704 3603 τούτῳ,
2736 3532 2831 3586 καὶ
2853 3530 2931 3600 τῷ
2963 3529 3154 3599 Κυρίῳ
3183 3545 3285 3599 μου
3315 3528 3391 3599 τῷ
3428 3527 3750 3598 θαυμασιω-

2173 3627 2322 3696 τάτῳ
2351 3625 2445 3679 καλ⁸
2478 3621 2822 3694 περιύλέπτῳ
2862 3618 3197 3691 Ἀριστολάῳ
3225 3617 3300 3689 τῷ
3342 3617 3611 3689 τριδούνῳ
3653 3615 3752 3671 καὶ

2175 3719 2427 3790 νοταρίῳ,
2458 3716 2516 3779 ὃς
2545 3714 2784 3770 συνεῖδεν
2822 3714 2886 3766 ὲκ
2924 3710 3034 3765 τῶν
3061 3710 3192 3781 παρ’
3225 3709 3384 3781 ήμῶν
3411 3709 3749 3780 κινουμένων

2176 3808 2516 3882 πραγμάτων
2550 3807 2797 3877 κρεῖττον
2823 3798 2959 3856 εἶναι
2986 3801 3047 3853 τὸ
3066 3799 3215 3871 παρὰ
3253 3798 3516 3871 βραχείας
3547 3798 3748 3851 συλλα-

2177 3903 2279 3965 ϐὰς
2304 3899 2540 3972 ἰσχυρῶς
2585 3899 2679 3952 καὶ
2708 3894 2946 3966 βεϐαίως
2977 3890 3227 3962 ἀλλήλοις
3272 3892 3418 3962 ἡμᾶς
3451 3889 3746 3962 συμϐῆναι.

2178 3995 2344 4066 Δέχου
2382 3987 2496 4056 οὖν,
2553 3987 2876 4062 παρακαλῶ,
2912 3986 3006 4040 καὶ
3053 3985 3122 4038 τὰ
3173 3983 3302 4056 παρ’
3351 3983 3507 4054 ήμῶν
3553 3978 3612 4036 εὖ
3654 3983 3753 4036 καὶ

2179 4087 2358 4151 καλῶς
2391 4084 2485 4139 καὶ
2516 4084 2693 4136 πᾶσαν
2725 4079 2876 4151 ἰσχὺν
2905 4078 3096 4149 ἔχοντα
3125 4078 3205 4140 εἰς
3251 4074 3622 4146 πληροφορίαν
3649 4075 3752 4143 τὴν

2181 4181 2298 4253 σὴν,
2377 4173 2798 4246 οἰκονομηθέντα
2875 4171 2972 4242 μὲν
3044 4170 3139 4224 καὶ
3215 4167 3614 4237 ἐπεσταλμένα,
3656 4165 3755 4218 καὶ

2185 4269 2374 4343 μηδείς
2421 4285 2481 4321 σε
2539 4265 2755 4335 εἰσέλθῃ
2808 4261 3087 4332 λογισμὸς,
3135 4260 3211 4324 ὡς
3265 4258 3422 4329 ἡμῶν
3449 4275 3504 4310 τι
3549 4258 3607 4309 ἐν
3639 4258 3756 4319 τοῖς

2181 4359 2564 4436 προκειμένοις
2623 4355 2944 4425 πανούργως
2997 4351 3374 4424 πεπραχότων.
3438 4347 3757 4402 Ἐπίσταται

2182 4455 2291 4526 γὰρ
2326 4451 2483 4523 ἡμῶν
2517 4450 2577 4504 τὸ
2616 4445 2876 4510 συνειδὸς,
2923 4445 3019 4498 καὶ
3048 4443 3140 4496 τὸν
3170 4440 3376 4498 ἄνωθεν
3418 4439 3567 4492 ἕλκει
3614 4436 3757 4508 μάρ-

2181 4565 2342 4619 τυρα,
2372 4544 2448 4607 ὡς
2478 4543 2540 4596 ού
2587 4541 2658 4595 τὰ
2706 4539 2773 4594 σὰ
2808 4533 3058 4608 σαθρῶςί
3094 4533 3489 4604 ἐϐουλήθημεν,
3527 4530 3662 4584 ἀλλὰ
3689 4529 3762 4584 τὰ

2184 4638 2305 4693 καθ’
2335 4637 2483 4707 ἡμᾶς
2536 4632 2731 4695 αὐτοὺς
2783 4628 3133 4698 οἰκονομῆσαι
3193 4624 3329 4695 πρὸς
3395 4623 3457 4676 τὸ
3517 4623 3762 4675 συνοῖσον

2183 4733 2302 4794 ταῖς
2332 4728 2425 4781 τοῦ
2458 4724 2696 4798 Χριστοῦ
2740 4719 3104 4791 Ἐκκλησίαις.
3156 4716 3372 4788 Ἐροῦσι
3414 4716 3470 4768 δὲ
3509 4715 3559 4767 οἰ
3607 4713 3765 4766 αὐτοὶ

2190 4821 2575 4875 εύλαϐέστατοι
2623 4817 2857 4870 διάκονοι
2907 4812 2998 4865 τὸν
3040 4810 3241 4880 τρόπον
3284 4809 3380 4876 τῆς
3426 4804 3764 4875 οἰκονομίας.

2119 4887 2161 4940 D
2194 4912 2516 4982 Πέπρακται
2557 4905 2666 4977 γὰρ
2701 4905 2831 4974 ἡμῖν
2862 4899 3286 4970 ἁπαραλείπτως
3328 4897 3564 4958 ἅπαντα,
3597 4893 3674 4956 ὡς
3699 4892 3765 4947 ἂν

2197 5004 2382 5075 μηδεὶς
2428 4999 2541 5069 ἔχοι
2583 4994 2889 5064 ἁφοσιῶσαι
2923 4991 3064 5045 κατὰ
3099 4991 3196 5060 τῆς
3225 4987 3520 5058 γενομένης
3549 4983 3766 5055 συμϐά-

2196 5111 2354 5157 σεως.
2393 5092 2563 5161 Δέχου
2597 5085 2711 5150 οὖν,
2753 5082 3075 5154 παρακαλῶ,
3129 5080 3298 5152 ἡδέως
3338 5079 3464 5143 τοὺς
3504 5076 3771 5144 ἀδελφοὺς

2195 5187 2416 5258 εἰρήνης
2452 5199 2532 5236 σοι
2560 5178 2738 5249 ἀγαθὰ
2768 5173 3255 5249 προσκομίξοντας,
3280 5171 3373 5227 καὶ
3405 5166 3650 5242 εὐχέσθω
3672 5181 3768 5219 σου

1572 5337 1746 5394 Varia:
1771 5339 2037 5398 lectiones
2064 5343 2273 5398 codicis
2311 5336 2672 5411 Seguieriani.

591 5446 601 5482 ι
648 5437 733 5490 ῖσ.
759 5439 1011 5511 σαθροῦν.

2033 5565 2257 5622 NOTAE.

594 5671 667 5739 (Ι)
709 5671 789 5727 Ex
810 5672 974 5744 Regis
1005 5670 1378 5734 Christianiss.
1414 5677 1751 5737 bibliotheca
1776 5679 1964 5738 Graece
1995 5695 2140 5736 nunc
2181 5680 2418 5750 primum
2455 5687 2507 5734 ct
2543 5677 2733 5734 Latine
2766 5675 2932 5734 edita.
2965 5664 3259 5732 Aventinis.
