4044 6212
481 272 581 328 23!

1515 276 1572 331 S.
1612 274 1885 330 CYRILLI
1924 272 2388 328 ALEXANDRINI
2429 269 2745 327 ARCHIEP.
3619 261 3713 313 25'}

480 385 865 455 grederentur,
901 382 997 438 sed
1038 385 1266 454 piissimi
1306 385 1526 455 Deoque
1573 384 1911 439 dilectissimi
1949 384 2044 439 im-

2158 380 2217 436 εὖ
2246 382 2390 452 ἐχειν
2416 383 2510 434 καὶ
2538 382 2688 450 αὐτῷ
2714 380 2791 450 τῷ
2818 376 3220 448 θεοσεὸεστάτῳ
3254 376 3347 430 καὶ
3375 377 3711 448 θεοφιλεστά-

483 477 753 546 peratoris
798 490 1073 545 sameque
1124 477 1313 547 synodi
1360 477 1571 546 placitis
1618 477 2050 545 acquiescentes,

481 568 718 623 Nestorii
745 584 917 638 nugas
943 575 999 621 et
1030 568 1396 636 blasphemias
1431 576 1620 622 contra
1652 567 1931 623 Christum
1963 567 2050 622 di-

477 670 597 716 ctas
626 659 1175 724 anathematizarent;
1209 674 1422 713 necnon
1450 666 1507 713 et
1535 659 1865 728 depositioni
1904 659 2053 715 illius

475 750 878 815 consentirent,
910 760 1072 820 atque
1100 752 1499 806 ordinationem
1528 752 1857 807 sanctissimi
1893 752 2049 821 pien-

475 841 785 910 tissimique
817 842 1059 911 episcopi
1094 842 1403 896 Maximiani
1436 843 1875 912 comprobarent.
1911 842 2048 898 Cum

422 940 423 943 ‘
476 933 660 1003 itaque
709 933 807 988 has
845 933 912 986 ad
954 933 1077 987 illos
1118 934 1328 988 litteras
1370 935 1662 1000 misissem,
1700 935 2048 989 animadver-

474 1033 654 1078 tentes
681 1040 739 1078 se
765 1026 1203 1079 communionem
1239 1028 1483 1098 recipere
1505 1044 1612 1082 non
1646 1043 1824 1098 posse,
1855 1028 1959 1083 nisi
1983 1044 2048 1084 ea

473 1128 595 1181 quae
632 1114 811 1170 facere
850 1114 1145 1181 debebant,
1182 1117 1336 1186 prius
1368 1117 1746 1187 perfecissent,
1780 1120 2050 1175 miserunt

472 1204 855 1259 Alexandriam
894 1206 1119 1261 Paulum
1156 1208 1674 1263 reverendiss'nnum
1706 1210 2049 1279 religiosissi-

473 1308 734 1363 mumque
774 1295 1091 1351 Emisenum
1129 1298 1468 1369 episcopum,
1498 1300 1591 1369 qui
1621 1300 1688 1354 ad
1723 1314 1809 1354 me
1838 1301 2046 1356 litteras

471 1385 714 1452 aﬂ‘erret,
741 1390 1143 1443 communionis
1166 1389 1389 1459 quidem
1422 1391 1873 1450 instaurationem
1911 1408 2044 1447 con-

470 1485 780 1539 cernentes,
803 1494 997 1548 parum
1025 1487 1205 1535 tamen
1230 1488 1379 1536 recte
1404 1481 1654 1537 dictatas.
1677 1483 1793 1537 Prae
1819 1498 1877 1538 se
1905 1482 2048 1538 fere-

471 1570 604 1626 bant
632 1571 779 1626 enim
808 1571 1071 1640 quasdam
1104 1576 1356 1643 querelas
1396 1575 1661 1631 adversus
1688 1592 1788 1630 nos
1818 1576 2041 1643 habere,

468 1662 624 1729 quasi
656 1662 904 1731 quaedam
938 1663 993 1717 in
1028 1679 1185 1719 sacro
1213 1666 1447 1720 concilio
1476 1681 1655 1736 neque
1688 1676 1836 1721 recte
1874 1667 2042 1733 dicta,

469 1768 648 1821 neque
678 1762 823 1808 recte
852 1754 991 1809 facta
1017 1765 1221 1811 essent.
1251 1758 1454 1812 Verum
1481 1758 1793 1829 hujusmodi
1824 1760 2046 1829 quidem

465 1843 729 1913 epistolas
766 1861 877 1900 non
913 1847 1130 1914 admisi,
1158 1850 1251 1904 sed
1292 1851 1571 1921 respondi.
1628 1852 1766 1907 Cum
1799 1854 1867 1908 de
1902 1854 2047 1923 prio—

470 1934 625 1990 ribus
652 1935 866 1990 veniam
898 1938 1221 2007 suppliciter
1243 1948 1432 2009 petere
1456 1941 1741 2007 deberent,
1771 1943 2046 2012 quomodo

467 2042 639 2082 novas
666 2027 864 2083 iterum
896 2031 1259 2085 contumelias
1290 2031 1492 2088 inferre
1526 2034 1763 2089 audent?
1791 2034 1927 2089 Cum
1951 2051 2049 2090 au-

470 2123 579 2171 tern
608 2127 944 2173 memoratus
973 2121 1253 2189 piissimus
1276 2123 1564 2193 episcopus
1597 2124 1799 2179 factum
1822 2142 2047 2181 excusa-

469 2216 570 2272 ret,
598 2209 1023 2280 juramentoque
1054 2211 1370 2278 alIirmaret,
1400 2230 1508 2268 non
1543 2231 1664 2271 esse
1698 2217 1801 2271 hoc
1826 2219 2043 2273 illorum

466 2299 834 2369 propositum,
871 2301 968 2356 sed
1010 2318 1077 2356 ex
1119 2318 1269 2358 mera
1311 2304 1479 2358 animi
1515 2305 1865 2376 simplicitate
1894 2309 1962 2363 ad
1991 2309 2047 2363 id

464 2390 823 2446 scribendum
862 2409 1183 2465 progressos
1219 2411 1361 2462 esse,
1396 2397 1682 2454 cbaritatis
1713 2414 1875 2455 causa
1912 2417 2045 2471 pur-

463 2483 741 2554 gationem
799 2486 1017 2542 admisi.
1077 2488 1351 2544 Creterum
1418 2507 1529 2545 non
1590 2492 1747 2561 prius
1788 2493 1940 2547 illum
1976 2494 2045 2548 ad

461 2578 709 2647 synaxim
734 2580 917 2650 recepi
940 2596 1127 2651 quam,
1153 2581 1281 2637 dato
1303 2582 1511 2648 libello,
1536 2584 1773 2639 Nestorii
1794 2586 2045 2656 dogmata

462 2684 564 2724 suo
593 2671 800 2741 scripto
834 2673 1370 2740 anathematizasset,
1413 2691 1581 2746 seque
1622 2676 1776 2731 illum
1815 2694 1916 2747 pro
1953 2678 2047 2733 de-

462 2760 642 2828 posito
666 2762 868 2819 habere
892 2764 1175 2820 confessus
1197 2773 1363 2831 esset,
1389 2776 1445 2822 et
1470 2766 1802 2823 ordinationi
1824 2769 2045 2840 religio-

462 2853 665 2909 sissimi
686 2856 927 2926 episc0pi
951 2857 1258 2924 Maximiani
1276 2859 1620 2915 assensisset.
1650 2860 1813 2915 Petiit
1839 2870 2044 2928 autem,

464 2952 525 2998 ut
548 2945 667 3001 istis
692 2962 723 2999 a
750 2962 809 3001 se
833 2948 1078 3002 omnium
1113 2949 1650 3019 religiosissimorum
1684 2949 2046 3007 Orientalium

461 3037 845 3107 episcOporum
876 3038 998 3093 loco
1027 3038 1223 3093 oblatis
1246 3039 1469 3103 libellis,
1502 3040 1639 3094 nihil
1668 3042 1904 3111 amplius
1932 3044 2047 3098 exi-

460 3143 679 3199 gerem;
714 3127 861 3198 quod
906 3129 1056 3183 nulla
1103 3130 1315 3185 ratione
1354 3130 1473 3185 ﬁeri
1517 3147 1637 3189 sum
1674 3149 1868 3202 passus
1898 3151 1914 3189 τ
1947 3136 2043 3191 sed

462 3232 571 3271 una
603 3232 729 3271 cum
753 3217 978 3272 domino
1002 3234 1126 3274 meo
1152 3222 1569 3289 praeclarissimo
1598 3223 1822 3279 tribuno
1848 3242 1913 3281 ac
1941 3243 2043 3281 no-

462 3305 603 3361 tario
636 3305 911 3362 Aristolao
950 3308 1090 3364 duos
1132 3325 1163 3363 e
1205 3311 1408 3365 nostris
1445 3312 1661 3368 clericis
1697 3314 1819 3370 misi
1857 3316 2046 3372 Antio-

460 3397 662 3464 chiam,
694 3399 1053 3471 chartamque
1086 3402 1306 3466 tradidi.
1337 3406 1601 3461 mandans
1637 3416 1718 3472 ut,
1736 3408 1780 3462 si
1808 3409 2045 3465 Joannes

462 3490 955 3548 reverendissimus
1009 3494 1270 3556 Ecclesia:
1328 3496 1687 3554 Antiochenre
1754 3501 2046 3571 episcopus

461 3578 873 3652 subscripserit,
901 3592 957 3639 et
988 3585 1135 3639 illam
1164 3589 1462 3657 acceperit,
1488 3598 1621 3646 tunc
1646 3591 1866 3646 demum
1900 3593 2046 3648 litte-

462 3687 553 3728 ras
586 3673 655 3728 de
684 3677 1073 3733 communione
1108 3679 1422 3735 redderent.
1455 3680 1617 3752 {Egre
1652 3684 1799 3738 enim
1834 3700 2043 3739 moram

461 3762 675 3819 ferebat
705 3776 1043 3823 memoratus
1072 3770 1410 3827 clarissimus
1437 3773 1695 3829 tribunus
1716 3775 2041 3832 Aristolaus.

459 3856 597 3910 Cum
621 3857 790 3928 igitur
814 3860 1098 3929 piissimus
1111 3862 1347 3918 Joannes
1371 3865 1809 3935 subscripsisset,
1834 3871 2047 3925 caeteri-

458 3963 569 4016 quc
606 3950 700 4018 qui
723 3967 848 4005 cum
872 3953 989 4023 ipso
1011 3954 1338 4011 illustriores
1360 3967 1539 4021 erant,
1575 3975 1813 4030 cumque
1850 3962 2045 4017 Nesto-

462 4038 530 4092 rii
574 4038 881 4097 doctrinam
927 4045 1517 4112 anathematizassent,
1567 4057 1624 4103 et
1671 4050 1817 4119 quod
1865 4052 2044 4121 ipsum

460 4144 563 4198 pro
607 4130 859 4201 deposito
904 4134 1203 4200 haberent,
1251 4138 1481 4206 professi
1530 4150 1741 4205 essent,
1788 4140 1944 4211 157
1981 4158 2046 4199 ac

459 4219 774 4276 Maximiani
836 4224 1235 4295 religiosissimi
1296 4227 1736 4299 pientissimique
1796 4232 2041 4302 episcolii

457 4312 865 4370 ordinationem
921 4317 1357 4386 approbassem,
1422 4323 1868 4378 communionem
1934 4324 2043 4380 illis

2158 494 2234 546 τῳ
2265 474 2496 545 βασιλεῖ,
2522 474 2617 527 καὶ
2632 476 2696 543 τῇ
2715 472 2845 543 ἁγίᾳ
2864 470 3085 540 συνόδῳ,
3112 470 3210 534 τὰς
3240 470 3530 539 Νεστορίου
3561 469 3715 541 φλυα-

2161 566 2298 637 ρίας,
2328 564 2423 618 καὶ
2466 564 2565 627 τὰς
2606 562 2749 618 κατὰ
2798 560 3031 631 Χριστοῦ
3067 560 3365 631 γενομένας
3390 561 3713 634 δυσφημίας,

2157 656 2579 729 ἀναθεματίσαι,
2612 653 2943 725 ὁμολογῆσαί
2975 669 3034 704 τε
3058 651 3157 720 τὴν
3190 651 3507 723 καθαίρεσιν
3529 654 3708 717 αὐτοῦ,

2155 751 2247 803 καὶ
2280 747 2568 802 συνθέσθαι
2595 749 2661 817 τῇ
2691 743 2994 816 χειροτονία
3015 742 3109 795 τοῦ
3138 743 3455 801 ὁσιωτάτου.
3492 746 3587 797 καὶ
3606 745 3713 799 θεο-

2158 841 2480 894 σεϐεστάτου
2525 837 2825 892 ἐπισκόπου
2873 834 3238 905 Μαξιμιανοῦ.
3288 835 3506 889 Τούτων
3546 839 3716 891 τοίνυν

2155 935 2284 1005 παρ’
2324 931 2457 1003 ἐμοῦ
2502 928 2951 1000 διαπεμφθέντων
3002 926 3186 988 αὐτοῖς
3213 926 3321 978 τῶν
3362 930 3715 999 γραμμάτων,

2156 1022 2578 1094 συνεωρακότες,
2626 1020 2707 1073 ὃτι
2760 1019 2859 1072 οὐκ
2917 1016 2983 1070 ἂν
3030 1015 3245 1069 λάϐοιεν
3290 1017 3389 1087 τὴν
3418 1021 3714 1081 κοινωνίαν,

2156 1114 2229 1185 μὴ
2252 1116 2332 1177 εἰς
2354 1113 2523 1183 πέρας
2549 1109 2923 1182 ἐνηνεγμένων
2945 1101 3020 1162 ὧν
3036 1106 3143 1161 ἔδει
3165 1110 3336 1161 ποιεῖν
3352 1110 3569 1177 αὐτοὺς,
3588 1113 3716 1165 ἀπο-

2154 1206 2461 1259 στέλλουσιν
2478 1206 2557 1266 είς
2574 1203 2673 1275 τὴν
2688 1201 3088 1271 Ἀλεξάνδρειαν
3106 1198 3196 1251 τὸν
3219 1199 3608 1256 εὐλαϐέστατον
3631 1204 3718 1258 καὶ

2151 1295 2559 1366 θεοφιλέστατον
2580 1294 2878 1348 ἐπίσκοπον
2902 1294 2997 1363 τῆς
3022 1290 3329 1360 Ἐμισηνῶν
3352 1292 3579 1359 Παῦλον,
3604 1298 3718 1348 ἐπιι

2151 1386 2512 1457 κομιζόμενον
2546 1385 2680 1456 πρός
2711 1402 2779 1454 με
2804 1387 3130 1456 γράμματα,
3162 1386 3453 1441 κοινωνικὰ
3479 1385 3597 1457 μὲν,
3625 1388 3718 1439 ὑπ-

2150 1476 2513 1548 αγορευθέντα
2527 1476 2582 1529 δέ
2602 1476 2662 1528 οὐ
2675 1484 2712 1511 ω
2732 1476 2937 1546 σφόδρα
2956 1476 3320 1545 καθηκόντως.
3335 1475 3718 1547 Προσεποιοῦν·

2148 1587 2210 1623 το
2238 1572 2345 1640 γάρ
2377 1568 2469 1622 καὶ
2502 1567 2738 1639 μέμψεις
2772 1569 3092 1636 προσάγειν,
3124 1568 3200 1632 ὡς
3229 1568 3329 1621 οὐκ
3358 1566 3535 1639 ὀρθῶς
3564 1584 3719 1620 τινων

2152 1661 2476 1731 εἰρημένων,
2517 1660 2615 1714 καὶ
2662 1660 3070 1730 πεπραγμένων
3115 1661 3173 1712 ἐν
3210 1662 3277 1731 τῇ
3321 1661 3453 1731 ἁγίᾳ
3498 1661 3716 1732 συνόδῳ.

2082 1744 2121 1798 Β
2149 1751 2257 1803 Καὶ
2303 1749 2403 1812 τὰς
2451 1749 2550 1819 μέν
2595 1748 2851 1811 τοιαύτας
2887 1750 3178 1814 ἐπιστολάς
3220 1752 3281 1804 οὐ
3334 1751 3721 1822 προσηκάμην,

2148 1844 2265 1897 ἀλλ’
2295 1843 2455 1913 ἔφην,
2490 1843 2574 1896 ὅτι
2614 1844 2664 1895 oi
2699 1842 2795 1896 καὶ
2842 1843 3177 1913 συγγνώμην
3220 1846 3391 1898 αἰτεῖν
3423 1845 3723 1914 ὀφείλοντες

2148 1934 2241 1987 ἐπὶ
2286 1937 2397 1997 τοῖς
2454 1933 2712 2003 φθάσασι,
2777 1934 2897 1997 πῶς
2954 1933 3049 1987 καὶ
3118 1935 3373 2007 δευτέρας
3429 1935 3727 2003 ἐπάγουσιν

2148 2026 2363 2095 ὗϐρεις;
2408 2023 2870 2094 Ἀπολογουμένου
2902 2023 2957 2077 δὲ
2980 2024 3074 2078 τοῦ
3111 2024 3577 2094 μνημονευθέντος
3609 2025 3724 2078 θεο-

2149 2116 2475 2171 σεὸεστάτου
2520 2114 2843 2179 ἐπισκόπου,
2879 2115 3169 2185 ἐνωμότως
3215 2133 3275 2169 τε
3310 2115 3718 2186 διαϐεϐαιουμέ-

2146 2223 2259 2269 νου,
2289 2205 2363 2276 μὴ
2388 2203 2628 2258 τοιοῦτον
2654 2204 2951 2273 ἐσχηκέναι
2977 2204 3177 2258 σκοπὸν
3213 2206 3434 2270 αὐτοὺς,
3474 2206 3535 2270 ἐξ
3563 2207 3723 2260 ἁπλόο-

2144 2313 2304 2368 τητος
2331 2296 2387 2349 δὲ
2423 2294 2623 2366 μᾶλλον
2649 2297 2737 2347 ἐπὶ
2767 2296 2828 2347 τὸ
2853 2296 3089 2367 γράμμα
3119 2296 3315 2361 ἐλθεῖν,
3338 2299 3679 2369 παρηκάμην
3698 2309 3723 2336 ι

2146 2388 2239 2441 καὶ
2298 2386 2455 2439 τοῦτο
2496 2386 2583 2440 διὰ
2636 2388 2735 2457 τὴν
2796 2388 3038 2459 ἀγάπην.
3071 2389 3145 2443 Οὐ
3198 2390 3462 2460 πρότερον
3508 2391 3563 2444 δέ
3599 2408 3724 2444 συν-

2146 2477 2377 2549 αχθῆναι
2419 2477 2567 2549 αὐτῷ
2612 2478 3037 2550 συγκεχώρηκα,
3093 2481 3141 2533 εί
3194 2480 3268 2551 μὴ
3315 2480 3517 2550 βιϐλίον
3557 2482 3724 2545 δοῦς’

2145 2569 2458 2639 ἐγγράφως,
2492 2568 2852 2639 άνεθεμάτισε
2887 2571 2957 2624 τὰ
2996 2570 3294 2640 Νεστορίου
3330 2571 3598 2642 δόγματα,
3634 2574 3727 2626 καὶ

2144 2661 2495 2733 ὡμολόγησεν
2541 2660 2685 2733 ἔχειν
2736 2661 2899 2715 αὑτὸν
2959 2661 3365 2733 καθῃρημένον,
3418 2666 3511 2717 καὶ
3559 2666 3739 2719 συντί-

2146 2754 2333 2809 θεσθαι
2382 2757 2448 2825 τῇ
2500 2753 2803 2825 χειροτονίᾳ
2835 2754 2928 2807 τοῦ
2964 2754 3356 2809 εὖλαϐεστάτου
3413 2758 3717 2811 ἐπισκόπου

2145 2846 2512 2917 Μαξιμιανοῦ.
2550 2846 2660 2901 Καὶ
2690 2846 2842 2916 ἠξίου
2875 2846 2996 2917 μὲν,
3040 2847 3116 2911 ώς
3153 2848 3293 2920 ὑπὲρ
3345 2848 3566 2902 πάντων
3621 2849 3729 2904 τῶν

2146 2938 2285 2993 κατὰ
2312 2938 2409 3009 τὴν
2454 2937 2741 3009 ’Δνατολὴν
2763 2939 2931 2992 όντων
2958 2940 3392 2995 θεοσεὸεστάτων
3418 2942 3730 2995 ἐπισκόπων

2145 3034 2215 3087 τὰ
2240 3033 2465 3087 τοιαῦτα
2497 3031 2676 3103 βιϐλία
2725 3033 2884 3097 δοὺς,
2920 3034 3086 3104 μηδὲν
3126 3034 3313 3105 ἕτερον
3374 3035 3520 3104 ἡμᾶς
3571 3052 3739 3105 προσ»

2147 3126 2466 3195 απαιτῆσαι.
2502 3126 2839 3197 Ἡνεσχόμην
2861 3124 2916 3178 δέ
2945 3125 3220 3196 οὐδαμῶς*
3245 3124 3383 3179 ἀλλὰ
3411 3124 3517 3196 γάρ
3540 3142 3637 3177 συν
3649 3124 3730 3189 εξ-

2148 3214 2370 3285 έπεμψα
2396 3216 2474 3285 τῷ
2504 3217 2676 3287 κυρίῳ
2713 3235 2814 3287 μου
2852 3216 2929 3287 τῷ
2975 3217 3423 3288 θαυμασιωτάτῳ
3461 3217 3732 3289 τριδούνῳ

2146 3307 2239 3359 καὶ
2268 3307 2499 3377 νοταρίῳ
2543 3308 2894 3379 Ἀριστολάῳ,
2926 3308 3020 3362 δύο
3055 3309 3166 3362 τῶν
3201 3310 3489 3381 ἡμετέρων
3532 3313 3725 3383 κληρι-

2146 3397 2257 3450 κῶν
2302 3399 2382 3460 είς
2430 3396 2528 3467 τὴν
2568 3399 2921 3469 ’Λντιόχειαν,
2972 3401 3291 3471 ἐγχειρίσας
3340 3402 3572 3472 χάρτην,
3629 3404 3727 3455 καὶ

2145 3487 2334 3554 εἰπὼν,
2362 3489 2443 3543 ὅτι
2471 3488 2595 3543 Ἐάν
2619 3490 2912 3563 ὑπογράφῃ
2939 3494 2967 3546 ό
2987 3492 3400 3555 θεοσεϐέστατος
3430 3492 3735 3557 ἐπίσκοπος

2146 3579 2489 3649 λἈντιοχείας
2520 3579 2797 3653 Ἰωάννης,
2827 3584 2921 3635 καὶ
2951 3582 3172 3652 δέξηται
3198 3582 3406 3647 τοῦτον,
3432 3582 3552 3635 τότε
3586 3584 3734 3635 ἁπό-

2143 3670 2263 3724 δοτε
2288 3668 2355 3722 τὰ
2396 3673 2709 3726 κοινωνικά.
2759 3673 3139 3744 Ἐδυσχέραινε
3169 3674 3239 3742 γὰ
3251 3692 3283 3745 ρ
3309 3684 3335 3723 Ρ
3365 3674 3457 3726 ἐπὶ
3478 3673 3555 3742 τῷ
3592 3673 3735 3742 βρά-

2144 3762 2222 3815 δει
2256 3763 2285 3815 ό
2316 3764 2713 3833 μνημονευθεὶς
2754 3764 3205 3835 θαυμασιώτατος
3261 3765 3545 3835 τριὸοὖνος
3584 3765 3735 3836 Ἀρι-

2147 3854 2389 3919 στόλαος.
2439 3855 2891 3928 Ὑπογράψαντος
2934 3858 3116 3911 τοίνυν
3164 3857 3258 3911 τοῦ
3311 3857 3735 3911 θεοσεϐεστάτου

2146 3947 2443 3999 ἐπισκόπου
2488 3948 2735 4001 Ἰωάννου
2758 3989 2772 4010 ,
2802 3950 2897 4002 καὶ
2926 3948 3036 4002 τῶν
3071 3950 3167 4001 σὺν
3194 3948 3342 4018 αὐτῷ
3368 3949 3737 4018 ἐπιφανεστέο

2147 4056 2279 4109 ρων,
2329 4040 2849 4109 ἀναθεματισάντων
2906 4040 2963 4093 δὲ
3020 4041 3201 4093 αὐτῶν
3264 4042 3381 4093 τὰει
3425 4042 3737 4113 Νεστορίου

2143 4132 2412 4202 δόγματα,
2449 4134 2546 4185 καὶ
2576 4133 3035 4203 ὁμολογησάντων
3078 4132 3225 4205 ἔχειν
3261 4134 3428 4186 αὑτὸν
3471 4134 3738 4207 καθῃρη-

2146 4224 2330 4288 μένον,
2367 4224 2713 4293 συνθεμένων
2743 4243 2801 4279 τε
2830 4228 2900 4297 τῇ
2926 4225 3234 4296 χειροτονίᾳ
3256 4225 3353 4291 τοῦ
3392 4226 3737 4279 εὐλαϐεστὰ-

2142 4334 2233 4370 του
2263 4317 2357 4371 καὶ
2398 4317 2822 4372 θεοσεὸεστάτου
2851 4319 3152 4372 ἐπισκόπου
3186 4318 3555 4391 Μαξίμιανοῦ,
3595 4322 3737 4374 ἁπο-

458 4405 820 4463 restituimus.
868 4408 995 4464 Haec
1041 4410 1191 4464 enim
1241 4412 1357 4466 sola
1403 4414 1568 4467 etiam
1610 4415 1809 4483 Ephesi
1854 4425 2042 4471 saneta

2146 4406 2458 4478 δεδώκαμεν
2509 4408 2606 4479 τὴν
2662 4410 2966 4465 κοινωνίαν.
3002 4410 3187 4463 Ταῦτα
3246 4411 3357 4482 γὰρ
3404 4411 3587 4473 αὐτοῖς
3637 4410 3745 4463 καὶ

457 4497 702 4569 synodus
729 4499 800 4554 ab
833 4501 970 4571 ipsis
1005 4502 1275 4574 exigebat.
1305 4504 1452 4560 Sciat
1476 4514 1533 4560 et
1562 4506 1666 4562 hoc
1700 4523 1921 4578 quoque
1951 4517 2043 4564 tua

458 4589 741 4655 sanctitas,
773 4591 1247 4661 religiosissimum
1280 4595 1794 4667 plentissimumque
1824 4614 2041 4668 episco-

459 4691 589 4745 pum
627 4678 855 4733 Paulum
904 4682 1061 4737 initio
1115 4685 1412 4753 plurimum
1462 4686 1725 4742 institisse
1772 4687 2039 4754 llclladii,

460 4769 733 4835 Eutherii,
762 4772 1013 4839 Himerii,
1047 4783 1102 4829 et
1137 4777 1399 4831 Dorothei
1438 4778 1815 4848 depositorum
1852 4796 2037 4846 causa,

459 4862 766 4932 obnixoque
815 4880 1061 4936 rogasse,
1112 4876 1174 4922 ut
1211 4885 1333 4937 qua:
1379 4879 1571 4925 contra
1625 4872 1773 4941 ipsos
1817 4873 2040 4928 decreta

459 4958 636 5015 erant,
666 4952 1087 5023 abrogarentur.
1128 4955 1447 5010 AlIirmabat
1484 4958 1656 5020 enim,
1694 4974 1883 5027 pacem
1932 4960 2037 5013 Ec-

460 5040 749 5096 clesiarum
788 5045 950 5099 aliter
986 5046 1177 5115 perlici
1222 5062 1332 5101 non
1372 5063 1553 5116 posse,
1580 5049 1687 5104 nisi
1727 5050 1781 5104 id
1819 5065 2037 5121 quoque

460 5130 483 5183 l'
484 5131 653 5187 uisset
670 5133 963 5203 adjectum.
990 5137 1102 5208 Ego
1121 5152 1254 5193 vero
1278 5138 1701 5209 respondebam,
1722 5156 1834 5195 rem
1859 5142 2035 5210 ipsum

460 5223 636 5278 modis
668 5226 928 5282 omnibus
968 5228 1361 5300 lmpossibilem
1401 5232 1611 5295 conari,
1644 5248 1711 5287 eo
1751 5233 1896 5301 quod
1937 5249 2040 5288 nos

462 5311 607 5367 istud
669 5331 948 5386 nunquam
1015 5337 1260 5378 essemus
1323 5324 1665 5393 permissuri.
1723 5323 2040 5380 Manserunt

456 5410 647 5471 itaque
672 5405 728 5459 in
757 5408 949 5463 eodem
983 5412 1296 5479 schismate,
1336 5415 1388 5469 in
1416 5430 1524 5485 quo
1546 5416 1711 5470 etiam
1741 5430 1888 5469 nunc
1911 5430 2037 5484 per-

2146 4500 2289 4554 κατὰ
2318 4500 2416 4571 τὴν
2470 4501 2738 4570 Ἐφεσίων
2793 4501 3128 4573 μητρόπολιν
3178 4502 3520 4572 προετείνετο
3570 4501 3739 4571 παρά

2143 4597 2242 4665 τῆς
2279 4594 2442 4663 άγίας
2470 4595 2709 4649 συνόδου.
2752 4597 2915 4649 Ἰστω
2953 4595 3011 4649 δέ
3037 4596 3260 4649 κάκεῖνο
3295 4598 3326 4666 ἡ
3368 4595 3433 4666 σὴ
3468 4594 3699 4665 ὁσιότης
3720 4611 3740 4625 ·

2142 4683 2335 4754 ἐνέστη
2402 4682 2503 4753 μὲν
2556 4684 2666 4755 γὰρ
2705 4686 2763 4737 ἐν
2801 4685 2999 4754 ἀρχαῖς
3054 4684 3282 4738 πλεῖστα
3331 4684 3673 4754 παρακαλῶν
3710 4687 3744 4737 ὁ

2141 4774 2536 4838 εὑλαϐέστατος
2582 4775 2677 4830 καὶ
2730 4775 3151 4845 θεοφιλέστατος
3183 4776 3480 4838 ἐπίσκοπος
3511 4776 3744 4841 Παῦλος

2148 4866 2254 4918 τῶν
2288 4867 2690 4937 καθῃρημένων
2713 4868 2899 4931 ἕνεκα,
2929 4867 3227 4920 Παλλαδίου
3270 4884 3351 4929 τε,
3382 4866 3479 4918 καὶ
3502 4877 3522 4903 τ
3552 4868 3745 4937 Εὺθη-

2146 4958 2287 5027 ρίου,
2312 4958 2567 5029 Ἰμερίου,
2600 4959 2697 5011 καὶ
2718 4958 3016 5030 Δωροθέου,
3046 4960 3143 5012 καὶ
3164 4959 3313 5030 ἠξίου
3337 4959 3405 5011 τὰ
3424 4959 3510 5011 ἐπ’
3542 4960 3747 5023 αὐτοῖς

2142 5048 2403 5119 ἀργῆσαι,
2438 5050 2837 5120 διατεινόμενος
2875 5050 2949 5120 μὴ
2988 5051 3189 5121 ἑτέρως
3228 5048 3491 5103 δύνασθαι
3524 5049 3626 5120 τὴν
3653 5050 3745 5102 εί-

2145 5138 2313 5209 ρήνην
2346 5139 2452 5193 τῶν
2497 5140 2832 5210 Ἐκκλησιῶν
2862 5140 3143 5212 ἐνεχθῆναι
3187 5142 3323 5212 πρὸς
3349 5141 3543 5210 πέρας,
3572 5141 3623 5192 εί
3656 5139 3749 5210 μὴ

2144 5231 2465 5303 προστεθείη
2500 5233 2593 5286 καὶ
2625 5232 2801 5287 τοῦτο.
2839 5235 2978 5303 Ἐγὼ
3005 5234 3061 5287 δέ
3088 5234 3247 5305 ἔφην,
3272 5234 3518 5303 ἀδυνάτῳ
3545 5233 3747 5303 πράγ-

2148 5339 2277 5391 ματι
2312 5325 2608 5394 ἐπιχειρεῖν
2634 5326 2801 5379 αὐτόν
2825 5343 2837 5355 ·
2873 5326 2968 5379 καὶ
3009 5325 3168 5380 τοῦτο
3196 5326 3297 5379 οὐκ
3338 5324 3555 5378 ἔσεσθαί
3594 5341 3749 5377 ποτε

2149 5413 2278 5484 παρ’
2307 5415 2482 5486 ἡμῶν.
2531 5416 2889 5488 Μεμενὴκασι
2934 5417 3110 5472 τοίνυν
3161 5418 3219 5471 ἐν
3350 5414 3445 5469 καὶ
3493 5414 3590 5469 νῦν
3620 5415 3748 5468 εἰσι

1549 5572 1726 5627 Variae
1759 5573 2022 5630 lectiones
2047 5570 2252 5626 codicis
2283 5571 2643 5643 Seguieriani.

536 5704 575 5736 ἰ
615 5695 797 5752 δέπου
824 5696 908 5752 οὐ.
987 5707 1013 5737 υ
1049 5702 1428 5770 προσηκάμην.
1476 5714 1533 5743 ὀ
1575 5705 1811 5771 ἐπιδούς.

1898 5716 1924 5755 ρ
1963 5705 2039 5760 δέ.
2118 5715 2143 5756 (ι
2186 5721 2243 5760 τε
2290 5706 2374 5762 τά.
2457 5716 2478 5745 τ
2530 5705 2799 5764 Ἐλλαόίου
2835 5706 2895 5761 τέ
2928 5724 3069 5779 φημι
3100 5708 3215 5763 καὶ.
