4044 6212
373 202 479 259 Ξῶ

1717 219 2050 277 EPISTULA
2093 222 2279 280 XLIX».

3510 235 3619 292 νει

372 321 637 394 σχίσματι
662 335 684 364 ο
706 341 722 355 ο
762 325 856 383 καὶ
883 327 1114 400 οὐδεμία
1168 330 1390 401 γέγονεν
1427 349 1606 387 αυτων
1653 336 1842 408 μνήμη
1888 338 1946 393 ὲν

2056 351 2335 409 severam;
2379 358 2558 413 neque
2603 345 2710 400 ulla
2761 361 2954 402 eorum
2997 364 3054 402 in
3095 348 3509 405 conditionibus
3549 350 3620 406 de

372 415 498 478 ταῖς
548 414 844 487 συνθήκαις
876 420 998 482 ταῖς
1029 420 1160 492 περὶ
1215 421 1314 492 τῆς
1356 423 1583 495 εἰρήνης
1625 424 1735 478 τῶν
1779 425 1949 495 ἁγίων

390 510 746 580 ἐκκλησιῶν.
783 513 1103 586 Γεγράφασι
1131 515 1189 569 δὲ
1215 516 1316 586 τὴν
1356 516 1527 589 αὐτὴν
1556 519 1950 592 ὲπιστολὴν,ἥν

379 602 628 674 ἔπεμψαν
648 603 786 674 πρὸς
821 621 914 674 με,
953 606 1207 678 καὶπρὸς
1236 607 1364 672 τοὺς
1389 608 1951 675 θεοσεόεστάτουςκαὶ

375 697 703 760 ὁσιωτάτους
727 697 1083 762 ἐπισκόπους,
1117 699 1207 753 τόν
1229 717 1290 752 τε
1316 703 1416 771 τῆς
1449 701 1691 774 μεγάλης
1734 703 1951 774 Ῥώμης

367 787 597 852 Ξύστον,
634 789 730 842 καὶ
759 789 854 842 τὸν
880 791 981 860 τῆς
1026 790 1190 859 άγίας
1224 791 1336 845 τῶν
1382 794 1953 848 Κωνσταντινουπολι-

366 879 483 932 τῶν
552 880 882 950 Ἐκκλησίας
935 882 1302 952 Μαξιμιανόν.
1360 884 1472 938 Καὶ
1529 881 1598 956 ἦν
1655 887 1952 955 ἀναγκαῖον

366 968 622 1039 ἀκριϐῶς
663 970 977 1040 διδαχθῆναι
1023 971 1198 1024 ταῦτα
1235 972 1336 1043 τὴν
1372 973 1471 1043 σὴν
1501 973 1841 1045 τελειότητα·
1876 975 1954 1039 ὡς

366 1063 436 1116 ἂν
477 1065 553 1133 μή
605 1079 755 1124 τινες
799 1063 962 1134 ἕτερα
1013 1062 1131 1116 ἀνθ’
1158 1062 1362 1133 ἑτέρων
1399 1063 1660 1134 φλυαρεῖν
1681 1065 1950 1132 εἰωθότες,

363 1153 654 1224 ταράξωσί
684 1170 840 1216 τινας
869 1152 979 1207 τῶν
1018 1153 1286 1222 ἀδελφῶν,
1323 1154 1399 1218 ὡς
1437 1155 1595 1226 ἡμῶν
1639 1155 1954 1228 ἀρνησαμέ-

365 1260 478 1295 νων
508 1243 545 1296 ἃ
572 1242 935 1314 γεγράφαμεν
966 1244 1106 1297 κατὰ
1135 1245 1244 1297 τῶν
1293 1246 1586 1317 Νεστορίου
1613 1247 1951 1318 δυσφημιῶν.

382 1334 714 1388 ’Δπέστειλα
744 1335 802 1388 δὲ
854 1335 950 1403 κα).
975 1335 1042 1388 τὰ
1071 1336 1164 1389 ῐσα
1207 1335 1316 1388 τῶν
1347 1335 1664 1401 ἐπιστολῶν,
1691 1339 1790 1406 τῆς
1822 1337 1953 1408 παρ’

370 1424 517 1496 ὲμοῦ
568 1425 880 1497 γραφείσης
911 1427 1050 1498 πρὸς
1071 1427 1163 1480 τὸν
1201 1428 1592 1482 εὐλαϐέστατον
1617 1429 1715 1500 τῆς
1754 1430 1958 1482 Ἀντιο-

364 1516 528 1586 χείας
573 1517 878 1571 ἐπίσκοπον
952 1518 1226 1590 Ἰωάννην,
1285 1519 1382 1572 καὶ
1437 1519 1537 1590 τῆς
1595 1520 1724 1590 παρ’
1787 1518 1952 1574 αὐτοῦ

365 1609 683 1680 γραφείσης
715 1611 851 1682 πρός
881 1628 950 1681 με
974 1611 1069 1664 ἐπὶ
1094 1610 1173 1682 τῷ
1212 1610 1643 1682 άναθεματισμῷ
1696 1612 1802 1666 τῶν
1844 1611 1952 1664 Νε-

367 1703 591 1773 στορίω
629 1703 972 1775 δυσφημιῶν,
999 1705 1096 1758 καὶ
1132 1706 1199 1775 τῇ
1225 1704 1546 1775 καθαιρέσει
1593 1704 1783 1771 αὑτοῦ,
1811 1704 1950 1776 πρὸς

363 1794 672 1863 εὐμάθειαν
702 1796 911 1867 ἀκριϐῆ
943 1797 1044 1867 τῆς
1072 1798 1171 1868 σῆς
1197 1798 1561 1871 τελειότητος.
1608 1800 1720 1854 Καὶ
1757 1799 1951 1870 ἑτέρας

365 1883 666 1948 ἐπιστολάς
689 1885 840 1955 παρά
859 1884 1066 1950 ταύτας
1091 1888 1510 1960 προσκομιζέτω
1538 1888 1748 1960 μηδείς.
1772 1889 1953 1960 Πρόσ-

363 1994 493 2030 ειπε
531 1977 634 2048 τὴν
683 1979 782 2032 σὺν
830 1980 916 2032 σοὶ
966 1977 1329 2054 ἀδελφότητα.
1387 1982 1456 2036 Σὲ
1494 1983 1528 2053 ή
1567 1982 1666 2036 σὺν
1714 1983 1848 2054 ήμῖν
1893 1983 1952 2038 ὲν

364 2067 594 2139 Χριστῷ
620 2070 642 2107 ί
682 2071 1108 2145 προσαγορεύει.

2051 449 2184 504 pace
2231 445 2546 492 sanctarum
2595 437 2962 493 Ecclesiarum
3010 441 3307 510 propositis
3353 441 3494 496 facta
3537 450 3622 497 est

2051 529 2276 582 mentio.
2314 528 2581 584 Miserum
2616 541 2800 584 autem
2840 531 3088 586 eamdem
3125 533 3272 586 illam
3312 532 3619 602 epistolam,

2050 634 2214 687 quam
2242 620 2310 673 ad
2338 637 2424 676 me
2450 623 2804 692 scripserunt,
2833 623 2900 678 ad
2923 624 3200 694 piissimos
3227 625 3626 680 sanctissimos-

2051 725 2158 778 que
2191 710 2420 782 Xystum
2451 728 2656 782 magna:
2685 714 2888 778 Romae,
2916 723 2973 769 et
3008 715 3394 768 Maximianum
3425 723 3626 769 sancta:

2052 801 2311 855 Ecclesiae
2352 801 2969 872 Constantinopolitame
3016 803 3324 873 episcopos.
3377 802 3435 857 ld
3477 805 3623 873 quod

2055 892 2420 962 integritatem
2478 902 2625 947 tuam
2690 896 2978 964 perspicue
3036 911 3197 950 nosse
3256 896 3625 950 necessarium

2053 982 2178 1046 fuit,
2207 999 2275 1038 ne
2315 984 2455 1039 forte
2485 985 2672 1054 aliqui,
2699 987 2790 1056 qui
2822 987 2925 1040 alia
2958 1003 3056 1056 pro
3096 987 3218 1040 aliis
3250 1001 3393 1055 saepe
3432 988 3626 1057 nugari
3683 985 3687 988 ’

2054 1073 2251 1138 solent,
2285 1075 2577 1128 nonnullos
2607 1091 2672 1129 ex
2712 1075 2973 1130 fratribus
3009 1077 3362 1140 conturbent,
3399 1077 3628 1146 perinde

2055 1177 2119 1216 ac
2151 1162 2198 1216 si
2233 1179 2335 1217 nos
2365 1180 2486 1232 quae
2512 1174 2702 1219 contra
2736 1166 2970 1220 Nestorii
3007 1167 3377 1236 blasphemias
3403 1169 3629 1238 scripsi-

2057 1267 2198 1318 mus,
2228 1253 2427 1306 iterum
2465 1256 2963 1313 retractaverimus.
2997 1256 3116 1310 Misi
3157 1265 3339 1310 autem
3383 1257 3627 1326 exempla

2056 1344 2432 1413 epistolarum,
2468 1354 2581 1399 tum
2614 1347 2752 1416 ejus,
2793 1360 2954 1415 quam
3001 1346 3069 1400 ad
3100 1347 3365 1402 Joannem
3405 1348 3628 1417 religio-

2057 1436 2332 1492 sissimum
2363 1436 2668 1495 Antiochiae
2710 1441 3031 1511 episcopum
3073 1441 3290 1511 scripsi,
3324 1450 3442 1496 tum
3481 1441 3629 1496 illius

2059 1543 2316 1594 rursum,
2366 1545 2488 1598 qua:
2533 1529 2600 1585 de
2648 1532 3104 1587 anathematismo
3163 1531 3628 1600 blasphemiarum

2057 1619 2296 1674 Nestorii
2347 1620 2526 1690 deque
2574 1623 2820 1693 ejusdem
2869 1623 3212 1694 depositione
3260 1622 3375 1692 ipse
3425 1621 3494 1676 ad
3543 1638 3630 1678 me

2054 1712 2204 1766 misit
2235 1730 2248 1766 :
2283 1721 2342 1768 ut
2373 1712 2661 1784 integritas
2701 1723 2795 1770 tua
2836 1716 2952 1770 haec
2983 1715 3166 1769 omnia
3199 1728 3363 1783 quam
3397 1712 3626 1770 exactis-

2054 1805 2191 1860 sime
2223 1815 2532 1875 pernoscat.
2576 1807 2688 1863 Nec
2722 1809 2862 1867 ullas
2893 1808 3026 1862 alias
3058 1807 3273 1861 litteras
3308 1813 3507 1875 praater
3536 1802 3632 1858 has

2056 1896 2328 1966 quispiam
2365 1897 2625 1968 proferat.
2658 1898 2844 1954 Saluta
2876 1914 2998 1969 qua:
3027 1907 3209 1952 tecum
3250 1905 3335 1952 est
3374 1894 3634 1951 fraterni-

2058 1999 2246 2048 tatem.
2283 1991 2360 2048 Te
2387 2001 2574 2049 nostra
2601 1992 2657 2048 in
2691 1993 2924 2050 Domino
2951 1993 3176 2049 salutat.

1547 2368 1886 2442 EPISTOLA
1915 2386 2085 2444 XLIX
2123 2385 2218 2461 (οι.
2257 2386 2468 2458 xum.

1260 2553 1333 2599 ΑΒ
1362 2557 1694 2598 ΙΑΣΙΙΙΔΝΠΙ
1723 2557 2390 2600 CONSTANTINOPOLITANUI
2426 2558 2717 2601 εριεοοριιιι

1497 2693 1756 2768 Ejusdem
1791 2714 1912 2751 cum
1939 2700 2210 2771 superiore
2233 2701 2553 2770 argumenti.

435 2853 530 2926 Τῷ
560 2853 846 2926 ὁσιωτάτῳ
899 2852 997 2907 καὶ
1023 2853 1314 2928 ἁγιωτάτῳ
1338 2855 1574 2930 δεσπότῃ
1622 2856 1765 2928 ὲμῷ,
1789 2855 1948 2927 ἁρχι-

2127 2854 2558 2926 Religiosissimo
2585 2853 3039 2926 sanctissimoque
3063 2853 3288 2910 domino
3311 2869 3436 2910 meo
3465 2853 3634 2910 Maxl-

366 2947 655 3017 επισκὸπῳ
702 2943 881 3017 Πατρὶ
931 2944 1280 3018 Μαξιμιανῷ,
1310 2946 1580 3020 Κύριλλος
1640 2948 1699 3001 ὲν
1761 2946 1953 3018 Κυρίῳ

2058 2946 2243 3001 miano
2275 2946 2691 3019 archiepiscopo
2729 2957 2785 3004 et
2818 2947 2988 3014 Patri,
3025 2945 3262 3003 Cvrillus
3307 2946 3363 3001 in
3403 2947 3636 3003 Domino

367 3053 608 3105 χαίρειν.
637 3085 651 3100 ,

444 3127 562 3179 Οὐκ
591 3121 662 3196 ἦν
712 3127 1040 3197 ἀμφίϐολον,
1089 3126 1172 3181 ὅτι
1223 3129 1400 3202 πάντη
1429 3146 1490 3183 τε
1531 3129 1626 3185 καὶ
1654 3128 1871 3192 πάντως
1899 3129 1956 3183 αἰ

365 3217 473 3285 τῆς
514 3216 615 3285 σῆς
653 3217 930 3289 ὁσιότητος
971 3217 1251 3289 ἰσχύσουσι
1298 3219 1630 3291 προσευχαίο
1663 3216 1954 3273 κατανεύει

366 3309 489 3380 γὰρ
524 3308 753 3380 ἑτοίμως
781 3312 898 3375 τοῖς
927 3310 1216 3380 ἀγαπῶσιν
1246 3310 1408 3364 αὐτὸν
1461 3313 1489 3365 ὁ
1535 3311 1753 3366 πάντων
1797 3309 1956 3386 ἡμῶν

368 3401 767 3471 Σωτὴροῶστε
817 3403 1053 3456 ἕκαστον
1117 3402 1215 3456 καὶ
1259 3403 1353 3456 ἐπὶ
1390 3400 1565 3472 τούτῳ
1589 3399 1850 3472 χαίροντά
1895 3418 1956 3456 τε

369 3492 466 3544 καὶ
489 3493 926 3562 ἀνασκιρτῶντα,
946 3492 1128 3560 λέγειν
1147 3508 1161 3522 ⁸
1194 3513 1212 3546 ι
1241 3495 1513 3548 Ἤκουσεν
1551 3495 1616 3547 ὲκ
1646 3490 1772 3546 ναοῦ
1789 3484 1954 3561 ’ἁγίου

371 3586 540 3638 αὐτοῦ
577 3587 765 3656 φωνῆς
793 3603 918 3657 μου,
955 3586 1050 3640 καὶ
1087 3587 1121 3656 ή
1144 3587 1364 3658 κραυγή
1394 3603 1494 3657 μου
1529 3585 1759 3640 ἐνώπιον
1788 3581 1954 3637 αὑτοῦ

374 3678 746 3731 εἰσελεύσεται
776 3678 858 3742 είς
899 3679 968 3733 τά
995 3672 1112 3737 ὦτα
1139 3678 1328 3733 αὑτοῦ.
1351 3697 1370 3729 ι
1421 3677 1549 3731 Ἰδοὺ
1575 3678 1702 3749 γὰρ,
1737 3676 1845 3730 ἰδοὺ
1888 3676 1957 3730 τά

371 3768 748 3838 διεσπασμένα
812 3769 950 3840 μέλη
1009 3768 1104 3823 τοῦ
1147 3769 1247 3839 τῆς
1303 3768 1627 3840 Ἐκκλησίας
1682 3767 1954 3838 σώματος,

375 3863 626 3933 συνῆφθη
649 3864 813 3916 πάλιν
835 3863 1087 3934 ἀλλήλοις
1105 3881 1119 3895 ·
1153 3865 1246 3918 καὶ
1269 3864 1546 3934 διατέμνει
1576 3863 1674 3935 μὲν
1702 3863 1852 3918 οὐδὲν
1877 3865 1956 3928 εἰς

373 3954 643 4024 διχόνοιαν
667 3954 795 4018 τοὺς
812 3955 1227 4027 ἰερουργοῦντας
1254 3955 1316 4009 τὸ
1342 3955 1673 4024 Εύαγγέλιον
1701 3953 1795 4008 τοῦ
1820 3957 1956 4026 Χρι-

377 4046 524 4099 στοῦ.
557 4047 676 4118 Mt;
723 4047 781 4101 δὲ
831 4049 882 4101 οἰ
912 4048 1114 4112 πάντες
1170 4047 1580 4118 στεφανούμεθα
1628 4047 1830 4110 πίστει,
1865 4046 1956 4099 τὸν

375 4139 482 4192 τῶν
520 4139 759 4192 ἀνοσίων
785 4140 1016 4210 εὑρετὴν
1044 4141 1337 4212 Νεστόριον
1368 4139 1473 4206 ἔξω
1507 4138 1615 4192 τῶν
1656 4139 1816 4208 ἱερῶν
1836 4139 1959 4192 ἐλά-

380 4241 572 4291 σαντες
600 4226 928 4296 περιόόλων,
956 4229 1052 4283 καὶ
1100 4230 1304 4298 ἀγέλης
1343 4226 1597 4296 εὐγενοῦς
1623 4228 1959 4298 ἀποστήσαν-

1983 3013 2030 3076 c
2061 3038 2318 3093 salutem.

2127 3130 2364 3184 Dubium
2406 3129 2568 3200 plane
2612 3128 2824 3183 nullum
2853 3135 2996 3196 erat,
3031 3127 3164 3199 quin
3197 3127 3503 3184 sanctitatis
3531 3133 3637 3183 tua:

2055 3237 2248 3292 preces
2286 3223 2512 3277 omnino
2539 3230 2595 3278 et
2628 3236 2846 3290 semper
2872 3219 3118 3276 ellicaces
3149 3227 3356 3286 essent,
3385 3219 3636 3291 quando-

2055 3315 2278 3385 quidem
2302 3315 2552 3371 Salvator
2584 3313 2829 3368 omnium
2856 3320 3106 3384 prompte
3139 3312 3504 3382 alacriterque
3538 3325 3636 3365 eo-

2054 3423 2178 3462 rum
2204 3407 2346 3463 votis
2378 3421 2620 3461 annuere
2650 3405 2807 3469 solet,
2834 3403 2927 3474 qui
2966 3404 3144 3473 ipsum
3174 3403 3429 3474 diligunt,
3459 3401 3536 3455 ita
3577 3408 3638 3454 ut

2054 3517 2174 3557 eam
2218 3499 2289 3555 ob
2334 3513 2450 3553 rem
2497 3496 2728 3567 quilibet
2771 3511 2895 3549 cum
2949 3493 3136 3548 laetitia
3178 3500 3235 3547 et
3273 3489 3639 3545 exsultatione

2055 3591 2241 3648 dicere
2294 3595 2460 3660 queat
2501 3606 2515 3642 :
2556 3607 2574 3639 ι
2617 3586 2910 3641 Exaudivit
2958 3585 3028 3640 de
3081 3583 3284 3653 templo
3315 3590 3503 3636 sancto
3537 3594 3638 3634 suo

2054 3698 2245 3740 vocem
2288 3696 2486 3744 meam,
2515 3688 2571 3733 et
2614 3680 2821 3732 clamor
2863 3692 3020 3731 meus
3068 3675 3124 3729 in
3169 3684 3466 3743 conspectu
3519 3673 3639 3744 ejus

2061 3774 2222 3845 158
2255 3770 2506 3827 introivit
2546 3769 2602 3824 in
2643 3784 2805 3824 aures
2842 3769 2962 3839 ejus
2982 3768 3046 3821 δ’.
3080 3786 3098 3818 ι
3133 3767 3274 3821 Ecce
3306 3766 3477 3830 enim,
3507 3779 3638 3820 ecce

2055 3864 2266 3920 divulsa
2295 3860 2653 3918 ecclesiastici
2683 3860 2930 3929 corporis
2960 3858 3207 3913 membra
3237 3873 3456 3913 rursum
3495 3857 3639 3912 inter

2056 3975 2114 4016 se
2142 3959 2449 4013 coadunata
2477 3964 2626 4021 sunt,
2659 3964 2715 4009 et
2742 3955 2852 4024 jam
2885 3953 3021 4007 nihil
3056 3952 3329 4022 reliquum
3356 3958 3441 4006 est
3487 3948 3634 4020 quod

2055 4052 2340 4107 ministros
2375 4047 2655 4118 Evangelii
2694 4045 2898 4101 Christi
2945 4061 3044 4114 per
3087 4042 3418 4098 discordiam
3455 4041 3637 4111 sejun-

2054 4152 2164 4216 gat.
2199 4141 2402 4198 Omnes
2438 4147 2622 4195 autem
2671 4153 2778 4192 una
2819 4135 2926 4191 ﬁde
2967 4150 3250 4198 ornamur,
3284 4148 3408 4188 cum
3439 4131 3637 4186 Nesto-

2057 4238 2201 4292 rium
2227 4232 2571 4304 impietatum
2603 4230 2946 4285 inventorem
2973 4244 3005 4282 e
3031 4229 3201 4282 sacris
3229 4225 3398 4296 septis
3429 4221 3638 4293 expuli-

381 4335 470 4382 τες
516 4321 611 4372 τὸν
654 4319 1076 4391 ψευὼποιμένα.
1107 4321 1303 4390 Γέγονε
1347 4319 1403 4374 δὲ
1433 4317 1714 4372 καὶτοῦτο
1761 4319 1819 4372 ἒν
1846 4318 1953 4371 τῶν

2058 4343 2202 4392 mus,
2229 4335 2286 4380 et
2313 4325 2510 4380 falsum
2540 4333 2815 4393 pastorem
2843 4337 2872 4375 a
2901 4319 3068 4375 nobili
3097 4335 3257 4391 grege
3289 4316 3633 4372 seclusimus.

385 4411 486 4464 σῶν
527 4412 867 4485 κατόρθωμα
915 4415 1256 4487 προσευχῶν.
1307 4414 1462 4469 Ἐπεὶ
1506 4415 1686 4468 τοίνυν
1733 4412 1955 4482 φροντὶς

380 4501 657 4571 ἀναγκαία
685 4502 881 4572 γέγονε
931 4506 1028 4559 καὶ
1066 4509 1181 4570 τοῖς
1209 4506 1617 4570 εύσεϐεστάτοις
1647 4504 1956 4576 βασιλεῦσιν

383 4595 576 4666 ἠπερὶ
615 4595 727 4647 τῶν
763 4596 1102 4668 Ἐκκλησιῶν
1144 4599 1374 4670 εἰρήνη,
1430 4596 1703 4668 εὐχόμεθα
1750 4596 1808 4650 δὲ
1861 4596 1956 4648 καὶ

385 4687 543 4755 ἡμεῖς
581 4685 761 4751 αὐτοὶ,
802 4687 1058 4756 γενέσθαι
1089 4689 1187 4758 μὲν
1213 4690 1280 4742 ὲκ
1324 4689 1492 4760 μέσου
1518 4689 1581 4742 τὸ
1609 4689 1954 4759 διατειχίζον,

384 4774 478 4824 καὶ
495 4775 783 4845 διατέμνον
810 4778 955 4847 ἡμᾶς
979 4779 1059 4841 εἰς
1082 4778 1363 4849 διαφοράν,
1397 4780 1709 4852 ἀναλάμψαι
1743 4781 1798 4834 δὲ
1843 4798 1956 4849 φω-

384 4865 481 4926 zk
523 4865 672 4936 δίκην
725 4867 844 4938 Θεῷ
889 4869 1150 4940 φιλτάτην
1197 4872 1443 4944 εἰρήνην,
1492 4873 1947 4943 ὁμολογησάντων

380 4953 696 5023 ἐγγράφως,
740 4956 836 5010 τοῦ
887 4957 1337 5028 θεοφιλεστάτου,
1392 4964 1486 5018 καὶ
1536 4963 1954 5016 θεοσεϐεστάτου

392 5043 713 5116 Ἀντιοχέων
754 5049 1081 5122 Ἐκκλησίας
1115 5052 1382 5116 Ἰωάννου,
1413 5055 1507 5107 καὶ
1541 5055 1649 5109 τῶν
1671 5055 1767 5108 σὺν
1805 5053 1954 5125 αὐτῷ

380 5136 789 5194 εὐλαϐεστάτων
828 5141 1164 5211 ἐπισκόπων,
1215 5146 1298 5199 ὅτι
1336 5145 1717 5218 καθῃρημένον
1773 5146 1955 5217 ἔχουσι

381 5223 698 5298 Nec-raptu,
725 5231 820 5284 καὶ
858 5232 1316 5307 ἀναθεματίζουσι
1359 5237 1454 5304 τὰς
1493 5239 1741 5302 ἀνοσίους
1791 5239 1956 5293 αὐτοῦ

453 5387 496 5416 ’⁵⁵
519 5386 665 5442 Psal.
699 5403 827 5454 xm,
859 5389 920 5448 7.

2061 4419 2130 4474 Et
2164 4418 2271 4472 hoc
2296 4431 2514 4487 quoque
2547 4414 2870 4484 praclarum
2905 4427 3044 4482 opus
3080 4410 3191 4465 tuis
3223 4407 3482 4480 precibus
3508 4421 3634 4474 per-

2059 4510 2263 4566 fectum
2291 4516 2395 4564 est.
2424 4507 2562 4563 Cum
2594 4522 2723 4576 ergo
2761 4503 2994 4576 piissimi
3026 4503 3384 4571 imperatores
3413 4498 3479 4552 de
3504 4511 3636 4568 pace

2061 4599 2431 4656 Ecclesiarum
2493 4611 2680 4652 curam
2737 4591 3205 4665 pernecessariam
3264 4585 3633 4657 susceperint,

2061 4707 2272 4762 nosque
2305 4691 2409 4761 ipsi
2443 4698 2503 4744 ut
2538 4689 2591 4744 id
2625 4704 2654 4743 e
2688 4687 2868 4742 medio
2897 4686 3186 4739 lacesseret
3242 4679 3388 4750 quod
3416 4693 3519 4733 nos
3548 4676 3636 4730 di-

2061 4785 2303 4848 videbat,
2335 4797 2399 4837 ae
2435 4781 2492 4835 in
2522 4779 2794 4836 discordia
2829 4775 3130 4839 detinebat,
3154 4781 3210 4828 et
3239 4788 3345 4842 pax
3371 4771 3484 4825 Deo
3509 4783 3634 4840 gra-

2062 4874 2272 4930 tissima
2311 4872 2450 4926 lucis
2487 4872 2662 4926 instar
2699 4869 3004 4940 clIulgerct,
3038 4864 3267 4920 summis
3296 4861 3438 4918 votis
3467 4875 3634 4930 expe-

2065 4974 2341 5030 teremus;
2382 4978 2617 5032 cumque
2662 4959 3042 5016 sanctissimus
3081 4957 3300 5024 Deoque
3345 4949 3637 5007 dilectissi-

2061 5073 2187 5113 mus
2204 5057 2444 5112 Joannes
2471 5055 2776 5110 Antiochiae
2800 5053 3092 5122 cpiscopus
3109 5058 3166 5103 ct
3183 5046 3362 5102 ueteri
3390 5043 3484 5119 qui
3508 5058 3632 5098 cum

2061 5151 2183 5221 ipso
2216 5155 2374 5205 erant
2407 5145 2851 5203 reveremlissimi
2888 5139 3131 5212 episcopi
3168 5138 3373 5209 scripto
3401 5133 3634 5192 confessi

2064 5248 2250 5295 essent
2293 5254 2351 5294 se
2377 5235 2611 5293 Nestorii
2640 5233 3038 5305 depositionem
3071 5240 3244 5285 ratam
3280 5226 3504 5290 habere,
3528 5222 3636 5280 int-

1474 5523 1645 5580 Varia:
1669 5523 2167 5598 lectioncs_codicis
2204 5521 2569 5594 Seguieriani.

457 5642 478 5670 ·
513 5633 785 5726 nﬁqu
831 5637 1120 5726 _'_Kvpf¢v.

423 5823 460 5834 '
