4044 6212
435 262 546 317 255

1455 262 1509 317 S.
1552 262 1825 319 CYRILLI
1863 263 2331 319 ALEXANDRIN!
2370 264 2686 319 ARClllEP.

3573 263 3681 319 256

438 379 666 446 piasque
697 377 844 432 illius
873 377 1239 447 blasphemias
1269 379 1764 446 anathematizare;
1798 381 2012 437 litteras

2117 383 2446 454 δυσφημίας,
2480 381 2745 453 πέπομφα
2782 378 3085 452 γράμματα
3119 382 3250 453 πρός
3288 399 3345 434 τε
3369 380 3467 451 τὴν
3494 380 3681 433 θεοσέκ

438 470 842 523 communionis
869 478 984 523 tum
1012 469 1080 523 ad
1107 469 1280 539 ipsius
1302 470 1580 539 pietatem,
1615 481 1731 527 tum
1754 473 1823 527 ad
1847 482 2010 529 caate-

438 571 533 611 ros
568 573 789 627 quoque
837 559 1125 628 episcopos
1166 560 1288 614 misi
1336 578 1349 614 :
1398 568 1562 631 atque
1603 564 1678 617 ita
1722 564 2011 619 sanctitate

442 660 566 709 tua,
615 649 949 717 reliquisque
994 650 1284 711 omnibus.
1336 667 1405 706 ex
1460 653 1661 722 quibus
1710 655 2012 724 perfectum

440 748 640 792 sancta:
684 740 878 810 synodi
911 758 1112 811 corpus
1150 744 1508 799 constitutum
1541 756 1646 808 est,
1676 747 1744 800 ad
1784 746 1889 802 hoc
1916 764 2013 803 an-

440 830 741 885 nuentibus
776 841 832 886 et
868 834 1346 899 concurrentibus,
1376 834 1445 889 ad
1492 836 1778 905 pristinam
1829 838 2013 893 denuo

442 920 654 975 reducti
705 938 895 977 sumus
946 925 1316 979 concordiam.
1359 926 1479 980 Non
1527 926 1675 980 enim
1722 927 1865 996 apud
1913 943 2015 982 nos

437 1013 723 1067 contentio
751 1023 846 1067 aut
873 1016 1213 1069 concertatio
1251 1026 1462 1086 regnat,
1488 1017 1597 1081 sed,
1620 1034 1789 1072 unum
1822 1033 2015 1072 omnes

438 1118 666 1171 scopum
692 1105 757 1158 ad
790 1120 977 1173 pacem
1003 1117 1339 1176 spectantem
1362 1108 1700 1177 propositum
1726 1109 2010 1163 habemus.

441 1195 509 1249 Et
550 1195 597 1250 si
633 1197 854 1265 quidem
888 1199 1189 1253 voluissent
1226 1199 1325 1261 illi,
1352 1199 1448 1268 qui
1478 1199 1637 1260 initio
1670 1215 1769 1268 per
1801 1200 2011 1254 discor-

440 1285 585 1339 diam
612 1302 642 1340 a
666 1288 824 1342 nobis
846 1289 1217 1353 desciverunt,
1240 1305 1407 1359 seque
1429 1306 1459 1345 a
1484 1291 1642 1344 nobis
1664 1300 2009 1359 separarunt,

439 1377 590 1430 nulla
634 1395 874 1448 unquam
916 1381 1198 1435 contentio
1240 1397 1303 1436 ac
1334 1382 1607 1436 discordia
1648 1382 2012 1437 Ecclesiarum

440 1469 757 1524 exstitisset.
777 1471 1161 1526 Verumtamen
1194 1472 1517 1527 benedictus
1541 1473 1789 1528 Salvator
1803 1481 2010 1537 noster,

440 1559 535 1626 qui
572 1559 712 1614 hanc
749 1569 1125 1629 tempestatem
1155 1564 1383 1628 sedavit,
1409 1564 1823 1634 concordiaque
1862 1574 2012 1618 tran-

438 1650 765 1717 quillitatem
796 1652 1058 1717 restituit,
1098 1654 1262 1723 idque
1297 1672 1394 1725 per
1426 1672 1615 1725 preces
1651 1666 1707 1711 et
1746 1658 2011 1712 interces-

2113 475 2267 528 6ειαν
2290 474 2479 536 αὑτοῦ,
2510 476 2606 528 καὶ
2632 477 2759 539 τοὺς
2789 475 2981 538 ἄλλους
3007 476 3338 539 ἐπισκόπους
3366 476 3679 527 κοινωνικὰ·

2113 567 2209 621 καὶ
2259 566 2614 637 συνήφθημεν
2654 567 2734 629 εἰς
2790 567 3062 635 ὁμόνοιαν,
3102 565 3499 635 συντρεχούσης
3546 565 3683 635 πρὸς

2112 656 2271 710 τοῦτο
2291 657 2503 727 καὶτῆς
2525 656 2625 726 σῆς
2644 657 2940 726 ὁσιότητος,
2955 657 3048 709 καὶ
3076 658 3328 710 ἁπάντων
3349 657 3457 709 τῶν
3482 656 3683 717 ἄλλων,

2114 749 2174 812 ἐξ
2195 741 2271 802 ὧν
2293 747 2356 801 τὸ
2379 749 2478 817 τῆς
2498 748 2660 815 ἁγίας
2682 749 2901 801 συνόδου
2930 748 3117 816 γέγονε
3152 748 3444 817 πλήρωμα.
3471 747 3547 799 Οὐ
3573 748 3686 816 γὰρ

2114 840 2230 911 ἔρις
2302 840 2398 894 καὶ
2436 840 2738 909 φιλονεικία
2789 843 2984 910 κρατεῖ
3033 841 3163 910 παρ’
3204 841 3370 908 ἡμῖν·
3416 838 3535 890 ἀλλ’
3584 839 3688 891 ἕνα

2116 932 2320 985 σκοπὸν
2356 932 2595 995 ἅπαντες
2619 933 2935 1002 ἐσχήκαμεν
2964 932 3101 1001 πρὸς
3129 932 3353 1000 εἰρήνην
3384 930 3677 999 βλέποντα.

2115 1025 2225 1078 Καὶ
2252 1025 2410 1094 εἴπερ
2442 1022 2712 1093 ἠθέλησαν
2740 1024 2791 1076 οἱ
2811 1022 2869 1089 ἐξ
2903 1023 3076 1093 ἀρχῆς
3092 1024 3224 1091 ἡμῖν
3249 1021 3685 1090 διχονοήσαντες,

2115 1112 2208 1165 καὶ
2240 1113 2469 1173 ἑαυτοὺς
2501 1112 2657 1182 ἡμῶν
2682 1112 3068 1181 ἀποτεμόντες,
3094 1110 3206 1163 οὐδ’
3236 1112 3302 1163 ἂν
3324 1110 3462 1172 ὅλως
3492 1109 3687 1178 γέγονέ

2112 1217 2196 1262 τις
2237 1201 2353 1270 ἔρις
2402 1202 2498 1253 καὶ
2543 1201 2776 1271 διαφορὰ
2807 1201 2917 1253 τῶν
2953 1200 3315 1270 Ἐκκλησιῶν.
3354 1200 3501 1270 Πλὴν
3528 1200 3687 1252 εὐλο-

2114 1292 2281 1358 γητος
2327 1294 2357 1344 6
2407 1292 2618 1362 Σωτὴρ,
2665 1292 2695 1342 6
2732 1292 2825 1345 τὸν
2876 1292 3119 1361 χειμῶνα
3176 1291 3561 1355 καταπαύσας,
3592 1292 3691 1342 καὶ

2110 1383 2211 1451 τὴν
2244 1383 2345 1451 τῆς
2385 1383 2686 1453 ὁμοψυχίας
2714 1386 2848 1452 ἡμῖν
2894 1382 3151 1446 ἀπλὼσας
3210 1384 3451 1453 γαλήνην
3498 1383 3689 1449 εὐχαῖς

2114 1476 2207 1525 καὶ
2248 1473 2567 1544 πρεσϐείαις
2596 1475 2696 1543 τῆς
2730 1473 2833 1542 σῆς
2873 1474 3169 1544 ὁσιότητος,
3207 1477 3302 1527 καὶ
3349 1474 3460 1525 τῶν
3509 1473 3691 1526 ἄλλων

2112 1565 2169 1615 δὲ
2198 1565 2436 1625 πάντων,
2468 1566 2587 1618 ὅσοι
2617 1565 2797 1619 πίστιν
2824 1565 3037 1634 ἔχοντες
3061 1565 3227 1636 ὀρθὴν
3282 1567 3375 1617 καὶ
3396 1564 3689 1633 εἰλικρινῆ,

2113 1657 2212 1726 τὴν
2236 1659 2294 1708 ἐν
2324 1656 2605 1725 Πνεύματι
2657 1657 2753 1710 καὶ
2784 1657 3011 1728 ἀληθείᾳ
3056 1657 3443 1726 προσκύνησιν,
3472 1654 3567 1707 καὶ
3594 1655 3691 1706 λα-

434 1738 627 1794 sioncs
683 1741 987 1797 sanctitatis
1046 1752 1152 1799 tuae
1207 1754 1263 1798 et
1317 1745 1551 1800 aliorum
1601 1746 1876 1809 omnium,
1916 1746 2012 1815 qui

2117 1747 2299 1817 τρείαν
2335 1747 2585 1801 τελοῦσιν
2611 1748 2780 1819 αὐτῷ.

441 1836 649 1883 rectam
702 1830 1079 1904 sinceramque
1135 1834 1299 1892 ﬁdem
1353 1837 1655 1903 habentes.
1706 1838 1763 1893 in
1814 1838 2009 1908 spiritu
2086 1849 2145 1894 et
2215 1840 2442 1896 veritate
2488 1840 2866 1896 adorationcm
2911 1855 2974 1895 ac
3020 1839 3341 1895 servitutem
3388 1840 3490 1909 ipsi
3534 1837 3691 1894 defc-

442 1930 595 1977 runt.

1680 2216 2016 2272 EPlSTOLA
2053 2216 2095 2270 L
2136 2218 2227 2312 (oi.
2271 2218 2475 2287 XLIV).

1493 2385 1563 2424 AD
1595 2385 1929 2424 VALERIANUII
1972 2385 2279 2426 ICONIENSEH
2318 2386 2626 2426 εριεεορυιι.

1290 2452 1312 2481 \

1602 2522 1680 2575 De
1714 2522 1861 2575 Verbi
1893 2524 2261 2577 incarnatione
2288 2525 2536 2595 exrgcsis.

442 2680 695 2750 Ejusdem
732 2678 801 2731 ad
834 2675 1171 2750 Valeria_nu_m
1210 2675 2014 2750 epis_c_0pimi_religiosissimum,

510 2751 757 2803 adversus
815 2763 899 2800 eos
958 2747 1047 2816 qui
1093 2744 1253 2815 juxta
1303 2744 1530 2799 Nestorii
1582 2744 1828 2815 dogmata
1884 2762 2018 2798 sen-

513 2821 668 2872 tiunt.

511 2930 657 2986 Satis
678 2928 898 2997 quidem
938 2926 1103 2981 habet
1125 2926 1347 2989 virium,
1376 2934 1436 2978 ut
1468 2935 1623 2996 puto,
1651 2927 1759 2982 into
1793 2943 1924 2982 vero
1958 2934 2019 2982 ut

439 3030 633 3076 natura
668 3020 834 3073 etiam
872 3018 1119 3072 veritatis
1144 3018 1328 3080 habet,
1364 3018 1447 3071 vel
1482 3017 1599 3087 ipsa
1625 3026 1729 3072 tute
1754 3020 2014 3073 sanctita-

442 3115 515 3168 tis
558 3112 835 3183 vigilantia
879 3120 1043 3179 atque
1083 3111 1376 3179 prudentia
1410 3110 1465 3163 in
1509 3112 1634 3174 hoc,
1681 3120 1741 3164 ut
1784 3112 2017 3165 viriliter

392 3234 393 3237 η
441 3203 736 3259 admodum
778 3202 935 3255 vanis
983 3200 1344 3270 quorumdam
1398 3202 1746 3270 nugamentis
1808 3209 2012 3255 certam

2125 2677 2242 2731 Τοῦ
2287 2677 2475 2749 αὐτοῦ
2523 2678 2674 2744 πρὸς
2711 2680 3114 2747 Οὐαλεριανὸν
3159 2682 3515 2749 ἐπίσκοπον,
3545 2687 3699 2741 κατὰ

2235 2770 2240 2775 -
2398 2746 2517 2801 τῶν
2545 2750 2619 2802 τὰ
2646 2746 2973 2817 Νεστορίου
3005 2754 3407 2819 φρονούντων.

2204 2926 2450 2998 Ἀπόχρη
2507 2930 2624 2998 μὲν,
2684 2930 2762 2992 ὡς
2809 2928 3117 2999 διάκειμαι,
3156 2930 3357 2999 μᾶλλον
3387 2932 3445 2982 δὲ
3495 2932 3588 2983 καὶ
3621 2932 3700 2995 ὡς

2122 3019 2236 3088 ἔχει
2261 3019 2478 3087 φύσεως
2506 3021 2567 3072 τὸ
2595 3019 2815 3091 ἀληθὲς,
2845 3021 2937 3074 καὶ
2960 3023 2994 3091 ἡ
3030 3021 3189 3090 νῆψις
3218 3022 3317 3090 τῆς
3353 3022 3453 3090 σῆς
3481 3023 3699 3093 ὁσιότη-

2120 3127 2231 3171 τος,
2265 3110 2345 3173 εἷς
2380 3127 2443 3178 γε
2489 3110 2551 3162 τὸ
2582 3109 2843 3163 δύνασθαι
2894 3111 2989 3164 καὶ
3038 3110 3185 3181 μάλα
3223 3110 3526 3177 νεανικῶς,
3574 3113 3703 3166 ἀντ-

2120 3202 2421 3270 αναστῆσαι
2448 3200 2508 3252 τὸ
2540 3200 2763 3270 ἀκριϐὲς
2792 3204 2909 3263 ταῖς
2942 3219 3103 3254 τινων
3130 3202 3548 3272 είκαιομυθίαις.
3575 3203 3668 3255 Ψυ

440 3296 728 3349 veritatem
766 3293 1006 3363 objiccre
1046 3300 1230 3361 queat.
1273 3290 1559 3360 Nugantur
1603 3291 1750 3345 enim
1796 3292 2014 3346 aniliter

2117 3287 2436 3359 χρολογοῦσι
2464 3289 2573 3359 γὰρ
2593 3292 2979 3360 γραοπρεπῶς,
3005 3291 3117 3344 ἄνω
3142 3309 3203 3344 τε
3220 3293 3318 3345 καὶ
3341 3292 3492 3344 κάτω
3523 3294 3703 3345 πάντα

442 3386 712 3449 nonnulli,
744 3384 902 3454 159
930 3384 1223 3452 omniaque
1260 3398 1477 3436 sursum
1514 3398 1578 3437 ac
1612 3383 1867 3437 deorsum
1894 3399 2016 3452 per-

441 3478 763 3539 miscentes,
821 3473 1091 3528 inearnati
1149 3473 1423 3543 Unig-eniti
1478 3474 1794 3544 mysterium
1855 3482 2016 3528 acute

440 3571 827 3639 subtiliterque
871 3568 1161 3638 exquirere
1208 3582 1265 3621 se
1312 3566 1574 3620 simulant
1615 3583 1628 3619 :
1678 3583 1788 3620 non
1832 3575 2017 3620 tamen

441 3662 576 3717 illud
624 3661 956 3731 intelligunt,
1004 3659 1099 3713 sed
1141 3658 1195 3711 in
1222 3656 1277 3711 id
1324 3656 1482 3712 facile
1528 3657 1827 3712 deﬂectunt
1868 3658 2016 3727 quod

442 3768 552 3807 non
581 3752 730 3815 licet,
762 3767 825 3806 ac
864 3764 1119 3820 perversa
1150 3748 1412 3802 sentiunt.
1443 3747 1712 3803 Caeterum
1739 3749 1884 3818 quod
1916 3750 2019 3805 hac

444 3846 500 3897 in
540 3859 598 3898 re
642 3841 1165 3913 periculosissimum
1206 3848 1309 3904 est,
1349 3840 1481 3894 dum
1520 3856 1579 3895 se
1624 3849 1772 3894 recte
1811 3844 2017 3895 sentire

442 3932 583 3987 velle
606 3932 838 4003 tingunt,
865 3931 1107 3999 dumque
1130 3930 1465 3999 opinionem,
1490 3931 1644 3999 quasi
1673 3930 1726 3983 in
1752 3946 1873 3985 eam
1903 3948 2015 3985 rem

443 4023 556 4078 sint
598 4023 878 4093 propensi,
918 4023 1071 4077 velut
1114 4036 1411 4090 personam
1448 4022 1739 4090 quamdam
1774 4023 1877 4076 sibi
1908 4024 2019 4077 cir-

444 4114 829 4185 cumponendo
865 4114 1180 4175 conciliant,
1219 4112 1558 4167 Nestorianaz
1596 4113 1891 4182 impietatis
1928 4131 2020 4168 ve-

444 4222 649 4261 nenum
696 4205 1028 4274 simplicium
1068 4205 1266 4260 animis
1306 4204 1621 4259 infundunt.
1664 4205 1803 4259 Sunt
1835 4220 2017 4261 autem

443 4298 697 4352 homines
728 4296 1036 4351 istiusmodi
1069 4295 1435 4349 humanorum
1467 4311 1758 4365 corporum
1794 4298 2020 4351 medicis

442 4404 554 4443 non
587 4387 884 4442 absimiles.
922 4386 987 4441 Hi
1026 4387 1173 4441 enim
1213 4386 1522 4456 pharmaeis
1561 4388 1883 4442 insuavibus
1912 4389 2017 4441 mel

442 4478 752 4534 immiscere
797 4478 1012 4541 solent,
1068 4484 1131 4531 ut
1174 4476 1480 4530 dulcedinis
1522 4477 1785 4546 qualitate
1822 4491 2018 4530 eorum

440 4570 631 4626 fallant
672 4570 1099 4640 perceptionem,
1125 4584 1247 4639 qua:
1277 4577 1468 4638 suapte
1504 4578 1697 4621 natura
1740 4566 2018 4620 tristitiam

2116 3379 2413 3444 κυκῶντες,
2450 3381 2545 3433 καὶ
2597 3382 3049 3452 προσποιούμενοι
3102 3383 3200 3452 μὲν
3234 3383 3702 3454 περιεργάζεσθαι

2114 3470 2328 3535 λεπτῶς
2371 3473 2471 3543 τῆς
2520 3471 2988 3544 ένανθρωπήσεως
3028 3473 3123 3526 τοῦ
3184 3475 3544 3541 Μονογενοῦς,
3605 3474 3704 3529 καὶ

2116 3563 2346 3633 Κυρίου,
2396 3563 2460 3615 τὸ
2520 3564 2839 3635 μυστήριον,
2889 3564 2950 3617 οὐ
3003 3564 3109 3635 μὴν
3138 3564 3139 3567 “
3170 3563 3248 3617 ἔτι
3280 3566 3374 3619 καὶ
3428 3566 3703 3629 συνιέντες

2116 3656 2267 3721 αὐτὸ,
2296 3656 2775 3727 παρατρεπόμενοι
2818 3657 2897 3720 δὲ,
2936 3656 3034 3710 καὶ
3064 3654 3222 3710 τοῦτο
3254 3658 3519 3720 εὐκόλως,
3558 3658 3703 3728 πρὸς

2114 3744 2151 3797 ἃ
2190 3744 2264 3815 μὴ
2309 3744 2488 3814 θέμις,
2520 3747 2614 3799 καὶ
2644 3746 2972 3817 φρονοῦντες
3029 3746 3102 3799 τὰ
3148 3747 3587 3818 διεστραμμένα.
3626 3751 3706 3803 Τὸ

2116 3834 2173 3887 δέ
2204 3852 2267 3903 γε
2301 3835 2651 3905 παγχάλεπον
2682 3835 2860 3887 ἐκεῖνὸ
2874 3837 3037 3888 *ἐστιν
3060 3837 3118 3887 ἐν
3150 3835 3393 3899 τούτοις⁵
3419 3838 3705 3893 ὑποπλατ-

2116 3944 2302 3979 τονται
2350 3926 2449 3996 μὲν
2487 3927 2596 3996 γὰρ
2623 3927 2691 3979 τὰ
2716 3927 2852 3997 ὀρθὰ
2876 3927 3161 3996 βούλεσθαι
3206 3930 3445 3995 φρονεῖν,
3483 3930 3579 3982 καὶ
3612 3931 3702 3984 δό-

2116 4034 2278 4087 κησιν
2307 4018 2519 4080 ἑαυτοῖς
2545 4018 2645 4087 τῆς
2660 4019 2740 4081 είς
2764 4016 2924 4071 τοῦτο
2945 4018 3139 4087 ῥοπῆς,
3165 4019 3419 4091 καθάπερ
3457 4040 3510 4074 τι
3530 4040 3703 4093 προσ-

2116 4113 2318 4163 ωπεῖον
2389 4111 2814 4181 ὲναρμόσαντες,
2861 4111 2953 4163 τὸν
3001 4112 3098 4179 τῆς
3160 4112 3453 4182 Νεστορίου
3509 4114 3704 4167 δυσσε-

2118 4203 2272 4265 ϐείας
2323 4203 2399 4255 ἰὸν
2433 4203 2686 4273 ἐκχέουσι
2735 4206 2854 4267 ταῖς
2892 4204 3000 4256 τῶν
3044 4204 3427 4275 ἁπλουστέρων
3470 4205 3698 4275 ψυχαῖς.

2128 4293 2367 4347 Ἐοίκασι
2418 4294 2476 4346 δέ
2521 4311 2637 4358 πως
2689 4298 2803 4357 τοῖς
2846 4294 2956 4347 τῶν
3014 4295 3371 4364 ἀνθρωπίνων
3426 4296 3703 4364 σωμάτων

2117 4384 2398 4448 ἀκεσταῖς,
2433 4384 2603 4454 ἤγουν
2636 4386 2860 4454 ἰατροῖς,
2891 4385 2940 4437 οἳ
2986 4387 3097 4445 τοῖς
3127 4383 3238 4437 τῶν
3261 4385 3569 4455 φαρμάκων
3599 4387 3702 4455 οὐχ

2118 4477 2271 4546 ἡδέσι
2298 4477 2358 4529 τὸ
2388 4476 2561 4545 γλυκὺ
2591 4477 2996 4547 προσπλέκοοσι
3034 4477 3178 4546 μέλι,
3212 4478 3287 4555 τῇ
3310 4477 3403 4529 τοῦ
3450 4478 3700 4546 χρηστοῦ

2122 4566 2387 4636 ποιότητι,
2421 4564 2515 4619 τοῦ
2566 4567 2870 4633 πεφυκότος
2916 4565 3106 4617 λυπεῖν
3151 4566 3249 4635 τὴν
3283 4566 3534 4637 αἴσθησιν
3561 4566 3704 4619 ὑπο-

443 4677 813 4734 nauseamque
843 4661 1129 4715 inducunt.
1155 4660 1223 4714 At
1246 4676 1346 4713 nos
1367 4658 1566 4714 Christi
1596 4674 1839 4719 sensum,
1862 4659 2014 4728 juxta

2121 4658 2465 4721 κλέπτοντες.
2507 4658 2648 4711 Ἀλλ’
2674 4658 2733 4711 οὐ
2767 4657 2873 4729 γὰρ
2894 4658 3075 4712 αὐτῶν
3108 4658 3176 4713 τὰ
3196 4660 3445 4728 νοήματα
3471 4658 3703 4726 ἀγνοοῦ-

438 4752 707 4822 sapientis
750 4751 902 4805 Pauli
944 4749 1401 4819 sapientissimam
1450 4747 1779 4802 sententiam
1812 4747 1880 4811 ⁸⁰,
1923 4748 2017 4801 ha-

442 4842 658 4904 bentes,
679 4856 871 4896 eorum
900 4840 1258 4911 cogitationes
1281 4854 1391 4893 non
1422 4839 1756 4909 ignoramus.
1781 4837 1836 4892 Si
1868 4839 2016 4908 quis-

442 4929 589 5000 piam
628 4931 774 4984 enim
816 4930 1156 5000 unigenitum
1201 4928 1297 4983 Dei
1340 4928 1599 4993 Verbum,
1626 4929 1772 4998 quod
1815 4945 2015 4984 arcano

441 5021 922 5092 inexplicabilique
972 5021 1134 5077 modo
1182 5036 1248 5075 ex
1308 5021 1417 5075 Deo
1470 5028 1527 5075 et
1573 5021 1732 5075 Patre
1770 5022 2013 5091 genitum

438 5122 527 5169 est
552 5114 619 5180 ",
661 5113 1016 5185 ipsorumque
1064 5113 1385 5168 saeculorum
1433 5113 1706 5176 conditor,
1751 5128 1818 5167 ex
1864 5128 2015 5167 sacra

443 5204 665 5275 Virgine
698 5206 1067 5261 subsistentia:
1113 5205 1331 5260 initium
1369 5205 1625 5259 habuisse
1663 5204 1892 5266 diceret,
1930 5204 2015 5257 vi-

440 5292 669 5347 deretur
704 5311 812 5349 non
848 5303 1000 5349 extra
1030 5309 1253 5365 scopum
1287 5294 1511 5348 tendere
1553 5293 1699 5363 quod
1743 5301 2012 5348 asserunt.

444 5382 501 5435 Si
528 5382 621 5435 Dei
647 5384 885 5439 Verbum
913 5394 1105 5455 suapte
1130 5396 1325 5440 natura
1359 5384 1587 5455 spiritus
1610 5393 1714 5449 est,
1740 5384 2015 5454 quomodo

442 5489 510 5528 ex
536 5492 696 5531 carne
736 5488 923 5533 natum
957 5492 1062 5547 est,
1092 5483 1239 5552 quod
1274 5486 1538 5540 Dominus
1566 5483 1710 5539 dicat
1744 5502 1755 5535 :
1802 5502 1819 5534 ι
1856 5481 2011 5549 Quod

556 5651 599 5683 ”
630 5650 802 5709 lCor.
830 5670 889 5720 ιι,
929 5656 1013 5711 l6.
1126 5659 1166 5690 ⁵¹
1193 5660 1332 5717 lbid.
1364 5663 1413 5717 7.

2127 4764 2246 4817 μεν,
2271 4746 2395 4799 νοῦν
2428 4746 2646 4816 ἔχοντες
2678 4745 2933 4816 Χριστοῦ,
2963 4745 3104 4798 κατὰ
3154 4744 3247 4797 τὸν
3282 4744 3576 4812 σοφώτατα
3623 4747 3702 4797 εί-

2123 4838 2292 4890 πόντα
2345 4836 2620 4905 πάνσοφον
2671 4834 2901 4888 Παῦλον.
2940 4836 3001 4887 Εἰ
3035 4836 3134 4904 μὲν
3162 4834 3268 4904 γὰρ
3304 4830 3372 4904 ἦν
3408 4851 3493 4896 τις
3537 4837 3566 4888 6
3612 4835 3701 4889 λέ-

2122 4945 2255 4996 γων,
2287 4928 2364 4990 ὡς
2402 4929 2430 4981 6
2462 4928 2529 4981 ἐκ
2573 4925 2711 4979 Θεοῦ
2772 4927 2986 4995 Πατρὺς
3028 4926 3356 4998 ἀπορῤήτως
3411 4927 3699 4997 γεννηθεὶς

2124 5021 2420 5092 μονογενὴς
2463 5021 2598 5084 Θεὸς
2638 5020 2830 5087 Λόγος,
2863 5020 2891 5071 6
2926 5018 3020 5071 καὶ
3074 5020 3253 5071 αὐτῶν
3321 5018 3432 5071 τῶν
3484 5017 3701 5072 αἰώνων

2122 5113 2372 5184 ποιητὴς,
2402 5112 2577 5182 ἀρχὴν
2620 5110 2908 5182 ὑπάρξεως
2950 5110 3111 5181 ἔσχεν
3138 5112 3202 5163 ἐκ
3234 5110 3331 5179 τῆς
3356 5109 3517 5177 ἁγίας
3546 5108 3703 5179 Παρ-

2122 5205 2298 5267 θένου,
2327 5203 2503 5268 ἔδοξεν
2529 5201 2593 5255 ἂν
2630 5202 2815 5264 αὐτοῖς
2838 5200 2939 5253 οὐκ
2968 5200 3073 5265 ἔξω
3108 5200 3372 5271 φέρεσθαι
3403 5196 3608 5251 σκοποῦ
3637 5197 3701 5250 τὸ

2118 5296 2316 5366 χρῆναι
2348 5294 2555 5362 λέγειν·
2590 5294 2649 5345 Εἰ
2678 5292 2898 5362 πνεῦμα
2931 5293 3074 5345 κατὰ
3106 5291 3269 5359 φύσιν
3319 5291 3465 5343 ἐστὶν
3516 5292 3545 5342 6
3600 5289 3699 5343 τοῦ

2118 5387 2254 5441 Θεοῦ
2286 5387 2477 5454 Λόγος,
2511 5384 2626 5448 πῶς
2667 5383 2731 5438 ἂν
2757 5384 2864 5437 ἀπὸ
2891 5385 3089 5453 σαρκὸς
3118 5384 3412 5455 ἐγεννήθη,
3449 5381 3544 5434 τοῦ
3584 5384 3699 5435 Ku-

2120 5480 2235 5550 ρίου
2278 5478 2557 5546 λέγοντος·
2598 5496 2616 5528 ι
2641 5476 2715 5529 Τὸ
2753 5475 3151 5546 γεγεννημένον
3198 5478 3261 5529 ἐκ
3319 5475 3421 5543 τῆς
3468 5473 3696 5544 σαρκὸς,
