4044 6212
347 365 467 426 257
1783 377 1932 435 Εριε

2031 378 2118 437 LA
2152 380 2216 437 Ι..
3500 389 3611 450 258

352 484 501 555 σὰρξ
531 485 709 550 iactv;
744 503 769 538 ο
817 468 1036 559 Ἐπειδὴ
1068 487 1214 545 διὸ
1255 488 1352 543 τοῦ
1382 489 1527 546 κατὰ
1563 492 1801 562 Χριστὸν
1829 511 1932 566 μυ-

2032 502 2224 552 natum
2246 507 2332 553 est
2357 514 2424 554 ex
2447 513 2635 565 carne,
2660 513 2788 555 caro
2817 511 2904 561 est
2927 500 3011 556 "i
3045 520 3064 553 ι
3097 504 3169 557 At
3197 502 3327 573 quia
3355 502 3610 562 doctrina

351 578 583 647 στηρίου
610 576 767 645 λόγος
796 578 994 652 ἑτέραν
1020 576 1201 650 οἷμον,
1234 580 1523 652 morosa»,
1572 582 1790 655 ἔρχεται
1829 585 1932 658 τὴν

2039 586 2108 642 de
2132 587 2337 644 Christi
2366 589 2626 660 mysterio
2659 590 2765 645 alia
2803 590 3009 647 incedit
3033 592 3141 658 via,
3169 593 3427 649 nimirum
3457 606 3610 653 recta

351 671 438 730 ei;
472 667 597 720 εὐθύ
639 669 827 721 τεκαὶ
863 669 1100 740 ἀπλανῆ,
1126 670 1225 725 καὶ
1264 671 1419 726 οὐδὲν
1459 672 1691 744 ἔχουσαν
1724 675 1785 729 τὸ
1811 675 1931 731 διά-

350 772 609 826 στροφον,
638 758 760 811 ἀνθ’
782 759 910 813 ὅτου
934 760 1352 831 βαττολογοῦσιν
1398 764 1543 834 είκῆ,
1588 783 1607 815 ι
1634 763 1727 837 Μὴ
1748 766 1929 821 νοοῦν⁶

341 957 471 1004 ταις
498 960 518 990 ι
549 942 735 1010 Φαμὲν
760 943 870 1013 γὰρ
893 944 975 998 ὅτι
1019 946 1049 999 ὁ
1095 946 1390 1018 μονογενὴς
1431 947 1526 1001 τοῦ
1571 948 1707 1004 Θεοῦ
1734 951 1926 1020 Λόγος,

345 1031 579 1101 πνεῦμα
608 1033 688 1085 ὣν
718 1035 794 1097 ῶς
840 1033 995 1096 Θεὸς,
1024 1036 1166 1088 κατά
1192 1035 1293 1099 τὰς
1328 1036 1570 1107 Γραφὰς,
1615 1039 1709 1092 ἐπὶ
1752 1057 1930 1112 σωτηε-

342 1123 444 1195 ρξᾳ
470 1122 585 1175 τῶν
624 1122 977 1194 ἀνθρώπωνιι
1007 1124 1299 1197 ἐσαρκώθη
1346 1143 1407 1180 τε
1438 1129 1532 1183 καὶ
1572 1129 1929 1203 ὲνηνθρώπη-

346 1234 467 1279 cev,
491 1214 597 1268 οὐκ
638 1215 703 1268 ἐκ
746 1214 847 1285 τῆς
898 1214 1037 1279 ίδίας
1074 1216 1296 1285 φύσεως
1349 1218 1512 1284 αὐτὸς
1563 1221 1743 1293 ἑαυτῷ
1769 1223 1929 1294 σῶμα

347 1304 679 1375 meum»
698 1315 749 1367 τ.
805 1305 922 1359 ἀλλ’
973 1306 1097 1361 οὐδὲ
1156 1308 1357 1373 ἐκστὰς
1397 1310 1494 1364 τοῦ
1546 1307 1686 1366 εἶναι
1714 1309 1855 1386 δῆν,
1893 1316 1927 1387 ἢ

343 1396 584 1467 τροπὴν,
620 1395 657 1466 ἢ
678 1394 966 1450 ἀλλοίωσιν
1017 1397 1337 1469 ὑπομείνας,
1369 1399 1485 1454 ἀλλ’
1512 1402 1579 1456 ὲκ
1624 1404 1726 1474 τῆς
1765 1405 1929 1475 ἁγίας

345 1489 633 1560 Παρθένου
688 1489 753 1541 τὸ
804 1489 1076 1561 ἄχραντον
1132 1491 1292 1563 σῶμα
1339 1492 1521 1549 λαϐὼν
1572 1497 1929 1569 ἐψυχωμὲνον

343 1581 575 1651 νοεριῖκ,
614 1580 747 1635 ἴδιον
781 1582 1071 1653 ἀποφήνας
1129 1584 1264 1638 αὐτὸ
1314 1585 1439 1640 καθ’
1486 1587 1682 1641 ἕνωσιν
1733 1590 1929 1661 ἀπερι-

341 1675 562 1743 νόητον,
590 1674 687 1727 καὶ
726 1674 1059 1745 ἆσύγχυτον,
1086 1677 1182 1730 καὶ
1213 1678 1493 1748 ἄφραστον
1517 1680 1819 1746 παντελῶς,
1851 1681 1928 1746 ὼς

343 1763 426 1835 μὴ
460 1764 657 1835 ἑτέρου
711 1765 876 1831 τινὸς,
925 1765 1039 1820 ἀλλ’
1071 1766 1202 1821 ἴδιον
1258 1769 1426 1823 αὑτοῦ
1463 1770 1620 1824 τοῦτο
1661 1772 1922 1828 νοεῖσθαι.

2035 686 2092 733 et
2131 678 2339 734 erroris
2372 689 2619 748 experte,
2654 687 2711 734 et
2746 680 2885 735 nihil
2920 682 3298 751 perversitatis
3336 683 3608 753 habente;

2035 787 2135 826 cur
2171 773 2251 828 illi
2297 780 2502 828 temere
2545 774 2856 846 frustraque
2896 784 3196 846 nugantur,
3238 795 3257 828 ι
3288 777 3407 831 Non
3452 779 3612 834 intcl.

2036 861 2269 932 ligentes
2305 877 2484 932 neque
2523 878 2646 933 qua:
2685 862 2896 928 dicunt,
2936 879 3115 934 neque
3149 864 3217 921 de
3243 864 3612 935 quibumﬂir-

2037 961 2189 1008 mant
2221 954 2307 1007 "?
2339 974 2359 1005 ι
2408 953 2519 1009 Nos
2545 953 2713 1025 igitur
2745 954 2881 1009 illud
2907 954 3087 1025 ipsum
3128 954 3469 1026 unigenitum
3511 958 3609 1013 Dei

2037 1047 2297 1112 Verbum,
2324 1046 2473 1116 quod
2511 1046 2739 1116 spiritus
2759 1053 2861 1110 est,
2888 1054 3077 1116 utpote
3110 1047 3277 1114 Deus,
3304 1050 3607 1104 secundum

2036 1137 2349 1207 Scripturas
2369 1137 2438 1202 “,
2464 1137 2749 1192 hominum
2777 1138 2975 1193 salutis
3000 1154 3163 1195 causa
3187 1139 3530 1195 incarnatum
3552 1150 3610 1197 et

2035 1228 2315 1283 hominem
2351 1228 2554 1283 factum
2585 1228 2884 1284 asserimus
2914 1247 2928 1283 :
2954 1245 3066 1284 non
3104 1230 3251 1299 quod
3284 1245 3349 1286 ex
3384 1232 3609 1301 propria

2033 1330 2233 1375 natura
2270 1334 2472 1389 corpus
2510 1319 2616 1374 sibi
2657 1321 3124 1385 transmutaverit,
3143 1329 3238 1376 aut
3266 1322 3335 1377 ab
3364 1339 3431 1378 eo
3459 1324 3609 1394 quod

2032 1423 2173 1477 erat,
2196 1411 2547 1477 abscesserit,
2576 1419 2673 1467 aut
2708 1412 3125 1468 wnversionem
3157 1414 3610 1471 alterationemve

2033 1500 2362 1556 sustinuerit
2388 1518 2403 1556 :
2431 1500 2526 1557 sed
2552 1500 2700 1571 quod
2729 1516 2798 1556 ex
2821 1509 3010 1558 sancta
3038 1503 3259 1575 Virgine
3283 1519 3484 1576 corpus
3508 1506 3610 1562 im-

2033 1592 2367 1647 maculatum
2407 1592 2769 1662 assumpserit
2816 1593 3145 1664 intelligenti
3189 1596 3370 1651 anima
3411 1599 3611 1668 praedi-

2034 1692 2173 1749 tum,
2205 1691 2264 1740 et
2315 1683 2450 1738 illud
2499 1684 3045 1755 ineomprehensibili
3097 1694 3156 1741 et
3207 1687 3493 1745 inconfusa
3543 1703 3610 1746 ac

2034 1776 2299 1834 ineffabili
2344 1792 2572 1848 prorsus
2624 1777 2828 1833 unione
2880 1794 3042 1834 suum
3088 1778 3357 1844 effecerit,
3390 1787 3454 1834 ut
3494 1795 3609 1836 non

338 1856 539 1919 υῦτως
589 1857 842 1928 είσῆλθεν
889 1860 969 1923 είς
1031 1859 1123 1914 τὸν
1179 1862 1386 1933 κόσμον
1432 1863 1463 1916 ό
1494 1864 1830 1937 Μονογενὴς,
1853 1865 1930 1931 ὡς

2031 1868 2262 1923 alterius
2293 1867 2621 1939 cuiuspiam,
2651 1867 2745 1923 sed
2778 1883 2941 1924 suum
2973 1867 3148 1938 ipsius
3172 1868 3458 1939 proprium
3485 1883 3610 1927 esse

338 1947 698 2019 πρωτότοκος
718 1965 734 1979 ο
791 1949 889 2004 καὶ
939 1951 1001 2003 ἐν
1052 1951 1269 2017 πολλοῖς
1320 1953 1546 2022 γέγονεν
1605 1954 1875 2026 ἀδελφοῖς,
1899 1957 1931 2010 ὸ

337 2035 687 2101 ἀσύντακτος
738 2042 807 2110 τῇ
858 2039 1056 2106 κτίσει,
1107 2041 1245 2095 καθὸ
1300 2045 1504 2097 νοεῖται
1554 2042 1706 2109 Θεός.
1762 2046 1931 2101 Ὅταν

338 2130 528 2183 τοίνυν
556 2130 923 2201 γεγεννῆσθαι
962 2132 1213 2202 λέγηται,
1243 2135 1338 2190 καὶ
1366 2136 1431 2189 ὲκ
1459 2137 1735 2205 γυναικὸς,
1754 2138 1929 2207 ἀναγ-

336 2222 522 2286 καίως
541 2222 607 2275 τὸ
625 2223 769 2277 κατὰ
789 2223 970 2296 σάρκα
995 2227 1466 2299 προσεπιφέρεται
1483 2246 1497 2259 ·
1533 2229 1623 2284 ῖνα
1654 2230 1732 2301 μὴ
1754 2230 1932 2303 ὑπάρ-

338 2313 485 2378 ξεως
535 2313 715 2385 ἀρχὴν
755 2316 927 2369 νοοῖτο
967 2313 1148 2369 λασὼν
1185 2317 1251 2371 ἐκ
1290 2318 1394 2388 τῆς
1427 2318 1591 2387 ἁγίας
1627 2319 1928 2391 Παρθένου.

342 2405 541 2460 Καίτοι
565 2406 675 2477 πρὸ
710 2406 912 2471 παντὸς
943 2407 1208 2479 ὑπάρχων
1249 2409 1446 2473 αἰῶνος
1468 2412 1497 2464 ό
1522 2411 1793 2475 συναῖδιος
1836 2412 1932 2466 καὶ

340 2499 428 2550 ἀεὶ
448 2497 880 2569 συνυφεστηκὼς
905 2497 986 2570 τῷ
1027 2500 1146 2571 ίδίῳ
1181 2501 1361 2573 Πατρὶ
1393 2501 1526 2566 Θεὸς
1574 2503 1746 2572 Λόγος
1768 2518 1784 2535 ⁸
1814 2503 1928 2558 ἀλλ’

337 2594 429 2646 ὅτε
454 2593 582 2646 κατ’
603 2591 857 2648 εὐδοκίαν
880 2592 976 2647 τοῦ
1006 2593 1218 2664 Πατρὸς
1245 2594 1347 2663 τὴν
1372 2591 1469 2648 τοῦ
1499 2593 1686 2648 δούλου
1716 2595 1930 2668 μορφὴν

340 2683 581 2755 ἠθέλησε
612 2683 820 2748 λαϐεῖν,
844 2685 979 2738 ’τότε
1010 2684 1105 2738 καὶ
1136 2684 1393 2748 ἁπόσεξιν
1440 2685 1540 2755 τὴν
1579 2686 1645 2739 ἐκ
1671 2686 1930 2753 γυναικὸς

342 2774 490 2830 κατὰ
528 2774 715 2844 σάρκα
758 2774 879 2846 μεθ’
905 2775 1066 2847 ἡμῶν
1107 2776 1401 2845 ὑπομεῖναι
1448 2774 1685 2845 λέγεται.
1720 2775 1932 2831 Οὐκοῦν

340 2867 794 2937 ὁμολογουμένως
824 2867 922 2937 μὲν
954 2866 1017 2920 τὸ
1056 2866 1164 2920 ἀπὸ
1208 2864 1413 2937 σαρκός
1443 2866 1581 2939 σάρξ
1610 2869 1748 2934 ἐστι,
1781 2867 1842 2922 τὸ
1874 2868 1943 2929 δὲ,

339 2961 407 3013 ἐκ
434 2957 578 3011 Θεοῦ
632 2958 787 3021 Θεὸς.
826 2958 982 3011 Ἐστι
1041 2958 1100 3012 δὲ
1150 2958 1335 3012 ιιατὰιι
1387 2959 1587 3013 ταυτὸν
1643 2957 1933 3030 ἀμφότερα

339 3051 605 3122 Χριστὸς,
659 3044 744 3114 εἷς
789 3048 867 3104 ὢν
916 3050 1066 3114 Υἱὸς,
1093 3049 1193 3104 καὶ
1234 3049 1441 3121 Κύριος
1490 3049 1633 3120 μετὰ
1661 3050 1763 3122 τῆς
1795 3050 1932 3114 ἰδίας

340 3144 554 3215 σαρκὸς
603 3142 793 3206 αὐτοῦ,
845 3146 949 3196 οὺκ
990 3140 1200 3214 ἀψύχου
1255 3142 1477 3213 μᾶλλον,
1506 3143 1583 3207 ὡς
1633 3141 1793 3214 ἔφην,
1817 3141 1931 3196 ἀλλ’

338 3212 704 3304 ὲψῦχωμὲνης
728 3232 950 3303 νοερῶς.
983 3233 1075 3304 Μὴ
1106 3212 1290 3288 τοίνυν
1338 3212 1772 3305 δωτεμνὲτωσαν
1800 3234 1932 3306 ἡμῖν
1959 3212 2001 3268 C

338 3327 443 3379 τὸν
482 3326 584 3378 ἕνα
614 3324 753 3390 Υἱὸν,
794 3324 903 3379 ἀνὰ
938 3324 1106 3396 μέρος
1157 3326 1405 3389 ἱστάντες
1437 3325 1531 3379 τὸν
1553 3334 1583 3375 1
1613 3326 1808 3395 Λόγον,
1840 3325 1935 3380 καὶ

344 3418 490 3471 Υξὸν
512 3417 694 3488 ἕτερον
725 3416 973 3481 ἰδικῶτες
993 3421 1034 3484 ⁶,
1057 3418 1154 3473 καὶ
1190 3418 1298 3473 ἀνὰ
1326 3420 1491 3491 μέρος
1522 3417 1814 3489 ἄνθρωπον
1842 3417 1935 3472 τὸν

342 3513 412 3565 ὲκ
441 3510 725 3578 γυναικὸς,
750 3510 897 3566 καθά
916 3527 1085 3581 φασιν
1102 3510 1258 3564 αὐτοί
1273 3526 1291 3541 θ
1310 3509 1426 3564 ἀλλ’
1446 3510 1825 3574 ἐννοείτωσαν,
1848 3510 1934 3565 ὅτι

338 3604 440 3656 οὐκ
474 3600 752 3672 ἀνθρώπῳ
798 3600 1048 3673 συνήφθη
1094 3600 1295 3671 μᾶλλον
1334 3602 1365 3655 ό
1399 3600 1533 3666 Θεὸς
1575 3600 1770 3670 Λόγος,
1816 3599 1933 3655 ἀλλ’

339 3695 509 3757 αὑτὸς
593 3693 884 3764 ἄνθρωπος
968 3691 1224 3762 γενέσθαι
1289 3692 1508 3763 λέγεται
1528 3733 1544 3758 ,
1622 3693 1935 3765 σπέρματος

353 3785 611 3855 Ἀϐραὰμ
630 3783 1050 3855 ἐπιλαϐόμενος,
1074 3784 1215 3839 κατὰ
1236 3783 1337 3848 τὰς
1358 3784 1602 3857 Γραφὰς,
1629 3785 1723 3839 καὶ
1737 3787 1934 3856 ὁμοιω-

342 3877 458 3941 θεὶς
510 3875 661 3930 κατὰ
713 3876 896 3931 πάντα
930 3877 1044 3941 τοῖς
1075 3876 1347 3946 ἀδελφοῖς,
1378 3877 1503 3949 δίχα
1539 3878 1706 3949 μόνης
1746 3878 1932 3948 ἁμαρ-

346 3970 487 4033 τίας.
531 3968 603 4022 Ἠ
644 3968 708 4023 δὲ
752 3969 992 4033 εἰσάπαν
1022 3968 1284 4039 ὁμοίωσις
1306 3968 1421 4040 ἔχοι
1456 3967 1523 4022 ἂν
1558 3968 1806 4032 εἰκότως,
1838 3966 1934 4021 καὶ

348 4060 453 4129 πρό
500 4075 566 4127 γε
621 4058 733 4111 τῶν
787 4057 988 4123 ἄλλων,
1016 4057 1116 4129 τὴν
1158 4059 1225 4111 ὲκ
1266 4057 1521 4126 γυναικὸς
1570 4056 1860 4123 ἀπότεξιν·
1895 4054 1932 4127 ἢ

346 4153 550 4204 νοεῖται
596 4150 698 4220 μὲν
729 4150 817 4218 ἐφ’
866 4149 1024 4221 ἡμῶν
1067 4147 1448 4220 ἀνθρωπίνως,
1482 4149 1576 4203 καὶ
1605 4147 1726 4202 καθ’
1758 4149 1928 4219 ἡμᾶς,

351 4242 443 4295 ἐπὶ
476 4241 537 4295 δέ
565 4258 633 4309 γε
667 4241 765 4295 τοῦ
813 4240 1155 4310 Μονογενοῦς
1182 4241 1327 4314 ὑπὲρ
1348 4240 1539 4295 τοῦτο·
1565 4241 1698 4305 Θεὸς
1725 4240 1835 4313 γὰρ
1862 4235 1931 4312 ἦν

349 4336 742 4407 σσρκούμενος.
770 4334 1059 4405 Τοιγάρτοι
1082 4334 1177 4388 καὶ
1196 4334 1455 4398 Θιοτόκος
1483 4335 1729 4389 καλεῖται
1747 4336 1782 4406 ἡ
1798 4334 1932 4402 ἁγία

2031 1955 2390 2027 intelligatur».
2417 1956 2499 2011 Ad
2528 1956 2679 2027 hunc
2709 1957 2896 2028 itaque
2922 1957 3148 2013 modum
3174 1958 3490 2030 unigenitus
3510 1959 3609 2015 Dei

2030 2046 2204 2103 Filius
2240 2046 2298 2102 in
2337 2046 2530 2103 orbem
2570 2055 2842 2103 terrarum
2873 2047 3171 2119 ingressus,
3200 2056 3460 2119 tanquam
3492 2050 3608 2119 pri-

2028 2138 2342 2209 mogenitus
2367 2147 2426 2193 et
2456 2138 2513 2193 in
2542 2137 2733 2193 multis
2764 2137 3031 2193 fratribus
3060 2121 3165 2193 fuit
3189 2138 3270 2205 ";
3294 2139 3391 2209 qui
3424 2146 3609 2196 tamen

2028 2243 2137 2299 qua
2159 2229 2306 2286 Deus
2331 2230 2658 2303 intelligitur
2686 2230 2829 2285 inter
2852 2239 3137 2286 creaturas
3158 2230 3385 2286 minime
3413 2246 3608 2287 cense-

2031 2328 2139 2375 tur.
2173 2319 2353 2387 Quare
2391 2335 2517 2376 cum
2551 2320 2756 2376 dicitur
2781 2330 2944 2376 natus
2973 2328 3029 2375 et
3062 2335 3132 2376 ex
3152 2321 3384 2377 muliere
3414 2321 3482 2387 “,
3506 2337 3607 2376 ne-

2028 2412 2268 2467 cessario
2298 2413 2603 2468 secundum
2628 2428 2849 2468 carnem
2882 2413 3041 2485 160
3068 2412 3234 2467 simul
3260 2411 3514 2476 infertur,
3540 2427 3611 2468 ne

2029 2516 2061 2556 a
2086 2511 2274 2557 sancta
2294 2502 2518 2573 Virgine
2542 2502 2880 2559 subsistendi
2905 2502 3124 2558 initium
3152 2502 3429 2574 accepisse
3451 2502 3608 2572 quis-

2030 2595 2175 2663 piam
2229 2602 2405 2665 putet.
2453 2594 2713 2663 Quamvis
2764 2595 2911 2650 enim
2958 2602 3087 2650 ante
3134 2609 3297 2651 omne
3347 2594 3609 2649 saeculum

2028 2685 2259 2741 exsistat
2283 2686 2375 2742 ille
2394 2686 2542 2742 Deus
2562 2687 2804 2742 Verbum
2825 2687 2971 2742 Patri
2994 2701 3096 2742 suo
3117 2673 3443 2752 coaeternus,
3467 2703 3612 2742 sem-

2031 2793 2131 2848 per
2166 2792 2292 2833 cum
2337 2779 2435 2834 illo
2477 2779 2643 2834 simul
2687 2778 3032 2844 subsistens,
3102 2785 3342 2835 attamen
3390 2778 3609 2849 quando

2030 2869 2277 2941 ejusdem
2325 2869 2421 2925 Dei
2464 2870 2644 2926 Patris
2690 2869 3038 2940 beneplacito
3079 2870 3334 2925 servilem
3375 2868 3610 2926 formam

2031 2976 2312 3017 assumere
2333 2960 2511 3017 voluit
2531 2961 2598 3027 5’,
2627 2968 2762 3016 tunc
2792 2961 3137 3017 nativitatem
3159 2974 3379 3030 quoque
3409 2975 3611 3015 secun-

2031 3052 2164 3108 dum
2196 3068 2418 3109 carnem
2447 3068 2517 3109 ex
2543 3053 2774 3113 muliere
2804 3051 3093 3106 nobiscum
3119 3050 3353 3106 subiisse
3383 3050 3609 3107 dicitur.

2032 3142 2399 3211 Quamobrem
2425 3144 2572 3215 quod
2596 3160 2664 3201 ex
2699 3157 2866 3199 carne
2890 3140 3120 3213 prodiit,
3145 3142 3198 3197 id
3225 3142 3364 3198 citra
3391 3157 3611 3200 omnem

2035 3236 2466 3291 controversiam
2489 3251 2619 3291 caro
2644 3244 2761 3301 est;
2796 3243 2855 3291 et
2890 3233 3039 3306 quod
3070 3248 3138 3290 ex
3164 3234 3278 3290 Deo
3321 3235 3486 3291 Deus.
3513 3235 3611 3291 Est

2032 3333 2218 3383 autem
2241 3327 2406 3383 simul
2430 3328 2594 3384 ambo
2623 3327 2897 3391 Christus,
2925 3341 3052 3382 cum
3081 3340 3228 3381 unus
3253 3325 3326 3382 sit
3350 3325 3524 3383 Filius
3551 3312 3616 3383 et

2032 3417 2299 3473 Dominus
2327 3433 2437 3473 una
2468 3433 2595 3475 cum
2626 3433 2725 3473 sua
2757 3432 2944 3483 carne,
2965 3431 3079 3474 non
3101 3414 3353 3481 inanimi,
3378 3422 3438 3469 ut
3471 3414 3606 3479 dixi,

2031 3508 2128 3564 sed
2150 3508 2333 3564 anima
2355 3508 2694 3579 intelligente
2718 3507 2970 3579 pnedita.
2994 3506 3077 3564 Ne
3095 3522 3229 3576 ergo
3251 3505 3413 3560 nobis
3439 3521 3609 3559 unum

2031 3599 2237 3656 Filium
2281 3598 2558 3664 dividunt,
2605 3613 2856 3655 seorsum
2895 3597 3139 3654 Verbum
3184 3603 3515 3660 statuentes,
3552 3606 3609 3654 et

2030 3690 2265 3747 alterum
2297 3705 2490 3746 rursus
2521 3689 2698 3745 filium
2729 3688 2980 3755 seei-sim,
3013 3687 3292 3744 hominem
3325 3687 3478 3742 illum
3513 3688 3610 3758 qui

2030 3791 2115 3836 ex‘
2138 3780 2372 3836 muliere
2415 3789 2578 3836 natus
2611 3789 2720 3846 est,
2759 3788 2821 3835 ut
2855 3780 2959 3850 ipsi
2991 3778 3148 3834 aiunt
3181 3796 3195 3831 :
3233 3778 3330 3835 sed
3368 3780 3610 3851 cogitent

2031 3873 2205 3928 Deum
2242 3871 2485 3927 Verbum
2526 3887 2641 3928 non
2687 3871 2900 3927 homini
2945 3871 3302 3942 coniunctum
3337 3885 3480 3936 esse,
3513 3871 3609 3931 sed

2033 3960 2211 4032 ipsum
2250 3960 2360 4016 dici
2398 3960 2677 4017 hominem
2708 3976 2831 4017 esse
2861 3960 3089 4024 factum,
3119 3959 3328 4017 semine
3353 3960 3608 4024 Abrahae,
3692 4009 3697 4014 .

2025 4055 2179 4126 juxta
2216 4052 2619 4125 Scripturas",
2654 4054 3021 4127 apprehenso,
3059 4052 3455 4123 fratribusque,
3492 4054 3611 4109 solo

2031 4153 2258 4217 peccato
2295 4154 2544 4215 excepto,
2578 4160 2679 4215 per
2716 4144 2902 4200 omnia
2939 4143 3319 4200 assimilatum.
3353 4144 3479 4199 Haec
3508 4160 3609 4199 au-

2033 4246 2141 4294 tem
2160 4253 2260 4308 per
2276 4237 2461 4293 omnia
2481 4236 2807 4292 assimilatio
2829 4250 3173 4307 consequens
3192 4243 3279 4291 est
3306 4243 3366 4290 ut
3386 4234 3608 4300 habeat,

2029 4338 2087 4386 et
2103 4328 2328 4400 quidem
2349 4343 2463 4399 pra
2486 4327 2719 4393 caeteris,
2738 4336 2956 4399 partum
2978 4343 3047 4383 ex
3068 4326 3299 4383 muliere
3325 4344 3339 4379 :
3362 4326 3455 4396 qui
3486 4341 3611 4395 par-

348 4427 645 4500 ηαρθένος.
694 4425 820 4479 Ἐὰν
850 4424 908 4478 δὲ
947 4424 1200 4494 λέγωσιν,
1224 4426 1308 4480 ότι
1343 4425 1476 4490 Θεὸς
1522 4425 1619 4480 καὶ
1644 4425 1929 4498 ἄνθρωπος

2031 4431 2121 4479 tus
2153 4422 2209 4477 in
2238 4421 2402 4478 nobis
2428 4420 2651 4492 quidem
2682 4422 2924 4476 humano
2947 4434 3101 4475 more
3125 4420 3416 4490 cogitatur,
3437 4426 3493 4473 et
3519 4432 3608 4473 se-

345 4516 699 4579 συνελθόντες
729 4515 873 4569 κατὰ
912 4515 1133 4581 ταυτὸν,
1181 4517 1516 4571 ἀπετέλεσαν
1544 4518 1641 4572 ἕνα
1667 4519 1925 4590 Χριστὸν,

2031 4515 2274 4571 cundum
2306 4529 2438 4581 nos;
2470 4522 2526 4569 at
2559 4513 2615 4567 in
2648 4510 2962 4583 Unigenito,
3005 4525 3170 4580 supra
3205 4517 3455 4564 nostrum
3488 4523 3607 4563 mo-

344 4605 765 4678 φυλιττομένης
808 4605 1051 4676 δηλονότι
1101 4607 1205 4677 τῆς
1260 4608 1614 4672 ὑποστάσεως
1661 4608 1926 4680 ἐκατέρου

2034 4606 2164 4662 dum
2190 4624 2203 4659 :
2226 4606 2373 4660 Deus
2392 4618 2630 4674 namque
2652 4610 2737 4658 est
2760 4604 3092 4658 incarnatus.
3119 4600 3300 4668 Quare
3322 4601 3487 4655 etiam
3511 4600 3606 4656 Dei

342 4701 693 4772 ἀσυγχύτως,
726 4699 806 4769 τῷ
826 4699 885 4753 δὲ
914 4699 1058 4771 λόγῳ
1086 4701 1493 4774 διαιρουμένης,
1526 4703 1678 4771 οὐδὲν
1701 4702 1928 4775 ἀκριϐὲς

2034 4697 2283 4754 Genitrix
2320 4703 2550 4751 vocatur
2594 4703 2783 4750 sancta
2829 4694 3013 4765 Virgo.
3050 4691 3206 4758 Quod
3253 4694 3299 4746 si
3344 4690 3606 4756 dixerint,

344 4796 439 4847 ἐπὶ
479 4792 660 4865 τούτῳ
716 4792 1055 4864 φρονοῦντας
1116 4794 1151 4864 ἢ
1206 4794 1464 4863 λέγοντας
1511 4793 1722 4849 ἔνεστιν
1773 4794 1925 4850 [δεῖν.

2034 4791 2208 4846 Deum
2242 4798 2301 4846 et
2338 4788 2621 4844 hominem
2663 4786 2830 4841 simul
2872 4794 3136 4841 coeuntes
3178 4800 3349 4838 unum
3398 4783 3607 4839 consti-

347 4886 427 4938 0-5
454 4887 583 4955 γὰρ,
613 4886 758 4940 καθά
783 4903 937 4955 φασι,
976 4886 1107 4949 Θεὸς
1146 4887 1242 4942 καὶ
1269 4886 1557 4957 ἄνθρωπος
1583 4885 1926 4965 συνελθόντες

2035 4882 2205 4937 tuisse
2227 4880 2529 4942 Christum,
2559 4878 2849 4948 utriusque
2873 4875 3150 4947 hypostasi
3181 4873 3466 4929 inconfuse
3495 4889 3609 4928 ser-

344 4978 684 5032 ἀπετέλεσαν
699 4978 799 5032 ἒνα
828 4978 1086 5048 Χριστὸν,
1115 4978 1253 5043 ἀλλ’,
1272 4978 1350 5041 ὼς
1377 4978 1539 5049 ἔφην,
1564 4977 1668 5050 ἤδη
1689 4977 1823 5041 Θεὸς
1850 4977 1928 5032 ὢν

2031 4980 2175 5037 vata,
2209 4986 2333 5042 quas
2376 4982 2560 5026 tamen
2608 4968 2911 5025 secundum
2960 4966 3229 5022 rationem
3277 4965 3605 5020 dividatur:

343 5067 592 5136 ὸΔόγος,
636 5068 1041 5141 παραπλησίως
1071 5071 1206 5140 ἡμῖν
1259 5068 1525 5141 μετέσχεν
1562 5069 1797 5139 αἵματος
1836 5069 1931 5123 καὶ

2031 5064 2190 5121 facile
2227 5063 2418 5118 videas
2441 5061 2579 5117 nihil
2607 5061 2731 5117 illos
2757 5061 2861 5115 hac
2898 5059 2954 5114 in
2992 5073 3050 5113 re
3082 5057 3229 5128 quod
3266 5073 3459 5114 verum
3484 5074 3609 5114 ecr-

346 5158 572 5230 σαρυὸς,
598 5159 688 5212 ἶνα
713 5159 846 5225 Θεὸς
867 5159 1299 5232 ἑνανθρωπήσας
1316 5160 1532 5231 νοῆται,
1554 5161 1650 5216 καὶ
1672 5159 1771 5232 τὴν
1792 5163 1931 5231 ἠμε-

2033 5168 2258 5228 tumque
2291 5155 2365 5211 sit
2393 5153 2603 5211 sentire
2634 5161 2735 5208 aut
2766 5151 2939 5222 loqui.
2980 5149 3170 5219 Neque
3201 5150 3372 5214 enim,
3406 5157 3468 5205 ut
3505 5148 3610 5218 ipsi

343 5250 509 5321 τέραν
541 5252 722 5321 σάρκα
762 5250 967 5315 λαϐὼν,
998 5253 1097 5307 καὶ
1137 5253 1275 5308 ἰδίαν
1309 5253 1482 5324 αὐτὴν
1524 5254 1922 5324 ποιησάμενο;’

2031 5252 2208 5317 aiunt,
2232 5250 2378 5305 Deus
2396 5256 2454 5304 et
2475 5247 2641 5302 homo
2661 5244 2825 5300 simul
2846 5251 3239 5300 concurrentes
3258 5259 3429 5298 unum
3450 5242 3529 5299 Ch
3538 5259 3613 5299 ri-

346 5341 453 5409 ῖνα,
482 5341 737 5415 καθάπερ
767 5345 798 5397 ὸ
834 5343 959 5398 καθ’
990 5345 1141 5416 ἡμᾶς
1193 5343 1483 5417 νοοῦμενος
1533 5343 1820 5417 ἄνθρωπος
1862 5345 1926 5397 ἐκ

2034 5351 2182 5400 stum
2215 5340 2655 5404 constituerunt;
2690 5335 2808 5402 sed,
2840 5343 2902 5392 ut
2940 5334 3104 5392 modo
3138 5334 3272 5400 dixi,
3303 5334 3450 5392 Deus
3473 5335 3609 5393 Vcr-

413 5499 459 5530 ⁸²
494 5498 652 5554 Joan.
682 5499 871 5561 "1,26.
945 5500 994 5534 ⁸³
1014 5500 1035 5557 1
1059 5501 1203 5557 Tim.
1228 5518 1267 5567 ι,
1299 5502 1351 5556 7.
1447 5501 1494 5535 “
1517 5501 1675 5558 Joan.
1707 5515 1781 5563 ιν,
1812 5500 1902 5555 24.

350 5563 396 5598 ⁸³
419 5567 587 5624 llebr.
622 5585 682 5636 ιι,
715 5570 803 5626 l6.

2044 5500 2203 5555 Rom.
2230 5495 2456 5562 vm,29.
2531 5480 2965 5557 κατέπεμψε
3046 5490 3350 5563 "Philipp.
3384 5506 3443 5553 ιι,
3471 5487 3616 5554 6,7.

1404 5679 1579 5737 Varia:
1607 5678 1874 5735 lectiones
1903 5677 2110 5734 codicis
2146 5679 2508 5750 Seguieriani.

420 5813 447 5843 ι
483 5802 619 5858 ὅλων
646 5812 744 5885 η*
789 5801 1126 5877 μεταλαϐών.
1201 5812 1243 5842 ιο
1277 5803 1414 5871 ἔστι,
1444 5804 1604 5859 κατά.
1683 5809 1709 5849 3'
1748 5803 1827 5865 εἰς
1853 5801 1946 5856 δύο
1973 5801 2062 5856 τὸν
2106 5800 2225 5869 ἕνα,
2259 5801 2373 5856 υἱὸν
2403 5802 2534 5873 ἡμῖν
2560 5798 2665 5858 ἀνὰ
2700 5798 2869 5887 μέρος
2903 5797 3135 5860 ἱστάντες
3166 5793 3279 5875 τόν.
