  <div class='ocr_page' id='page_1' title='image "/cluster/home/n/w/nwhite01/storage/ocr_20150623/77/hvd.32044052822863/137.png"; bbox 0 0 4044 6212; ppageno 0'>
   <div class='ocr_carea' id='block_1_1' title="bbox 508 373 618 430">
    <p class='ocr_par' dir='ltr' id='par_1_1' title="bbox 508 373 618 430">
     <span class='ocr_line' id='line_1_1' title="bbox 508 373 618 430; baseline 0 0"><span class='ocrx_word' id='word_1_1' title='bbox 508 373 618 430; x_wconf 70' lang='lat'><strong>263</strong></span> 
     </span>
    </p>
   </div>
   <div class='ocr_carea' id='block_1_2' title="bbox 1527 344 2760 449">
    <p class='ocr_par' dir='ltr' id='par_1_2' title="bbox 1527 344 2760 449">
     <span class='ocr_line' id='line_1_2' title="bbox 1527 344 2760 449; baseline 0.01 -14"><span class='ocrx_word' id='word_1_2' title='bbox 1527 380 1584 435; x_wconf 92' lang='lat' dir='ltr'><strong>s.</strong></span> <span class='ocrx_word' id='word_1_3' title='bbox 1623 380 1897 435; x_wconf 82' lang='lat' dir='ltr'><strong>CYRILLI</strong></span> <span class='ocrx_word' id='word_1_4' title='bbox 1938 344 2406 445; x_wconf 65' lang='lat' dir='ltr'><strong>ALEXANDBINI</strong></span> <span class='ocrx_word' id='word_1_5' title='bbox 2443 393 2760 449; x_wconf 60' lang='lat' dir='ltr'><strong>ancmsp.</strong></span> 
     </span>
    </p>
   </div>
   <div class='ocr_carea' id='block_1_3' title="bbox 3656 395 3757 453">
    <p class='ocr_par' dir='ltr' id='par_1_3' title="bbox 3656 395 3757 453">
     <span class='ocr_line' id='line_1_3' title="bbox 3656 395 3757 453; baseline 0.02 -2"><span class='ocrx_word' id='word_1_6' title='bbox 3656 395 3757 453; x_wconf 67' lang='grc'><strong>261</strong></span> 
     </span>
    </p>
   </div>
   <div class='ocr_carea' id='block_1_4' title="bbox 504 510 2071 590">
    <p class='ocr_par' dir='ltr' id='par_1_4' title="bbox 504 514 2071 590">
     <span class='ocr_line' id='line_1_4' title="bbox 504 514 2071 590; baseline 0.008 -23"><span class='ocrx_word' id='word_1_7' title='bbox 504 514 753 584; x_wconf 80' lang='lat' dir='ltr'><strong>pertulit,</strong></span> <span class='ocrx_word' id='word_1_8' title='bbox 778 515 1063 582; x_wconf 80' lang='lat' dir='ltr'><strong>adimunt;</strong></span> <span class='ocrx_word' id='word_1_9' title='bbox 1089 532 1291 588; x_wconf 89' lang='lat' dir='ltr'><strong>easque</strong></span> <span class='ocrx_word' id='word_1_10' title='bbox 1320 518 1397 573; x_wconf 89' lang='lat' dir='ltr'><strong>illi</strong></span> <span class='ocrx_word' id='word_1_11' title='bbox 1423 520 1517 590; x_wconf 89' lang='lat' dir='ltr'><strong>qui</strong></span> <span class='ocrx_word' id='word_1_12' title='bbox 1544 536 1611 577; x_wconf 78' lang='lat' dir='ltr'><strong>ex</strong></span> <span class='ocrx_word' id='word_1_13' title='bbox 1637 522 1890 588; x_wconf 87' lang='lat' dir='ltr'><strong>muliere,</strong></span> <span class='ocrx_word' id='word_1_14' title='bbox 1916 525 2071 579; x_wconf 77' lang='lat' dir='ltr'><strong>veluti</strong></span> 
     </span>
    </p>
   </div>
   <div class='ocr_carea' id='block_1_5' title="bbox 2171 510 3763 590">
    <p class='ocr_par' dir='ltr' id='par_1_5' title="bbox 2188 510 3763 589">
     <span class='ocr_line' id='line_1_5' title="bbox 2188 510 3763 589; baseline 0.005 -27"><span class='ocrx_word' id='word_1_15' title='bbox 2188 510 2306 580; x_wconf 83' lang='grc' dir='ltr'>τῆς,</span> <span class='ocrx_word' id='word_1_16' title='bbox 2337 512 2432 563; x_wconf 77' lang='grc' dir='ltr'>καὶ</span> <span class='ocrx_word' id='word_1_17' title='bbox 2472 515 2529 565; x_wconf 85' lang='grc' dir='ltr'>ὲν</span> <span class='ocrx_word' id='word_1_18' title='bbox 2564 512 2860 583; x_wconf 80' lang='grc' dir='ltr'><strong>ἀσωμάτῳ,</strong></span> <span class='ocrx_word' id='word_1_19' title='bbox 2896 514 2990 566; x_wconf 78' lang='grc' dir='ltr'>καὶ</span> <span class='ocrx_word' id='word_1_20' title='bbox 3022 511 3295 583; x_wconf 87' lang='grc' dir='ltr'>ἀχράντῳ,</span> <span class='ocrx_word' id='word_1_21' title='bbox 3348 512 3442 566; x_wconf 70' lang='grc' dir='ltr'>καὶ</span> <span class='ocrx_word' id='word_1_22' title='bbox 3479 513 3763 589; x_wconf 75' lang='grc' dir='ltr'>ἀψαύστῳ,</span> 
     </span>
    </p>
   </div>
   <div class='ocr_carea' id='block_1_6' title="bbox 506 606 2084 687">
    <p class='ocr_par' dir='ltr' id='par_1_6' title="bbox 506 606 2084 687">
     <span class='ocr_line' id='line_1_6' title="bbox 506 606 2084 687; baseline 0.007 -27"><span class='ocrx_word' id='word_1_23' title='bbox 506 606 663 662; x_wconf 82' lang='lat' dir='ltr'><strong>alteri</strong></span> <span class='ocrx_word' id='word_1_24' title='bbox 694 622 944 662; x_wconf 89' lang='lat' dir='ltr'><strong>seorsum</strong></span> <span class='ocrx_word' id='word_1_25' title='bbox 978 608 1087 663; x_wconf 87' lang='lat' dir='ltr'><strong>filio</strong></span> <span class='ocrx_word' id='word_1_26' title='bbox 1136 611 1441 666; x_wconf 76' lang='lat' dir='ltr'><strong>ascribunt.</strong></span> <span class='ocrx_word' id='word_1_27' title='bbox 1476 613 1632 683; x_wconf 76' lang='lat'><strong>163</strong></span> <span class='ocrx_word' id='word_1_28' title='bbox 1668 613 1806 683; x_wconf 90' lang='lat' dir='ltr'><strong>lpsis</strong></span> <span class='ocrx_word' id='word_1_29' title='bbox 1850 631 2084 687; x_wconf 88' lang='lat' dir='ltr'><strong>namque</strong></span> 
     </span>
    </p>
   </div>
   <div class='ocr_carea' id='block_1_7' title="bbox 506 702 2088 779">
    <p class='ocr_par' dir='ltr' id='par_1_7' title="bbox 506 702 2088 779">
     <span class='ocr_line' id='line_1_7' title="bbox 506 702 2088 779; baseline 0.006 -28"><span class='ocrx_word' id='word_1_30' title='bbox 506 702 852 767; x_wconf 90' lang='lat' dir='ltr'><strong>propositum</strong></span> <span class='ocrx_word' id='word_1_31' title='bbox 895 708 997 764; x_wconf 89' lang='lat' dir='ltr'><strong>est,</strong></span> <span class='ocrx_word' id='word_1_32' title='bbox 1037 702 1225 755; x_wconf 87' lang='lat' dir='ltr'><strong>nescio</strong></span> <span class='ocrx_word' id='word_1_33' title='bbox 1269 718 1380 773; x_wconf 91' lang='lat' dir='ltr'><strong>quo</strong></span> <span class='ocrx_word' id='word_1_34' title='bbox 1420 704 1606 767; x_wconf 90' lang='lat' dir='ltr'><strong>modo,</strong></span> <span class='ocrx_word' id='word_1_35' title='bbox 1638 720 1736 774; x_wconf 91' lang='lat' dir='ltr'><strong>per</strong></span> <span class='ocrx_word' id='word_1_36' title='bbox 1776 708 1921 760; x_wconf 89' lang='lat' dir='ltr'><strong>viam</strong></span> <span class='ocrx_word' id='word_1_37' title='bbox 1965 723 2088 779; x_wconf 82' lang='lat' dir='ltr'><strong>gra-</strong></span> 
     </span>
    </p>
   </div>
   <div class='ocr_carea' id='block_1_8' title="bbox 505 787 2086 868">
    <p class='ocr_par' dir='ltr' id='par_1_8' title="bbox 505 787 2086 868">
     <span class='ocr_line' id='line_1_8' title="bbox 505 787 2086 868; baseline 0.007 -26"><span class='ocrx_word' id='word_1_38' title='bbox 505 787 789 843; x_wconf 90' lang='lat' dir='ltr'><strong>dientibus</strong></span> <span class='ocrx_word' id='word_1_39' title='bbox 816 805 937 859; x_wconf 63' lang='lat' dir='ltr'><strong>qua:</strong></span> <span class='ocrx_word' id='word_1_40' title='bbox 969 790 1037 844; x_wconf 88' lang='lat' dir='ltr'><strong>ad</strong></span> <span class='ocrx_word' id='word_1_41' title='bbox 1077 792 1338 861; x_wconf 89' lang='lat' dir='ltr'><strong>pietatem</strong></span> <span class='ocrx_word' id='word_1_42' title='bbox 1374 802 1521 849; x_wconf 89' lang='lat' dir='ltr'><strong>recta</strong></span> <span class='ocrx_word' id='word_1_43' title='bbox 1557 809 1668 849; x_wconf 92' lang='lat' dir='ltr'><strong>non</strong></span> <span class='ocrx_word' id='word_1_44' title='bbox 1694 805 1799 862; x_wconf 89' lang='lat' dir='ltr'><strong>est,</strong></span> <span class='ocrx_word' id='word_1_45' title='bbox 1831 798 2086 868; x_wconf 72' lang='lat' dir='ltr'><strong>praecipi-</strong></span> 
     </span>
    </p>
   </div>
   <div class='ocr_carea' id='block_1_9' title="bbox 508 880 2083 957">
    <p class='ocr_par' dir='ltr' id='par_1_9' title="bbox 508 880 2083 957">
     <span class='ocr_line' id='line_1_9' title="bbox 508 880 2083 957; baseline 0.005 -22"><span class='ocrx_word' id='word_1_46' title='bbox 508 880 614 935; x_wconf 89' lang='lat' dir='ltr'><strong>tari</strong></span> <span class='ocrx_word' id='word_1_47' title='bbox 650 881 704 934; x_wconf 92' lang='lat' dir='ltr'><strong>in</strong></span> <span class='ocrx_word' id='word_1_48' title='bbox 735 882 1030 951; x_wconf 89' lang='lat' dir='ltr'><strong>abruptum</strong></span> <span class='ocrx_word' id='word_1_49' title='bbox 1069 883 1290 949; x_wconf 89' lang='lat' dir='ltr'><strong>inferni,</strong></span> <span class='ocrx_word' id='word_1_50' title='bbox 1316 894 1373 940; x_wconf 91' lang='lat' dir='ltr'><strong>et</strong></span> <span class='ocrx_word' id='word_1_51' title='bbox 1408 886 1461 940; x_wconf 92' lang='lat' dir='ltr'><strong>in</strong></span> <span class='ocrx_word' id='word_1_52' title='bbox 1494 885 1695 941; x_wconf 88' lang='lat' dir='ltr'><strong>inferni</strong></span> <span class='ocrx_word' id='word_1_53' title='bbox 1728 887 2083 957; x_wconf 88' lang='lat' dir='ltr'><strong>profundum,</strong></span> 
     </span>
    </p>
   </div>
   <div class='ocr_carea' id='block_1_10' title="bbox 507 972 2088 1050">
    <p class='ocr_par' dir='ltr' id='par_1_10' title="bbox 507 972 2088 1050">
     <span class='ocr_line' id='line_1_10' title="bbox 507 972 2088 1050; baseline 0.008 -26"><span class='ocrx_word' id='word_1_54' title='bbox 507 972 652 1025; x_wconf 83' lang='lat' dir='ltr'><strong>sicut</strong></span> <span class='ocrx_word' id='word_1_55' title='bbox 696 973 961 1043; x_wconf 88' lang='lat' dir='ltr'><strong>scriptum</strong></span> <span class='ocrx_word' id='word_1_56' title='bbox 1004 984 1088 1029; x_wconf 89' lang='lat' dir='ltr'><strong>est</strong></span> <span class='ocrx_word' id='word_1_57' title='bbox 1120 977 1186 1030; x_wconf 76' lang='lat'><strong>&quot;.</strong></span> <span class='ocrx_word' id='word_1_58' title='bbox 1231 976 1373 1032; x_wconf 88' lang='lat' dir='ltr'><strong>Sane</strong></span> <span class='ocrx_word' id='word_1_59' title='bbox 1413 978 1635 1047; x_wconf 82' lang='lat' dir='ltr'><strong>quidem</strong></span> <span class='ocrx_word' id='word_1_60' title='bbox 1681 979 2001 1050; x_wconf 90' lang='lat' dir='ltr'><strong>impatibilis</strong></span> <span class='ocrx_word' id='word_1_61' title='bbox 2031 991 2088 1038; x_wconf 91' lang='lat' dir='ltr'><strong>et</strong></span> 
     </span>
    </p>
   </div>
   <div class='ocr_carea' id='block_1_11' title="bbox 506 1062 2087 1142">
    <p class='ocr_par' dir='ltr' id='par_1_11' title="bbox 506 1062 2087 1142">
     <span class='ocr_line' id='line_1_11' title="bbox 506 1062 2087 1142; baseline 0.01 -27"><span class='ocrx_word' id='word_1_62' title='bbox 506 1062 729 1132; x_wconf 89' lang='lat' dir='ltr'><strong>penitus</strong></span> <span class='ocrx_word' id='word_1_63' title='bbox 759 1064 1127 1136; x_wconf 90' lang='lat' dir='ltr'><strong>impalpabilis</strong></span> <span class='ocrx_word' id='word_1_64' title='bbox 1167 1077 1251 1122; x_wconf 93' lang='lat' dir='ltr'><strong>cst</strong></span> <span class='ocrx_word' id='word_1_65' title='bbox 1291 1069 1574 1125; x_wconf 72' lang='lat' dir='ltr'><strong>divinitas.</strong></span> <span class='ocrx_word' id='word_1_66' title='bbox 1611 1071 1799 1142; x_wconf 85' lang='lat' dir='ltr'><strong>Neque</strong></span> <span class='ocrx_word' id='word_1_67' title='bbox 1828 1075 1975 1128; x_wconf 91' lang='lat' dir='ltr'><strong>enim</strong></span> <span class='ocrx_word' id='word_1_68' title='bbox 2003 1085 2087 1132; x_wconf 91' lang='lat' dir='ltr'><strong>est</strong></span> 
     </span>
    </p>
   </div>
   <div class='ocr_carea' id='block_1_12' title="bbox 505 1154 2083 1221">
    <p class='ocr_par' dir='ltr' id='par_1_12' title="bbox 505 1154 2083 1221">
     <span class='ocr_line' id='line_1_12' title="bbox 505 1154 2083 1221; baseline 0.01 -16"><span class='ocrx_word' id='word_1_69' title='bbox 505 1165 791 1221; x_wconf 86' lang='lat' dir='ltr'><strong>corporea,</strong></span> <span class='ocrx_word' id='word_1_70' title='bbox 828 1154 923 1208; x_wconf 87' lang='lat' dir='ltr'><strong>sed</strong></span> <span class='ocrx_word' id='word_1_71' title='bbox 978 1157 1121 1211; x_wconf 91' lang='lat' dir='ltr'><strong>ultra</strong></span> <span class='ocrx_word' id='word_1_72' title='bbox 1172 1172 1393 1213; x_wconf 90' lang='lat' dir='ltr'><strong>omnem</strong></span> <span class='ocrx_word' id='word_1_73' title='bbox 1444 1170 1754 1216; x_wconf 86' lang='lat' dir='ltr'><strong>creaturam</strong></span> <span class='ocrx_word' id='word_1_74' title='bbox 1810 1164 2083 1221; x_wconf 83' lang='lat' dir='ltr'><strong>visibilem</strong></span> 
     </span>
    </p>
   </div>
   <div class='ocr_carea' id='block_1_13' title="bbox 505 1246 2083 1323">
    <p class='ocr_par' dir='ltr' id='par_1_13' title="bbox 505 1246 2083 1323">
     <span class='ocr_line' id='line_1_13' title="bbox 505 1246 2083 1323; baseline 0.012 -28"><span class='ocrx_word' id='word_1_75' title='bbox 505 1250 670 1313; x_wconf 85' lang='lat' dir='ltr'><strong>atque</strong></span> <span class='ocrx_word' id='word_1_76' title='bbox 687 1246 1108 1317; x_wconf 84' lang='lat' dir='ltr'><strong>intelligibilem,</strong></span> <span class='ocrx_word' id='word_1_77' title='bbox 1126 1258 1181 1303; x_wconf 89' lang='lat' dir='ltr'><strong>et</strong></span> <span class='ocrx_word' id='word_1_78' title='bbox 1205 1251 1259 1304; x_wconf 91' lang='lat' dir='ltr'><strong>in</strong></span> <span class='ocrx_word' id='word_1_79' title='bbox 1277 1251 1624 1322; x_wconf 89' lang='lat' dir='ltr'><strong>incorporea,</strong></span> <span class='ocrx_word' id='word_1_80' title='bbox 1641 1262 1696 1310; x_wconf 92' lang='lat' dir='ltr'><strong>et</strong></span> <span class='ocrx_word' id='word_1_81' title='bbox 1714 1256 2083 1323; x_wconf 89' lang='lat' dir='ltr'><strong>immaculata,</strong></span> 
     </span>
    </p>
   </div>
   <div class='ocr_carea' id='block_1_14' title="bbox 502 1335 2082 1412">
    <p class='ocr_par' dir='ltr' id='par_1_14' title="bbox 502 1335 2082 1412">
     <span class='ocr_line' id='line_1_14' title="bbox 502 1335 2082 1412; baseline 0.01 -22"><span class='ocrx_word' id='word_1_82' title='bbox 502 1342 561 1390; x_wconf 88' lang='lat' dir='ltr'><strong>et</strong></span> <span class='ocrx_word' id='word_1_83' title='bbox 610 1335 967 1401; x_wconf 86' lang='lat' dir='ltr'><strong>intractabili,</strong></span> <span class='ocrx_word' id='word_1_84' title='bbox 996 1347 1052 1393; x_wconf 88' lang='lat' dir='ltr'><strong>et</strong></span> <span class='ocrx_word' id='word_1_85' title='bbox 1095 1341 1647 1412; x_wconf 75' lang='lat' dir='ltr'><strong>incomprehensibili</strong></span> <span class='ocrx_word' id='word_1_86' title='bbox 1698 1357 1919 1403; x_wconf 89' lang='lat' dir='ltr'><strong>natura.</strong></span> <span class='ocrx_word' id='word_1_87' title='bbox 1976 1350 2082 1407; x_wconf 90' lang='lat' dir='ltr'><strong>Sed</strong></span> 
     </span>
    </p>
   </div>
   <div class='ocr_carea' id='block_1_15' title="bbox 503 1423 2082 1506">
    <p class='ocr_par' dir='ltr' id='par_1_15' title="bbox 503 1423 2082 1506">
     <span class='ocr_line' id='line_1_15' title="bbox 503 1423 2082 1506; baseline 0.014 -31"><span class='ocrx_word' id='word_1_88' title='bbox 503 1423 653 1492; x_wconf 85' lang='lat' dir='ltr'><strong>quia,</strong></span> <span class='ocrx_word' id='word_1_89' title='bbox 679 1439 804 1479; x_wconf 92' lang='lat' dir='ltr'><strong>cum</strong></span> <span class='ocrx_word' id='word_1_90' title='bbox 827 1426 1167 1496; x_wconf 81' lang='lat' dir='ltr'><strong>unigenitum</strong></span> <span class='ocrx_word' id='word_1_91' title='bbox 1196 1430 1292 1485; x_wconf 89' lang='lat' dir='ltr'><strong>Dei</strong></span> <span class='ocrx_word' id='word_1_92' title='bbox 1318 1433 1552 1488; x_wconf 89' lang='lat' dir='ltr'><strong>Verbum</strong></span> <span class='ocrx_word' id='word_1_93' title='bbox 1578 1451 1781 1506; x_wconf 89' lang='lat' dir='ltr'><strong>corpus</strong></span> <span class='ocrx_word' id='word_1_94' title='bbox 1803 1454 1869 1493; x_wconf 85' lang='lat' dir='ltr'><strong>ex</strong></span> <span class='ocrx_word' id='word_1_95' title='bbox 1896 1452 2082 1497; x_wconf 85' lang='lat' dir='ltr'><strong>sancta</strong></span> 
     </span>
    </p>
   </div>
   <div class='ocr_carea' id='block_1_16' title="bbox 501 1514 2080 1601">
    <p class='ocr_par' dir='ltr' id='par_1_16' title="bbox 501 1514 2080 1601">
     <span class='ocr_line' id='line_1_16' title="bbox 501 1514 2080 1601; baseline 0.013 -34"><span class='ocrx_word' id='word_1_96' title='bbox 501 1522 559 1569; x_wconf 91' lang='lat' dir='ltr'><strong>et</strong></span> <span class='ocrx_word' id='word_1_97' title='bbox 587 1514 681 1569; x_wconf 90' lang='lat' dir='ltr'><strong>Dei</strong></span> <span class='ocrx_word' id='word_1_98' title='bbox 712 1516 977 1586; x_wconf 85' lang='lat' dir='ltr'><strong>genitrice</strong></span> <span class='ocrx_word' id='word_1_99' title='bbox 1005 1519 1223 1591; x_wconf 78' lang='lat' dir='ltr'><strong>Virgine</strong></span> <span class='ocrx_word' id='word_1_100' title='bbox 1248 1525 1601 1595; x_wconf 87' lang='lat' dir='ltr'><strong>suscepisset,</strong></span> <span class='ocrx_word' id='word_1_101' title='bbox 1633 1541 2080 1601; x_wconf 87' lang='lat' dir='ltr'><strong>susceptumque,</strong></span> 
     </span>
    </p>
   </div>
   <div class='ocr_carea' id='block_1_17' title="bbox 502 1609 2077 1688">
    <p class='ocr_par' dir='ltr' id='par_1_17' title="bbox 502 1609 2077 1688">
     <span class='ocr_line' id='line_1_17' title="bbox 502 1609 2077 1688; baseline 0.015 -33"><span class='ocrx_word' id='word_1_102' title='bbox 502 1610 565 1657; x_wconf 89' lang='lat' dir='ltr'><strong>ut</strong></span> <span class='ocrx_word' id='word_1_103' title='bbox 589 1619 966 1673; x_wconf 62' lang='lat' dir='ltr'><strong>saepenumero</strong></span> <span class='ocrx_word' id='word_1_104' title='bbox 990 1609 1100 1679; x_wconf 92' lang='lat' dir='ltr'><strong>jam</strong></span> <span class='ocrx_word' id='word_1_105' title='bbox 1138 1614 1346 1679; x_wconf 92' lang='lat' dir='ltr'><strong>monui,</strong></span> <span class='ocrx_word' id='word_1_106' title='bbox 1382 1618 1667 1686; x_wconf 91' lang='lat' dir='ltr'><strong>proprium</strong></span> <span class='ocrx_word' id='word_1_107' title='bbox 1705 1620 1810 1675; x_wconf 90' lang='lat' dir='ltr'><strong>sibi</strong></span> <span class='ocrx_word' id='word_1_108' title='bbox 1839 1621 2077 1688; x_wconf 79' lang='lat' dir='ltr'><strong>fecisset,</strong></span> 
     </span>
    </p>
   </div>
   <div class='ocr_carea' id='block_1_18' title="bbox 500 1695 2079 1769">
    <p class='ocr_par' dir='ltr' id='par_1_18' title="bbox 500 1695 2079 1769">
     <span class='ocr_line' id='line_1_18' title="bbox 500 1695 2079 1769; baseline 0.012 -21"><span class='ocrx_word' id='word_1_109' title='bbox 500 1695 859 1764; x_wconf 87' lang='lat' dir='ltr'><strong>semetipsum</strong></span> <span class='ocrx_word' id='word_1_110' title='bbox 907 1714 1006 1767; x_wconf 90' lang='lat' dir='ltr'><strong>pro</strong></span> <span class='ocrx_word' id='word_1_111' title='bbox 1043 1701 1204 1757; x_wconf 92' lang='lat' dir='ltr'><strong>nobis</strong></span> <span class='ocrx_word' id='word_1_112' title='bbox 1241 1704 1353 1759; x_wconf 93' lang='lat' dir='ltr'><strong>Deo</strong></span> <span class='ocrx_word' id='word_1_113' title='bbox 1394 1714 1451 1760; x_wconf 90' lang='lat' dir='ltr'><strong>et</strong></span> <span class='ocrx_word' id='word_1_114' title='bbox 1490 1707 1636 1761; x_wconf 83' lang='lat' dir='ltr'><strong>Patri</strong></span> <span class='ocrx_word' id='word_1_115' title='bbox 1676 1710 2079 1769; x_wconf 84' lang='lat' dir='ltr'><strong>immaculatam</strong></span> 
     </span>
    </p>
   </div>
   <div class='ocr_carea' id='block_1_19' title="bbox 500 1778 2078 1858">
    <p class='ocr_par' dir='ltr' id='par_1_19' title="bbox 500 1778 2078 1858">
     <span class='ocr_line' id='line_1_19' title="bbox 500 1778 2078 1858; baseline 0.016 -26"><span class='ocrx_word' id='word_1_116' title='bbox 500 1778 737 1835; x_wconf 86' lang='lat' dir='ltr'><strong>hostiam</strong></span> <span class='ocrx_word' id='word_1_117' title='bbox 773 1782 827 1837; x_wconf 93' lang='lat' dir='ltr'><strong>in</strong></span> <span class='ocrx_word' id='word_1_118' title='bbox 860 1786 1085 1841; x_wconf 90' lang='lat' dir='ltr'><strong>odorem</strong></span> <span class='ocrx_word' id='word_1_119' title='bbox 1128 1791 1417 1848; x_wconf 84' lang='lat' dir='ltr'><strong>suavitatis</strong></span> <span class='ocrx_word' id='word_1_120' title='bbox 1455 1795 1656 1851; x_wconf 89' lang='lat' dir='ltr'><strong>obtulit</strong></span> <span class='ocrx_word' id='word_1_121' title='bbox 1682 1799 1727 1830; x_wconf 78' lang='lat'><strong>“</strong></span> <span class='ocrx_word' id='word_1_122' title='bbox 1761 1816 1775 1853; x_wconf 86' lang='lat'><strong>:</strong></span> <span class='ocrx_word' id='word_1_123' title='bbox 1811 1800 1871 1853; x_wconf 86' lang='lat' dir='ltr'><strong>fit</strong></span> <span class='ocrx_word' id='word_1_124' title='bbox 1905 1817 1968 1855; x_wconf 89' lang='lat' dir='ltr'><strong>ea</strong></span> <span class='ocrx_word' id='word_1_125' title='bbox 2010 1802 2078 1858; x_wconf 91' lang='lat' dir='ltr'><strong>de</strong></span> 
     </span>
    </p>
   </div>
   <div class='ocr_carea' id='block_1_20' title="bbox 499 1880 2075 1963">
    <p class='ocr_par' dir='ltr' id='par_1_20' title="bbox 499 1880 2075 1963">
     <span class='ocr_line' id='line_1_20' title="bbox 499 1880 2075 1963; baseline 0.015 -38"><span class='ocrx_word' id='word_1_126' title='bbox 499 1885 684 1937; x_wconf 90' lang='lat' dir='ltr'><strong>causa,</strong></span> <span class='ocrx_word' id='word_1_127' title='bbox 712 1883 773 1928; x_wconf 91' lang='lat' dir='ltr'><strong>ut</strong></span> <span class='ocrx_word' id='word_1_128' title='bbox 800 1891 863 1931; x_wconf 91' lang='lat' dir='ltr'><strong>ea</strong></span> <span class='ocrx_word' id='word_1_129' title='bbox 888 1894 1008 1947; x_wconf 71' lang='lat' dir='ltr'><strong>qua:</strong></span> <span class='ocrx_word' id='word_1_130' title='bbox 1036 1880 1090 1933; x_wconf 93' lang='lat' dir='ltr'><strong>in</strong></span> <span class='ocrx_word' id='word_1_131' title='bbox 1123 1882 1242 1953; x_wconf 87' lang='lat' dir='ltr'><strong>ejus</strong></span> <span class='ocrx_word' id='word_1_132' title='bbox 1282 1899 1505 1940; x_wconf 89' lang='lat' dir='ltr'><strong>carnem</strong></span> <span class='ocrx_word' id='word_1_133' title='bbox 1544 1888 1685 1944; x_wconf 90' lang='lat' dir='ltr'><strong>facta</strong></span> <span class='ocrx_word' id='word_1_134' title='bbox 1718 1901 1868 1956; x_wconf 89' lang='lat' dir='ltr'><strong>sunt,</strong></span> <span class='ocrx_word' id='word_1_135' title='bbox 1898 1894 2075 1963; x_wconf 93' lang='lat' dir='ltr'><strong>ipsum</strong></span> 
     </span>
    </p>
   </div>
   <div class='ocr_carea' id='block_1_21' title="bbox 499 1966 2075 2057">
    <p class='ocr_par' dir='ltr' id='par_1_21' title="bbox 499 1966 2075 2057">
     <span class='ocr_line' id='line_1_21' title="bbox 499 1966 2075 2057; baseline 0.015 -38"><span class='ocrx_word' id='word_1_136' title='bbox 499 1966 831 2023; x_wconf 89' lang='lat' dir='ltr'><strong>sustinuisse</strong></span> <span class='ocrx_word' id='word_1_137' title='bbox 876 1970 1145 2028; x_wconf 87' lang='lat' dir='ltr'><strong>dicamus.</strong></span> <span class='ocrx_word' id='word_1_138' title='bbox 1196 1975 1332 2029; x_wconf 87' lang='lat' dir='ltr'><strong>Nam</strong></span> <span class='ocrx_word' id='word_1_139' title='bbox 1378 1980 1537 2050; x_wconf 88' lang='lat' dir='ltr'><strong>cujus</strong></span> <span class='ocrx_word' id='word_1_140' title='bbox 1578 1990 1663 2035; x_wconf 91' lang='lat' dir='ltr'><strong>est</strong></span> <span class='ocrx_word' id='word_1_141' title='bbox 1705 1998 1906 2054; x_wconf 90' lang='lat' dir='ltr'><strong>corpus</strong></span> <span class='ocrx_word' id='word_1_142' title='bbox 1946 2002 2075 2057; x_wconf 88' lang='lat' dir='ltr'><strong>pro-</strong></span> 
     </span>
    </p>
   </div>
   <div class='ocr_carea' id='block_1_22' title="bbox 496 2057 2077 2148">
    <p class='ocr_par' dir='ltr' id='par_1_22' title="bbox 496 2057 2077 2148">
     <span class='ocr_line' id='line_1_22' title="bbox 496 2057 2077 2148; baseline 0.018 -38"><span class='ocrx_word' id='word_1_143' title='bbox 496 2057 702 2127; x_wconf 88' lang='lat' dir='ltr'><strong>prium,</strong></span> <span class='ocrx_word' id='word_1_144' title='bbox 727 2061 849 2132; x_wconf 85' lang='lat' dir='ltr'><strong>jure</strong></span> <span class='ocrx_word' id='word_1_145' title='bbox 876 2063 953 2119; x_wconf 93' lang='lat' dir='ltr'><strong>illi</strong></span> <span class='ocrx_word' id='word_1_146' title='bbox 975 2066 1142 2121; x_wconf 90' lang='lat' dir='ltr'><strong>etiam</strong></span> <span class='ocrx_word' id='word_1_147' title='bbox 1170 2071 1355 2125; x_wconf 90' lang='lat' dir='ltr'><strong>omnia</strong></span> <span class='ocrx_word' id='word_1_148' title='bbox 1374 2087 1496 2143; x_wconf 68' lang='lat' dir='ltr'><strong>qua:</strong></span> <span class='ocrx_word' id='word_1_149' title='bbox 1517 2084 1646 2129; x_wconf 90' lang='lat' dir='ltr'><strong>sunt</strong></span> <span class='ocrx_word' id='word_1_150' title='bbox 1667 2080 1934 2148; x_wconf 88' lang='lat' dir='ltr'><strong>corporis,</strong></span> <span class='ocrx_word' id='word_1_151' title='bbox 1960 2082 2077 2138; x_wconf 90' lang='lat' dir='ltr'><strong>solo</strong></span> 
     </span>
    </p>
   </div>
   <div class='ocr_carea' id='block_1_23' title="bbox 493 2160 2076 2239">
    <p class='ocr_par' dir='ltr' id='par_1_23' title="bbox 493 2160 2076 2239">
     <span class='ocr_line' id='line_1_23' title="bbox 493 2160 2076 2239; baseline 0.019 -37"><span class='ocrx_word' id='word_1_152' title='bbox 493 2160 727 2220; x_wconf 77' lang='lat' dir='ltr'><strong>excepto</strong></span> <span class='ocrx_word' id='word_1_153' title='bbox 771 2164 1019 2222; x_wconf 90' lang='lat' dir='ltr'><strong>peccato,</strong></span> <span class='ocrx_word' id='word_1_154' title='bbox 1048 2160 1388 2217; x_wconf 91' lang='lat' dir='ltr'><strong>tribuuntur.</strong></span> <span class='ocrx_word' id='word_1_155' title='bbox 1426 2165 1596 2237; x_wconf 80' lang='lat' dir='ltr'><strong>[gitur</strong></span> <span class='ocrx_word' id='word_1_156' title='bbox 1628 2173 1884 2239; x_wconf 90' lang='lat' dir='ltr'><strong>quoniam</strong></span> <span class='ocrx_word' id='word_1_157' title='bbox 1932 2176 2076 2232; x_wconf 91' lang='lat' dir='ltr'><strong>Deus</strong></span> 
     </span>
    </p>
   </div>
   <div class='ocr_carea' id='block_1_24' title="bbox 496 2240 2074 2331">
    <p class='ocr_par' dir='ltr' id='par_1_24' title="bbox 496 2240 2074 2331">
     <span class='ocr_line' id='line_1_24' title="bbox 496 2240 2074 2331; baseline 0.018 -37"><span class='ocrx_word' id='word_1_158' title='bbox 496 2240 735 2297; x_wconf 77' lang='lat' dir='ltr'><strong>Verbum</strong></span> <span class='ocrx_word' id='word_1_159' title='bbox 772 2246 936 2301; x_wconf 92' lang='lat' dir='ltr'><strong>homo</strong></span> <span class='ocrx_word' id='word_1_160' title='bbox 970 2249 1145 2306; x_wconf 90' lang='lat' dir='ltr'><strong>factus</strong></span> <span class='ocrx_word' id='word_1_161' title='bbox 1178 2262 1262 2308; x_wconf 88' lang='lat' dir='ltr'><strong>est</strong></span> <span class='ocrx_word' id='word_1_162' title='bbox 1290 2255 1355 2319; x_wconf 77' lang='lat'><strong>&quot;,</strong></span> <span class='ocrx_word' id='word_1_163' title='bbox 1389 2259 1593 2313; x_wconf 87' lang='lat' dir='ltr'><strong>mansit</strong></span> <span class='ocrx_word' id='word_1_164' title='bbox 1622 2262 1847 2331; x_wconf 87' lang='lat' dir='ltr'><strong>quidem</strong></span> <span class='ocrx_word' id='word_1_165' title='bbox 1875 2281 2074 2321; x_wconf 89' lang='lat' dir='ltr'><strong>secun-</strong></span> 
     </span>
    </p>
   </div>
   <div class='ocr_carea' id='block_1_25' title="bbox 494 2332 2074 2429">
    <p class='ocr_par' dir='ltr' id='par_1_25' title="bbox 494 2332 2074 2429">
     <span class='ocr_line' id='line_1_25' title="bbox 494 2332 2074 2429; baseline 0.018 -42"><span class='ocrx_word' id='word_1_166' title='bbox 494 2332 627 2388; x_wconf 91' lang='lat' dir='ltr'><strong>dum</strong></span> <span class='ocrx_word' id='word_1_167' title='bbox 674 2347 929 2393; x_wconf 85' lang='lat' dir='ltr'><strong>naturam</strong></span> <span class='ocrx_word' id='word_1_168' title='bbox 975 2341 1219 2399; x_wconf 83' lang='lat' dir='ltr'><strong>divinam</strong></span> <span class='ocrx_word' id='word_1_169' title='bbox 1265 2347 1606 2419; x_wconf 90' lang='lat' dir='ltr'><strong>impatibilis,</strong></span> <span class='ocrx_word' id='word_1_170' title='bbox 1635 2370 1698 2408; x_wconf 88' lang='lat' dir='ltr'><strong>ea</strong></span> <span class='ocrx_word' id='word_1_171' title='bbox 1740 2364 1919 2412; x_wconf 90' lang='lat' dir='ltr'><strong>tamen</strong></span> <span class='ocrx_word' id='word_1_172' title='bbox 1953 2375 2074 2429; x_wconf 66' lang='lat' dir='ltr'><strong>qua:</strong></span> 
     </span>
    </p>
   </div>
   <div class='ocr_carea' id='block_1_26' title="bbox 494 2427 2070 2516">
    <p class='ocr_par' dir='ltr' id='par_1_26' title="bbox 494 2427 2070 2516">
     <span class='ocr_line' id='line_1_26' title="bbox 494 2427 2070 2516; baseline 0.019 -41"><span class='ocrx_word' id='word_1_173' title='bbox 494 2435 607 2476; x_wconf 72' lang='lat' dir='ltr'><strong>suae</strong></span> <span class='ocrx_word' id='word_1_174' title='bbox 652 2427 838 2481; x_wconf 88' lang='lat' dir='ltr'><strong>carnis</strong></span> <span class='ocrx_word' id='word_1_175' title='bbox 880 2438 1060 2496; x_wconf 90' lang='lat' dir='ltr'><strong>erant,</strong></span> <span class='ocrx_word' id='word_1_176' title='bbox 1094 2438 1407 2493; x_wconf 81' lang='lat' dir='ltr'><strong>necessario</strong></span> <span class='ocrx_word' id='word_1_177' title='bbox 1439 2444 1660 2511; x_wconf 84' lang='lat' dir='ltr'><strong>prepria</strong></span> <span class='ocrx_word' id='word_1_178' title='bbox 1701 2445 1807 2500; x_wconf 87' lang='lat' dir='ltr'><strong>sibi</strong></span> <span class='ocrx_word' id='word_1_179' title='bbox 1844 2427 2070 2516; x_wconf 81' lang='lat' dir='ltr'><strong>faciens,</strong></span> 
     </span>
    </p>
   </div>
   <div class='ocr_carea' id='block_1_27' title="bbox 496 2512 2071 2603">
    <p class='ocr_par' dir='ltr' id='par_1_27' title="bbox 496 2512 2071 2603">
     <span class='ocr_line' id='line_1_27' title="bbox 496 2512 2071 2603; baseline 0.021 -36"><span class='ocrx_word' id='word_1_180' title='bbox 496 2512 620 2570; x_wconf 88' lang='lat' dir='ltr'><strong>ideo</strong></span> <span class='ocrx_word' id='word_1_181' title='bbox 653 2534 772 2587; x_wconf 78' lang='lat' dir='ltr'><strong>qua:</strong></span> <span class='ocrx_word' id='word_1_182' title='bbox 815 2523 997 2578; x_wconf 90' lang='lat' dir='ltr'><strong>carnis</strong></span> <span class='ocrx_word' id='word_1_183' title='bbox 1050 2537 1211 2581; x_wconf 90' lang='lat' dir='ltr'><strong>erant</strong></span> <span class='ocrx_word' id='word_1_184' title='bbox 1259 2532 1553 2599; x_wconf 88' lang='lat' dir='ltr'><strong>pertulisse</strong></span> <span class='ocrx_word' id='word_1_185' title='bbox 1596 2538 1819 2603; x_wconf 90' lang='lat' dir='ltr'><strong>dicitur,</strong></span> <span class='ocrx_word' id='word_1_186' title='bbox 1856 2543 2071 2600; x_wconf 89' lang='lat' dir='ltr'><strong>etiamsi</strong></span> 
     </span>
    </p>
   </div>
   <div class='ocr_carea' id='block_1_28' title="bbox 494 2607 2072 2700">
    <p class='ocr_par' dir='ltr' id='par_1_28' title="bbox 494 2607 2072 2700">
     <span class='ocr_line' id='line_1_28' title="bbox 494 2607 2072 2700; baseline 0.021 -44"><span class='ocrx_word' id='word_1_187' title='bbox 494 2607 799 2662; x_wconf 82' lang='lat' dir='ltr'><strong>secundum</strong></span> <span class='ocrx_word' id='word_1_188' title='bbox 840 2610 1080 2668; x_wconf 75' lang='lat' dir='ltr'><strong>divinam</strong></span> <span class='ocrx_word' id='word_1_189' title='bbox 1116 2625 1366 2674; x_wconf 88' lang='lat' dir='ltr'><strong>naturam</strong></span> <span class='ocrx_word' id='word_1_190' title='bbox 1401 2624 1536 2677; x_wconf 89' lang='lat' dir='ltr'><strong>nulli</strong></span> <span class='ocrx_word' id='word_1_191' title='bbox 1575 2627 1798 2695; x_wconf 89' lang='lat' dir='ltr'><strong>penitus</strong></span> <span class='ocrx_word' id='word_1_192' title='bbox 1826 2633 2072 2700; x_wconf 90' lang='lat' dir='ltr'><strong>passioni</strong></span> 
     </span>
    </p>
   </div>
   <div class='ocr_carea' id='block_1_29' title="bbox 491 2698 2071 2787">
    <p class='ocr_par' dir='ltr' id='par_1_29' title="bbox 491 2698 2071 2787">
     <span class='ocr_line' id='line_1_29' title="bbox 491 2698 2071 2787; baseline 0.02 -38"><span class='ocrx_word' id='word_1_193' title='bbox 491 2706 637 2750; x_wconf 88' lang='lat' dir='ltr'><strong>esset</strong></span> <span class='ocrx_word' id='word_1_194' title='bbox 666 2698 957 2757; x_wconf 75' lang='lat' dir='ltr'><strong>obnoxius.</strong></span> <span class='ocrx_word' id='word_1_195' title='bbox 993 2704 1149 2763; x_wconf 92' lang='lat' dir='ltr'><strong>Unde</strong></span> <span class='ocrx_word' id='word_1_196' title='bbox 1180 2708 1313 2765; x_wconf 83' lang='lat' dir='ltr'><strong>falsa</strong></span> <span class='ocrx_word' id='word_1_197' title='bbox 1348 2713 1568 2782; x_wconf 87' lang='lat' dir='ltr'><strong>pietatis</strong></span> <span class='ocrx_word' id='word_1_198' title='bbox 1600 2698 1882 2787; x_wconf 81' lang='lat' dir='ltr'><strong>persuasio</strong></span> <span class='ocrx_word' id='word_1_199' title='bbox 1916 2740 1944 2778; x_wconf 92' lang='lat' dir='ltr'><strong>a</strong></span> <span class='ocrx_word' id='word_1_200' title='bbox 1976 2741 2071 2781; x_wconf 86' lang='lat' dir='ltr'><strong>ve-</strong></span> 
     </span>
    </p>
   </div>
   <div class='ocr_carea' id='block_1_30' title="bbox 493 2784 2074 2886">
    <p class='ocr_par' dir='ltr' id='par_1_30' title="bbox 493 2784 2074 2886">
     <span class='ocr_line' id='line_1_30' title="bbox 493 2784 2074 2886; baseline 0.022 -49"><span class='ocrx_word' id='word_1_201' title='bbox 493 2784 656 2840; x_wconf 88' lang='lat' dir='ltr'><strong>ritate</strong></span> <span class='ocrx_word' id='word_1_202' title='bbox 681 2805 776 2845; x_wconf 88' lang='lat' dir='ltr'><strong>eos</strong></span> <span class='ocrx_word' id='word_1_203' title='bbox 802 2790 1028 2849; x_wconf 89' lang='lat' dir='ltr'><strong>abducit</strong></span> <span class='ocrx_word' id='word_1_204' title='bbox 1057 2814 1070 2850; x_wconf 92' lang='lat'><strong>:</strong></span> <span class='ocrx_word' id='word_1_205' title='bbox 1098 2813 1207 2853; x_wconf 93' lang='lat' dir='ltr'><strong>non</strong></span> <span class='ocrx_word' id='word_1_206' title='bbox 1231 2802 1378 2856; x_wconf 91' lang='lat' dir='ltr'><strong>enim</strong></span> <span class='ocrx_word' id='word_1_207' title='bbox 1406 2805 1869 2879; x_wconf 87' lang='lat' dir='ltr'><strong>animadvertunt,</strong></span> <span class='ocrx_word' id='word_1_208' title='bbox 1903 2814 2074 2886; x_wconf 82' lang='lat' dir='ltr'><strong>impa-</strong></span> 
     </span>
    </p>
   </div>
   <div class='ocr_carea' id='block_1_31' title="bbox 492 2874 2072 2966">
    <p class='ocr_par' dir='ltr' id='par_1_31' title="bbox 492 2874 2072 2966">
     <span class='ocr_line' id='line_1_31' title="bbox 492 2874 2072 2966; baseline 0.022 -40"><span class='ocrx_word' id='word_1_209' title='bbox 492 2874 807 2933; x_wconf 89' lang='lat' dir='ltr'><strong>tibilitatem</strong></span> <span class='ocrx_word' id='word_1_210' title='bbox 848 2883 1071 2951; x_wconf 89' lang='lat' dir='ltr'><strong>quidem</strong></span> <span class='ocrx_word' id='word_1_211' title='bbox 1118 2887 1195 2941; x_wconf 90' lang='lat' dir='ltr'><strong>illi</strong></span> <span class='ocrx_word' id='word_1_212' title='bbox 1241 2893 1506 2949; x_wconf 90' lang='lat' dir='ltr'><strong>mansisse</strong></span> <span class='ocrx_word' id='word_1_213' title='bbox 1551 2908 1822 2966; x_wconf 89' lang='lat' dir='ltr'><strong>quatenus</strong></span> <span class='ocrx_word' id='word_1_214' title='bbox 1851 2874 2072 2960; x_wconf 52' lang='lat' dir='ltr'><strong>erat-ab</strong></span> 
     </span>
    </p>
   </div>
   <div class='ocr_carea' id='block_1_32' title="bbox 491 2964 2069 3054">
    <p class='ocr_par' dir='ltr' id='par_1_32' title="bbox 491 2964 2069 3054">
     <span class='ocr_line' id='line_1_32' title="bbox 491 2964 2069 3054; baseline 0.022 -36"><span class='ocrx_word' id='word_1_215' title='bbox 491 2964 651 3021; x_wconf 92' lang='lat' dir='ltr'><strong>initio</strong></span> <span class='ocrx_word' id='word_1_216' title='bbox 669 2979 724 3024; x_wconf 92' lang='lat' dir='ltr'><strong>et</strong></span> <span class='ocrx_word' id='word_1_217' title='bbox 742 2983 827 3025; x_wconf 90' lang='lat' dir='ltr'><strong>est</strong></span> <span class='ocrx_word' id='word_1_218' title='bbox 841 2973 1013 3041; x_wconf 91' lang='lat' dir='ltr'><strong>Deus;</strong></span> <span class='ocrx_word' id='word_1_219' title='bbox 1043 2978 1137 3032; x_wconf 89' lang='lat' dir='ltr'><strong>sed</strong></span> <span class='ocrx_word' id='word_1_220' title='bbox 1161 2987 1340 3036; x_wconf 86' lang='lat' dir='ltr'><strong>tamen</strong></span> <span class='ocrx_word' id='word_1_221' title='bbox 1363 2987 1509 3054; x_wconf 91' lang='lat' dir='ltr'><strong>quod</strong></span> <span class='ocrx_word' id='word_1_222' title='bbox 1527 2964 1829 3047; x_wconf 83' lang='lat' dir='ltr'><strong>secundum</strong></span> <span class='ocrx_word' id='word_1_223' title='bbox 1850 3010 2069 3052; x_wconf 81' lang='lat' dir='ltr'><strong>carnem</strong></span> 
     </span>
    </p>
   </div>
   <div class='ocr_carea' id='block_1_33' title="bbox 489 3060 2071 3150">
    <p class='ocr_par' dir='ltr' id='par_1_33' title="bbox 489 3060 2071 3150">
     <span class='ocr_line' id='line_1_33' title="bbox 489 3060 2071 3150; baseline 0.023 -43"><span class='ocrx_word' id='word_1_224' title='bbox 489 3070 592 3123; x_wconf 90' lang='lat' dir='ltr'><strong>pro</strong></span> <span class='ocrx_word' id='word_1_225' title='bbox 640 3060 801 3114; x_wconf 91' lang='lat' dir='ltr'><strong>nobis</strong></span> <span class='ocrx_word' id='word_1_226' title='bbox 845 3066 1092 3132; x_wconf 90' lang='lat' dir='ltr'><strong>pertulit,</strong></span> <span class='ocrx_word' id='word_1_227' title='bbox 1130 3069 1209 3123; x_wconf 91' lang='lat' dir='ltr'><strong>illi</strong></span> <span class='ocrx_word' id='word_1_228' title='bbox 1253 3074 1569 3143; x_wconf 89' lang='lat' dir='ltr'><strong>ascribitur,</strong></span> <span class='ocrx_word' id='word_1_229' title='bbox 1606 3092 1879 3150; x_wconf 91' lang='lat' dir='ltr'><strong>quatenus</strong></span> <span class='ocrx_word' id='word_1_230' title='bbox 1928 3087 2071 3143; x_wconf 89' lang='lat' dir='ltr'><strong>Deus</strong></span> 
     </span>
    </p>
   </div>
   <div class='ocr_carea' id='block_1_34' title="bbox 490 3152 2069 3244">
    <p class='ocr_par' dir='ltr' id='par_1_34' title="bbox 490 3152 2069 3244">
     <span class='ocr_line' id='line_1_34' title="bbox 490 3152 2069 3244; baseline 0.023 -46"><span class='ocrx_word' id='word_1_231' title='bbox 490 3154 682 3203; x_wconf 89' lang='lat' dir='ltr'><strong>natura</strong></span> <span class='ocrx_word' id='word_1_232' title='bbox 715 3152 1004 3220; x_wconf 82' lang='lat' dir='ltr'><strong>exsistens,</strong></span> <span class='ocrx_word' id='word_1_233' title='bbox 1032 3156 1209 3215; x_wconf 89' lang='lat' dir='ltr'><strong>factus</strong></span> <span class='ocrx_word' id='word_1_234' title='bbox 1240 3176 1325 3217; x_wconf 92' lang='lat' dir='ltr'><strong>est</strong></span> <span class='ocrx_word' id='word_1_235' title='bbox 1356 3180 1503 3231; x_wconf 91' lang='lat' dir='ltr'><strong>caro,</strong></span> <span class='ocrx_word' id='word_1_236' title='bbox 1531 3169 1636 3226; x_wconf 91' lang='lat' dir='ltr'><strong>hoc</strong></span> <span class='ocrx_word' id='word_1_237' title='bbox 1663 3182 1748 3227; x_wconf 89' lang='lat' dir='ltr'><strong>est</strong></span> <span class='ocrx_word' id='word_1_238' title='bbox 1791 3177 2069 3244; x_wconf 89' lang='lat' dir='ltr'><strong>perfectus</strong></span> 
     </span>
    </p>
   </div>
   <div class='ocr_carea' id='block_1_35' title="bbox 488 3236 2069 3340">
    <p class='ocr_par' dir='ltr' id='par_1_35' title="bbox 488 3236 2069 3340">
     <span class='ocr_line' id='line_1_35' title="bbox 488 3236 2069 3340; baseline 0.022 -49"><span class='ocrx_word' id='word_1_239' title='bbox 488 3236 676 3295; x_wconf 88' lang='lat' dir='ltr'><strong>homo.</strong></span> <span class='ocrx_word' id='word_1_240' title='bbox 712 3242 847 3298; x_wconf 86' lang='lat' dir='ltr'><strong>Nam</strong></span> <span class='ocrx_word' id='word_1_241' title='bbox 887 3248 1032 3317; x_wconf 91' lang='lat' dir='ltr'><strong>quis,</strong></span> <span class='ocrx_word' id='word_1_242' title='bbox 1067 3266 1273 3321; x_wconf 66' lang='lat' dir='ltr'><strong>quaaso,</strong></span> <span class='ocrx_word' id='word_1_243' title='bbox 1311 3268 1451 3319; x_wconf 83' lang='lat' dir='ltr'><strong>erat,</strong></span> <span class='ocrx_word' id='word_1_244' title='bbox 1479 3262 1573 3329; x_wconf 90' lang='lat' dir='ltr'><strong>qui</strong></span> <span class='ocrx_word' id='word_1_245' title='bbox 1608 3264 1674 3318; x_wconf 91' lang='lat' dir='ltr'><strong>ad</strong></span> <span class='ocrx_word' id='word_1_246' title='bbox 1720 3236 1935 3322; x_wconf 75' lang='lat' dir='ltr'><strong>Patrem</strong></span> <span class='ocrx_word' id='word_1_247' title='bbox 1975 3272 2069 3340; x_wconf 90' lang='lat' dir='ltr'><strong>qui</strong></span> 
     </span>
    </p>
   </div>
   <div class='ocr_carea' id='block_1_36' title="bbox 486 3333 2070 3419">
    <p class='ocr_par' dir='ltr' id='par_1_36' title="bbox 486 3333 2070 3419">
     <span class='ocr_line' id='line_1_36' title="bbox 486 3333 2070 3419; baseline 0.021 -34"><span class='ocrx_word' id='word_1_248' title='bbox 486 3341 572 3387; x_wconf 86' lang='lat' dir='ltr'><strong>est</strong></span> <span class='ocrx_word' id='word_1_249' title='bbox 604 3333 660 3389; x_wconf 92' lang='lat' dir='ltr'><strong>in</strong></span> <span class='ocrx_word' id='word_1_250' title='bbox 688 3338 863 3405; x_wconf 62' lang='lat' dir='ltr'><strong>caelis,</strong></span> <span class='ocrx_word' id='word_1_251' title='bbox 895 3356 959 3396; x_wconf 92' lang='lat' dir='ltr'><strong>ac</strong></span> <span class='ocrx_word' id='word_1_252' title='bbox 983 3342 1154 3399; x_wconf 92' lang='lat' dir='ltr'><strong>Deum</strong></span> <span class='ocrx_word' id='word_1_253' title='bbox 1188 3346 1536 3419; x_wconf 90' lang='lat' dir='ltr'><strong>loquebatur,</strong></span> <span class='ocrx_word' id='word_1_254' title='bbox 1566 3356 1759 3413; x_wconf 85' lang='lat' dir='ltr'><strong>dicens</strong></span> <span class='ocrx_word' id='word_1_255' title='bbox 1789 3378 1801 3413; x_wconf 94' lang='lat'><strong>:</strong></span> <span class='ocrx_word' id='word_1_256' title='bbox 1840 3381 1857 3411; x_wconf 76' lang='grc' dir='ltr'><strong>ι</strong></span> <span class='ocrx_word' id='word_1_257' title='bbox 1892 3362 2070 3419; x_wconf 87' lang='lat' dir='ltr'><strong>Sacri-</strong></span> 
     </span>
    </p>
   </div>
   <div class='ocr_carea' id='block_1_37' title="bbox 490 3422 2066 3522">
    <p class='ocr_par' dir='ltr' id='par_1_37' title="bbox 490 3422 2066 3522">
     <span class='ocr_line' id='line_1_37' title="bbox 490 3422 2066 3522; baseline 0.021 -46"><span class='ocrx_word' id='word_1_258' title='bbox 490 3422 672 3479; x_wconf 77' lang='lat' dir='ltr'><strong>ficium</strong></span> <span class='ocrx_word' id='word_1_259' title='bbox 707 3437 763 3482; x_wconf 91' lang='lat' dir='ltr'><strong>et</strong></span> <span class='ocrx_word' id='word_1_260' title='bbox 796 3430 1129 3489; x_wconf 88' lang='lat' dir='ltr'><strong>oblationem</strong></span> <span class='ocrx_word' id='word_1_261' title='bbox 1158 3439 1403 3506; x_wconf 85' lang='lat' dir='ltr'><strong>noluisti,</strong></span> <span class='ocrx_word' id='word_1_262' title='bbox 1430 3458 1631 3514; x_wconf 92' lang='lat' dir='ltr'><strong>corpus</strong></span> <span class='ocrx_word' id='word_1_263' title='bbox 1660 3459 1841 3504; x_wconf 91' lang='lat' dir='ltr'><strong>autem</strong></span> <span class='ocrx_word' id='word_1_264' title='bbox 1869 3456 2066 3522; x_wconf 88' lang='lat' dir='ltr'><strong>aptasti</strong></span> 
     </span>
    </p>
   </div>
   <div class='ocr_carea' id='block_1_38' title="bbox 487 3515 2067 3607">
    <p class='ocr_par' dir='ltr' id='par_1_38' title="bbox 487 3515 2067 3607">
     <span class='ocr_line' id='line_1_38' title="bbox 487 3515 2067 3607; baseline 0.022 -41"><span class='ocrx_word' id='word_1_265' title='bbox 487 3515 646 3581; x_wconf 90' lang='lat' dir='ltr'><strong>mihi,</strong></span> <span class='ocrx_word' id='word_1_266' title='bbox 684 3517 1122 3580; x_wconf 88' lang='lat' dir='ltr'><strong>holocautomata</strong></span> <span class='ocrx_word' id='word_1_267' title='bbox 1156 3537 1212 3582; x_wconf 89' lang='lat' dir='ltr'><strong>et</strong></span> <span class='ocrx_word' id='word_1_268' title='bbox 1238 3546 1338 3599; x_wconf 87' lang='lat' dir='ltr'><strong>pro</strong></span> <span class='ocrx_word' id='word_1_269' title='bbox 1380 3545 1606 3602; x_wconf 87' lang='lat' dir='ltr'><strong>peccato</strong></span> <span class='ocrx_word' id='word_1_270' title='bbox 1635 3540 1882 3607; x_wconf 90' lang='lat' dir='ltr'><strong>noluisti,</strong></span> <span class='ocrx_word' id='word_1_271' title='bbox 1903 3515 2067 3599; x_wconf 49' lang='grc' dir='ltr'>ἰυηο</span> 
     </span>
    </p>
   </div>
   <div class='ocr_carea' id='block_1_39' title="bbox 485 3605 2065 3693">
    <p class='ocr_par' dir='ltr' id='par_1_39' title="bbox 485 3605 2065 3693">
     <span class='ocr_line' id='line_1_39' title="bbox 485 3605 2065 3693; baseline 0.02 -34"><span class='ocrx_word' id='word_1_272' title='bbox 485 3605 596 3661; x_wconf 81' lang='lat' dir='ltr'><strong>dixi</strong></span> <span class='ocrx_word' id='word_1_273' title='bbox 644 3626 656 3662; x_wconf 94' lang='lat'>:</span> <span class='ocrx_word' id='word_1_274' title='bbox 703 3609 841 3666; x_wconf 85' lang='lat' dir='ltr'><strong>Ecce</strong></span> <span class='ocrx_word' id='word_1_275' title='bbox 890 3615 1082 3680; x_wconf 88' lang='lat' dir='ltr'><strong>venio,</strong></span> <span class='ocrx_word' id='word_1_276' title='bbox 1131 3630 1192 3675; x_wconf 92' lang='lat' dir='ltr'><strong>ut</strong></span> <span class='ocrx_word' id='word_1_277' title='bbox 1230 3621 1455 3689; x_wconf 84' lang='lat' dir='ltr'><strong>faciam,</strong></span> <span class='ocrx_word' id='word_1_278' title='bbox 1507 3627 1682 3693; x_wconf 88' lang='lat' dir='ltr'><strong>Deus,</strong></span> <span class='ocrx_word' id='word_1_279' title='bbox 1730 3633 2065 3689; x_wconf 89' lang='lat' dir='ltr'><strong>voluntatem</strong></span> 
     </span>
    </p>
   </div>
   <div class='ocr_carea' id='block_1_40' title="bbox 488 3701 2063 3795">
    <p class='ocr_par' dir='ltr' id='par_1_40' title="bbox 488 3701 2063 3795">
     <span class='ocr_line' id='line_1_40' title="bbox 488 3701 2063 3795; baseline 0.021 -44"><span class='ocrx_word' id='word_1_280' title='bbox 488 3706 637 3755; x_wconf 89' lang='lat' dir='ltr'><strong>tuam</strong></span> <span class='ocrx_word' id='word_1_281' title='bbox 660 3701 738 3757; x_wconf 70' lang='grc'><strong>⁸⁸2</strong></span> <span class='ocrx_word' id='word_1_282' title='bbox 765 3723 781 3755; x_wconf 75' lang='grc' dir='ltr'><strong>ι</strong></span> <span class='ocrx_word' id='word_1_283' title='bbox 822 3704 927 3772; x_wconf 85' lang='lat' dir='ltr'><strong>Qui</strong></span> <span class='ocrx_word' id='word_1_284' title='bbox 954 3710 1101 3764; x_wconf 93' lang='lat' dir='ltr'><strong>enim</strong></span> <span class='ocrx_word' id='word_1_285' title='bbox 1149 3716 1399 3784; x_wconf 91' lang='lat' dir='ltr'><strong>corporis</strong></span> <span class='ocrx_word' id='word_1_286' title='bbox 1440 3733 1636 3789; x_wconf 77' lang='lat' dir='ltr'><strong>expers</strong></span> <span class='ocrx_word' id='word_1_287' title='bbox 1665 3733 1783 3778; x_wconf 84' lang='lat' dir='ltr'><strong>erat</strong></span> <span class='ocrx_word' id='word_1_288' title='bbox 1816 3735 1876 3780; x_wconf 91' lang='lat' dir='ltr'><strong>ut</strong></span> <span class='ocrx_word' id='word_1_289' title='bbox 1899 3729 2063 3795; x_wconf 88' lang='lat' dir='ltr'><strong>Deus,</strong></span> 
     </span>
    </p>
   </div>
   <div class='ocr_carea' id='block_1_41' title="bbox 484 3794 2062 3887">
    <p class='ocr_par' dir='ltr' id='par_1_41' title="bbox 484 3794 2062 3887">
     <span class='ocr_line' id='line_1_41' title="bbox 484 3794 2062 3887; baseline 0.022 -45"><span class='ocrx_word' id='word_1_290' title='bbox 484 3804 686 3860; x_wconf 89' lang='lat' dir='ltr'><strong>corpus</strong></span> <span class='ocrx_word' id='word_1_291' title='bbox 709 3794 810 3851; x_wconf 88' lang='lat' dir='ltr'><strong>sibi</strong></span> <span class='ocrx_word' id='word_1_292' title='bbox 837 3807 1083 3867; x_wconf 86' lang='lat' dir='ltr'><strong>aptatum</strong></span> <span class='ocrx_word' id='word_1_293' title='bbox 1109 3803 1333 3870; x_wconf 85' lang='lat' dir='ltr'><strong>fatetur,</strong></span> <span class='ocrx_word' id='word_1_294' title='bbox 1365 3818 1424 3862; x_wconf 93' lang='lat' dir='ltr'><strong>ut</strong></span> <span class='ocrx_word' id='word_1_295' title='bbox 1445 3827 1511 3865; x_wconf 93' lang='lat' dir='ltr'><strong>eo</strong></span> <span class='ocrx_word' id='word_1_296' title='bbox 1537 3828 1636 3881; x_wconf 89' lang='lat' dir='ltr'><strong>pro</strong></span> <span class='ocrx_word' id='word_1_297' title='bbox 1670 3817 1828 3872; x_wconf 89' lang='lat' dir='ltr'><strong>nobis</strong></span> <span class='ocrx_word' id='word_1_298' title='bbox 1856 3794 2062 3887; x_wconf 88' lang='lat' dir='ltr'><strong>oblato,</strong></span> 
     </span>
    </p>
   </div>
   <div class='ocr_carea' id='block_1_42' title="bbox 484 3892 2061 3975">
    <p class='ocr_par' dir='ltr' id='par_1_42' title="bbox 484 3892 2061 3975">
     <span class='ocr_line' id='line_1_42' title="bbox 484 3892 2061 3975; baseline 0.022 -42"><span class='ocrx_word' id='word_1_299' title='bbox 484 3895 586 3935; x_wconf 89' lang='lat' dir='ltr'><strong>suo</strong></span> <span class='ocrx_word' id='word_1_300' title='bbox 620 3900 720 3940; x_wconf 90' lang='lat' dir='ltr'><strong>nos</strong></span> <span class='ocrx_word' id='word_1_301' title='bbox 742 3902 933 3945; x_wconf 88' lang='lat' dir='ltr'><strong>omnes</strong></span> <span class='ocrx_word' id='word_1_302' title='bbox 960 3892 1325 3968; x_wconf 79' lang='lat' dir='ltr'><strong>livore,juxta</strong></span> <span class='ocrx_word' id='word_1_303' title='bbox 1348 3904 1630 3973; x_wconf 71' lang='lat' dir='ltr'><strong>propheta:</strong></span> <span class='ocrx_word' id='word_1_304' title='bbox 1663 3923 1873 3975; x_wconf 89' lang='lat' dir='ltr'><strong>vocem,</strong></span> <span class='ocrx_word' id='word_1_305' title='bbox 1902 3928 2061 3967; x_wconf 86' lang='lat' dir='ltr'><strong>sana—</strong></span> 
     </span>
    </p>
   </div>
   <div class='ocr_carea' id='block_1_43' title="bbox 484 3973 2064 4063">
    <p class='ocr_par' dir='ltr' id='par_1_43' title="bbox 484 3973 2064 4063">
     <span class='ocr_line' id='line_1_43' title="bbox 484 3973 2064 4063; baseline 0.022 -39"><span class='ocrx_word' id='word_1_306' title='bbox 484 3981 571 4026; x_wconf 88' lang='lat' dir='ltr'><strong>ret</strong></span> <span class='ocrx_word' id='word_1_307' title='bbox 594 3973 657 4027; x_wconf 84' lang='lat'><strong>&quot;.</strong></span> <span class='ocrx_word' id='word_1_308' title='bbox 693 3975 812 4043; x_wconf 90' lang='lat' dir='ltr'><strong>Quo</strong></span> <span class='ocrx_word' id='word_1_309' title='bbox 832 3992 992 4049; x_wconf 91' lang='lat' dir='ltr'><strong>pacto</strong></span> <span class='ocrx_word' id='word_1_310' title='bbox 1030 3988 1198 4041; x_wconf 90' lang='lat' dir='ltr'><strong>etiam</strong></span> <span class='ocrx_word' id='word_1_311' title='bbox 1233 4007 1375 4046; x_wconf 93' lang='lat' dir='ltr'><strong>unus</strong></span> <span class='ocrx_word' id='word_1_312' title='bbox 1395 4010 1495 4063; x_wconf 87' lang='lat' dir='ltr'><strong>pro</strong></span> <span class='ocrx_word' id='word_1_313' title='bbox 1523 3998 1779 4055; x_wconf 73' lang='lat' dir='ltr'><strong>omnibus</strong></span> <span class='ocrx_word' id='word_1_314' title='bbox 1813 4014 2064 4059; x_wconf 89' lang='lat' dir='ltr'><strong>mortuus</strong></span> 
     </span>
    </p>
   </div>
   <div class='ocr_carea' id='block_1_44' title="bbox 481 4067 2058 4161">
    <p class='ocr_par' dir='ltr' id='par_1_44' title="bbox 481 4067 2058 4161">
     <span class='ocr_line' id='line_1_44' title="bbox 481 4067 2058 4161; baseline 0.022 -44"><span class='ocrx_word' id='word_1_315' title='bbox 481 4073 567 4118; x_wconf 87' lang='lat' dir='ltr'><strong>est</strong></span> <span class='ocrx_word' id='word_1_316' title='bbox 596 4067 663 4131; x_wconf 81' lang='grc'><strong>⁷⁸,</strong></span> <span class='ocrx_word' id='word_1_317' title='bbox 700 4071 793 4138; x_wconf 90' lang='lat' dir='ltr'><strong>qui</strong></span> <span class='ocrx_word' id='word_1_318' title='bbox 813 4072 1021 4141; x_wconf 87' lang='lat' dir='ltr'><strong>justum</strong></span> <span class='ocrx_word' id='word_1_319' title='bbox 1050 4094 1149 4147; x_wconf 82' lang='lat' dir='ltr'><strong>pro</strong></span> <span class='ocrx_word' id='word_1_320' title='bbox 1179 4084 1436 4140; x_wconf 85' lang='lat' dir='ltr'><strong>omnibus</strong></span> <span class='ocrx_word' id='word_1_321' title='bbox 1467 4090 1703 4157; x_wconf 88' lang='lat' dir='ltr'><strong>pretium</strong></span> <span class='ocrx_word' id='word_1_322' title='bbox 1734 4097 2058 4161; x_wconf 78' lang='lat' dir='ltr'><strong>exsolveret,</strong></span> 
     </span>
    </p>
   </div>
   <div class='ocr_carea' id='block_1_45' title="bbox 481 4153 2063 4256">
    <p class='ocr_par' dir='ltr' id='par_1_45' title="bbox 481 4153 2063 4256">
     <span class='ocr_line' id='line_1_45' title="bbox 481 4153 2063 4256; baseline 0.023 -50"><span class='ocrx_word' id='word_1_323' title='bbox 481 4153 527 4207; x_wconf 92' lang='lat' dir='ltr'><strong>si</strong></span> <span class='ocrx_word' id='word_1_324' title='bbox 570 4155 657 4211; x_wconf 90' lang='lat' dir='ltr'><strong>illa</strong></span> <span class='ocrx_word' id='word_1_325' title='bbox 691 4163 874 4229; x_wconf 87' lang='lat' dir='ltr'><strong>passio</strong></span> <span class='ocrx_word' id='word_1_326' title='bbox 916 4168 1039 4234; x_wconf 85' lang='lat' dir='ltr'><strong>puri</strong></span> <span class='ocrx_word' id='word_1_327' title='bbox 1089 4170 1393 4242; x_wconf 86' lang='lat' dir='ltr'><strong>cujuspiam</strong></span> <span class='ocrx_word' id='word_1_328' title='bbox 1432 4178 1671 4235; x_wconf 87' lang='lat' dir='ltr'><strong>hominis</strong></span> <span class='ocrx_word' id='word_1_329' title='bbox 1705 4184 1872 4238; x_wconf 84' lang='lat' dir='ltr'><strong>fuisse</strong></span> <span class='ocrx_word' id='word_1_330' title='bbox 1908 4198 2063 4256; x_wconf 87' lang='lat' dir='ltr'><strong>puta-</strong></span> 
     </span>
    </p>
   </div>
   <div class='ocr_carea' id='block_1_46' title="bbox 483 4248 2061 4349">
    <p class='ocr_par' dir='ltr' id='par_1_46' title="bbox 483 4248 2061 4349">
     <span class='ocr_line' id='line_1_46' title="bbox 483 4248 2061 4349; baseline 0.023 -51"><span class='ocrx_word' id='word_1_331' title='bbox 483 4248 612 4300; x_wconf 87' lang='lat' dir='ltr'><strong>tur?</strong></span> <span class='ocrx_word' id='word_1_332' title='bbox 636 4250 789 4315; x_wconf 87' lang='lat' dir='ltr'><strong>Quod</strong></span> <span class='ocrx_word' id='word_1_333' title='bbox 824 4256 866 4307; x_wconf 92' lang='lat' dir='ltr'><strong>si</strong></span> <span class='ocrx_word' id='word_1_334' title='bbox 902 4260 1205 4315; x_wconf 91' lang='lat' dir='ltr'><strong>secundum</strong></span> <span class='ocrx_word' id='word_1_335' title='bbox 1234 4264 1526 4324; x_wconf 84' lang='lat' dir='ltr'><strong>humanam</strong></span> <span class='ocrx_word' id='word_1_336' title='bbox 1556 4283 1804 4329; x_wconf 89' lang='lat' dir='ltr'><strong>naturam</strong></span> <span class='ocrx_word' id='word_1_337' title='bbox 1837 4288 1917 4331; x_wconf 87' lang='lat' dir='ltr'><strong>est</strong></span> <span class='ocrx_word' id='word_1_338' title='bbox 1941 4296 2061 4349; x_wconf 89' lang='lat' dir='ltr'><strong>pas-</strong></span> 
     </span>
    </p>
   </div>
   <div class='ocr_carea' id='block_1_47' title="bbox 481 4346 2055 4436">
    <p class='ocr_par' dir='ltr' id='par_1_47' title="bbox 481 4346 2055 4436">
     <span class='ocr_line' id='line_1_47' title="bbox 481 4346 2055 4436; baseline 0.023 -46"><span class='ocrx_word' id='word_1_339' title='bbox 481 4353 593 4403; x_wconf 89' lang='lat' dir='ltr'><strong>sus,</strong></span> <span class='ocrx_word' id='word_1_340' title='bbox 627 4351 685 4395; x_wconf 93' lang='lat' dir='ltr'><strong>ut</strong></span> <span class='ocrx_word' id='word_1_341' title='bbox 712 4346 804 4412; x_wconf 91' lang='lat' dir='ltr'><strong>qui</strong></span> <span class='ocrx_word' id='word_1_342' title='bbox 836 4361 947 4403; x_wconf 76' lang='lat' dir='ltr'><strong>suze</strong></span> <span class='ocrx_word' id='word_1_343' title='bbox 971 4354 1153 4407; x_wconf 89' lang='lat' dir='ltr'><strong>carnis</strong></span> <span class='ocrx_word' id='word_1_344' title='bbox 1183 4359 1465 4425; x_wconf 88' lang='lat' dir='ltr'><strong>passiones</strong></span> <span class='ocrx_word' id='word_1_345' title='bbox 1492 4364 1595 4417; x_wconf 91' lang='lat' dir='ltr'><strong>sibi</strong></span> <span class='ocrx_word' id='word_1_346' title='bbox 1625 4368 1876 4436; x_wconf 88' lang='lat' dir='ltr'><strong>proprias</strong></span> <span class='ocrx_word' id='word_1_347' title='bbox 1900 4370 2055 4435; x_wconf 88' lang='lat' dir='ltr'><strong>fecit;</strong></span> 
     </span>
    </p>
   </div>
   <div class='ocr_carea' id='block_1_48' title="bbox 481 4435 2058 4531">
    <p class='ocr_par' dir='ltr' id='par_1_48' title="bbox 481 4435 2058 4531">
     <span class='ocr_line' id='line_1_48' title="bbox 481 4435 2058 4531; baseline 0.023 -50"><span class='ocrx_word' id='word_1_348' title='bbox 481 4438 612 4487; x_wconf 91' lang='lat' dir='ltr'><strong>tunc</strong></span> <span class='ocrx_word' id='word_1_349' title='bbox 634 4435 853 4492; x_wconf 85' lang='lat' dir='ltr'><strong>demum</strong></span> <span class='ocrx_word' id='word_1_350' title='bbox 882 4442 1043 4497; x_wconf 91' lang='lat' dir='ltr'><strong>unius</strong></span> <span class='ocrx_word' id='word_1_351' title='bbox 1068 4459 1299 4504; x_wconf 88' lang='lat' dir='ltr'><strong>mortem</strong></span> <span class='ocrx_word' id='word_1_352' title='bbox 1327 4456 1628 4510; x_wconf 87' lang='lat' dir='ltr'><strong>secundum</strong></span> <span class='ocrx_word' id='word_1_353' title='bbox 1662 4474 1881 4514; x_wconf 91' lang='lat' dir='ltr'><strong>carnem</strong></span> <span class='ocrx_word' id='word_1_354' title='bbox 1905 4504 1917 4523; x_wconf 85' lang='lat'><strong>,</strong></span> <span class='ocrx_word' id='word_1_355' title='bbox 1942 4464 2058 4531; x_wconf 88' lang='lat' dir='ltr'><strong>jus—</strong></span> 
     </span>
    </p>
   </div>
   <div class='ocr_carea' id='block_1_49' title="bbox 2190 603 3761 681">
    <p class='ocr_par' dir='ltr' id='par_1_49' title="bbox 2190 603 3761 681">
     <span class='ocr_line' id='line_1_49' title="bbox 2190 603 3761 681; baseline 0.006 -27"><span class='ocrx_word' id='word_1_356' title='bbox 2190 603 2282 654; x_wconf 77' lang='grc' dir='ltr'>καὶ</span> <span class='ocrx_word' id='word_1_357' title='bbox 2320 604 2663 675; x_wconf 83' lang='grc' dir='ltr'><strong>ἀπερινοήτῳ</strong></span> <span class='ocrx_word' id='word_1_358' title='bbox 2708 606 2886 673; x_wconf 87' lang='grc' dir='ltr'>φύσει.</span> <span class='ocrx_word' id='word_1_359' title='bbox 2930 606 3148 676; x_wconf 81' lang='grc' dir='ltr'><strong>Ἐπειδὴ</strong></span> <span class='ocrx_word' id='word_1_360' title='bbox 3171 606 3229 659; x_wconf 84' lang='grc' dir='ltr'>δὲ</span> <span class='ocrx_word' id='word_1_361' title='bbox 3269 608 3298 660; x_wconf 99' lang='lat'><strong>6</strong></span> <span class='ocrx_word' id='word_1_362' title='bbox 3340 611 3635 681; x_wconf 84' lang='grc' dir='ltr'>μονογενὴς</span> <span class='ocrx_word' id='word_1_363' title='bbox 3667 610 3761 665; x_wconf 89' lang='grc' dir='ltr'><strong>τοῦ</strong></span> 
     </span>
    </p>
   </div>
   <div class='ocr_carea' id='block_1_50' title="bbox 2187 691 3761 768">
    <p class='ocr_par' dir='ltr' id='par_1_50' title="bbox 2187 691 3761 768">
     <span class='ocr_line' id='line_1_50' title="bbox 2187 691 3761 768; baseline 0.007 -23"><span class='ocrx_word' id='word_1_364' title='bbox 2187 691 2324 745; x_wconf 84' lang='grc' dir='ltr'><strong>Θεοῦ</strong></span> <span class='ocrx_word' id='word_1_365' title='bbox 2353 695 2526 763; x_wconf 82' lang='grc' dir='ltr'><strong>Λόγος</strong></span> <span class='ocrx_word' id='word_1_366' title='bbox 2554 696 2715 765; x_wconf 86' lang='grc' dir='ltr'>σῶμα</span> <span class='ocrx_word' id='word_1_367' title='bbox 2756 695 2939 750; x_wconf 79' lang='grc' dir='ltr'>λαϐὼν</span> <span class='ocrx_word' id='word_1_368' title='bbox 2976 699 3040 751; x_wconf 87' lang='grc' dir='ltr'><strong>έκ</strong></span> <span class='ocrx_word' id='word_1_369' title='bbox 3067 699 3167 768; x_wconf 84' lang='grc' dir='ltr'>τῆς</span> <span class='ocrx_word' id='word_1_370' title='bbox 3194 698 3357 767; x_wconf 89' lang='grc' dir='ltr'>ἀγίας</span> <span class='ocrx_word' id='word_1_371' title='bbox 3386 702 3479 754; x_wconf 75' lang='grc' dir='ltr'>καὶ</span> <span class='ocrx_word' id='word_1_372' title='bbox 3496 701 3761 755; x_wconf 87' lang='grc' dir='ltr'>Θεοτόκου</span> 
     </span>
    </p>
   </div>
   <div class='ocr_carea' id='block_1_51' title="bbox 2187 782 3760 858">
    <p class='ocr_par' dir='ltr' id='par_1_51' title="bbox 2187 782 3760 858">
     <span class='ocr_line' id='line_1_51' title="bbox 2187 782 3760 858; baseline 0.004 -23"><span class='ocrx_word' id='word_1_373' title='bbox 2187 782 2484 853; x_wconf 75' lang='grc' dir='ltr'>Παρθένου,</span> <span class='ocrx_word' id='word_1_374' title='bbox 2519 786 2635 849; x_wconf 74' lang='grc' dir='ltr'>καὶ,</span> <span class='ocrx_word' id='word_1_375' title='bbox 2661 784 2739 849; x_wconf 83' lang='grc' dir='ltr'>ὡς</span> <span class='ocrx_word' id='word_1_376' title='bbox 2768 784 2905 858; x_wconf 78' lang='grc' dir='ltr'>ἔφην</span> <span class='ocrx_word' id='word_1_377' title='bbox 2958 787 3056 858; x_wconf 75' lang='grc' dir='ltr'><strong>ήδη</strong></span> <span class='ocrx_word' id='word_1_378' title='bbox 3090 786 3425 856; x_wconf 81' lang='grc' dir='ltr'>πλειστάκις,</span> <span class='ocrx_word' id='word_1_379' title='bbox 3474 790 3604 845; x_wconf 74' lang='grc' dir='ltr'>ἴδιον</span> <span class='ocrx_word' id='word_1_380' title='bbox 3630 792 3760 845; x_wconf 77' lang='grc' dir='ltr'><strong>αὑτῦ</strong></span> 
     </span>
    </p>
   </div>
   <div class='ocr_carea' id='block_1_52' title="bbox 2186 873 3759 950">
    <p class='ocr_par' dir='ltr' id='par_1_52' title="bbox 2186 873 3759 950">
     <span class='ocr_line' id='line_1_52' title="bbox 2186 873 3759 950; baseline 0.006 -26"><span class='ocrx_word' id='word_1_381' title='bbox 2186 873 2573 944; x_wconf 69' lang='grc' dir='ltr'><strong>ποιησάμενος,</strong></span> <span class='ocrx_word' id='word_1_382' title='bbox 2605 875 2796 931; x_wconf 81' lang='grc' dir='ltr'>ἑαυτὸν</span> <span class='ocrx_word' id='word_1_383' title='bbox 2832 876 2970 948; x_wconf 77' lang='grc' dir='ltr'>ὑπὲρ</span> <span class='ocrx_word' id='word_1_384' title='bbox 2999 878 3156 949; x_wconf 86' lang='grc' dir='ltr'>ήμῶν</span> <span class='ocrx_word' id='word_1_385' title='bbox 3200 879 3641 950; x_wconf 85' lang='grc' dir='ltr'>προσκεκόμικεν</span> <span class='ocrx_word' id='word_1_386' title='bbox 3676 882 3759 945; x_wconf 87' lang='grc' dir='ltr'><strong>είς</strong></span> 
     </span>
    </p>
   </div>
   <div class='ocr_carea' id='block_1_53' title="bbox 2185 962 3757 1042">
    <p class='ocr_par' dir='ltr' id='par_1_53' title="bbox 2185 962 3757 1042">
     <span class='ocr_line' id='line_1_53' title="bbox 2185 962 3757 1042; baseline 0.004 -26"><span class='ocrx_word' id='word_1_387' title='bbox 2185 962 2362 1035; x_wconf 80' lang='grc' dir='ltr'>ὀσμὴν</span> <span class='ocrx_word' id='word_1_388' title='bbox 2403 965 2631 1029; x_wconf 80' lang='grc' dir='ltr'>εὐωδίας</span> <span class='ocrx_word' id='word_1_389' title='bbox 2674 965 2753 1037; x_wconf 84' lang='grc' dir='ltr'>τῷ</span> <span class='ocrx_word' id='word_1_390' title='bbox 2802 967 2920 1036; x_wconf 89' lang='grc' dir='ltr'><strong>Θεῴ</strong></span> <span class='ocrx_word' id='word_1_391' title='bbox 2966 967 3061 1021; x_wconf 75' lang='grc' dir='ltr'>καὶ</span> <span class='ocrx_word' id='word_1_392' title='bbox 3108 968 3304 1040; x_wconf 75' lang='grc' dir='ltr'>Πατρὶ,</span> <span class='ocrx_word' id='word_1_393' title='bbox 3330 969 3404 1034; x_wconf 89' lang='grc' dir='ltr'><strong>ὡς</strong></span> <span class='ocrx_word' id='word_1_394' title='bbox 3431 969 3661 1042; x_wconf 77' lang='grc' dir='ltr'>ἄμωμον</span> <span class='ocrx_word' id='word_1_395' title='bbox 3684 971 3757 1023; x_wconf 77' lang='grc' dir='ltr'>ίεο</span> 
     </span>
    </p>
   </div>
   <div class='ocr_carea' id='block_1_54' title="bbox 2190 1057 3759 1133">
    <p class='ocr_par' dir='ltr' id='par_1_54' title="bbox 2190 1057 3759 1133">
     <span class='ocr_line' id='line_1_54' title="bbox 2190 1057 3759 1133; baseline 0.004 -24"><span class='ocrx_word' id='word_1_396' title='bbox 2190 1059 2350 1126; x_wconf 88' lang='grc' dir='ltr'>ρεῖον,</span> <span class='ocrx_word' id='word_1_397' title='bbox 2382 1057 2552 1129; x_wconf 80' lang='grc' dir='ltr'>ταύτῃ</span> <span class='ocrx_word' id='word_1_398' title='bbox 2576 1074 2679 1120; x_wconf 90' lang='grc' dir='ltr'>τοι,</span> <span class='ocrx_word' id='word_1_399' title='bbox 2710 1058 2805 1111; x_wconf 81' lang='grc' dir='ltr'>καὶ</span> <span class='ocrx_word' id='word_1_400' title='bbox 2826 1059 3115 1129; x_wconf 85' lang='grc' dir='ltr'>ὑπομεῖναι</span> <span class='ocrx_word' id='word_1_401' title='bbox 3150 1060 3367 1129; x_wconf 86' lang='grc' dir='ltr'>λέγεται</span> <span class='ocrx_word' id='word_1_402' title='bbox 3411 1063 3548 1133; x_wconf 87' lang='grc' dir='ltr'>πρὸς</span> <span class='ocrx_word' id='word_1_403' title='bbox 3597 1062 3759 1133; x_wconf 84' lang='grc' dir='ltr'>ήμῶν</span> 
     </span>
    </p>
   </div>
   <div class='ocr_carea' id='block_1_55' title="bbox 2184 1148 3759 1226">
    <p class='ocr_par' dir='ltr' id='par_1_55' title="bbox 2184 1148 3759 1226">
     <span class='ocr_line' id='line_1_55' title="bbox 2184 1148 3759 1226; baseline 0.004 -24"><span class='ocrx_word' id='word_1_404' title='bbox 2184 1150 2252 1203; x_wconf 84' lang='grc' dir='ltr'><strong>τά</strong></span> <span class='ocrx_word' id='word_1_405' title='bbox 2304 1150 2382 1211; x_wconf 79' lang='grc' dir='ltr'><strong>είς</strong></span> <span class='ocrx_word' id='word_1_406' title='bbox 2430 1150 2528 1221; x_wconf 80' lang='grc' dir='ltr'><strong>τήν</strong></span> <span class='ocrx_word' id='word_1_407' title='bbox 2573 1151 2753 1222; x_wconf 80' lang='grc' dir='ltr'>σάρκα</span> <span class='ocrx_word' id='word_1_408' title='bbox 2800 1152 2965 1205; x_wconf 85' lang='grc' dir='ltr'>αὐτοῦ</span> <span class='ocrx_word' id='word_1_409' title='bbox 3017 1153 3299 1221; x_wconf 86' lang='grc' dir='ltr'>γεγονότα.</span> <span class='ocrx_word' id='word_1_410' title='bbox 3337 1148 3412 1208; x_wconf 67' lang='lat' dir='ltr'><strong>Ub</strong></span> <span class='ocrx_word' id='word_1_411' title='bbox 3473 1154 3584 1226; x_wconf 81' lang='grc' dir='ltr'>γὰρ</span> <span class='ocrx_word' id='word_1_412' title='bbox 3629 1154 3759 1209; x_wconf 75' lang='grc' dir='ltr'>ἴδιόν</span> 
     </span>
    </p>
   </div>
   <div class='ocr_carea' id='block_1_56' title="bbox 2184 1242 3758 1317">
    <p class='ocr_par' dir='ltr' id='par_1_56' title="bbox 2184 1242 3758 1317">
     <span class='ocr_line' id='line_1_56' title="bbox 2184 1242 3758 1317; baseline 0.006 -24"><span class='ocrx_word' id='word_1_413' title='bbox 2184 1242 2299 1293; x_wconf 81' lang='grc' dir='ltr'>ἐστι</span> <span class='ocrx_word' id='word_1_414' title='bbox 2332 1243 2393 1295; x_wconf 84' lang='grc' dir='ltr'><strong>τὸ</strong></span> <span class='ocrx_word' id='word_1_415' title='bbox 2442 1242 2623 1313; x_wconf 78' lang='grc' dir='ltr'>σῶμα,</span> <span class='ocrx_word' id='word_1_416' title='bbox 2667 1242 2841 1314; x_wconf 83' lang='grc' dir='ltr'>τούτῳ</span> <span class='ocrx_word' id='word_1_417' title='bbox 2868 1244 2932 1297; x_wconf 81' lang='grc' dir='ltr'>ἂν</span> <span class='ocrx_word' id='word_1_418' title='bbox 2962 1245 3185 1306; x_wconf 76' lang='grc' dir='ltr'>εἰκότως</span> <span class='ocrx_word' id='word_1_419' title='bbox 3215 1246 3639 1317; x_wconf 84' lang='grc' dir='ltr'>προσγράφοιτο,</span> <span class='ocrx_word' id='word_1_420' title='bbox 3663 1245 3758 1302; x_wconf 77' lang='grc' dir='ltr'>καὶ</span> 
     </span>
    </p>
   </div>
   <div class='ocr_carea' id='block_1_57' title="bbox 2181 1330 3749 1405">
    <p class='ocr_par' dir='ltr' id='par_1_57' title="bbox 2181 1330 3749 1405">
     <span class='ocr_line' id='line_1_57' title="bbox 2181 1330 3749 1405; baseline 0.003 -19"><span class='ocrx_word' id='word_1_421' title='bbox 2181 1331 2252 1386; x_wconf 80' lang='grc' dir='ltr'><strong>τὰ</strong></span> <span class='ocrx_word' id='word_1_422' title='bbox 2281 1330 2446 1385; x_wconf 83' lang='grc' dir='ltr'>αὑτοῦ</span> <span class='ocrx_word' id='word_1_423' title='bbox 2476 1332 2671 1397; x_wconf 88' lang='grc' dir='ltr'>πάντα,</span> <span class='ocrx_word' id='word_1_424' title='bbox 2702 1333 2824 1403; x_wconf 84' lang='grc' dir='ltr'>δίχα</span> <span class='ocrx_word' id='word_1_425' title='bbox 2854 1334 3021 1405; x_wconf 83' lang='grc' dir='ltr'>μόνης</span> <span class='ocrx_word' id='word_1_426' title='bbox 3044 1334 3337 1405; x_wconf 83' lang='grc' dir='ltr'>ἁμαρτίας.</span> <span class='ocrx_word' id='word_1_427' title='bbox 3375 1336 3584 1389; x_wconf 66' lang='grc' dir='ltr'>Οὐκοῦν</span> <span class='ocrx_word' id='word_1_428' title='bbox 3608 1339 3749 1391; x_wconf 79' lang='grc' dir='ltr'>ἐπει-</span> 
     </span>
    </p>
   </div>
   <div class='ocr_carea' id='block_1_58' title="bbox 2179 1421 3756 1498">
    <p class='ocr_par' dir='ltr' id='par_1_58' title="bbox 2179 1421 3756 1498">
     <span class='ocr_line' id='line_1_58' title="bbox 2179 1421 3756 1498; baseline 0.004 -23"><span class='ocrx_word' id='word_1_429' title='bbox 2179 1422 2357 1495; x_wconf 81' lang='grc' dir='ltr'><strong>δήπερ</strong></span> <span class='ocrx_word' id='word_1_430' title='bbox 2410 1423 2837 1495; x_wconf 84' lang='grc' dir='ltr'>ένανθρωπήσας</span> <span class='ocrx_word' id='word_1_431' title='bbox 2880 1421 2947 1495; x_wconf 78' lang='grc' dir='ltr'>ἦν</span> <span class='ocrx_word' id='word_1_432' title='bbox 2995 1428 3023 1479; x_wconf 91' lang='grc' dir='ltr'><strong>ὁ</strong></span> <span class='ocrx_word' id='word_1_433' title='bbox 3055 1425 3187 1489; x_wconf 82' lang='grc' dir='ltr'>Θεὸς</span> <span class='ocrx_word' id='word_1_434' title='bbox 3236 1425 3430 1494; x_wconf 62' lang='grc' dir='ltr'>Λόγος,</span> <span class='ocrx_word' id='word_1_435' title='bbox 3477 1428 3756 1498; x_wconf 79' lang='grc' dir='ltr'>μεμένηκε</span> 
     </span>
    </p>
   </div>
   <div class='ocr_carea' id='block_1_59' title="bbox 2183 1515 3755 1589">
    <p class='ocr_par' dir='ltr' id='par_1_59' title="bbox 2183 1515 3755 1589">
     <span class='ocr_line' id='line_1_59' title="bbox 2183 1515 3755 1589; baseline 0.004 -22"><span class='ocrx_word' id='word_1_436' title='bbox 2183 1517 2280 1585; x_wconf 84' lang='grc' dir='ltr'>μὲν</span> <span class='ocrx_word' id='word_1_437' title='bbox 2295 1515 2509 1587; x_wconf 85' lang='grc' dir='ltr'>ἀπαθὴς</span> <span class='ocrx_word' id='word_1_438' title='bbox 2529 1516 2744 1582; x_wconf 87' lang='grc' dir='ltr'>θεῖκῶς,</span> <span class='ocrx_word' id='word_1_439' title='bbox 2768 1517 3134 1588; x_wconf 79' lang='grc' dir='ltr'>οἰκειούμενος</span> <span class='ocrx_word' id='word_1_440' title='bbox 3154 1518 3211 1572; x_wconf 84' lang='grc' dir='ltr'>δὲ</span> <span class='ocrx_word' id='word_1_441' title='bbox 3231 1520 3544 1587; x_wconf 77' lang='grc' dir='ltr'>ἀναγκαίως</span> <span class='ocrx_word' id='word_1_442' title='bbox 3561 1520 3628 1573; x_wconf 89' lang='grc' dir='ltr'><strong>τά</strong></span> <span class='ocrx_word' id='word_1_443' title='bbox 3654 1520 3755 1589; x_wconf 83' lang='grc' dir='ltr'>τῆς</span> 
     </span>
    </p>
   </div>
   <div class='ocr_carea' id='block_1_60' title="bbox 2179 1607 3755 1683">
    <p class='ocr_par' dir='ltr' id='par_1_60' title="bbox 2179 1607 3755 1683">
     <span class='ocr_line' id='line_1_60' title="bbox 2179 1607 3755 1683; baseline 0.003 -24"><span class='ocrx_word' id='word_1_444' title='bbox 2179 1607 2375 1661; x_wconf 76' lang='grc' dir='ltr'>ἑαυτοῦ</span> <span class='ocrx_word' id='word_1_445' title='bbox 2411 1608 2629 1679; x_wconf 88' lang='grc' dir='ltr'>σαρκὸς,</span> <span class='ocrx_word' id='word_1_446' title='bbox 2660 1609 2852 1662; x_wconf 81' lang='grc' dir='ltr'>παθεῖν</span> <span class='ocrx_word' id='word_1_447' title='bbox 2877 1609 3096 1677; x_wconf 86' lang='grc' dir='ltr'>λέγεται</span> <span class='ocrx_word' id='word_1_448' title='bbox 3132 1610 3203 1663; x_wconf 85' lang='grc' dir='ltr'>τὰ</span> <span class='ocrx_word' id='word_1_449' title='bbox 3242 1612 3387 1664; x_wconf 85' lang='grc' dir='ltr'>κατὰ</span> <span class='ocrx_word' id='word_1_450' title='bbox 3408 1612 3606 1683; x_wconf 84' lang='grc' dir='ltr'><strong>σάρκα,</strong></span> <span class='ocrx_word' id='word_1_451' title='bbox 3628 1613 3755 1666; x_wconf 86' lang='grc' dir='ltr'>καί-</span> 
     </span>
    </p>
   </div>
   <div class='ocr_carea' id='block_1_61' title="bbox 2178 1698 3756 1771">
    <p class='ocr_par' dir='ltr' id='par_1_61' title="bbox 2178 1698 3756 1771">
     <span class='ocr_line' id='line_1_61' title="bbox 2178 1698 3756 1771; baseline 0.005 -21"><span class='ocrx_word' id='word_1_452' title='bbox 2178 1713 2257 1750; x_wconf 87' lang='grc' dir='ltr'><strong>τοι</strong></span> <span class='ocrx_word' id='word_1_453' title='bbox 2285 1698 2378 1752; x_wconf 89' lang='grc' dir='ltr'><strong>τοῦ</strong></span> <span class='ocrx_word' id='word_1_454' title='bbox 2404 1699 2593 1754; x_wconf 83' lang='grc' dir='ltr'>παθεῖν</span> <span class='ocrx_word' id='word_1_455' title='bbox 2615 1701 2941 1771; x_wconf 82' lang='grc' dir='ltr'>ἀπείραστος</span> <span class='ocrx_word' id='word_1_456' title='bbox 2961 1702 3056 1766; x_wconf 83' lang='grc' dir='ltr'>ὢν,</span> <span class='ocrx_word' id='word_1_457' title='bbox 3084 1702 3219 1758; x_wconf 84' lang='grc' dir='ltr'>καθὸ</span> <span class='ocrx_word' id='word_1_458' title='bbox 3252 1706 3450 1758; x_wconf 83' lang='grc' dir='ltr'>νοεῖται</span> <span class='ocrx_word' id='word_1_459' title='bbox 3472 1705 3621 1768; x_wconf 85' lang='grc' dir='ltr'>Θεός.</span> <span class='ocrx_word' id='word_1_460' title='bbox 3652 1706 3756 1758; x_wconf 85' lang='grc' dir='ltr'><strong>Εὐ-</strong></span> 
     </span>
    </p>
   </div>
   <div class='ocr_carea' id='block_1_62' title="bbox 2183 1786 3750 1866">
    <p class='ocr_par' dir='ltr' id='par_1_62' title="bbox 2183 1786 3750 1866">
     <span class='ocr_line' id='line_1_62' title="bbox 2183 1786 3750 1866; baseline 0.006 -25"><span class='ocrx_word' id='word_1_461' title='bbox 2183 1789 2398 1852; x_wconf 80' lang='grc' dir='ltr'>σεσείας</span> <span class='ocrx_word' id='word_1_462' title='bbox 2426 1786 2519 1844; x_wconf 80' lang='grc' dir='ltr'>οὖν</span> <span class='ocrx_word' id='word_1_463' title='bbox 2544 1791 2768 1861; x_wconf 85' lang='grc' dir='ltr'>δόκησις</span> <span class='ocrx_word' id='word_1_464' title='bbox 2813 1793 3077 1864; x_wconf 76' lang='grc' dir='ltr'>ἀποφέρει</span> <span class='ocrx_word' id='word_1_465' title='bbox 3106 1795 3203 1864; x_wconf 83' lang='grc' dir='ltr'>τῆς</span> <span class='ocrx_word' id='word_1_466' title='bbox 3235 1794 3492 1866; x_wconf 79' lang='grc' dir='ltr'>ἀληθείας</span> <span class='ocrx_word' id='word_1_467' title='bbox 3530 1797 3750 1860; x_wconf 73' lang='grc' dir='ltr'>αὐτοὺς,</span> 
     </span>
    </p>
   </div>
   <div class='ocr_carea' id='block_1_63' title="bbox 2114 1872 3751 1959">
    <p class='ocr_par' dir='ltr' id='par_1_63' title="bbox 2114 1872 3751 1959">
     <span class='ocr_line' id='line_1_63' title="bbox 2114 1872 3751 1959; baseline 0.002 -24"><span class='ocrx_word' id='word_1_468' title='bbox 2114 1872 2152 1927; x_wconf 82' lang='grc' dir='ltr'><strong>Β</strong></span> <span class='ocrx_word' id='word_1_469' title='bbox 2178 1882 2279 1935; x_wconf 78' lang='grc' dir='ltr'>οὐκ</span> <span class='ocrx_word' id='word_1_470' title='bbox 2309 1882 2646 1946; x_wconf 81' lang='grc' dir='ltr'>ἐννοοῦντας,</span> <span class='ocrx_word' id='word_1_471' title='bbox 2686 1884 2768 1936; x_wconf 83' lang='grc' dir='ltr'>ὅτι</span> <span class='ocrx_word' id='word_1_472' title='bbox 2798 1888 3091 1955; x_wconf 80' lang='grc' dir='ltr'>τετήρηται</span> <span class='ocrx_word' id='word_1_473' title='bbox 3121 1886 3221 1956; x_wconf 83' lang='grc' dir='ltr'>μὲν</span> <span class='ocrx_word' id='word_1_474' title='bbox 3251 1886 3310 1939; x_wconf 90' lang='grc' dir='ltr'><strong>τὸ</strong></span> <span class='ocrx_word' id='word_1_475' title='bbox 3340 1888 3547 1951; x_wconf 84' lang='grc' dir='ltr'>ἀπαθὲς</span> <span class='ocrx_word' id='word_1_476' title='bbox 3580 1888 3751 1959; x_wconf 78' lang='grc' dir='ltr'>αὐτῷ,</span> 
     </span>
    </p>
   </div>
   <div class='ocr_carea' id='block_1_64' title="bbox 2180 1973 3754 2049">
    <p class='ocr_par' dir='ltr' id='par_1_64' title="bbox 2180 1973 3754 2049">
     <span class='ocr_line' id='line_1_64' title="bbox 2180 1973 3754 2049; baseline 0.004 -23"><span class='ocrx_word' id='word_1_477' title='bbox 2180 1973 2323 2027; x_wconf 85' lang='grc' dir='ltr'><strong>καθά</strong></span> <span class='ocrx_word' id='word_1_478' title='bbox 2373 1974 2610 2045; x_wconf 80' lang='grc' dir='ltr'>ὑπάρχει</span> <span class='ocrx_word' id='word_1_479' title='bbox 2640 1976 2734 2028; x_wconf 69' lang='grc' dir='ltr'>καὶ</span> <span class='ocrx_word' id='word_1_480' title='bbox 2766 1976 2878 2029; x_wconf 84' lang='grc' dir='ltr'>ἔστι</span> <span class='ocrx_word' id='word_1_481' title='bbox 2924 1977 3073 2041; x_wconf 87' lang='grc' dir='ltr'>Θεὸς,</span> <span class='ocrx_word' id='word_1_482' title='bbox 3108 1978 3521 2049; x_wconf 51' lang='grc' dir='ltr'>προσγράρεται</span> <span class='ocrx_word' id='word_1_483' title='bbox 3569 1979 3625 2031; x_wconf 82' lang='grc' dir='ltr'>δὲ</span> <span class='ocrx_word' id='word_1_484' title='bbox 3656 1980 3754 2032; x_wconf 78' lang='grc' dir='ltr'>καὶ</span> 
     </span>
    </p>
   </div>
   <div class='ocr_carea' id='block_1_65' title="bbox 2177 2065 3754 2137">
    <p class='ocr_par' dir='ltr' id='par_1_65' title="bbox 2177 2065 3754 2137">
     <span class='ocr_line' id='line_1_65' title="bbox 2177 2065 3754 2137; baseline 0.002 -20"><span class='ocrx_word' id='word_1_485' title='bbox 2177 2066 2237 2119; x_wconf 84' lang='grc' dir='ltr'><strong>τὸ</strong></span> <span class='ocrx_word' id='word_1_486' title='bbox 2287 2065 2479 2121; x_wconf 85' lang='grc' dir='ltr'>παθεῖν</span> <span class='ocrx_word' id='word_1_487' title='bbox 2527 2067 2665 2136; x_wconf 85' lang='grc' dir='ltr'>ὑπὲρ</span> <span class='ocrx_word' id='word_1_488' title='bbox 2708 2067 2864 2137; x_wconf 84' lang='grc' dir='ltr'>ήμῶν</span> <span class='ocrx_word' id='word_1_489' title='bbox 2902 2066 3045 2120; x_wconf 80' lang='grc' dir='ltr'>κατὰ</span> <span class='ocrx_word' id='word_1_490' title='bbox 3092 2067 3291 2137; x_wconf 88' lang='grc' dir='ltr'>σάρκα,</span> <span class='ocrx_word' id='word_1_491' title='bbox 3328 2068 3461 2121; x_wconf 92' lang='grc' dir='ltr'>καθὸ</span> <span class='ocrx_word' id='word_1_492' title='bbox 3504 2067 3638 2131; x_wconf 83' lang='grc' dir='ltr'>Θεὸς</span> <span class='ocrx_word' id='word_1_493' title='bbox 3674 2067 3754 2120; x_wconf 84' lang='grc' dir='ltr'>ὢν</span> 
     </span>
    </p>
   </div>
   <div class='ocr_carea' id='block_1_66' title="bbox 2177 2159 3752 2231">
    <p class='ocr_par' dir='ltr' id='par_1_66' title="bbox 2177 2159 3752 2231">
     <span class='ocr_line' id='line_1_66' title="bbox 2177 2159 3752 2231; baseline 0.001 -19"><span class='ocrx_word' id='word_1_494' title='bbox 2177 2159 2359 2227; x_wconf 79' lang='grc' dir='ltr'>φύσει,</span> <span class='ocrx_word' id='word_1_495' title='bbox 2391 2160 2581 2227; x_wconf 85' lang='grc' dir='ltr'>γέγονε</span> <span class='ocrx_word' id='word_1_496' title='bbox 2617 2159 2774 2230; x_wconf 80' lang='grc' dir='ltr'>σάρξ,</span> <span class='ocrx_word' id='word_1_497' title='bbox 2810 2161 2927 2231; x_wconf 81' lang='grc' dir='ltr'>ήτοι</span> <span class='ocrx_word' id='word_1_498' title='bbox 2958 2160 3161 2222; x_wconf 88' lang='grc' dir='ltr'>τέλειος</span> <span class='ocrx_word' id='word_1_499' title='bbox 3183 2159 3488 2231; x_wconf 78' lang='grc' dir='ltr'>ἄνθρωπος.</span> <span class='ocrx_word' id='word_1_500' title='bbox 3516 2160 3613 2223; x_wconf 87' lang='grc' dir='ltr'>Τίς</span> <span class='ocrx_word' id='word_1_501' title='bbox 3639 2162 3752 2231; x_wconf 85' lang='grc' dir='ltr'><strong>γάρ</strong></span> 
     </span>
    </p>
   </div>
   <div class='ocr_carea' id='block_1_67' title="bbox 2175 2246 3747 2323">
    <p class='ocr_par' dir='ltr' id='par_1_67' title="bbox 2175 2246 3747 2323">
     <span class='ocr_line' id='line_1_67' title="bbox 2175 2246 3747 2323; baseline 0.003 -22"><span class='ocrx_word' id='word_1_502' title='bbox 2175 2246 2243 2322; x_wconf 79' lang='grc' dir='ltr'>ἦν</span> <span class='ocrx_word' id='word_1_503' title='bbox 2276 2253 2305 2305; x_wconf 94' lang='lat'><strong>6</strong></span> <span class='ocrx_word' id='word_1_504' title='bbox 2342 2251 2515 2319; x_wconf 89' lang='grc' dir='ltr'>λέγων</span> <span class='ocrx_word' id='word_1_505' title='bbox 2550 2250 2687 2321; x_wconf 84' lang='grc' dir='ltr'>πρὸς</span> <span class='ocrx_word' id='word_1_506' title='bbox 2716 2251 2807 2304; x_wconf 90' lang='grc' dir='ltr'><strong>τὸν</strong></span> <span class='ocrx_word' id='word_1_507' title='bbox 2841 2254 2898 2304; x_wconf 85' lang='grc' dir='ltr'>ὲν</span> <span class='ocrx_word' id='word_1_508' title='bbox 2924 2251 3173 2323; x_wconf 83' lang='grc' dir='ltr'>οὐρανοῖς</span> <span class='ocrx_word' id='word_1_509' title='bbox 3196 2251 3414 2322; x_wconf 82' lang='grc' dir='ltr'>Πατέρα</span> <span class='ocrx_word' id='word_1_510' title='bbox 3449 2252 3543 2305; x_wconf 78' lang='grc' dir='ltr'>καὶ</span> <span class='ocrx_word' id='word_1_511' title='bbox 3580 2254 3747 2305; x_wconf 76' lang='grc' dir='ltr'>Θεόνσ</span> 
     </span>
    </p>
   </div>
   <div class='ocr_carea' id='block_1_68' title="bbox 2182 2341 3746 2413">
    <p class='ocr_par' dir='ltr' id='par_1_68' title="bbox 2182 2341 3746 2413">
     <span class='ocr_line' id='line_1_68' title="bbox 2182 2341 3746 2413; baseline 0.001 -20"><span class='ocrx_word' id='word_1_512' title='bbox 2182 2361 2200 2393; x_wconf 77' lang='lat' dir='ltr'><strong>t</strong></span> <span class='ocrx_word' id='word_1_513' title='bbox 2229 2342 2430 2395; x_wconf 81' lang='grc' dir='ltr'>Θυσίαν</span> <span class='ocrx_word' id='word_1_514' title='bbox 2482 2343 2575 2394; x_wconf 67' lang='grc' dir='ltr'>καὶ</span> <span class='ocrx_word' id='word_1_515' title='bbox 2629 2343 2943 2413; x_wconf 74' lang='grc' dir='ltr'>προσφοράν</span> <span class='ocrx_word' id='word_1_516' title='bbox 2993 2341 3095 2396; x_wconf 82' lang='grc' dir='ltr'>οὐκ</span> <span class='ocrx_word' id='word_1_517' title='bbox 3140 2341 3431 2413; x_wconf 78' lang='grc' dir='ltr'>ἠθέλησας,</span> <span class='ocrx_word' id='word_1_518' title='bbox 3478 2341 3637 2413; x_wconf 85' lang='grc' dir='ltr'>σῶμα</span> <span class='ocrx_word' id='word_1_519' title='bbox 3688 2343 3746 2396; x_wconf 72' lang='grc' dir='ltr'>δὲ</span> 
     </span>
    </p>
   </div>
   <div class='ocr_carea' id='block_1_69' title="bbox 2177 2433 3747 2506">
    <p class='ocr_par' dir='ltr' id='par_1_69' title="bbox 2177 2433 3747 2506">
     <span class='ocr_line' id='line_1_69' title="bbox 2177 2433 3747 2506; baseline 0 -19"><span class='ocrx_word' id='word_1_520' title='bbox 2177 2436 2496 2505; x_wconf 78' lang='grc' dir='ltr'>κατηρτίσω</span> <span class='ocrx_word' id='word_1_521' title='bbox 2538 2451 2661 2506; x_wconf 85' lang='grc' dir='ltr'>μοι,</span> <span class='ocrx_word' id='word_1_522' title='bbox 2699 2433 3131 2505; x_wconf 76' lang='grc' dir='ltr'>ὁλοκαυτώματα</span> <span class='ocrx_word' id='word_1_523' title='bbox 3168 2434 3259 2487; x_wconf 79' lang='grc' dir='ltr'>καὶ</span> <span class='ocrx_word' id='word_1_524' title='bbox 3311 2436 3437 2504; x_wconf 75' lang='grc' dir='ltr'>περὶ</span> <span class='ocrx_word' id='word_1_525' title='bbox 3473 2435 3747 2504; x_wconf 76' lang='grc' dir='ltr'>ἁμαρτίας</span> 
     </span>
    </p>
   </div>
   <div class='ocr_carea' id='block_1_70' title="bbox 2175 2523 3745 2599">
    <p class='ocr_par' dir='ltr' id='par_1_70' title="bbox 2175 2523 3745 2599">
     <span class='ocr_line' id='line_1_70' title="bbox 2175 2523 3745 2599; baseline -0.001 -17"><span class='ocrx_word' id='word_1_526' title='bbox 2175 2530 2276 2582; x_wconf 84' lang='grc' dir='ltr'>οὑκ</span> <span class='ocrx_word' id='word_1_527' title='bbox 2302 2528 2609 2599; x_wconf 84' lang='grc' dir='ltr'>ηὐδόκησας</span> <span class='ocrx_word' id='word_1_528' title='bbox 2632 2543 2648 2559; x_wconf 79' lang='grc' dir='ltr'><strong><em>ο</em></strong></span> <span class='ocrx_word' id='word_1_529' title='bbox 2699 2527 2819 2580; x_wconf 87' lang='grc' dir='ltr'>τότε</span> <span class='ocrx_word' id='word_1_530' title='bbox 2850 2523 3020 2581; x_wconf 83' lang='grc' dir='ltr'>εἷπον·</span> <span class='ocrx_word' id='word_1_531' title='bbox 3063 2526 3190 2581; x_wconf 78' lang='grc' dir='ltr'>Ἰδοὺ</span> <span class='ocrx_word' id='word_1_532' title='bbox 3225 2528 3347 2597; x_wconf 78' lang='grc' dir='ltr'><strong>ήκω</strong></span> <span class='ocrx_word' id='word_1_533' title='bbox 3372 2527 3465 2580; x_wconf 91' lang='grc' dir='ltr'><strong>τοῦ</strong></span> <span class='ocrx_word' id='word_1_534' title='bbox 3499 2530 3745 2596; x_wconf 78' lang='grc' dir='ltr'>ποιῆσαι,</span> 
     </span>
    </p>
   </div>
   <div class='ocr_carea' id='block_1_71' title="bbox 2175 2618 3747 2690">
    <p class='ocr_par' dir='ltr' id='par_1_71' title="bbox 2175 2618 3747 2690">
     <span class='ocr_line' id='line_1_71' title="bbox 2175 2618 3747 2690; baseline -0.001 -18"><span class='ocrx_word' id='word_1_535' title='bbox 2175 2623 2201 2672; x_wconf 87' lang='grc' dir='ltr'><strong>ὁ</strong></span> <span class='ocrx_word' id='word_1_536' title='bbox 2242 2620 2392 2683; x_wconf 85' lang='grc' dir='ltr'>Θεὸς,</span> <span class='ocrx_word' id='word_1_537' title='bbox 2429 2619 2490 2672; x_wconf 89' lang='grc' dir='ltr'><strong>τὸ</strong></span> <span class='ocrx_word' id='word_1_538' title='bbox 2527 2619 2740 2690; x_wconf 85' lang='grc' dir='ltr'>θέλημά</span> <span class='ocrx_word' id='word_1_539' title='bbox 2780 2635 2907 2683; x_wconf 88' lang='grc' dir='ltr'>σου;</span> <span class='ocrx_word' id='word_1_540' title='bbox 2936 2638 2953 2670; x_wconf 76' lang='grc' dir='ltr'><strong>ι</strong></span> <span class='ocrx_word' id='word_1_541' title='bbox 3002 2619 3061 2671; x_wconf 77' lang='grc' dir='ltr'>Ὀ</span> <span class='ocrx_word' id='word_1_542' title='bbox 3084 2618 3193 2689; x_wconf 84' lang='grc' dir='ltr'><strong>γὰρ</strong></span> <span class='ocrx_word' id='word_1_543' title='bbox 3235 2618 3341 2686; x_wconf 77' lang='grc' dir='ltr'><strong>ἔξω</strong></span> <span class='ocrx_word' id='word_1_544' title='bbox 3371 2618 3638 2690; x_wconf 85' lang='grc' dir='ltr'>σώματος,</span> <span class='ocrx_word' id='word_1_545' title='bbox 3671 2621 3747 2682; x_wconf 82' lang='grc' dir='ltr'>ὡς</span> 
     </span>
    </p>
   </div>
   <div class='ocr_carea' id='block_1_72' title="bbox 2174 2709 3750 2782">
    <p class='ocr_par' dir='ltr' id='par_1_72' title="bbox 2174 2709 3750 2782">
     <span class='ocr_line' id='line_1_72' title="bbox 2174 2709 3750 2782; baseline 0.001 -20"><span class='ocrx_word' id='word_1_546' title='bbox 2174 2711 2326 2776; x_wconf 81' lang='grc' dir='ltr'>Θεὸς,</span> <span class='ocrx_word' id='word_1_547' title='bbox 2355 2710 2535 2781; x_wconf 80' lang='grc' dir='ltr'>ἑαυτῷ</span> <span class='ocrx_word' id='word_1_548' title='bbox 2569 2710 2632 2764; x_wconf 89' lang='grc' dir='ltr'><strong>τὸ</strong></span> <span class='ocrx_word' id='word_1_549' title='bbox 2674 2709 2831 2780; x_wconf 81' lang='grc' dir='ltr'>σῶμα</span> <span class='ocrx_word' id='word_1_550' title='bbox 2866 2709 3228 2782; x_wconf 86' lang='grc' dir='ltr'>κατηρτίσθαι</span> <span class='ocrx_word' id='word_1_551' title='bbox 3255 2711 3441 2781; x_wconf 58' lang='grc' dir='ltr'>φησιν,</span> <span class='ocrx_word' id='word_1_552' title='bbox 3478 2712 3563 2763; x_wconf 83' lang='grc' dir='ltr'>ἵνα</span> <span class='ocrx_word' id='word_1_553' title='bbox 3588 2710 3750 2763; x_wconf 87' lang='grc' dir='ltr'>τοῦτο</span> 
     </span>
    </p>
   </div>
   <div class='ocr_carea' id='block_1_73' title="bbox 2176 2801 3747 2874">
    <p class='ocr_par' dir='ltr' id='par_1_73' title="bbox 2176 2801 3747 2874">
     <span class='ocr_line' id='line_1_73' title="bbox 2176 2801 3747 2874; baseline -0.002 -18"><span class='ocrx_word' id='word_1_554' title='bbox 2176 2804 2316 2874; x_wconf 76' lang='grc' dir='ltr'>ὑπὲρ</span> <span class='ocrx_word' id='word_1_555' title='bbox 2354 2802 2510 2873; x_wconf 86' lang='grc' dir='ltr'>ήμῶν</span> <span class='ocrx_word' id='word_1_556' title='bbox 2558 2803 2953 2874; x_wconf 81' lang='grc' dir='ltr'>προσενέγκας,</span> <span class='ocrx_word' id='word_1_557' title='bbox 2998 2802 3077 2872; x_wconf 83' lang='grc' dir='ltr'>τῷ</span> <span class='ocrx_word' id='word_1_558' title='bbox 3115 2802 3230 2873; x_wconf 83' lang='grc' dir='ltr'>ἰδίῳ</span> <span class='ocrx_word' id='word_1_559' title='bbox 3272 2801 3499 2872; x_wconf 84' lang='grc' dir='ltr'>μώλωπι</span> <span class='ocrx_word' id='word_1_560' title='bbox 3539 2804 3747 2865; x_wconf 83' lang='grc' dir='ltr'>πάντας</span> 
     </span>
    </p>
   </div>
   <div class='ocr_carea' id='block_1_74' title="bbox 2174 2894 3742 2966">
    <p class='ocr_par' dir='ltr' id='par_1_74' title="bbox 2174 2894 3742 2966">
     <span class='ocr_line' id='line_1_74' title="bbox 2174 2894 3742 2966; baseline 0 -18"><span class='ocrx_word' id='word_1_561' title='bbox 2174 2897 2319 2965; x_wconf 78' lang='grc' dir='ltr'>ἡμᾶς</span> <span class='ocrx_word' id='word_1_562' title='bbox 2379 2896 2715 2966; x_wconf 82' lang='grc' dir='ltr'>θεραπεύσῃ,</span> <span class='ocrx_word' id='word_1_563' title='bbox 2752 2894 2891 2948; x_wconf 86' lang='grc' dir='ltr'><strong>κατά</strong></span> <span class='ocrx_word' id='word_1_564' title='bbox 2937 2895 3035 2965; x_wconf 79' lang='grc' dir='ltr'>τὴν</span> <span class='ocrx_word' id='word_1_565' title='bbox 3081 2894 3176 2947; x_wconf 88' lang='grc' dir='ltr'><strong>τοῦ</strong></span> <span class='ocrx_word' id='word_1_566' title='bbox 3213 2896 3489 2965; x_wconf 77' lang='grc' dir='ltr'>προφήτου</span> <span class='ocrx_word' id='word_1_567' title='bbox 3538 2897 3742 2963; x_wconf 77' lang='grc' dir='ltr'>φωνήν.</span> 
     </span>
    </p>
   </div>
   <div class='ocr_carea' id='block_1_75' title="bbox 2176 2982 3747 3057">
    <p class='ocr_par' dir='ltr' id='par_1_75' title="bbox 2176 2982 3747 3057">
     <span class='ocr_line' id='line_1_75' title="bbox 2176 2982 3747 3057; baseline -0.002 -17"><span class='ocrx_word' id='word_1_568' title='bbox 2176 2987 2297 3050; x_wconf 85' lang='grc' dir='ltr'><strong>Πῶς</strong></span> <span class='ocrx_word' id='word_1_569' title='bbox 2330 2986 2407 3051; x_wconf 81' lang='grc' dir='ltr'>δὲ,</span> <span class='ocrx_word' id='word_1_570' title='bbox 2443 2988 2537 3039; x_wconf 73' lang='grc' dir='ltr'>καὶ</span> <span class='ocrx_word' id='word_1_571' title='bbox 2575 2982 2654 3050; x_wconf 75' lang='grc' dir='ltr'>εἷς</span> <span class='ocrx_word' id='word_1_572' title='bbox 2704 2986 2846 3057; x_wconf 77' lang='grc' dir='ltr'>ὑπὲρ</span> <span class='ocrx_word' id='word_1_573' title='bbox 2894 2986 3111 3041; x_wconf 85' lang='grc' dir='ltr'>πάντων</span> <span class='ocrx_word' id='word_1_574' title='bbox 3151 2984 3442 3049; x_wconf 86' lang='grc' dir='ltr'>ἀπέθανεν,</span> <span class='ocrx_word' id='word_1_575' title='bbox 3474 2986 3747 3038; x_wconf 79' lang='grc' dir='ltr'>ὁπάντων</span> 
     </span>
    </p>
   </div>
   <div class='ocr_carea' id='block_1_76' title="bbox 2172 3074 3745 3145">
    <p class='ocr_par' dir='ltr' id='par_1_76' title="bbox 2172 3074 3745 3145">
     <span class='ocr_line' id='line_1_76' title="bbox 2172 3074 3745 3145; baseline -0.001 -17"><span class='ocrx_word' id='word_1_576' title='bbox 2172 3074 2443 3140; x_wconf 82' lang='grc' dir='ltr'>ἀντάξιος,</span> <span class='ocrx_word' id='word_1_577' title='bbox 2470 3077 2518 3129; x_wconf 87' lang='grc' dir='ltr'><strong>εί</strong></span> <span class='ocrx_word' id='word_1_578' title='bbox 2544 3074 2728 3139; x_wconf 85' lang='grc' dir='ltr'>ἁπλῶς</span> <span class='ocrx_word' id='word_1_579' title='bbox 2756 3092 2898 3137; x_wconf 88' lang='grc' dir='ltr'>τινος</span> <span class='ocrx_word' id='word_1_580' title='bbox 2912 3075 3199 3145; x_wconf 84' lang='grc' dir='ltr'>ἀνθρώπου</span> <span class='ocrx_word' id='word_1_581' title='bbox 3229 3078 3426 3128; x_wconf 81' lang='grc' dir='ltr'>νοεῖται</span> <span class='ocrx_word' id='word_1_582' title='bbox 3454 3076 3513 3127; x_wconf 92' lang='grc' dir='ltr'><strong>τὸ</strong></span> <span class='ocrx_word' id='word_1_583' title='bbox 3539 3074 3745 3138; x_wconf 79' lang='grc' dir='ltr'>πάθος;</span> 
     </span>
    </p>
   </div>
   <div class='ocr_carea' id='block_1_77' title="bbox 2174 3165 3745 3237">
    <p class='ocr_par' dir='ltr' id='par_1_77' title="bbox 2174 3165 3745 3237">
     <span class='ocr_line' id='line_1_77' title="bbox 2174 3165 3745 3237; baseline -0.001 -17"><span class='ocrx_word' id='word_1_584' title='bbox 2174 3168 2235 3220; x_wconf 81' lang='lat' dir='ltr'><strong>El</strong></span> <span class='ocrx_word' id='word_1_585' title='bbox 2274 3166 2329 3219; x_wconf 83' lang='grc' dir='ltr'>δὲ</span> <span class='ocrx_word' id='word_1_586' title='bbox 2358 3166 2628 3219; x_wconf 84' lang='grc' dir='ltr'>πέπονθεν</span> <span class='ocrx_word' id='word_1_587' title='bbox 2652 3165 3030 3237; x_wconf 83' lang='grc' dir='ltr'>ἀνθρωπίνως,</span> <span class='ocrx_word' id='word_1_588' title='bbox 3057 3166 3132 3229; x_wconf 85' lang='grc' dir='ltr'>ὡς</span> <span class='ocrx_word' id='word_1_589' title='bbox 3159 3166 3224 3219; x_wconf 77' lang='grc' dir='ltr'><strong>τὰ</strong></span> <span class='ocrx_word' id='word_1_590' title='bbox 3248 3166 3346 3236; x_wconf 83' lang='grc' dir='ltr'>τῆς</span> <span class='ocrx_word' id='word_1_591' title='bbox 3376 3166 3570 3219; x_wconf 79' lang='grc' dir='ltr'>ἑαυτοῦ</span> <span class='ocrx_word' id='word_1_592' title='bbox 3606 3183 3745 3232; x_wconf 84' lang='grc' dir='ltr'>σαρ-</span> 
     </span>
    </p>
   </div>
   <div class='ocr_carea' id='block_1_78' title="bbox 2123 3244 3748 3329">
    <p class='ocr_par' dir='ltr' id='par_1_78' title="bbox 2123 3244 3748 3329">
     <span class='ocr_line' id='line_1_78' title="bbox 2123 3244 3748 3329; baseline -0.001 -16"><span class='ocrx_word' id='word_1_593' title='bbox 2123 3244 2138 3262; x_wconf 69' lang='grc'><em>⁴</em></span> <span class='ocrx_word' id='word_1_594' title='bbox 2173 3259 2268 3322; x_wconf 89' lang='grc' dir='ltr'><strong>κὸς</strong></span> <span class='ocrx_word' id='word_1_595' title='bbox 2310 3258 2681 3328; x_wconf 83' lang='grc' dir='ltr'>οἰκειούμενος</span> <span class='ocrx_word' id='word_1_596' title='bbox 2734 3257 2906 3327; x_wconf 90' lang='grc' dir='ltr'>πάθη,</span> <span class='ocrx_word' id='word_1_597' title='bbox 2940 3258 3060 3311; x_wconf 89' lang='grc' dir='ltr'>τότε</span> <span class='ocrx_word' id='word_1_598' title='bbox 3109 3258 3194 3329; x_wconf 81' lang='grc' dir='ltr'><strong>δή,</strong></span> <span class='ocrx_word' id='word_1_599' title='bbox 3242 3259 3361 3312; x_wconf 87' lang='grc' dir='ltr'>τότε</span> <span class='ocrx_word' id='word_1_600' title='bbox 3398 3259 3597 3329; x_wconf 79' lang='grc' dir='ltr'>φαμὲν,</span> <span class='ocrx_word' id='word_1_601' title='bbox 3652 3260 3748 3312; x_wconf 71' lang='grc' dir='ltr'>καὶ</span> 
     </span>
    </p>
   </div>
   <div class='ocr_carea' id='block_1_79' title="bbox 2173 3349 3746 3423">
    <p class='ocr_par' dir='ltr' id='par_1_79' title="bbox 2173 3349 3746 3423">
     <span class='ocr_line' id='line_1_79' title="bbox 2173 3349 3746 3423; baseline -0.003 -17"><span class='ocrx_word' id='word_1_602' title='bbox 2173 3352 2319 3423; x_wconf 87' lang='grc' dir='ltr'>μάλα</span> <span class='ocrx_word' id='word_1_603' title='bbox 2378 3352 2628 3415; x_wconf 83' lang='grc' dir='ltr'>είκότως,</span> <span class='ocrx_word' id='word_1_604' title='bbox 2672 3350 2746 3414; x_wconf 85' lang='grc' dir='ltr'>ὡς</span> <span class='ocrx_word' id='word_1_605' title='bbox 2792 3349 2892 3420; x_wconf 88' lang='grc' dir='ltr'>τῆς</span> <span class='ocrx_word' id='word_1_606' title='bbox 2948 3352 3204 3404; x_wconf 85' lang='grc' dir='ltr'>ἀπάντων</span> <span class='ocrx_word' id='word_1_607' title='bbox 3251 3351 3396 3422; x_wconf 77' lang='grc' dir='ltr'>ζωῆς</span> <span class='ocrx_word' id='word_1_608' title='bbox 3437 3351 3684 3415; x_wconf 79' lang='grc' dir='ltr'>ἀντάξιος</span> <span class='ocrx_word' id='word_1_609' title='bbox 3715 3353 3746 3402; x_wconf 90' lang='lat'><strong>6</strong></span> 
     </span>
    </p>
   </div>
   <div class='ocr_carea' id='block_1_80' title="bbox 2169 3441 3743 3514">
    <p class='ocr_par' dir='ltr' id='par_1_80' title="bbox 2169 3441 3743 3514">
     <span class='ocr_line' id='line_1_80' title="bbox 2169 3441 3743 3514; baseline -0.001 -19"><span class='ocrx_word' id='word_1_610' title='bbox 2169 3443 2287 3506; x_wconf 81' lang='grc' dir='ltr'>ἑνὸς</span> <span class='ocrx_word' id='word_1_611' title='bbox 2308 3444 2508 3496; x_wconf 85' lang='grc' dir='ltr'>νοεῖται</span> <span class='ocrx_word' id='word_1_612' title='bbox 2532 3442 2674 3496; x_wconf 86' lang='grc' dir='ltr'><strong>κατά</strong></span> <span class='ocrx_word' id='word_1_613' title='bbox 2700 3443 2878 3514; x_wconf 86' lang='grc' dir='ltr'>σάρκα</span> <span class='ocrx_word' id='word_1_614' title='bbox 2907 3441 3135 3506; x_wconf 85' lang='grc' dir='ltr'>θάνατος</span> <span class='ocrx_word' id='word_1_615' title='bbox 3157 3461 3169 3473; x_wconf 94' lang='grc'><strong>·</strong></span> <span class='ocrx_word' id='word_1_616' title='bbox 3200 3444 3297 3513; x_wconf 79' lang='grc' dir='ltr'><strong>οὐχ</strong></span> <span class='ocrx_word' id='word_1_617' title='bbox 3328 3444 3403 3505; x_wconf 85' lang='grc' dir='ltr'>ὡς</span> <span class='ocrx_word' id='word_1_618' title='bbox 3442 3443 3563 3505; x_wconf 86' lang='grc' dir='ltr'>ένὸς</span> <span class='ocrx_word' id='word_1_619' title='bbox 3590 3442 3743 3505; x_wconf 75' lang='grc' dir='ltr'>ὄντος</span> 
     </span>
    </p>
   </div>
   <div class='ocr_carea' id='block_1_81' title="bbox 2166 3536 3745 3610">
    <p class='ocr_par' dir='ltr' id='par_1_81' title="bbox 2166 3536 3745 3610">
     <span class='ocr_line' id='line_1_81' title="bbox 2166 3536 3745 3610; baseline -0.003 -17"><span class='ocrx_word' id='word_1_620' title='bbox 2166 3540 2276 3593; x_wconf 86' lang='grc' dir='ltr'><strong>τῶν</strong></span> <span class='ocrx_word' id='word_1_621' title='bbox 2319 3538 2442 3594; x_wconf 86' lang='grc' dir='ltr'>καθ’</span> <span class='ocrx_word' id='word_1_622' title='bbox 2476 3539 2645 3610; x_wconf 79' lang='grc' dir='ltr'>ἡμᾶς,</span> <span class='ocrx_word' id='word_1_623' title='bbox 2692 3540 2741 3591; x_wconf 81' lang='grc' dir='ltr'><strong>εί</strong></span> <span class='ocrx_word' id='word_1_624' title='bbox 2788 3541 2883 3592; x_wconf 67' lang='grc' dir='ltr'>καὶ</span> <span class='ocrx_word' id='word_1_625' title='bbox 2931 3537 3120 3607; x_wconf 85' lang='grc' dir='ltr'>γέγονε</span> <span class='ocrx_word' id='word_1_626' title='bbox 3169 3537 3290 3592; x_wconf 83' lang='grc' dir='ltr'>καθ’</span> <span class='ocrx_word' id='word_1_627' title='bbox 3319 3539 3484 3607; x_wconf 75' lang='grc' dir='ltr'>ἡμᾶς,</span> <span class='ocrx_word' id='word_1_628' title='bbox 3519 3536 3745 3590; x_wconf 77' lang='grc' dir='ltr'>ἀλλ’ὅτι</span> 
     </span>
    </p>
   </div>
   <div class='ocr_carea' id='block_1_82' title="bbox 2166 3629 3744 3703">
    <p class='ocr_par' dir='ltr' id='par_1_82' title="bbox 2166 3629 3744 3703">
     <span class='ocr_line' id='line_1_82' title="bbox 2166 3629 3744 3703; baseline -0.004 -17"><span class='ocrx_word' id='word_1_629' title='bbox 2166 3633 2299 3697; x_wconf 86' lang='grc' dir='ltr'>Θεὸς</span> <span class='ocrx_word' id='word_1_630' title='bbox 2346 3632 2421 3686; x_wconf 80' lang='grc' dir='ltr'>ὢν</span> <span class='ocrx_word' id='word_1_631' title='bbox 2449 3632 2630 3703; x_wconf 83' lang='grc' dir='ltr'>φύσει,</span> <span class='ocrx_word' id='word_1_632' title='bbox 2689 3632 3034 3703; x_wconf 79' lang='grc' dir='ltr'>σεσάρκωταί</span> <span class='ocrx_word' id='word_1_633' title='bbox 3084 3648 3143 3684; x_wconf 87' lang='grc' dir='ltr'><strong>τε</strong></span> <span class='ocrx_word' id='word_1_634' title='bbox 3195 3631 3290 3684; x_wconf 77' lang='grc' dir='ltr'>καὶ</span> <span class='ocrx_word' id='word_1_635' title='bbox 3348 3629 3744 3698; x_wconf 81' lang='grc' dir='ltr'>ὲνηνθρώπησε</span> 
     </span>
    </p>
   </div>
   <div class='ocr_carea' id='block_1_83' title="bbox 2167 3721 3745 3796">
    <p class='ocr_par' dir='ltr' id='par_1_83' title="bbox 2167 3721 3745 3796">
     <span class='ocr_line' id='line_1_83' title="bbox 2167 3721 3745 3796; baseline -0.005 -17"><span class='ocrx_word' id='word_1_636' title='bbox 2167 3726 2308 3779; x_wconf 84' lang='grc' dir='ltr'><strong>κατά</strong></span> <span class='ocrx_word' id='word_1_637' title='bbox 2344 3724 2441 3796; x_wconf 81' lang='grc' dir='ltr'>τὴν</span> <span class='ocrx_word' id='word_1_638' title='bbox 2475 3724 2580 3778; x_wconf 81' lang='grc' dir='ltr'><strong>τῶν</strong></span> <span class='ocrx_word' id='word_1_639' title='bbox 2606 3726 2863 3794; x_wconf 83' lang='grc' dir='ltr'>Πατέρων</span> <span class='ocrx_word' id='word_1_640' title='bbox 2882 3723 3191 3794; x_wconf 81' lang='grc' dir='ltr'>ὁμολογίαν.</span> <span class='ocrx_word' id='word_1_641' title='bbox 3226 3723 3287 3774; x_wconf 78' lang='grc' dir='ltr'><strong>ΕΞ</strong></span> <span class='ocrx_word' id='word_1_642' title='bbox 3318 3721 3372 3775; x_wconf 73' lang='grc' dir='ltr'>δὲ</span> <span class='ocrx_word' id='word_1_643' title='bbox 3401 3721 3745 3789; x_wconf 74' lang='grc' dir='ltr'>ἀποφέρουσί</span> 
     </span>
    </p>
   </div>
   <div class='ocr_carea' id='block_1_84' title="bbox 2164 3814 3742 3886">
    <p class='ocr_par' dir='ltr' id='par_1_84' title="bbox 2164 3814 3742 3886">
     <span class='ocr_line' id='line_1_84' title="bbox 2164 3814 3742 3886; baseline -0.005 -15"><span class='ocrx_word' id='word_1_644' title='bbox 2164 3835 2309 3881; x_wconf 83' lang='grc' dir='ltr'>τινες</span> <span class='ocrx_word' id='word_1_645' title='bbox 2340 3818 2433 3870; x_wconf 89' lang='grc' dir='ltr'><strong>τοῦ</strong></span> <span class='ocrx_word' id='word_1_646' title='bbox 2460 3816 2823 3886; x_wconf 85' lang='grc' dir='ltr'>Μονογενοῦς,</span> <span class='ocrx_word' id='word_1_647' title='bbox 2855 3816 2930 3879; x_wconf 83' lang='grc' dir='ltr'>ὡς</span> <span class='ocrx_word' id='word_1_648' title='bbox 2960 3815 3214 3879; x_wconf 76' lang='grc' dir='ltr'>ἀκαλλὲς,</span> <span class='ocrx_word' id='word_1_649' title='bbox 3250 3814 3343 3867; x_wconf 79' lang='grc' dir='ltr'>καὶ</span> <span class='ocrx_word' id='word_1_650' title='bbox 3374 3814 3742 3883; x_wconf 87' lang='grc' dir='ltr'>ἀνάρμοστον,</span> 
     </span>
    </p>
   </div>
   <div class='ocr_carea' id='block_1_85' title="bbox 2166 3904 3745 3979">
    <p class='ocr_par' dir='ltr' id='par_1_85' title="bbox 2166 3904 3745 3979">
     <span class='ocr_line' id='line_1_85' title="bbox 2166 3904 3745 3979; baseline -0.004 -16"><span class='ocrx_word' id='word_1_651' title='bbox 2166 3911 2259 3963; x_wconf 72' lang='grc' dir='ltr'>καὶ</span> <span class='ocrx_word' id='word_1_652' title='bbox 2304 3909 2559 3972; x_wconf 80' lang='grc' dir='ltr'>ἀπεοικὸς</span> <span class='ocrx_word' id='word_1_653' title='bbox 2604 3908 2753 3979; x_wconf 82' lang='grc' dir='ltr'>αὐτῷ</span> <span class='ocrx_word' id='word_1_654' title='bbox 2780 3907 2841 3959; x_wconf 86' lang='grc' dir='ltr'><strong>τὸ</strong></span> <span class='ocrx_word' id='word_1_655' title='bbox 2873 3908 3015 3961; x_wconf 86' lang='grc' dir='ltr'>κοιτά</span> <span class='ocrx_word' id='word_1_656' title='bbox 3052 3906 3231 3976; x_wconf 89' lang='grc' dir='ltr'>σάρκα</span> <span class='ocrx_word' id='word_1_657' title='bbox 3273 3904 3465 3967; x_wconf 80' lang='grc' dir='ltr'>πάθος,</span> <span class='ocrx_word' id='word_1_658' title='bbox 3497 3904 3745 3974; x_wconf 82' lang='grc' dir='ltr'>ἀναιρεί-</span> 
     </span>
    </p>
   </div>
   <div class='ocr_carea' id='block_1_86' title="bbox 2163 3995 3744 4071">
    <p class='ocr_par' dir='ltr' id='par_1_86' title="bbox 2163 3995 3744 4071">
     <span class='ocr_line' id='line_1_86' title="bbox 2163 3995 3744 4071; baseline -0.004 -17"><span class='ocrx_word' id='word_1_659' title='bbox 2163 4019 2342 4055; x_wconf 88' lang='grc' dir='ltr'>τωσαν</span> <span class='ocrx_word' id='word_1_660' title='bbox 2378 4001 2582 4071; x_wconf 83' lang='grc' dir='ltr'>ὁμοίως</span> <span class='ocrx_word' id='word_1_661' title='bbox 2617 3999 2804 4064; x_wconf 79' lang='grc' dir='ltr'>αὑτοῦ,</span> <span class='ocrx_word' id='word_1_662' title='bbox 2840 4000 2931 4052; x_wconf 76' lang='grc' dir='ltr'>καὶ</span> <span class='ocrx_word' id='word_1_663' title='bbox 2968 3998 3068 4069; x_wconf 79' lang='grc' dir='ltr'>τὴν</span> <span class='ocrx_word' id='word_1_664' title='bbox 3099 4000 3159 4050; x_wconf 84' lang='grc' dir='ltr'>ὲκ</span> <span class='ocrx_word' id='word_1_665' title='bbox 3202 3998 3298 4067; x_wconf 77' lang='grc' dir='ltr'>τῆς</span> <span class='ocrx_word' id='word_1_666' title='bbox 3332 3997 3491 4063; x_wconf 85' lang='grc' dir='ltr'>ἁγίας</span> <span class='ocrx_word' id='word_1_667' title='bbox 3533 3995 3744 4067; x_wconf 82' lang='grc' dir='ltr'>Παρθέ-</span> 
     </span>
    </p>
   </div>
   <div class='ocr_carea' id='block_1_87' title="bbox 2165 4086 3743 4161">
    <p class='ocr_par' dir='ltr' id='par_1_87' title="bbox 2165 4086 3743 4161">
     <span class='ocr_line' id='line_1_87' title="bbox 2165 4086 3743 4161; baseline -0.004 -17"><span class='ocrx_word' id='word_1_668' title='bbox 2165 4109 2257 4145; x_wconf 86' lang='grc' dir='ltr'><strong>νου</strong></span> <span class='ocrx_word' id='word_1_669' title='bbox 2282 4091 2423 4145; x_wconf 84' lang='grc' dir='ltr'><strong>κατά</strong></span> <span class='ocrx_word' id='word_1_670' title='bbox 2458 4091 2639 4161; x_wconf 81' lang='grc' dir='ltr'>σάρκα</span> <span class='ocrx_word' id='word_1_671' title='bbox 2669 4091 2944 4160; x_wconf 79' lang='grc' dir='ltr'>γέννησιν.</span> <span class='ocrx_word' id='word_1_672' title='bbox 2977 4090 3040 4143; x_wconf 87' lang='grc' dir='ltr'><strong>Εἰ</strong></span> <span class='ocrx_word' id='word_1_673' title='bbox 3072 4089 3180 4160; x_wconf 90' lang='grc' dir='ltr'><strong>γάρ</strong></span> <span class='ocrx_word' id='word_1_674' title='bbox 3200 4090 3316 4141; x_wconf 78' lang='grc' dir='ltr'>ἐστι</span> <span class='ocrx_word' id='word_1_675' title='bbox 3344 4088 3452 4141; x_wconf 83' lang='grc' dir='ltr'>τῶν</span> <span class='ocrx_word' id='word_1_676' title='bbox 3482 4086 3743 4141; x_wconf 79' lang='grc' dir='ltr'>ἀπεοικό-</span> 
     </span>
    </p>
   </div>
   <div class='ocr_carea' id='block_1_88' title="bbox 2160 4178 3742 4254">
    <p class='ocr_par' dir='ltr' id='par_1_88' title="bbox 2160 4178 3742 4254">
     <span class='ocr_line' id='line_1_88' title="bbox 2160 4178 3742 4254; baseline -0.004 -17"><span class='ocrx_word' id='word_1_677' title='bbox 2160 4202 2269 4237; x_wconf 85' lang='grc' dir='ltr'><strong>των</strong></span> <span class='ocrx_word' id='word_1_678' title='bbox 2303 4183 2450 4253; x_wconf 81' lang='grc' dir='ltr'><strong>αὐτῷ</strong></span> <span class='ocrx_word' id='word_1_679' title='bbox 2474 4184 2533 4235; x_wconf 89' lang='grc' dir='ltr'><strong>τὸ</strong></span> <span class='ocrx_word' id='word_1_680' title='bbox 2568 4183 2730 4254; x_wconf 73' lang='grc' dir='ltr'>σαρκὶ</span> <span class='ocrx_word' id='word_1_681' title='bbox 2763 4182 3015 4249; x_wconf 81' lang='grc' dir='ltr'>λέγεσθαι</span> <span class='ocrx_word' id='word_1_682' title='bbox 3048 4182 3258 4238; x_wconf 83' lang='grc' dir='ltr'>παθεῖν.</span> <span class='ocrx_word' id='word_1_683' title='bbox 3297 4180 3411 4242; x_wconf 83' lang='grc' dir='ltr'><strong>πῶς</strong></span> <span class='ocrx_word' id='word_1_684' title='bbox 3437 4181 3498 4232; x_wconf 78' lang='grc' dir='ltr'>οὐ</span> <span class='ocrx_word' id='word_1_685' title='bbox 3530 4178 3638 4250; x_wconf 87' lang='grc' dir='ltr'><strong>πρό</strong></span> <span class='ocrx_word' id='word_1_686' title='bbox 3678 4195 3742 4245; x_wconf 86' lang='grc' dir='ltr'><strong>γε</strong></span> 
     </span>
    </p>
   </div>
   <div class='ocr_carea' id='block_1_89' title="bbox 2160 4273 3742 4345">
    <p class='ocr_par' dir='ltr' id='par_1_89' title="bbox 2160 4273 3742 4345">
     <span class='ocr_line' id='line_1_89' title="bbox 2160 4273 3742 4345; baseline -0.004 -19"><span class='ocrx_word' id='word_1_687' title='bbox 2160 4276 2350 4328; x_wconf 82' lang='grc' dir='ltr'>τούτου</span> <span class='ocrx_word' id='word_1_688' title='bbox 2380 4274 2440 4328; x_wconf 85' lang='grc' dir='ltr'><strong>τὸ</strong></span> <span class='ocrx_word' id='word_1_689' title='bbox 2478 4275 2714 4345; x_wconf 80' lang='grc' dir='ltr'>πρῶτον,</span> <span class='ocrx_word' id='word_1_690' title='bbox 2756 4277 3033 4329; x_wconf 79' lang='grc' dir='ltr'>τουτέστιν</span> <span class='ocrx_word' id='word_1_691' title='bbox 3087 4277 3120 4344; x_wconf 87' lang='grc' dir='ltr'><strong>ή</strong></span> <span class='ocrx_word' id='word_1_692' title='bbox 3162 4274 3300 4328; x_wconf 80' lang='grc' dir='ltr'>κατά</span> <span class='ocrx_word' id='word_1_693' title='bbox 3334 4275 3511 4343; x_wconf 81' lang='grc' dir='ltr'>σάρκα</span> <span class='ocrx_word' id='word_1_694' title='bbox 3543 4273 3742 4339; x_wconf 72' lang='grc' dir='ltr'>γέννηο</span> 
     </span>
    </p>
   </div>
   <div class='ocr_carea' id='block_1_90' title="bbox 2164 4366 3743 4437">
    <p class='ocr_par' dir='ltr' id='par_1_90' title="bbox 2164 4366 3743 4437">
     <span class='ocr_line' id='line_1_90' title="bbox 2164 4366 3743 4437; baseline -0.003 -18"><span class='ocrx_word' id='word_1_695' title='bbox 2164 4384 2266 4431; x_wconf 79' lang='grc' dir='ltr'>σις,</span> <span class='ocrx_word' id='word_1_696' title='bbox 2302 4368 2334 4437; x_wconf 83' lang='grc' dir='ltr'><strong>ἦ</strong></span> <span class='ocrx_word' id='word_1_697' title='bbox 2364 4368 2457 4420; x_wconf 72' lang='grc' dir='ltr'>καὶ</span> <span class='ocrx_word' id='word_1_698' title='bbox 2485 4368 2821 4434; x_wconf 74' lang='grc' dir='ltr'>ἁπαξαπλῶς</span> <span class='ocrx_word' id='word_1_699' title='bbox 2849 4369 3040 4433; x_wconf 82' lang='grc' dir='ltr'>εἰπεῖν,</span> <span class='ocrx_word' id='word_1_700' title='bbox 3074 4370 3101 4420; x_wconf 92' lang='lat'><strong>6</strong></span> <span class='ocrx_word' id='word_1_701' title='bbox 3136 4370 3233 4437; x_wconf 81' lang='grc' dir='ltr'>τῆς</span> <span class='ocrx_word' id='word_1_702' title='bbox 3272 4366 3743 4435; x_wconf 80' lang='grc' dir='ltr'>ἐνανθρωπήσεως</span> 
     </span>
    </p>
   </div>
   <div class='ocr_carea' id='block_1_91' title="bbox 2160 4455 3737 4531">
    <p class='ocr_par' dir='ltr' id='par_1_91' title="bbox 2160 4455 3737 4531">
     <span class='ocr_line' id='line_1_91' title="bbox 2160 4455 3737 4531; baseline -0.004 -19"><span class='ocrx_word' id='word_1_703' title='bbox 2160 4460 2389 4530; x_wconf 85' lang='grc' dir='ltr'>τρόπος;</span> <span class='ocrx_word' id='word_1_704' title='bbox 2424 4459 2628 4528; x_wconf 73' lang='grc' dir='ltr'>οἴχεται</span> <span class='ocrx_word' id='word_1_705' title='bbox 2671 4459 2734 4530; x_wconf 80' lang='grc' dir='ltr'>δὴ</span> <span class='ocrx_word' id='word_1_706' title='bbox 2782 4455 2873 4513; x_wconf 79' lang='grc' dir='ltr'>οὖν</span> <span class='ocrx_word' id='word_1_707' title='bbox 2908 4461 2967 4512; x_wconf 89' lang='grc' dir='ltr'><strong>τὸ</strong></span> <span class='ocrx_word' id='word_1_708' title='bbox 3015 4458 3359 4531; x_wconf 78' lang='grc' dir='ltr'>Χριστιανῶν</span> <span class='ocrx_word' id='word_1_709' title='bbox 3401 4457 3737 4526; x_wconf 83' lang='grc' dir='ltr'>μυστήριον·</span> 
     </span>
    </p>
   </div>
   <div class='ocr_carea' id='block_1_92' title="bbox 478 4530 2071 4622">
    <p class='ocr_par' dir='ltr' id='par_1_92' title="bbox 478 4530 2059 4615">
     <span class='ocr_line' id='line_1_92' title="bbox 478 4530 2059 4615; baseline 0.022 -40"><span class='ocrx_word' id='word_1_710' title='bbox 478 4530 595 4577; x_wconf 85' lang='lat' dir='ltr'><strong>tum</strong></span> <span class='ocrx_word' id='word_1_711' title='bbox 624 4534 970 4597; x_wconf 87' lang='lat' dir='ltr'><strong>proonmimn</strong></span> <span class='ocrx_word' id='word_1_712' title='bbox 1014 4538 1297 4596; x_wconf 86' lang='lat' dir='ltr'><strong>hominum</strong></span> <span class='ocrx_word' id='word_1_713' title='bbox 1327 4546 1435 4598; x_wconf 88' lang='lat' dir='ltr'><strong>vita</strong></span> <span class='ocrx_word' id='word_1_714' title='bbox 1466 4549 1702 4615; x_wconf 88' lang='lat' dir='ltr'><strong>pretium</strong></span> <span class='ocrx_word' id='word_1_715' title='bbox 1735 4550 1901 4607; x_wconf 84' lang='lat' dir='ltr'><strong>fuisse</strong></span> <span class='ocrx_word' id='word_1_716' title='bbox 1940 4571 2059 4609; x_wconf 84' lang='lat' dir='ltr'><strong>rec-</strong></span> 
     </span>
    </p>
   </div>
   <div class='ocr_carea' id='block_1_93' title="bbox 2171 4530 3567 4622">
    <p class='ocr_par' dir='ltr' id='par_1_93' title="bbox 2171 4547 3567 4622">
     <span class='ocr_line' id='line_1_93' title="bbox 2171 4547 3567 4622; baseline -0.004 -17"><span class='ocrx_word' id='word_1_717' title='bbox 2171 4553 2258 4605; x_wconf 73' lang='grc' dir='ltr'>καὶ</span> <span class='ocrx_word' id='word_1_718' title='bbox 2291 4551 2665 4621; x_wconf 79' lang='grc' dir='ltr'>μεματαίωται</span> <span class='ocrx_word' id='word_1_719' title='bbox 2702 4553 2885 4603; x_wconf 79' lang='grc' dir='ltr'>λοιπὸν</span> <span class='ocrx_word' id='word_1_720' title='bbox 2913 4555 2945 4622; x_wconf 88' lang='grc' dir='ltr'>ἡ</span> <span class='ocrx_word' id='word_1_721' title='bbox 2973 4553 3069 4621; x_wconf 80' lang='grc' dir='ltr'>τῆς</span> <span class='ocrx_word' id='word_1_722' title='bbox 3097 4552 3367 4621; x_wconf 79' lang='grc' dir='ltr'>σωτηρίας</span> <span class='ocrx_word' id='word_1_723' title='bbox 3394 4547 3567 4609; x_wconf 81' lang='grc' dir='ltr'>ἐλπίς.</span> 
     </span>
    </p>
   </div>
   <div class='ocr_carea' id='block_1_94' title="bbox 481 4614 3741 4713">
    <p class='ocr_par' dir='ltr' id='par_1_94' title="bbox 481 4614 3741 4713">
     <span class='ocr_line' id='line_1_94' title="bbox 481 4614 3741 4713; baseline 0.01 -46"><span class='ocrx_word' id='word_1_724' title='bbox 481 4614 689 4675; x_wconf 84' lang='lat' dir='ltr'><strong>tissime</strong></span> <span class='ocrx_word' id='word_1_725' title='bbox 709 4627 1036 4683; x_wconf 70' lang='lat' dir='ltr'><strong>assvrimus:</strong></span> <span class='ocrx_word' id='word_1_726' title='bbox 1059 4648 1167 4686; x_wconf 90' lang='lat' dir='ltr'><strong>non</strong></span> <span class='ocrx_word' id='word_1_727' title='bbox 1193 4636 1341 4704; x_wconf 90' lang='lat' dir='ltr'><strong>quod</strong></span> <span class='ocrx_word' id='word_1_728' title='bbox 1363 4640 1525 4695; x_wconf 91' lang='lat' dir='ltr'><strong>unius</strong></span> <span class='ocrx_word' id='word_1_729' title='bbox 1546 4644 1783 4713; x_wconf 83' lang='lat' dir='ltr'><strong>vulgaris</strong></span> <span class='ocrx_word' id='word_1_730' title='bbox 1801 4647 2037 4703; x_wconf 88' lang='lat' dir='ltr'><strong>hominis</strong></span> <span class='ocrx_word' id='word_1_731' title='bbox 2060 4648 2229 4702; x_wconf 85' lang='lat' dir='ltr'><strong>nostri</strong></span> <span class='ocrx_word' id='word_1_732' title='bbox 2249 4647 2443 4701; x_wconf 87' lang='lat' dir='ltr'><strong>similis</strong></span> <span class='ocrx_word' id='word_1_733' title='bbox 2468 4645 2652 4711; x_wconf 86' lang='lat' dir='ltr'><strong>fuerit,</strong></span> <span class='ocrx_word' id='word_1_734' title='bbox 2669 4645 2880 4699; x_wconf 87' lang='lat' dir='ltr'><strong>etiamsi</strong></span> <span class='ocrx_word' id='word_1_735' title='bbox 2907 4646 3078 4698; x_wconf 89' lang='lat' dir='ltr'><strong>nostri</strong></span> <span class='ocrx_word' id='word_1_736' title='bbox 3103 4645 3297 4699; x_wconf 85' lang='lat' dir='ltr'><strong>similis</strong></span> <span class='ocrx_word' id='word_1_737' title='bbox 3321 4644 3493 4699; x_wconf 85' lang='lat' dir='ltr'><strong>factus</strong></span> <span class='ocrx_word' id='word_1_738' title='bbox 3511 4641 3611 4707; x_wconf 84' lang='lat' dir='ltr'><strong>sit;</strong></span> <span class='ocrx_word' id='word_1_739' title='bbox 3640 4644 3741 4697; x_wconf 83' lang='lat' dir='ltr'><strong>sed</strong></span> 
     </span>
    </p>
   </div>
   <div class='ocr_carea' id='block_1_95' title="bbox 478 4712 3742 4810">
    <p class='ocr_par' dir='ltr' id='par_1_95' title="bbox 478 4712 3742 4810">
     <span class='ocr_line' id='line_1_95' title="bbox 478 4712 3742 4810; baseline 0.009 -49"><span class='ocrx_word' id='word_1_740' title='bbox 478 4712 624 4776; x_wconf 86' lang='lat' dir='ltr'><strong>quod</strong></span> <span class='ocrx_word' id='word_1_741' title='bbox 660 4728 783 4767; x_wconf 89' lang='lat' dir='ltr'><strong>cum</strong></span> <span class='ocrx_word' id='word_1_742' title='bbox 828 4734 923 4786; x_wconf 86' lang='lat' dir='ltr'><strong>per</strong></span> <span class='ocrx_word' id='word_1_743' title='bbox 960 4732 1209 4777; x_wconf 82' lang='lat' dir='ltr'><strong>naturam</strong></span> <span class='ocrx_word' id='word_1_744' title='bbox 1237 4727 1382 4782; x_wconf 88' lang='lat' dir='ltr'><strong>Deus</strong></span> <span class='ocrx_word' id='word_1_745' title='bbox 1406 4743 1572 4796; x_wconf 85' lang='lat' dir='ltr'><strong>esset,</strong></span> <span class='ocrx_word' id='word_1_746' title='bbox 1590 4712 1901 4793; x_wconf 71' lang='lat' dir='ltr'><strong>incarnatus</strong></span> <span class='ocrx_word' id='word_1_747' title='bbox 1923 4741 2193 4810; x_wconf 86' lang='lat' dir='ltr'><strong>homoque</strong></span> <span class='ocrx_word' id='word_1_748' title='bbox 2227 4741 2400 4793; x_wconf 82' lang='lat' dir='ltr'><strong>factus</strong></span> <span class='ocrx_word' id='word_1_749' title='bbox 2419 4739 2507 4803; x_wconf 87' lang='lat' dir='ltr'><strong>sit,</strong></span> <span class='ocrx_word' id='word_1_750' title='bbox 2528 4738 2828 4793; x_wconf 90' lang='lat' dir='ltr'><strong>secundum</strong></span> <span class='ocrx_word' id='word_1_751' title='bbox 2854 4747 3166 4792; x_wconf 84' lang='lat' dir='ltr'><strong>sanctorum</strong></span> <span class='ocrx_word' id='word_1_752' title='bbox 3185 4738 3403 4792; x_wconf 83' lang='lat' dir='ltr'><strong>Patrum</strong></span> <span class='ocrx_word' id='word_1_753' title='bbox 3431 4736 3742 4790; x_wconf 86' lang='lat' dir='ltr'><strong>confessio-</strong></span> 
     </span>
    </p>
   </div>
   <div class='ocr_carea' id='block_1_96' title="bbox 478 4806 3739 4900">
    <p class='ocr_par' dir='ltr' id='par_1_96' title="bbox 478 4806 3739 4900">
     <span class='ocr_line' id='line_1_96' title="bbox 478 4806 3739 4900; baseline 0.009 -45"><span class='ocrx_word' id='word_1_754' title='bbox 478 4818 623 4858; x_wconf 89' lang='lat' dir='ltr'><strong>nem.</strong></span> <span class='ocrx_word' id='word_1_755' title='bbox 648 4806 970 4880; x_wconf 67' lang='grc' dir='ltr'><strong>ιθιιρυοά</strong></span> <span class='ocrx_word' id='word_1_756' title='bbox 1000 4815 1042 4868; x_wconf 91' lang='lat' dir='ltr'><strong>si</strong></span> <span class='ocrx_word' id='word_1_757' title='bbox 1068 4826 1194 4871; x_wconf 90' lang='lat' dir='ltr'><strong>sunt</strong></span> <span class='ocrx_word' id='word_1_758' title='bbox 1219 4820 1311 4887; x_wconf 91' lang='lat' dir='ltr'><strong>qui</strong></span> <span class='ocrx_word' id='word_1_759' title='bbox 1343 4822 1413 4873; x_wconf 85' lang='lat' dir='ltr'><strong>ob</strong></span> <span class='ocrx_word' id='word_1_760' title='bbox 1436 4822 1487 4877; x_wconf 90' lang='lat' dir='ltr'><strong>id</strong></span> <span class='ocrx_word' id='word_1_761' title='bbox 1517 4828 1823 4894; x_wconf 74' lang='lat' dir='ltr'><strong>passionem</strong></span> <span class='ocrx_word' id='word_1_762' title='bbox 1851 4833 2151 4887; x_wconf 76' lang='lat' dir='ltr'><strong>secundum</strong></span> <span class='ocrx_word' id='word_1_763' title='bbox 2176 4848 2393 4887; x_wconf 79' lang='lat' dir='ltr'><strong>carnem</strong></span> <span class='ocrx_word' id='word_1_764' title='bbox 2416 4832 2705 4900; x_wconf 74' lang='lat' dir='ltr'><strong>Unigenito</strong></span> <span class='ocrx_word' id='word_1_765' title='bbox 2726 4831 2993 4895; x_wconf 88' lang='lat' dir='ltr'><strong>adinmnt,</strong></span> <span class='ocrx_word' id='word_1_766' title='bbox 3021 4830 3166 4900; x_wconf 88' lang='lat' dir='ltr'><strong>quod</strong></span> <span class='ocrx_word' id='word_1_767' title='bbox 3198 4832 3388 4900; x_wconf 90' lang='lat' dir='ltr'><strong>turpis,</strong></span> <span class='ocrx_word' id='word_1_768' title='bbox 3410 4830 3739 4900; x_wconf 81' lang='lat' dir='ltr'><strong>incongrua,</strong></span> 
     </span>
    </p>
   </div>
   <div class='ocr_carea' id='block_1_97' title="bbox 480 4897 3736 4998">
    <p class='ocr_par' dir='ltr' id='par_1_97' title="bbox 480 4897 3736 4998">
     <span class='ocr_line' id='line_1_97' title="bbox 480 4897 3736 4998; baseline 0.008 -48"><span class='ocrx_word' id='word_1_769' title='bbox 480 4897 846 4972; x_wconf 87' lang='lat' dir='ltr'><strong>indecensqnc</strong></span> <span class='ocrx_word' id='word_1_770' title='bbox 875 4907 1152 4977; x_wconf 84' lang='lat' dir='ltr'><strong>videatur;</strong></span> <span class='ocrx_word' id='word_1_771' title='bbox 1183 4913 1425 4969; x_wconf 86' lang='lat' dir='ltr'><strong>adimant</strong></span> <span class='ocrx_word' id='word_1_772' title='bbox 1453 4918 1553 4988; x_wconf 89' lang='lat' dir='ltr'><strong>ipsi</strong></span> <span class='ocrx_word' id='word_1_773' title='bbox 1581 4924 1697 4991; x_wconf 87' lang='lat' dir='ltr'><strong>pari</strong></span> <span class='ocrx_word' id='word_1_774' title='bbox 1724 4926 1937 4981; x_wconf 86' lang='lat' dir='ltr'><strong>ratione</strong></span> <span class='ocrx_word' id='word_1_775' title='bbox 1954 4937 2008 4982; x_wconf 83' lang='lat' dir='ltr'><strong>et</strong></span> <span class='ocrx_word' id='word_1_776' title='bbox 2037 4929 2207 4998; x_wconf 88' lang='lat' dir='ltr'><strong>ipsam</strong></span> <span class='ocrx_word' id='word_1_777' title='bbox 2234 4944 2452 4998; x_wconf 88' lang='lat' dir='ltr'><strong>quoque</strong></span> <span class='ocrx_word' id='word_1_778' title='bbox 2479 4926 2778 4981; x_wconf 86' lang='lat' dir='ltr'><strong>secundum</strong></span> <span class='ocrx_word' id='word_1_779' title='bbox 2803 4940 3022 4978; x_wconf 88' lang='lat' dir='ltr'><strong>carnem</strong></span> <span class='ocrx_word' id='word_1_780' title='bbox 3041 4942 3107 4978; x_wconf 81' lang='lat' dir='ltr'><strong>ex</strong></span> <span class='ocrx_word' id='word_1_781' title='bbox 3126 4924 3343 4995; x_wconf 73' lang='lat' dir='ltr'><strong>Virgine</strong></span> <span class='ocrx_word' id='word_1_782' title='bbox 3367 4924 3736 4979; x_wconf 85' lang='lat' dir='ltr'><strong>nativitatem.</strong></span> 
     </span>
    </p>
   </div>
   <div class='ocr_carea' id='block_1_98' title="bbox 477 4989 3742 5088">
    <p class='ocr_par' dir='ltr' id='par_1_98' title="bbox 477 4989 3742 5088">
     <span class='ocr_line' id='line_1_98' title="bbox 477 4989 3742 5088; baseline 0.009 -45"><span class='ocrx_word' id='word_1_783' title='bbox 477 4989 613 5045; x_wconf 83' lang='lat' dir='ltr'><strong>Nam</strong></span> <span class='ocrx_word' id='word_1_784' title='bbox 638 4992 681 5047; x_wconf 91' lang='lat' dir='ltr'><strong>si</strong></span> <span class='ocrx_word' id='word_1_785' title='bbox 709 4994 785 5049; x_wconf 94' lang='lat' dir='ltr'><strong>illi</strong></span> <span class='ocrx_word' id='word_1_786' title='bbox 812 5006 970 5070; x_wconf 92' lang='lat' dir='ltr'><strong>turpe</strong></span> <span class='ocrx_word' id='word_1_787' title='bbox 999 5011 1083 5056; x_wconf 91' lang='lat' dir='ltr'><strong>est</strong></span> <span class='ocrx_word' id='word_1_788' title='bbox 1111 5004 1257 5073; x_wconf 91' lang='lat' dir='ltr'><strong>quod</strong></span> <span class='ocrx_word' id='word_1_789' title='bbox 1292 5022 1454 5063; x_wconf 89' lang='lat' dir='ltr'><strong>carne</strong></span> <span class='ocrx_word' id='word_1_790' title='bbox 1489 4989 1681 5081; x_wconf 32' lang='lat' dir='ltr'><strong>pas-sus</strong></span> <span class='ocrx_word' id='word_1_791' title='bbox 1705 5032 1823 5071; x_wconf 88' lang='lat' dir='ltr'><strong>esse</strong></span> <span class='ocrx_word' id='word_1_792' title='bbox 1848 5018 2078 5085; x_wconf 86' lang='lat' dir='ltr'><strong>dicitur;</strong></span> <span class='ocrx_word' id='word_1_793' title='bbox 2102 5020 2377 5088; x_wconf 89' lang='lat' dir='ltr'><strong>quomodo</strong></span> <span class='ocrx_word' id='word_1_794' title='bbox 2415 5035 2523 5073; x_wconf 91' lang='lat' dir='ltr'><strong>non</strong></span> <span class='ocrx_word' id='word_1_795' title='bbox 2551 5026 2675 5072; x_wconf 86' lang='lat' dir='ltr'><strong>ante</strong></span> <span class='ocrx_word' id='word_1_796' title='bbox 2706 5017 2809 5070; x_wconf 90' lang='lat' dir='ltr'><strong>hoc</strong></span> <span class='ocrx_word' id='word_1_797' title='bbox 2836 5017 3009 5085; x_wconf 88' lang='lat' dir='ltr'><strong>turpis</strong></span> <span class='ocrx_word' id='word_1_798' title='bbox 3035 5016 3139 5071; x_wconf 90' lang='lat' dir='ltr'><strong>erit</strong></span> <span class='ocrx_word' id='word_1_799' title='bbox 3163 5018 3250 5071; x_wconf 90' lang='lat' dir='ltr'><strong>illa</strong></span> <span class='ocrx_word' id='word_1_800' title='bbox 3284 5017 3586 5072; x_wconf 86' lang='lat' dir='ltr'><strong>secundum</strong></span> <span class='ocrx_word' id='word_1_801' title='bbox 3612 5034 3742 5071; x_wconf 85' lang='lat' dir='ltr'><strong>car-</strong></span> 
     </span>
    </p>
   </div>
   <div class='ocr_carea' id='block_1_99' title="bbox 478 5090 3741 5183">
    <p class='ocr_par' dir='ltr' id='par_1_99' title="bbox 478 5090 3741 5183">
     <span class='ocr_line' id='line_1_99' title="bbox 478 5090 3741 5183; baseline 0.01 -44"><span class='ocrx_word' id='word_1_802' title='bbox 478 5102 603 5141; x_wconf 92' lang='lat' dir='ltr'><strong>nem</strong></span> <span class='ocrx_word' id='word_1_803' title='bbox 632 5090 907 5157; x_wconf 84' lang='lat' dir='ltr'><strong>nativitas,</strong></span> <span class='ocrx_word' id='word_1_804' title='bbox 934 5112 1055 5165; x_wconf 65' lang='lat' dir='ltr'><strong>qua:</strong></span> <span class='ocrx_word' id='word_1_805' title='bbox 1082 5101 1389 5169; x_wconf 86' lang='lat' dir='ltr'><strong>passionem</strong></span> <span class='ocrx_word' id='word_1_806' title='bbox 1428 5110 1734 5175; x_wconf 87' lang='lat' dir='ltr'><strong>antecedit;</strong></span> <span class='ocrx_word' id='word_1_807' title='bbox 1769 5122 1881 5175; x_wconf 87' lang='lat' dir='ltr'><strong>aut,</strong></span> <span class='ocrx_word' id='word_1_808' title='bbox 1909 5124 1967 5167; x_wconf 88' lang='lat' dir='ltr'><strong>ut</strong></span> <span class='ocrx_word' id='word_1_809' title='bbox 1990 5115 2157 5169; x_wconf 90' lang='lat' dir='ltr'><strong>semel</strong></span> <span class='ocrx_word' id='word_1_810' title='bbox 2180 5115 2381 5179; x_wconf 89' lang='lat' dir='ltr'><strong>dicam,</strong></span> <span class='ocrx_word' id='word_1_811' title='bbox 2423 5113 2594 5183; x_wconf 90' lang='lat' dir='ltr'><strong>ipsius</strong></span> <span class='ocrx_word' id='word_1_812' title='bbox 2630 5111 3039 5166; x_wconf 77' lang='lat' dir='ltr'><strong>liumanationis</strong></span> <span class='ocrx_word' id='word_1_813' title='bbox 3068 5111 3305 5165; x_wconf 89' lang='lat' dir='ltr'><strong>modus?</strong></span> <span class='ocrx_word' id='word_1_814' title='bbox 3342 5112 3511 5167; x_wconf 86' lang='lat' dir='ltr'><strong>Periit</strong></span> <span class='ocrx_word' id='word_1_815' title='bbox 3548 5113 3741 5182; x_wconf 86' lang='lat' dir='ltr'><strong>itaque</strong></span> 
     </span>
    </p>
   </div>
   <div class='ocr_carea' id='block_1_100' title="bbox 478 5178 3391 5274">
    <p class='ocr_par' dir='ltr' id='par_1_100' title="bbox 478 5178 3391 5274">
     <span class='ocr_line' id='line_1_100' title="bbox 478 5178 3391 5274; baseline 0.009 -43"><span class='ocrx_word' id='word_1_816' title='bbox 478 5178 581 5232; x_wconf 88' lang='lat' dir='ltr'><strong>hac</strong></span> <span class='ocrx_word' id='word_1_817' title='bbox 616 5179 825 5237; x_wconf 87' lang='lat' dir='ltr'><strong>ratione</strong></span> <span class='ocrx_word' id='word_1_818' title='bbox 858 5186 1175 5243; x_wconf 88' lang='lat' dir='ltr'><strong>universum</strong></span> <span class='ocrx_word' id='word_1_819' title='bbox 1215 5190 1654 5252; x_wconf 88' lang='lat' dir='ltr'><strong>Christianorum</strong></span> <span class='ocrx_word' id='word_1_820' title='bbox 1688 5202 2030 5271; x_wconf 71' lang='lat' dir='ltr'><strong>mysterium,</strong></span> <span class='ocrx_word' id='word_1_821' title='bbox 2067 5215 2122 5259; x_wconf 93' lang='lat' dir='ltr'><strong>et</strong></span> <span class='ocrx_word' id='word_1_822' title='bbox 2156 5207 2349 5261; x_wconf 89' lang='lat' dir='ltr'><strong>salutis</strong></span> <span class='ocrx_word' id='word_1_823' title='bbox 2382 5213 2581 5259; x_wconf 73' lang='lat' dir='ltr'><strong>nostra:</strong></span> <span class='ocrx_word' id='word_1_824' title='bbox 2624 5220 2748 5272; x_wconf 87' lang='lat' dir='ltr'><strong>spes</strong></span> <span class='ocrx_word' id='word_1_825' title='bbox 2778 5204 2888 5274; x_wconf 93' lang='lat' dir='ltr'><strong>jam</strong></span> <span class='ocrx_word' id='word_1_826' title='bbox 2919 5203 3097 5258; x_wconf 88' lang='lat' dir='ltr'><strong>inanis</strong></span> <span class='ocrx_word' id='word_1_827' title='bbox 3124 5203 3391 5257; x_wconf 86' lang='lat' dir='ltr'><strong>redditur.</strong></span> 
     </span>
    </p>
   </div>
   <div class='ocr_carea' id='block_1_101' title="bbox 546 5272 2054 5364">
    <p class='ocr_par' dir='ltr' id='par_1_101' title="bbox 546 5272 2054 5364">
     <span class='ocr_line' id='line_1_101' title="bbox 546 5272 2054 5364; baseline 0.02 -41"><span class='ocrx_word' id='word_1_828' title='bbox 546 5272 655 5364; x_wconf 80' lang='lat' dir='ltr'><strong>Sed</strong></span> <span class='ocrx_word' id='word_1_829' title='bbox 700 5273 956 5332; x_wconf 73' lang='lat' dir='ltr'><strong>dixeris:</strong></span> <span class='ocrx_word' id='word_1_830' title='bbox 997 5281 1284 5348; x_wconf 85' lang='lat' dir='ltr'><strong>Quomodo</strong></span> <span class='ocrx_word' id='word_1_831' title='bbox 1335 5289 1446 5357; x_wconf 91' lang='lat' dir='ltr'><strong>pati</strong></span> <span class='ocrx_word' id='word_1_832' title='bbox 1501 5301 1715 5360; x_wconf 86' lang='lat' dir='ltr'><strong>potest,</strong></span> <span class='ocrx_word' id='word_1_833' title='bbox 1770 5296 1863 5364; x_wconf 88' lang='lat' dir='ltr'><strong>qui</strong></span> <span class='ocrx_word' id='word_1_834' title='bbox 1918 5298 2054 5353; x_wconf 93' lang='lat' dir='ltr'><strong>nulli</strong></span> 
     </span>
    </p>
   </div>
   <div class='ocr_carea' id='block_1_102' title="bbox 476 5362 2051 5451">
    <p class='ocr_par' dir='ltr' id='par_1_102' title="bbox 476 5362 2051 5451">
     <span class='ocr_line' id='line_1_102' title="bbox 476 5362 2051 5451; baseline 0.018 -38"><span class='ocrx_word' id='word_1_835' title='bbox 476 5362 715 5430; x_wconf 87' lang='lat' dir='ltr'><strong>passioni</strong></span> <span class='ocrx_word' id='word_1_836' title='bbox 746 5375 828 5420; x_wconf 90' lang='lat' dir='ltr'><strong>est</strong></span> <span class='ocrx_word' id='word_1_837' title='bbox 859 5368 1162 5428; x_wconf 77' lang='lat' dir='ltr'><strong>obnoxius?</strong></span> <span class='ocrx_word' id='word_1_838' title='bbox 1190 5376 1327 5433; x_wconf 86' lang='lat' dir='ltr'><strong>illud</strong></span> <span class='ocrx_word' id='word_1_839' title='bbox 1363 5380 1528 5451; x_wconf 81' lang='lat' dir='ltr'><strong>igitur</strong></span> <span class='ocrx_word' id='word_1_840' title='bbox 1571 5399 1637 5438; x_wconf 78' lang='lat' dir='ltr'><strong>ex</strong></span> <span class='ocrx_word' id='word_1_841' title='bbox 1671 5362 2051 5443; x_wconf 32' lang='lat' dir='ltr'><strong>Deo—Verbum</strong></span> 
     </span>
    </p>
   </div>
   <div class='ocr_carea' id='block_1_103' title="bbox 476 5455 2051 5550">
    <p class='ocr_par' dir='ltr' id='par_1_103' title="bbox 476 5455 2051 5550">
     <span class='ocr_line' id='line_1_103' title="bbox 476 5455 2051 5550; baseline 0.02 -46"><span class='ocrx_word' id='word_1_842' title='bbox 476 5455 665 5522; x_wconf 91' lang='lat' dir='ltr'><strong>procul</strong></span> <span class='ocrx_word' id='word_1_843' title='bbox 703 5456 893 5522; x_wconf 86' lang='lat' dir='ltr'><strong>dubio,</strong></span> <span class='ocrx_word' id='word_1_844' title='bbox 932 5471 991 5515; x_wconf 93' lang='lat' dir='ltr'><strong>ut</strong></span> <span class='ocrx_word' id='word_1_845' title='bbox 1023 5464 1134 5534; x_wconf 88' lang='lat' dir='ltr'><strong>jam</strong></span> <span class='ocrx_word' id='word_1_846' title='bbox 1174 5467 1383 5525; x_wconf 90' lang='lat' dir='ltr'><strong>dictum</strong></span> <span class='ocrx_word' id='word_1_847' title='bbox 1430 5482 1533 5539; x_wconf 89' lang='lat' dir='ltr'><strong>est,</strong></span> <span class='ocrx_word' id='word_1_848' title='bbox 1576 5478 1877 5531; x_wconf 85' lang='lat' dir='ltr'><strong>secundum</strong></span> <span class='ocrx_word' id='word_1_849' title='bbox 1922 5497 2051 5550; x_wconf 85' lang='lat' dir='ltr'><strong>pro-</strong></span> 
     </span>
    </p>
   </div>
   <div class='ocr_carea' id='block_1_104' title="bbox 479 5548 2052 5637">
    <p class='ocr_par' dir='ltr' id='par_1_104' title="bbox 479 5548 2052 5637">
     <span class='ocr_line' id='line_1_104' title="bbox 479 5548 2052 5637; baseline 0.019 -38"><span class='ocrx_word' id='word_1_850' title='bbox 479 5548 649 5616; x_wconf 85' lang='lat' dir='ltr'><strong>priam</strong></span> <span class='ocrx_word' id='word_1_851' title='bbox 692 5560 940 5606; x_wconf 85' lang='lat' dir='ltr'><strong>naturam</strong></span> <span class='ocrx_word' id='word_1_852' title='bbox 981 5557 1295 5618; x_wconf 88' lang='lat' dir='ltr'><strong>nullatenus</strong></span> <span class='ocrx_word' id='word_1_853' title='bbox 1324 5575 1409 5625; x_wconf 74' lang='lat' dir='ltr'><strong>est</strong></span> <span class='ocrx_word' id='word_1_854' title='bbox 1439 5569 1663 5637; x_wconf 87' lang='lat' dir='ltr'><strong>patibilc</strong></span> <span class='ocrx_word' id='word_1_855' title='bbox 1698 5589 1709 5625; x_wconf 90' lang='lat'>:</span> <span class='ocrx_word' id='word_1_856' title='bbox 1742 5548 1946 5627; x_wconf 76' lang='lat' dir='ltr'><strong>dicitur</strong></span> <span class='ocrx_word' id='word_1_857' title='bbox 1976 5588 2052 5629; x_wconf 86' lang='lat' dir='ltr'><strong>ta-</strong></span> 
     </span>
    </p>
   </div>
   <div class='ocr_carea' id='block_1_105' title="bbox 559 5751 1011 5811">
    <p class='ocr_par' dir='ltr' id='par_1_105' title="bbox 559 5751 1011 5811">
     <span class='ocr_line' id='line_1_105' title="bbox 559 5751 1011 5811; baseline 0.013 -8"><span class='ocrx_word' id='word_1_858' title='bbox 559 5751 601 5778; x_wconf 72' lang='lat'>“</span> <span class='ocrx_word' id='word_1_859' title='bbox 627 5752 784 5804; x_wconf 80' lang='lat' dir='ltr'><strong>l‘rov.</strong></span> <span class='ocrx_word' id='word_1_860' title='bbox 827 5771 896 5811; x_wconf 66' lang='lat' dir='ltr'><strong>iv,</strong></span> <span class='ocrx_word' id='word_1_861' title='bbox 936 5756 1011 5809; x_wconf 71' lang='lat' dir='ltr'><strong>lS.</strong></span> 
     </span>
    </p>
   </div>
   <div class='ocr_carea' id='block_1_106' title="bbox 475 5807 948 5889">
    <p class='ocr_par' dir='ltr' id='par_1_106' title="bbox 475 5807 948 5889">
     <span class='ocr_line' id='line_1_106' title="bbox 475 5807 948 5889; baseline 0.011 -15"><span class='ocrx_word' id='word_1_862' title='bbox 475 5807 519 5843; x_wconf 62' lang='grc' dir='ltr'><strong>’θ</strong></span> <span class='ocrx_word' id='word_1_863' title='bbox 548 5820 591 5875; x_wconf 90' lang='lat' dir='ltr'><strong>ll</strong></span> <span class='ocrx_word' id='word_1_864' title='bbox 624 5823 751 5877; x_wconf 80' lang='lat' dir='ltr'><strong>Cor.</strong></span> <span class='ocrx_word' id='word_1_865' title='bbox 781 5841 833 5889; x_wconf 80' lang='grc' dir='ltr'><strong>ν,</strong></span> <span class='ocrx_word' id='word_1_866' title='bbox 869 5807 948 5879; x_wconf 76' lang='lat' dir='ltr'><strong>lt.</strong></span> 
     </span>
    </p>
   </div>
   <div class='ocr_carea' id='block_1_107' title="bbox 2236 5282 3741 5371">
    <p class='ocr_par' dir='ltr' id='par_1_107' title="bbox 2236 5282 3741 5371">
     <span class='ocr_line' id='line_1_107' title="bbox 2236 5282 3741 5371; baseline -0.001 -18"><span class='ocrx_word' id='word_1_867' title='bbox 2236 5299 2395 5353; x_wconf 81' lang='grc' dir='ltr'>Ἀλλὰ</span> <span class='ocrx_word' id='word_1_868' title='bbox 2428 5299 2554 5371; x_wconf 72' lang='grc' dir='ltr'>γὰρ,</span> <span class='ocrx_word' id='word_1_869' title='bbox 2592 5282 2737 5363; x_wconf 77' lang='grc' dir='ltr'>Πῶς,</span> <span class='ocrx_word' id='word_1_870' title='bbox 2771 5298 2925 5368; x_wconf 69' lang='grc' dir='ltr'>φησὶ,</span> <span class='ocrx_word' id='word_1_871' title='bbox 2960 5298 3120 5350; x_wconf 85' lang='grc' dir='ltr'>πάθοι</span> <span class='ocrx_word' id='word_1_872' title='bbox 3156 5297 3220 5350; x_wconf 83' lang='grc' dir='ltr'>ἂν</span> <span class='ocrx_word' id='word_1_873' title='bbox 3247 5300 3275 5350; x_wconf 86' lang='grc' dir='ltr'><strong>ὁ</strong></span> <span class='ocrx_word' id='word_1_874' title='bbox 3308 5297 3496 5350; x_wconf 82' lang='grc' dir='ltr'>παθεῖν</span> <span class='ocrx_word' id='word_1_875' title='bbox 3524 5299 3625 5350; x_wconf 75' lang='grc' dir='ltr'>οὐκ</span> <span class='ocrx_word' id='word_1_876' title='bbox 3658 5300 3741 5352; x_wconf 86' lang='grc' dir='ltr'><strong>εἱ-</strong></span> 
     </span>
    </p>
   </div>
   <div class='ocr_carea' id='block_1_108' title="bbox 2152 5386 3742 5461">
    <p class='ocr_par' dir='ltr' id='par_1_108' title="bbox 2152 5386 3742 5461">
     <span class='ocr_line' id='line_1_108' title="bbox 2152 5386 3742 5461; baseline 0.001 -18"><span class='ocrx_word' id='word_1_877' title='bbox 2152 5392 2287 5453; x_wconf 78' lang='grc' dir='ltr'><strong>δώ;;</strong></span> <span class='ocrx_word' id='word_1_878' title='bbox 2327 5389 2567 5460; x_wconf 74' lang='grc' dir='ltr'>’Λπαθής</span> <span class='ocrx_word' id='word_1_879' title='bbox 2587 5391 2684 5459; x_wconf 82' lang='grc' dir='ltr'>μὲν</span> <span class='ocrx_word' id='word_1_880' title='bbox 2704 5386 2819 5450; x_wconf 76' lang='grc' dir='ltr'>οὖν,</span> <span class='ocrx_word' id='word_1_881' title='bbox 2847 5390 2919 5453; x_wconf 85' lang='grc' dir='ltr'>ὡς</span> <span class='ocrx_word' id='word_1_882' title='bbox 2950 5390 3108 5459; x_wconf 57' lang='grc' dir='ltr'>ἔφην,</span> <span class='ocrx_word' id='word_1_883' title='bbox 3139 5389 3581 5461; x_wconf 79' lang='grc' dir='ltr'>ὁμολογουμένως</span> <span class='ocrx_word' id='word_1_884' title='bbox 3614 5389 3742 5444; x_wconf 77' lang='grc' dir='ltr'>κατ’</span> 
     </span>
    </p>
   </div>
   <div class='ocr_carea' id='block_1_109' title="bbox 2155 5478 3744 5551">
    <p class='ocr_par' dir='ltr' id='par_1_109' title="bbox 2155 5478 3744 5551">
     <span class='ocr_line' id='line_1_109' title="bbox 2155 5478 3744 5551; baseline -0.001 -16"><span class='ocrx_word' id='word_1_885' title='bbox 2155 5483 2289 5535; x_wconf 77' lang='grc' dir='ltr'>ἰδίαν</span> <span class='ocrx_word' id='word_1_886' title='bbox 2326 5482 2487 5550; x_wconf 70' lang='grc' dir='ltr'>φύσιν</span> <span class='ocrx_word' id='word_1_887' title='bbox 2528 5483 2557 5535; x_wconf 84' lang='lat'><strong>6</strong></span> <span class='ocrx_word' id='word_1_888' title='bbox 2588 5484 2650 5534; x_wconf 81' lang='grc' dir='ltr'>ὲκ</span> <span class='ocrx_word' id='word_1_889' title='bbox 2691 5481 2828 5536; x_wconf 83' lang='grc' dir='ltr'>Θεοῦ</span> <span class='ocrx_word' id='word_1_890' title='bbox 2878 5483 3070 5551; x_wconf 55' lang='grc' dir='ltr'>Λόγος</span> <span class='ocrx_word' id='word_1_891' title='bbox 3105 5483 3321 5551; x_wconf 83' lang='grc' dir='ltr'>λέγεται</span> <span class='ocrx_word' id='word_1_892' title='bbox 3368 5482 3411 5533; x_wconf 76' lang='grc' dir='ltr'>δ’</span> <span class='ocrx_word' id='word_1_893' title='bbox 3442 5478 3535 5535; x_wconf 74' lang='grc' dir='ltr'>οὖν</span> <span class='ocrx_word' id='word_1_894' title='bbox 3573 5484 3744 5549; x_wconf 74' lang='grc' dir='ltr'>σαρκὶ</span> 
     </span>
    </p>
   </div>
   <div class='ocr_carea' id='block_1_110' title="bbox 2152 5573 3742 5649">
    <p class='ocr_par' dir='ltr' id='par_1_110' title="bbox 2152 5573 3742 5649">
     <span class='ocr_line' id='line_1_110' title="bbox 2152 5573 3742 5649; baseline 0.004 -25"><span class='ocrx_word' id='word_1_895' title='bbox 2152 5578 2217 5644; x_wconf 78' lang='grc' dir='ltr'>τῇ</span> <span class='ocrx_word' id='word_1_896' title='bbox 2254 5576 2357 5645; x_wconf 79' lang='grc' dir='ltr'><strong>ἰδέᾳ</strong></span> <span class='ocrx_word' id='word_1_897' title='bbox 2402 5575 2611 5639; x_wconf 72' lang='grc' dir='ltr'>παθεῖν,</span> <span class='ocrx_word' id='word_1_898' title='bbox 2645 5574 2785 5627; x_wconf 85' lang='grc' dir='ltr'>κατὰ</span> <span class='ocrx_word' id='word_1_899' title='bbox 2817 5575 2912 5640; x_wconf 81' lang='grc' dir='ltr'><strong>τάς</strong></span> <span class='ocrx_word' id='word_1_900' title='bbox 2949 5576 3189 5647; x_wconf 69' lang='grc' dir='ltr'>Γραφάςο</span> <span class='ocrx_word' id='word_1_901' title='bbox 3239 5573 3307 5648; x_wconf 73' lang='grc' dir='ltr'>ἦν</span> <span class='ocrx_word' id='word_1_902' title='bbox 3344 5577 3454 5649; x_wconf 80' lang='grc' dir='ltr'><strong>γάρ</strong></span> <span class='ocrx_word' id='word_1_903' title='bbox 3482 5578 3646 5640; x_wconf 77' lang='grc' dir='ltr'>αὐτὸς</span> <span class='ocrx_word' id='word_1_904' title='bbox 3678 5579 3742 5631; x_wconf 81' lang='grc' dir='ltr'>ὲν</span> 
     </span>
    </p>
   </div>
   <div class='ocr_carea' id='block_1_111' title="bbox 1108 5763 3738 5867">
    <p class='ocr_par' dir='ltr' id='par_1_111' title="bbox 1108 5763 3738 5867">
     <span class='ocr_line' id='line_1_111' title="bbox 1108 5763 3738 5867; baseline 0.011 -51"><span class='ocrx_word' id='word_1_905' title='bbox 1108 5763 1150 5791; x_wconf 65' lang='grc'><strong>⁸⁸</strong></span> <span class='ocrx_word' id='word_1_906' title='bbox 1181 5764 1376 5833; x_wconf 77' lang='lat' dir='ltr'><strong>Ephcs.</strong></span> <span class='ocrx_word' id='word_1_907' title='bbox 1407 5784 1456 5831; x_wconf 86' lang='lat' dir='ltr'><strong>v,</strong></span> <span class='ocrx_word' id='word_1_908' title='bbox 1485 5770 1536 5823; x_wconf 70' lang='grc' dir='ltr'><strong>ΕΣ.</strong></span> <span class='ocrx_word' id='word_1_909' title='bbox 1617 5774 1657 5803; x_wconf 69' lang='lat'><strong>&quot;7</strong></span> <span class='ocrx_word' id='word_1_910' title='bbox 1698 5772 1851 5828; x_wconf 88' lang='lat' dir='ltr'><strong>.loan.</strong></span> <span class='ocrx_word' id='word_1_911' title='bbox 1881 5791 1917 5840; x_wconf 80' lang='grc' dir='ltr'><strong>ι,</strong></span> <span class='ocrx_word' id='word_1_912' title='bbox 1956 5775 2038 5830; x_wconf 61' lang='lat' dir='ltr'><strong>li.</strong></span> <span class='ocrx_word' id='word_1_913' title='bbox 2116 5776 2158 5806; x_wconf 69' lang='grc' dir='ltr'><strong>δε</strong></span> <span class='ocrx_word' id='word_1_914' title='bbox 2184 5776 2323 5832; x_wconf 73' lang='lat' dir='ltr'><strong>Psal.</strong></span> <span class='ocrx_word' id='word_1_915' title='bbox 2351 5794 2528 5844; x_wconf 72' lang='lat' dir='ltr'><strong>xxxix,</strong></span> <span class='ocrx_word' id='word_1_916' title='bbox 2560 5780 2610 5844; x_wconf 83' lang='lat'><strong>7,</strong></span> <span class='ocrx_word' id='word_1_917' title='bbox 2639 5780 2699 5847; x_wconf 89' lang='lat'>8;</span> <span class='ocrx_word' id='word_1_918' title='bbox 2740 5779 2907 5867; x_wconf 77' lang='lat' dir='ltr'><strong>Hebr.</strong></span> <span class='ocrx_word' id='word_1_919' title='bbox 2962 5800 3013 5849; x_wconf 71' lang='grc' dir='ltr'>ι,</span> <span class='ocrx_word' id='word_1_920' title='bbox 3065 5787 3117 5851; x_wconf 84' lang='lat'><strong>5,</strong></span> <span class='ocrx_word' id='word_1_921' title='bbox 3152 5788 3202 5842; x_wconf 83' lang='lat'><strong>7.</strong></span> <span class='ocrx_word' id='word_1_922' title='bbox 3281 5786 3323 5823; x_wconf 66' lang='lat'><strong>‘9</strong></span> <span class='ocrx_word' id='word_1_923' title='bbox 3363 5788 3464 5844; x_wconf 88' lang='lat' dir='ltr'><strong>lsa.</strong></span> <span class='ocrx_word' id='word_1_924' title='bbox 3518 5800 3631 5854; x_wconf 83' lang='lat' dir='ltr'><strong>un,</strong></span> <span class='ocrx_word' id='word_1_925' title='bbox 3676 5787 3738 5844; x_wconf 77' lang='lat'><strong>3.</strong></span> 
     </span>
    </p>
   </div>
  </div>
