4044 6212
293 322 398 380 ‘135

1702 315 2040 372 EPISTULA
2081 316 2143 370 L.

3456 324 3564 381 266

294 440 371 507 τῷ
397 438 662 509 πάσχοντι
701 436 938 508 σώματι.
972 438 1084 491 Καὶ
1114 435 1449 491 πιστώσεταί
1496 450 1557 487 σε
1596 434 1825 503 γράφων
1849 435 1878 485 6

1997 449 2107 488 nen
2145 431 2449 488 secundum
2490 432 2807 504 Seripturas
2848 437 3073 510 prppria
3112 452 3278 492 carne
3317 451 3562 509 passum,

296 530 499 598 Πέτρος
517 527 648 598 περὶ
673 526 863 580 αὐτοῦ·
892 546 911 578 ι
941 528 1037 591 Ὃς
1058 528 1157 591 τάς
1176 526 1454 598 ἁμαρτίας
1479 524 1637 596 ἡμῶν
1659 526 1880 594 ἀνήνεγ-

299 639 399 677 κεν
451 622 505 673 ἐν
551 618 632 690 τῷ
679 616 896 690 σώματι
943 617 1111 672 αὑτοῦ
1156 619 1252 672 επὶ
1283 618 1346 671 τὸ
1387 617 1566 685 ξύλον.
1608 634 1630 668 ι
1670 615 1879 671 Οὐκοῦν

297 710 512 778 ἀπαθὴς
536 708 637 779 μὲν
657 708 689 760 6
726 708 925 773 Λόγος,
954 707 1091 761 καθὸ
1127 705 1289 775 φύσει
1304 706 1507 760 νοεῖται
1539 702 1692 767 θεός·
1712 701 1879 757 αὐτοῦ

294 821 355 871 τε
418 801 528 872 μὴν
573 803 780 854 νοεῖται
818 801 945 853 κατ’
990 798 1267 852 οἱκείωσιν
1292 794 1648 866 οἰκονομικὴν
1687 794 1756 847 τὰ
1781 794 1882 865 τῆς

290 898 498 969 σαρκὸς
521 894 693 949 αὐτοῦ
719 894 893 963 πάθη.
925 893 1081 948 Ἐπεὶ
1098 891 1222 946 τινα
1253 891 1455 961 τρόπον
1483 892 1512 944 6
1540 888 1882 961 πρωτότοκος

286 990 478 1059 πάσης
505 987 760 1049 κτὶσεως,
808 987 840 1038 ὁ
888 985 963 1041 δι’
1002 977 1067 1037 οὗ
1113 982 1402 1053 γεγόνασιν
1456 981 1649 1053 ’Δρχαί
1679 998 1741 1034 τε
1788 982 1884 1035 καὶ

298 1078 815 1147 Έξουσεαι,Θρόνοι
834 1090 898 1130 τε
925 1078 1021 1131 xa‘t
1046 1076 1403 1147 κυριότητες,
1429 1075 1489 1127 ἂν
1508 1067 1593 1141 {pi
1620 1072 1691 1127 τὰ
1706 1072 1886 1127 πάντα

285 1173 619 1242 συνέστηκε,
656 1170 1002 1242 πρωτότοκος
1047 1169 1113 1222 ὲκ
1153 1167 1384 1238 νεκρῶν,
1416 1166 1510 1219 καὶ
1530 1164 1755 1237 ἀπαρχὴ
1787 1164 1883 1233 γέ-

284 1279 417 1330 γονε
462 1260 575 1314 τῶν
630 1259 1076 1330 κεκοιμημένων,
1118 1259 1169 1312 εἰ
1204 1258 1281 1329 μὴ
1306 1257 1371 1310 τὸ
1412 1258 1605 1311 παθεῖν
1642 1257 1887 1327 πεφυκὸς

286 1355 429 1407 ἴδιον
465 1353 766 1424 ἐποιήσατο
810 1350 973 1421 σῶμα
1009 1350 1142 1414 Θεὸς
1169 1350 1249 1404 ὢν
1290 1351 1321 1404 6
1349 1349 1559 1418 Λόγοςς
1592 1351 1806 1423 Ὠσπερ
1829 1352 1884 1405 δὲ

282 1448 492 1513 γέγονε
512 1444 652 1497 κατὰ
683 1443 864 1513 σάρκα
900 1445 965 1496 ὲκ
995 1442 1275 1510 γυναικὸς,
1308 1442 1409 1513 τὴν
1441 1442 1563 1495 καθ’
1604 1443 1753 1512 ἡμᾶς
1794 1444 1886 1495 ἁν-

282 1536 594 1606 ορωπενως
640 1532 897 1599 άπὸτεξιν
954 1534 1344 1605 οἰκειούμενος,
1404 1534 1582 1588 καίτοι
1616 1534 1886 1603 γέννησιν

287 1629 439 1683 ἰδίαν
469 1628 609 1699 ἔχων
648 1628 747 1698 τὴν
784 1629 850 1680 ἐκ
881 1627 1115 1698 Πατρὸς,
1156 1626 1302 1681 οὕτω
1334 1628 1432 1680 καὶ
1474 1628 1639 1699 σαρκὶ
1671 1627 1888 1695 λέγεται

284 1721 500 1774 παθεῖν
521 1719 643 1773 καθ’
672 1721 824 1790 ἡμᾶς
865 1737 928 1772 τε
956 1722 1052 1774 καὶ
1091 1720 1468 1792 ἀνθρωπίνως,
1514 1721 1694 1775 καίτοι
1727 1720 1889 1790 φύσει

1982 525 2243 596 quoniam
2268 524 2384 596 ipse
2412 534 2531 580 erat
2554 525 2610 580 in
2639 527 2879 596 patiente
2903 543 3155 598 corpore.
3183 527 3341 595 Quod
3368 528 3569 584 beatus

1981 618 2180 674 Petrus
2206 616 2516 681 conﬁrmat,
2550 618 2698 672 hunc
2726 619 2781 673 in
2810 620 3034 675 modum
3061 620 3127 674 de
3154 619 3247 673 illo
3268 620 3524 678 scribens
3551 642 3563 675 :

1991 728 2010 760 ι
2039 709 2143 777 Qui
2185 720 2405 779 peccata
2434 719 2617 765 nostra
2653 712 2883 781 pertulit
2911 712 2966 766 in
2996 729 3228 783 corpore
3267 728 3367 768 suo
3401 732 3569 786 super

1982 803 2193 873 lignum
2223 804 2291 855 ".
2326 823 2343 853 ι
2386 802 2654 869 Quocirca
2694 804 2825 859 licet
2856 805 3121 871 Verbum,
3153 821 3277 861 cum
3326 816 3387 863 ut
3424 806 3570 864 Deus

1984 895 2289 951 secundum
2340 902 2595 949 naturam
2644 895 3046 961 consideratur,
3106 896 3178 953 sit
3227 892 3566 970 impatihile;

1985 987 2288 1043 secundum
2321 986 2778 1058 dispensatoriam
2821 997 3002 1043 tamen
3038 991 3564 1061 appropriationcm,

1985 1080 2270 1151 passiones
2298 1080 2451 1134 carni
2471 1088 2848 1151 competentes
2873 1080 3043 1150 ipsius
3068 1084 3305 1153 propria:
3332 1098 3566 1139 censen-

1988 1180 2098 1227 tur.
2122 1172 2338 1241 Alioqui
2365 1171 2642 1240 quomodo
2667 1171 2756 1227 ille
2780 1174 3180 1243 primogenitus
3202 1174 3383 1229 omnis
3412 1190 3569 1231 crea-

1987 1269 2126 1316 turtc
2153 1262 2223 1324 ⁷⁸,
2272 1260 2363 1316 illc
2409 1276 2506 1331 per
2548 1276 2711 1331 quem
2763 1262 2891 1315 facti
2939 1270 3066 1316 sunt
3117 1262 3468 1335 Principatus
3514 1276 3567 1321 et

1986 1355 2314 1418 Potestatcs,
2341 1353 2549 1408 Thmui
2584 1362 2641 1407 et
2672 1353 3105 1419 Dominationes,
3130 1363 3184 1409 et
3217 1357 3272 1410 in
3300 1374 3411 1427 quo
3439 1375 3571 1414 con-

1987 1447 2192 1501 sistunt
2232 1445 2414 1499 omnia
2445 1446 2513 1511 ",
2558 1444 2733 1500 tactus
2768 1454 2853 1500 cst
2892 1446 3289 1517 primogenitus
3322 1464 3387 1503 ex
3428 1464 3574 1504 mor-

1991 1539 2101 1593 tuis
2124 1537 2191 1601 “,
2214 1546 2268 1591 et.
2293 1537 2548 1607 primitize
2572 1536 2968 1591 dormientium
3001 1539 3069 1602 ⁷³,
3094 1538 3138 1592 si
3162 1539 3308 1593 Deus
3331 1540 3571 1596 Verbum

1990 1646 2194 1700 corpus
2235 1629 2382 1700 quod
2440 1629 2555 1698 pati
2596 1637 2785 1683 natum
2829 1638 2950 1683 erat
2990 1629 3095 1685 sibi
3137 1632 3419 1702 proprium
3461 1649 3575 1689 non

1992 1721 2157 1776 fecit?
2176 1719 2651 1787 Quemadmodum
2673 1729 2855 1775 autem
2875 1719 3021 1776 Deus
3038 1736 3105 1777 ex
3124 1720 3355 1775 muliere
3380 1736 3577 1777 secun-

284 1812 507 1883 προσόν
535 1811 685 1883 αύτῷ
713 1812 776 1866 τὸ
803 1812 1037 1877 ἀπαθῶς
1068 1813 1216 1883 ἔχειν
1248 1811 1297 1880 i,
1334 1812 1468 1867 καθὸ
1499 1815 1699 1868 νοεῖται
1731 1796 1886 1878 Θέός.

1997 1814 2123 1867 dum
2153 1828 2374 1868 carnem
2399 1820 2555 1867 ortus
2578 1812 2646 1876 ",
2674 1822 2919 1866 nostram
2952 1812 3053 1867 sibi
3083 1812 3404 1869 humanitus
3430 1815 3573 1869 nati-

282 1905 460 1960 οὕτω
490 1905 601 1977 γὰρ
620 1907 821 1960 νοεῖται
847 1905 1105 1978 Χριστός·
1127 1904 1303 1971 οὕτως
1343 1906 1467 1959 ἐστὶ
1503 1904 1603 1958 καὶ
1634 1904 1890 1975 σύνεδρος

285 1997 376 2070 τῷ
408 1999 619 2070 Πατρὶ,
648 1998 751 2067 οὐχ
774 1997 852 2060 ὡς
881 1996 1171 2069 ἄνθρωπος
1197 2000 1267 2069 τῇ
1306 1998 1583 2067 ἐνοικήσει
1616 1996 1712 2051 τοῦ
1755 1996 1890 2049 Θεοῦ

280 2090 480 2157 Λόγου
517 2087 917 2159 τετιμημένος,
965 2086 1083 2141 ἀλλ’
1125 2086 1203 2151 ὡς
1246 2086 1373 2150 Υἱὸς
1403 2086 1623 2157 ἀληθῶς
1675 2085 1770 2139 καὶ
1803 2086 1893 2139 ὅτε

291 2181 532 2251 γέγονεν
564 2180 876 2251 ἄνθρωπος.
902 2180 1212 2250 Τετήρηται
1243 2177 1353 2249 γὰρ
1375 2175 1526 2249 αὐτῷ
1562 2177 1659 2248 τῆς
1696 2177 1893 2230 οὐσιω-

290 2271 407 2337 δὼς
434 2270 858 2342 ἐνυπαρχούσης
887 2270 1165 2341 ὑπεροχῆς
1201 2268 1264 2324 τὸ
1297 2268 1538 2340 ἀξίωμα,
1568 2270 1662 2321 καὶ
1701 2269 1749 2320 εἰ
1794 2266 1893 2321 πέ-

297 2379 480 2433 φηνεν
503 2362 869 2432 οἰκονομικῶς
903 2363 964 2417 ἑν
1004 2360 1192 2415 δούλου
1229 2362 1435 2433 μορφῇ.
1487 2359 1721 2424 Οὐκοῦν,
1753 2358 1897 2414 καθά

301 2473 478 2525 φησιν
521 2462 572 2518 ι,
608 2455 658 2508 ει
689 2454 787 2509 καὶ
827 2454 1088 2518 κοινωνὸς
1126 2454 1227 2524 τῆς
1276 2452 1552 2526 ἡμετέρας
1587 2452 1803 2522 φύσεως
1829 2448 1898 2523 ἦν

305 2547 446 2602 καθὸ
468 2547 783 2617 ἄνθρωπος,
815 2547 930 2627 ἀλλ’
954 2542 1023 2618 ἦν
1050 2546 1189 2617 μετὰ
1210 2545 1402 2601 τούτου
1425 2546 1521 2601 καὶ
1544 2545 1686 2617 ὑπὲρ
1714 2546 1897 2602 πᾶσαν

303 2639 404 2709 τὴν
432 2639 617 2693 κτίσιν
658 2640 736 2703 ὡς
776 2638 932 2703 Θεός.

1990 1904 2217 1959 vitatem
2253 1905 2662 1976 appropriavit,
2702 1906 2954 1975 quamvis
2996 1907 3274 1977 propriam
3311 1923 3379 1963 ex
3415 1907 3577 1963 Patre

1991 1998 2336 2053 nativitatem
2370 1998 2599 2053 haberet
2630 2015 2643 2050 :
2678 1998 2754 2051 ita
2785 1997 2931 2053 idem‘
2965 1996 3131 2053 etiam
3170 2015 3335 2055 carne
3374 1999 3582 2055 dicitur

1992 2089 2105 2160 pati
2135 2088 2438 2143 secundum
2469 2104 2591 2153 nos,
2616 2094 2673 2143 et
2700 2087 3039 2157 humanitus,
3067 2090 3305 2156 etiamsi,
3342 2100 3404 2146 ut
3434 2088 3581 2146 Deus

1994 2180 2353 2252 intelligatur,
2406 2180 2556 2236 nulla
2615 2180 2916 2251 patibilitas
2962 2181 3018 2236 in
3073 2181 3228 2237 illum
3270 2199 3338 2237 ex
3384 2193 3581 2238 natura

1994 2272 2306 2326 conveniat.
2333 2268 2412 2326 Ad
2437 2271 2588 2327 hunc
2615 2286 2854 2343 namque
2880 2271 3105 2329 modum
3128 2272 3382 2330 Christus
3410 2289 3581 2346 agno-

1995 2362 2170 2417 scitur
2210 2380 2223 2416 :
2258 2362 2325 2417 ad
2370 2362 2520 2418 hune
2564 2364 2790 2419 modum
2834 2365 3001 2419 etiam
3041 2381 3165 2421 cum
3198 2366 3360 2421 Patre
3398 2366 3583 2421 consi-

1997 2455 2119 2522 det;
2162 2472 2272 2510 non
2310 2462 2371 2509 ut
2419 2455 2586 2511 homo
2625 2472 2726 2527 per
2772 2456 2869 2512 Dei
2908 2456 3072 2514 Verbi
3121 2457 3578 2515 inhabitationem

1998 2548 2318 2614 honoratus,
2341 2548 2437 2603 sed
2466 2558 2527 2604 ut
2548 2565 2675 2604 vere
2706 2550 2897 2615 Filius,
2925 2550 3092 2605 etiam
3120 2558 3237 2605 tum
3260 2566 3386 2605 cum
3416 2550 3582 2605 homo

1997 2648 2085 2693 est
2126 2638 2320 2694 factus.
2366 2637 2649 2708 Siquidem
2694 2639 3122 2711 praeeminentiae
3162 2639 3421 2711 dignitas,
3461 2656 3583 2708 quae

302 2731 682 2788 essentialiter
715 2731 790 2787 illi
824 2732 986 2797 inest,
1025 2733 1234 2803 integra
1268 2732 1318 2785 ei
1358 2732 1677 2803 permansit,
1704 2733 1923 2789 etiamsi
1963 2733 2365 2804 dispensatorie
2403 2733 2459 2788 in
2522 2732 2664 2787 servi
2701 2733 2875 2788 forma
2910 2732 3247 2803 apparuerit.
3289 2730 3491 2800 Quare,
3522 2748 3585 2790 ut

310 2823 444 2890 dixi,
468 2824 601 2880 licet
633 2832 836 2879 nostrze
870 2833 1081 2879 naturae
1116 2824 1393 2894 particeps
1434 2823 1598 2878 fuerit
1655 2834 1719 2879 ut
1770 2825 1959 2891 homo,
1999 2839 2125 2878 cum
2159 2823 2263 2879 hoc
2294 2823 2413 2894 ipso
2444 2830 2626 2877 tamen
2667 2835 2831 2893 supra
2877 2833 3097 2876 omnem
3126 2830 3435 2878 creaturam
3463 2832 3586 2877 erat

312 2925 373 2971 ut
394 2918 561 2973 Deus.

392 3007 713 3077 Ἑτωθὸμην
738 3006 797 3060 δέ
826 3024 969 3070 τινος
1000 3005 1019 3044 ι
1050 3010 1151 3078 τῆς
1182 3008 1262 3069 εἰς
1291 3008 1555 3079 οὐρανοὺς
1588 3007 1779 3062 ἀνόδου
1803 3009 1894 3081 τὴν

2071 3004 2342 3060 ϐίοιετιιιη
2369 3001 2555 3058 audivi
2580 2998 2897 3073 quemdam,
2923 3004 3018 3075 qui
3048 3019 3173 3060 cum
3202 3002 3414 3060 reditus
3436 3004 3586 3065 illius

313 3099 491 3153 αἰτίαν
513 3097 887 3168 ἐξηγουμένου
911 3106 973 3159 ω,
1013 3098 1093 3161 εἰς
1122 3096 1321 3167 χωρίον
1347 3096 1510 3151 αὐτὸν
1538 3098 1899 3169 άναῳοιτῆσαι

313 3191 516 3258 λέγειν,
543 3188 791 3259 ἀσφαλές
828 3206 889 3242 τε
934 3189 1030 3243 καὶ
1054 3188 1272 3252 άσυλον,
1303 3188 1576 3259 ἠξιιῖισθαι
1597 3190 1657 3245 δὲ
1684 3193 1780 3245 καὶ
1800 3191 1901 3261 τῆς

314 3283 458 3355 πρὸς
486 3282 585 3336 τδν
630 3283 846 3355 Πατέρα
888 3281 1190 3353 συνεδρίαςι
1235 3279 1385 3347 ἔνθα,
1428 3283 1616 3353 φησιν,
1645 3284 1675 3335 6
1705 3283 1901 3356 ἐχθρὸς

313 3376 418 3446 τῆς
458 3372 732 3445 ἡμετέρας
772 3373 995 3443 φύσεως
1026 3372 1088 3426 ού
1117 3372 1340 3427 δύναται
1379 3373 1689 3445 πλησιάσας
1734 3373 1901 3429 αὑτοῦ

315 3465 488 3520 πάλιν
512 3462 911 3520 ἐπιϐουλεῦσαι.
937 3462 1205 3536 Φρούριον
1230 3462 1344 3530 οὖν,
1377 3466 1504 3520 εἰπέ
1534 3483 1649 3538 μοι,
1679 3468 1904 3537 γέγονεν

317 3559 344 3611 6
377 3555 613 3628 οορανδς
655 3555 830 3626 αὐτῷ,
866 3556 962 3611 καὶ
989 3555 1138 3628 φυγὴ
1170 3555 1397 3627 μᾶλλον,
1425 3557 1527 3612 οὐκ
1558 3557 1829 3629 ἀνάληψις
1866 3559 1901 3630 η

319 3646 595 3717 ἀποδημία
623 3647 659 3719 ή
687 3648 783 3716 ἀφ’
823 3646 984 3719 ἡμῶν
1017 3646 1265 3717 γέγονεν,
1287 3650 1375 3719 ἐφ’
1406 3644 1441 3725 ᾖ
1482 3651 1578 3704 καὶ
1604 3649 1902 3721 καυχώμε-

322 3740 418 3808 Ba;
454 3740 678 3795 Ἐὂεδίει
698 3740 778 3806 δὲ,
801 3740 947 3795 κατὰ
973 3740 1037 3795 τὸ
1062 3741 1229 3807 εἰκὸς,
1265 3740 1341 3813 μὴ
1369 3741 1477 3813 άρα
1499 3760 1616 3807 πως
1642 3742 1904 3813 δευτέραν

325 3832 464 3903 αὐτῷ
492 3833 762 3905 συμπήξῃ
804 3833 989 3906 πάγην
1015 3835 1048 3889 6
1083 3835 1339 3907 πονηρός·
1370 3835 1468 3889 καὶ
1497 3835 1545 3888 εἰ
1577 3834 1654 3907 μὴ
1678 3835 1905 3904 γέγονεν

327 3923 575 3989 ἀνελθεῖν,
609 3924 981 3997 ἐπεϐουλεύθη
1032 3926 1124 3992 ἂν,
1173 3926 1246 3991 ὥς
1290 3925 1459 3992 ἔοικε,
1501 3928 1598 3981 καὶ
1633 3926 1773 3998 μετὰ
1805 3927 1907 4000 τὴν

332 4015 637 4072 ἀνάστασιν.
675 4017 777 4080 Τίς
806 4017 918 4072 τῶν
948 4017 1210 4073 τοιούτων
1244 4018 1456 4090 ἐμέτων
1474 4019 1577 4073 οὐκ
1598 4021 1906 4091 ἀποφοιτή-

336 4123 411 4161 σει
437 4108 693 4181 μακράνς
732 4109 806 4164 Ἦ
824 4109 912 4174 τίς
936 4110 1035 4181 τῆς
1061 4111 1235 4177 οὕτως
1267 4111 1501 4183 αἰσχρᾶς
1517 4112 1905 4184 τερατολογίας

338 4200 426 4253 οὐκ
470 4200 920 4272 άπαναστήσεται
945 4240 960 4264 ,
1009 4199 1182 4255 πολλὰ
1242 4201 1454 4272 χαίρειν
1490 4200 1662 4255 εἰπὼν
1695 4203 1808 4264 τοῖς
1835 4201 1905 4254 τὰ

2002 3100 2059 3154 in
2103 3098 2302 3154 coelum
2330 3111 2551 3152 causam
2583 3084 2903 3168 exponeret,
2936 3094 3156 3153 dicebat
3192 3097 3394 3155 abiisse
3428 3099 3584 3155 illum

2004 3188 2061 3244 in
2084 3189 2267 3244 locum
2295 3195 2495 3251 tutum,
2522 3182 2771 3258 nullique
2796 3186 3073 3242 violentia
3095 3189 3438 3258 eprsitum;
3471 3198 3585 3245 tum

2002 3296 2065 3337 ea
2088 3294 2309 3351 quoque
2334 3272 2491 3351 165
2514 3279 2779 3350 dignitate
2801 3287 2857 3333 et
2878 3279 3237 3351 praerogativa
3267 3281 3502 3351 potitum
3526 3295 3590 3340 ut

2003 3385 2129 3424 eum
2163 3369 2324 3425 Patre
2358 3367 2697 3431 consideret,
2733 3367 2850 3433 ubi,
2880 3368 2979 3434 ait,
3016 3374 3228 3424 natura:
3257 3376 3457 3425 nostra:
3486 3369 3585 3427 ad-

2002 3458 2281 3514 versarius
2321 3458 2549 3529 propius
2594 3456 2662 3511 ad
2703 3457 2883 3527 ipsum
2935 3458 3222 3522 accedere,
3263 3457 3588 3530 insidiisque

2004 3548 2262 3604 eumdem
2298 3563 2493 3603 rursus
2523 3548 2790 3619 impetere
2825 3562 2937 3603 non
2976 3554 3177 3618 potest.
3211 3547 3353 3620 Ergo
3384 3549 3587 3606 emlum

2005 3642 2209 3697 factum
2249 3649 2338 3696 est
2382 3639 2461 3695 illi
2507 3654 2609 3709 pro
2649 3640 2991 3706 munimine;
3033 3648 3091 3694 et
3132 3653 3383 3696 recessus
3421 3641 3512 3698 ille
3555 3659 3591 3700 α

2005 3733 2186 3798 nobis,
2218 3732 2287 3787 de
2327 3747 2438 3802 quo
2478 3730 2799 3802 gloriamur,
2830 3746 2942 3786 non
2986 3732 3289 3803 assumptio
3329 3731 3455 3800 fuit,
3490 3734 3591 3791 sed

2005 3825 2193 3899 potius
2218 3823 2379 3896 fuga?
2401 3823 2653 3880 Timebat
2686 3824 2898 3880 scilicet
2926 3824 3196 3891 fortassis,
3220 3842 3292 3883 ne
3318 3827 3593 3901 malignus

2010 3918 2100 3973 ille
2122 3919 2360 3973 alterum
2386 3917 2437 3973 ei
2465 3918 2723 3988 laqueum
2764 3916 3046 3990 injiceret;
3084 3933 3148 3973 ac
3180 3918 3285 3975 nisi
3315 3922 3594 3979 ascendis-

2008 4018 2112 4076 set,
2135 4009 2302 4065 etiam
2328 4020 2454 4081 post
2482 4010 2945 4066 resurrectionem
2978 4011 3224 4083 ejusdem
3255 4012 3468 4071 insidiis
3490 4031 3591 4086 pa-

2009 4110 2172 4158 teret.
2212 4103 2367 4170 Quis,
2401 4103 2654 4169 obsecro,
2687 4102 2757 4160 ab
2795 4104 3111 4176 huiusmodi
3143 4105 3402 4162 sordibus
3425 4124 3595 4180 quam

2008 4196 2326 4268 longissime
2363 4212 2475 4252 non
2508 4195 2804 4252 abscedat?
2838 4197 2974 4265 Quis
3012 4197 3150 4254 adeo
3183 4200 3363 4270 turpia
3390 4200 3591 4257 verbo-

342 4288 542 4345 τοιαῦτα
563 4290 811 4363 τολμῶσι
829 4294 1071 4363 φρονεῖν,
1092 4292 1126 4363 ἢ
1144 4292 1361 4361 λέγειν;
1388 4294 1605 4361 Ἄπαγε
1633 4290 1735 4363 τῆς
1760 4292 1894 4346 οὕτω

2009 4305 2132 4343 rum
2166 4296 2418 4359 portenta
2443 4304 2555 4345 non
2594 4295 2916 4356 aversetur;
2944 4299 3001 4346 et
3037 4290 3106 4347 iis
3142 4289 3235 4362 qui
3276 4291 3594 4364 hujusmodi

351 4358 729 4455 μυσαρωτάτιις
749 4358 1242 4456 “litigante-106:;
1256 4358 1487 4449 ἐννοίας.
1504 4358 1702 4448 Ούδὲν,
1720 4381 1894 4457 οἶμαι¹

2013 4358 2187 4451 nugas
2214 4389 2404 4437 tenere
2429 4388 2525 4437 aut
2550 4381 2749 4437 docere
2782 4380 3009 4447 audent,
3044 4358 3420 4440 non—multam
3448 4387 3596 4441 salu-

347 4471 528 4529 τούτων
550 4477 1073 4549 γραοπρεπέστερον
1106 4478 1141 4548 ἢ
1171 4476 1574 4549 ἀμαθέστερον.
1607 4477 1769 4530 “Hm
1795 4475 1894 4547 γὰρ

2005 4481 2117 4529 tem
2144 4473 2331 4530 dicat?
2360 4472 2542 4546 Apage
2577 4487 2703 4529 cum
2733 4473 3157 4530 seelcratissima
3184 4476 3285 4530 ista
3318 4476 3592 4533 sordidis-

352 4566 420 4630 εἰς
442 4567 589 4623 τοῦτο
631 4570 987 4641 χυδαιότητος
1028 4571 1248 4626 ἐννοιῶν
1274 4571 1339 4625 τὸ
1376 4572 1570 4644 χρῆμα
1597 4570 1802 4637 αὐτοῖς,
1833 4570 1894 4634 ὡς

2006 4565 2255 4637 simaque
2295 4566 2589 4632 sententia,
2616 4580 2725 4635 qua
2758 4563 2894 4620 nihil
2935 4565 3157 4632 anilius,
3189 4566 3330 4622 nihil
3369 4568 3596 4626 stultius

353 4656 480 4713 οὐδὲν
504 4657 641 4716 εἶναι
669 4662 737 4717 τὸ
759 4664 990 4734 αἴσχιον.
1031 4664 1409 4736 ’Δποπεράνας
1478 4664 1590 4736 γὰρ
1620 4665 1651 4717 ὁ
1675 4662 1894 4735 Χριστὸς

2006 4657 2307 4729 excogitari
2348 4662 2584 4728 poterat.
2630 4656 2769 4712 Rem
2812 4656 2960 4710 enim
2987 4655 3056 4711 ad
3085 4672 3204 4713 eam
3242 4673 3439 4714 sensus
3470 4658 3594 4714 ine-

354 4749 566 4819 τὴνκαθ’
585 4755 735 4827 ἡμᾶς
754 4755 1090 4827 οἰκονομίαν,
1112 4754 1209 4811 καὶ
1240 4758 1491 4829 πατήσας
1516 4758 1612 4811 τὸν
1639 4755 1892 4810 Σατανᾶν

2010 4752 2180 4822 ptiam
2213 4751 2489 4822 redigunt,
2526 4755 2589 4805 ut
2608 4750 2743 4805 nihil
2769 4765 2892 4805 esse
2916 4748 3132 4822 turpius
3156 4750 3347 4822 possit.
3373 4751 3593 4807 Etenim

355 4840 440 4892 καὶ
468 4844 638 4899 πᾶσαν
664 4845 835 4900 αὐτοῦ
875 4846 977 4919 τὴν
1004 4845 1238 4919 δύναμιν
1273 4848 1632 4915 κατασείσας,
1660 4844 1894 4901 καταλύσ

2014 4860 2142 4900 cum
2186 4842 2439 4899 Christus
2494 4851 2695 4897 nostrae
2740 4841 3074 4899 conditionis
3120 4843 3594 4914 dispensationem

358 4946 449 4993 σας
463 4931 517 4986 ἃ
537 4938 621 4991 καὶ
642 4937 810 4992 αὐτοῦ
835 4937 932 4992 τοῦ
960 4937 1197 4994 θανάτου
1216 4938 1279 4993 τὸ
1304 4940 1529 5012 κράτος,
1551 4940 1724 4993 άνεκα
1737 4937 1907 4992 ίνισεν

356 5020 477 5091 ἡμῖν
500 5025 947 5103 όῦδνπρόσφατον
981 5030 1076 5084 καὶ
1110 5029 1315 5097 ζῶσαν,
1356 5048 1376 5083 ι
1411 5030 1785 5101 άναφοιτήσας
1824 5029 1907 5094 εις

357 5112 434 5167 τδν
458 5116 693 5190 οὐρανὸν,
728 5122 825 5176 καὶ
859 5120 1225 5194 ἐμφανισθεὶς·
1250 5123 1391 5195 ὑπὲρ
1418 5122 1580 5195 ἡμῶν
1622 5121 1703 5194 τῷ
1735 5136 1907 5193 προσ-

359 5199 739 5274 ιῖνκφτοῦθεοῦ
775 5214 873 5270 καὶ
900 5214 1137 5286 Πατρὸς,
1170 5232 1191 5269 ι
1213 5215 1359 5271 καθὰ
1399 5216 1732 5288 γέγραπται.
1773 5215 1908 5267 Συν-

2014 4944 2470 5001 consummasset,
2497 4933 2862 5007 Satanamque
2890 4935 3256 5007 protrivisset,
3281 4943 3339 4992 et
3372 4950 3595 4992 omnem

2014 5032 2137 5101 ejus
2173 5028 2284 5084 vim
2326 5027 2594 5100 fregisset,
2624 5043 2689 5084 ac
2730 5029 2926 5085 mortis
2964 5029 3255 5099 imperium
3294 5027 3597 5083 destruitis-

2013 5133 2097 5178 set
2118 5124 2186 5187 ’⁷,
2218 5137 2412 5177 novam
2449 5122 2835 5192 viventemque
2872 5121 3032 5176 nobis
3067 5120 3211 5176 viam
3244 5120 3594 5187 instauravit,

2022 5233 2041 5264 ι
2079 5212 2134 5268 in
2159 5212 2300 5268 cmlo
2338 5210 2662 5277 ascendens,
2699 5219 2759 5266 ut
2788 5211 2966 5266 vultui
3000 5210 3097 5265 Dei
3126 5217 3183 5269 et
3218 5210 3418 5277 Patris,
3450 5211 3597 5267 sicut

368 5362 455 5457 ﬂ"
484 5365 505 5420 1
532 5367 671 5426 Petr.
696 5387 756 5435 ιι,
785 5373 877 5429 24.
953 5373 1000 5405 ’³
1024 5372 1231 5429 Coloss.
1260 5390 1298 5439 ι,
1324 5373 1411 5429 15.
1489 5373 1535 5405 ’³
1560 5372 1581 5427 1
1610 5370 1738 5427 Cor.
1772 5386 1860 5436 xv,
1889 5372 1894 5396 ⁴

424 5431 565 5493 “Chr.
594 5456 653 5496 n.
679 5442 771 5496 u.
1280 5454 1283 5457 -

2062 5369 2108 5399 "
2127 5366 2339 5423 Coloss.
2371 5382 2412 5430 ι,
2448 5366 2533 5422 18.
2609 5365 2655 5398 ⁷⁸
2679 5365 2699 5420 1
2727 5364 2855 5421 Cor.
2883 5382 2972 5431 xv,
2996 5366 3088 5422 20.
3158 5322 3205 5398 7"
3229 5364 3405 5423 Galat.
3431 5380 3509 5434 Iv,
3533 5365 3592 5424 ι.

558 5488 565 5493 ο
595 5480 653 5509 II,
686 5480 771 5499 δ’..

1434 5548 1605 5605 Varia:
1626 5547 1894 5604 lectiones
1913 5544 2121 5601 codicis
2151 5544 2516 5619 Seguieriani.

376 5687 446 5808 ni
481 5688 588 5744 ὀὲν
769 5690 784 5739 i
838 5691 918 5759 μὴ
974 5690 1171 5759 προσὸν
1226 5688 1376 5760 αὐτῷ
1423 5688 1483 5742 τὸ
1526 5686 1695 5751 πάθος
1752 5685 1918 5756 ἔχειν.
2001 5684 2026 5724 ι
2067 5684 2154 5739 Ζσ.
2197 5684 2338 5739 καθά
2384 5702 2560 5757 φημι,
2621 5683 2801 5755 φύσιν.
2894 5689 3119 5749 ιτινας.
3222 5696 3261 5725 ιιι
3295 5683 3595 5755 ἐξηγουμέ-

428 5775 489 5808 δε.

428 5775 489 5817 υς.

616 5856 888 5919 ΡΑτειοι.
934 5859 1046 5919 Gn.
1094 5855 1378 5918 LXXVII.

3127 5842 3160 5897 9
