4044 6212
434 296 540 354 267

1468 291 1522 345 S.
1565 285 1840 345 CVRILLI
1880 287 2349 346 ALEXANDRINI
2390 292 2709 348 ARCHIEP.

3604 294 3710 351 268

435 414 704 485 scriptum
735 418 838 477 est,
877 425 979 481 pro
1017 409 1175 464 nobis
1208 421 1466 479 appareat
1489 407 1559 462 τ’.
1595 428 1611 460 ι
1652 408 2023 478 Considctque

2135 410 2338 480 εδρεύει
2363 411 2418 464 δὲ
2454 411 2602 483 αὐτῷ
2631 412 2720 465 καὶ
2766 412 2904 481 μετὰ
2939 413 3162 485 σαρκὸς,
3188 413 3286 484 οὐχ
3317 412 3392 476 ὡς
3424 410 3712 483 ἄνθρωπος

434 523 562 562 cum
603 507 722 576 ipso
760 505 923 560 etiam
973 517 1096 557 eum
1138 518 1323 566 carne,
1349 518 1455 555 non
1493 512 1553 556 ut
1584 502 1748 556 homo
1775 517 2024 556 seorsum

437 600 840 659 consideratus,
871 611 1049 666 neque
1080 605 1139 650 ut
1168 595 1308 648 alius
1346 595 1516 648 Filius
1549 595 1618 649 ab
1647 595 1818 665 ipsius
1845 595 2026 650 Verbo

437 693 708 754 diversus,
745 704 924 759 neque
960 697 1020 742 ut
1055 688 1146 757 qui
1198 688 1375 759 ipsum
1407 688 1648 744 Verbum
1689 688 2025 742 inhabitato-

438 796 555 836 rem
583 779 812 844 habeat;
845 777 942 832 sed
972 787 1033 832 ut
1059 794 1188 832 vere
1217 778 1388 833 Filius
1414 794 1562 833 unus
1587 789 1644 833 et
1677 780 1830 833 solus
1859 778 2036 833 etiam

443 884 558 928 tum
584 888 709 928 cum
740 870 918 925 factus
941 876 1024 925 est
1048 868 1234 924 homo.
1266 869 1528 924 Considet
1555 871 1735 940 itaque
1767 880 2026 940 tanquam

438 967 586 1021 Deus
622 980 748 1020 cum
785 964 919 1028 Deo,
945 971 1002 1017 et
1039 961 1305 1016 Dominus
1337 977 1461 1016 cum
1492 963 1746 1027 Domino,
1773 971 1828 1017 et
1857 962 2028 1018 Filius

441 1075 566 1113 eum
593 1059 754 1114 Patre
778 1071 930 1122 vero,
953 1057 1059 1110 hoc
1083 1056 1261 1126 ipsum
1288 1055 1546 1110 obtinens
1567 1071 1632 1111 ex
1656 1065 1874 1120 natura,
1899 1055 2030 1109 licet

441 1167 566 1205 eum
616 1165 780 1205 carne
827 1149 1231 1204 consideretur.
1279 1149 1358 1204 Ae
1406 1147 1582 1204 fuerat
1637 1148 1866 1203 fortasse
1916 1163 2027 1201 non

443 1257 651 1312 magna:
697 1239 1035 1296 difﬁcultatis
1078 1239 1253 1295 fusius
1292 1239 1473 1294 adhuc
1512 1239 1742 1293 istorum
1783 1237 2031 1292 stultitize

445 1331 768 1384 barathrum
806 1329 1184 1385 demonstrare
1213 1346 1226 1382 :
1255 1344 1447 1383 verum
1485 1329 1648 1400 nugis
1682 1343 1855 1398 usque
1893 1327 2031 1382 adeo

443 1420 654 1474 frivolis
691 1419 1025 1488 ineptisque,
1053 1418 1306 1488 pluribus
1344 1417 1486 1472 velle
1525 1433 1854 1488 repugnare,
1880 1416 2029 1470 haud

443 1512 593 1567 aliud
633 1513 747 1566 fere
788 1520 953 1573 esset,
983 1526 1146 1580 quam
1191 1525 1315 1565 cum
1356 1525 1451 1564 eas
1489 1508 1722 1578 ineptias
1752 1507 2070 1584 fundentia

445 1606 549 1660 hus
591 1605 755 1659 simul
803 1602 1063 1658 insanire.
1109 1602 1204 1656 Illa
1245 1602 1607 1655 nihilominus
1649 1601 1867 1656 caeteris
1910 1615 2032 1669 qua:

445 1701 592 1753 dicta
644 1707 773 1752 sunt
822 1694 1134 1749 necessario
1186 1693 1300 1747 fere
1343 1692 1616 1763 adjecero,
1654 1709 1754 1763 per
1788 1707 1910 1761 qua!
1949 1691 2029 1745 illi

2133 503 2315 566 ίδικῶς
2355 504 2665 575 νοούμενος,
2720 506 2814 559 καὶ
2861 505 3046 578 ἕτερος
3080 505 3209 570 Υίδς
3238 503 3388 576 παρὰ
3413 503 3506 557 τὸν
3541 502 3713 556 αὑτοῦ

2129 594 2323 662 Λόγον,
2355 595 2478 649 οὐδὲ
2528 595 2602 660 ὡς
2639 597 2845 650 ἐνοικον
2893 596 3030 666 ἔχων
3085 597 3286 662 αὐτὸν,
3334 591 3546 660 ἀλλ’ὡς
3587 595 3715 658 Υἱὸς

2129 686 2346 756 ἀληθῶς
2378 681 2460 750 εἷς
2505 704 2563 740 τε
2597 688 2691 741 καὶ
2727 687 2888 759 μόνος
2927 688 3211 760 ὑπάρχων,
3240 688 3333 741 καὶ
3369 689 3458 741 ὅτε
3488 688 3715 757 γέγονεν

2129 776 2437 850 ἄνθρωπος.
2479 779 2797 849 Συνεδρεύει
2827 779 3007 834 τοίνυν
3047 779 3122 843 ὡς
3154 779 3288 843 Θεὸς
3315 778 3456 851 Θεῷ,
3488 781 3584 846 καὶ
3609 779 3718 832 Κύ‹

2131 884 2248 939 ριος
2275 867 2487 944 Κυρίῳ,
2508 868 2602 922 καὶ
2627 868 2753 932 Υἱὸς
2779 868 2956 938 Πατρὶ
2985 865 3064 939 τῷ
3081 869 3224 923 κατά
3241 868 3520 940 ἀλήθειαν,
3549 868 3712 938 φύσει

2129 961 2287 1014 τοῦτο
2323 961 2605 1032 ὑπάρχων,
2635 959 2739 1014 κᾶν
2764 963 2936 1017 νοοῖτο
2969 960 3106 1031 μετά
3136 961 3359 1033 σαρκός.
3385 961 3494 1014 Καὶ
3513 956 3581 1032 ἦν
3615 961 3716 1030 μὲν

2133 1051 2263 1114 ἴσως
2291 1053 2352 1106 οὐ
2378 1051 2636 1121 χαλεπὸν,
2661 1051 2750 1105 διά
2784 1051 3010 1122 μακρῶν
3031 1051 3110 1104 ἔτι
3130 1051 3305 1120 λόγων
3331 1051 3432 1122 τῆς
3453 1051 3663 1104 ἐκείνου
3686 1059 3717 1088 ι

2131 1141 2371 1212 ἀμαθίας
2399 1143 2715 1207 καταδεῖξαι
2766 1142 2828 1196 τὸ
2886 1142 3182 1214 βάραθρονο
3235 1141 3302 1196 τὸ
3328 1143 3386 1196 δὲ
3429 1145 3540 1206 τοῖς
3569 1141 3715 1195 οὕτω

2128 1233 2357 1305 ψυχροῖς
2386 1235 2689 1302 ἀντιλέγειν
2717 1233 2804 1288 διὰ
2845 1235 3109 1287 πλειόνων
3137 1233 3248 1298 ἔτι,
3279 1234 3423 1304 τάχα
3453 1252 3555 1288 που
3590 1253 3718 1288 συν-

2131 1325 2459 1396 αμαθαίνειν
2497 1326 2616 1379 ἐστὶ
2645 1328 2758 1389 τοῖς
2787 1327 2973 1380 ἐκεῖνα
3003 1325 3433 1397 πφλυαρηκόσι.
3466 1328 3719 1400 Προσεπ-

2132 1421 2378 1486 ενεγκεῖν
2411 1417 2466 1470 δὲ
2504 1419 2618 1480 τοῖς
2648 1417 2961 1488 εἰρημένοις
2989 1418 3289 1486 ἀναγκαῖον
3312 1412 3465 1488 οἶμαί
3491 1436 3615 1483 που,
3647 1420 3718 1472 τά

2135 1508 2201 1562 δι’
2243 1501 2319 1561 ὧν
2365 1507 2568 1560 οἴονται
2617 1511 2947 1561 καταπτοεῖν
2975 1507 3233 1561 δύνασθαι
3263 1509 3362 1577 τὴν
3394 1510 3718 1581 συναγωγὴν

2134 1601 2366 1672 Κυρίου,
2401 1599 2545 1654 κατά
2566 1599 2628 1653 τὸ
2660 1600 3071 1673 γεγραμμένον,
3107 1600 3205 1653 καὶ
3232 1600 3616 1666 κατατοξεύειν
3657 1605 3718 1656 ὲν

2135 1693 2453 1763 σκοτομήνῃ
2491 1693 2620 1754 τοὺς
2657 1672 2854 1755 εὐθείς
2884 1695 2950 1763 τῇ
2985 1672 3480 1764 καρδίᾳ,,τουτέστι
3508 1694 3633 1757 τοὺς
3657 1696 3717 1747 ὲν

445 1789 708 1859 populum
751 1786 998 1849 Domini,
1041 1785 1185 1840 sicut
1224 1785 1491 1854 scriptum
1529 1795 1612 1840 est
1641 1761 1711 1849 7",
1747 1795 2024 1855 perterre-

2135 1761 2397 1854 ἁπλότητι
2425 1761 2664 1855 γνώμης
2694 1761 2948 1838 διαϐιοῦν
2981 1761 3290 1856 ᾑρημένους
3312 1824 3326 1848 ,
3360 1785 3453 1838 καὶ
3487 1785 3587 1856 τῆς
3625 1788 3718 1839 πί-

446 1883 645 1945 facere,
676 1887 966 1948 rectosque
1006 1877 1192 1944 corde,
1225 1878 1331 1932 hoc
1355 1886 1458 1943 est,
1485 1893 1581 1932 eos
1605 1878 1699 1948 qui
1734 1879 1790 1931 in
1823 1877 2030 1947 simpli—

446 1972 610 2028 citate
650 1971 818 2025 animi
863 1970 1030 2026 vitam
1078 1970 1394 2036 traducunt,
1427 1978 1484 2025 et
1519 1969 1644 2025 ﬁdei
1681 1970 2030 2026 traditionem

447 2064 617 2119 veluti
652 2062 928 2133 quoddam
970 2063 1282 2134 depositum
1317 2063 1374 2117 in
1402 2072 1585 2118 mente
1625 2062 1907 2117 conditum
1947 2079 2034 2118 re-

450 2157 646 2219 tinent,
677 2166 1029 2225 sanctamque
1051 2170 1115 2210 ac
1136 2156 1509 2225 incorruptam
1533 2154 1780 2210 eamdem
1812 2170 2034 2208 conser-

446 2258 599 2313 vant,
636 2249 690 2302 in
737 2248 976 2302 obscuro
1017 2246 1274 2318 sagittare
1317 2261 1375 2301 sc
1419 2261 1580 2316 posse
1616 2246 1933 2300 existimant
1962 2246 2029 2299 ⁸ο.

446 2339 636 2411 Itaque
680 2355 836 2394 acres
879 2337 970 2394 isti
1013 2337 1360 2408 impostores,
1405 2346 1460 2392 et
1505 2337 1600 2408 qui
1635 2337 2033 2392 sententiarum

447 2427 776 2482 commentis
813 2427 1194 2496 multipliciter
1222 2427 1514 2492 contextis,
1544 2427 1799 2482 rudiores
1829 2443 1859 2480 a
1886 2427 2033 2482 veri-

450 2530 561 2578 tate
598 2519 976 2591 invcstiganda
1015 2518 1318 2592 abducunt,
1355 2517 1703 2588 aliorumque
1744 2518 2032 2572 haeretico-

448 2629 575 2670 rum
603 2611 867 2666 malitiam
898 2609 1160 2675 annulati,
1191 2610 1351 2681 166
1371 2610 1538 2664 stulte
1568 2619 1885 2681 proponunt
1915 2625 2035 2680 quae

448 2706 529 2761 illi
555 2706 756 2769 solent,
787 2719 985 2775 parum
1011 2702 1064 2756 id
1094 2701 1241 2773 quod
1272 2703 1539 2772 scriptum
1564 2712 1648 2758 est
1672 2713 1988 2773 reputantes
2018 2720 2032 2758 :

455 2817 475 2850 ι
514 2797 606 2853 Va:
629 2797 739 2852 illis
770 2795 865 2866 qui
896 2796 1149 2866 proximo
1176 2809 1278 2849 suo
1306 2793 1582 2850 turbidam
1619 2796 2036 2851 subversionem

449 2891 748 2962 propinant
771 2887 839 2942 δι.
872 2907 890 2939 ι
926 2887 1222 2955 Enimvero
1250 2887 1466 2942 Arianae
1492 2876 1796 2956 impietatis
1829 2904 2034 2958 propu-

449 2991 710 3054 gnatores
737 2979 1085 3050 unigenitum
1113 2978 1210 3032 Dei
1238 2977 1481 3034 Verbum
1515 2978 1746 3033 alterius
1786 2980 2038 3034 essentia:

450 3086 572 3125 esse
600 3070 812 3134 dicunt,
839 3079 896 3123 et
915 3077 1038 3138 post
1064 3066 1243 3138 ipsum
1269 3075 1620 3138 generantem
1643 3068 1888 3124 secundo
1916 3069 2037 3132 loco

451 3160 834 3224 constituunt,
886 3171 1102 3211 necnon
1167 3166 1413 3213 creatum
1471 3165 1530 3213 et
1581 3158 1863 3212 conditum
1914 3175 2036 3215 esse

452 3249 814 3314 contendunt,
847 3257 904 3303 et
947 3247 1124 3313 illum,
1164 3263 1264 3318 per
1299 3264 1460 3318 quem
1511 3251 1694 3305 omnia
1744 3260 1799 3305 et
1836 3251 1892 3304 in
1926 3267 2037 3321 quo

451 3341 636 3397 omnia
659 3339 729 3406 ",
755 3341 812 3395 in
838 3328 1222 3396 creaturarum
1248 3340 1499 3398 ordinem
1529 3341 1802 3413 redigunt.
1828 3343 2036 3398 Deinde

453 3436 584 3490 dum
627 3433 908 3505 Unigeniti
955 3432 1011 3488 in
1043 3448 1207 3488 carne
1246 3433 1674 3504 dispensationis
1712 3435 2034 3506 mysterium

452 3525 670 3579 curiose
701 3525 1008 3594 inquirunt,
1041 3537 1140 3592 per
1168 3538 1437 3578 summam
1465 3524 1712 3580 fraudem
1744 3527 1852 3580 vim
1887 3526 2036 3580 veri-

454 3614 583 3669 tatis
610 3621 1001 3684 corrumpunt:
1022 3627 1258 3684 cumque
1280 3620 1545 3682 praeterea
1565 3615 1888 3685 Apollinarii
1911 3617 2035 3687 opi-

453 3705 636 3760 nionis
662 3703 893 3759 crimine
927 3703 1202 3770 laborent,
1248 3705 1342 3760 Dei
1373 3706 1615 3761 Verbum
1655 3722 1874 3763 carnem
1916 3709 2036 3778 qui-

453 3797 578 3852 dcm
609 3797 909 3866 sumpsisse
934 3804 1207 3862 asserunt,
1233 3797 1328 3853 sed
1355 3797 1694 3871 intelligente
1719 3800 1900 3855 anima
1928 3801 2034 3855 mi-

455 3889 601 3943 nime
641 3888 925 3958 praeditam
957 3887 1125 3943 fuisse
1154 3905 1166 3942 :
1195 3888 1373 3958 ipsum
1397 3891 1545 3944 enim
1569 3891 1808 3946 Verbum
1835 3892 2038 3946 mentis

454 3991 510 4035 ct
547 3981 744 4035 animae
765 3980 914 4035 vices
942 3979 996 4034 in
1023 3988 1302 4050 assumpto
1325 3997 1555 4052 corpore
1579 3984 1817 4052 explere.
1844 3985 2033 4056 quue,

456 4081 516 4127 ut
537 4072 670 4136 dixi,
699 4087 797 4142 per
832 4087 1100 4126 summam
1125 4071 1372 4128 fraudem
1405 4073 1584 4129 facere
1615 4075 2038 4145 deprehendun-

453 4173 565 4218 tur.
597 4162 1052 4233 Quandoquidem
1104 4180 1174 4219 ne
1217 4181 1379 4221 voces
1418 4166 1538 4222 illas
1577 4168 1792 4222 Domini
1837 4173 2034 4237 nostri,

453 4271 576 4326 qua:
623 4255 678 4308 in
711 4254 1009 4310 humanam
1052 4266 1304 4311 naturam
1349 4251 1706 4324 conveniunt,
1749 4260 2035 4331 dispensa-

457 4347 595 4401 tnria
635 4345 849 4401 ratione
899 4346 1074 4402 dictas
1117 4348 1472 4414 arbitremur,
1514 4366 1582 4405 ex
1620 4368 1875 4407 mensura
1915 4370 2036 4423 qua:

2134 1894 2304 1941 στεως
2332 1877 2429 1948 τὴν
2451 1877 2770 1949 παράδοσιν,
2798 1875 3050 1948 καθάπερ
3087 1875 3211 1930 τινὰ
3243 1877 3719 1949 παρακαταθήκην

2132 1966 2396 2029 λαϐόντας
2420 1967 2501 2030 εἰς
2530 1965 2676 2031 νοῦν,
2718 1964 2883 2034 ἁγίαν
2932 1965 3028 2018 καὶ
3058 1965 3449 2036 ἀπαράφθορον
3485 1965 3715 2036 τηροῦν-

2133 2077 2232 2123 τας
2267 2059 2461 2130 αὑτήν.
2499 2059 2564 2112 Ol
2594 2058 2704 2128 γάρ
2744 2075 2826 2111 τοι
2879 2057 3043 2110 δεινοὶ
3075 2057 3212 2128 πρὸς
3243 2057 3483 2127 ἀπάτην,
3513 2058 3606 2110 καὶ
3633 2059 3720 2110 έν-

2133 2151 2294 2205 νοιῶν
2322 2150 2600 2222 εὑρήμασι
2645 2147 3002 2212 πολυπλόκως
3037 2148 3434 2219 ὲξυφασμένοις
3468 2148 3568 2218 τῆς
3603 2150 3720 2202 τῶν

2135 2241 2351 2311 ἀληθῶν
2383 2240 2812 2312 ἁποκομίξοντες
2839 2239 3013 2312 Θήρας
3043 2241 3169 2304 τοὺς
3195 2239 3628 2312 ἀμαθεστέρους,
3667 2241 3722 2294 οι

2133 2334 2233 2398 τὰς
2279 2333 2388 2386 τῶν
2423 2332 2630 2404 ἑτέρων
2675 2331 2970 2404 αίρετικῶν
3021 2332 3222 2395 κακίας
3254 2331 3716 2403 ἀπομιμούμενοι.

2136 2426 2508 2497 προτείνουσιν
2548 2425 2796 2495 ἀμαθῶς,
2833 2425 2870 2479 ἃ
2917 2425 2981 2496 δὴ
3007 2425 3286 2488 κάκείνοις
3329 2423 3467 2490 ἔθος,
3506 2425 3606 2478 οὐκ
3633 2427 3720 2476 έν-

2135 2518 2383 2582 νοοῦντες
2411 2518 2471 2572 τὸ
2497 2517 2912 2589 γεγραμμένον·
2947 2536 2966 2568 ι
3007 2517 3143 2571 Οὐαὶ
3165 2518 3214 2570 οἱ
3237 2516 3544 2580 ποτίζοντες
3574 2515 3670 2568 τὸν
3695 2526 3715 2544 ·’

2137 2611 2363 2681 πλησίον
2391 2610 2573 2663 αὐτῶν
2615 2621 2642 2659 Ρ
2686 2609 3000 2681 ἀνατροπὴν
3035 2609 3282 2680 θολεράν.
3327 2627 3347 2660 ι
3384 2609 3448 2661 Ol
3481 2609 3580 2680 μὲν
3608 2607 3722 2679 τάρ

2135 2703 2238 2774 τῆς
2300 2704 2516 2773 Ἀρείου
2565 2701 2888 2764 δυσσεϐείας
2928 2699 3272 2753 ὑπασπισταὶ
3316 2699 3408 2752 τὸν
3458 2701 3719 2770 μονογενῆ

2136 2792 2231 2846 τοῦ
2247 2791 2382 2845 Θεοῦ
2400 2792 2571 2859 Λόγον
2597 2791 2934 2863 ἑτεροούσιον
2954 2786 3094 2844 εἷναί
3119 2805 3272 2860 φασι,
3288 2789 3385 2843 καὶ
3407 2789 3466 2842 ὲν
3490 2789 3722 2859 δευτέρᾳ

2137 2885 2373 2938 τίθενται
2403 2893 2432 2933 (ι
2468 2885 2563 2938 τοῦ
2613 2869 3014 2956 γεννήσαντος,
3034 2883 3250 2937 κτιστύν
3274 2900 3333 2936 τε
3363 2884 3459 2938 καὶ
3493 2883 3721 2955 γενητὸν

2139 2973 2278 3031 εἶναι
2305 2978 2681 3042 διατείνονται,
2712 2977 2808 3030 καὶ
2829 2979 2896 3047 τῇ
2925 2976 3100 3030 κτίσει
3137 2974 3489 3029 συντάττουσι
3519 2975 3632 3040 τὸν,
3651 2975 3721 3028 δι’

2139 3064 2199 3123 οἶ)
2219 3070 2286 3124 τά
2316 3071 2513 3135 πάντα,
2541 3070 2635 3123 καὶ
2659 3071 2716 3122 ὲν
2735 3061 2778 3136 ᾧ
2803 3068 2873 3120 τὰ
2906 3067 3104 3121 πάντα.
3144 3063 3276 3121 Εἶτα
3306 3067 3408 3137 τῆς
3433 3065 3570 3137 μετά
3594 3083 3724 3138 σαρ-

2139 3161 2232 3225 κὸς
2250 3161 2562 3232 οἰκονομίας
2587 3159 2680 3212 τοῦ
2695 3159 3035 3228 Μονογενοῦς
3058 3157 3639 3230 πολυπραγμονοῦντες
3659 3159 3723 3209 τὸ

2142 3253 2463 3326 μυστήριον,
2501 3250 2918 3322 κακουργότατα
2967 3248 3403 3321 παραφθείρουσι
3452 3249 3553 3318 τῆς
3581 3249 3720 3317 ἀλη-

2139 3345 2300 3408 θείας,
2336 3343 2434 3415 τὴν
2479 3343 2726 3413 δύναμιν,
2757 3343 2852 3396 καὶ
2894 3343 2992 3412 τῆς
3042 3340 3422 3411 Ἀπολιναρίου
3453 3339 3610 3408 δόξης
3650 3342 3723 3393 τά

2137 3435 2460 3506 ἐγκλήματα
2489 3432 3043 3504 προσαῤῥωστοῦντες
3077 3432 3252 3496 αὐτοὶ,
3287 3431 3463 3502 σάρκα
3496 3431 3600 3501 μὲν
3627 3430 3725 3482 λα-

2138 3529 2250 3582 ϐεῖν
2275 3528 2367 3583 τὸν
2398 3527 2492 3582 τοῦ
2535 3526 2670 3580 Θεοῦ
2703 3525 2874 3594 Λόγον
2903 3524 3347 3596 διῖσχυρίζονται,
3383 3522 3725 3594 ὲμψυχωμέ-

2138 3639 2236 3694 νην
2262 3638 2324 3690 γε
2355 3620 2461 3692 μὴν
2493 3619 2696 3690 νοερῶς
2721 3619 2924 3690 ἥκιστά
2960 3635 3048 3688 γε,
3073 3615 3214 3672 εἶναι
3239 3618 3291 3671 δὲ
3321 3617 3520 3688 μᾶλλον
3550 3618 3727 3670 αὐτὸν

2137 3715 2260 3769 ἀντὶ⁴
2274 3714 2366 3768 νοῦ
2402 3714 2496 3768 καὶ
2525 3713 2704 3784 ψυχῆς
2730 3713 2788 3765 ὲν
2817 3711 2894 3782 τῷ
2928 3711 3160 3781 σώματι.
3189 3711 3609 3780 Πανουργότατα
3637 3711 3722 3774 δὲ,

2136 3806 2212 3870 ὡς
2233 3806 2390 3876 ἔφην,
2424 3805 2582 3859 τοῦτο
2613 3804 2848 3877 δρῶντες
2894 3802 3229 3857 ἁλίσκονται.
3281 3792 3401 3856 Ἵνα
3452 3802 3561 3872 γὰρ
3617 3815 3726 3865 τας

2137 3896 2483 3968 ἀνθρωπίνας
2526 3894 2622 3948 τοῦ
2657 3894 2862 3964 Κυρίου
2899 3892 3087 3963 φωνὰς
3140 3893 3216 3964 μὴ
3249 3892 3610 3963 οίκονομικῶς
3639 3895 3723 3945 εἰ·

2138 3989 2334 4060 ρῆσθαι
2353 3987 2685 4057 νομίζωμεν,
2711 3986 2803 4039 καὶ
2833 3985 2975 4039 κατά
3002 4001 3067 4053 γε
3094 3984 3156 4037 τὸ
3184 3983 3394 4053 πρέπον
3419 3987 3483 4056 τῇ
3511 3983 3728 4056 ἀνθρω-

2139 4081 2330 4150 πότητι
2385 4079 2606 4150 μέτρον,
2645 4077 2835 4148 ἐπειδὴ
2875 4078 3096 4146 γέγονεν
3148 4076 3455 4146 ἄνθρωπος,
3491 4075 3726 4128 ὑποκλέ-

2138 4188 2334 4225 πτουσι
2374 4170 2473 4240 τῆς
2508 4167 2711 4240 σαρκὸς
2744 4168 2842 4239 τὴν
2885 4169 3078 4238 νοεράν
3122 4184 3180 4220 τε
3225 4167 3318 4220 καὶ
3349 4166 3556 4221 ἑνοικον
3580 4168 3722 4238 αὐτῇ

2135 4264 2334 4335 ψυχήν.
2364 4257 2550 4325 Οὕτως
2571 4263 2735 4315 αὑτὸν
2763 4264 2857 4315 καὶ
2877 4260 3290 4324 ὑποὸιϐἀζουσι,
3307 4261 3402 4313 καὶ
3429 4261 3488 4313 ὲν
3511 4261 3724 4330 μείοσιν

2137 4350 2278 4409 εἶναι
2323 4369 2488 4423 φασιν
2539 4351 2814 4415 οὐσιωδῶς
2855 4350 2948 4404 τοῦ
2981 4351 3214 4417 Πατρὸς,
3243 4350 3344 4420 τῆς
3389 4353 3507 4403 κατ’
3550 4352 3722 4404 αὑτοῦ

457 4438 784 4492 humanitati
827 4439 1084 4494 convenit
1126 4449 1481 4511 posteaquam
1519 4441 1695 4498 factus
1731 4454 1816 4499 est
1846 4445 2031 4510 homo,

2139 4445 2504 4514 συκοφαντίας
2532 4444 2628 4507 τὰς
2667 4443 2920 4516 ἀφορμὰς
2946 4445 3010 4496 ὲκ
3036 4443 3143 4496 τῶν
3175 4443 3334 4513 ίερῶν
3365 4443 3723 4513 Γραμμάτων

457 4530 647 4584 furtim
693 4529 942 4584 adimunt
981 4527 1133 4585 carni
1177 4532 1411 4585 animam
1455 4531 1849 4604 intelligentem
1887 4544 1942 4590 et
1980 4536 2035 4589 in

458 4637 624 4677 carne
664 4621 1026 4676 habitantem.
1059 4621 1176 4688 Qua
1206 4622 1397 4678 fraude
1433 4624 1588 4678 illum
1623 4624 1908 4695 dejiciunt,
1936 4626 2039 4682 Pa-

459 4725 652 4784 treque
680 4713 982 4770 secundum
1015 4714 1306 4768 essentiam
1339 4714 1654 4770 inferiorem
1690 4732 1810 4772 esse
1839 4719 1994 4773 aiunt
2025 4737 2037 4772 :

457 4813 515 4861 et
550 4821 663 4860 sua:
701 4806 866 4877 hujus
899 4805 1162 4860 adversus
1188 4821 1316 4859 cum
1347 4806 1635 4861 calumnia:
1665 4823 1826 4864 ansas
1851 4825 1916 4863 ex
1951 4826 2039 4863 sa-

457 4897 570 4955 cris
589 4897 814 4952 Litteris
842 4899 1007 4968 impie
1034 4898 1314 4969 colligunt.
1344 4898 1450 4953 Sed
1481 4915 1610 4955 ecce
1643 4918 1791 4957 nunc
1819 4919 2038 4974 quoque

455 4987 678 5042 illorum
707 4987 955 5043 stultitiae
977 4987 1320 5042 aemulatores
1348 4989 1533 5044 acerbi
1556 5007 1656 5046 nos
1687 4992 2034 5058 adoriuntur,

455 5078 550 5148 qui
590 5078 831 5133 Nestorii
873 5078 1128 5149 profanas
1161 5094 1356 5133 vocum
1397 5079 1667 5136 novitates
1709 5081 1756 5114 ⁸³
1796 5099 1904 5137 non
1938 5085 2036 5138 ad-

2135 4536 2368 4600 ἀνοσίως
2395 4535 2790 4607 ἐρανιζόμενοι.
2829 4533 2969 4588 Ἀλλ’
2998 4533 3106 4588 ἰδοὺ
3131 4535 3195 4604 δὴ
3219 4534 3312 4586 καὶ
3333 4533 3428 4586 νῦν
3451 4532 3552 4602 τῆς
3581 4535 3728 4586 ὲκεί-

2137 4647 2242 4682 νων
2276 4627 2519 4698 ἀμαθίας
2571 4630 2620 4680 οἱ
2659 4625 2900 4696 ζηλωταὶ
2941 4626 3370 4694 κατεπιφύονται
3395 4623 3584 4696 πικροὶ
3611 4623 3727 4678 τῶν

2135 4718 2233 4783 τὰς
2279 4716 2572 4788 Νεστορίου
2624 4716 2954 4786 κενοφωνίας
2995 4725 3016 4754 ι’
3060 4716 3122 4770 οὐ
3175 4716 3588 4786 προσιεμένων,
3626 4717 3727 4767 καὶ

2137 4811 2236 4880 τὴν
2268 4808 2434 4882 ὀρθὴν
2463 4811 2554 4863 καὶ
2578 4808 2877 4881 ἀμώμητον
2909 4808 3321 4880 ἐκπολιορκοῦσι
3348 4808 3556 4872 πίστιν,
3589 4822 3727 4878 συρο

2139 4902 2334 4969 φετοῦς
2351 4904 2468 4955 είκα
2479 4902 2570 4956 ίων
2595 4901 3006 4972 συναγείροντες
3034 4901 3274 4956 ἐννοιῶν.
3293 4900 3431 4953 Φασὶ
3459 4899 3558 4970 μὲν
3587 4899 3723 4968 γὰρ.

2137 4993 2226 5046 τὸν
2257 4994 2540 5047 θεσπέσιον
2571 4992 2779 5046 Παῦλον
2813 4993 2988 5046 είπείν
3027 4993 3157 5063 περὶ
3193 4991 3286 5046 τοῦ
3318 4991 3536 5046 πάντων
3563 4988 3724 5059 ἡμῶν

2137 5082 2390 5156 Σωτῆρος
2418 5083 2657 5155 Χριστοῦ
2697 5084 2802 5149 ὅτι,
2847 5101 2867 5136 ι
2906 5083 3230 5139 Κεκένωκεν
3258 5083 3470 5148 ἑαυτὸν,
3505 5081 3726 5152 μορφὴν

455 5167 756 5232 mittimus,
797 5177 853 5223 et
889 5177 1095 5224 rectam
1147 5168 1589 5238 inculpatamque
1630 5171 1791 5225 ﬁdem
1841 5188 2034 5243 aggere

2135 5170 2322 5247 δούλου
2364 5171 2564 5237 λαϐὼν,
2611 5175 2668 5225 ὲν
2711 5171 3021 5243 ὁμοιώματι
3067 5171 3356 5243 ἀνθρώπου
3401 5171 3722 5240 γενόμενος.

456 5264 669 5312 structo
721 5257 997 5323 obsident,
1036 5273 1099 5313 ac
1151 5257 1398 5313 inanium
1444 5258 1836 5315 sententiarum
1883 5262 2036 5331 quis-

618 5414 794 5489 “911,-:
826 5432 898 5489 LX,
937 5417 1026 5470 ει.
1107 5418 1175 5489 _"_9
1207 5419 1369 5474 Num.
1413 5435 1541 5483 ml,
1585 5418 1609 5471 1
1655 5435 1810 5489 seqq.

463 5500 504 5550 ι,
538 5485 623 5540 16.
701 5486 745 5516 ⁸³
778 5486 796 5538 1
829 5486 970 5539 Tim.
999 5503 1071 5549 vr,
1099 5487 1187 5540 20.

1866 5398 1873 5406 ’
1915 5418 1958 5448 ⁸ο
1991 5419 2132 5473 Psal.
2163 5435 2216 5482 x,
2245 5419 2297 5474 5.

2137 5263 2230 5315 καὶ
2284 5263 2518 5334 σχήματι
2562 5263 2803 5334 εὑρεθεὶς
2852 5264 2927 5328 ὡς
2983 5263 3307 5336 ἄνθρωπος·
3353 5263 3726 5318 ἐταπείνωσεν

2400 5418 2666 5474 “llabae.
2698 5437 2757 5484 ιι,
2787 5420 2874 5474 12.
2981 5423 3024 5453 ⁸³
3066 5421 3223 5476 Rom.
3270 5435 3343 5488 τι,
3377 5416 3474 5486 '56,
3504 5415 3723 5475 Coloss.

1558 5605 1728 5661 Variae
1759 5605 2024 5660 lectiones
2051 5600 2257 5657 codicis
2287 5601 2644 5672 Seguieriani.

547 5719 572 5747 υ
616 5720 701 5772 lar.
730 5715 972 5771 ἐκείνων.
1053 5723 1078 5753 ο
1113 5718 1140 5771 ό
1172 5709 1407 5782 ποτίζων
1436 5719 1546 5774 τόν.
1625 5731 1652 5770 P
1677 5718 1862 5774 αὐτοῦ.
1896 5783 1900 5788 ,
1941 5729 1965 5768 ιι
2003 5715 2274 5789 δευτέροις
2315 5716 2572 5772 τίθενται.
2655 5727 2674 5754 τ
2717 5703 3097 5788 καινοφωνίας.
