4044 6212
1779 245 2122 304 Ειιιετοιιι
2134 260 2143 265 ’
2158 244 2224 300 L.

3509 246 3615 298 ἓῗο

349 360 563 425 ἑαυτὸν,
591 357 889 429 γενόμενος
930 358 1166 430 ὑπήκοος
1208 358 1374 431 μέχρι
1414 358 1670 424 θανάτου,
1703 358 1926 415 θανάτου

2037 361 2236 431 quilias
2275 358 2329 413 iu
2363 372 2531 412 unum
2564 355 2992 425 conglomerant.
3027 352 3194 409 Aiunt
3219 353 3363 408 enim
3395 353 3616 411 beatum

348 454 413 510 es
434 451 695 524 σταυροῦ.
728 450 822 505 Διὸ
852 450 950 505 καὶ
996 453 1027 505 ὁ
1067 451 1198 514 Θεὸς
1245 451 1412 506 αὐτὸν
1453 452 1807 525 ὑπερύψωσε,
1839 456 1935 508 καὶ

353 544 638 618 ἐχαρίσατο
688 541 844 614 αὐτῷ
886 542 1061 615 ὄνομα
1106 543 1169 597 τὸ
1214 544 1357 615 ὑπὲρ
1395 545 1505 598 πᾶν
1538 544 1732 614 ὄνομα.
1768 563 1788 598 ι
1827 546 1937 600 Καὶ

355 640 466 710 μὴν
493 637 585 692 καὶ
612 635 846 707 ἑτέρωθί
873 635 977 716 που
999 653 1186 707 φησιν,
1211 636 1295 691 ὅτι
1317 656 1334 688 ι
1353 636 1486 701 Θεὸς
1513 632 1581 708 ἦν
1603 639 1662 693 ὲν
1689 639 1931 711 Χριστῷ,

348 732 553 799 κόσμον
583 726 767 798 ἑαυτῷ
799 726 1212 783 καταλλάσσων·
1257 746 1277 779 ι
1320 728 1416 783 καὶ
1462 728 1645 783 πάλιν·
1691 747 1710 781 ι
1734 768 1737 771 ρ
1765 729 1854 783 Ἐν
1890 724 1935 798 ᾧ

342 817 641 890 κατῴκησε
689 820 803 873 πᾶν
847 818 910 872 τὸ
952 818 1230 891 πλήρωμα
1262 819 1365 890 τῆς
1396 818 1652 891 θεότητος
1693 836 1934 891 σωματι-

340 905 482 974 ἆιῶς.
512 926 533 963 ι
586 908 1027 980 Ἐφαρμόζονται
1073 909 1132 962 δὲ
1178 909 1275 964 καὶ
1300 912 1422 974 ταῖς
1454 910 1547 965 τοῦ
1567 911 1780 982 Πέτρου
1822 929 1928 982 φω·

335 1004 487 1067 ναῖς,
519 1002 655 1056 ποτὲ
685 1001 786 1071 μὲν
815 999 1086 1069 λέγοντος·
1111 1018 1131 1053 ι
1168 998 1378 1072 Ἰησοῦν
1402 1000 1493 1054 τὸν
1514 1001 1625 1056 ἀπὸ
1655 1002 1930 1073 Ναζαρὲτ,

336 1090 419 1154 ὡς
447 1088 672 1161 ἔχρισεν
700 1089 868 1144 αὑτὸν
888 1092 918 1143 ό
943 1089 1077 1154 Θεὸς
1099 1089 1534 1163 Πνεύματιὰγίῳ
1554 1091 1648 1147 καὶ
1678 1093 1929 1165 δυνάμει·

332 1179 397 1241 ὃς
416 1178 643 1247 διῆλθεν
673 1179 1005 1252 εὐεργετῶν,
1047 1181 1142 1234 καὶ
1162 1179 1400 1252 ἰώμενος
1435 1184 1645 1254 πάντας
1670 1186 1797 1248 τοὺς
1832 1204 1931 1240 και

330 1269 909 1341 ταδυναστευομένους
947 1270 1056 1325 ὑπὸ
1097 1270 1191 1326 τοῦ
1242 1271 1516 1328 διαϐόλου·
1555 1274 1636 1328 ὅτι
1677 1273 1810 1340 Θεὸς
1864 1273 1933 1349 ἦν

333 1365 468 1433 μετ’
500 1363 692 1418 αὑτοῦ·
736 1382 756 1416 ι
810 1365 908 1419 καὶ⁸
954 1364 1137 1420 πάλιν·
1176 1383 1196 1416 ι
1239 1366 1380 1430 Τοὺς
1417 1365 1522 1437 μὲν
1563 1363 1658 1422 οὖν
1704 1369 1932 1438 χρόνους

331 1456 444 1526 τῆς
491 1454 717 1524 ἀγνοίας
742 1455 1019 1528 ὑπεριδὼν
1065 1458 1095 1510 ὁ
1133 1456 1297 1523 Θεὸς,
1335 1458 1502 1513 τανῦν
1560 1461 1932 1531 παραγγέλλει

330 1550 457 1612 τοῖς
486 1547 821 1621 ἀνθρώποις,
848 1548 1063 1614 πάντας
1094 1549 1370 1622 πανταχοῦ
1399 1555 1704 1622 μετανοεῖν,
1740 1554 1932 1609 καθότι

333 1638 549 1709 ὥρισεν
605 1639 820 1711 ἡμέραν
853 1640 1116 1711 κρίσεως,
1155 1642 1216 1694 ὲν
1263 1636 1296 1716 ᾗ
1333 1642 1519 1713 μέλλει
1571 1645 1777 1714 κρίνειν
1808 1645 1931 1718 ητὴν

331 1728 672 1801 οἰκουμένην
714 1730 774 1783 ἑν
798 1730 1140 1805 δικαιοσύνῃ,
1170 1733 1228 1786 ὲν
1265 1733 1420 1805 ἀνδρί
1452 1728 1496 1804 ᾧ
1522 1734 1714 1808 ὥρισε,
1746 1716 1926 1791 πίστιν
1963 1716 2004 1772 Β

333 1820 646 1891 παρασχὼν
698 1823 887 1887 πᾶσιν,
930 1823 1246 1893 ἀναστήσας
1292 1824 1456 1878 αὑτὸν
1512 1827 1581 1880 ἐκ
1619 1828 1851 1900 νεκρῶν.
1902 1848 1924 1882 ι

333 1913 530 1968 Ταῦτα
570 1911 947 1984 παραθέντες,
986 1912 1181 1968 καὶτὰ
1212 1913 1334 1968 καθ’
1375 1914 1563 1987 ἕτερον
1600 1918 1805 1988 τρόπον
1832 1921 1929 1974 ἀν-

334 2003 762 2078 θρωποπρεπῶς
802 2004 1093 2077 εἰρημένα,
1144 2008 1567 2079 πῳσερωτῶσιν
1600 2018 1622 2046 ³
1654 2010 1835 2077 εὐθὺς,
1864 2015 1930 2067 ὲκ

334 2098 641 2170 μοχθηρῶν
696 2097 918 2157 ἑννοιιῖιν
958 2099 1198 2172 πικροὺς
1243 2100 1579 2166 ἀνάπτοντες
1635 2106 1652 2143 ι
1713 2103 1926 2175 λόγους·

332 2194 457 2247 Τίνι
490 2192 726 2246 δέδωκεν
756 2192 786 2245 ὁ
816 2191 953 2255 Θεὸς
988 2193 1085 2247 καὶ
1130 2193 1323 2266 Πατὴρ
1355 2194 1530 2268 ὄνομα
1558 2197 1616 2250 τὸ
1647 2198 1789 2271 ὑπὲρ
1819 2199 1929 2254 πᾶν

330 2285 549 2354 ὸνομα;
590 2279 741 2356 ’Δρα
766 2283 844 2353 τῷ
877 2282 995 2356 ἰδίῳ
1012 2285 1206 2358 Aemi;
1234 2287 1347 2340 Καὶ
1375 2287 1495 2353 πῶς
1538 2288 1640 2344 οὐκ
1665 2290 1932 2346 ἀπίθανον

332 2375 537 2446 κομιδῇ
587 2375 649 2428 τὸ
680 2375 909 2447 χρῆμας
970 2376 1159 2446 φασιν.
1212 2372 1320 2432 Ἦν
1381 2379 1491 2451 γὰρ
1524 2381 1613 2435 ἀεὶ
1662 2381 1815 2448 Θεὸς,
1870 2384 1931 2450 ἐξ

333 2466 505 2522 αὐτοῦ
557 2467 706 2522 κατὰ
747 2466 912 2538 φύσιν
950 2468 1369 2542 γεγεννημένος.
1414 2473 1628 2543 Ὄνομα
1678 2473 1739 2527 δὲ
1769 2474 1928 2529 τοῦτο

331 2559 393 2611 τὸ
420 2558 569 2630 ὑπὲρ
593 2561 704 2612 πᾶν
727 2559 901 2631 ὄνομα
917 2562 1077 2616 νοοίτ⁹
1093 2560 1163 2615 ἂν
1180 2561 1431 2626 εἰκότως.
1451 2563 1517 2617 Τί
1539 2564 1644 2638 γὰρ
1667 2565 1926 2622 ἐπέκεινα

332 2649 426 2704 τοῦ
459 2651 605 2705 κατὰ
642 2651 807 2721 φύσιν
837 2651 1012 2718 Θεοῦ;
1066 2652 1202 2707 Τίνα
1242 2653 1300 2707 δὲ
1336 2656 1432 2709 καὶ
1479 2655 1735 2728 κέκρικεν
1783 2659 1924 2731 ἁγίῳ

331 2741 643 2813 ῐινεόματι,
690 2743 725 2814 ἢ
779 2741 921 2814 μετὰ
949 2744 1094 2809 τίνος
1120 2740 1189 2816 ἦν
1220 2747 1251 2800 ὁ
1270 2745 1438 2814 Θεός;
1474 2749 1924 2819 Προσεπάγοντες

332 2834 392 2887 ἢ
421 2835 638 2899 τούτοις
674 2838 744 2889 τὰ
799 2836 985 2908 ἕτερα,
1021 2836 1324 2892 διακυκῶσι
1365 2838 1507 2905 λίαν,
1555 2841 1651 2896 καὶ
1692 2841 1923 2913 θορύϐου

334 2923 617 2992 πιμπλᾶσι
645 2932 673 2961 κ
701 2925 811 2979 τῶν
846 2926 1257 3000 ἁκεραιοτὲρων
1289 2927 1380 2984 τὸν
1411 2929 1557 2986 νοῦν.
1588 2932 1924 3004 Διορίζοντες

333 3014 390 3067 ἃ
417 3016 681 3087 πανταιῆ
700 3015 946 3087 (ψυχικοί
970 3017 1082 3071 εἰσι
1117 3018 1227 3090 γὰρ
1246 3057 1263 3084 ,
1301 3019 1522 3091 πνεῦμα
1557 3022 1637 3093 μὴ
1663 3022 1919 3094 ἔχοντες),

333 3103 429 3156 καὶ
457 3103 874 3170 ἀποδιῖστάντες
905 3114 935 3144 '
972 3108 1052 3171 εἰς
1086 3107 1238 3173 υἱοὺς
1274 3108 1370 3164 δύο
1397 3109 1487 3165 τὸν
1528 3111 1627 3166 ἕνα
1663 3113 1921 3186 Χριστὸν,

333 3195 433 3248 καὶ
444 3195 603 3261 Υἱὸν,
627 3196 722 3250 καὶ
743 3195 973 3269 Κύριον,
1009 3198 1070 3265 ἐξ
1098 3199 1281 3255 αὐτῶν
1310 3201 1614 3259 ἁλώσονται
1641 3205 1751 3259 τῶν
1780 3207 1925 3264 ἰδίων

331 3286 773 3358 ιτχειρημὰτων.
800 3289 942 3344 Ἕνα
981 3291 1081 3362 μὲν
1110 3291 1220 3365 γὰρ
1246 3292 1484 3367 Χριστὸν
1507 3295 1605 3351 καὶ
1633 3297 1762 3351 Υὶὸν
1790 3301 1921 3370 ὁμο-

332 3379 526 3449 λογεῖν
568 3380 1016 3452 ὐππλὰττονται,
1041 3385 1137 3440 καὶ
1164 3385 1225 3440 ἓν
1263 3386 1433 3442 αὐτοῦ
1465 3388 1757 3460 πρόσωπον
1783 3388 1923 3445 εἶναί

334 3488 495 3541 ςασι·
528 3468 866 3545 διαιροῦντες
909 3476 967 3532 δὲ
1004 3477 1169 3536 πάλιν
1201 3479 1283 3544 εἰς
1324 3480 1654 3547 ὑποστάσεις
1693 3482 1788 3538 δύο
1828 3499 1924 3537 κε-

335 3563 684 3635 χωρισμένας
710 3583 772 3620 τε
806 3567 904 3623 καὶ
942 3569 1329 3639 ἁποφοιτὼσας
1356 3572 1627 3645 ἀλλήλων,
1655 3579 1736 3642 εἰς
1776 3576 1923 3634 ἅπαν

335 3655 420 3709 τὸν
452 3655 550 3712 τοῦ
580 3659 911 3732 μυστηρίουΔ
942 3662 1324 3736 παρασύρουσι
1372 3678 1401 3709 ι
1445 3665 1623 3736 λόγον.
1651 3669 1791 3723 Φασὶ
1820 3671 1922 3742 μὲν

336 3748 439 3818 τὰρ
457 3748 524 3822 δὴ
541 3749 641 3807 τὸν
672 3752 739 3805 ἐκ
765 3754 1051 3821 γυναικὸς,
1071 3756 1192 3826 ἦτοι
1215 3757 1315 3829 τὴν
1340 3758 1439 3813 τοῦ
1458 3759 1650 3816 δούλου
1682 3762 1920 3835 μορφὴν,

338 3837 439 3911 3L1.
482 3858 543 3895 τε
582 3844 679 3898 καὶ
722 3846 1038 3916 καταμόνας
1081 3847 1145 3902 τὸ
1188 3848 1332 3922 ὑπὲρ
1371 3852 1481 3906 πᾶν
1508 3851 1682 3924 δνομα
1710 3834 1919 3924 λαδεῖν,

339 3931 623 4004 ὑπομεῖναι
648 3936 712 3991 δὲ
744 3938 843 3992 καὶ
871 3938 973 4012 τὴν
1020 3938 1201 4015 χρίσιν
1243 3942 1340 4000 τοῦ
1387 3945 1542 4014 ἁγίου
1572 3947 1919 4020 Πνεύματος,

340 4024 427 4077 καὶ
454 4025 515 4079 τὸ
546 4025 699 4096 ἔχειν
745 4029 838 4083 ἀεὶ
882 4031 1111 4087 συνόντα
1141 4034 1234 4088 τὸν
1264 4034 1422 4099 Θεὸν.
1451 4038 1700 4105 τουτέστι
1739 4040 1825 4095 τὸν
1855 4043 1921 4097 ἐκ

343 4112 469 4168 Θεοῦ
523 4118 743 4189 Πατρὸς
796 4120 994 4191 Λόγον·
1049 4124 1380 4197 ἀϐελτηριας
1429 4128 1489 4182 δὲ
1535 4129 1638 4198 τῆς
1691 4132 1919 4187 ἁπασῶν

346 4205 573 4279 ἐσχάτης
605 4209 894 4277 ὲξόζοντας
932 4215 1201 4287 ἐναργῶς,
1220 4217 1537 4288 ἐρεύγονται
1566 4220 1780 4291 λόγους.
1815 4224 1920 4278 Πο-

345 4299 488 4367 νηροί
505 4301 615 4374 γὰρ
633 4302 797 4369 ὄντες
822 4304 1006 4374 ἀγαθὰ
1038 4309 1221 4363 λαλεῖν
1253 4311 1353 4365 οὐκ
1381 4311 1450 4367 ἂν
1473 4313 1741 4381 δύναιντο,
1777 4316 1919 4371 κατὰ

2036 452 2267 509 Paulum
2326 451 2394 506 de
2447 449 2668 505 Christo
2724 448 2971 503 omnium
3032 449 3315 504 Salvatore
3370 447 3616 505 dixisse;

2045 562 2064 595 ι
2102 540 2417 598 Exinanivit
2453 540 2829 611 semetipsum,
2870 538 3100 595 formam
3140 542 3285 596 servi
3319 540 3619 612 accipiens,

2036 637 2093 691 in
2120 636 2532 702 similitudinem
2562 634 2849 690 hominum
2889 633 3086 697 factus,
3112 642 3171 689 et
3193 631 3388 689 habitu
3423 633 3621 690 inven-

2036 736 2126 780 tus
2165 737 2224 781 ιιι
2258 725 2423 780 homo
2452 742 2465 776 :
2493 722 2804 779 humiliavit
2842 721 3231 792 semetipsum,
3275 719 3451 777 factus
3490 722 3622 778 obc-

2036 816 2194 872 diens
2247 831 2419 886 usque
2463 815 2532 869 ad
2583 823 2851 879 mortem,
2896 821 3129 867 mortem
3183 820 3367 866 autem
3414 812 3619 868 crucis.

2035 908 2266 979 Propter
2297 906 2443 978 quod
2478 916 2535 961 et
2563 904 2710 961 Deus
2746 904 3005 961 exaltavit
3037 904 3223 971 illum,
3264 914 3320 959 et
3356 902 3510 961 dedit
3540 905 3621 961 illi

2037 1016 2237 1055 nomen
2280 998 2426 1070 quod
2470 1008 2555 1053 est
2598 1013 2766 1068 super
2801 1011 2963 1051 omne
2999 1011 3201 1051 nomen
3229 998 3310 1063 l3*;
3351 1016 3369 1047 ι
3417 1006 3474 1053 et
3512 998 3623 1053 alio

2034 1107 2256 1145 rursum
2284 1090 2408 1145 loco
2435 1106 2449 1142 :
2490 1108 2507 1139 ι
2540 1088 2686 1145 Deus
2715 1094 2832 1142 erat
2863 1085 2916 1141 in
2945 1083 3187 1151 Christo,
3227 1086 3497 1143 mundum
3529 1103 3622 1143 re-

2035 1183 2335 1238 concilians
2367 1181 2474 1238 sibi
2499 1180 2575 1248 ”;
2608 1199 2627 1232 ι
2667 1190 2723 1236 et
2748 1180 2988 1236 iterum:
3023 1198 3041 1232 ι
3068 1178 3207 1247 Quia
3226 1179 3287 1234 in
3319 1180 3438 1251 ipso
3459 1180 3618 1236 inha-

2034 1275 2174 1331 bitat
2220 1275 2505 1347 plenitudo
2544 1256 2849 1330 divinitatis
2892 1274 3251 1344 corporaliter
3274 1270 3346 1326 “.
3385 1291 3405 1324 ι
3453 1271 3621 1328 Suam

2034 1384 2254 1440 quoque
2274 1368 2603 1424 sententiam
2621 1366 2772 1422 Petri
2806 1366 3037 1421 vocibus
3059 1364 3497 1431 accommodant,
3524 1366 3620 1436 qui

2034 1476 2183 1516 nunc
2210 1460 2434 1533 quidem
2473 1460 2648 1515 dicit:
2685 1478 2702 1510 ι
2736 1458 2925 1515 Jesum
2953 1472 2984 1511 a
3010 1456 3301 1519 Nazareth,
3342 1456 3622 1528 quomodo

2034 1567 2161 1608 eum
2189 1551 2344 1606 unxit
2369 1552 2515 1606 Deus
2560 1550 2768 1620 Spiritu
2808 1556 2999 1604 sancto
3037 1557 3093 1604 et
3123 1546 3348 1611 virtute,
3374 1547 3467 1619 qui
3495 1564 3622 1619 per~

2036 1631 2291 1697 transivit
2324 1639 2741 1708 benefaciendo,
2781 1650 2839 1696 et
2874 1638 3119 1695 sanando
3163 1654 3356 1694 omnes
3390 1654 3618 1710 oppres~

2031 1749 2124 1790 sos
2154 1750 2187 1789 a
2224 1734 2467 1801 diabolo,
2505 1732 2767 1805 quoniam
2798 1732 2947 1788 Deus
2982 1740 3104 1788 erat
3145 1745 3270 1785 cum
3306 1746 3371 1785 eo
3394 1729 3473 1796 '7;
3510 1749 3528 1783 ι
3564 1741 3623 1787 et

2032 1842 2255 1883 rursum
2294 1846 2308 1882 :
2353 1847 2370 1879 ι
2407 1828 2476 1883 Et
2522 1837 2768 1905 tempora
2819 1824 3043 1896 quidem
3088 1824 3253 1896 hujus
3300 1824 3622 1894 ignorantia:

2029 1918 2339 1990 despiciens
2388 1919 2554 1984 Deus,
2591 1932 2740 1973 nunc
2775 1915 3065 1972 annuntiat
3105 1916 3261 1989 167
3301 1915 3622 1971 hominibus

2032 2021 2092 2067 ut
2122 2027 2314 2067 omnes
2345 2012 2551 2083 ubique
2582 2012 2961 2083 paenitentiam
2999 2017 3184 2082 agant,
3214 2024 3283 2067 eo
3318 2009 3466 2080 quod
3504 2020 3612 2066 sta-

2032 2102 2138 2158 tuit
2173 2102 2320 2158 diem
2343 2102 2401 2157 in
2424 2117 2535 2173 quo
2551 2101 2901 2173 judicaturus
2922 2109 3006 2156 est
3029 2100 3222 2155 orbem
3248 2099 3304 2153 in
3337 2098 3616 2171 aequitate,

2031 2194 2088 2249 in
2134 2194 2260 2250 viro
2303 2194 2359 2249 in
2404 2210 2515 2266 quo
2557 2192 2782 2260 statuit,
2833 2177 2999 2250 fidem
3044 2194 3299 2264 praebens
3336 2195 3615 2264 omnibus,

2032 2286 2307 2344 suscitans
2343 2302 2472 2342 eum
2517 2304 2549 2342 a
2596 2286 2829 2343 mortuis
2858 2287 2923 2340 ⁸⁸.
2972 2306 2991 2338 ι
3049 2286 3176 2341 Haec
3221 2297 3615 2357 pr0ponentes,

2030 2390 2087 2436 et
2137 2396 2259 2453 qua:
2305 2381 2415 2436 alio
2467 2380 2632 2436 modo
2670 2378 2974 2437 secundum
3020 2378 3417 2435 humanitatem
3471 2381 3618 2435 dicta

2026 2485 2177 2540 sunt,
2211 2492 2280 2531 ex
2321 2474 2504 2546 pravis
2531 2473 2827 2531 sententiis
2852 2470 3053 2528 acerbo
3088 2470 3163 2542 (l)
3197 2487 3453 2528 sermone
3479 2487 3616 2527 con-

2026 2574 2178 2621 texto
2223 2564 2409 2620 statim
2459 2563 2851 2635 interrogant:
2886 2559 3118 2617 Cuinam
3166 2560 3311 2617 Deus
3356 2568 3412 2617 et
3456 2560 3619 2615 Pater

2022 2671 2224 2711 nomen
2266 2655 2417 2712 dedit
2464 2653 2611 2724 quod
2649 2662 2735 2709 est
2770 2668 2938 2722 super
2972 2666 3136 2706 omne
3174 2654 3410 2708 nomen?
3439 2653 3616 2707 Num-

2023 2747 2159 2819 quid
2201 2747 2427 2819 proprio
2463 2746 2679 2802 Verbo?
2725 2748 2786 2801 At
2824 2760 2934 2821 quo
2964 2753 3127 2814 pacto
3166 2759 3279 2799 non
3316 2745 3614 2800 admodum

2022 2838 2261 2895 absurda
2292 2852 2382 2893 res
2417 2837 2539 2895 est?
2571 2836 2847 2907 inquiunt.
2889 2836 3021 2890 Erat
3051 2835 3201 2890 enim
3230 2835 3368 2891 illud
3396 2852 3615 2908 semper

2022 2927 2189 2993 Deus,
2210 2942 2279 2982 ex
2302 2926 2421 2998 ipso
2444 2925 2747 2982 secundum
2774 2932 3031 2980 naturam
3052 2924 3320 2996 genitum.
3346 2925 3405 2981 Id
3432 2925 3612 2997 ipsum

2025 3027 2210 3075 autem
2238 3035 2360 3076 esse
2395 3034 2595 3076 nomen
2636 3017 2773 3074 illud
2811 3016 2961 3089 quod
3001 3025 3087 3073 est
3118 3026 3286 3088 super
3319 3033 3481 3074 omne
3508 3036 3612 3074 no-

2028 3127 2177 3176 men,
2201 3120 2351 3166 recte
2387 3110 2676 3180 accipitur.
2703 3111 2816 3166 Deo
2847 3125 3084 3181 namque
3114 3112 3419 3169 secundum
3449 3124 3612 3170 natu—

2028 3219 2167 3269 ram,
2199 3201 2334 3274 quid
2359 3202 2653 3258 sublimius
2673 3202 2902 3275 cogitari
2921 3202 3137 3274 potest?
3158 3204 3423 3271 Rursum,
3445 3222 3613 3275 quem

2028 3294 2185 3350 unxit
2212 3293 2420 3367 Spiritu
2460 3303 2672 3361 sancto,
2699 3302 2794 3350 aut
2838 3309 2964 3350 cum
3005 3310 3248 3366 quonam
3280 3307 3401 3352 erat
3432 3297 3614 3353 Deus?

2025 3387 2196 3444 Multa
2216 3396 2482 3460 praeterea
2505 3386 2613 3443 alia
2638 3386 3022 3458 hujuscemodi
3044 3398 3453 3453 coacervantes,
3482 3405 3614 3445 con-

2024 3480 2265 3537 fundunt
2301 3479 2600 3535 admodum
2641 3478 3041 3550 simpliciorum
3073 3479 3306 3544 animos,
3342 3481 3609 3536 multum-

2024 3588 2133 3644 que
2177 3572 2529 3629 conturbant.
2574 3570 2685 3626 Sed
2729 3570 2936 3640 ubique
2984 3570 3232 3627 dividere
3277 3569 3437 3642 (sunt,
3459 3576 3608 3628 enim

2023 3662 2310 3728 animales,
2344 3661 2602 3731 spiritum
2627 3675 2738 3715 non
2761 3658 3031 3716 habentes
3051 3659 3142 3732 "),
3173 3669 3230 3716 et
3254 3677 3425 3717 unum
3450 3662 3610 3719 Chri-

2023 3763 2170 3812 stum
2208 3763 2265 3810 et
2294 3754 2493 3809 Filium
2535 3760 2592 3807 et
2625 3752 2920 3808 Dominum
2954 3752 3009 3806 in
3047 3751 3187 3808 duos
3229 3752 3372 3819 ﬁlios
3404 3755 3606 3811 distin-

2022 3862 2212 3921 guere,
2239 3863 2307 3903 ex
2325 3845 2442 3902 suis
2464 3846 2709 3917 ipsorum
2734 3845 3073 3917 argumentis
3098 3844 3603 3917 deprchendemur.

2023 3940 2296 3997 Simulant
2334 3938 2484 3993 enim
2526 3952 2697 3993 unum
2727 3952 2787 3992 se
2820 3936 3103 3993 Christum
3141 3945 3198 3993 et
3234 3938 3432 3993 Filium
3469 3954 3605 3996 con-

2022 4034 2189 4100 ﬁteri,
2220 4047 2496 4102 unamque
2540 4030 2713 4102 ipsius
2747 4046 3041 4102 personam
3078 4046 3201 4088 esse
3242 4030 3434 4087 dicunt
3463 4051 3477 4086 :
3508 4035 3604 4089 scil

2022 4143 2217 4184 rursus
2239 4140 2365 4181 cum
2392 4124 2448 4179 in
2474 4123 2612 4180 duas
2636 4123 2957 4195 hypostases
2991 4122 3334 4194 distinguant
3368 4123 3603 4179 invicem

2021 4221 2324 4292 disiunctas
2388 4227 2554 4289 atque
2622 4217 2908 4282 diversas,
2985 4216 3230 4288 mysterii
3295 4215 3601 4271 doctrinam

2020 4328 2251 4385 prorsus
2277 4318 2622 4382 pervertunt.
2652 4308 2824 4365 Aiunt
2855 4308 3005 4362 enim
3037 4307 3190 4366 illum
3234 4321 3303 4362 ex
3345 4307 3599 4369 muliere,
3669 4370 3678 4380 θ

345 4388 436 4461 τὴν
450 4393 539 4448 τοῦ
557 4394 815 4467 Σωτῆρος
835 4398 1043 4470 φωνήν.
1060 4395 1171 4455 Ἦν
1193 4401 1294 4473 μὲν
1316 4402 1423 4474 γὰρ
1443 4404 1912 4478 ὁμολογουμένως,

2027 4422 2118 4462 seu
2148 4406 2295 4461 illam
2329 4404 2562 4459 formam
2605 4402 2771 4468 servi,
2798 4416 3049 4457 seorsum
3085 4409 3140 4456 et
3172 4416 3272 4471 per
3303 4415 3362 4455 se
3399 4415 3601 4456 nomen

347 4484 429 4535 καὶ
455 4484 600 4540 ἐστιν
622 4489 715 4542 ἀεὶ
737 4488 867 4554 Θεὸς
902 4492 999 4544 καὶ
1035 4492 1241 4561 Κύριος
1267 4496 1299 4548 ὀ
1325 4496 1426 4568 τὴν
1444 4497 1511 4552 ἐκ
1540 4498 1676 4553 Θεοῦ
1702 4499 1918 4571 Πατρὸς

350 4574 585 4646 γέννησιν
611 4578 862 4636 ἄποπτόν
896 4599 958 4637 τι
988 4587 1082 4639 καὶ
1114 4586 1431 4658 ἀπόρρητον
1457 4587 1616 4660 ἔχων·
1646 4589 1837 4662 ἐπειδὴ
1861 4590 1920 4644 δὲ

347 4665 551 4732 γέγονεν
570 4670 637 4723 ἐκ
662 4673 925 4741 γυναικὸς
954 4676 1095 4730 κατὰ
1130 4678 1333 4751 σάρκα,
1362 4678 1683 4751 παραδόξως
1712 4680 1794 4747 δὲ,
1825 4682 1920 4735 καὶ

350 4752 474 4827 ὓκὶρ
493 4760 659 4831 ἡμᾶς,
684 4764 745 4816 ὲν
764 4766 1109 4840 ἐπιφοιτήσει
1132 4770 1447 4841 Πνεῦματος
1467 4773 1649 4841 ἁγίου,
1677 4774 1773 4827 καὶ
1798 4775 1919 4828 ἐπι·

353 4851 584 4921 σκιασμῷ
609 4852 898 4926 δυνάμεως
944 4858 1104 4928 Θεοῦ,
1128 4861 1229 4934 τὴν
1251 4862 1382 4931 γοῦν
1420 4862 1544 4918 καθ’
1588 4865 1737 4935 ἡμᾶς
1774 4864 1911 4918 ἁπό-

350 4937 488 5002 τεξιν
511 4941 804 5016 ὑπομείνας
824 4947 991 5021 (οὕτω
1022 4951 1134 5025 γὰρ
1161 4953 1354 5009 ἑαυτὸν
1385 4955 1721 5012 κεκενῶσθαι
1752 4954 1908 5025 λέγε-

350 5042 449 5093 ται,
472 5038 805 5095 ,ταπεινῶσαι
847 5057 912 5096 τε
952 5045 1137 5099 καί-ὲν
1164 5048 1380 5120 ὑπακοῇ
1410 5049 1666 5119 γενέσθαι
1692 5053 1762 5123 τῇ
1809 5049 1907 5119 μέ·

410 5167 453 5200 ⁸⁵
476 5171 607 5228 Phili

354 5234 429 5292 to.
511 5245 557 5276 α·
580 5234 787 5303 Ιίὶιιιπζ
809 5234 916 5317 ιιι,
936 5234 1027 5308 34.

648 5192 789 5255 μμ,
829 5179 969 5255 6-9L
989 5253 1000 5255 Α
1031 5183 1079 5216 ⁸⁸
1098 5182 1147 5242 Π
1174 5186 1300 5243 Cor.
1334 5203 1389 5252 v,
1436 5189 1521 5245 i9.
1599 5188 1647 5219 “
1671 5187 1882 5246 Coloss.
1924 5209 1926 5240 ι

2027 5189 2060 5242 ν.
2138 5187 2183 5220 ⁸⁷
2218 5186 2338 5243 Act.
2370 5202 2426 5250 ιι,
2467 5182 2557 5240 58.
2654 5179 2701 5211 ⁸⁸
2749 5180 2869 5235 Act.
2911 5176 3293 5242 xvn,50,5L

2017 4497 2154 4553 illud
2198 4495 2344 4567 quod
2382 4505 2468 4551 est
2508 4510 2675 4564 super
2700 4508 2864 4548 omne
2908 4507 3109 4548 nomen
3147 4492 3447 4562 accepisse,
3470 4507 3600 4547 san-

2015 4589 2198 4658 ctique
2226 4588 2466 4658 Spiritus
2493 4586 2813 4641 unctionem
2834 4583 3163 4655 suscepisse,
3192 4590 3249 4639 et
3273 4583 3468 4649 Deum,
3496 4584 3602 4639 hoc

2015 4687 2121 4740 est,
2153 4678 2248 4733 Dei
2273 4675 2453 4733 Patris
2480 4675 2743 4737 Verbum,
2768 4687 2988 4743 semper
3013 4671 3157 4742 apud
3199 4686 3257 4727 se
3285 4680 3599 4726 manentem

2017 4769 2223 4825 habere
2256 4786 2270 4822 :
2301 4783 2365 4823 ac
2390 4780 2672 4822 sermones
2693 4780 2963 4821 summam
2989 4762 3322 4819 dementiam
3346 4762 3602 4817 redolen-

2019 4871 2102 4917 tcs
2129 4860 2307 4931 palam
2334 4866 2608 4914 eructant.
2631 4856 2772 4913 Cum
2800 4854 2973 4920 enim,
2996 4855 3151 4925 juxta
3175 4853 3476 4909 Salvatoris
3500 4868 3596 4907 vo-

2013 4971 2135 5012 cem
2158 4956 2226 5019 ὀ,
2253 4954 2381 5008 mali
2419 4952 2552 5018 sint,
2585 4951 2729 5006 bona
2768 4949 2919 5020 loqui
2956 4964 3068 5003 non
3100 4957 3351 5019 possunt.
3380 4947 3518 5003 Nam
3551 4948 3600 5001 is

2011 5050 2106 5121 qui
2146 5046 2478 5103 invisibilem
2519 5044 2966 5113 inen‘abilemque
3003 5057 3071 5097 ex
3106 5043 3218 5097 Deo
3251 5042 3415 5097 Patre
3446 5039 3597 5095 nati-

3390 5177 3436 5209 ”
3461 5176 3591 5234 Iud.

1416 5344 1589 5401 Varia:
1620 5344 1889 5400 lectiones
1917 5345 2126 5402 codicis
2157 5345 2519 5417 Seguieriani.

349 5522 483 5580 pm:

639 5451 983 5523 πιρωτῶσιν.
1087 5456 1107 5492 ί
1158 5454 1541 5521 ἀναπτύοντες.
1638 5461 1676 5521 γι
1714 5455 1926 5527 ἐμπιπλ

2027 5498 2052 5514 ι.
2153 5467 2181 5498 ν
2224 5455 2664 5520 ἀποδιῖστῶντες.
2762 5462 2791 5493 ι
2822 5455 3261 5530 ,παριυθύνουσῃ
3292 5458 3351 5531 ἦ,
3402 5452 3591 5509 διασύ⁴

1860 5613 2085 5675 NOTAE.

407 5696 475 5769 (Ι)
499 5701 733 5763 Acriter.
