4044 6212
419 295 516 355 271

1418 279 1473 334 S.
1517 271 1791 332 CYRILLI
1836 267 2301 325 ALEXANDRINI
2344 262 2662 320 ABCIHEP.

3584 248 3696 304 279.

421 418 645 472 vitalem
691 413 933 474 obtinet,
977 414 1094 462 erat
1138 403 1328 475 procul
1376 399 1547 454 dubio
1585 403 1756 451 etest
1791 406 2007 452 semper

2133 408 2200 460 [9t
2231 388 2460 442 θανάτου
2490 384 2585 436 καὶ
2615 377 2897 449 σταυροῦ),
2918 372 3087 446 ταύτῃ
3121 388 3224 437 τοι,
3244 368 3336 423 καὶ
3368 367 3514 439 μάλα
3550 366 3692 421 εικό-

422 510 568 564 Deus
595 514 651 561 et
681 502 943 559 Dominus
970 517 982 553 :
1015 508 1369 568 posteaquam
1397 504 1529 545 vero
1555 486 1859 543 secundum
1886 500 2010 538 car-

425 614 550 655 nem
587 611 655 649 ex
694 594 921 648 muliere
957 597 1121 644 natus
1146 596 1250 652 est,
1276 584 1370 639 sed
1408 578 1719 637 admirabili
1748 576 1931 639 modo,
1960 585 2015 630 et

429 704 590 761 supra
622 702 742 749 nos,
774 683 1033 739 nimirum
1067 678 1242 734 sancti
1277 674 1516 746 Spiritus
1545 671 1764 742 illapsu,
1792 668 2017 723 divina:-

430 798 535 854 que
566 779 790 833 virtutis
825 772 1249 828 ohumhratione
1281 771 1347 833 θ’,
1376 777 1556 822 ortum
1594 762 1817 833 quidem
1853 757 2015 813 sicuti

429 889 531 929 nos
570 871 798 927 sortitus
828 867 935 937 (sic
979 879 1214 933 namque
1257 859 1611 928 semetipsum
1650 850 2017 908 exinanivissc

431 976 487 1019 ct
526 963 879 1025 humiliasse,
920 974 1134 1013 necnon
1190 955 1368 1009 factus
1422 948 1688 1005 obediens
1733 959 1907 1014 usque
1950 942 2016 995 ad

432 1065 665 1110 mortem
690 1062 744 1107 et
767 1066 989 1106 crucem
1022 1047 1201 1117 dicit),
1226 1062 1288 1101 ea
1315 1044 1551 1105 ratione,
1575 1049 1631 1093 et
1655 1037 1877 1108 quidem
1905 1049 2018 1089 me-

435 1149 562 1213 rito,
590 1160 791 1201 nomen
822 1142 969 1213 quod
993 1150 1078 1196 est
1105 1155 1270 1209 super
1300 1150 1461 1191 omne
1488 1146 1712 1195 nomen,
1740 1126 2017 1197 accepisse

434 1238 777 1309 perhibetur,
803 1247 1075 1303 omneque
1106 1245 1270 1301 genu,
1306 1224 1635 1290 caelestium,
1669 1218 2018 1276 terrestrium

435 1341 491 1387 et
542 1331 883 1385 infernorum
935 1325 1037 1396 ipsi
1097 1324 1448 1386 incurvatur;
1497 1324 1554 1374 et
1603 1314 1785 1370 omnis
1833 1312 2019 1381 lingua

437 1424 792 1481 conﬁtebitur
830 1418 975 1491 quod
1009 1417 1276 1473 Dominus
1313 1413 1472 1470 Jesus
1511 1409 1766 1466 Christus
1805 1406 1861 1459 in
1899 1404 2019 1475 glo-

438 1522 518 1575 ria
534 1526 619 1575 est
635 1517 731 1572 Dei
745 1515 925 1571 Patris
937 1514 1004 1565 θ’.
1017 1512 1203 1580 Neque
1219 1507 1367 1563 enim
1388 1504 1602 1559 ratione
1620 1496 2020 1571 168przedita

439 1623 689 1670 creatura
724 1611 896 1664 Deitm
940 1620 1061 1660 esse
1108 1603 1264 1657 illum
1307 1599 1403 1670 qui
1450 1597 1616 1652 homo
1662 1594 1839 1649 factus
1877 1598 2018 1653 erat,

440 1703 739 1762 nesciebat.
762 1700 895 1754 Nam
921 1694 1173 1767 quamvis
1198 1701 1385 1748 nostra
1410 1688 1734 1759 susceperit,
1763 1683 2022 1757 perinde-

2115 458 2243 546 τιος,
2288 480 2509 548 λέγεται
2560 473 2745 528 λαόεἶν
2776 470 2838 522 τὸ
2867 469 3036 539 δνομα
3066 465 3127 519 τδ
3160 462 3303 533 ὑπὲρ
3344 462 3453 514 πᾶν
3497 458 3690 528 ὄνομα,

2116 571 2211 625 καὶ
2237 568 2387 638 αὐτῷ
2419 567 2665 637 κάμπτει
2695 562 2805 615 πᾶν
2842 558 2972 628 γόνυ
2992 598 3007 623 ,
3041 552 3401 623 ἐπουρανίων,
3430 550 3529 603 καὶ
3566 550 3691 601 ἔπιε

2116 663 2301 733 γείων,
2340 661 2433 714 καὶ
2465 655 2852 727 καταχθονίωνο
2881 650 2975 703 καὶ
3005 649 3155 702 πᾶσα
3186 644 3409 713 γλῶσσα
3437 640 3695 712 ὲξομολο·

2116 729 2366 827 γήσεται,
2397 753 2479 805 ὃτι
2508 750 2712 821 Κύριος
2746 742 2952 815 Ἰησοῦς
2982 738 3215 811 Χριστὸς
3255 737 3333 799 εἰς
3362 732 3520 802 δόξαν
3554 729 3695 786 Θεοῦ

2118 822 2352 918 Πατρός.
2403 843 2478 897 Ού
2521 841 2629 912 γὰρ
2679 838 2947 909 ἠγνόησεν
2997 835 3031 903 ὴ
3069 827 3262 899 λογικὴ
3317 825 3479 895 φύσις
3515 832 3566 888 γ,
3608 822 3693 875 ὅτι

2116 916 2249 1002 Θεὸς
2266 934 2335 1010 ἦν
2359 937 2387 988 ὁ
2414 931 2866 1003 ὲνανθρωπήσας.
2894 927 2955 980 Ei
2983 925 3093 995 γὰρ
3122 922 3217 976 καὶ
3248 919 3471 988 γέγονεν
3500 918 3556 970 ὲν
3582 916 3695 978 τοῖς

2117 1033 2240 1088 καθ’
2268 1032 2435 1102 ἡμᾶς,
2460 1028 2555 1081 καὶ
2587 1021 2984 1095 παραπλησίως
3010 1020 3138 1089 ἡμῖν
3165 1013 3501 1085 μετέσχηκεν
3532 1009 3697 1078 αἷμα-

2116 1144 2208 1191 τος
2249 1124 2345 1179 καὶ⁵
2383 1121 2608 1191 σαρκὸς.
2636 1117 2749 1172 ἀλλ’
2799 1110 2893 1168 οὖν
2925 1112 3024 1165 ούκ
3056 1105 3464 1191 ἀποπεφοίτηκε
3488 1099 3582 1154 τοῦ
3614 1094 3694 1151 ei-

2238 1218 2391 1281 Θεὸς,
2425 1179 2546 1268 ούδὲ
2568 1179 2880 1279 απὸϐλητον
2914 1203 3208 1271 ἐποιήσατο
3244 1179 3305 1249 τδ
3336 1206 3360 1232 ⁸
3388 1190 3527 1247 εἴναι
3558 1186 3694 1262 δῆνο

2121 1308 2397 1382 μεμένηκε
2426 1305 2535 1373 γὰρ
2580 1294 2953 1369 προσκυνητὸς
2988 1292 3068 1354 είς
3088 1289 3246 1353 δόξαν
3283 1284 3419 1339 Θεοῦ
3457 1280 3694 1352 Πατρός.

2120 1379 2257 1466 Δόξα
2307 1399 2416 1468 γὰρ
2471 1390 2640 1464 αὐτῷ,
2680 1384 3148 1460 συμϐασιλεύοντα
3192 1379 3289 1433 καὶ
3336 1390 3699 1447 συμπροσκυο

2120 1463 2600 1564 νούτμενονὲαυτῷ
2634 1484 2726 1536 τὸν
2757 1481 2887 1536 ἴδιον
2918 1477 3060 1548 ἔχειν
3107 1472 3254 1527 Υίόψ
3291 1469 3341 1523 εί
3396 1467 3493 1521 καὶ
3535 1463 3700 1534 γέγο-

2121 1558 2591 1654 νεννοίκονομικῶς
2616 1576 2923 1646 ἄνθρωπος,
2963 1570 3050 1623 ἵνα
3085 1564 3233 1636 σώσῃ
3270 1563 3372 1634 τὴν
3404 1559 3496 1614 ὑπ’
3530 1558 3701 1628 οὐρα-

441 1736 739 1762 ιιυδυιῠυαι.
762 1736 895 1754 ιτιιιιι
922 1736 1173 1767 “uilli-Vno
1200 1736 1385 1748 ..ν-η...
1410 1736 1734 1759 ...υ-νυνινν---,
1764 1736 1955 1757 Γ,--ν,ν
1974 1736 1987 1738 _

440 1812 546 1866 que
585 1809 647 1848 ac
695 1805 796 1846 nos
833 1786 987 1845 carni
1030 1795 1086 1841 et
1129 1782 1381 1855 sanguini
1423 1775 1915 1836 communicaverit
1938 1775 2029 1837 ⁸⁸⁸,
2068 1769 2216 1824 Deus
2255 1773 2437 1820 tamen
2468 1774 2590 1817 esse
2617 1774 2727 1813 non
2763 1754 2949 1820 desiit,
2976 1766 3154 1822 neque
3194 1749 3299 1803 hoc
3325 1746 3503 1815 ipsum
3552 1736 3704 1809 quod

1963 1864 1967 1866 _
2103 1863 2134 1866 _
2186 1860 2196 1866 .
2247 1858 2282 1866 ..
2380 1855 2393 1866 ι
2484 1852 2529 1866 ιι
2684 1850 2696 1863 ο
2764 1847 2892 1866 ah}-
2933 1854 3005 1866 --ι
3056 1841 3341 1866 __-.._:..m
3374 1835 3581 1866 LnImI-n
3607 1830 3703 1866 ηδ-

439 1897 559 1943 erat
613 1884 858 1956 abjeeit:
904 1879 1108 1936 mansit
1166 1877 1315 1932 enim
1373 1871 1687 1929 adorandus
1737 1868 1791 1923 in
1838 1864 2065 1938 gloriam

437 1982 575 2034 lium
610 1992 735 2033 cum
776 1975 893 2044 ipso
935 1985 1045 2026 una
1088 1974 1409 2039 regnantem
1472 1972 1635 2034 atque
1672 1958 2047 2023 adorandum;
2119 1951 2333 2008 etiamsi
2384 1949 2431 2003 is
2494 1952 2719 2017 propter

442 2074 619 2127 factus
649 2069 721 2124 sit
751 2068 936 2122 homo.

514 2164 745 2233 Quando
778 2175 911 2231 ergo
939 2171 1063 2211 cum
1099 2171 1130 2209 a
1159 2154 1363 2210 sanctis
1396 2148 1624 2222 angelis,
1661 2156 1778 2203 tum
1805 2161 1836 2201 a
1862 2142 2023 2199 nobis
2055 2148 2095 2203 Β

440 2270 664 2329 quoque
696 2252 790 2323 qui
815 2254 871 2307 in
899 2258 1045 2304 terra
1069 2259 1375 2307 versamur,
1402 2256 1623 2297 carnem
1660 2239 1826 2294 etiam
1859 2236 2022 2290 indu—

446 2360 536 2403 tus
572 2354 770 2401 natura
807 2350 863 2396 et
894 2338 1125 2394 veritate
1158 2336 1305 2390 Deus
1340 2347 1461 2388 esse
1490 2330 1738 2387 creditus
1765 2337 1868 2393 est,
1895 2336 2026 2382 tunc

445 2439 583 2495 illud
608 2450 807 2492 nomen
835 2430 980 2503 quod
1007 2438 1093 2485 est
1119 2443 1284 2498 super
1315 2439 1478 2479 omne
1516 2437 1718 2477 nomen
1749 2418 2026 2488 accepisse

448 2528 772 2601 intelligitur
801 2542 814 2578 :
842 2538 951 2579 non
985 2520 1139 2592 quasi
1179 2518 1235 2572 id
1270 2516 1420 2571 velut
1460 2513 1691 2569 auctarii
1732 2513 1853 2567 loco
1893 2525 2026 2565 con—

446 2630 673 2683 secutus
712 2617 883 2673 fuerit
922 2611 1220 2687 (quomodo
1259 2610 1405 2664 enim
1435 2608 1489 2662 id
1511 2605 1658 2677 quod
1689 2613 1829 2669 erat,
1864 2612 1918 2658 et
1946 2608 2030 2657 est

446 2724 505 2770 et
528 2727 746 2783 semper
767 2709 894 2773 erit,
921 2716 1181 2775 tanquam
1206 2719 1314 2757 non
1344 2702 1557 2755 habens
1585 2696 1903 2767 accipiat?),
1933 2693 2030 2750 sed

449 2806 597 2877 quod
632 2806 779 2860 Deus
816 2811 872 2856 et
906 2800 1069 2854 Pater
1110 2805 1322 2851 mentes
1358 2793 1605 2848 omnium
1643 2788 1951 2850 illustrarit,
1976 2796 2033 2842 et

452 2904 797 2956 incarnatum
820 2894 1062 2951 Verbum
1092 2906 1212 2945 esse
1248 2886 1549 2944 secundum
1578 2893 1830 2939 naturam
1857 2883 2033 2936 Deum

451 2990 693 3062 ignorari
732 3002 843 3041 non
884 2980 1243 3054 permiserit:
1286 2998 1303 3028 ι
1344 2978 1545 3040 Nemo,
1592 2975 1798 3044 inquit,
1844 2972 2033 3027 venire

452 3090 633 3154 potest
676 3077 745 3133 ad
780 3091 889 3139 me,
932 3074 1037 3128 nisi
1075 3072 1238 3126 Pater
1265 3071 1357 3139 qui
1392 3068 1542 3123 misit
1573 3083 1682 3131 me,
1711 3067 1938 3121 traxerit
1966 3066 2032 3119 il-

454 3177 567 3229 lum
602 3173 670 3225 ³³.
707 3188 725 3221 ι
764 3164 943 3223 Simili
983 3161 1147 3217 modo
1177 3168 1234 3216 et
1269 3162 1383 3231 ipsa
1424 3174 1643 3229 quoque
1684 3158 1804 3228 ejus
1846 3158 2035 3211 unctio

454 3266 604 3319 circa
636 3261 935 3315 humanam
980 3262 1232 3309 naturam
1273 3251 1396 3305 fuit.
1440 3251 1574 3303 Nam
1614 3263 1740 3303 cum
1774 3247 2034 3317 Unigeni—

457 3368 567 3421 tus,
596 3353 691 3425 qui
716 3367 783 3407 ex
812 3350 973 3406 Patre
1001 3345 1260 3418 gignitur,
1290 3342 1594 3397 secundum
1626 3349 1877 3395 naturam
1907 3355 2034 3393 san-

455 3455 581 3503 ctus
612 3450 760 3499 esset
794 3456 905 3495 non
939 3452 1101 3493 secus
1139 3450 1203 3489 ac
1242 3434 1422 3498 Pater,
1457 3431 1757 3487 secundum
1782 3446 1899 3485 nos
1931 3445 2035 3484 un-

458 3550 599 3602 ctus,
626 3537 732 3591 hoc
754 3542 860 3598 est,
882 3548 911 3586 a
936 3531 1096 3585 Patre
1121 3524 1492 3581 sanetiileatus
1513 3523 1736 3586 dicitur,
1762 3530 2037 3592 quatenus
2064 3502 2106 3558 (ἶ

460 3629 724 3685 nimirum
762 3625 928 3679 homo
959 3619 1231 3691 apparuit.
1271 3616 1388 3685 Qua
1415 3615 1483 3671 de
1509 3631 1570 3670 rc
1597 3612 2039 3685 sapientissimus

460 3722 662 3777 Paulus
691 3718 759 3773 de
791 3717 885 3771 illo
921 3729 985 3769 ac
1016 3714 1084 3768 de
1121 3711 1281 3767 nobis
1319 3711 1395 3765 ita
1432 3707 1624 3764 scribit
1653 3724 1666 3760 :
1696 3725 1724 3781 γι
1759 3706 1863 3773 Qui
1888 3705 2037 3760 enim

461 3809 789 3873 sanctiﬁcat,
808 3815 865 3862 et
904 3804 997 3875 qui
1039 3800 1473 3865 sanctiﬁcantur,
1495 3814 1562 3854 ex
1588 3813 1698 3853 uno
1719 3812 1911 3852 omnes
1932 3796 2031 3850 9".»

463 3904 693 3972 Propter
718 3914 882 3970 quam
912 3910 1132 3951 causam
1170 3908 1283 3948 non
1324 3890 1679 3948 confunditur
1713 3890 1916 3944 fratres
1945 3902 2043 3943 eos

470 4007 681 4055 vocare,
712 3990 904 4046 dicens
935 4006 949 4042 :
993 4006 1011 4039 ι
1042 3984 1398 4041 Annuntiabo
1428 3998 1632 4038 nomen
1660 3988 1815 4036 tuum
1852 3978 2039 4033 fratri-

465 4082 570 4139 bus
596 4082 737 4136 meis
760 4082 827 4133 ³⁸.
863 4097 881 4129 ι
916 4077 1061 4147 Ergo
1090 4090 1214 4129 cum
1247 4071 1573 4143 Unigenitus
1609 4068 1910 4125 secundum
1946 4082 2046 4121 na-

468 4184 648 4230 turam
679 4185 832 4226 suam
863 4175 1088 4223 sanctus
1123 4163 1217 4228 sit,
1257 4163 1539 4233 ipsamque
1570 4167 1881 4215 creaturam
1912 4173 2042 4212 san-

464 4264 703 4327 ctiﬁcct;
738 4268 979 4317 attamen
1009 4271 1135 4310 cum
1166 4256 1335 4310 frater
1368 4259 1557 4307 noster
1581 4260 1666 4306 est
1689 4249 1885 4315 factus,
1912 4256 2044 4305 tunc

468 4353 769 4412 secundum
824 4350 1120 4404 humanam
1173 4354 1429 4401 naturam
1485 4343 1775 4399 nobiscum
1824 4355 2045 4412 quoque

470 4457 669 4504 unetus
707 4444 935 4508 dicitur,
975 4450 1164 4511 utpote
1203 4451 1517 4493 mensuram
1552 4436 1804 4490 humana:
1836 4442 2047 4488 natura:

470 4539 890 4597 convenientem
929 4542 984 4591 et
1028 4540 1452 4590 consentaneam
1493 4539 1720 4599 propter
1759 4526 2047 4595 dispensa-

473 4633 677 4687 tionem
728 4642 1075 4698 nequaquam
1121 4631 1465 4695 aspcrnatus.
1512 4622 1591 4677 ita
1635 4620 1783 4677 enim
1824 4618 2047 4674 beatum

472 4724 736 4779 Joannem
761 4719 1060 4790 Baptistam
1085 4716 1332 4787 profecto
1362 4713 1660 4784 alloquitur
1686 4730 1699 4765 :
1733 4733 1752 4764 ι
1780 4711 2049 4780 Quoniam

474 4816 633 4870 decet
670 4827 772 4867 nos
809 4810 1038 4880 implere
1073 4822 1293 4863 omnem
1339 4804 1609 4877 justitiam
1637 4803 1705 4858 ’°.
1749 4821 1768 4856 ι
1808 4802 1965 4870 Quod
2002 4802 2048 4858 si
2082 4839 2126 4894 Β

474 4904 620 4960 Deus
642 4915 767 4955 cum
802 4900 921 4969 ipso
942 4912 1162 4967 quoque
1191 4911 1312 4951 esse
1338 4894 1577 4961 dicatur,
1600 4893 1879 4965 quomodo
1903 4893 2051 4949 acuti

475 4993 555 5050 illi
605 4992 863 5063 sophista:
916 5005 1026 5045 non
1086 4987 1402 5059 intelligunt
1457 4987 1673 5043 Patrem
1729 4985 2056 5042 naturaliter

475 5102 697 5159 semper
720 5100 841 5141 esse
878 5098 1004 5139 cum
1045 5082 1204 5145 Filio,
1235 5094 1361 5136 cum
1404 5088 1462 5137 et
1505 5081 1621 5150 ipse
1663 5080 1720 5134 in
1762 5079 1855 5134 illo
1883 5078 1975 5143 sit,
2002 5088 2059 5134 et

477 5180 634 5235 illum
673 5177 732 5234 in
770 5177 953 5247 seipse
985 5174 1218 5230 habeat?
1245 5173 1329 5228 An
1374 5187 1484 5228 non
1522 5172 1896 5227 meminerunt
1924 5169 2057 5241 quid

478 5270 733 5326 Christus
762 5268 912 5323 dicat
945 5286 957 5321 :
991 5286 1009 5319 ι
1046 5266 1224 5321 Tanto
1252 5275 1499 5336 tempore
1522 5263 1805 5319 vobiscum
1828 5278 1974 5329 sum,
2003 5270 2061 5318 et

2102 1860 2201 1917 Dei
2247 1855 2448 1913 Patris.
2484 1852 2619 1908 Nam
2648 1850 2700 1906 ei
2729 1847 2898 1921 gloria
2925 1854 3029 1911 est,
3056 1841 3343 1915 proprium
3374 1835 3581 1890 habere
3607 1830 3703 1886 Fi-

2776 1938 2969 1995 mundi
3025 1937 3257 1992 salutem
3306 1922 3707 2000 dispensatoris

2194 2135 2403 2190 Οὐκοῦν
2458 2133 2547 2186 ὅτε
2602 2126 2754 2197 ποιρὰ
2806 2140 2865 2177 τε
2915 2120 3023 2174 τῶν
3074 2117 3245 2185 ἁγίων
3291 2112 3561 2182 ἀγγέλων,
3608 2111 3708 2166 και

2124 2228 2284 2301 ἡμῶν
2306 2224 2415 2279 τῶν
2444 2222 2539 2276 ἐπὶ
2578 2219 2677 2288 τῆς
2708 2217 2815 2286 γῆς
2843 2211 3161 2279 ἐπιστεύθη,
3188 2207 3282 2261 καὶ
3309 2204 3444 2276 μετὰ
3479 2203 3706 2273 σαρκὸς,

2232 2319 2319 2389 εἴη
2350 2316 2483 2379 Θεὸς
2510 2313 2671 2384 φύσει
2703 2328 2764 2364 τε
2793 2307 2887 2362 καὶ
2924 2302 3160 2375 ἀληθῶς,
3190 2299 3311 2353 τότε
3342 2298 3405 2350 τὸ
3441 2297 3580 2367 ὑπὲρ
3596 2298 3710 2349 πᾶν

2127 2411 2539 2485 δνομανοεῖται
2579 2402 2783 2469 λαϐὼν,
2834 2400 2935 2454 οὑκ
2985 2399 3044 2450 ὲν
3087 2393 3405 2466 προσθήκης
3438 2389 3604 2461 μοίρᾳ.
3644 2388 3711 2441 τδ

2128 2476 2321 2578 χρῆμα
2353 2498 2651 2573 κερδαίνων
2692 2493 2876 2556 αὐτὸς,
2911 2489 2961 2560 (ὃ
2985 2488 3094 2556 γὰρ
3122 2481 3189 2556 ἦν
3225 2500 3286 2536 τε
3321 2482 3414 2535 καὶ
3453 2480 3589 2541 ἐστι,
3613 2476 3711 2529 καὶ

2100 2602 2109 2607 ’
2131 2567 2285 2649 ἔσται
2317 2567 2436 2653 ἀεὶ,
2458 2588 2575 2650 πῶς
2597 2584 2661 2639 ἂν
2690 2583 2765 2645 ὡς
2797 2580 2897 2634 οὐκ
2924 2577 3062 2647 ἔχων
3088 2572 3242 2628 λάϐοι
3263 2572 3303 2640 ;)
3336 2567 3711 2639 ἐλλάμψαντος

2129 2690 2186 2743 δὲ
2218 2685 2419 2759 μᾶλλον
2449 2683 2572 2743 ταῖς
2604 2678 2861 2731 ἁπάντων
2897 2668 3154 2731 διανοίαις
3187 2664 3279 2719 τοῦ
3306 2661 3441 2717 Θεοῦ
3471 2662 3565 2713 καὶ
3593 2660 3710 2712 [Iac

2132 2750 2281 2853 τρος,
2303 2778 2399 2832 καὶ
2426 2775 2518 2827 τὸν
2548 2765 2902 2842 σαρκωθέντα
2932 2761 3124 2828 Λόγον,
3160 2758 3243 2810 ὅτι
3268 2754 3401 2817 Θεὸς
3431 2751 3574 2805 κατά
3606 2750 3711 2818 φύ-

2137 2839 2218 2925 σιν
2240 2839 2386 2923 ἐστὶν
2414 2839 2676 2934 ἀγνοῆσαι
2709 2856 2783 2929 μὴ
2807 2851 3280 2923 συγχωρήσαντος.
3310 2863 3328 2897 ι
3360 2843 3547 2905 υύδεὶς
3577 2839 3710 2911 γὰρ,

2135 2960 2288 3032 φησι,
2323 2931 2545 3011 δύναται
2571 2931 2760 3003 ⁷ἐλθεῖν
2808 2944 2942 3015 πρός
2990 2958 3079 3011 με,
3118 2939 3213 2993 ἐὰν
3264 2935 3337 3008 μὴ
3374 2936 3403 2988 ὁ
3455 2933 3645 3003 Πατὴρ
3682 2931 3714 2984 ὁ

2136 3024 2361 3125 πέμψας
2394 3065 2461 3119 με
2511 3043 2714 3113 ἑλκύσῃ
2749 3038 2932 3093 αὐτόν.
2970 3054 2989 3087 ι
3026 3034 3221 3101 Γέγονε
3246 3030 3303 3082 δὲ
3346 3028 3441 3081 καὶ
3465 3028 3499 3097 ἠ
3534 3024 3717 3096 χρίσις

2136 3118 2283 3217 αὐτῷ
2303 3160 2369 3197 πε
2379 3144 2430 3215 pi
2460 3139 2519 3194 τὸ
2540 3133 2893 3207 ἀνθρώπινον.
2927 3130 3117 3195 ’Ἀγιος
3138 3124 3207 3193 γὰ
3215 3140 3247 3194 ρ
3272 3123 3346 3175 ὣν
3367 3118 3506 3174 κατὰ
3526 3118 3711 3187 φύσιν,

2137 3208 2391 3304 καθάπερ
2416 3228 2631 3300 ἀμέλει,
2658 3224 2755 3279 καὶ
2790 3225 2820 3278 ὁ
2865 3220 3056 3290 Πατὴρ
3096 3216 3193 3270 καὶ
3220 3216 3249 3269 ὁ
3276 3213 3335 3280 ἐξ
3382 3208 3550 3265 αὐτοῦ
3589 3225 3716 3276 7e»-

2138 3328 2321 3400 νηθεὶς
2358 3300 2396 3364 -ι
2433 3321 2560 3384 Υἱὸς
2612 3314 2926 3390 μονογενὴς,
2982 3307 3268 3381 κεκρίσθαι
3319 3306 3540 3373 λέγεται
3592 3300 3716 3354 καθ’

2140 3392 2308 3493 filiai?»
2341 3417 2508 3489 ἤγουν
2539 3410 2804 3484 ἡγιάσθαι
2837 3406 2987 3476 παρὰ
3028 3400 3123 3455 τοῦ
3172 3398 3409 3470 Πατρδς,
3442 3395 3581 3449 καθὸ
3614 3392 3717 3445 ne.

2139 3484 2307 3584 ᾦῆνεν
2356 3484 2662 3578 ἅνθρωπος.
2712 3499 2920 3571 Γράφει
2954 3495 3086 3565 γοῦν
3124 3495 3154 3546 ὁ
3191 3492 3463 3558 πάνσοφος
3501 3484 3721 3547 Παῦλος

2139 3577 2266 3675 ἐτέρι
2302 3618 2363 3655 τε
2409 3577 2574 3654 αύτοῦ
2614 3595 2710 3649 καὶ
2752 3590 2933 3664 ἡμῶν·
2971 3608 2989 3639 ι
3014 3586 3087 3642 ’Ὀ
3128 3602 3187 3638 τι
3218 3583 3325 3654 γὰρ
3352 3578 3597 3649 ἁγιάζων
3619 3577 3725 3631 καὶ

2139 3700 2186 3753 οί
2216 3670 2570 3765 αγιαζόμενοι
2624 3686 2685 3767 ἐξ
2726 3685 2846 3747 ἑνὸς
2882 3682 3103 3743 πάντες·
3146 3696 3166 3731 ι
3216 3675 3284 3729 δι’
3310 3675 3378 3746 ἣν
3402 3672 3582 3728 αἰτίαν
3616 3670 3722 3724 οὐκ

2140 3763 2528 3856 ἐπαισχύνεται
2550 3763 2811 3846 ἀδελξροὺς
2829 3771 3024 3834 αὐτοὺς
3045 3768 3251 3830 καλεῖν,
3264 3765 3489 3834 λέγων’(
3509 3763 3723 3830 Ἄπαγ-

2140 3880 2284 3951 γελῶ
2391 3872 2564 3946 ὄνομὰ
2596 3887 2690 3924 σου
2725 3869 2836 3931 τοῖς
2872 3863 3121 3932 ἀδελφοῖς
3148 3876 3270 3931 μου.
3300 3877 3320 3910 ι
3348 3854 3558 3911 Οὐκοῦν
3579 3852 3724 3907 κατὰ

2143 3944 2308 4045 ᾦύσιν
2339 3944 2499 4038 ἅγιος
2522 3966 2596 4019 ὢν
2626 3962 2656 4015 ὁ
2687 3956 3022 4027 Μονογενὴς,
3053 3954 3147 4007 καὶ
3176 3949 3421 4020 ἁγιάζων
3455 3947 3555 4017 τὴν
3599 3944 3723 3999 nio

2146 4036 2249 4130 σιν,
2289 4036 2825 4130 ὅτε-κεχρημάτικεν
2855 4049 3011 4120 ήμῶν
3040 4044 3287 4113 ἀδελφὸς,
3316 4040 3438 4094 τότε
3477 4038 3572 4092 καὶ
3601 4036 3725 4108 μεθ’

2144 4128 2302 4231 ἡμῶν
2333 4128 2689 4224 ἀνθριοπίνως
2718 4141 3000 4215 κεκρίσθαι
3036 4138 3279 4206 λέγεται,
3310 4134 3372 4187 τὸ
3402 4133 3471 4203 τῇ
3507 4128 3725 4199 ἀνορωο

2146 4220 2340 4319 ποτητι
2380 4220 2591 4314 πρέπον
2626 4254 2685 4290 τε
2724 4235 2821 4289 καὶ
2867 4230 3013 4294 elato;
3055 4229 3157 4281 οὐκ
3197 4223 3471 4295 ἀτιμάσας
3500 4220 3720 4291 μέτρον,

2146 4342 2236 4396 διὰ
2257 4310 2358 4411 τὴν
2386 4310 2724 4402 οίκονομίαν.
2750 4323 2909 4380 Οὕτω
2936 4320 3047 4391 γάρ
3076 4318 3179 4373 πού
3201 4333 3337 4386 φησι
3356 4313 3607 4382 καὶπρὸς
3630 4310 3729 4364 τὸν

2148 4404 2434 4488 θεσπέσιον
2458 4421 2793 4491 Βαπτιστήνο
2827 4436 2845 4469 ι
2887 4417 3010 4468 Ὅτι
3043 4412 3252 4482 πρέπον
3280 4409 3411 4479 ἡμῖν
3438 4408 3552 4458 ἐστι
3582 4404 3726 4491 πλη-

2155 4525 2326 4597 ρῶσαι
2363 4520 2545 4573 πᾶσαν
2571 4489 2939 4578 δικαιοσύνην.
2983 4522 3003 4556 ν
3033 4502 3097 4556 El
3125 4500 3183 4553 δὲ
3211 4496 3277 4569 δὴ
3318 4495 3528 4564 λέγοιτο
3571 4489 3670 4544 καὶ
3697 4491 3735 4544 ὁ

2151 4584 2285 4678 Deo;
2315 4609 2454 4666 εἶναι
2484 4605 2601 4680 μετ’
2631 4600 2819 4665 αὑτοῦ,
2854 4598 2973 4661 πῶς
3000 4592 3277 4665 ἠγνόησαν
3302 4590 3353 4642 ei
3384 4584 3549 4640 δεινοὶ
3579 4601 3733 4652 σοφι-

2154 4676 2295 4772 σταί,
2328 4706 2411 4760 ὅτι
2444 4676 2692 4756 σύνεστιν
2735 4693 2827 4748 ἀεὶ
2868 4686 3114 4761 φυσικῶς
3162 4687 3193 4739 ὁ
3250 4680 3441 4751 Πατὴρ
3589 4676 3730 4747 Υῑῷ,

2155 4767 2316 4863 αὑτό-ς
2344 4815 2405 4852 τε
2433 4795 2509 4849 ὢν
2547 4794 2605 4845 ἐν
2641 4786 2814 4857 αὐτῷ,
2853 4781 2948 4837 καὶ
2985 4780 3129 4851 ἔχων
3151 4774 3313 4830 αὑτὸν
3343 4775 3401 4863 εν
3432 4767 3618 4839 αὐτῷς
3656 4767 3732 4820 Ἦ

2152 4898 2214 4950 οὐ
2260 4858 2657 4961 διαμέμνηνται
2700 4879 2950 4947 λέγοντος
2991 4870 3086 4926 τοῦ
3119 4858 3377 4961 Χριστος·
3409 4878 3428 4913 ι
3459 4859 3736 4961 Tceo-Sim

2151 4949 2496 5059 x96vov'9e0'
2523 4949 2691 5045 sese»
2726 4970 2865 5040 ειμι,
2897 4963 2993 5019 καὶ
3012 4961 3113 5015 οὐκ
3131 4955 3378 5027 ἔγνωκάς
3415 4969 3506 5023 με,
3541 4949 3738 5004 φίλιπ-

2154 5040 2256 5141 ἓξ
2283 5075 2342 5128 '0
2376 5040 2634 5142 ἑωρακὼς
2656 5063 2781 5135 ἐμὲ,
2806 5059 3019 5130 ἑώρακε
3049 5052 3139 5107 cev
3163 5041 3576 5142 Ilaeépa."E76:
3589 5040 3685 5096 καὶ
3705 5040 3751 5094 ὁ

2157 5133 2346 5239 Πατὴρ
2380 5133 2781 5230 ἕν’ὲσμενξοῦ
2816 5147 3128 5213 πιστεύεις,
3155 5144 3239 5199 ὃτι
3270 5138 3382 5211 ἐγὼ
3416 5136 3476 5191 ὲν
3508 5133 3589 5239 τεξ)
3621 5134 3742 5239 ρα-

2157 5222 2268 5330 τγρὶ,
2299 5222 2397 5310 καὶ
2432 5255 2461 5308 ὁ
2502 5222 2697 5319 Πατὴρ
2723 5249 2782 5301 ὲν
2812 5240 2935 5315 ἐμοί
2957 5242 3140 5307 ὲστινς
3182 5254 3202 5288 ι
3233 5232 3383 5304 Ἔφη
3409 5229 3468 5284 δὲ
3492 5224 3588 5281 καὶ
3618 5222 3744 5278 ιτέ-

549 5429 594 5461 θ’
618 5426 750 5482 Luc.
780 5441 816 5489 ι,
844 5425 931 5479 55.
1008 5424 1054 5455 ’³
1078 5423 1315 5493 Philipp.
1346 5439 1403 5487 ιι,
1432 5422 1584 5477 6-H.
1680 5421 1743 5453 ”'
1785 5419 1952 5475 Ilcbr.
1981 5435 2038 5483 ιι,

2133 5437 2160 5472 ι.
2238 5414 2285 5447 ⁸³
2316 5412 2472 5469 Joan.
2512 5424 2586 5474 vt,
2620 5405 2711 5461 u.
2785 5403 2832 5436 °‘
2866 5398 3032 5457 Hebr.
3064 5410 3125 5461 ιι,
3150 5391 3238 5447 Η.
3312 5387 3357 5423 ⁸³
3391 5381 3533 5443 Psal.
3567 5391 3742 5447 nm,-

480 5498 571 5552 9-3.
646 5498 692 5527 ⁹⁶
714 5496 903 5550 Matth.
934 5508 1014 5557 ιιι,
1045 5492 1131 5548 i5.

1583 5579 1755 5634 Variae
1780 5578 2047 5634 lectiones
2075 5572 2282 5631 codicis
2303 5566 2670 5640 Seguieriani.

558 5713 585 5752 I
618 5701 815 5767 κτίσις.
894 5709 915 5735 ³
948 5696 1061 5751 τοῦ.
1140 5710 1165 5737 ιι
1208 5700 1486 5765 πεφηνὼς.
