4044 6212
354 327 450 386 275

1777 327 2112 386 EPISTULA
2151 328 2211 384 ι.

3515 329 3623 386 276

359 437 504 512 ρωθι,
531 436 646 500 τοις
684 429 862 504 ἀγῖοις
897 435 1065 491 αὐτοῦ
1098 437 1366 509 μαθηταῖς
1394 437 1730 508 προσλαλῶν·
1768 441 1932 512 «Ἐρ-

2036 457 2146 495 non
2175 440 2478 511 cognovisti
2512 455 2622 506 me,
2653 438 2940 509 Philippe?
2967 434 3073 503 Qui
3101 435 3242 491 vidit
3265 452 3378 503 me,
3408 435 3546 494 vidit
3566 448 3625 497 et

360 530 662 602 χεταιῶρα,
700 531 796 584 καὶ
836 530 1115 602 ἐλήλυθεν,
1158 531 1247 586 ἵνα
1295 531 1668 603 σκορπισθῆτε
1700 533 1933 599 ἕκαστος

2032 532 2246 588 Patrem
2271 533 2338 586 9’.
2376 531 2488 601 Ego
2511 540 2567 588 et
2592 531 2754 586 Pater
2783 543 2954 588 unum
2980 542 3176 583 sumus
3199 527 3266 580 ⁸⁸.
3299 527 3418 585 Non
3443 530 3625 586 credis

359 626 437 688 οἱς
460 624 526 678 τὰ
563 622 691 686 ἴδια,
718 623 816 677 καὶ
849 623 953 694 ἐμὲ
987 623 1150 694 μόνον
1185 623 1383 694 ἀφῆτεο
1417 629 1511 680 καὶ
1543 627 1645 680 οῦκ
1677 628 1793 697 ειμι
1837 629 1934 698 μό-

2036 626 2161 696 quia
2193 640 2297 698 ego
2334 626 2390 681 in
2428 626 2612 692 Patre,
2637 633 2694 681 et
2724 625 2886 680 Pater
2910 622 2966 681 in
2994 637 3084 680 me
3111 628 3198 678 est
3224 620 3308 674 ’9?
3340 639 3358 674 ι
3393 621 3463 676 Et
3487 622 3623 678 alibi

358 731 463 780 νος,
506 714 588 767 ὅτι
621 715 654 768 ’ό
701 715 890 786 Πατήρ
943 731 1047 784 μου
1093 715 1216 784 μετ’
1252 713 1390 786 ἐμοῦ
1442 717 1610 772 ἐστιν.
1653 737 1672 770 ι
1715 719 1790 772 Οὐ
1822 720 1934 791 γάρ

354 822 452 868 τοι,
470 805 612 860 καθὰ
642 805 958 875 νομίζουσιν
983 806 1032 860 οἱ
1053 806 1164 862 τῶν
1184 807 1484 878 ἀλλοτρίων
1507 809 1718 880 ἐμέτων
1738 810 1933 864 ἀσυνέο

354 915 456 961 τως
508 897 1014 968 ἀναπιμπλάμενοι,
1044 897 1178 962 Θεὸς
1212 897 1288 954 ὢν
1325 901 1355 954 ό
1383 899 1578 969 Λόγος,
1619 900 1696 965 ῶς
1741 901 1928 976 ἕτερος

349 985 427 1040 ῶν
455 987 604 1049 Υἱδς,
636 986 756 1056 μεθ’
797 987 985 1059 ἑτέρου
1019 987 1240 1057 γέγονεν
1268 988 1420 1054 Υιοῦ,
1459 987 1554 1046 τοῦ
1588 990 1926 1062 ἀναληφθὲν,

353 1089 444 1140 τος
477 1075 769 1148 ἀνθρώπου
797 1076 960 1149 (τομὴ
989 1078 1096 1150 γὰρ
1135 1078 1314 1143 τοῦτο,
1349 1079 1442 1140 καὶ
1473 1080 1758 1153 διαίρεσις,
1795 1083 1929 1138 υἱῶν

351 1167 516 1222 δυάδα
565 1168 1066 1239 παρακομίζουσα).
1117 1169 1233 1227 ἀλλ’
1267 1165 1336 1242 ἦν
1383 1172 1413 1234 ό
1457 1171 1593 1238 Θεὸς
1617 1171 1712 1227 καὶ
1741 1173 1928 1245 Πατὴρ

355 1257 493 1328 μετὰ
516 1255 616 1312 τοῦ
643 1257 795 1324 Υιοῦ,
837 1258 1083 1313 τουτέστι
1127 1260 1268 1330 μετὰ
1310 1258 1406 1314 τοῦ
1451 1260 1827 1330 σαρκωθέντος
1867 1281 1928 1317 τε

355 1351 446 1403 καὶ
496 1349 1019 1421 ὲνανθρωπήσαντος
1063 1351 1155 1405 τοῦ
1185 1351 1322 1407 Θεοῦ
1371 1353 1568 1422 Λόγου·
1627 1353 1931 1427 ἀχώριστος

353 1443 460 1510 γὲν
488 1443 518 1494 ό
548 1442 702 1512 Πατὴ
711 1459 744 1513 ρ
771 1441 868 1496 τοῦ
896 1441 1049 1499 Υιοῦ.

2031 731 2254 772 rursum
2291 715 2592 786 discipulos
2635 715 2926 785 alloquens
2969 715 3046 769 ait
3076 731 3088 767 :
3127 731 3147 766 ι
3179 712 3342 768 Venit
3383 711 3542 778 hora,
3566 719 3626 768 et

2026 809 2138 880 jam
2175 808 2348 875 venit,
2387 806 2547 880 169
2587 816 2650 864 ut
2694 805 3090 878 dispergamini
3137 801 3520 874 unusquisque
3563 802 3619 858 in

2033 900 2280 972 propria,
2301 908 2359 966 et
2382 914 2470 956 me
2491 898 2673 960 solum
2696 898 3023 970 relinquatis
3049 916 3064 952 :
3087 907 3144 953 et
3167 912 3279 954 non
3300 913 3423 954 sum
3447 897 3617 961 solus,

2032 992 2294 1062 quoniam
2321 993 2482 1050 Pater
2509 1006 2668 1050 meus
2705 1006 2921 1050 mecum
2951 1000 3040 1046 est
3071 991 3109 1044 ι.
3143 1009 3161 1043 ι
3206 989 3329 1045 Non
3359 989 3532 1054 enim,
3561 998 3622 1043 ut

2034 1084 2071 1139 ii
2101 1099 2429 1155 persuasum
2464 1084 2672 1142 habent
2702 1084 2800 1155 qui
2835 1083 3016 1139 alieno
3047 1083 3256 1138 vomitu
3293 1081 3622 1152 insipienter

2034 1176 2341 1246 replentur,
2366 1176 2608 1236 Verbum
2639 1175 2789 1246 quod
2828 1175 2976 1232 Deus
3009 1183 3149 1241 erat,
3179 1184 3441 1243 tanquam
3479 1172 3621 1226 alter

2035 1265 2209 1328 Filius
2239 1282 2367 1326 eum
2399 1269 2578 1324 altero
2613 1266 2775 1332 Filio.
2805 1281 3005 1338 nempe
3041 1281 3166 1322 cum
3201 1272 3483 1335 assumpto
3516 1263 3619 1317 ho-

2035 1358 2185 1416 mine
2245 1357 2350 1415 t‘uit
2420 1354 2515 1426 (id
2584 1354 2865 1414 enimvero
2932 1355 3104 1412 sectio
3164 1364 3248 1412 est
3308 1367 3472 1427 atque
3539 1356 3622 1412 di-

2035 1451 2198 1519 visio,
2230 1451 2468 1508 ﬁliorum
2502 1450 2830 1508 dualitatem
2865 1449 3186 1519 inducens);
3215 1449 3312 1504 sed
3335 1458 3454 1506 erat
3475 1448 3623 1504 Deus

351 1545 407 1589 et
430 1535 592 1589 Pater
620 1549 748 1590 cum
774 1534 934 1602 Filio,
971 1536 1079 1594 hoc
1103 1546 1209 1605 est,
1235 1553 1362 1595 cum
1399 1539 1686 1600 inearnato
1723 1543 2197 1618 inhumauatoque
2235 1547 2349 1604 Deo
2387 1546 2569 1605 Verbo
2600 1563 2615 1602 :
2654 1545 2818 1603 Pater
2855 1559 3093 1614 namque
3129 1559 3162 1598 a
3204 1543 3340 1598 Filio
3379 1559 3620 1614 separari

352 1638 699 1694 nequaquam
731 1631 934 1694 potest.

421 1717 488 1768 ει
524 1716 584 1770 δὲ
608 1715 675 1786 δὴ
714 1716 899 1786 μέλλει
939 1719 1147 1790 κρίνειν
1192 1721 1290 1793 τὴν
1323 1722 1652 1796 οἰκουμένην
1679 1725 1708 1780 ό
1730 1725 1758 1766 δ
1788 1723 1925 1789 Θεὸς

2101 1723 2222 1778 Jam
2255 1725 2360 1779 etsi
2396 1725 2543 1781 Deus
2563 1722 2915 1796 iudicaturus
2940 1721 3012 1778 sit
3036 1721 3225 1777 orbem
3260 1731 3533 1777 terrarum
3566 1723 3620 1777 iu

350 1808 410 1860 ιν
435 1807 619 1876 ἀνδρὶ,
648 1800 694 1876 ᾧ
723 1807 950 1880 ὥρισεν,
992 1811 1094 1866 οὐκ
1135 1826 1157 1853 ε
1203 1813 1270 1868 ἂν
1303 1815 1468 1869 οἷοιτό
1508 1832 1592 1883 τις
1626 1812 1686 1872 εὖ
1716 1816 1930 1888 φρονῶν

349 1898 430 1952 ὅτι
462 1898 556 1953 τὸν
591 1900 872 1971 Μονοτενῆ
906 1919 1043 1974 φησι
1093 1905 1154 1958 τὸ
1198 1905 1438 1977 Γράμμα
1475 1907 1536 1962 τὸ
1569 1908 1734 1980 ἱερὸν,
1759 1908 1842 1974 ῶς
1872 1909 1932 1963 ὲν

349 1990 505 2062 ὀνδρι
546 1991 827 2064 νοουμένῳ
855 1995 1173 2066 καταμόνας
1214 1997 1328 2068 Υἱῷ
1355 1998 1432 2069 τῷ
1458 2000 1522 2054 ἐκ
1550 2000 1827 2070 γυναικὸς,
1851 2001 1931 2054 δι-

351 2081 543 2136 κάσειν
570 2082 671 2155 τὴν
708 2083 802 2138 ὑπ’
839 2085 1092 2157 οὐρανόν.
1135 2089 1431 2146 Ἑκεῖνοδὲ
1474 2090 1676 2162 μᾶλλον
1712 2091 1934 2156 εὐσεϐὲς

351 2172 624 2245 ὑπάρχειν
661 2174 1158 2251 διαᾶεσαιούμεθα,
1213 2180 1276 2234 τὸ
1313 2181 1513 2253 χρῆναι
1561 2185 1703 2239 νοεῖν
1731 2222 1748 2249 ,
1795 2185 1933 2258 ὅπερ

349 2264 457 2336 ἔφη
481 2265 744 2336 Χριστός
789 2285 808 2321 ι
854 2267 993 2324 Οὐδὲ
1038 2269 1148 2342 γὰρ
1197 2273 1227 2326 ό
1259 2273 1450 2346 Πατὴρ
1489 2274 1664 2346 κρίνει
1717 2276 1932 2343 οὐδένα,

352 2355 491 2410 ἀλλὰ
522 2359 707 2412 πᾶσαν
749 2359 852 2430 τὴν
892 2360 1077 2432 κρίσιν
1107 2362 1307 2419 δέδωκε
1348 2364 1428 2438 τῷ
1457 2367 1594 2440 Υῑῷ,
1621 2369 1709 2424 ἵνα
1733 2369 1935 2434 πάντες

351 2447 555 2518 τιμῶσι
592 2449 689 2503 τὸν
737 2450 892 2517 libV,
922 2453 1106 2519 καθὼς
1147 2455 1353 2528 τιμῶσι
1397 2457 1488 2513 τὸν
1525 2460 1770 2533 Πατέρα.
1807 2479 1828 2514 ι
1877 2461 1934 2516 Ὀ

351 2542 461 2612 γάρ
484 2557 570 2595 τοι
602 2541 735 2608 Θεὸς
770 2543 946 2613 Λόγος
973 2546 1212 2617 γεγονὼς
1249 2547 1554 2622 ἄνθρωπος,
1583 2551 1680 2606 καὶ
1709 2551 1936 2618 τελέσας

349 2636 411 2688 ἐν
439 2635 719 2706 ἀνδράσιν,
736 2636 907 2707 ἤγουν
933 2637 1091 2692 τοῦτο
1121 2638 1243 2711 μεθ’
1276 2641 1433 2712 ἡμῶν
1461 2642 1808 2716 ὁνομασθεὶς.
1831 2645 1923 2700 οὐ·

349 2723 440 2778 δὲν
481 2719 649 2796 ἦττον
711 2724 864 2779 ἔσται
925 2726 1160 2799 κριτὴς,
1217 2727 1293 2792 ὡς
1347 2729 1483 2796 Θεὸς
1535 2734 1630 2786 καὶ
1683 2733 1933 2805 Κύριος,

353 2813 446 2868 καὶ
470 2810 552 2880 εἷς
581 2813 661 2871 ῶν
688 2815 842 2882 Υἱὸς,
865 2816 1076 2882 ἐνόντος
1100 2818 1248 2891 αὑτῷ
1275 2821 1370 2876 καὶ
1393 2821 1516 2876 τότε
1543 2821 1641 2878 τοῦ
1667 2823 1804 2878 Θεοῦ
1842 2827 1938 2881 καὶ

351 2907 586 2980 Πατρός.
639 2908 792 2979 Ἔχει
821 2908 950 2982 γὰρ,
984 2909 1060 2974 ὥς
1105 2909 1268 2982 ἔφην,
1301 2914 1360 2967 ἐν
1393 2913 1574 2986 ἑαυτῷ
1615 2915 1707 2969 τὸν
1746 2919 1937 2988 γεννήο

353 3016 540 3053 σαντα·
574 3000 667 3054 καὶ
695 3001 860 3066 αὐτὸς
890 3002 948 3056 δέ
985 3003 1215 3058 ἐστινέν
1243 3003 1416 3076 αὐτῷ.
1445 3005 1654 3078 ’Ὠσπερ
1686 3007 1743 3060 δέ
1791 3011 1938 3063 ἐστιν

349 3084 432 3151 εἷς
481 3089 509 3143 ό
549 3088 681 3154 Θεὸς
717 3091 812 3145 καὶ
843 3091 1054 3162 Πατὴρ,
1099 3090 1158 3158 ἐξ
1189 3085 1251 3148 οὗ
1301 3092 1372 3147 τὰ
1420 3093 1634 3162 πάντα,
1667 3094 1811 3151 οὕτω
1858 3091 1938 3160 εἷς

352 3179 569 3252 Κύριος
604 3180 805 3252 Ἰησοῦς
835 3183 1096 3254 Χριστὸς,
1125 3185 1193 3239 δι’
1217 3179 1280 3241 οὗ
1318 3185 1386 3241 τὰ
1410 3188 1608 3246 πάντα.
1654 3189 1939 3261 Παρευθύ-

351 3287 517 3324 νουσι
559 3271 618 3327 δὲ
647 3272 790 3331 οὐδὲν
815 3269 983 3347 ἦττον
1021 3275 1114 3329 ἐπὶ
1146 3275 1206 3330 τὸ
1243 3277 1500 3344 ἀκαλλὲς,
1547 3281 1642 3334 καὶ
1665 3280 1726 3335 τὸ
1760 3280 1938 3352 ὀρθῶς

353 3361 654 3432 εἰρημένον
691 3363 775 3419 διὰ
809 3367 907 3437 τῆς
954 3365 1046 3422 τοῦ
1074 3367 1344 3440 μακαρίου
1380 3369 1596 3440 Παύλῳ
1621 3375 1832 3444 φωνῆς.
1879 3373 1937 3427 '0

353 3455 461 3524 μὲν
498 3455 608 3526 γὰρ
630 3455 757 3529 ἔφη.
786 3459 882 3513 καὶ
919 3459 1064 3530 μάλα
1088 3460 1284 3534 ὀρθῶς,
1319 3463 1403 3524 ὅτι
1426 3482 1446 3516 ι
1478 3463 1614 3528 Θεὸς
1627 3461 1696 3538 ἦν
1715 3467 1773 3520 ἐν
1800 3466 1939 3540 Χρι-

356 3544 488 3614 στῷ.
518 3545 726 3617 κόσμον
747 3549 1144 3606 καταλλάσσων
1173 3552 1374 3623 ἑαυτῷ.
1421 3573 1440 3608 ι
1464 3556 1527 3610 0t
1559 3555 1616 3610 δὲ
1642 3557 1805 3614 πάλιν
1836 3576 1937 3613 πα-

356 3639 507 3706 χεῖάν
538 3655 666 3693 τινα
707 3640 786 3712 τῷ
823 3641 905 3695 ἑνὶ
948 3642 1169 3718 Χριστῷ
1203 3645 1296 3700 καὶ
1335 3645 1449 3718 Υἱῷ
1477 3647 1577 3718 τὴν
1613 3649 1788 3720 τομὴν
1817 3651 1938 3705 ὲπι-

352 3729 644 3800 φέροντες,
675 3731 1058 3797 ἁποδιῖστῶσιν
1102 3736 1184 3806 εἰς
1229 3736 1374 3792 ἅπαν
1425 3737 1517 3793 τὸν
1572 3740 1706 3796 Θεὸν
1743 3741 1935 3811 Λόγον,

356 3823 445 3873 καὶ
489 3821 568 3885 ὡς
612 3823 672 3876 ἐν
712 3823 885 3895 ἑτέρῳ
916 3825 1026 3879 τινὶ
1052 3826 1331 3900 νοουμένῳ
1365 3829 1588 3904 Χριστῷ
1624 3834 1940 3904 καταμόνας

352 3908 490 3968 εἶναι
535 3930 709 3984 φασιν
752 3915 937 3983 αὐτὸν,
979 3917 1064 3992 ἵνα
1103 3919 1180 3992 μὴ
1224 3921 1425 3992 μᾶλλον
1475 3925 1896 3996 σεσαρκωμένος
1920 3965 1935 3990 ,

354 4004 471 4058 ἀλλ’
516 4005 817 4078 nomen;
870 4007 1145 4082 ἀνθρώπῳ
1191 4011 1401 4082 νοῆται.
1464 4014 1605 4069 Ἀλλ’
1653 4016 1682 4070 ὃ
1723 4034 1787 4086 γε
1829 4016 1938 4072 τῶν

356 4095 518 4165 ιερῶν
575 4096 934 4168 Γραμμὼτων
1003 4100 1206 4165 σκοπὸς
1250 4104 1349 4175 οὐχ
1401 4095 1504 4158 ὧδε
1556 4103 1733 4160 ταῦτα
1791 4107 1940 4179 ἔχειν

355 4185 593 4258 ἐξίησιν,
626 4187 674 4246 ὦ
709 4190 882 4262 σοφοί.
916 4191 1175 4262 Συγλεῖτε
1203 4191 1313 4266 γὰρ
1353 4194 1452 4267 τὴν
1483 4197 1810 4268 ἀνάγνωσιν,
1840 4199 1938 4271 τὴν

358 4276 698 4333 τῶνὲννοιιῖιν
725 4279 953 4352 δύναμιν
979 4282 1064 4352 ἐφ’
1089 4284 1126 4339 ἃ
1169 4284 1246 4356 μὴ
1265 4287 1540 4358 προσῆκεν
1569 4289 1936 4361 ἀποκομίζονο

2033 1819 2153 1874 viro
2192 1835 2357 1891 quem
2397 1818 2667 1884 statuit’,
2712 1833 2876 1873 nemo
2915 1826 3098 1873 tamen
3134 1814 3381 1884 prudens
3411 1830 3623 1870 sacram

2033 1909 2380 1982 Scripturam
2440 1909 2710 1965 aﬂirmare
2767 1908 3046 1966 existimet
3108 1904 3463 1976 Unigenitum
3521 1905 3619 1960 Dei

2034 2017 2292 2078 tanquam
2321 2005 2380 2062 in
2403 2003 2525 2058 viro
2562 2001 2795 2058 seorsim
2830 1999 3180 2055 considerato
3207 1997 3366 2063 Filio,
3393 1996 3508 2062 illo,
3540 1996 3622 2050 iu-

2033 2114 2220 2171 quam,
2233 2113 2301 2153 ex
2320 2096 2573 2158 muliere,
2590 2103 2863 2149 terrarum
2879 2091 3070 2146 orbem
3087 2089 3461 2161 judicaturum
3477 2103 3619 2144 esse.

2032 2189 2294 2258 Quinimo
2320 2187 2375 2245 id
2401 2186 2554 2260 pium
2585 2201 2708 2243 esse
2740 2185 3061 2247 asserimus,
3094 2181 3141 2237 si
3172 2180 3305 2236 illud
3332 2181 3620 2236 intellexe-

2034 2281 2211 2341 rimus
2235 2279 2381 2350 quod
2409 2277 2662 2334 Christus
2685 2277 2824 2332 dixit
2850 2294 2862 2330 :
2897 2295 2914 2326 ι
2949 2275 3132 2339 Pater,
3163 2272 3360 2343 inquit,
3388 2287 3502 2326 non
3535 2272 3623 2342 ju—

2035 2372 2182 2430 dicat
2199 2385 2555 2443 quemquam,
2595 2369 2692 2426 sed
2716 2383 2880 2424 omne
2899 2367 3172 2439 judicium
3197 2365 3349 2421 dedit
3373 2365 3531 2429 Filio,
3562 2373 3624 2419 ut

2035 2475 2228 2518 omnes
2263 2457 2632 2515 honoriﬁcent
2664 2457 2892 2521 Filium,
2934 2456 3079 2512 sicut
3116 2455 3480 2514 honoriﬁcam
3524 2455 3623 2510 Pa-

2039 2556 2178 2606 trem
2202 2549 2242 2602 ³.
2277 2568 2294 2602 ι
2344 2545 2563 2602 Etenim
2611 2545 2757 2602 Deus
2791 2545 3033 2600 Verbum
3082 2545 3245 2599 homo
3289 2545 3462 2599 factus
3489 2545 3531 2606 ⁸,
3568 2554 3624 2598 et

2038 2643 2183 2697 inter
2229 2639 2483 2698 homines
2531 2647 2876 2701 numeratus,
2917 2637 3022 2692 hoc
3063 2645 3169 2701 est,
3218 2636 3292 2691 ita
3337 2636 3621 2690 nobiscum

2037 2732 2378 2804 appellatus,
2416 2728 2782 2786 nihilominus
2823 2727 2990 2797 judex
3035 2727 3146 2783 erit
3183 2735 3439 2796 tauquam
3477 2726 3624 2781 Deus

2037 2831 2095 2878 et
2117 2821 2402 2887 Dominus,
2418 2829 2475 2875 et
2500 2827 2760 2889 tanquam
2784 2832 2928 2873 unus
2951 2817 3144 2882 Filius,
3167 2817 3370 2888 quippe
3394 2832 3518 2871 cum
3544 2817 3624 2872 sic

2039 2928 2259 2986 quoque
2287 2913 2434 2968 Deus
2459 2918 2518 2968 et
2555 2911 2718 2967 Pater
2743 2909 2797 2963 in
2827 2908 2946 2979 ipso
2970 2908 3040 2964 sit
3065 2909 3105 2962 ⁸.
3146 2908 3324 2963 Habet
3364 2922 3620 2977 namque,

2041 3017 2104 3064 ut
2139 3005 2304 3066 modo
2344 3005 2580 3069 aiebam,
2606 3004 2824 3058 Patrem
2862 3001 2919 3056 in
2955 3016 3015 3057 se
3049 3010 3385 3064 manentem,
3420 3007 3475 3054 et
3509 3014 3624 3068 ipse

2038 3097 2283 3154 vicissim
2309 3095 2366 3152 in
2391 3095 2553 3154 Patre
2578 3094 2742 3150 inest.
2771 3091 3246 3160 Quemadmodum
3271 3101 3454 3147 autem
3481 3107 3625 3146 unus

2037 3200 2124 3248 est
2152 3191 2300 3248 Deus
2332 3196 2389 3246 et
2420 3188 2604 3254 Pater,
2629 3202 2698 3242 ex
2723 3201 2834 3258 quo
2866 3185 3080 3251 omnia;
3118 3184 3194 3240 ita
3230 3199 3449 3256 quoque
3483 3199 3624 3239 unus

2037 3275 2125 3342 est
2165 3283 2431 3341 Dominus
2471 3281 2633 3340 Iesus
2672 3280 2957 3345 Christus,
3009 3293 3110 3348 per
3152 3293 3317 3347 quem
3369 3276 3553 3332 omnia
3580 3279 3620 3330 ⁸.

2038 3377 2183 3446 Quin
2205 3384 2262 3433 et
2281 3373 2417 3432 illud
2443 3374 2611 3432 etiam
2637 3372 2784 3444 quod
2809 3382 2960 3428 recte
2986 3369 3133 3426 beati
3159 3369 3312 3425 Pauli
3337 3382 3470 3422 voce
3492 3381 3623 3436 pro—

2038 3469 2356 3530 nuntiatum
2388 3476 2496 3534 est,
2532 3467 2589 3522 in
2629 3464 2964 3522 deteriorem
3009 3475 3232 3517 sensum
3271 3459 3621 3526 detorquent.

2039 3561 2135 3618 Ille
2174 3561 2324 3617 enim
2367 3558 2524 3624 dicit,
2550 3567 2606 3614 et
2646 3555 2870 3626 quidem
2910 3561 3061 3608 recte
3104 3570 3117 3605 :
3167 3571 3184 3603 ι
3225 3551 3370 3606 Deus
3410 3558 3530 3603 erat
3568 3550 3623 3602 in

2039 3651 2283 3716 Christo,
2310 3649 2580 3706 mundum
2605 3647 2713 3704 sibi
2744 3643 3110 3702 reconcilians
3129 3645 3172 3698 ".
3198 3662 3216 3694 ι
3252 3642 3348 3697 lsti
3374 3656 3505 3696 vero
3530 3641 3623 3695 uni

2039 3741 2261 3798 Christo
2297 3749 2355 3798 et
2392 3737 2532 3796 Filio
2566 3751 2808 3794 crassam
2849 3733 3145 3806 quamdam
3186 3734 3489 3789 sectionem
3535 3733 3620 3788 iu-

2039 3833 2303 3897 ferentes,
2331 3831 2504 3888 Deum
2539 3826 2777 3886 Verbum
2813 3841 3044 3898 prorsus
3083 3825 3373 3892 divellunt,
3413 3834 3466 3883 et
3509 3835 3624 3880 tau-

2039 3939 2205 3996 quam
2239 3924 2294 3979 in
2331 3923 2441 3979 alio
2476 3919 2715 3993 quodam
2746 3917 2970 3975 Christo
3010 3917 3241 3973 seorsim
3277 3917 3625 3973 considerato

2041 4015 2222 4085 ipsum
2248 4029 2370 4072 esse
2392 4020 2669 4077 asserunt,
2697 4011 2771 4070 ita
2800 4018 2860 4065 ut
2878 4011 2990 4081 jam
3019 4009 3072 4063 in
3100 4009 3321 4064 homine
3345 4009 3624 4064 habitasse

2040 4106 2254 4171 verius,
2295 4120 2457 4176 quam
2505 4116 2728 4159 carnem
2769 4101 3067 4172 sumpsisse
3119 4101 3475 4172 intelligatur.
3516 4099 3622 4155 Sed

2041 4213 2140 4252 vos
2168 4195 2442 4268 alloquor,
2475 4195 2580 4250 viri
2619 4194 2916 4265 sapientes,
2946 4193 3064 4264 ipse
3104 4191 3414 4248 divinarum
3454 4190 3626 4246 Litte-

2041 4303 2227 4344 rarum
2251 4301 2451 4360 seopus
2475 4286 2593 4348 luec
2615 4285 2690 4340 ita
2713 4300 2771 4342 se
2796 4283 3003 4340 habere
3029 4298 3140 4342 non
3162 4283 3452 4356 permittit.
3477 4281 3625 4337 Cou-

361 4384 471 4432 τεςο
504 4371 688 4425 καίτοι
719 4371 838 4426 δέον
878 4375 1026 4445 ἡμᾶς
1058 4375 1484 4447 αἰχμαλοηίζειν
1516 4381 1625 4434 πᾶν
1650 4381 1831 4453 νόημα
1853 4383 1935 4446 εἰς

2038 4379 2272 4438 funditis
2305 4379 2454 4436 enim
2496 4377 2820 4442 lectionem,
2863 4375 3376 4446 sententiarumque
3407 4373 3518 4428 vim
3556 4373 3623 4427 ad

357 4459 456 4529 τὴν
483 4461 740 4536 ὑπακοὴν
754 4463 848 4522 τοῦ
871 4465 1132 4542 Χριστοῦ,
1163 4466 1308 4526 καθὰ
1334 4469 1662 4542 γέγραπται.
1687 4470 1798 4530 Ἦν
1831 4473 1938 4545 γὰρ

357 4551 387 4601 ι
408 4552 541 4616 Θεὸς
553 4556 614 4608 ὲν
647 4553 799 4628 αὐτῷ
812 4595 833 4628 ,
866 4556 957 4610 τὸν
970 4558 1175 4630 κόσμον
1201 4561 1591 4619 καταλλάσσων
1614 4567 1672 4620 ὲν
1690 4565 1938 4640 Χριστῷ.

360 4640 868 4717 Καταλλαττόμενοι
897 4647 1007 4722 γὰρ
1038 4652 1116 4722 τῷ
1144 4651 1500 4724 Χριστῷ,τὰς
1528 4655 1664 4728 πρὸς
1699 4656 1830 4714 Θεὸν
1851 4658 1943 4711 καὶ

364 4732 580 4810 Πατέρα
607 4738 914 4810 ποιούμεθα
944 4741 1312 4814 καταλλαγὰς,
1359 4747 1441 4801 ὅτι
1475 4747 1554 4819 μὴ
1589 4748 1775 4820 ἕτερος
1805 4750 1938 4820 παρ’

366 4822 528 4876 αὐτὸν
555 4827 697 4884 κατὰ
734 4845 800 4897 τι
830 4829 894 4887 τὸ
930 4831 991 4888 ἐν
1014 4833 1176 4906 οὐσίᾳ
1200 4835 1421 4902 ταυτὸν,
1447 4837 1476 4889 ὁ
1500 4837 1560 4906 ἐξ
1605 4838 1774 4894 αὐτοῦ
1807 4839 1940 4904 Θεὸς

366 4914 560 4983 Λόγος,
578 4919 931 4993 ἀδικούμενος
954 4923 1128 4991 οὐδὲν,
1164 4925 1245 4992 εἰς
1268 4944 1332 4996 γε
1352 4926 1415 4982 τδ
1432 4926 1574 4984 εἶναι
1600 4929 1743 4983 κατὰ
1775 4929 1939 5002 φύσιν

368 5003 516 5070 Υἱὸς,
533 5010 622 5062 καὶ
637 5012 688 5064 et
707 5011 933 5081 γέγονεν
948 5013 1254 5088 ἄνθρωπος’
1271 5013 1340 5089 ἦν
1367 5017 1476 5090 γὰρ
1504 5017 1663 5074 τοῦτο
1687 5022 1782 5075 καὶ
1802 5021 1942 5094 μετὰ

371 5100 711 5168 οαρκός.’οτι
728 5102 788 5157 δὲ
801 5103 903 5176 τὴν
925 5105 1273 5179 καταλλαγὴν
1288 5110 1498 5184 ὲσχήκα
1505 5128 1604 5182 μεν
1626 5113 1682 5166 ὲν
1697 5112 1939 5184 Χριστῷ,

368 5190 464 5240 καὶ
493 5192 651 5257 αὐτός
674 5194 825 5252 ἐστιν
849 5197 884 5266 ἠ
913 5197 1104 5270 εἰρήνη
1131 5199 1312 5272 ἡμῶν,
1345 5201 1429 5266 τις
1455 5203 1484 5257 ό
1515 5203 1593 5275 μὴ
1629 5203 1795 5274 φάναι
1822 5203 1943 5259 τολ-

437 5343 480 5373 ’τ
507 5343 798 5423 Joan._x_rv,
823 5347 901 5423 θη
952 5349 999 5382 ⁸⁸
1021 5350 1176 5407 Joan.
1210 5368 1264 5418 ι,
1292 5352 1381 5408 30.
1457 5357 1502 5390 ”
1534 5355 1692 5412 Joan.
1733 5374 1842 5423 xxv,
1876 5359 1960 5412 10.

2038 4487 2104 4528 ea
2136 4470 2498 4540 distorquetis
2537 4483 2660 4538 quae
2689 4483 2799 4524 non
2823 4465 3012 4533 decet;
3047 4473 3380 4522 cumtamen
3404 4480 3624 4522 omnem

2039 4561 2381 4618 intellectum
2439 4559 2494 4614 in
2556 4557 2884 4627 obsequium
2933 4556 3140 4612 Christi
3191 4571 3292 4611 nos
3343 4555 3624 4624 captivare

2036 4660 2321 4726 oporteat,
2356 4651 2518 4710 sicuti
2554 4649 2820 4720 scriptum
2859 4657 2944 4704 est
2968 4649 3009 4701 ⁸.
3044 4647 3172 4703 Erat
3204 4647 3352 4702 enim
3382 4647 3529 4700 Deus
3570 4647 3623 4698 in

2038 4744 2181 4816 ipso,
2211 4743 2478 4802 mundum
2509 4741 2614 4798 sibi
2646 4742 2701 4799 in
2729 4739 2954 4798 Christo
2990 4739 3373 4796 reconcilians.
3402 4737 3625 4792 Christo

2040 4850 2278 4908 namque
2317 4832 2677 4898 reconciliali,
2702 4832 2816 4889 Deo
2845 4847 3066 4902 quoque
3105 4839 3162 4886 et
3191 4829 3339 4885 Patri
3371 4827 3621 4883 reconci-

2039 4932 2238 4988 liamur
2269 4947 2282 4984 :
2319 4929 2480 5004 170
2512 4926 2958 5000 quandoquidem
3000 4927 3146 4981 Deus
3179 4922 3443 4987 Verbum,
3475 4921 3622 4991 quod

2039 5039 2108 5079 ex
2138 5023 2297 5078 Patre
2330 5029 2516 5078 ortum
2552 5027 2657 5085 est,
2689 5026 2955 5089 quantum
2981 5016 3050 5072 ad
3084 5014 3339 5072 essentiae
3368 5012 3626 5068 identita-

2043 5125 2154 5172 tem
2180 5123 2408 5186 spectat,
2441 5128 2553 5168 non
2586 5122 2671 5167 est
2700 5109 2769 5164 ab
2800 5125 2866 5165 eo
2889 5111 3191 5175 diversum,
3224 5123 3372 5173 cum,
3408 5105 3624 5162 etiamsi

2040 5206 2247 5262 factum
2293 5204 2364 5261 sit
2408 5205 2595 5268 homo,
2635 5196 2787 5255 nulla
2833 5205 3014 5253 tamen
3061 5213 3128 5252 ex
3174 5206 3329 5268 parte
3372 5194 3624 5255 lredatur,

2039 5359 2055 5390 ¹
2087 5359 2243 5415 Joan.
2281 5375 2389 5423 xw,
2418 5349 2506 5412 3‘2.
2585 5359 2606 5389 '
2631 5357 2752 5412 Act.
2777 5371 2906 5416 xm,
2933 5355 3022 5408 51.
3105 5353 3301 5408 ‘Joan.
3334 5369 3385 5416 ν,
3417 5353 3506 5418 22,
3529 5349 3619 5404 25.

387 5404 564 5470 ‘loau.
595 5432 634 5486 ι,
667 5418 751 5473 N.
785 5404 798 5413 ’
828 5420 848 5449 ⁸
872 5404 1039 5476 ,Ιοσηξ
1061 5404 1174 5489 ἦν,
1205 5404 1297 5498 id;
1336 5404 1935 5493 ῑροτ.’ξῆἱζθζ“”σί”

2036 5446 2064 5484 -.
2087 5404 2314 5495 ante.“
2329 5404 2340 5414 ’
2353 5404 2404 5460 ”⁷
2419 5404 2835 5493 ἶῖροτξῐίὗζ
2923 5404 3021 5479 ῆι
3037 5404 3166 5480 Cor:
3183 5404 3339 5488 ἷζε.

1460 5583 1635 5640 Varia:
1660 5586 1922 5645 lectiones
1949 5589 2153 5645 codicis
2181 5588 2538 5659 Seguicriaui.

447 5724 473 5769 δ
507 5727 603 5792 ὡς.
681 5741 703 5770 ε
756 5729 942 5784 πίστιν
990 5733 1304 5803 παρασχὼν,
1345 5737 1464 5795 οὐκ.
