  <div class='ocr_page' id='page_1' title='image "/cluster/home/n/w/nwhite01/storage/ocr_20150623/77/hvd.32044052822863/143.png"; bbox 0 0 4044 6212; ppageno 0'>
   <div class='ocr_carea' id='block_1_1' title="bbox 462 382 571 441">
    <p class='ocr_par' dir='ltr' id='par_1_1' title="bbox 462 382 571 441">
     <span class='ocr_line' id='line_1_1' title="bbox 462 382 571 441; baseline 0.037 -4"><span class='ocrx_word' id='word_1_1' title='bbox 462 382 571 441; x_wconf 67' lang='grc' dir='ltr'><strong>Ξ75</strong></span> 
     </span>
    </p>
   </div>
   <div class='ocr_carea' id='block_1_2' title="bbox 1466 380 2718 443">
    <p class='ocr_par' dir='ltr' id='par_1_2' title="bbox 1466 380 2718 443">
     <span class='ocr_line' id='line_1_2' title="bbox 1466 380 2718 443; baseline 0.001 -6"><span class='ocrx_word' id='word_1_2' title='bbox 1466 380 1524 437; x_wconf 90' lang='lat' dir='ltr'><strong>S.</strong></span> <span class='ocrx_word' id='word_1_3' title='bbox 1564 382 1842 438; x_wconf 78' lang='lat' dir='ltr'><strong>CYRILLI</strong></span> <span class='ocrx_word' id='word_1_4' title='bbox 1884 382 2357 443; x_wconf 68' lang='lat' dir='ltr'><strong>ALEXANDBINI</strong></span> <span class='ocrx_word' id='word_1_5' title='bbox 2399 381 2718 440; x_wconf 79' lang='lat' dir='ltr'><strong>ARCHIEP.</strong></span> 
     </span>
    </p>
   </div>
   <div class='ocr_carea' id='block_1_3' title="bbox 3647 381 3760 440">
    <p class='ocr_par' dir='ltr' id='par_1_3' title="bbox 3647 381 3760 440">
     <span class='ocr_line' id='line_1_3' title="bbox 3647 381 3760 440; baseline 0.018 -2"><span class='ocrx_word' id='word_1_6' title='bbox 3647 381 3760 440; x_wconf 71' lang='grc' dir='ltr'><strong>9.Ὶὸ</strong></span> 
     </span>
    </p>
   </div>
   <div class='ocr_carea' id='block_1_4' title="bbox 463 496 2052 585">
    <p class='ocr_par' dir='ltr' id='par_1_4' title="bbox 463 496 2052 585">
     <span class='ocr_line' id='line_1_4' title="bbox 463 496 2052 585; baseline -0.001 -30"><span class='ocrx_word' id='word_1_7' title='bbox 463 500 765 570; x_wconf 86' lang='lat' dir='ltr'><strong>quominus</strong></span> <span class='ocrx_word' id='word_1_8' title='bbox 808 502 881 585; x_wconf 69' lang='lat' dir='ltr'><strong>sit</strong></span> <span class='ocrx_word' id='word_1_9' title='bbox 915 497 1222 555; x_wconf 87' lang='lat' dir='ltr'><strong>secundum</strong></span> <span class='ocrx_word' id='word_1_10' title='bbox 1259 505 1516 551; x_wconf 84' lang='lat' dir='ltr'><strong>naturam</strong></span> <span class='ocrx_word' id='word_1_11' title='bbox 1559 496 1734 555; x_wconf 85' lang='lat' dir='ltr'><strong>Filius</strong></span> <span class='ocrx_word' id='word_1_12' title='bbox 1778 516 1791 553; x_wconf 93' lang='lat'><strong>:</strong></span> <span class='ocrx_word' id='word_1_13' title='bbox 1832 498 1888 554; x_wconf 88' lang='lat' dir='ltr'><strong>id</strong></span> <span class='ocrx_word' id='word_1_14' title='bbox 1920 501 2052 557; x_wconf 85' lang='lat' dir='ltr'><strong>enin</strong></span> 
     </span>
    </p>
   </div>
   <div class='ocr_carea' id='block_1_5' title="bbox 2158 496 3755 585">
    <p class='ocr_par' dir='ltr' id='par_1_5' title="bbox 2178 496 3755 571">
     <span class='ocr_line' id='line_1_5' title="bbox 2178 496 3755 571; baseline -0.003 -17"><span class='ocrx_word' id='word_1_15' title='bbox 2178 500 2317 571; x_wconf 86' lang='grc' dir='ltr'><strong>μῶν;</strong></span> <span class='ocrx_word' id='word_1_16' title='bbox 2335 499 2509 565; x_wconf 80' lang='grc' dir='ltr'>Αὐτός</span> <span class='ocrx_word' id='word_1_17' title='bbox 2524 499 2633 570; x_wconf 86' lang='grc' dir='ltr'><strong>γάρ</strong></span> <span class='ocrx_word' id='word_1_18' title='bbox 2652 500 2801 553; x_wconf 75' lang='grc' dir='ltr'>ἔστιν</span> <span class='ocrx_word' id='word_1_19' title='bbox 2825 499 2855 568; x_wconf 76' lang='grc' dir='ltr'>ἡ</span> <span class='ocrx_word' id='word_1_20' title='bbox 2877 499 3038 571; x_wconf 84' lang='grc' dir='ltr'>θύρα,</span> <span class='ocrx_word' id='word_1_21' title='bbox 3058 498 3356 570; x_wconf 66' lang='grc' dir='ltr'>καὶήόδδς,</span> <span class='ocrx_word' id='word_1_22' title='bbox 3390 498 3485 553; x_wconf 65' lang='grc' dir='ltr'>καὶ</span> <span class='ocrx_word' id='word_1_23' title='bbox 3513 498 3572 553; x_wconf 75' lang='grc' dir='ltr'>ὲν</span> <span class='ocrx_word' id='word_1_24' title='bbox 3601 496 3755 569; x_wconf 82' lang='grc' dir='ltr'>αὑτῷ</span> 
     </span>
    </p>
   </div>
   <div class='ocr_carea' id='block_1_6' title="bbox 462 587 2054 661">
    <p class='ocr_par' dir='ltr' id='par_1_6' title="bbox 462 587 2054 661">
     <span class='ocr_line' id='line_1_6' title="bbox 462 587 2054 661; baseline 0.001 -14"><span class='ocrx_word' id='word_1_25' title='bbox 462 592 630 647; x_wconf 89' lang='lat' dir='ltr'><strong>etiam</strong></span> <span class='ocrx_word' id='word_1_26' title='bbox 660 606 826 646; x_wconf 88' lang='lat' dir='ltr'><strong>carne</strong></span> <span class='ocrx_word' id='word_1_27' title='bbox 856 599 1137 661; x_wconf 87' lang='lat' dir='ltr'><strong>assumpta</strong></span> <span class='ocrx_word' id='word_1_28' title='bbox 1175 588 1501 659; x_wconf 81' lang='lat' dir='ltr'><strong>permansit.</strong></span> <span class='ocrx_word' id='word_1_29' title='bbox 1542 587 1700 656; x_wconf 86' lang='lat' dir='ltr'><strong>Quod</strong></span> <span class='ocrx_word' id='word_1_30' title='bbox 1738 600 1924 647; x_wconf 89' lang='lat' dir='ltr'><strong>autem</strong></span> <span class='ocrx_word' id='word_1_31' title='bbox 1963 606 2054 648; x_wconf 88' lang='lat' dir='ltr'><strong>re-</strong></span> 
     </span>
    </p>
   </div>
   <div class='ocr_carea' id='block_1_7' title="bbox 2162 589 3753 663">
    <p class='ocr_par' dir='ltr' id='par_1_7' title="bbox 2162 589 3753 663">
     <span class='ocr_line' id='line_1_7' title="bbox 2162 589 3753 663; baseline 0.001 -18"><span class='ocrx_word' id='word_1_32' title='bbox 2162 590 2455 663; x_wconf 81' lang='grc' dir='ltr'>κατῴκηκε</span> <span class='ocrx_word' id='word_1_33' title='bbox 2474 592 2581 645; x_wconf 79' lang='grc' dir='ltr'><strong>πᾶν</strong></span> <span class='ocrx_word' id='word_1_34' title='bbox 2603 591 2665 645; x_wconf 82' lang='grc' dir='ltr'>τὸ</span> <span class='ocrx_word' id='word_1_35' title='bbox 2682 592 2959 662; x_wconf 77' lang='grc' dir='ltr'>πλήρωμα</span> <span class='ocrx_word' id='word_1_36' title='bbox 2980 590 3081 659; x_wconf 84' lang='grc' dir='ltr'>τῆς</span> <span class='ocrx_word' id='word_1_37' title='bbox 3110 589 3369 662; x_wconf 79' lang='grc' dir='ltr'><strong>θεότητος</strong></span> <span class='ocrx_word' id='word_1_38' title='bbox 3400 590 3753 661; x_wconf 76' lang='grc' dir='ltr'><strong>σωματικῶς.</strong></span> 
     </span>
    </p>
   </div>
   <div class='ocr_carea' id='block_1_8' title="bbox 464 681 3753 757">
    <p class='ocr_par' dir='ltr' id='par_1_8' title="bbox 464 681 3753 757">
     <span class='ocr_line' id='line_1_8' title="bbox 464 681 3753 757; baseline 0.001 -20"><span class='ocrx_word' id='word_1_39' title='bbox 464 683 910 739; x_wconf 77' lang='lat' dir='ltr'><strong>conciliationem</strong></span> <span class='ocrx_word' id='word_1_40' title='bbox 936 683 993 738; x_wconf 90' lang='lat' dir='ltr'><strong>in</strong></span> <span class='ocrx_word' id='word_1_41' title='bbox 1014 681 1238 739; x_wconf 82' lang='lat' dir='ltr'><strong>Christo</strong></span> <span class='ocrx_word' id='word_1_42' title='bbox 1260 682 1643 748; x_wconf 81' lang='lat' dir='ltr'><strong>habuerimus,</strong></span> <span class='ocrx_word' id='word_1_43' title='bbox 1667 685 1928 757; x_wconf 85' lang='lat' dir='ltr'><strong>quodque</strong></span> <span class='ocrx_word' id='word_1_44' title='bbox 1967 687 2085 757; x_wconf 90' lang='lat' dir='ltr'><strong>ipse</strong></span> <span class='ocrx_word' id='word_1_45' title='bbox 2122 686 2195 741; x_wconf 87' lang='lat' dir='ltr'><strong>sit</strong></span> <span class='ocrx_word' id='word_1_46' title='bbox 2216 701 2322 756; x_wconf 78' lang='lat' dir='ltr'><strong>pax</strong></span> <span class='ocrx_word' id='word_1_47' title='bbox 2347 694 2537 741; x_wconf 82' lang='lat' dir='ltr'><strong>nostra</strong></span> <span class='ocrx_word' id='word_1_48' title='bbox 2566 689 2608 753; x_wconf 86' lang='lat'><strong>’,</strong></span> <span class='ocrx_word' id='word_1_49' title='bbox 2634 686 2761 757; x_wconf 87' lang='lat' dir='ltr'><strong>quis</strong></span> <span class='ocrx_word' id='word_1_50' title='bbox 2796 684 2997 740; x_wconf 86' lang='lat' dir='ltr'><strong>audeat</strong></span> <span class='ocrx_word' id='word_1_51' title='bbox 3058 686 3295 757; x_wconf 76' lang='lat' dir='ltr'><strong>negare?</strong></span> <span class='ocrx_word' id='word_1_52' title='bbox 3327 685 3448 756; x_wconf 85' lang='lat' dir='ltr'><strong>Ipse</strong></span> <span class='ocrx_word' id='word_1_53' title='bbox 3483 694 3569 740; x_wconf 83' lang='lat' dir='ltr'><strong>est</strong></span> <span class='ocrx_word' id='word_1_54' title='bbox 3601 686 3753 740; x_wconf 90' lang='lat' dir='ltr'><strong>enim</strong></span> 
     </span>
    </p>
   </div>
   <div class='ocr_carea' id='block_1_9' title="bbox 462 774 3153 849">
    <p class='ocr_par' dir='ltr' id='par_1_9' title="bbox 462 774 3153 849">
     <span class='ocr_line' id='line_1_9' title="bbox 462 774 3153 849; baseline 0.001 -21"><span class='ocrx_word' id='word_1_55' title='bbox 462 774 668 830; x_wconf 88' lang='lat' dir='ltr'><strong>ostium</strong></span> <span class='ocrx_word' id='word_1_56' title='bbox 696 775 761 842; x_wconf 69' lang='grc' dir='ltr'><strong>ν’,</strong></span> <span class='ocrx_word' id='word_1_57' title='bbox 796 783 853 831; x_wconf 91' lang='lat' dir='ltr'><strong>et</strong></span> <span class='ocrx_word' id='word_1_58' title='bbox 899 774 989 829; x_wconf 86' lang='lat' dir='ltr'><strong>via</strong></span> <span class='ocrx_word' id='word_1_59' title='bbox 1021 774 1063 805; x_wconf 80' lang='grc'>¹¹</span> <span class='ocrx_word' id='word_1_60' title='bbox 1098 791 1111 828; x_wconf 90' lang='lat'>:</span> <span class='ocrx_word' id='word_1_61' title='bbox 1150 782 1207 829; x_wconf 87' lang='lat' dir='ltr'><strong>et</strong></span> <span class='ocrx_word' id='word_1_62' title='bbox 1248 774 1307 829; x_wconf 90' lang='lat' dir='ltr'><strong>in</strong></span> <span class='ocrx_word' id='word_1_63' title='bbox 1351 774 1471 843; x_wconf 78' lang='lat' dir='ltr'><strong>ipso</strong></span> <span class='ocrx_word' id='word_1_64' title='bbox 1512 775 1694 843; x_wconf 85' lang='lat' dir='ltr'><strong>omnis</strong></span> <span class='ocrx_word' id='word_1_65' title='bbox 1735 776 2045 834; x_wconf 86' lang='lat' dir='ltr'><strong>divinitatis</strong></span> <span class='ocrx_word' id='word_1_66' title='bbox 2081 776 2368 849; x_wconf 82' lang='lat' dir='ltr'><strong>plenitudo</strong></span> <span class='ocrx_word' id='word_1_67' title='bbox 2402 776 2671 832; x_wconf 77' lang='lat' dir='ltr'><strong>habitavit</strong></span> <span class='ocrx_word' id='word_1_68' title='bbox 2706 775 3067 847; x_wconf 82' lang='lat' dir='ltr'><strong>corporaliter</strong></span> <span class='ocrx_word' id='word_1_69' title='bbox 3091 777 3153 831; x_wconf 86' lang='grc'><strong>¹¹.</strong></span> 
     </span>
    </p>
   </div>
   <div class='ocr_carea' id='block_1_10' title="bbox 537 867 2052 939">
    <p class='ocr_par' dir='ltr' id='par_1_10' title="bbox 537 867 2052 939">
     <span class='ocr_line' id='line_1_10' title="bbox 537 867 2052 939; baseline 0.002 -15"><span class='ocrx_word' id='word_1_70' title='bbox 537 868 643 924; x_wconf 90' lang='lat' dir='ltr'><strong>Sed</strong></span> <span class='ocrx_word' id='word_1_71' title='bbox 671 883 891 923; x_wconf 91' lang='lat' dir='ltr'><strong>rursum</strong></span> <span class='ocrx_word' id='word_1_72' title='bbox 915 868 1006 923; x_wconf 88' lang='lat' dir='ltr'><strong>ille</strong></span> <span class='ocrx_word' id='word_1_73' title='bbox 1031 882 1160 923; x_wconf 88' lang='lat' dir='ltr'><strong>acer</strong></span> <span class='ocrx_word' id='word_1_74' title='bbox 1184 867 1252 922; x_wconf 90' lang='lat' dir='ltr'><strong>ad</strong></span> <span class='ocrx_word' id='word_1_75' title='bbox 1279 868 1790 939; x_wconf 85' lang='lat' dir='ltr'><strong>contemplandum,</strong></span> <span class='ocrx_word' id='word_1_76' title='bbox 1835 880 1893 926; x_wconf 90' lang='lat' dir='ltr'><strong>et</strong></span> <span class='ocrx_word' id='word_1_77' title='bbox 1950 887 2052 927; x_wconf 88' lang='lat' dir='ltr'><strong>ve-</strong></span> 
     </span>
    </p>
   </div>
   <div class='ocr_carea' id='block_1_11' title="bbox 466 960 2051 1032">
    <p class='ocr_par' dir='ltr' id='par_1_11' title="bbox 466 960 2051 1032">
     <span class='ocr_line' id='line_1_11' title="bbox 466 960 2051 1032; baseline 0.001 -17"><span class='ocrx_word' id='word_1_78' title='bbox 466 963 697 1017; x_wconf 87' lang='lat' dir='ltr'><strong>hemens</strong></span> <span class='ocrx_word' id='word_1_79' title='bbox 718 961 786 1015; x_wconf 90' lang='lat' dir='ltr'><strong>ad</strong></span> <span class='ocrx_word' id='word_1_80' title='bbox 812 960 1283 1023; x_wconf 89' lang='lat' dir='ltr'><strong>calumniandum,</strong></span> <span class='ocrx_word' id='word_1_81' title='bbox 1312 975 1478 1015; x_wconf 87' lang='lat' dir='ltr'><strong>aures</strong></span> <span class='ocrx_word' id='word_1_82' title='bbox 1499 960 1717 1032; x_wconf 89' lang='lat' dir='ltr'><strong>arrigit,</strong></span> <span class='ocrx_word' id='word_1_83' title='bbox 1750 977 1817 1017; x_wconf 90' lang='lat' dir='ltr'><strong>ac</strong></span> <span class='ocrx_word' id='word_1_84' title='bbox 1860 962 1997 1019; x_wconf 90' lang='lat' dir='ltr'><strong>dicit</strong></span> <span class='ocrx_word' id='word_1_85' title='bbox 2038 983 2051 1017; x_wconf 87' lang='lat'><strong>:</strong></span> 
     </span>
    </p>
   </div>
   <div class='ocr_carea' id='block_1_12' title="bbox 466 1051 2057 1123">
    <p class='ocr_par' dir='ltr' id='par_1_12' title="bbox 466 1051 2057 1123">
     <span class='ocr_line' id='line_1_12' title="bbox 466 1051 2057 1123; baseline 0.001 -14"><span class='ocrx_word' id='word_1_86' title='bbox 466 1054 524 1109; x_wconf 92' lang='lat' dir='ltr'><strong>Si</strong></span> <span class='ocrx_word' id='word_1_87' title='bbox 558 1054 702 1108; x_wconf 92' lang='lat' dir='ltr'><strong>alius</strong></span> <span class='ocrx_word' id='word_1_88' title='bbox 726 1061 810 1109; x_wconf 91' lang='lat' dir='ltr'><strong>est</strong></span> <span class='ocrx_word' id='word_1_89' title='bbox 840 1052 935 1123; x_wconf 90' lang='lat' dir='ltr'><strong>qui</strong></span> <span class='ocrx_word' id='word_1_90' title='bbox 967 1052 1263 1117; x_wconf 86' lang='lat' dir='ltr'><strong>inhabitat,</strong></span> <span class='ocrx_word' id='word_1_91' title='bbox 1299 1059 1357 1106; x_wconf 85' lang='lat' dir='ltr'><strong>et</strong></span> <span class='ocrx_word' id='word_1_92' title='bbox 1387 1051 1532 1108; x_wconf 84' lang='lat' dir='ltr'><strong>alius</strong></span> <span class='ocrx_word' id='word_1_93' title='bbox 1574 1052 1829 1109; x_wconf 87' lang='lat' dir='ltr'><strong>similiter</strong></span> <span class='ocrx_word' id='word_1_94' title='bbox 1859 1054 1951 1110; x_wconf 88' lang='lat' dir='ltr'><strong>ille</strong></span> <span class='ocrx_word' id='word_1_95' title='bbox 2001 1056 2057 1109; x_wconf 92' lang='lat' dir='ltr'><strong>in</strong></span> 
     </span>
    </p>
   </div>
   <div class='ocr_carea' id='block_1_13' title="bbox 464 1143 2058 1217">
    <p class='ocr_par' dir='ltr' id='par_1_13' title="bbox 464 1143 2058 1217">
     <span class='ocr_line' id='line_1_13' title="bbox 464 1143 2058 1217; baseline 0.001 -17"><span class='ocrx_word' id='word_1_96' title='bbox 464 1162 575 1217; x_wconf 92' lang='lat' dir='ltr'><strong>quo</strong></span> <span class='ocrx_word' id='word_1_97' title='bbox 604 1145 918 1200; x_wconf 87' lang='lat' dir='ltr'><strong>inhabitare</strong></span> <span class='ocrx_word' id='word_1_98' title='bbox 950 1143 1312 1215; x_wconf 90' lang='lat' dir='ltr'><strong>perhibetur;</strong></span> <span class='ocrx_word' id='word_1_99' title='bbox 1344 1159 1453 1214; x_wconf 91' lang='lat' dir='ltr'><strong>qua</strong></span> <span class='ocrx_word' id='word_1_100' title='bbox 1487 1143 1655 1215; x_wconf 81' lang='lat' dir='ltr'><strong>igitur</strong></span> <span class='ocrx_word' id='word_1_101' title='bbox 1696 1146 1909 1201; x_wconf 88' lang='lat' dir='ltr'><strong>ratione</strong></span> <span class='ocrx_word' id='word_1_102' title='bbox 1938 1146 2058 1203; x_wconf 78' lang='lat' dir='ltr'><strong>ﬁeri</strong></span> 
     </span>
    </p>
   </div>
   <div class='ocr_carea' id='block_1_14' title="bbox 465 1234 2057 1309">
    <p class='ocr_par' dir='ltr' id='par_1_14' title="bbox 465 1234 2057 1309">
     <span class='ocr_line' id='line_1_14' title="bbox 465 1234 2057 1309; baseline -0.001 -16"><span class='ocrx_word' id='word_1_103' title='bbox 465 1245 649 1308; x_wconf 86' lang='lat' dir='ltr'><strong>potest</strong></span> <span class='ocrx_word' id='word_1_104' title='bbox 680 1248 741 1293; x_wconf 90' lang='lat' dir='ltr'><strong>ut</strong></span> <span class='ocrx_word' id='word_1_105' title='bbox 780 1237 1103 1309; x_wconf 79' lang='lat' dir='ltr'><strong>hypostases</strong></span> <span class='ocrx_word' id='word_1_106' title='bbox 1144 1251 1256 1290; x_wconf 90' lang='lat' dir='ltr'><strong>non</strong></span> <span class='ocrx_word' id='word_1_107' title='bbox 1300 1234 1635 1303; x_wconf 86' lang='lat' dir='ltr'><strong>dividamus,</strong></span> <span class='ocrx_word' id='word_1_108' title='bbox 1691 1252 2057 1307; x_wconf 87' lang='lat' dir='ltr'><strong>seorsumque</strong></span> 
     </span>
    </p>
   </div>
   <div class='ocr_carea' id='block_1_15' title="bbox 466 1327 2056 1402">
    <p class='ocr_par' dir='ltr' id='par_1_15' title="bbox 466 1327 2056 1402">
     <span class='ocr_line' id='line_1_15' title="bbox 466 1327 2056 1402; baseline 0.001 -17"><span class='ocrx_word' id='word_1_109' title='bbox 466 1340 523 1386; x_wconf 88' lang='lat' dir='ltr'><strong>et</strong></span> <span class='ocrx_word' id='word_1_110' title='bbox 545 1347 645 1402; x_wconf 92' lang='lat' dir='ltr'><strong>per</strong></span> <span class='ocrx_word' id='word_1_111' title='bbox 673 1347 731 1387; x_wconf 90' lang='lat' dir='ltr'><strong>se</strong></span> <span class='ocrx_word' id='word_1_112' title='bbox 748 1339 1041 1400; x_wconf 89' lang='lat' dir='ltr'><strong>utramque</strong></span> <span class='ocrx_word' id='word_1_113' title='bbox 1068 1327 1371 1384; x_wconf 86' lang='lat' dir='ltr'><strong>subsistere</strong></span> <span class='ocrx_word' id='word_1_114' title='bbox 1398 1342 1511 1383; x_wconf 90' lang='lat' dir='ltr'><strong>non</strong></span> <span class='ocrx_word' id='word_1_115' title='bbox 1540 1329 1824 1385; x_wconf 80' lang='lat' dir='ltr'><strong>dicamus?</strong></span> <span class='ocrx_word' id='word_1_116' title='bbox 1848 1329 2056 1386; x_wconf 89' lang='lat' dir='ltr'><strong>Deinde</strong></span> 
     </span>
    </p>
   </div>
   <div class='ocr_carea' id='block_1_16' title="bbox 468 1421 2057 1495">
    <p class='ocr_par' dir='ltr' id='par_1_16' title="bbox 468 1421 2057 1495">
     <span class='ocr_line' id='line_1_16' title="bbox 468 1421 2057 1495; baseline -0.001 -17"><span class='ocrx_word' id='word_1_117' title='bbox 468 1424 563 1479; x_wconf 87' lang='lat' dir='ltr'><strong>ubi</strong></span> <span class='ocrx_word' id='word_1_118' title='bbox 597 1426 709 1495; x_wconf 87' lang='lat' dir='ltr'><strong>jam</strong></span> <span class='ocrx_word' id='word_1_119' title='bbox 753 1423 997 1488; x_wconf 88' lang='lat' dir='ltr'><strong>tandem,</strong></span> <span class='ocrx_word' id='word_1_120' title='bbox 1035 1422 1124 1479; x_wconf 90' lang='lat' dir='ltr'><strong>die</strong></span> <span class='ocrx_word' id='word_1_121' title='bbox 1146 1421 1304 1489; x_wconf 87' lang='lat' dir='ltr'><strong>mihi,</strong></span> <span class='ocrx_word' id='word_1_122' title='bbox 1354 1437 1465 1477; x_wconf 92' lang='lat' dir='ltr'><strong>una</strong></span> <span class='ocrx_word' id='word_1_123' title='bbox 1493 1436 1734 1493; x_wconf 86' lang='lat' dir='ltr'><strong>persona</strong></span> <span class='ocrx_word' id='word_1_124' title='bbox 1756 1422 2057 1478; x_wconf 75' lang='lat' dir='ltr'><strong>erit?Nam</strong></span> 
     </span>
    </p>
   </div>
   <div class='ocr_carea' id='block_1_17' title="bbox 470 1514 2055 1587">
    <p class='ocr_par' dir='ltr' id='par_1_17' title="bbox 470 1514 2055 1587">
     <span class='ocr_line' id='line_1_17' title="bbox 470 1514 2055 1587; baseline 0.001 -19"><span class='ocrx_word' id='word_1_125' title='bbox 470 1531 635 1569; x_wconf 88' lang='lat' dir='ltr'><strong>unam</strong></span> <span class='ocrx_word' id='word_1_126' title='bbox 663 1516 930 1569; x_wconf 77' lang='lat' dir='ltr'><strong>duntaxat</strong></span> <span class='ocrx_word' id='word_1_127' title='bbox 953 1532 1245 1586; x_wconf 79' lang='lat' dir='ltr'><strong>personam</strong></span> <span class='ocrx_word' id='word_1_128' title='bbox 1279 1533 1338 1573; x_wconf 91' lang='lat' dir='ltr'><strong>se</strong></span> <span class='ocrx_word' id='word_1_129' title='bbox 1364 1526 1611 1573; x_wconf 89' lang='lat' dir='ltr'><strong>statuere</strong></span> <span class='ocrx_word' id='word_1_130' title='bbox 1667 1516 1917 1587; x_wconf 83' lang='lat' dir='ltr'><strong>tingunt;</strong></span> <span class='ocrx_word' id='word_1_131' title='bbox 1958 1514 2055 1569; x_wconf 90' lang='lat' dir='ltr'><strong>sed</strong></span> 
     </span>
    </p>
   </div>
   <div class='ocr_carea' id='block_1_18' title="bbox 468 1606 2054 1680">
    <p class='ocr_par' dir='ltr' id='par_1_18' title="bbox 468 1606 2054 1680">
     <span class='ocr_line' id='line_1_18' title="bbox 468 1606 2054 1680; baseline 0.001 -22"><span class='ocrx_word' id='word_1_132' title='bbox 468 1606 684 1662; x_wconf 77' lang='lat' dir='ltr'><strong>duabus</strong></span> <span class='ocrx_word' id='word_1_133' title='bbox 709 1607 1096 1678; x_wconf 79' lang='lat' dir='ltr'><strong>hypostasibus</strong></span> <span class='ocrx_word' id='word_1_134' title='bbox 1121 1625 1221 1680; x_wconf 91' lang='lat' dir='ltr'><strong>per</strong></span> <span class='ocrx_word' id='word_1_135' title='bbox 1248 1625 1307 1664; x_wconf 91' lang='lat' dir='ltr'><strong>se</strong></span> <span class='ocrx_word' id='word_1_136' title='bbox 1328 1618 1385 1664; x_wconf 90' lang='lat' dir='ltr'><strong>et</strong></span> <span class='ocrx_word' id='word_1_137' title='bbox 1405 1622 1657 1665; x_wconf 87' lang='lat' dir='ltr'><strong>seorsum</strong></span> <span class='ocrx_word' id='word_1_138' title='bbox 1690 1608 1906 1679; x_wconf 87' lang='lat' dir='ltr'><strong>positis,</strong></span> <span class='ocrx_word' id='word_1_139' title='bbox 1933 1622 2054 1661; x_wconf 87' lang='lat' dir='ltr'><strong>om-</strong></span> 
     </span>
    </p>
   </div>
   <div class='ocr_carea' id='block_1_19' title="bbox 468 1699 2054 1773">
    <p class='ocr_par' dir='ltr' id='par_1_19' title="bbox 468 1699 2054 1773">
     <span class='ocr_line' id='line_1_19' title="bbox 468 1699 2054 1773; baseline 0.001 -20"><span class='ocrx_word' id='word_1_140' title='bbox 468 1700 601 1755; x_wconf 84' lang='lat' dir='ltr'><strong>nino</strong></span> <span class='ocrx_word' id='word_1_141' title='bbox 628 1701 750 1755; x_wconf 79' lang='lat' dir='ltr'><strong>duae</strong></span> <span class='ocrx_word' id='word_1_142' title='bbox 771 1716 990 1771; x_wconf 92' lang='lat' dir='ltr'><strong>quoque</strong></span> <span class='ocrx_word' id='word_1_143' title='bbox 1017 1717 1265 1773; x_wconf 67' lang='lat' dir='ltr'><strong>personae</strong></span> <span class='ocrx_word' id='word_1_144' title='bbox 1289 1710 1476 1757; x_wconf 88' lang='lat' dir='ltr'><strong>erunt.</strong></span> <span class='ocrx_word' id='word_1_145' title='bbox 1502 1702 1706 1757; x_wconf 85' lang='lat' dir='ltr'><strong>Verum</strong></span> <span class='ocrx_word' id='word_1_146' title='bbox 1736 1699 2054 1771; x_wconf 87' lang='lat' dir='ltr'><strong>ingrediun-</strong></span> 
     </span>
    </p>
   </div>
   <div class='ocr_carea' id='block_1_20' title="bbox 467 1791 2053 1864">
    <p class='ocr_par' dir='ltr' id='par_1_20' title="bbox 467 1791 2053 1864">
     <span class='ocr_line' id='line_1_20' title="bbox 467 1791 2053 1864; baseline 0.002 -21"><span class='ocrx_word' id='word_1_147' title='bbox 467 1802 559 1846; x_wconf 86' lang='lat' dir='ltr'><strong>tur</strong></span> <span class='ocrx_word' id='word_1_148' title='bbox 577 1801 638 1846; x_wconf 92' lang='lat' dir='ltr'><strong>ut</strong></span> <span class='ocrx_word' id='word_1_149' title='bbox 659 1792 1018 1863; x_wconf 77' lang='lat' dir='ltr'><strong>legislatures,</strong></span> <span class='ocrx_word' id='word_1_150' title='bbox 1062 1792 1209 1863; x_wconf 90' lang='lat' dir='ltr'><strong>quod</strong></span> <span class='ocrx_word' id='word_1_151' title='bbox 1245 1794 1382 1864; x_wconf 89' lang='lat' dir='ltr'><strong>ipsis</strong></span> <span class='ocrx_word' id='word_1_152' title='bbox 1408 1794 1648 1857; x_wconf 91' lang='lat' dir='ltr'><strong>videtur,</strong></span> <span class='ocrx_word' id='word_1_153' title='bbox 1691 1792 1849 1863; x_wconf 92' lang='lat' dir='ltr'><strong>quasi</strong></span> <span class='ocrx_word' id='word_1_154' title='bbox 1885 1791 2053 1847; x_wconf 87' lang='lat' dir='ltr'><strong>etiam</strong></span> 
     </span>
    </p>
   </div>
   <div class='ocr_carea' id='block_1_21' title="bbox 468 1885 2054 1950">
    <p class='ocr_par' dir='ltr' id='par_1_21' title="bbox 468 1885 2054 1950">
     <span class='ocr_line' id='line_1_21' title="bbox 468 1885 2054 1950; baseline 0.003 -15"><span class='ocrx_word' id='word_1_155' title='bbox 468 1892 679 1939; x_wconf 80' lang='lat' dir='ltr'><strong>rectum</strong></span> <span class='ocrx_word' id='word_1_156' title='bbox 709 1885 799 1950; x_wconf 90' lang='lat' dir='ltr'><strong>sit,</strong></span> <span class='ocrx_word' id='word_1_157' title='bbox 827 1886 1054 1939; x_wconf 90' lang='lat' dir='ltr'><strong>omnino</strong></span> <span class='ocrx_word' id='word_1_158' title='bbox 1081 1893 1261 1940; x_wconf 91' lang='lat' dir='ltr'><strong>ratum</strong></span> <span class='ocrx_word' id='word_1_159' title='bbox 1290 1886 1577 1941; x_wconf 86' lang='lat' dir='ltr'><strong>habentes.</strong></span> <span class='ocrx_word' id='word_1_160' title='bbox 1610 1886 1745 1941; x_wconf 84' lang='lat' dir='ltr'><strong>Nam</strong></span> <span class='ocrx_word' id='word_1_161' title='bbox 1763 1900 2054 1941; x_wconf 85' lang='lat' dir='ltr'><strong>secernen-</strong></span> 
     </span>
    </p>
   </div>
   <div class='ocr_carea' id='block_1_22' title="bbox 465 1974 2052 2049">
    <p class='ocr_par' dir='ltr' id='par_1_22' title="bbox 465 1974 2052 2049">
     <span class='ocr_line' id='line_1_22' title="bbox 465 1974 2052 2049; baseline 0.001 -20"><span class='ocrx_word' id='word_1_162' title='bbox 465 1976 537 2031; x_wconf 70' lang='lat' dir='ltr'><strong>«io</strong></span> <span class='ocrx_word' id='word_1_163' title='bbox 564 1976 905 2048; x_wconf 77' lang='lat' dir='ltr'><strong>hypostases,</strong></span> <span class='ocrx_word' id='word_1_164' title='bbox 958 1978 1238 2048; x_wconf 89' lang='lat' dir='ltr'><strong>inquiunt,</strong></span> <span class='ocrx_word' id='word_1_165' title='bbox 1273 1979 1499 2034; x_wconf 90' lang='lat' dir='ltr'><strong>unimus</strong></span> <span class='ocrx_word' id='word_1_166' title='bbox 1536 1974 1850 2049; x_wconf 84' lang='lat' dir='ltr'><strong>personam.</strong></span> <span class='ocrx_word' id='word_1_167' title='bbox 1887 1977 2052 2047; x_wconf 81' lang='lat' dir='ltr'><strong>Atqui</strong></span> 
     </span>
    </p>
   </div>
   <div class='ocr_carea' id='block_1_23' title="bbox 465 2070 2055 2137">
    <p class='ocr_par' dir='ltr' id='par_1_23' title="bbox 465 2070 2055 2137">
     <span class='ocr_line' id='line_1_23' title="bbox 465 2070 2055 2137; baseline 0.003 -16"><span class='ocrx_word' id='word_1_168' title='bbox 465 2070 742 2137; x_wconf 80' lang='lat' dir='ltr'><strong>quomodo</strong></span> <span class='ocrx_word' id='word_1_169' title='bbox 765 2070 818 2123; x_wconf 90' lang='lat' dir='ltr'><strong>id</strong></span> <span class='ocrx_word' id='word_1_170' title='bbox 857 2086 966 2125; x_wconf 90' lang='lat' dir='ltr'><strong>non</strong></span> <span class='ocrx_word' id='word_1_171' title='bbox 992 2080 1077 2125; x_wconf 87' lang='lat' dir='ltr'><strong>est</strong></span> <span class='ocrx_word' id='word_1_172' title='bbox 1099 2071 1449 2136; x_wconf 86' lang='lat' dir='ltr'><strong>incredibile,</strong></span> <span class='ocrx_word' id='word_1_173' title='bbox 1480 2082 1537 2128; x_wconf 89' lang='lat' dir='ltr'><strong>et</strong></span> <span class='ocrx_word' id='word_1_174' title='bbox 1581 2072 1831 2136; x_wconf 89' lang='lat' dir='ltr'><strong>stultum,</strong></span> <span class='ocrx_word' id='word_1_175' title='bbox 1859 2080 1914 2127; x_wconf 91' lang='lat' dir='ltr'><strong>et</strong></span> <span class='ocrx_word' id='word_1_176' title='bbox 1952 2071 2055 2125; x_wconf 91' lang='lat' dir='ltr'><strong>im-</strong></span> 
     </span>
    </p>
   </div>
   <div class='ocr_carea' id='block_1_24' title="bbox 468 2160 2052 2234">
    <p class='ocr_par' dir='ltr' id='par_1_24' title="bbox 468 2160 2052 2234">
     <span class='ocr_line' id='line_1_24' title="bbox 468 2160 2052 2234; baseline 0.004 -23"><span class='ocrx_word' id='word_1_177' title='bbox 468 2160 768 2227; x_wconf 79' lang='lat' dir='ltr'><strong>possibile?</strong></span> <span class='ocrx_word' id='word_1_178' title='bbox 788 2162 923 2216; x_wconf 82' lang='lat' dir='ltr'><strong>Nam</strong></span> <span class='ocrx_word' id='word_1_179' title='bbox 948 2163 1094 2232; x_wconf 88' lang='lat' dir='ltr'><strong>quod</strong></span> <span class='ocrx_word' id='word_1_180' title='bbox 1121 2162 1188 2217; x_wconf 92' lang='lat' dir='ltr'><strong>ad</strong></span> <span class='ocrx_word' id='word_1_181' title='bbox 1214 2164 1741 2234; x_wconf 88' lang='lat' dir='ltr'><strong>contemplationem</strong></span> <span class='ocrx_word' id='word_1_182' title='bbox 1769 2178 1833 2218; x_wconf 90' lang='lat' dir='ltr'><strong>ac</strong></span> <span class='ocrx_word' id='word_1_183' title='bbox 1880 2164 2052 2217; x_wconf 78' lang='lat' dir='ltr'><strong>ratio—</strong></span> 
     </span>
    </p>
   </div>
   <div class='ocr_carea' id='block_1_25' title="bbox 468 2253 2052 2325">
    <p class='ocr_par' dir='ltr' id='par_1_25' title="bbox 468 2253 2052 2325">
     <span class='ocr_line' id='line_1_25' title="bbox 468 2253 2052 2325; baseline 0.003 -21"><span class='ocrx_word' id='word_1_184' title='bbox 468 2269 592 2307; x_wconf 80' lang='lat' dir='ltr'><strong>nem</strong></span> <span class='ocrx_word' id='word_1_185' title='bbox 617 2253 833 2318; x_wconf 84' lang='lat' dir='ltr'><strong>attinet,</strong></span> <span class='ocrx_word' id='word_1_186' title='bbox 864 2262 925 2308; x_wconf 92' lang='lat' dir='ltr'><strong>ut</strong></span> <span class='ocrx_word' id='word_1_187' title='bbox 957 2254 1091 2318; x_wconf 77' lang='lat' dir='ltr'><strong>dixi,</strong></span> <span class='ocrx_word' id='word_1_188' title='bbox 1125 2256 1307 2325; x_wconf 88' lang='lat' dir='ltr'><strong>quivis</strong></span> <span class='ocrx_word' id='word_1_189' title='bbox 1331 2255 1491 2310; x_wconf 79' lang='lat' dir='ltr'><strong>facile</strong></span> <span class='ocrx_word' id='word_1_190' title='bbox 1534 2254 1793 2325; x_wconf 84' lang='lat' dir='ltr'><strong>intelligit</strong></span> <span class='ocrx_word' id='word_1_191' title='bbox 1830 2269 2052 2309; x_wconf 88' lang='lat' dir='ltr'><strong>carnem</strong></span> 
     </span>
    </p>
   </div>
   <div class='ocr_carea' id='block_1_26' title="bbox 466 2344 2056 2417">
    <p class='ocr_par' dir='ltr' id='par_1_26' title="bbox 466 2344 2056 2417">
     <span class='ocr_line' id='line_1_26' title="bbox 466 2344 2056 2417; baseline 0.004 -21"><span class='ocrx_word' id='word_1_192' title='bbox 466 2344 695 2398; x_wconf 78' lang='lat' dir='ltr'><strong>alterius</strong></span> <span class='ocrx_word' id='word_1_193' title='bbox 743 2360 863 2399; x_wconf 89' lang='lat' dir='ltr'><strong>esse</strong></span> <span class='ocrx_word' id='word_1_194' title='bbox 905 2346 1229 2401; x_wconf 71' lang='lat' dir='ltr'><strong>substantiae</strong></span> <span class='ocrx_word' id='word_1_195' title='bbox 1281 2363 1310 2400; x_wconf 92' lang='lat' dir='ltr'><strong>a</strong></span> <span class='ocrx_word' id='word_1_196' title='bbox 1358 2346 1541 2402; x_wconf 85' lang='lat' dir='ltr'><strong>Verbo</strong></span> <span class='ocrx_word' id='word_1_197' title='bbox 1580 2346 1726 2416; x_wconf 89' lang='lat' dir='ltr'><strong>quod</strong></span> <span class='ocrx_word' id='word_1_198' title='bbox 1772 2346 1877 2417; x_wconf 90' lang='lat' dir='ltr'><strong>ipsi</strong></span> <span class='ocrx_word' id='word_1_199' title='bbox 1923 2362 2056 2402; x_wconf 91' lang='lat' dir='ltr'><strong>con-</strong></span> 
     </span>
    </p>
   </div>
   <div class='ocr_carea' id='block_1_27' title="bbox 462 2438 2052 2509">
    <p class='ocr_par' dir='ltr' id='par_1_27' title="bbox 462 2438 2052 2509">
     <span class='ocr_line' id='line_1_27' title="bbox 462 2438 2052 2509; baseline 0.004 -20"><span class='ocrx_word' id='word_1_200' title='bbox 462 2438 713 2504; x_wconf 78' lang='lat' dir='ltr'><strong>junctum</strong></span> <span class='ocrx_word' id='word_1_201' title='bbox 741 2446 846 2492; x_wconf 91' lang='lat' dir='ltr'><strong>est.</strong></span> <span class='ocrx_word' id='word_1_202' title='bbox 873 2438 978 2492; x_wconf 86' lang='lat' dir='ltr'><strong>Sed</strong></span> <span class='ocrx_word' id='word_1_203' title='bbox 1002 2440 1132 2509; x_wconf 89' lang='lat' dir='ltr'><strong>quia</strong></span> <span class='ocrx_word' id='word_1_204' title='bbox 1160 2438 1359 2492; x_wconf 59' lang='lat' dir='ltr'><strong>divina“:</strong></span> <span class='ocrx_word' id='word_1_205' title='bbox 1409 2438 1707 2507; x_wconf 68' lang='lat' dir='ltr'><strong>Scriptum</strong></span> <span class='ocrx_word' id='word_1_206' title='bbox 1762 2454 1931 2493; x_wconf 90' lang='lat' dir='ltr'><strong>unum</strong></span> <span class='ocrx_word' id='word_1_207' title='bbox 1960 2440 2052 2494; x_wconf 86' lang='lat' dir='ltr'><strong>Fi-</strong></span> 
     </span>
    </p>
   </div>
   <div class='ocr_carea' id='block_1_28' title="bbox 465 2524 2053 2587">
    <p class='ocr_par' dir='ltr' id='par_1_28' title="bbox 465 2524 2053 2587">
     <span class='ocr_line' id='line_1_28' title="bbox 465 2524 2053 2587; baseline 0.005 -10"><span class='ocrx_word' id='word_1_208' title='bbox 465 2524 622 2587; x_wconf 85' lang='lat' dir='ltr'><strong>lium,</strong></span> <span class='ocrx_word' id='word_1_209' title='bbox 667 2540 839 2579; x_wconf 89' lang='lat' dir='ltr'><strong>unum</strong></span> <span class='ocrx_word' id='word_1_210' title='bbox 878 2527 1172 2581; x_wconf 85' lang='lat' dir='ltr'><strong>Dominum</strong></span> <span class='ocrx_word' id='word_1_211' title='bbox 1230 2536 1285 2582; x_wconf 89' lang='lat' dir='ltr'><strong>et</strong></span> <span class='ocrx_word' id='word_1_212' title='bbox 1332 2544 1504 2582; x_wconf 88' lang='lat' dir='ltr'><strong>unum</strong></span> <span class='ocrx_word' id='word_1_213' title='bbox 1549 2528 1830 2584; x_wconf 88' lang='lat' dir='ltr'><strong>Christum</strong></span> <span class='ocrx_word' id='word_1_214' title='bbox 1889 2531 2053 2585; x_wconf 89' lang='lat' dir='ltr'><strong>nobis</strong></span> 
     </span>
    </p>
   </div>
   <div class='ocr_carea' id='block_1_29' title="bbox 468 2616 2049 2688">
    <p class='ocr_par' dir='ltr' id='par_1_29' title="bbox 468 2616 2049 2688">
     <span class='ocr_line' id='line_1_29' title="bbox 468 2616 2049 2688; baseline 0.006 -21"><span class='ocrx_word' id='word_1_215' title='bbox 468 2616 835 2679; x_wconf 74' lang='lat' dir='ltr'><strong>tradiderunt,</strong></span> <span class='ocrx_word' id='word_1_216' title='bbox 862 2626 917 2671; x_wconf 90' lang='lat' dir='ltr'><strong>et</strong></span> <span class='ocrx_word' id='word_1_217' title='bbox 941 2620 1014 2673; x_wconf 90' lang='lat' dir='ltr'><strong>ita</strong></span> <span class='ocrx_word' id='word_1_218' title='bbox 1041 2635 1284 2688; x_wconf 90' lang='lat' dir='ltr'><strong>quoque,</strong></span> <span class='ocrx_word' id='word_1_219' title='bbox 1311 2628 1367 2673; x_wconf 91' lang='lat' dir='ltr'><strong>et</strong></span> <span class='ocrx_word' id='word_1_220' title='bbox 1394 2635 1505 2674; x_wconf 89' lang='lat' dir='ltr'><strong>non</strong></span> <span class='ocrx_word' id='word_1_221' title='bbox 1529 2620 1691 2675; x_wconf 88' lang='lat' dir='ltr'><strong>aliter</strong></span> <span class='ocrx_word' id='word_1_222' title='bbox 1730 2622 1895 2676; x_wconf 86' lang='lat' dir='ltr'><strong>habet</strong></span> <span class='ocrx_word' id='word_1_223' title='bbox 1922 2620 2049 2676; x_wconf 86' lang='lat' dir='ltr'><strong>ﬁdei</strong></span> 
     </span>
    </p>
   </div>
   <div class='ocr_carea' id='block_1_30' title="bbox 468 2705 2051 2771">
    <p class='ocr_par' dir='ltr' id='par_1_30' title="bbox 468 2705 2051 2771">
     <span class='ocr_line' id='line_1_30' title="bbox 468 2705 2051 2771; baseline 0.005 -13"><span class='ocrx_word' id='word_1_224' title='bbox 468 2705 857 2771; x_wconf 74' lang='lat' dir='ltr'><strong>traditio,ideo</strong></span> <span class='ocrx_word' id='word_1_225' title='bbox 881 2722 980 2763; x_wconf 89' lang='lat' dir='ltr'><strong>nos</strong></span> <span class='ocrx_word' id='word_1_226' title='bbox 1012 2708 1107 2763; x_wconf 81' lang='lat' dir='ltr'><strong>Dei</strong></span> <span class='ocrx_word' id='word_1_227' title='bbox 1139 2708 1317 2763; x_wconf 85' lang='lat' dir='ltr'><strong>Patris</strong></span> <span class='ocrx_word' id='word_1_228' title='bbox 1361 2708 1604 2763; x_wconf 81' lang='lat' dir='ltr'><strong>Verbum</strong></span> <span class='ocrx_word' id='word_1_229' title='bbox 1657 2711 2051 2765; x_wconf 90' lang='lat' dir='ltr'><strong>indissociabili</strong></span> 
     </span>
    </p>
   </div>
   <div class='ocr_carea' id='block_1_31' title="bbox 469 2795 2054 2873">
    <p class='ocr_par' dir='ltr' id='par_1_31' title="bbox 469 2795 2054 2873">
     <span class='ocr_line' id='line_1_31' title="bbox 469 2795 2054 2873; baseline 0.007 -27"><span class='ocrx_word' id='word_1_230' title='bbox 469 2795 672 2851; x_wconf 82' lang='lat' dir='ltr'><strong>unione</strong></span> <span class='ocrx_word' id='word_1_231' title='bbox 697 2812 822 2852; x_wconf 87' lang='lat' dir='ltr'><strong>cum</strong></span> <span class='ocrx_word' id='word_1_232' title='bbox 854 2814 950 2853; x_wconf 90' lang='lat' dir='ltr'><strong>sua</strong></span> <span class='ocrx_word' id='word_1_233' title='bbox 975 2814 1142 2854; x_wconf 88' lang='lat' dir='ltr'><strong>carne</strong></span> <span class='ocrx_word' id='word_1_234' title='bbox 1192 2800 1372 2854; x_wconf 90' lang='lat' dir='ltr'><strong>anima</strong></span> <span class='ocrx_word' id='word_1_235' title='bbox 1430 2799 1771 2872; x_wconf 79' lang='lat' dir='ltr'><strong>intelligente</strong></span> <span class='ocrx_word' id='word_1_236' title='bbox 1823 2802 2054 2873; x_wconf 62' lang='lat' dir='ltr'><strong>praedita</strong></span> 
     </span>
    </p>
   </div>
   <div class='ocr_carea' id='block_1_32' title="bbox 466 2889 2053 2961">
    <p class='ocr_par' dir='ltr' id='par_1_32' title="bbox 466 2889 2053 2961">
     <span class='ocr_line' id='line_1_32' title="bbox 466 2889 2053 2961; baseline 0.008 -23"><span class='ocrx_word' id='word_1_237' title='bbox 466 2889 885 2961; x_wconf 58' lang='lat' dir='ltr'><strong>conjungentes,</strong></span> <span class='ocrx_word' id='word_1_238' title='bbox 915 2908 1084 2946; x_wconf 89' lang='lat' dir='ltr'><strong>unum</strong></span> <span class='ocrx_word' id='word_1_239' title='bbox 1104 2890 1387 2946; x_wconf 88' lang='lat' dir='ltr'><strong>Christum</strong></span> <span class='ocrx_word' id='word_1_240' title='bbox 1415 2901 1469 2947; x_wconf 92' lang='lat' dir='ltr'><strong>et</strong></span> <span class='ocrx_word' id='word_1_241' title='bbox 1492 2893 1688 2948; x_wconf 84' lang='lat' dir='ltr'><strong>Filium</strong></span> <span class='ocrx_word' id='word_1_242' title='bbox 1729 2911 1849 2950; x_wconf 88' lang='lat' dir='ltr'><strong>esse</strong></span> <span class='ocrx_word' id='word_1_243' title='bbox 1878 2896 2053 2950; x_wconf 80' lang='lat' dir='ltr'><strong>conti-</strong></span> 
     </span>
    </p>
   </div>
   <div class='ocr_carea' id='block_1_33' title="bbox 468 2983 2053 3052">
    <p class='ocr_par' dir='ltr' id='par_1_33' title="bbox 468 2983 2053 3052">
     <span class='ocr_line' id='line_1_33' title="bbox 468 2983 2053 3052; baseline 0.006 -18"><span class='ocrx_word' id='word_1_244' title='bbox 468 2990 666 3035; x_wconf 79' lang='lat' dir='ltr'><strong>tcmur.</strong></span> <span class='ocrx_word' id='word_1_245' title='bbox 704 2983 771 3036; x_wconf 80' lang='lat' dir='ltr'><strong>Et</strong></span> <span class='ocrx_word' id='word_1_246' title='bbox 796 2984 1259 3052; x_wconf 83' lang='lat' dir='ltr'><strong>quemadmodum</strong></span> <span class='ocrx_word' id='word_1_247' title='bbox 1284 3000 1429 3039; x_wconf 92' lang='lat' dir='ltr'><strong>unus</strong></span> <span class='ocrx_word' id='word_1_248' title='bbox 1453 2995 1539 3040; x_wconf 91' lang='lat' dir='ltr'><strong>est</strong></span> <span class='ocrx_word' id='word_1_249' title='bbox 1567 2983 1761 3052; x_wconf 84' lang='lat' dir='ltr'><strong>Filius,</strong></span> <span class='ocrx_word' id='word_1_250' title='bbox 1794 2988 1867 3042; x_wconf 92' lang='lat' dir='ltr'><strong>ita</strong></span> <span class='ocrx_word' id='word_1_251' title='bbox 1886 3004 2053 3043; x_wconf 86' lang='lat' dir='ltr'><strong>unam</strong></span> 
     </span>
    </p>
   </div>
   <div class='ocr_carea' id='block_1_34' title="bbox 466 3076 2053 3145">
    <p class='ocr_par' dir='ltr' id='par_1_34' title="bbox 466 3076 2053 3145">
     <span class='ocr_line' id='line_1_34' title="bbox 466 3076 2053 3145; baseline 0.006 -22"><span class='ocrx_word' id='word_1_252' title='bbox 466 3088 684 3142; x_wconf 80' lang='lat' dir='ltr'><strong>quoque</strong></span> <span class='ocrx_word' id='word_1_253' title='bbox 718 3082 927 3128; x_wconf 87' lang='lat' dir='ltr'><strong>tantum</strong></span> <span class='ocrx_word' id='word_1_254' title='bbox 953 3090 1245 3144; x_wconf 89' lang='lat' dir='ltr'><strong>personam</strong></span> <span class='ocrx_word' id='word_1_255' title='bbox 1278 3076 1453 3145; x_wconf 90' lang='lat' dir='ltr'><strong>ipsius</strong></span> <span class='ocrx_word' id='word_1_256' title='bbox 1481 3078 1812 3143; x_wconf 87' lang='lat' dir='ltr'><strong>asserimus;</strong></span> <span class='ocrx_word' id='word_1_257' title='bbox 1840 3093 2053 3134; x_wconf 86' lang='lat' dir='ltr'><strong>sacram</strong></span> 
     </span>
    </p>
   </div>
   <div class='ocr_carea' id='block_1_35' title="bbox 2236 862 3753 942">
    <p class='ocr_par' dir='ltr' id='par_1_35' title="bbox 2236 862 3753 942">
     <span class='ocr_line' id='line_1_35' title="bbox 2236 862 3753 942; baseline -0.003 -21"><span class='ocrx_word' id='word_1_258' title='bbox 2236 869 2376 923; x_wconf 80' lang='grc' dir='ltr'><strong>Ἀλλ’</strong></span> <span class='ocrx_word' id='word_1_259' title='bbox 2405 868 2565 942; x_wconf 85' lang='grc' dir='ltr'>ὀρθόν</span> <span class='ocrx_word' id='word_1_260' title='bbox 2598 886 2688 940; x_wconf 88' lang='grc' dir='ltr'><strong>μοι</strong></span> <span class='ocrx_word' id='word_1_261' title='bbox 2734 868 2898 922; x_wconf 88' lang='grc' dir='ltr'>πάλιν</span> <span class='ocrx_word' id='word_1_262' title='bbox 2926 868 3109 937; x_wconf 80' lang='grc' dir='ltr'>ἴστησι</span> <span class='ocrx_word' id='word_1_263' title='bbox 3149 867 3212 921; x_wconf 80' lang='grc' dir='ltr'>τὸ</span> <span class='ocrx_word' id='word_1_264' title='bbox 3246 862 3348 930; x_wconf 86' lang='grc' dir='ltr'><strong>οῦς</strong></span> <span class='ocrx_word' id='word_1_265' title='bbox 3368 868 3398 920; x_wconf 84' lang='grc' dir='ltr'><strong>ὁ</strong></span> <span class='ocrx_word' id='word_1_266' title='bbox 3444 865 3640 937; x_wconf 81' lang='grc' dir='ltr'>πικρὸς</span> <span class='ocrx_word' id='word_1_267' title='bbox 3671 867 3753 929; x_wconf 69' lang='grc' dir='ltr'><strong>εἰς</strong></span> 
     </span>
    </p>
   </div>
   <div class='ocr_carea' id='block_1_36' title="bbox 2153 955 3748 1029">
    <p class='ocr_par' dir='ltr' id='par_1_36' title="bbox 2153 955 3748 1029">
     <span class='ocr_line' id='line_1_36' title="bbox 2153 955 3748 1029; baseline -0.004 -16"><span class='ocrx_word' id='word_1_268' title='bbox 2153 959 2411 1029; x_wconf 78' lang='grc' dir='ltr'><strong>θεωρίας,</strong></span> <span class='ocrx_word' id='word_1_269' title='bbox 2453 958 2549 1013; x_wconf 73' lang='grc' dir='ltr'>καὶ</span> <span class='ocrx_word' id='word_1_270' title='bbox 2588 958 2760 1021; x_wconf 85' lang='grc' dir='ltr'>δεινὸς</span> <span class='ocrx_word' id='word_1_271' title='bbox 2789 959 2871 1021; x_wconf 80' lang='grc' dir='ltr'><strong>είς</strong></span> <span class='ocrx_word' id='word_1_272' title='bbox 2910 957 3298 1026; x_wconf 79' lang='grc' dir='ltr'><strong>συκοφαντίας,</strong></span> <span class='ocrx_word' id='word_1_273' title='bbox 3328 956 3425 1010; x_wconf 79' lang='grc' dir='ltr'>καὶ</span> <span class='ocrx_word' id='word_1_274' title='bbox 3451 955 3515 1026; x_wconf 81' lang='grc' dir='ltr'>δή</span> <span class='ocrx_word' id='word_1_275' title='bbox 3550 970 3748 1024; x_wconf 76' lang='grc' dir='ltr'>φησιν·</span> 
     </span>
    </p>
   </div>
   <div class='ocr_carea' id='block_1_37' title="bbox 2154 1040 3752 1121">
    <p class='ocr_par' dir='ltr' id='par_1_37' title="bbox 2154 1040 3752 1121">
     <span class='ocr_line' id='line_1_37' title="bbox 2154 1040 3752 1121; baseline -0.003 -18"><span class='ocrx_word' id='word_1_276' title='bbox 2154 1051 2218 1103; x_wconf 79' lang='lat' dir='ltr'><strong>El</strong></span> <span class='ocrx_word' id='word_1_277' title='bbox 2249 1050 2435 1121; x_wconf 76' lang='grc' dir='ltr'>ἔτερος</span> <span class='ocrx_word' id='word_1_278' title='bbox 2474 1052 2503 1104; x_wconf 91' lang='grc' dir='ltr'><strong>ό</strong></span> <span class='ocrx_word' id='word_1_279' title='bbox 2528 1048 2821 1116; x_wconf 78' lang='grc' dir='ltr'><strong>κατοικῶν,</strong></span> <span class='ocrx_word' id='word_1_280' title='bbox 2858 1050 3047 1121; x_wconf 75' lang='grc' dir='ltr'>ἕτερος</span> <span class='ocrx_word' id='word_1_281' title='bbox 3076 1048 3135 1102; x_wconf 85' lang='grc' dir='ltr'>δὲ</span> <span class='ocrx_word' id='word_1_282' title='bbox 3178 1049 3385 1118; x_wconf 82' lang='grc' dir='ltr'>ὁμοίως</span> <span class='ocrx_word' id='word_1_283' title='bbox 3411 1048 3440 1100; x_wconf 83' lang='grc' dir='ltr'><strong>ό</strong></span> <span class='ocrx_word' id='word_1_284' title='bbox 3470 1048 3527 1099; x_wconf 77' lang='grc' dir='ltr'><strong>έν</strong></span> <span class='ocrx_word' id='word_1_285' title='bbox 3555 1040 3600 1114; x_wconf 80' lang='grc' dir='ltr'><strong>ᾧ</strong></span> <span class='ocrx_word' id='word_1_286' title='bbox 3623 1059 3752 1099; x_wconf 84' lang='grc' dir='ltr'>κατ-</span> 
     </span>
    </p>
   </div>
   <div class='ocr_carea' id='block_1_38' title="bbox 2157 1137 3753 1211">
    <p class='ocr_par' dir='ltr' id='par_1_38' title="bbox 2157 1137 3753 1211">
     <span class='ocr_line' id='line_1_38' title="bbox 2157 1137 3753 1211; baseline -0.003 -17"><span class='ocrx_word' id='word_1_287' title='bbox 2157 1142 2383 1211; x_wconf 85' lang='grc' dir='ltr'>οικῆσαι</span> <span class='ocrx_word' id='word_1_288' title='bbox 2412 1142 2657 1210; x_wconf 71' lang='grc' dir='ltr'>λέγεται,</span> <span class='ocrx_word' id='word_1_289' title='bbox 2689 1142 2808 1206; x_wconf 84' lang='grc' dir='ltr'>πῶς</span> <span class='ocrx_word' id='word_1_290' title='bbox 2840 1142 2943 1194; x_wconf 91' lang='grc' dir='ltr'><strong>οὑκ</strong></span> <span class='ocrx_word' id='word_1_291' title='bbox 2979 1142 3275 1209; x_wconf 85' lang='grc' dir='ltr'>ἀναγκαῖον</span> <span class='ocrx_word' id='word_1_292' title='bbox 3302 1137 3630 1209; x_wconf 85' lang='grc' dir='ltr'>διαιρεῖσθαι</span> <span class='ocrx_word' id='word_1_293' title='bbox 3654 1139 3753 1202; x_wconf 83' lang='grc' dir='ltr'>τὰς</span> 
     </span>
    </p>
   </div>
   <div class='ocr_carea' id='block_1_39' title="bbox 2160 1228 3753 1302">
    <p class='ocr_par' dir='ltr' id='par_1_39' title="bbox 2160 1228 3753 1302">
     <span class='ocr_line' id='line_1_39' title="bbox 2160 1228 3753 1302; baseline -0.003 -17"><span class='ocrx_word' id='word_1_294' title='bbox 2160 1232 2510 1298; x_wconf 82' lang='grc' dir='ltr'><strong>ὑποστάσεις,</strong></span> <span class='ocrx_word' id='word_1_295' title='bbox 2539 1233 2633 1287; x_wconf 78' lang='grc' dir='ltr'>καὶ</span> <span class='ocrx_word' id='word_1_296' title='bbox 2665 1233 2966 1302; x_wconf 78' lang='grc' dir='ltr'><strong>ὑφεστάναι</strong></span> <span class='ocrx_word' id='word_1_297' title='bbox 2993 1230 3173 1299; x_wconf 79' lang='grc' dir='ltr'>λέγειν</span> <span class='ocrx_word' id='word_1_298' title='bbox 3215 1230 3320 1283; x_wconf 85' lang='grc' dir='ltr'><strong>ἀνὰ</strong></span> <span class='ocrx_word' id='word_1_299' title='bbox 3363 1230 3526 1299; x_wconf 80' lang='grc' dir='ltr'>μέρος</span> <span class='ocrx_word' id='word_1_300' title='bbox 3557 1228 3753 1281; x_wconf 78' lang='grc' dir='ltr'>ἑκατέ-</span> 
     </span>
    </p>
   </div>
   <div class='ocr_carea' id='block_1_40' title="bbox 2159 1316 3767 1405">
    <p class='ocr_par' dir='ltr' id='par_1_40' title="bbox 2159 1316 3767 1405">
     <span class='ocr_line' id='line_1_40' title="bbox 2159 1316 3767 1405; baseline -0.005 -25"><span class='ocrx_word' id='word_1_301' title='bbox 2159 1341 2259 1397; x_wconf 87' lang='grc' dir='ltr'>ραν</span> <span class='ocrx_word' id='word_1_302' title='bbox 2292 1324 2356 1392; x_wconf 77' lang='grc' dir='ltr'><strong>(ι;</strong></span> <span class='ocrx_word' id='word_1_303' title='bbox 2390 1324 2520 1379; x_wconf 80' lang='grc' dir='ltr'>Εἶτα</span> <span class='ocrx_word' id='word_1_304' title='bbox 2550 1318 2839 1379; x_wconf 67' lang='grc' dir='ltr'>ὃποΐποτὲ</span> <span class='ocrx_word' id='word_1_305' title='bbox 2871 1322 3063 1376; x_wconf 77' lang='grc' dir='ltr'>λοιπὸν</span> <span class='ocrx_word' id='word_1_306' title='bbox 3086 1322 3148 1374; x_wconf 74' lang='grc' dir='ltr'>τὸ</span> <span class='ocrx_word' id='word_1_307' title='bbox 3174 1320 3233 1373; x_wconf 77' lang='grc' dir='ltr'>ἐν</span> <span class='ocrx_word' id='word_1_308' title='bbox 3270 1321 3586 1389; x_wconf 73' lang='grc' dir='ltr'>πρόσωπον,</span> <span class='ocrx_word' id='word_1_309' title='bbox 3622 1316 3767 1405; x_wconf 36' lang='grc' dir='ltr'>εἶπέ,</span> 
     </span>
    </p>
   </div>
   <div class='ocr_carea' id='block_1_41' title="bbox 2159 1411 3750 1490">
    <p class='ocr_par' dir='ltr' id='par_1_41' title="bbox 2159 1411 3750 1490">
     <span class='ocr_line' id='line_1_41' title="bbox 2159 1411 3750 1490; baseline -0.003 -18"><span class='ocrx_word' id='word_1_310' title='bbox 2159 1435 2249 1489; x_wconf 89' lang='grc' dir='ltr'><strong>μοι</strong></span> <span class='ocrx_word' id='word_1_311' title='bbox 2273 1432 2287 1484; x_wconf 88' lang='lat'><strong>;</strong></span> <span class='ocrx_word' id='word_1_312' title='bbox 2308 1418 2370 1472; x_wconf 80' lang='lat' dir='ltr'><strong>El</strong></span> <span class='ocrx_word' id='word_1_313' title='bbox 2402 1417 2460 1470; x_wconf 85' lang='grc' dir='ltr'>ἒν</span> <span class='ocrx_word' id='word_1_314' title='bbox 2479 1418 2589 1489; x_wconf 85' lang='grc' dir='ltr'>γὰρ</span> <span class='ocrx_word' id='word_1_315' title='bbox 2620 1419 2914 1490; x_wconf 86' lang='grc' dir='ltr'>πρόσωπον</span> <span class='ocrx_word' id='word_1_316' title='bbox 2927 1415 3021 1468; x_wconf 87' lang='grc' dir='ltr'><strong>τοῦ</strong></span> <span class='ocrx_word' id='word_1_317' title='bbox 3054 1411 3291 1485; x_wconf 76' lang='grc' dir='ltr'>Χριστοῦ</span> <span class='ocrx_word' id='word_1_318' title='bbox 3326 1412 3750 1484; x_wconf 75' lang='grc' dir='ltr'>προσποιοῦνται</span> 
     </span>
    </p>
   </div>
   <div class='ocr_carea' id='block_1_42' title="bbox 2153 1502 3752 1580">
    <p class='ocr_par' dir='ltr' id='par_1_42' title="bbox 2153 1502 3752 1580">
     <span class='ocr_line' id='line_1_42' title="bbox 2153 1502 3752 1580; baseline -0.004 -17"><span class='ocrx_word' id='word_1_319' title='bbox 2153 1511 2357 1580; x_wconf 87' lang='grc' dir='ltr'>λέγειν,</span> <span class='ocrx_word' id='word_1_320' title='bbox 2391 1511 2487 1565; x_wconf 79' lang='grc' dir='ltr'>δύο</span> <span class='ocrx_word' id='word_1_321' title='bbox 2530 1511 2587 1564; x_wconf 81' lang='grc' dir='ltr'>δὲ</span> <span class='ocrx_word' id='word_1_322' title='bbox 2638 1509 2993 1564; x_wconf 86' lang='grc' dir='ltr'>ὑποστάσεων</span> <span class='ocrx_word' id='word_1_323' title='bbox 3037 1506 3143 1577; x_wconf 76' lang='grc' dir='ltr'>ἰδίᾳ</span> <span class='ocrx_word' id='word_1_324' title='bbox 3187 1522 3247 1558; x_wconf 89' lang='grc' dir='ltr'><strong>τε</strong></span> <span class='ocrx_word' id='word_1_325' title='bbox 3291 1504 3387 1557; x_wconf 70' lang='grc' dir='ltr'>καὶ</span> <span class='ocrx_word' id='word_1_326' title='bbox 3433 1502 3537 1557; x_wconf 75' lang='grc' dir='ltr'>ἀνὰ</span> <span class='ocrx_word' id='word_1_327' title='bbox 3582 1505 3752 1574; x_wconf 80' lang='grc' dir='ltr'>μέρος</span> 
     </span>
    </p>
   </div>
   <div class='ocr_carea' id='block_1_43' title="bbox 2157 1597 3749 1673">
    <p class='ocr_par' dir='ltr' id='par_1_43' title="bbox 2157 1597 3749 1673">
     <span class='ocr_line' id='line_1_43' title="bbox 2157 1597 3749 1673; baseline -0.005 -16"><span class='ocrx_word' id='word_1_328' title='bbox 2157 1603 2469 1673; x_wconf 83' lang='grc' dir='ltr'>κειμένων,</span> <span class='ocrx_word' id='word_1_329' title='bbox 2526 1602 2742 1656; x_wconf 80' lang='grc' dir='ltr'>ἔσονταί</span> <span class='ocrx_word' id='word_1_330' title='bbox 2777 1619 2882 1655; x_wconf 78' lang='grc' dir='ltr'><strong>που</strong></span> <span class='ocrx_word' id='word_1_331' title='bbox 2932 1602 3153 1661; x_wconf 83' lang='grc' dir='ltr'>πάντως</span> <span class='ocrx_word' id='word_1_332' title='bbox 3198 1597 3295 1651; x_wconf 75' lang='grc' dir='ltr'>καὶ</span> <span class='ocrx_word' id='word_1_333' title='bbox 3335 1597 3605 1668; x_wconf 80' lang='grc' dir='ltr'>πρόσωπα</span> <span class='ocrx_word' id='word_1_334' title='bbox 3634 1597 3749 1650; x_wconf 78' lang='grc' dir='ltr'>δύο.</span> 
     </span>
    </p>
   </div>
   <div class='ocr_carea' id='block_1_44' title="bbox 2174 1690 3752 1764">
    <p class='ocr_par' dir='ltr' id='par_1_44' title="bbox 2174 1690 3752 1764">
     <span class='ocr_line' id='line_1_44' title="bbox 2174 1690 3752 1764; baseline -0.003 -15"><span class='ocrx_word' id='word_1_335' title='bbox 2174 1696 2316 1749; x_wconf 80' lang='grc' dir='ltr'><strong>Ἀλλ’</strong></span> <span class='ocrx_word' id='word_1_336' title='bbox 2346 1696 2713 1751; x_wconf 77' lang='grc' dir='ltr'>είσσαίνουσιν</span> <span class='ocrx_word' id='word_1_337' title='bbox 2746 1694 2821 1759; x_wconf 85' lang='grc' dir='ltr'><strong>ὡς</strong></span> <span class='ocrx_word' id='word_1_338' title='bbox 2851 1692 3172 1764; x_wconf 84' lang='grc' dir='ltr'>νομοθέται,</span> <span class='ocrx_word' id='word_1_339' title='bbox 3208 1690 3269 1743; x_wconf 83' lang='grc' dir='ltr'>τὸ</span> <span class='ocrx_word' id='word_1_340' title='bbox 3308 1691 3494 1753; x_wconf 79' lang='grc' dir='ltr'>αὑτοῖς</span> <span class='ocrx_word' id='word_1_341' title='bbox 3537 1690 3752 1756; x_wconf 82' lang='grc' dir='ltr'>δοκοῦν,</span> 
     </span>
    </p>
   </div>
   <div class='ocr_carea' id='block_1_45' title="bbox 2160 1782 3750 1859">
    <p class='ocr_par' dir='ltr' id='par_1_45' title="bbox 2160 1782 3750 1859">
     <span class='ocr_line' id='line_1_45' title="bbox 2160 1782 3750 1859; baseline -0.001 -19"><span class='ocrx_word' id='word_1_342' title='bbox 2160 1787 2237 1851; x_wconf 83' lang='grc' dir='ltr'><strong>ὡς</strong></span> <span class='ocrx_word' id='word_1_343' title='bbox 2259 1787 2437 1859; x_wconf 81' lang='grc' dir='ltr'>ὀρθῶς</span> <span class='ocrx_word' id='word_1_344' title='bbox 2465 1787 2609 1859; x_wconf 83' lang='grc' dir='ltr'>ἔχον,</span> <span class='ocrx_word' id='word_1_345' title='bbox 2646 1787 2825 1858; x_wconf 86' lang='grc' dir='ltr'>πάντη</span> <span class='ocrx_word' id='word_1_346' title='bbox 2876 1803 2937 1839; x_wconf 88' lang='grc' dir='ltr'><strong>τε</strong></span> <span class='ocrx_word' id='word_1_347' title='bbox 2990 1786 3082 1839; x_wconf 71' lang='grc' dir='ltr'>καὶ</span> <span class='ocrx_word' id='word_1_348' title='bbox 3122 1783 3342 1845; x_wconf 87' lang='grc' dir='ltr'>πάντως</span> <span class='ocrx_word' id='word_1_349' title='bbox 3369 1782 3750 1854; x_wconf 84' lang='grc' dir='ltr'>κρατύνοντες.</span> 
     </span>
    </p>
   </div>
   <div class='ocr_carea' id='block_1_46' title="bbox 2156 1871 3755 1951">
    <p class='ocr_par' dir='ltr' id='par_1_46' title="bbox 2156 1871 3755 1951">
     <span class='ocr_line' id='line_1_46' title="bbox 2156 1871 3755 1951; baseline -0.004 -20"><span class='ocrx_word' id='word_1_350' title='bbox 2156 1879 2503 1951; x_wconf 76' lang='grc' dir='ltr'>Διαιροῦντες</span> <span class='ocrx_word' id='word_1_351' title='bbox 2529 1880 2662 1951; x_wconf 81' lang='grc' dir='ltr'>γὰρ,</span> <span class='ocrx_word' id='word_1_352' title='bbox 2703 1880 2870 1947; x_wconf 72' lang='grc' dir='ltr'>φασὶ,</span> <span class='ocrx_word' id='word_1_353' title='bbox 2908 1876 3007 1939; x_wconf 86' lang='grc' dir='ltr'>τὰς</span> <span class='ocrx_word' id='word_1_354' title='bbox 3040 1874 3390 1936; x_wconf 72' lang='grc' dir='ltr'>ὑποστάσεις,</span> <span class='ocrx_word' id='word_1_355' title='bbox 3424 1871 3652 1943; x_wconf 79' lang='grc' dir='ltr'>ὲνοῦμεν</span> <span class='ocrx_word' id='word_1_356' title='bbox 3690 1874 3755 1925; x_wconf 85' lang='grc' dir='ltr'>τὸ</span> 
     </span>
    </p>
   </div>
   <div class='ocr_carea' id='block_1_47' title="bbox 2162 1970 3756 2042">
    <p class='ocr_par' dir='ltr' id='par_1_47' title="bbox 2162 1970 3756 2042">
     <span class='ocr_line' id='line_1_47' title="bbox 2162 1970 3756 2042; baseline 0.001 -19"><span class='ocrx_word' id='word_1_357' title='bbox 2162 1970 2474 2041; x_wconf 84' lang='grc' dir='ltr'>πρόσωπον.</span> <span class='ocrx_word' id='word_1_358' title='bbox 2512 1971 2620 2024; x_wconf 81' lang='grc' dir='ltr'><strong>Καὶ</strong></span> <span class='ocrx_word' id='word_1_359' title='bbox 2669 1970 2791 2035; x_wconf 87' lang='grc' dir='ltr'><strong>πῶς</strong></span> <span class='ocrx_word' id='word_1_360' title='bbox 2835 1971 2937 2023; x_wconf 89' lang='grc' dir='ltr'><strong>οὑκ</strong></span> <span class='ocrx_word' id='word_1_361' title='bbox 2971 1970 3236 2026; x_wconf 85' lang='grc' dir='ltr'>ἀπίθανον</span> <span class='ocrx_word' id='word_1_362' title='bbox 3263 1971 3443 2036; x_wconf 88' lang='grc' dir='ltr'>τοῦτο,</span> <span class='ocrx_word' id='word_1_363' title='bbox 3474 1970 3571 2024; x_wconf 68' lang='grc' dir='ltr'><strong>καῖ</strong></span> <span class='ocrx_word' id='word_1_364' title='bbox 3610 1972 3756 2042; x_wconf 81' lang='grc' dir='ltr'>ἁμα-</span> 
     </span>
    </p>
   </div>
   <div class='ocr_carea' id='block_1_48' title="bbox 2161 2061 3752 2136">
    <p class='ocr_par' dir='ltr' id='par_1_48' title="bbox 2161 2061 3752 2136">
     <span class='ocr_line' id='line_1_48' title="bbox 2161 2061 3752 2136; baseline 0.002 -22"><span class='ocrx_word' id='word_1_365' title='bbox 2161 2061 2273 2126; x_wconf 83' lang='grc' dir='ltr'>θὲς,</span> <span class='ocrx_word' id='word_1_366' title='bbox 2317 2063 2411 2115; x_wconf 71' lang='grc' dir='ltr'><strong>καὶ</strong></span> <span class='ocrx_word' id='word_1_367' title='bbox 2460 2062 2783 2133; x_wconf 84' lang='grc' dir='ltr'>ἀμήχανον;</span> <span class='ocrx_word' id='word_1_368' title='bbox 2824 2061 3041 2134; x_wconf 76' lang='grc' dir='ltr'>Θεωρία</span> <span class='ocrx_word' id='word_1_369' title='bbox 3096 2075 3120 2102; x_wconf 74' lang='grc' dir='ltr'><strong>ε</strong></span> <span class='ocrx_word' id='word_1_370' title='bbox 3173 2066 3270 2134; x_wconf 77' lang='grc' dir='ltr'>μὲν</span> <span class='ocrx_word' id='word_1_371' title='bbox 3302 2065 3434 2136; x_wconf 79' lang='grc' dir='ltr'>γὰρ,</span> <span class='ocrx_word' id='word_1_372' title='bbox 3481 2064 3556 2128; x_wconf 87' lang='grc' dir='ltr'>ὼς</span> <span class='ocrx_word' id='word_1_373' title='bbox 3591 2064 3752 2134; x_wconf 76' lang='grc' dir='ltr'>ἔφην,</span> 
     </span>
    </p>
   </div>
   <div class='ocr_carea' id='block_1_49' title="bbox 2157 2140 3751 2230">
    <p class='ocr_par' dir='ltr' id='par_1_49' title="bbox 2157 2140 3751 2230">
     <span class='ocr_line' id='line_1_49' title="bbox 2157 2140 3751 2230; baseline -0.001 -19"><span class='ocrx_word' id='word_1_374' title='bbox 2157 2160 2499 2230; x_wconf 80' lang='grc' dir='ltr'>έτεροούσιον</span> <span class='ocrx_word' id='word_1_375' title='bbox 2518 2152 2685 2211; x_wconf 77' lang='grc' dir='ltr'>οὖσαν</span> <span class='ocrx_word' id='word_1_376' title='bbox 2704 2140 2803 2229; x_wconf 84' lang='grc' dir='ltr'>τὴν</span> <span class='ocrx_word' id='word_1_377' title='bbox 2828 2157 3007 2229; x_wconf 82' lang='grc' dir='ltr'>σάρκα</span> <span class='ocrx_word' id='word_1_378' title='bbox 3028 2160 3179 2229; x_wconf 80' lang='grc' dir='ltr'>παρὰ</span> <span class='ocrx_word' id='word_1_379' title='bbox 3202 2159 3291 2211; x_wconf 71' lang='grc' dir='ltr'><strong>τὸν</strong></span> <span class='ocrx_word' id='word_1_380' title='bbox 3312 2157 3585 2212; x_wconf 78' lang='grc' dir='ltr'>ἐνωθέντα</span> <span class='ocrx_word' id='word_1_381' title='bbox 3610 2156 3751 2228; x_wconf 75' lang='grc' dir='ltr'>αὑτῇ</span> 
     </span>
    </p>
   </div>
   <div class='ocr_carea' id='block_1_50' title="bbox 2157 2248 3749 2320">
    <p class='ocr_par' dir='ltr' id='par_1_50' title="bbox 2157 2248 3749 2320">
     <span class='ocr_line' id='line_1_50' title="bbox 2157 2248 3749 2320; baseline 0 -17"><span class='ocrx_word' id='word_1_382' title='bbox 2157 2251 2332 2318; x_wconf 88' lang='grc' dir='ltr'>Λόγον</span> <span class='ocrx_word' id='word_1_383' title='bbox 2368 2249 2575 2304; x_wconf 75' lang='grc' dir='ltr'>κατίδοι</span> <span class='ocrx_word' id='word_1_384' title='bbox 2615 2267 2699 2313; x_wconf 92' lang='grc' dir='ltr'><strong>τις</strong></span> <span class='ocrx_word' id='word_1_385' title='bbox 2734 2250 2821 2304; x_wconf 84' lang='grc' dir='ltr'><strong>ἄν.</strong></span> <span class='ocrx_word' id='word_1_386' title='bbox 2868 2249 3088 2320; x_wconf 79' lang='grc' dir='ltr'>Ἐπειδὴ</span> <span class='ocrx_word' id='word_1_387' title='bbox 3120 2250 3176 2303; x_wconf 77' lang='grc' dir='ltr'>δὲ</span> <span class='ocrx_word' id='word_1_388' title='bbox 3203 2248 3334 2303; x_wconf 80' lang='grc' dir='ltr'>Υξδν</span> <span class='ocrx_word' id='word_1_389' title='bbox 3362 2251 3459 2304; x_wconf 78' lang='grc' dir='ltr'>ἕνα</span> <span class='ocrx_word' id='word_1_390' title='bbox 3491 2251 3586 2303; x_wconf 82' lang='grc' dir='ltr'><strong>καί</strong></span> <span class='ocrx_word' id='word_1_391' title='bbox 3609 2249 3749 2319; x_wconf 78' lang='grc' dir='ltr'>Χριο</span> 
     </span>
    </p>
   </div>
   <div class='ocr_carea' id='block_1_51' title="bbox 2159 2341 3756 2415">
    <p class='ocr_par' dir='ltr' id='par_1_51' title="bbox 2159 2341 3756 2415">
     <span class='ocr_line' id='line_1_51' title="bbox 2159 2341 3756 2415; baseline 0 -20"><span class='ocrx_word' id='word_1_392' title='bbox 2159 2342 2287 2396; x_wconf 81' lang='grc' dir='ltr'>στὸν</span> <span class='ocrx_word' id='word_1_393' title='bbox 2312 2343 2408 2395; x_wconf 71' lang='grc' dir='ltr'>καὶ</span> <span class='ocrx_word' id='word_1_394' title='bbox 2431 2341 2639 2413; x_wconf 84' lang='grc' dir='ltr'>Κύριον</span> <span class='ocrx_word' id='word_1_395' title='bbox 2662 2342 2719 2396; x_wconf 78' lang='grc' dir='ltr'>αἱ</span> <span class='ocrx_word' id='word_1_396' title='bbox 2760 2342 3111 2396; x_wconf 80' lang='grc' dir='ltr'>θεόπνευστοι</span> <span class='ocrx_word' id='word_1_397' title='bbox 3154 2342 3371 2412; x_wconf 81' lang='grc' dir='ltr'>λέγουσι</span> <span class='ocrx_word' id='word_1_398' title='bbox 3396 2343 3630 2415; x_wconf 73' lang='grc' dir='ltr'>Γραφαὶ.</span> <span class='ocrx_word' id='word_1_399' title='bbox 3657 2345 3756 2396; x_wconf 73' lang='grc' dir='ltr'><strong>καὶ</strong></span> 
     </span>
    </p>
   </div>
   <div class='ocr_carea' id='block_1_52' title="bbox 2153 2435 3753 2508">
    <p class='ocr_par' dir='ltr' id='par_1_52' title="bbox 2153 2435 3753 2508">
     <span class='ocr_line' id='line_1_52' title="bbox 2153 2435 3753 2508; baseline 0.001 -20"><span class='ocrx_word' id='word_1_400' title='bbox 2153 2435 2255 2505; x_wconf 82' lang='grc' dir='ltr'>τῆς</span> <span class='ocrx_word' id='word_1_401' title='bbox 2294 2437 2531 2500; x_wconf 85' lang='grc' dir='ltr'>πίστεως</span> <span class='ocrx_word' id='word_1_402' title='bbox 2566 2439 2599 2506; x_wconf 78' lang='grc' dir='ltr'>ἡ</span> <span class='ocrx_word' id='word_1_403' title='bbox 2648 2437 2951 2508; x_wconf 87' lang='grc' dir='ltr'>παράδοσις</span> <span class='ocrx_word' id='word_1_404' title='bbox 2980 2435 3154 2500; x_wconf 71' lang='grc' dir='ltr'>οὕτως</span> <span class='ocrx_word' id='word_1_405' title='bbox 3192 2436 3328 2507; x_wconf 74' lang='grc' dir='ltr'>ἔχει,</span> <span class='ocrx_word' id='word_1_406' title='bbox 3370 2437 3467 2489; x_wconf 56' lang='grc' dir='ltr'><strong>καὶ⁸</strong></span> <span class='ocrx_word' id='word_1_407' title='bbox 3496 2437 3595 2506; x_wconf 79' lang='grc' dir='ltr'><strong>οὐχ</strong></span> <span class='ocrx_word' id='word_1_408' title='bbox 3626 2435 3753 2489; x_wconf 79' lang='grc' dir='ltr'>ἑτέ-</span> 
     </span>
    </p>
   </div>
   <div class='ocr_carea' id='block_1_53' title="bbox 2159 2526 3756 2600">
    <p class='ocr_par' dir='ltr' id='par_1_53' title="bbox 2159 2526 3756 2600">
     <span class='ocr_line' id='line_1_53' title="bbox 2159 2526 3756 2600; baseline 0 -18"><span class='ocrx_word' id='word_1_409' title='bbox 2159 2545 2289 2598; x_wconf 86' lang='grc' dir='ltr'>ρως,</span> <span class='ocrx_word' id='word_1_410' title='bbox 2308 2530 2729 2597; x_wconf 82' lang='grc' dir='ltr'>συνενεγκόντες</span> <span class='ocrx_word' id='word_1_411' title='bbox 2756 2530 2921 2600; x_wconf 78' lang='grc' dir='ltr'>ἡμεῖς</span> <span class='ocrx_word' id='word_1_412' title='bbox 2940 2530 3020 2592; x_wconf 74' lang='grc' dir='ltr'>εἰς</span> <span class='ocrx_word' id='word_1_413' title='bbox 3049 2528 3379 2600; x_wconf 79' lang='grc' dir='ltr'>ἁδιάτμητον</span> <span class='ocrx_word' id='word_1_414' title='bbox 3401 2528 3591 2581; x_wconf 73' lang='grc' dir='ltr'>ἕνωσιν</span> <span class='ocrx_word' id='word_1_415' title='bbox 3621 2526 3756 2597; x_wconf 62' lang='grc' dir='ltr'>ἐψυ-</span> 
     </span>
    </p>
   </div>
   <div class='ocr_carea' id='block_1_54' title="bbox 2155 2618 3753 2692">
    <p class='ocr_par' dir='ltr' id='par_1_54' title="bbox 2155 2618 3753 2692">
     <span class='ocr_line' id='line_1_54' title="bbox 2155 2618 3753 2692; baseline -0.001 -18"><span class='ocrx_word' id='word_1_416' title='bbox 2155 2622 2381 2692; x_wconf 79' lang='grc' dir='ltr'>χωμένῃ</span> <span class='ocrx_word' id='word_1_417' title='bbox 2402 2620 2605 2691; x_wconf 83' lang='grc' dir='ltr'>νοερῶς</span> <span class='ocrx_word' id='word_1_418' title='bbox 2628 2623 2695 2692; x_wconf 84' lang='grc' dir='ltr'><strong>τῇ</strong></span> <span class='ocrx_word' id='word_1_419' title='bbox 2728 2622 2894 2692; x_wconf 74' lang='grc' dir='ltr'>σαρκὶ</span> <span class='ocrx_word' id='word_1_420' title='bbox 2922 2621 3014 2673; x_wconf 79' lang='grc' dir='ltr'>τὸν</span> <span class='ocrx_word' id='word_1_421' title='bbox 3046 2621 3123 2673; x_wconf 75' lang='grc' dir='ltr'>ἐκ</span> <span class='ocrx_word' id='word_1_422' title='bbox 3145 2618 3282 2673; x_wconf 82' lang='grc' dir='ltr'>Θεοῦ</span> <span class='ocrx_word' id='word_1_423' title='bbox 3310 2619 3525 2691; x_wconf 82' lang='grc' dir='ltr'>Πατρὸς</span> <span class='ocrx_word' id='word_1_424' title='bbox 3555 2620 3753 2688; x_wconf 84' lang='grc' dir='ltr'>Λόγον,</span> 
     </span>
    </p>
   </div>
   <div class='ocr_carea' id='block_1_55' title="bbox 2155 2712 3756 2786">
    <p class='ocr_par' dir='ltr' id='par_1_55' title="bbox 2155 2712 3756 2786">
     <span class='ocr_line' id='line_1_55' title="bbox 2155 2712 3756 2786; baseline -0.002 -18"><span class='ocrx_word' id='word_1_425' title='bbox 2155 2715 2253 2768; x_wconf 78' lang='grc' dir='ltr'>ἕνα</span> <span class='ocrx_word' id='word_1_426' title='bbox 2286 2715 2523 2786; x_wconf 71' lang='grc' dir='ltr'>Χριστὸν</span> <span class='ocrx_word' id='word_1_427' title='bbox 2554 2713 2650 2769; x_wconf 78' lang='grc' dir='ltr'>καὶ</span> <span class='ocrx_word' id='word_1_428' title='bbox 2681 2714 2810 2766; x_wconf 81' lang='grc' dir='ltr'><strong>Υῐὸν</strong></span> <span class='ocrx_word' id='word_1_429' title='bbox 2844 2712 3218 2781; x_wconf 68' lang='grc' dir='ltr'>ὁμολογοῦμεν</span> <span class='ocrx_word' id='word_1_430' title='bbox 3248 2712 3538 2783; x_wconf 81' lang='grc' dir='ltr'>ὑπάρχειν.</span> <span class='ocrx_word' id='word_1_431' title='bbox 3579 2712 3668 2775; x_wconf 79' lang='grc' dir='ltr'>Ὠς</span> <span class='ocrx_word' id='word_1_432' title='bbox 3694 2713 3756 2766; x_wconf 77' lang='grc' dir='ltr'>δὲ</span> 
     </span>
    </p>
   </div>
   <div class='ocr_carea' id='block_1_56' title="bbox 2156 2800 3755 2875">
    <p class='ocr_par' dir='ltr' id='par_1_56' title="bbox 2156 2800 3755 2875">
     <span class='ocr_line' id='line_1_56' title="bbox 2156 2800 3755 2875; baseline -0.001 -16"><span class='ocrx_word' id='word_1_433' title='bbox 2156 2807 2276 2870; x_wconf 80' lang='grc' dir='ltr'>ένδς</span> <span class='ocrx_word' id='word_1_434' title='bbox 2297 2806 2449 2870; x_wconf 79' lang='grc' dir='ltr'>ὄντος</span> <span class='ocrx_word' id='word_1_435' title='bbox 2478 2806 2573 2859; x_wconf 89' lang='grc' dir='ltr'><strong>τοῦ</strong></span> <span class='ocrx_word' id='word_1_436' title='bbox 2604 2806 2758 2869; x_wconf 82' lang='grc' dir='ltr'>Υἱοῦ,</span> <span class='ocrx_word' id='word_1_437' title='bbox 2789 2806 2885 2859; x_wconf 76' lang='grc' dir='ltr'>καὶ</span> <span class='ocrx_word' id='word_1_438' title='bbox 2916 2803 2975 2857; x_wconf 78' lang='grc' dir='ltr'>ἓν</span> <span class='ocrx_word' id='word_1_439' title='bbox 3001 2804 3164 2857; x_wconf 82' lang='grc' dir='ltr'>αὑτοῦ</span> <span class='ocrx_word' id='word_1_440' title='bbox 3197 2820 3380 2874; x_wconf 72' lang='grc' dir='ltr'>φαμεν</span> <span class='ocrx_word' id='word_1_441' title='bbox 3412 2800 3552 2858; x_wconf 76' lang='grc' dir='ltr'>εἶναι</span> <span class='ocrx_word' id='word_1_442' title='bbox 3576 2806 3755 2875; x_wconf 77' lang='grc' dir='ltr'>πρόσ-</span> 
     </span>
    </p>
   </div>
   <div class='ocr_carea' id='block_1_57' title="bbox 2157 2892 3757 2968">
    <p class='ocr_par' dir='ltr' id='par_1_57' title="bbox 2157 2892 3757 2968">
     <span class='ocr_line' id='line_1_57' title="bbox 2157 2892 3757 2968; baseline -0.003 -17"><span class='ocrx_word' id='word_1_443' title='bbox 2157 2914 2327 2963; x_wconf 89' lang='grc' dir='ltr'>ωπον,</span> <span class='ocrx_word' id='word_1_444' title='bbox 2383 2897 2641 2968; x_wconf 76' lang='grc' dir='ltr'>ἑπόμενοι</span> <span class='ocrx_word' id='word_1_445' title='bbox 2692 2892 2970 2966; x_wconf 78' lang='grc' dir='ltr'>πανταχοῦ</span> <span class='ocrx_word' id='word_1_446' title='bbox 3001 2893 3079 2965; x_wconf 80' lang='grc' dir='ltr'>τῷ</span> <span class='ocrx_word' id='word_1_447' title='bbox 3111 2894 3239 2965; x_wconf 77' lang='grc' dir='ltr'>θείῳ</span> <span class='ocrx_word' id='word_1_448' title='bbox 3267 2910 3326 2948; x_wconf 88' lang='grc' dir='ltr'><strong>τε</strong></span> <span class='ocrx_word' id='word_1_449' title='bbox 3358 2894 3455 2948; x_wconf 75' lang='grc' dir='ltr'>καὶ</span> <span class='ocrx_word' id='word_1_450' title='bbox 3490 2894 3620 2965; x_wconf 80' lang='grc' dir='ltr'>ἱερῷ</span> <span class='ocrx_word' id='word_1_451' title='bbox 3652 2912 3757 2963; x_wconf 76' lang='grc' dir='ltr'>κη-</span> 
     </span>
    </p>
   </div>
   <div class='ocr_carea' id='block_1_58' title="bbox 2160 2988 3754 3061">
    <p class='ocr_par' dir='ltr' id='par_1_58' title="bbox 2160 2988 3754 3061">
     <span class='ocr_line' id='line_1_58' title="bbox 2160 2988 3754 3061; baseline -0.002 -18"><span class='ocrx_word' id='word_1_452' title='bbox 2160 2988 2424 3061; x_wconf 75' lang='grc' dir='ltr'>ρύγματι,</span> <span class='ocrx_word' id='word_1_453' title='bbox 2456 2989 2549 3043; x_wconf 73' lang='grc' dir='ltr'>καὶ</span> <span class='ocrx_word' id='word_1_454' title='bbox 2578 2992 2689 3054; x_wconf 83' lang='grc' dir='ltr'>τοῖς</span> <span class='ocrx_word' id='word_1_455' title='bbox 2723 2989 2819 3042; x_wconf 83' lang='grc' dir='ltr'><strong>ἀπ’</strong></span> <span class='ocrx_word' id='word_1_456' title='bbox 2856 2988 3037 3059; x_wconf 80' lang='grc' dir='ltr'>ἀρχῆς</span> <span class='ocrx_word' id='word_1_457' title='bbox 3070 2988 3370 3052; x_wconf 87' lang='grc' dir='ltr'>αὑτόπταις</span> <span class='ocrx_word' id='word_1_458' title='bbox 3410 2988 3505 3042; x_wconf 75' lang='grc' dir='ltr'>καὶ</span> <span class='ocrx_word' id='word_1_459' title='bbox 3540 2988 3754 3059; x_wconf 85' lang='grc' dir='ltr'>ὑπηρέ-</span> 
     </span>
    </p>
   </div>
   <div class='ocr_carea' id='block_1_59' title="bbox 2156 3078 3751 3153">
    <p class='ocr_par' dir='ltr' id='par_1_59' title="bbox 2156 3078 3751 3153">
     <span class='ocr_line' id='line_1_59' title="bbox 2156 3078 3751 3153; baseline 0 -20"><span class='ocrx_word' id='word_1_460' title='bbox 2156 3097 2279 3145; x_wconf 85' lang='grc' dir='ltr'>ταις</span> <span class='ocrx_word' id='word_1_461' title='bbox 2329 3079 2641 3153; x_wconf 75' lang='grc' dir='ltr'>γενομένοις</span> <span class='ocrx_word' id='word_1_462' title='bbox 2674 3078 2767 3133; x_wconf 86' lang='grc' dir='ltr'><strong>τοῦ</strong></span> <span class='ocrx_word' id='word_1_463' title='bbox 2802 3079 2995 3147; x_wconf 85' lang='grc' dir='ltr'>Λόγου.</span> <span class='ocrx_word' id='word_1_464' title='bbox 3026 3079 3168 3142; x_wconf 85' lang='grc' dir='ltr'>Τοὺς</span> <span class='ocrx_word' id='word_1_465' title='bbox 3202 3078 3257 3133; x_wconf 80' lang='grc' dir='ltr'>δὲ</span> <span class='ocrx_word' id='word_1_466' title='bbox 3292 3078 3478 3151; x_wconf 78' lang='grc' dir='ltr'>ἕτερόν</span> <span class='ocrx_word' id='word_1_467' title='bbox 3507 3096 3557 3131; x_wconf 88' lang='grc' dir='ltr'><strong>τι</strong></span> <span class='ocrx_word' id='word_1_468' title='bbox 3591 3080 3751 3150; x_wconf 72' lang='grc' dir='ltr'>παρὰ</span> 
     </span>
    </p>
   </div>
   <div class='ocr_carea' id='block_1_60' title="bbox 467 3163 2052 3244">
    <p class='ocr_par' dir='ltr' id='par_1_60' title="bbox 467 3163 2052 3238">
     <span class='ocr_line' id='line_1_60' title="bbox 467 3163 2052 3238; baseline 0.007 -23"><span class='ocrx_word' id='word_1_469' title='bbox 467 3173 822 3233; x_wconf 79' lang='lat' dir='ltr'><strong>sanctamque</strong></span> <span class='ocrx_word' id='word_1_470' title='bbox 846 3163 971 3219; x_wconf 83' lang='lat' dir='ltr'><strong>ﬁdei</strong></span> <span class='ocrx_word' id='word_1_471' title='bbox 1001 3167 1472 3236; x_wconf 83' lang='lat' dir='ltr'><strong>praedicationem,</strong></span> <span class='ocrx_word' id='word_1_472' title='bbox 1501 3184 1707 3238; x_wconf 91' lang='lat' dir='ltr'><strong>eosque</strong></span> <span class='ocrx_word' id='word_1_473' title='bbox 1735 3170 1828 3238; x_wconf 92' lang='lat' dir='ltr'><strong>qui</strong></span> <span class='ocrx_word' id='word_1_474' title='bbox 1851 3169 1919 3223; x_wconf 93' lang='lat' dir='ltr'><strong>ab</strong></span> <span class='ocrx_word' id='word_1_475' title='bbox 1948 3169 2052 3228; x_wconf 84' lang='lat' dir='ltr'><strong>ini-</strong></span> 
     </span>
    </p>
   </div>
   <div class='ocr_carea' id='block_1_61' title="bbox 2158 3163 3748 3244">
    <p class='ocr_par' dir='ltr' id='par_1_61' title="bbox 2158 3170 3748 3244">
     <span class='ocr_line' id='line_1_61' title="bbox 2158 3170 3748 3244; baseline 0.001 -20"><span class='ocrx_word' id='word_1_476' title='bbox 2158 3171 2312 3225; x_wconf 88' lang='grc' dir='ltr'>τοῦτο</span> <span class='ocrx_word' id='word_1_477' title='bbox 2346 3174 2567 3244; x_wconf 86' lang='grc' dir='ltr'>φρονεῖν</span> <span class='ocrx_word' id='word_1_478' title='bbox 2603 3171 2880 3237; x_wconf 76' lang='grc' dir='ltr'>εἰωθότας,</span> <span class='ocrx_word' id='word_1_479' title='bbox 2918 3172 3017 3225; x_wconf 54' lang='grc' dir='ltr'><strong>καὶ¹</strong></span> <span class='ocrx_word' id='word_1_480' title='bbox 3055 3170 3429 3241; x_wconf 84' lang='grc' dir='ltr'>συλλογισμῶν</span> <span class='ocrx_word' id='word_1_481' title='bbox 3465 3170 3748 3226; x_wconf 82' lang='grc' dir='ltr'>ἀσυνέτων</span> 
     </span>
    </p>
   </div>
   <div class='ocr_carea' id='block_1_62' title="bbox 468 3250 2049 3324">
    <p class='ocr_par' dir='ltr' id='par_1_62' title="bbox 468 3250 2049 3324">
     <span class='ocr_line' id='line_1_62' title="bbox 468 3250 2049 3324; baseline 0.007 -22"><span class='ocrx_word' id='word_1_482' title='bbox 468 3250 547 3303; x_wconf 88' lang='lat' dir='ltr'><strong>tio</strong></span> <span class='ocrx_word' id='word_1_483' title='bbox 572 3250 852 3316; x_wconf 89' lang='lat' dir='ltr'><strong>viderunt,</strong></span> <span class='ocrx_word' id='word_1_484' title='bbox 905 3253 1191 3324; x_wconf 90' lang='lat' dir='ltr'><strong>ipsiusque</strong></span> <span class='ocrx_word' id='word_1_485' title='bbox 1236 3254 1402 3311; x_wconf 79' lang='lat' dir='ltr'><strong>Verbi</strong></span> <span class='ocrx_word' id='word_1_486' title='bbox 1426 3256 1665 3311; x_wconf 91' lang='lat' dir='ltr'><strong>ministri</strong></span> <span class='ocrx_word' id='word_1_487' title='bbox 1693 3258 2049 3324; x_wconf 82' lang='lat' dir='ltr'><strong>exstiterunt,</strong></span> 
     </span>
    </p>
   </div>
   <div class='ocr_carea' id='block_1_63' title="bbox 468 3340 2053 3417">
    <p class='ocr_par' dir='ltr' id='par_1_63' title="bbox 468 3340 2053 3417">
     <span class='ocr_line' id='line_1_63' title="bbox 468 3340 2053 3417; baseline 0.009 -25"><span class='ocrx_word' id='word_1_488' title='bbox 468 3340 673 3411; x_wconf 84' lang='lat' dir='ltr'><strong>ubique</strong></span> <span class='ocrx_word' id='word_1_489' title='bbox 704 3344 898 3398; x_wconf 88' lang='lat' dir='ltr'><strong>secuti.</strong></span> <span class='ocrx_word' id='word_1_490' title='bbox 925 3345 1028 3411; x_wconf 85' lang='lat' dir='ltr'><strong>Qui</strong></span> <span class='ocrx_word' id='word_1_491' title='bbox 1052 3348 1509 3417; x_wconf 90' lang='lat' dir='ltr'><strong>autemquiddam</strong></span> <span class='ocrx_word' id='word_1_492' title='bbox 1537 3348 1606 3404; x_wconf 89' lang='lat' dir='ltr'><strong>ab</strong></span> <span class='ocrx_word' id='word_1_493' title='bbox 1634 3348 1739 3404; x_wconf 87' lang='lat' dir='ltr'><strong>hoc</strong></span> <span class='ocrx_word' id='word_1_494' title='bbox 1772 3346 2053 3405; x_wconf 89' lang='lat' dir='ltr'><strong>diversum</strong></span> 
     </span>
    </p>
   </div>
   <div class='ocr_carea' id='block_1_64' title="bbox 465 3439 2053 3513">
    <p class='ocr_par' dir='ltr' id='par_1_64' title="bbox 465 3439 2053 3513">
     <span class='ocr_line' id='line_1_64' title="bbox 465 3439 2053 3513; baseline 0.006 -27"><span class='ocrx_word' id='word_1_495' title='bbox 465 3448 659 3503; x_wconf 76' lang='lat' dir='ltr'><strong>sapere</strong></span> <span class='ocrx_word' id='word_1_496' title='bbox 689 3446 1119 3503; x_wconf 85' lang='lat' dir='ltr'><strong>consueverunt,</strong></span> <span class='ocrx_word' id='word_1_497' title='bbox 1147 3439 1575 3511; x_wconf 86' lang='lat' dir='ltr'><strong>ineptorumque</strong></span> <span class='ocrx_word' id='word_1_498' title='bbox 1610 3440 2053 3513; x_wconf 82' lang='lat' dir='ltr'><strong>syllogismorum</strong></span> 
     </span>
    </p>
   </div>
   <div class='ocr_carea' id='block_1_65' title="bbox 467 3528 2048 3603">
    <p class='ocr_par' dir='ltr' id='par_1_65' title="bbox 467 3528 2048 3603">
     <span class='ocr_line' id='line_1_65' title="bbox 467 3528 2048 3603; baseline 0.006 -24"><span class='ocrx_word' id='word_1_499' title='bbox 467 3528 793 3582; x_wconf 89' lang='lat' dir='ltr'><strong>commentis</strong></span> <span class='ocrx_word' id='word_1_500' title='bbox 818 3528 887 3583; x_wconf 92' lang='lat' dir='ltr'><strong>ad</strong></span> <span class='ocrx_word' id='word_1_501' title='bbox 940 3546 1005 3585; x_wconf 89' lang='lat' dir='ltr'><strong>ea</strong></span> <span class='ocrx_word' id='word_1_502' title='bbox 1035 3531 1357 3597; x_wconf 83' lang='lat' dir='ltr'><strong>deﬂectunt,</strong></span> <span class='ocrx_word' id='word_1_503' title='bbox 1390 3532 1459 3587; x_wconf 91' lang='lat' dir='ltr'><strong>ad</strong></span> <span class='ocrx_word' id='word_1_504' title='bbox 1509 3549 1631 3603; x_wconf 58' lang='lat' dir='ltr'><strong>qua</strong></span> <span class='ocrx_word' id='word_1_505' title='bbox 1661 3548 1771 3588; x_wconf 93' lang='lat' dir='ltr'><strong>non</strong></span> <span class='ocrx_word' id='word_1_506' title='bbox 1810 3541 2048 3603; x_wconf 90' lang='lat' dir='ltr'><strong>oportet,</strong></span> 
     </span>
    </p>
   </div>
   <div class='ocr_carea' id='block_1_66' title="bbox 466 3623 2048 3695">
    <p class='ocr_par' dir='ltr' id='par_1_66' title="bbox 466 3623 2048 3695">
     <span class='ocr_line' id='line_1_66' title="bbox 466 3623 2048 3695; baseline 0.004 -25"><span class='ocrx_word' id='word_1_507' title='bbox 466 3634 562 3671; x_wconf 87' lang='lat' dir='ltr'><strong>eos</strong></span> <span class='ocrx_word' id='word_1_508' title='bbox 610 3635 639 3672; x_wconf 92' lang='lat' dir='ltr'><strong>a</strong></span> <span class='ocrx_word' id='word_1_509' title='bbox 682 3629 868 3674; x_wconf 89' lang='lat' dir='ltr'><strong>nostra</strong></span> <span class='ocrx_word' id='word_1_510' title='bbox 911 3623 1299 3679; x_wconf 91' lang='lat' dir='ltr'><strong>communione</strong></span> <span class='ocrx_word' id='word_1_511' title='bbox 1353 3623 1688 3695; x_wconf 81' lang='lat' dir='ltr'><strong>rejiciemus,</strong></span> <span class='ocrx_word' id='word_1_512' title='bbox 1737 3623 1988 3678; x_wconf 90' lang='lat' dir='ltr'><strong>dicentes</strong></span> <span class='ocrx_word' id='word_1_513' title='bbox 2036 3642 2048 3676; x_wconf 88' lang='lat'>:</span> 
     </span>
    </p>
   </div>
   <div class='ocr_carea' id='block_1_67' title="bbox 474 3709 2053 3786">
    <p class='ocr_par' dir='ltr' id='par_1_67' title="bbox 474 3709 2053 3786">
     <span class='ocr_line' id='line_1_67' title="bbox 474 3709 2053 3786; baseline 0.004 -22"><span class='ocrx_word' id='word_1_514' title='bbox 474 3730 489 3755; x_wconf 79' lang='grc' dir='ltr'><strong>ι</strong></span> <span class='ocrx_word' id='word_1_515' title='bbox 522 3709 813 3766; x_wconf 86' lang='lat' dir='ltr'><strong>Ambulate</strong></span> <span class='ocrx_word' id='word_1_516' title='bbox 864 3713 920 3767; x_wconf 92' lang='lat' dir='ltr'><strong>in</strong></span> <span class='ocrx_word' id='word_1_517' title='bbox 961 3714 1171 3770; x_wconf 91' lang='lat' dir='ltr'><strong>lumine</strong></span> <span class='ocrx_word' id='word_1_518' title='bbox 1216 3715 1358 3786; x_wconf 84' lang='lat' dir='ltr'><strong>ignis</strong></span> <span class='ocrx_word' id='word_1_519' title='bbox 1399 3717 1592 3781; x_wconf 89' lang='lat' dir='ltr'><strong>vestri,</strong></span> <span class='ocrx_word' id='word_1_520' title='bbox 1639 3726 1696 3772; x_wconf 91' lang='lat' dir='ltr'><strong>et</strong></span> <span class='ocrx_word' id='word_1_521' title='bbox 1743 3716 1799 3771; x_wconf 91' lang='lat' dir='ltr'><strong>in</strong></span> <span class='ocrx_word' id='word_1_522' title='bbox 1835 3715 2053 3771; x_wconf 84' lang='lat' dir='ltr'><strong>ﬂamma</strong></span> 
     </span>
    </p>
   </div>
   <div class='ocr_carea' id='block_1_68' title="bbox 465 3805 2051 3879">
    <p class='ocr_par' dir='ltr' id='par_1_68' title="bbox 465 3805 2051 3879">
     <span class='ocr_line' id='line_1_68' title="bbox 465 3805 2051 3879; baseline 0.006 -26"><span class='ocrx_word' id='word_1_523' title='bbox 465 3818 628 3869; x_wconf 86' lang='lat' dir='ltr'><strong>quam</strong></span> <span class='ocrx_word' id='word_1_524' title='bbox 653 3805 1019 3861; x_wconf 88' lang='lat' dir='ltr'><strong>succendistis</strong></span> <span class='ocrx_word' id='word_1_525' title='bbox 1034 3807 1098 3859; x_wconf 77' lang='grc'><strong>⁸³.</strong></span> <span class='ocrx_word' id='word_1_526' title='bbox 1123 3826 1140 3858; x_wconf 69' lang='grc' dir='ltr'><strong>ι</strong></span> <span class='ocrx_word' id='word_1_527' title='bbox 1162 3806 1657 3863; x_wconf 75' lang='lat' dir='ltr'><strong>Verumenimvero</strong></span> <span class='ocrx_word' id='word_1_528' title='bbox 1672 3810 1933 3879; x_wconf 89' lang='lat' dir='ltr'><strong>quoniam</strong></span> <span class='ocrx_word' id='word_1_529' title='bbox 1950 3824 2051 3862; x_wconf 89' lang='lat' dir='ltr'><strong>au-</strong></span> 
     </span>
    </p>
   </div>
   <div class='ocr_carea' id='block_1_69' title="bbox 466 3894 2047 3967">
    <p class='ocr_par' dir='ltr' id='par_1_69' title="bbox 466 3894 2047 3967">
     <span class='ocr_line' id='line_1_69' title="bbox 466 3894 2047 3967; baseline 0.004 -20"><span class='ocrx_word' id='word_1_530' title='bbox 466 3894 559 3948; x_wconf 89' lang='lat' dir='ltr'><strong>dio</strong></span> <span class='ocrx_word' id='word_1_531' title='bbox 592 3896 821 3951; x_wconf 83' lang='lat' dir='ltr'><strong>stolidos</strong></span> <span class='ocrx_word' id='word_1_532' title='bbox 850 3898 1118 3967; x_wconf 86' lang='lat' dir='ltr'><strong>quosdam</strong></span> <span class='ocrx_word' id='word_1_533' title='bbox 1144 3898 1609 3967; x_wconf 88' lang='lat' dir='ltr'><strong>circumcursare,</strong></span> <span class='ocrx_word' id='word_1_534' title='bbox 1652 3915 1717 3955; x_wconf 89' lang='lat' dir='ltr'><strong>ac</strong></span> <span class='ocrx_word' id='word_1_535' title='bbox 1770 3900 2047 3965; x_wconf 84' lang='lat' dir='ltr'><strong>dictitare,</strong></span> 
     </span>
    </p>
   </div>
   <div class='ocr_carea' id='block_1_70' title="bbox 465 3984 2052 4060">
    <p class='ocr_par' dir='ltr' id='par_1_70' title="bbox 465 3984 2052 4060">
     <span class='ocr_line' id='line_1_70' title="bbox 465 3984 2052 4060; baseline 0.001 -19"><span class='ocrx_word' id='word_1_536' title='bbox 465 4002 782 4056; x_wconf 83' lang='lat' dir='ltr'><strong>perversam</strong></span> <span class='ocrx_word' id='word_1_537' title='bbox 808 3984 1050 4043; x_wconf 85' lang='lat' dir='ltr'><strong>Nestorii</strong></span> <span class='ocrx_word' id='word_1_538' title='bbox 1080 3989 1386 4045; x_wconf 87' lang='lat' dir='ltr'><strong>doctrinam</strong></span> <span class='ocrx_word' id='word_1_539' title='bbox 1425 3989 1573 4060; x_wconf 88' lang='lat' dir='ltr'><strong>apud</strong></span> <span class='ocrx_word' id='word_1_540' title='bbox 1622 4004 1814 4045; x_wconf 91' lang='lat' dir='ltr'><strong>omnes</strong></span> <span class='ocrx_word' id='word_1_541' title='bbox 1862 3990 2052 4059; x_wconf 52' lang='lat' dir='ltr'><strong>piissi‘</strong></span> 
     </span>
    </p>
   </div>
   <div class='ocr_carea' id='block_1_71' title="bbox 466 4075 2053 4152">
    <p class='ocr_par' dir='ltr' id='par_1_71' title="bbox 466 4075 2053 4152">
     <span class='ocr_line' id='line_1_71' title="bbox 466 4075 2053 4152; baseline 0.003 -21"><span class='ocrx_word' id='word_1_542' title='bbox 466 4094 586 4133; x_wconf 90' lang='lat' dir='ltr'><strong>mos</strong></span> <span class='ocrx_word' id='word_1_543' title='bbox 610 4075 852 4134; x_wconf 85' lang='lat' dir='ltr'><strong>Orientis</strong></span> <span class='ocrx_word' id='word_1_544' title='bbox 872 4081 1161 4151; x_wconf 92' lang='lat' dir='ltr'><strong>episcopos</strong></span> <span class='ocrx_word' id='word_1_545' title='bbox 1189 4082 1519 4147; x_wconf 87' lang='lat' dir='ltr'><strong>obtinuisse,</strong></span> <span class='ocrx_word' id='word_1_546' title='bbox 1542 4090 1599 4137; x_wconf 92' lang='lat' dir='ltr'><strong>et</strong></span> <span class='ocrx_word' id='word_1_547' title='bbox 1641 4082 1785 4152; x_wconf 90' lang='lat' dir='ltr'><strong>apud</strong></span> <span class='ocrx_word' id='word_1_548' title='bbox 1823 4096 1919 4136; x_wconf 90' lang='lat' dir='ltr'><strong>eos</strong></span> <span class='ocrx_word' id='word_1_549' title='bbox 1965 4096 2053 4136; x_wconf 93' lang='lat' dir='ltr'><strong>re-</strong></span> 
     </span>
    </p>
   </div>
   <div class='ocr_carea' id='block_1_72' title="bbox 464 4171 2046 4243">
    <p class='ocr_par' dir='ltr' id='par_1_72' title="bbox 464 4171 2046 4243">
     <span class='ocr_line' id='line_1_72' title="bbox 464 4171 2046 4243; baseline 0 -18"><span class='ocrx_word' id='word_1_550' title='bbox 464 4180 607 4225; x_wconf 86' lang='lat' dir='ltr'><strong>ctam</strong></span> <span class='ocrx_word' id='word_1_551' title='bbox 633 4171 958 4237; x_wconf 81' lang='lat' dir='ltr'><strong>existimari,</strong></span> <span class='ocrx_word' id='word_1_552' title='bbox 984 4188 1215 4243; x_wconf 89' lang='lat' dir='ltr'><strong>eamque</strong></span> <span class='ocrx_word' id='word_1_553' title='bbox 1247 4174 1434 4243; x_wconf 88' lang='lat' dir='ltr'><strong>potius</strong></span> <span class='ocrx_word' id='word_1_554' title='bbox 1463 4172 1799 4243; x_wconf 87' lang='lat' dir='ltr'><strong>sequendam</strong></span> <span class='ocrx_word' id='word_1_555' title='bbox 1842 4173 2046 4243; x_wconf 91' lang='lat' dir='ltr'><strong>putari,</strong></span> 
     </span>
    </p>
   </div>
   <div class='ocr_carea' id='block_1_73' title="bbox 465 4262 2044 4333">
    <p class='ocr_par' dir='ltr' id='par_1_73' title="bbox 465 4262 2044 4333">
     <span class='ocr_line' id='line_1_73' title="bbox 465 4262 2044 4333; baseline 0.003 -17"><span class='ocrx_word' id='word_1_556' title='bbox 465 4262 601 4318; x_wconf 91' lang='lat' dir='ltr'><strong>illud</strong></span> <span class='ocrx_word' id='word_1_557' title='bbox 626 4274 846 4333; x_wconf 89' lang='lat' dir='ltr'><strong>quoque</strong></span> <span class='ocrx_word' id='word_1_558' title='bbox 870 4263 1225 4319; x_wconf 90' lang='lat' dir='ltr'><strong>indicandum</strong></span> <span class='ocrx_word' id='word_1_559' title='bbox 1247 4280 1369 4320; x_wconf 89' lang='lat' dir='ltr'><strong>esse</strong></span> <span class='ocrx_word' id='word_1_560' title='bbox 1390 4265 1693 4319; x_wconf 86' lang='lat' dir='ltr'><strong>arbitratus</strong></span> <span class='ocrx_word' id='word_1_561' title='bbox 1710 4280 1866 4319; x_wconf 89' lang='lat' dir='ltr'><strong>sum:</strong></span> <span class='ocrx_word' id='word_1_562' title='bbox 1891 4262 2044 4333; x_wconf 79' lang='grc'><strong>171</strong></span> 
     </span>
    </p>
   </div>
   <div class='ocr_carea' id='block_1_74' title="bbox 464 4344 2047 4427">
    <p class='ocr_par' dir='ltr' id='par_1_74' title="bbox 464 4344 2047 4427">
     <span class='ocr_line' id='line_1_74' title="bbox 464 4344 2047 4427; baseline 0 -20"><span class='ocrx_word' id='word_1_563' title='bbox 464 4344 911 4425; x_wconf 84' lang='lat' dir='ltr'><strong>quandoquidem</strong></span> <span class='ocrx_word' id='word_1_564' title='bbox 938 4354 1334 4427; x_wconf 80' lang='lat' dir='ltr'><strong>religiosissimi</strong></span> <span class='ocrx_word' id='word_1_565' title='bbox 1358 4356 1524 4411; x_wconf 87' lang='lat' dir='ltr'><strong>totius</strong></span> <span class='ocrx_word' id='word_1_566' title='bbox 1540 4354 1784 4411; x_wconf 91' lang='lat' dir='ltr'><strong>Orientis</strong></span> <span class='ocrx_word' id='word_1_567' title='bbox 1803 4354 2047 4425; x_wconf 89' lang='lat' dir='ltr'><strong>episcopi</strong></span> 
     </span>
    </p>
   </div>
   <div class='ocr_carea' id='block_1_75' title="bbox 466 4447 2050 4520">
    <p class='ocr_par' dir='ltr' id='par_1_75' title="bbox 466 4447 2050 4520">
     <span class='ocr_line' id='line_1_75' title="bbox 466 4447 2050 4520; baseline 0 -19"><span class='ocrx_word' id='word_1_568' title='bbox 466 4462 575 4501; x_wconf 83' lang='lat' dir='ltr'><strong>una</strong></span> <span class='ocrx_word' id='word_1_569' title='bbox 606 4462 730 4502; x_wconf 92' lang='lat' dir='ltr'><strong>cum</strong></span> <span class='ocrx_word' id='word_1_570' title='bbox 758 4447 983 4504; x_wconf 89' lang='lat' dir='ltr'><strong>domino</strong></span> <span class='ocrx_word' id='word_1_571' title='bbox 1012 4463 1136 4505; x_wconf 89' lang='lat' dir='ltr'><strong>meo</strong></span> <span class='ocrx_word' id='word_1_572' title='bbox 1165 4448 1375 4505; x_wconf 87' lang='lat' dir='ltr'><strong>Joanne</strong></span> <span class='ocrx_word' id='word_1_573' title='bbox 1399 4447 1818 4520; x_wconf 86' lang='lat' dir='ltr'><strong>religiosissimo</strong></span> <span class='ocrx_word' id='word_1_574' title='bbox 1859 4447 2050 4501; x_wconf 88' lang='lat' dir='ltr'><strong>Eccle-</strong></span> 
     </span>
    </p>
   </div>
   <div class='ocr_carea' id='block_1_76' title="bbox 2158 3260 3746 3333">
    <p class='ocr_par' dir='ltr' id='par_1_76' title="bbox 2158 3260 3746 3333">
     <span class='ocr_line' id='line_1_76' title="bbox 2158 3260 3746 3333; baseline 0.001 -20"><span class='ocrx_word' id='word_1_575' title='bbox 2158 3261 2488 3333; x_wconf 82' lang='grc' dir='ltr'>εὑρήμασιν,</span> <span class='ocrx_word' id='word_1_576' title='bbox 2542 3262 2629 3331; x_wconf 81' lang='grc' dir='ltr'><strong>ἐφ’</strong></span> <span class='ocrx_word' id='word_1_577' title='bbox 2667 3262 2703 3315; x_wconf 75' lang='grc' dir='ltr'><strong>ἃ</strong></span> <span class='ocrx_word' id='word_1_578' title='bbox 2754 3261 2827 3332; x_wconf 82' lang='grc' dir='ltr'>μὴ</span> <span class='ocrx_word' id='word_1_579' title='bbox 2877 3262 3188 3333; x_wconf 83' lang='grc' dir='ltr'>προσῆκεν,</span> <span class='ocrx_word' id='word_1_580' title='bbox 3242 3260 3746 3333; x_wconf 80' lang='grc' dir='ltr'>ὲκτετραμμένους,</span> 
     </span>
    </p>
   </div>
   <div class='ocr_carea' id='block_1_77' title="bbox 2156 3352 3750 3425">
    <p class='ocr_par' dir='ltr' id='par_1_77' title="bbox 2156 3352 3750 3425">
     <span class='ocr_line' id='line_1_77' title="bbox 2156 3352 3750 3425; baseline -0.003 -16"><span class='ocrx_word' id='word_1_581' title='bbox 2156 3354 2601 3425; x_wconf 72' lang='grc' dir='ltr'>ἀποπεμψόμεθα</span> <span class='ocrx_word' id='word_1_582' title='bbox 2655 3353 2674 3393; x_wconf 68' lang='grc' dir='ltr'><strong>ί</strong></span> <span class='ocrx_word' id='word_1_583' title='bbox 2725 3353 2826 3424; x_wconf 84' lang='grc' dir='ltr'>τῆς</span> <span class='ocrx_word' id='word_1_584' title='bbox 2862 3353 2999 3424; x_wconf 82' lang='grc' dir='ltr'>πρὸς</span> <span class='ocrx_word' id='word_1_585' title='bbox 3050 3353 3276 3416; x_wconf 79' lang='grc' dir='ltr'>ἑαυτοὺς</span> <span class='ocrx_word' id='word_1_586' title='bbox 3321 3353 3625 3415; x_wconf 82' lang='grc' dir='ltr'>κοινωνίας,</span> <span class='ocrx_word' id='word_1_587' title='bbox 3657 3352 3750 3405; x_wconf 81' lang='grc' dir='ltr'><strong>λέ-</strong></span> 
     </span>
    </p>
   </div>
   <div class='ocr_carea' id='block_1_78' title="bbox 2156 3443 3749 3517">
    <p class='ocr_par' dir='ltr' id='par_1_78' title="bbox 2156 3443 3749 3517">
     <span class='ocr_line' id='line_1_78' title="bbox 2156 3443 3749 3517; baseline -0.003 -16"><span class='ocrx_word' id='word_1_588' title='bbox 2156 3462 2364 3517; x_wconf 87' lang='grc' dir='ltr'>γοντες·</span> <span class='ocrx_word' id='word_1_589' title='bbox 2422 3466 2440 3498; x_wconf 80' lang='grc' dir='ltr'><strong>ι</strong></span> <span class='ocrx_word' id='word_1_590' title='bbox 2490 3444 2797 3517; x_wconf 81' lang='grc' dir='ltr'>Πορεύεσθε</span> <span class='ocrx_word' id='word_1_591' title='bbox 2825 3443 2905 3516; x_wconf 85' lang='grc' dir='ltr'><strong>τῷ</strong></span> <span class='ocrx_word' id='word_1_592' title='bbox 2935 3445 3075 3514; x_wconf 75' lang='grc' dir='ltr'>φωτὶ</span> <span class='ocrx_word' id='word_1_593' title='bbox 3104 3443 3199 3497; x_wconf 86' lang='grc' dir='ltr'><strong>τοῦ</strong></span> <span class='ocrx_word' id='word_1_594' title='bbox 3234 3443 3403 3513; x_wconf 76' lang='grc' dir='ltr'>πυρὸς</span> <span class='ocrx_word' id='word_1_595' title='bbox 3434 3443 3612 3512; x_wconf 86' lang='grc' dir='ltr'>ὑμῶν,</span> <span class='ocrx_word' id='word_1_596' title='bbox 3648 3447 3749 3497; x_wconf 71' lang='grc' dir='ltr'>καὶ</span> 
     </span>
    </p>
   </div>
   <div class='ocr_carea' id='block_1_79' title="bbox 2153 3530 3750 3611">
    <p class='ocr_par' dir='ltr' id='par_1_79' title="bbox 2153 3530 3750 3611">
     <span class='ocr_line' id='line_1_79' title="bbox 2153 3530 3750 3611; baseline -0.001 -20"><span class='ocrx_word' id='word_1_597' title='bbox 2153 3541 2221 3609; x_wconf 71' lang='grc' dir='ltr'>τῇ</span> <span class='ocrx_word' id='word_1_598' title='bbox 2256 3537 2436 3607; x_wconf 74' lang='grc' dir='ltr'>φλογὶ,</span> <span class='ocrx_word' id='word_1_599' title='bbox 2536 3535 2883 3602; x_wconf 80' lang='grc' dir='ltr'>ὲξεκαύσατε.</span> <span class='ocrx_word' id='word_1_600' title='bbox 2921 3556 2939 3587; x_wconf 75' lang='grc' dir='ltr'><strong>ι</strong></span> <span class='ocrx_word' id='word_1_601' title='bbox 2990 3535 3208 3607; x_wconf 81' lang='grc' dir='ltr'>Ἐπειδὴ</span> <span class='ocrx_word' id='word_1_602' title='bbox 3229 3535 3285 3589; x_wconf 77' lang='grc' dir='ltr'>δὲ</span> <span class='ocrx_word' id='word_1_603' title='bbox 3322 3535 3597 3605; x_wconf 85' lang='grc' dir='ltr'>μανθάνω,</span> <span class='ocrx_word' id='word_1_604' title='bbox 3631 3536 3750 3589; x_wconf 80' lang='grc' dir='ltr'><strong>τῶν</strong></span> 
     </span>
    </p>
   </div>
   <div class='ocr_carea' id='block_1_80' title="bbox 2156 3626 3749 3699">
    <p class='ocr_par' dir='ltr' id='par_1_80' title="bbox 2156 3626 3749 3699">
     <span class='ocr_line' id='line_1_80' title="bbox 2156 3626 3749 3699; baseline -0.002 -16"><span class='ocrx_word' id='word_1_605' title='bbox 2156 3630 2432 3684; x_wconf 84' lang='grc' dir='ltr'>ἀσυνέτων</span> <span class='ocrx_word' id='word_1_606' title='bbox 2447 3627 2599 3691; x_wconf 80' lang='grc' dir='ltr'>τινὰς</span> <span class='ocrx_word' id='word_1_607' title='bbox 2628 3628 3080 3699; x_wconf 81' lang='grc' dir='ltr'>περινοστοῦντας</span> <span class='ocrx_word' id='word_1_608' title='bbox 3101 3626 3303 3696; x_wconf 85' lang='grc' dir='ltr'>λέγειν,</span> <span class='ocrx_word' id='word_1_609' title='bbox 3321 3626 3395 3689; x_wconf 84' lang='grc' dir='ltr'>ὡς</span> <span class='ocrx_word' id='word_1_610' title='bbox 3423 3627 3749 3697; x_wconf 80' lang='grc' dir='ltr'>κεκράτηκε</span> 
     </span>
    </p>
   </div>
   <div class='ocr_carea' id='block_1_81' title="bbox 2156 3717 3750 3793">
    <p class='ocr_par' dir='ltr' id='par_1_81' title="bbox 2156 3717 3750 3793">
     <span class='ocr_line' id='line_1_81' title="bbox 2156 3717 3750 3793; baseline -0.003 -17"><span class='ocrx_word' id='word_1_611' title='bbox 2156 3722 2305 3793; x_wconf 73' lang='grc' dir='ltr'>παρὰ</span> <span class='ocrx_word' id='word_1_612' title='bbox 2344 3725 2455 3784; x_wconf 82' lang='grc' dir='ltr'>τοῖς</span> <span class='ocrx_word' id='word_1_613' title='bbox 2489 3722 2631 3785; x_wconf 81' lang='grc' dir='ltr'>κατὰ</span> <span class='ocrx_word' id='word_1_614' title='bbox 2659 3720 2759 3792; x_wconf 80' lang='grc' dir='ltr'>τὴν</span> <span class='ocrx_word' id='word_1_615' title='bbox 2788 3718 2929 3791; x_wconf 78' lang='grc' dir='ltr'>ἑῴαν</span> <span class='ocrx_word' id='word_1_616' title='bbox 2966 3720 3139 3773; x_wconf 78' lang='grc' dir='ltr'>ἅπασι</span> <span class='ocrx_word' id='word_1_617' title='bbox 3161 3717 3601 3783; x_wconf 79' lang='grc' dir='ltr'>θεοσεόεστάτοις</span> <span class='ocrx_word' id='word_1_618' title='bbox 3627 3720 3750 3772; x_wconf 65' lang='lat' dir='ltr'><strong>sm-</strong></span> 
     </span>
    </p>
   </div>
   <div class='ocr_carea' id='block_1_82' title="bbox 2157 3809 3745 3885">
    <p class='ocr_par' dir='ltr' id='par_1_82' title="bbox 2157 3809 3745 3885">
     <span class='ocr_line' id='line_1_82' title="bbox 2157 3809 3745 3885; baseline -0.003 -16"><span class='ocrx_word' id='word_1_619' title='bbox 2157 3816 2378 3878; x_wconf 86' lang='grc' dir='ltr'>σκόποις</span> <span class='ocrx_word' id='word_1_620' title='bbox 2412 3816 2445 3885; x_wconf 79' lang='grc' dir='ltr'>ἡ</span> <span class='ocrx_word' id='word_1_621' title='bbox 2487 3814 2781 3885; x_wconf 68' lang='grc' dir='ltr'>Νεπορίου</span> <span class='ocrx_word' id='word_1_622' title='bbox 2827 3812 3137 3876; x_wconf 83' lang='grc' dir='ltr'>κακοδοξία,</span> <span class='ocrx_word' id='word_1_623' title='bbox 3170 3812 3265 3867; x_wconf 73' lang='grc' dir='ltr'>καὶ</span> <span class='ocrx_word' id='word_1_624' title='bbox 3308 3809 3366 3865; x_wconf 74' lang='grc' dir='ltr'>εὖ</span> <span class='ocrx_word' id='word_1_625' title='bbox 3402 3811 3547 3884; x_wconf 77' lang='grc' dir='ltr'>ἔχειν</span> <span class='ocrx_word' id='word_1_626' title='bbox 3579 3812 3745 3865; x_wconf 85' lang='grc' dir='ltr'>ὑπεί-</span> 
     </span>
    </p>
   </div>
   <div class='ocr_carea' id='block_1_83' title="bbox 2155 3904 3746 3979">
    <p class='ocr_par' dir='ltr' id='par_1_83' title="bbox 2155 3904 3746 3979">
     <span class='ocr_line' id='line_1_83' title="bbox 2155 3904 3746 3979; baseline -0.001 -19"><span class='ocrx_word' id='word_1_627' title='bbox 2155 3908 2356 3979; x_wconf 82' lang='grc' dir='ltr'>ληπται</span> <span class='ocrx_word' id='word_1_628' title='bbox 2403 3908 2533 3977; x_wconf 82' lang='grc' dir='ltr'>παρ’</span> <span class='ocrx_word' id='word_1_629' title='bbox 2567 3906 2769 3969; x_wconf 78' lang='grc' dir='ltr'>αὐτοῖς,</span> <span class='ocrx_word' id='word_1_630' title='bbox 2806 3905 3110 3976; x_wconf 74' lang='grc' dir='ltr'>καὶταύτῃ</span> <span class='ocrx_word' id='word_1_631' title='bbox 3166 3908 3192 3945; x_wconf 75' lang='grc'><strong><em>⁸</em></strong></span> <span class='ocrx_word' id='word_1_632' title='bbox 3250 3904 3452 3976; x_wconf 78' lang='grc' dir='ltr'>μᾶλλον</span> <span class='ocrx_word' id='word_1_633' title='bbox 3508 3904 3746 3959; x_wconf 79' lang='grc' dir='ltr'>ἕπεσθαι</span> 
     </span>
    </p>
   </div>
   <div class='ocr_carea' id='block_1_84' title="bbox 2156 3998 3750 4073">
    <p class='ocr_par' dir='ltr' id='par_1_84' title="bbox 2156 3998 3750 4073">
     <span class='ocr_line' id='line_1_84' title="bbox 2156 3998 3750 4073; baseline -0.009 -18"><span class='ocrx_word' id='word_1_634' title='bbox 2156 4000 2281 4073; x_wconf 86' lang='grc' dir='ltr'>χρὴ,</span> <span class='ocrx_word' id='word_1_635' title='bbox 2312 4000 2420 4053; x_wconf 87' lang='grc' dir='ltr'>δεῖν</span> <span class='ocrx_word' id='word_1_636' title='bbox 2451 4000 2635 4071; x_wconf 75' lang='grc' dir='ltr'>ᾠήθην</span> <span class='ocrx_word' id='word_1_637' title='bbox 2670 3999 2890 4052; x_wconf 78' lang='grc' dir='ltr'>κάκεῖνο</span> <span class='ocrx_word' id='word_1_638' title='bbox 2931 3998 3191 4068; x_wconf 79' lang='grc' dir='ltr'>μηνῦσαι’</span> <span class='ocrx_word' id='word_1_639' title='bbox 3240 3998 3289 4050; x_wconf 81' lang='lat' dir='ltr'><strong>oi</strong></span> <span class='ocrx_word' id='word_1_640' title='bbox 3334 3998 3443 4069; x_wconf 82' lang='grc' dir='ltr'><strong>γάρ</strong></span> <span class='ocrx_word' id='word_1_641' title='bbox 3485 4014 3566 4051; x_wconf 74' lang='grc' dir='ltr'><strong>τοι</strong></span> <span class='ocrx_word' id='word_1_642' title='bbox 3601 3998 3750 4051; x_wconf 71' lang='grc' dir='ltr'>κατὰ</span> 
     </span>
    </p>
   </div>
   <div class='ocr_carea' id='block_1_85' title="bbox 2154 4088 3745 4163">
    <p class='ocr_par' dir='ltr' id='par_1_85' title="bbox 2154 4088 3745 4163">
     <span class='ocr_line' id='line_1_85' title="bbox 2154 4088 3745 4163; baseline -0.001 -18"><span class='ocrx_word' id='word_1_643' title='bbox 2154 4094 2254 4163; x_wconf 79' lang='grc' dir='ltr'>τὴν</span> <span class='ocrx_word' id='word_1_644' title='bbox 2284 4091 2423 4163; x_wconf 77' lang='grc' dir='ltr'>ἑῴαν</span> <span class='ocrx_word' id='word_1_645' title='bbox 2480 4092 2660 4145; x_wconf 77' lang='grc' dir='ltr'>πᾶσαν</span> <span class='ocrx_word' id='word_1_646' title='bbox 2708 4088 3118 4143; x_wconf 79' lang='grc' dir='ltr'>θεοσεϐέστατοι</span> <span class='ocrx_word' id='word_1_647' title='bbox 3150 4090 3462 4154; x_wconf 77' lang='grc' dir='ltr'>ἐπίσκοποι,</span> <span class='ocrx_word' id='word_1_648' title='bbox 3512 4090 3630 4161; x_wconf 73' lang='grc' dir='ltr'>ἅμα</span> <span class='ocrx_word' id='word_1_649' title='bbox 3661 4090 3745 4161; x_wconf 83' lang='grc' dir='ltr'><strong>τῷ</strong></span> 
     </span>
    </p>
   </div>
   <div class='ocr_carea' id='block_1_86' title="bbox 2153 4180 3753 4256">
    <p class='ocr_par' dir='ltr' id='par_1_86' title="bbox 2153 4180 3753 4256">
     <span class='ocr_line' id='line_1_86' title="bbox 2153 4180 3753 4256; baseline -0.003 -17"><span class='ocrx_word' id='word_1_650' title='bbox 2153 4186 2327 4256; x_wconf 80' lang='grc' dir='ltr'>κυρίῳ</span> <span class='ocrx_word' id='word_1_651' title='bbox 2369 4201 2470 4254; x_wconf 88' lang='grc' dir='ltr'><strong>μου</strong></span> <span class='ocrx_word' id='word_1_652' title='bbox 2523 4181 2600 4253; x_wconf 82' lang='grc' dir='ltr'>τῷ</span> <span class='ocrx_word' id='word_1_653' title='bbox 2647 4182 3053 4252; x_wconf 76' lang='grc' dir='ltr'>θεοσεὸεστάτῳ</span> <span class='ocrx_word' id='word_1_654' title='bbox 3088 4180 3189 4251; x_wconf 78' lang='grc' dir='ltr'>τῆς</span> <span class='ocrx_word' id='word_1_655' title='bbox 3236 4181 3557 4253; x_wconf 84' lang='grc' dir='ltr'>Ἀντιοχέων</span> <span class='ocrx_word' id='word_1_656' title='bbox 3618 4182 3753 4235; x_wconf 78' lang='grc' dir='ltr'><strong>Ἐκο</strong></span> 
     </span>
    </p>
   </div>
   <div class='ocr_carea' id='block_1_87' title="bbox 2154 4270 3748 4345">
    <p class='ocr_par' dir='ltr' id='par_1_87' title="bbox 2154 4270 3748 4345">
     <span class='ocr_line' id='line_1_87' title="bbox 2154 4270 3748 4345; baseline -0.003 -17"><span class='ocrx_word' id='word_1_657' title='bbox 2154 4274 2383 4345; x_wconf 82' lang='grc' dir='ltr'>κλησίας</span> <span class='ocrx_word' id='word_1_658' title='bbox 2408 4274 2695 4343; x_wconf 81' lang='grc' dir='ltr'>ὲπισκόπῳ</span> <span class='ocrx_word' id='word_1_659' title='bbox 2740 4272 2981 4344; x_wconf 77' lang='grc' dir='ltr'>Ἰωάννη,</span> <span class='ocrx_word' id='word_1_660' title='bbox 3011 4270 3077 4324; x_wconf 79' lang='grc' dir='ltr'>δι’</span> <span class='ocrx_word' id='word_1_661' title='bbox 3106 4272 3383 4343; x_wconf 78' lang='grc' dir='ltr'>ἐγγράφου</span> <span class='ocrx_word' id='word_1_662' title='bbox 3416 4272 3508 4325; x_wconf 64' lang='grc' dir='ltr'>καὶ</span> <span class='ocrx_word' id='word_1_663' title='bbox 3540 4270 3748 4340; x_wconf 87' lang='grc' dir='ltr'>σαφοῦς</span> 
     </span>
    </p>
   </div>
   <div class='ocr_carea' id='block_1_88' title="bbox 2151 4359 3751 4435">
    <p class='ocr_par' dir='ltr' id='par_1_88' title="bbox 2151 4359 3751 4435">
     <span class='ocr_line' id='line_1_88' title="bbox 2151 4359 3751 4435; baseline -0.003 -17"><span class='ocrx_word' id='word_1_664' title='bbox 2151 4362 2443 4435; x_wconf 86' lang='grc' dir='ltr'>ὁμολογίας</span> <span class='ocrx_word' id='word_1_665' title='bbox 2489 4362 2724 4433; x_wconf 71' lang='grc' dir='ltr'>φανερὸν</span> <span class='ocrx_word' id='word_1_666' title='bbox 2775 4361 2948 4415; x_wconf 80' lang='grc' dir='ltr'>ἆπασι</span> <span class='ocrx_word' id='word_1_667' title='bbox 2989 4361 3354 4428; x_wconf 84' lang='grc' dir='ltr'>κατέστησαν,</span> <span class='ocrx_word' id='word_1_668' title='bbox 3386 4361 3470 4414; x_wconf 85' lang='grc' dir='ltr'>ὅτι</span> <span class='ocrx_word' id='word_1_669' title='bbox 3513 4360 3611 4424; x_wconf 83' lang='grc' dir='ltr'><strong>τὰς</strong></span> <span class='ocrx_word' id='word_1_670' title='bbox 3647 4359 3751 4430; x_wconf 83' lang='grc' dir='ltr'>μὲν</span> 
     </span>
    </p>
   </div>
   <div class='ocr_carea' id='block_1_89' title="bbox 2153 4449 3747 4524">
    <p class='ocr_par' dir='ltr' id='par_1_89' title="bbox 2153 4449 3747 4524">
     <span class='ocr_line' id='line_1_89' title="bbox 2153 4449 3747 4524; baseline -0.003 -18"><span class='ocrx_word' id='word_1_671' title='bbox 2153 4452 2451 4524; x_wconf 76' lang='grc' dir='ltr'>Νεστορίου</span> <span class='ocrx_word' id='word_1_672' title='bbox 2485 4451 2745 4522; x_wconf 82' lang='grc' dir='ltr'>βεϐήλους</span> <span class='ocrx_word' id='word_1_673' title='bbox 2789 4451 3157 4520; x_wconf 81' lang='grc' dir='ltr'>καινοφωνίας</span> <span class='ocrx_word' id='word_1_674' title='bbox 3194 4451 3223 4490; x_wconf 75' lang='grc' dir='ltr'>ιι</span> <span class='ocrx_word' id='word_1_675' title='bbox 3255 4449 3645 4519; x_wconf 83' lang='grc' dir='ltr'>κατακρίνουσί</span> <span class='ocrx_word' id='word_1_676' title='bbox 3679 4466 3747 4502; x_wconf 90' lang='grc' dir='ltr'><strong>τε</strong></span> 
     </span>
    </p>
   </div>
   <div class='ocr_carea' id='block_1_90' title="bbox 467 4529 2052 4616">
    <p class='ocr_par' dir='ltr' id='par_1_90' title="bbox 467 4538 2052 4612">
     <span class='ocr_line' id='line_1_90' title="bbox 467 4538 2052 4612; baseline -0.001 -19"><span class='ocrx_word' id='word_1_677' title='bbox 467 4539 561 4594; x_wconf 75' lang='lat' dir='ltr'><strong>sia:</strong></span> <span class='ocrx_word' id='word_1_678' title='bbox 585 4538 942 4596; x_wconf 66' lang='lat' dir='ltr'><strong>Antiocheam</strong></span> <span class='ocrx_word' id='word_1_679' title='bbox 971 4544 1233 4612; x_wconf 90' lang='lat' dir='ltr'><strong>episcopo</strong></span> <span class='ocrx_word' id='word_1_680' title='bbox 1266 4541 1469 4612; x_wconf 89' lang='lat' dir='ltr'><strong>scripta</strong></span> <span class='ocrx_word' id='word_1_681' title='bbox 1515 4539 1869 4609; x_wconf 88' lang='lat' dir='ltr'><strong>dilucidaque</strong></span> <span class='ocrx_word' id='word_1_682' title='bbox 1915 4552 2052 4593; x_wconf 92' lang='lat' dir='ltr'><strong>con-</strong></span> 
     </span>
    </p>
   </div>
   <div class='ocr_carea' id='block_1_91' title="bbox 2158 4529 3749 4616">
    <p class='ocr_par' dir='ltr' id='par_1_91' title="bbox 2160 4540 3749 4616">
     <span class='ocr_line' id='line_1_91' title="bbox 2160 4540 3749 4616; baseline -0.002 -16"><span class='ocrx_word' id='word_1_683' title='bbox 2160 4547 2254 4601; x_wconf 78' lang='grc' dir='ltr'>καὶ</span> <span class='ocrx_word' id='word_1_684' title='bbox 2277 4545 2736 4615; x_wconf 74' lang='grc' dir='ltr'>ἁναθεματίζουσι</span> <span class='ocrx_word' id='word_1_685' title='bbox 2763 4544 2880 4616; x_wconf 78' lang='grc' dir='ltr'>μεθ’</span> <span class='ocrx_word' id='word_1_686' title='bbox 2920 4545 3100 4616; x_wconf 80' lang='grc' dir='ltr'>ἡμῶν,</span> <span class='ocrx_word' id='word_1_687' title='bbox 3143 4544 3237 4598; x_wconf 78' lang='grc' dir='ltr'>καὶ</span> <span class='ocrx_word' id='word_1_688' title='bbox 3261 4542 3471 4606; x_wconf 82' lang='grc' dir='ltr'>οὑδενδς</span> <span class='ocrx_word' id='word_1_689' title='bbox 3497 4540 3749 4611; x_wconf 76' lang='grc' dir='ltr'>ἠξίωσαν</span> 
     </span>
    </p>
   </div>
   <div class='ocr_carea' id='block_1_92' title="bbox 468 4630 2048 4704">
    <p class='ocr_par' dir='ltr' id='par_1_92' title="bbox 468 4630 2048 4704">
     <span class='ocr_line' id='line_1_92' title="bbox 468 4630 2048 4704; baseline -0.001 -18"><span class='ocrx_word' id='word_1_690' title='bbox 468 4632 707 4688; x_wconf 80' lang='lat' dir='ltr'><strong>fossione</strong></span> <span class='ocrx_word' id='word_1_691' title='bbox 738 4634 998 4689; x_wconf 89' lang='lat' dir='ltr'><strong>omnibus</strong></span> <span class='ocrx_word' id='word_1_692' title='bbox 1029 4635 1206 4704; x_wconf 89' lang='lat' dir='ltr'><strong>palam</strong></span> <span class='ocrx_word' id='word_1_693' title='bbox 1234 4634 1508 4698; x_wconf 89' lang='lat' dir='ltr'><strong>fecerunt,</strong></span> <span class='ocrx_word' id='word_1_694' title='bbox 1549 4648 1607 4689; x_wconf 88' lang='lat' dir='ltr'><strong>se</strong></span> <span class='ocrx_word' id='word_1_695' title='bbox 1636 4632 1894 4703; x_wconf 86' lang='lat' dir='ltr'><strong>profanas</strong></span> <span class='ocrx_word' id='word_1_696' title='bbox 1936 4630 2048 4686; x_wconf 86' lang='lat' dir='ltr'><strong>Ne-</strong></span> 
     </span>
    </p>
   </div>
   <div class='ocr_carea' id='block_1_93' title="bbox 467 4723 2052 4797">
    <p class='ocr_par' dir='ltr' id='par_1_93' title="bbox 467 4723 2052 4797">
     <span class='ocr_line' id='line_1_93' title="bbox 467 4723 2052 4797; baseline 0.001 -20"><span class='ocrx_word' id='word_1_697' title='bbox 467 4724 625 4778; x_wconf 88' lang='lat' dir='ltr'><strong>storii</strong></span> <span class='ocrx_word' id='word_1_698' title='bbox 653 4736 849 4780; x_wconf 90' lang='lat' dir='ltr'><strong>vocum</strong></span> <span class='ocrx_word' id='word_1_699' title='bbox 873 4726 1146 4780; x_wconf 87' lang='lat' dir='ltr'><strong>novitates</strong></span> <span class='ocrx_word' id='word_1_700' title='bbox 1173 4726 1215 4757; x_wconf 74' lang='lat'>“</span> <span class='ocrx_word' id='word_1_701' title='bbox 1239 4741 1395 4797; x_wconf 60' lang='lat' dir='ltr'><strong>aeque</strong></span> <span class='ocrx_word' id='word_1_702' title='bbox 1421 4741 1485 4781; x_wconf 90' lang='lat' dir='ltr'><strong>ac</strong></span> <span class='ocrx_word' id='word_1_703' title='bbox 1512 4740 1614 4780; x_wconf 90' lang='lat' dir='ltr'><strong>nos</strong></span> <span class='ocrx_word' id='word_1_704' title='bbox 1656 4723 2052 4780; x_wconf 85' lang='lat' dir='ltr'><strong>condemnasse</strong></span> 
     </span>
    </p>
   </div>
   <div class='ocr_carea' id='block_1_94' title="bbox 464 4812 2053 4885">
    <p class='ocr_par' dir='ltr' id='par_1_94' title="bbox 464 4812 2053 4885">
     <span class='ocr_line' id='line_1_94' title="bbox 464 4812 2053 4885; baseline 0 -19"><span class='ocrx_word' id='word_1_705' title='bbox 464 4823 521 4867; x_wconf 88' lang='lat' dir='ltr'><strong>et</strong></span> <span class='ocrx_word' id='word_1_706' title='bbox 544 4814 1060 4881; x_wconf 85' lang='lat' dir='ltr'><strong>anathematizasse,</strong></span> <span class='ocrx_word' id='word_1_707' title='bbox 1095 4828 1265 4885; x_wconf 90' lang='lat' dir='ltr'><strong>seque</strong></span> <span class='ocrx_word' id='word_1_708' title='bbox 1311 4815 1466 4869; x_wconf 90' lang='lat' dir='ltr'><strong>nullo</strong></span> <span class='ocrx_word' id='word_1_709' title='bbox 1506 4828 1751 4885; x_wconf 90' lang='lat' dir='ltr'><strong>unquam</strong></span> <span class='ocrx_word' id='word_1_710' title='bbox 1792 4812 1916 4867; x_wconf 92' lang='lat' dir='ltr'><strong>loco</strong></span> <span class='ocrx_word' id='word_1_711' title='bbox 1956 4828 2053 4867; x_wconf 86' lang='lat' dir='ltr'><strong>eas</strong></span> 
     </span>
    </p>
   </div>
   <div class='ocr_carea' id='block_1_95' title="bbox 465 4905 2049 4977">
    <p class='ocr_par' dir='ltr' id='par_1_95' title="bbox 465 4905 2049 4977">
     <span class='ocr_line' id='line_1_95' title="bbox 465 4905 2049 4977; baseline 0 -19"><span class='ocrx_word' id='word_1_712' title='bbox 465 4905 761 4973; x_wconf 87' lang='lat' dir='ltr'><strong>habuisse;</strong></span> <span class='ocrx_word' id='word_1_713' title='bbox 786 4923 980 4963; x_wconf 89' lang='lat' dir='ltr'><strong>verum</strong></span> <span class='ocrx_word' id='word_1_714' title='bbox 1014 4907 1330 4977; x_wconf 85' lang='lat' dir='ltr'><strong>evangelica</strong></span> <span class='ocrx_word' id='word_1_715' title='bbox 1353 4918 1410 4962; x_wconf 91' lang='lat' dir='ltr'><strong>et</strong></span> <span class='ocrx_word' id='word_1_716' title='bbox 1454 4906 1754 4977; x_wconf 87' lang='lat' dir='ltr'><strong>apostolica</strong></span> <span class='ocrx_word' id='word_1_717' title='bbox 1795 4905 2049 4976; x_wconf 78' lang='lat' dir='ltr'><strong>dogmata</strong></span> 
     </span>
    </p>
   </div>
   <div class='ocr_carea' id='block_1_96' title="bbox 464 4998 2052 5070">
    <p class='ocr_par' dir='ltr' id='par_1_96' title="bbox 464 4998 2052 5070">
     <span class='ocr_line' id='line_1_96' title="bbox 464 4998 2052 5070; baseline -0.001 -16"><span class='ocrx_word' id='word_1_718' title='bbox 464 5007 701 5054; x_wconf 78' lang='lat' dir='ltr'><strong>sectatus</strong></span> <span class='ocrx_word' id='word_1_719' title='bbox 753 5008 914 5066; x_wconf 85' lang='lat' dir='ltr'><strong>esse,</strong></span> <span class='ocrx_word' id='word_1_720' title='bbox 970 5008 1397 5070; x_wconf 90' lang='lat' dir='ltr'><strong>sanctorumque</strong></span> <span class='ocrx_word' id='word_1_721' title='bbox 1462 5000 1685 5055; x_wconf 90' lang='lat' dir='ltr'><strong>Patrum</strong></span> <span class='ocrx_word' id='word_1_722' title='bbox 1718 4998 2052 5055; x_wconf 81' lang='lat' dir='ltr'><strong>confessioni</strong></span> 
     </span>
    </p>
   </div>
   <div class='ocr_carea' id='block_1_97' title="bbox 464 5089 2051 5161">
    <p class='ocr_par' dir='ltr' id='par_1_97' title="bbox 464 5089 2051 5161">
     <span class='ocr_line' id='line_1_97' title="bbox 464 5089 2051 5161; baseline 0.001 -17"><span class='ocrx_word' id='word_1_723' title='bbox 464 5091 620 5146; x_wconf 86' lang='lat' dir='ltr'><strong>nullo</strong></span> <span class='ocrx_word' id='word_1_724' title='bbox 652 5091 817 5147; x_wconf 90' lang='lat' dir='ltr'><strong>modo</strong></span> <span class='ocrx_word' id='word_1_725' title='bbox 862 5092 1166 5148; x_wconf 87' lang='lat' dir='ltr'><strong>adversari.</strong></span> <span class='ocrx_word' id='word_1_726' title='bbox 1200 5092 1441 5149; x_wconf 89' lang='lat' dir='ltr'><strong>Professi</strong></span> <span class='ocrx_word' id='word_1_727' title='bbox 1469 5092 1614 5147; x_wconf 89' lang='lat' dir='ltr'><strong>enim</strong></span> <span class='ocrx_word' id='word_1_728' title='bbox 1663 5099 1793 5146; x_wconf 90' lang='lat' dir='ltr'><strong>sunt</strong></span> <span class='ocrx_word' id='word_1_729' title='bbox 1820 5089 2051 5161; x_wconf 89' lang='lat' dir='ltr'><strong>perinde</strong></span> 
     </span>
    </p>
   </div>
   <div class='ocr_carea' id='block_1_98' title="bbox 464 5181 2052 5254">
    <p class='ocr_par' dir='ltr' id='par_1_98' title="bbox 464 5181 2052 5254">
     <span class='ocr_line' id='line_1_98' title="bbox 464 5181 2052 5254; baseline 0.003 -21"><span class='ocrx_word' id='word_1_730' title='bbox 464 5195 528 5233; x_wconf 84' lang='lat' dir='ltr'><strong>ac</strong></span> <span class='ocrx_word' id='word_1_731' title='bbox 557 5196 679 5247; x_wconf 89' lang='lat' dir='ltr'><strong>nos,</strong></span> <span class='ocrx_word' id='word_1_732' title='bbox 718 5190 964 5238; x_wconf 87' lang='lat' dir='ltr'><strong>sanctam</strong></span> <span class='ocrx_word' id='word_1_733' title='bbox 988 5183 1273 5254; x_wconf 79' lang='lat' dir='ltr'><strong>Virginem</strong></span> <span class='ocrx_word' id='word_1_734' title='bbox 1299 5181 1394 5238; x_wconf 90' lang='lat' dir='ltr'><strong>Dei</strong></span> <span class='ocrx_word' id='word_1_735' title='bbox 1417 5181 1741 5253; x_wconf 89' lang='lat' dir='ltr'><strong>genitricem</strong></span> <span class='ocrx_word' id='word_1_736' title='bbox 1777 5196 1920 5245; x_wconf 86' lang='lat' dir='ltr'><strong>esse,</strong></span> <span class='ocrx_word' id='word_1_737' title='bbox 1947 5197 2052 5237; x_wconf 91' lang='lat' dir='ltr'><strong>nec</strong></span> 
     </span>
    </p>
   </div>
   <div class='ocr_carea' id='block_1_99' title="bbox 466 5272 2049 5346">
    <p class='ocr_par' dir='ltr' id='par_1_99' title="bbox 466 5272 2049 5346">
     <span class='ocr_line' id='line_1_99' title="bbox 466 5272 2049 5346; baseline 0.003 -21"><span class='ocrx_word' id='word_1_738' title='bbox 466 5272 793 5342; x_wconf 85' lang='lat' dir='ltr'><strong>adjecerunt</strong></span> <span class='ocrx_word' id='word_1_739' title='bbox 825 5275 970 5346; x_wconf 83' lang='lat' dir='ltr'><strong>quod</strong></span> <span class='ocrx_word' id='word_1_740' title='bbox 1019 5273 1227 5331; x_wconf 87' lang='lat' dir='ltr'><strong>Christi</strong></span> <span class='ocrx_word' id='word_1_741' title='bbox 1278 5275 1514 5345; x_wconf 82' lang='lat' dir='ltr'><strong>genitrix</strong></span> <span class='ocrx_word' id='word_1_742' title='bbox 1536 5274 1628 5339; x_wconf 92' lang='lat' dir='ltr'><strong>sit,</strong></span> <span class='ocrx_word' id='word_1_743' title='bbox 1666 5282 1762 5328; x_wconf 88' lang='lat' dir='ltr'><strong>aut</strong></span> <span class='ocrx_word' id='word_1_744' title='bbox 1805 5273 2049 5329; x_wconf 87' lang='lat' dir='ltr'><strong>hominis</strong></span> 
     </span>
    </p>
   </div>
   <div class='ocr_carea' id='block_1_100' title="bbox 2151 4632 3750 4705">
    <p class='ocr_par' dir='ltr' id='par_1_100' title="bbox 2151 4632 3750 4705">
     <span class='ocr_line' id='line_1_100' title="bbox 2151 4632 3750 4705; baseline -0.001 -15"><span class='ocrx_word' id='word_1_745' title='bbox 2151 4636 2321 4701; x_wconf 83' lang='grc' dir='ltr'>αὑτὰς</span> <span class='ocrx_word' id='word_1_746' title='bbox 2350 4637 2570 4689; x_wconf 84' lang='grc' dir='ltr'>πώποτε</span> <span class='ocrx_word' id='word_1_747' title='bbox 2624 4637 2817 4705; x_wconf 84' lang='grc' dir='ltr'>λόγου,</span> <span class='ocrx_word' id='word_1_748' title='bbox 2871 4634 3008 4689; x_wconf 83' lang='grc' dir='ltr'><strong>ἀλλὰ</strong></span> <span class='ocrx_word' id='word_1_749' title='bbox 3055 4635 3170 4697; x_wconf 81' lang='grc' dir='ltr'>τοῖς</span> <span class='ocrx_word' id='word_1_750' title='bbox 3222 4632 3599 4701; x_wconf 77' lang='grc' dir='ltr'>εὑαγγελικοῖς</span> <span class='ocrx_word' id='word_1_751' title='bbox 3646 4636 3750 4689; x_wconf 82' lang='grc' dir='ltr'>καὶ</span> 
     </span>
    </p>
   </div>
   <div class='ocr_carea' id='block_1_101' title="bbox 2153 4721 3749 4799">
    <p class='ocr_par' dir='ltr' id='par_1_101' title="bbox 2153 4721 3749 4799">
     <span class='ocr_line' id='line_1_101' title="bbox 2153 4721 3749 4799; baseline -0.003 -16"><span class='ocrx_word' id='word_1_752' title='bbox 2153 4728 2530 4791; x_wconf 73' lang='grc' dir='ltr'>ἁποστολικοῖς</span> <span class='ocrx_word' id='word_1_753' title='bbox 2567 4728 2790 4782; x_wconf 75' lang='grc' dir='ltr'>ἕπονται</span> <span class='ocrx_word' id='word_1_754' title='bbox 2841 4726 3096 4799; x_wconf 81' lang='grc' dir='ltr'>δόγμασι,</span> <span class='ocrx_word' id='word_1_755' title='bbox 3144 4724 3245 4779; x_wconf 71' lang='grc' dir='ltr'><strong>καῖ</strong></span> <span class='ocrx_word' id='word_1_756' title='bbox 3277 4725 3388 4795; x_wconf 74' lang='grc' dir='ltr'><strong>τὴν</strong></span> <span class='ocrx_word' id='word_1_757' title='bbox 3412 4724 3523 4776; x_wconf 84' lang='grc' dir='ltr'><strong>τῶν</strong></span> <span class='ocrx_word' id='word_1_758' title='bbox 3562 4721 3749 4778; x_wconf 78' lang='grc' dir='ltr'>Πατέ-</span> 
     </span>
    </p>
   </div>
   <div class='ocr_carea' id='block_1_102' title="bbox 2157 4813 3751 4891">
    <p class='ocr_par' dir='ltr' id='par_1_102' title="bbox 2157 4813 3751 4891">
     <span class='ocr_line' id='line_1_102' title="bbox 2157 4813 3751 4891; baseline -0.004 -20"><span class='ocrx_word' id='word_1_759' title='bbox 2157 4835 2265 4891; x_wconf 90' lang='grc' dir='ltr'><strong>ρων</strong></span> <span class='ocrx_word' id='word_1_760' title='bbox 2297 4817 2587 4888; x_wconf 80' lang='grc' dir='ltr'>ὁμολογίαν</span> <span class='ocrx_word' id='word_1_761' title='bbox 2637 4815 2761 4871; x_wconf 84' lang='grc' dir='ltr'>κατ’</span> <span class='ocrx_word' id='word_1_762' title='bbox 2798 4816 2991 4869; x_wconf 79' lang='grc' dir='ltr'>οὐδένα</span> <span class='ocrx_word' id='word_1_763' title='bbox 3029 4815 3264 4868; x_wconf 79' lang='grc' dir='ltr'>λυποῦσι</span> <span class='ocrx_word' id='word_1_764' title='bbox 3310 4813 3535 4883; x_wconf 82' lang='grc' dir='ltr'>τρόπον.</span> <span class='ocrx_word' id='word_1_765' title='bbox 3574 4814 3751 4884; x_wconf 83' lang='grc' dir='ltr'>Ὠμο-</span> 
     </span>
    </p>
   </div>
   <div class='ocr_carea' id='block_1_103' title="bbox 2152 4904 3750 4981">
    <p class='ocr_par' dir='ltr' id='par_1_103' title="bbox 2152 4904 3750 4981">
     <span class='ocr_line' id='line_1_103' title="bbox 2152 4904 3750 4981; baseline -0.003 -18"><span class='ocrx_word' id='word_1_766' title='bbox 2152 4909 2395 4981; x_wconf 83' lang='grc' dir='ltr'>λόγησαν</span> <span class='ocrx_word' id='word_1_767' title='bbox 2422 4909 2531 4980; x_wconf 83' lang='grc' dir='ltr'><strong>γὰρ</strong></span> <span class='ocrx_word' id='word_1_768' title='bbox 2564 4908 2659 4962; x_wconf 75' lang='grc' dir='ltr'>καὶ</span> <span class='ocrx_word' id='word_1_769' title='bbox 2694 4907 2849 4961; x_wconf 78' lang='grc' dir='ltr'>αὑτοὶ</span> <span class='ocrx_word' id='word_1_770' title='bbox 2877 4906 2997 4977; x_wconf 79' lang='grc' dir='ltr'>μεθ’</span> <span class='ocrx_word' id='word_1_771' title='bbox 3026 4907 3206 4978; x_wconf 78' lang='grc' dir='ltr'>ἡμῶν,</span> <span class='ocrx_word' id='word_1_772' title='bbox 3236 4907 3319 4959; x_wconf 85' lang='grc' dir='ltr'>ὅτι</span> <span class='ocrx_word' id='word_1_773' title='bbox 3352 4905 3445 4958; x_wconf 71' lang='grc' dir='ltr'>καὶ</span> <span class='ocrx_word' id='word_1_774' title='bbox 3476 4904 3750 4971; x_wconf 80' lang='grc' dir='ltr'>Θεοτόκος</span> 
     </span>
    </p>
   </div>
   <div class='ocr_carea' id='block_1_104' title="bbox 2155 4997 3833 5073">
    <p class='ocr_par' dir='ltr' id='par_1_104' title="bbox 2155 4997 3833 5073">
     <span class='ocr_line' id='line_1_104' title="bbox 2155 4997 3833 5073; baseline -0.004 -19"><span class='ocrx_word' id='word_1_775' title='bbox 2155 5002 2305 5055; x_wconf 75' lang='grc' dir='ltr'>ἐστὶν</span> <span class='ocrx_word' id='word_1_776' title='bbox 2338 4999 2371 5073; x_wconf 78' lang='grc' dir='ltr'>ἦ</span> <span class='ocrx_word' id='word_1_777' title='bbox 2407 5001 2538 5069; x_wconf 83' lang='grc' dir='ltr'>ἁγία</span> <span class='ocrx_word' id='word_1_778' title='bbox 2577 4998 2872 5071; x_wconf 81' lang='grc' dir='ltr'>Παρθένος,</span> <span class='ocrx_word' id='word_1_779' title='bbox 2902 4999 2996 5053; x_wconf 71' lang='grc' dir='ltr'>καὶ</span> <span class='ocrx_word' id='word_1_780' title='bbox 3022 5000 3081 5051; x_wconf 89' lang='grc' dir='ltr'><strong>οὑ</strong></span> <span class='ocrx_word' id='word_1_781' title='bbox 3109 4997 3469 5071; x_wconf 81' lang='grc' dir='ltr'>προσέθεσαν,</span> <span class='ocrx_word' id='word_1_782' title='bbox 3501 4998 3583 5051; x_wconf 79' lang='grc' dir='ltr'><strong>δτι</strong></span> <span class='ocrx_word' id='word_1_783' title='bbox 3610 4999 3754 5068; x_wconf 83' lang='grc' dir='ltr'>Χρι-</span> <span class='ocrx_word' id='word_1_784' title='bbox 3812 5046 3833 5061; x_wconf 69' lang='lat'><strong>,</strong></span> 
     </span>
    </p>
   </div>
   <div class='ocr_carea' id='block_1_105' title="bbox 2152 5090 3753 5162">
    <p class='ocr_par' dir='ltr' id='par_1_105' title="bbox 2152 5090 3753 5162">
     <span class='ocr_line' id='line_1_105' title="bbox 2152 5090 3753 5162; baseline -0.001 -17"><span class='ocrx_word' id='word_1_785' title='bbox 2152 5092 2404 5154; x_wconf 83' lang='grc' dir='ltr'>στοτόκος</span> <span class='ocrx_word' id='word_1_786' title='bbox 2434 5091 2603 5155; x_wconf 73' lang='grc' dir='ltr'>ἐστὶν,</span> <span class='ocrx_word' id='word_1_787' title='bbox 2639 5092 2671 5162; x_wconf 82' lang='grc' dir='ltr'><strong>ἦ</strong></span> <span class='ocrx_word' id='word_1_788' title='bbox 2712 5091 3150 5161; x_wconf 71' lang='grc' dir='ltr'>ἀνθρωποτόκος.</span> <span class='ocrx_word' id='word_1_789' title='bbox 3184 5090 3330 5144; x_wconf 84' lang='grc' dir='ltr'>καθά</span> <span class='ocrx_word' id='word_1_790' title='bbox 3359 5107 3524 5158; x_wconf 84' lang='grc' dir='ltr'>φασιν</span> <span class='ocrx_word' id='word_1_791' title='bbox 3562 5090 3611 5142; x_wconf 83' lang='grc' dir='ltr'>οἱ</span> <span class='ocrx_word' id='word_1_792' title='bbox 3640 5090 3753 5143; x_wconf 81' lang='grc' dir='ltr'><strong>Νε-</strong></span> 
     </span>
    </p>
   </div>
   <div class='ocr_carea' id='block_1_106' title="bbox 2152 5180 3748 5254">
    <p class='ocr_par' dir='ltr' id='par_1_106' title="bbox 2152 5180 3748 5254">
     <span class='ocr_line' id='line_1_106' title="bbox 2152 5180 3748 5254; baseline -0.001 -18"><span class='ocrx_word' id='word_1_793' title='bbox 2152 5183 2368 5254; x_wconf 88' lang='grc' dir='ltr'>στορίου</span> <span class='ocrx_word' id='word_1_794' title='bbox 2408 5183 2479 5236; x_wconf 83' lang='grc' dir='ltr'><strong>τά</strong></span> <span class='ocrx_word' id='word_1_795' title='bbox 2508 5182 2745 5252; x_wconf 75' lang='grc' dir='ltr'>δύστηνα</span> <span class='ocrx_word' id='word_1_796' title='bbox 2779 5183 2875 5237; x_wconf 74' lang='grc' dir='ltr'>καὶ</span> <span class='ocrx_word' id='word_1_797' title='bbox 2930 5182 3257 5236; x_wconf 86' lang='grc' dir='ltr'>ἀπόπτυστα</span> <span class='ocrx_word' id='word_1_798' title='bbox 3306 5180 3529 5251; x_wconf 79' lang='grc' dir='ltr'>δοξάρια</span> <span class='ocrx_word' id='word_1_799' title='bbox 3583 5180 3748 5249; x_wconf 86' lang='grc' dir='ltr'>θερα-</span> 
     </span>
    </p>
   </div>
   <div class='ocr_carea' id='block_1_107' title="bbox 2132 5268 3749 5348">
    <p class='ocr_par' dir='ltr' id='par_1_107' title="bbox 2132 5268 3749 5348">
     <span class='ocr_line' id='line_1_107' title="bbox 2132 5268 3749 5348; baseline -0.004 -17"><span class='ocrx_word' id='word_1_800' title='bbox 2132 5275 2429 5339; x_wconf 68' lang='grc' dir='ltr'>πεύοντες.</span> <span class='ocrx_word' id='word_1_801' title='bbox 2473 5275 2636 5327; x_wconf 75' lang='grc' dir='ltr'>Ἀλλά</span> <span class='ocrx_word' id='word_1_802' title='bbox 2667 5275 2777 5348; x_wconf 82' lang='grc' dir='ltr'><strong>γάρ</strong></span> <span class='ocrx_word' id='word_1_803' title='bbox 2806 5275 2902 5328; x_wconf 69' lang='grc' dir='ltr'>καὶ</span> <span class='ocrx_word' id='word_1_804' title='bbox 2930 5274 3137 5344; x_wconf 72' lang='grc' dir='ltr'>ἔφασαν</span> <span class='ocrx_word' id='word_1_805' title='bbox 3166 5273 3435 5346; x_wconf 77' lang='grc' dir='ltr'>ἐναργῶς,</span> <span class='ocrx_word' id='word_1_806' title='bbox 3465 5272 3561 5325; x_wconf 76' lang='grc' dir='ltr'>ἕνα</span> <span class='ocrx_word' id='word_1_807' title='bbox 3602 5268 3749 5325; x_wconf 79' lang='grc' dir='ltr'>εἶναι</span> 
     </span>
    </p>
   </div>
   <div class='ocr_carea' id='block_1_108' title="bbox 466 5363 2052 5439">
    <p class='ocr_par' dir='ltr' id='par_1_108' title="bbox 466 5365 2047 5437">
     <span class='ocr_line' id='line_1_108' title="bbox 466 5365 2047 5437; baseline 0.004 -20"><span class='ocrx_word' id='word_1_808' title='bbox 466 5366 728 5432; x_wconf 70' lang='lat' dir='ltr'><strong>geniti-ix,</strong></span> <span class='ocrx_word' id='word_1_809' title='bbox 758 5367 1228 5435; x_wconf 85' lang='lat' dir='ltr'><strong>quemadmodum</strong></span> <span class='ocrx_word' id='word_1_810' title='bbox 1258 5368 1453 5424; x_wconf 88' lang='lat' dir='ltr'><strong>dicunt</strong></span> <span class='ocrx_word' id='word_1_811' title='bbox 1484 5367 1579 5437; x_wconf 91' lang='lat' dir='ltr'><strong>qui</strong></span> <span class='ocrx_word' id='word_1_812' title='bbox 1608 5365 1861 5421; x_wconf 84' lang='lat' dir='ltr'><strong>infelices</strong></span> <span class='ocrx_word' id='word_1_813' title='bbox 1885 5381 2047 5423; x_wconf 73' lang='lat' dir='ltr'><strong>exse-</strong></span> 
     </span>
    </p>
   </div>
   <div class='ocr_carea' id='block_1_109' title="bbox 2158 5363 3750 5439">
    <p class='ocr_par' dir='ltr' id='par_1_109' title="bbox 2158 5363 3750 5439">
     <span class='ocr_line' id='line_1_109' title="bbox 2158 5363 3750 5439; baseline -0.004 -19"><span class='ocrx_word' id='word_1_814' title='bbox 2158 5366 2405 5438; x_wconf 75' lang='grc' dir='ltr'>Χριστὸν,</span> <span class='ocrx_word' id='word_1_815' title='bbox 2438 5366 2533 5421; x_wconf 74' lang='grc' dir='ltr'>καὶ</span> <span class='ocrx_word' id='word_1_816' title='bbox 2568 5367 2715 5433; x_wconf 73' lang='grc' dir='ltr'>Υἱὸν,</span> <span class='ocrx_word' id='word_1_817' title='bbox 2746 5368 2841 5421; x_wconf 76' lang='grc' dir='ltr'>καὶ</span> <span class='ocrx_word' id='word_1_818' title='bbox 2880 5367 3084 5439; x_wconf 79' lang='grc' dir='ltr'>Κύριον</span> <span class='ocrx_word' id='word_1_819' title='bbox 3122 5365 3215 5421; x_wconf 83' lang='grc' dir='ltr'>τὸν</span> <span class='ocrx_word' id='word_1_820' title='bbox 3246 5366 3309 5419; x_wconf 81' lang='grc' dir='ltr'>ὲκ</span> <span class='ocrx_word' id='word_1_821' title='bbox 3336 5363 3473 5419; x_wconf 82' lang='grc' dir='ltr'>Θεοῦ</span> <span class='ocrx_word' id='word_1_822' title='bbox 3507 5363 3604 5434; x_wconf 81' lang='grc' dir='ltr'>μὲν</span> <span class='ocrx_word' id='word_1_823' title='bbox 3630 5363 3750 5414; x_wconf 49' lang='grc' dir='ltr'><strong>Παλ</strong></span> 
     </span>
    </p>
   </div>
   <div class='ocr_carea' id='block_1_110' title="bbox 554 5520 1515 5593">
    <p class='ocr_par' dir='ltr' id='par_1_110' title="bbox 554 5520 1515 5593">
     <span class='ocr_line' id='line_1_110' title="bbox 554 5520 1515 5593; baseline 0.002 -19"><span class='ocrx_word' id='word_1_824' title='bbox 554 5520 575 5551; x_wconf 83' lang='grc'><strong>⁸</strong></span> <span class='ocrx_word' id='word_1_825' title='bbox 605 5522 805 5593; x_wconf 77' lang='lat' dir='ltr'><strong>Ephes.</strong></span> <span class='ocrx_word' id='word_1_826' title='bbox 850 5527 1026 5591; x_wconf 70' lang='lat'><strong>11,“.</strong></span> <span class='ocrx_word' id='word_1_827' title='bbox 1108 5525 1149 5555; x_wconf 81' lang='grc'>¹⁰</span> <span class='ocrx_word' id='word_1_828' title='bbox 1188 5526 1343 5579; x_wconf 80' lang='lat' dir='ltr'><strong>Joan.</strong></span> <span class='ocrx_word' id='word_1_829' title='bbox 1378 5541 1431 5585; x_wconf 69' lang='grc' dir='ltr'>χ,</span> <span class='ocrx_word' id='word_1_830' title='bbox 1467 5524 1515 5577; x_wconf 83' lang='lat'><strong>7.</strong></span> 
     </span>
    </p>
   </div>
   <div class='ocr_carea' id='block_1_111' title="bbox 466 5586 557 5643">
    <p class='ocr_par' dir='ltr' id='par_1_111' title="bbox 466 5586 557 5643">
     <span class='ocr_line' id='line_1_111' title="bbox 466 5586 557 5643; baseline 0.022 -2"><span class='ocrx_word' id='word_1_831' title='bbox 466 5586 557 5643; x_wconf 69' lang='grc'><strong>20.</strong></span> 
     </span>
    </p>
   </div>
   <div class='ocr_carea' id='block_1_112' title="bbox 1623 5523 2116 5587">
    <p class='ocr_par' dir='ltr' id='par_1_112' title="bbox 1623 5523 2116 5587">
     <span class='ocr_line' id='line_1_112' title="bbox 1623 5523 2116 5587; baseline -0.004 -10"><span class='ocrx_word' id='word_1_832' title='bbox 1623 5523 1662 5553; x_wconf 82' lang='grc'>¹¹</span> <span class='ocrx_word' id='word_1_833' title='bbox 1715 5523 1872 5578; x_wconf 84' lang='lat' dir='ltr'><strong>Joau.</strong></span> <span class='ocrx_word' id='word_1_834' title='bbox 1905 5538 2012 5587; x_wconf 79' lang='lat' dir='ltr'><strong>:uv,</strong></span> <span class='ocrx_word' id='word_1_835' title='bbox 2064 5523 2116 5576; x_wconf 87' lang='lat'><strong>6.</strong></span> 
     </span>
    </p>
   </div>
   <div class='ocr_carea' id='block_1_113' title="bbox 2216 5518 3749 5588">
    <p class='ocr_par' dir='ltr' id='par_1_113' title="bbox 2216 5518 3749 5588">
     <span class='ocr_line' id='line_1_113' title="bbox 2216 5518 3749 5588; baseline -0.001 -11"><span class='ocrx_word' id='word_1_836' title='bbox 2216 5518 2489 5577; x_wconf 79' lang='lat' dir='ltr'><strong>&quot;Coloss.</strong></span> <span class='ocrx_word' id='word_1_837' title='bbox 2529 5539 2603 5585; x_wconf 85' lang='grc' dir='ltr'><strong>ιι,</strong></span> <span class='ocrx_word' id='word_1_838' title='bbox 2640 5524 2692 5577; x_wconf 84' lang='lat'><strong>9.</strong></span> <span class='ocrx_word' id='word_1_839' title='bbox 2807 5524 2848 5554; x_wconf 76' lang='grc'><strong>⁸³</strong></span> <span class='ocrx_word' id='word_1_840' title='bbox 2889 5523 2990 5577; x_wconf 84' lang='lat' dir='ltr'><strong>lsa.</strong></span> <span class='ocrx_word' id='word_1_841' title='bbox 3037 5534 3092 5588; x_wconf 78' lang='grc' dir='ltr'><strong>ι,</strong></span> <span class='ocrx_word' id='word_1_842' title='bbox 3136 5522 3221 5576; x_wconf 82' lang='lat' dir='ltr'><strong>ll.</strong></span> <span class='ocrx_word' id='word_1_843' title='bbox 3323 5522 3364 5553; x_wconf 73' lang='lat'>”</span> <span class='ocrx_word' id='word_1_844' title='bbox 3407 5520 3427 5576; x_wconf 85' lang='grc' dir='ltr'><strong>Ι</strong></span> <span class='ocrx_word' id='word_1_845' title='bbox 3478 5521 3620 5577; x_wconf 87' lang='lat' dir='ltr'><strong>Tim.</strong></span> <span class='ocrx_word' id='word_1_846' title='bbox 3673 5538 3749 5588; x_wconf 85' lang='lat' dir='ltr'><strong>vt,</strong></span> 
     </span>
    </p>
   </div>
   <div class='ocr_carea' id='block_1_114' title="bbox 1551 5703 2648 5773">
    <p class='ocr_par' dir='ltr' id='par_1_114' title="bbox 1551 5703 2648 5773">
     <span class='ocr_line' id='line_1_114' title="bbox 1551 5703 2648 5773; baseline -0.002 -14"><span class='ocrx_word' id='word_1_847' title='bbox 1551 5705 1725 5759; x_wconf 74' lang='lat' dir='ltr'><strong>Varia:</strong></span> <span class='ocrx_word' id='word_1_848' title='bbox 1754 5704 2019 5759; x_wconf 85' lang='lat' dir='ltr'><strong>lectiones</strong></span> <span class='ocrx_word' id='word_1_849' title='bbox 2042 5704 2250 5758; x_wconf 84' lang='lat' dir='ltr'><strong>codicis</strong></span> <span class='ocrx_word' id='word_1_850' title='bbox 2284 5703 2648 5773; x_wconf 78' lang='lat' dir='ltr'><strong>Seguieriani.</strong></span> 
     </span>
    </p>
   </div>
   <div class='ocr_carea' id='block_1_115' title="bbox 539 5822 1901 5898">
    <p class='ocr_par' dir='ltr' id='par_1_115' title="bbox 539 5822 1901 5898">
     <span class='ocr_line' id='line_1_115' title="bbox 539 5822 1901 5898; baseline -0.001 -18"><span class='ocrx_word' id='word_1_851' title='bbox 539 5823 562 5865; x_wconf 62' lang='grc' dir='ltr'><em>δ</em></span> <span class='ocrx_word' id='word_1_852' title='bbox 606 5825 888 5898; x_wconf 75' lang='grc' dir='ltr'>ἑκάτερον.</span> <span class='ocrx_word' id='word_1_853' title='bbox 974 5822 1272 5893; x_wconf 75' lang='grc' dir='ltr'>εθεωρέαν.</span> <span class='ocrx_word' id='word_1_854' title='bbox 1358 5823 1372 5863; x_wconf 68' lang='grc' dir='ltr'><strong>ί</strong></span> <span class='ocrx_word' id='word_1_855' title='bbox 1422 5823 1901 5895; x_wconf 57' lang='grc' dir='ltr'>ἁποπεμψώμεθα,</span> 
     </span>
    </p>
   </div>
   <div class='ocr_carea' id='block_1_116' title="bbox 2001 5821 2713 5896">
    <p class='ocr_par' dir='ltr' id='par_1_116' title="bbox 2001 5821 2713 5896">
     <span class='ocr_line' id='line_1_116' title="bbox 2001 5821 2713 5896; baseline -0.003 -16"><span class='ocrx_word' id='word_1_856' title='bbox 2001 5834 2025 5873; x_wconf 75' lang='lat'><strong><em>8</em></strong></span> <span class='ocrx_word' id='word_1_857' title='bbox 2061 5824 2216 5896; x_wconf 68' lang='grc' dir='ltr'>αὐτῇ.</span> <span class='ocrx_word' id='word_1_858' title='bbox 2294 5823 2320 5863; x_wconf 67' lang='grc' dir='ltr'>ιδ</span> <span class='ocrx_word' id='word_1_859' title='bbox 2364 5821 2713 5893; x_wconf 75' lang='grc' dir='ltr'>κενοφωνίας.</span> 
     </span>
    </p>
   </div>
  </div>
