  <div class='ocr_page' id='page_1' title='image "/cluster/home/n/w/nwhite01/storage/ocr_20150623/77/hvd.32044052822863/149.png"; bbox 0 0 4044 6212; ppageno 0'>
   <div class='ocr_carea' id='block_1_1' title="bbox 575 332 679 403">
    <p class='ocr_par' dir='ltr' id='par_1_1' title="bbox 575 332 679 403">
     <span class='ocr_line' id='line_1_1' title="bbox 575 332 679 403; baseline -0.019 -12"><span class='ocrx_word' id='word_1_1' title='bbox 575 332 679 403; x_wconf 71' lang='lat'><strong>237</strong></span> 
     </span>
    </p>
   </div>
   <div class='ocr_carea' id='block_1_2' title="bbox 1600 337 2832 400">
    <p class='ocr_par' dir='ltr' id='par_1_2' title="bbox 1600 337 2832 400">
     <span class='ocr_line' id='line_1_2' title="bbox 1600 337 2832 400; baseline -0.003 -1"><span class='ocrx_word' id='word_1_2' title='bbox 1600 344 1656 399; x_wconf 86' lang='lat' dir='ltr'><strong>S.</strong></span> <span class='ocrx_word' id='word_1_3' title='bbox 1696 344 1972 400; x_wconf 80' lang='lat' dir='ltr'><strong>CYRILLI</strong></span> <span class='ocrx_word' id='word_1_4' title='bbox 2009 340 2481 400; x_wconf 77' lang='lat' dir='ltr'><strong>ALEXANDRINI</strong></span> <span class='ocrx_word' id='word_1_5' title='bbox 2514 337 2832 397; x_wconf 76' lang='lat' dir='ltr'><strong>ARCHIEP.</strong></span> 
     </span>
    </p>
   </div>
   <div class='ocr_carea' id='block_1_3' title="bbox 3734 338 3850 398">
    <p class='ocr_par' dir='ltr' id='par_1_3' title="bbox 3734 338 3850 398">
     <span class='ocr_line' id='line_1_3' title="bbox 3734 338 3850 398; baseline 0.034 -3"><span class='ocrx_word' id='word_1_6' title='bbox 3734 338 3850 398; x_wconf 68' lang='lat'><strong>288</strong></span> 
     </span>
    </p>
   </div>
   <div class='ocr_carea' id='block_1_4' title="bbox 574 449 2159 527">
    <p class='ocr_par' dir='ltr' id='par_1_4' title="bbox 574 449 2150 527">
     <span class='ocr_line' id='line_1_4' title="bbox 574 449 2150 527; baseline 0.006 -24"><span class='ocrx_word' id='word_1_7' title='bbox 574 449 796 505; x_wconf 87' lang='lat' dir='ltr'><strong>etiamsi</strong></span> <span class='ocrx_word' id='word_1_8' title='bbox 837 449 891 505; x_wconf 85' lang='lat' dir='ltr'><strong>in</strong></span> <span class='ocrx_word' id='word_1_9' title='bbox 930 449 1290 507; x_wconf 69' lang='lat' dir='ltr'><strong>humanitatis</strong></span> <span class='ocrx_word' id='word_1_10' title='bbox 1316 462 1514 507; x_wconf 82' lang='lat' dir='ltr'><strong>natura</strong></span> <span class='ocrx_word' id='word_1_11' title='bbox 1538 457 1862 522; x_wconf 78' lang='lat' dir='ltr'><strong>eoexsistat,</strong></span> <span class='ocrx_word' id='word_1_12' title='bbox 1899 472 2150 527; x_wconf 90' lang='lat' dir='ltr'><strong>unusque</strong></span> 
     </span>
    </p>
   </div>
   <div class='ocr_carea' id='block_1_5' title="bbox 2262 449 3847 527">
    <p class='ocr_par' dir='ltr' id='par_1_5' title="bbox 2262 449 3847 527">
     <span class='ocr_line' id='line_1_5' title="bbox 2262 449 3847 527; baseline -0.003 -18"><span class='ocrx_word' id='word_1_13' title='bbox 2262 458 2526 527; x_wconf 64' lang='grc' dir='ltr'>ἄτρεπτον</span> <span class='ocrx_word' id='word_1_14' title='bbox 2555 455 2647 508; x_wconf 76' lang='grc' dir='ltr'>καὶ</span> <span class='ocrx_word' id='word_1_15' title='bbox 2674 453 3055 515; x_wconf 63' lang='grc' dir='ltr'>ἀναλλοίωτον,</span> <span class='ocrx_word' id='word_1_16' title='bbox 3087 450 3190 505; x_wconf 84' lang='grc' dir='ltr'>κάν</span> <span class='ocrx_word' id='word_1_17' title='bbox 3213 452 3277 523; x_wconf 77' lang='grc' dir='ltr'>τῇ</span> <span class='ocrx_word' id='word_1_18' title='bbox 3298 449 3396 523; x_wconf 71' lang='grc' dir='ltr'>τῆς</span> <span class='ocrx_word' id='word_1_19' title='bbox 3426 450 3847 523; x_wconf 55' lang='lat' dir='ltr'><strong>immotum;</strong></span> 
     </span>
    </p>
   </div>
   <div class='ocr_carea' id='block_1_6' title="bbox 575 536 1777 604">
    <p class='ocr_par' dir='ltr' id='par_1_6' title="bbox 575 536 1777 604">
     <span class='ocr_line' id='line_1_6' title="bbox 575 536 1777 604; baseline 0.007 -9"><span class='ocrx_word' id='word_1_20' title='bbox 575 542 648 595; x_wconf 84' lang='lat' dir='ltr'><strong>sit</strong></span> <span class='ocrx_word' id='word_1_21' title='bbox 670 542 725 595; x_wconf 88' lang='lat' dir='ltr'><strong>in</strong></span> <span class='ocrx_word' id='word_1_22' title='bbox 746 541 1014 597; x_wconf 81' lang='lat' dir='ltr'><strong>ambabus</strong></span> <span class='ocrx_word' id='word_1_23' title='bbox 1040 548 1096 596; x_wconf 90' lang='lat' dir='ltr'><strong>et</strong></span> <span class='ocrx_word' id='word_1_24' title='bbox 1123 557 1190 596; x_wconf 75' lang='lat' dir='ltr'><strong>ex</strong></span> <span class='ocrx_word' id='word_1_25' title='bbox 1214 536 1482 598; x_wconf 85' lang='lat' dir='ltr'><strong>ambabus</strong></span> <span class='ocrx_word' id='word_1_26' title='bbox 1502 540 1777 604; x_wconf 83' lang='lat' dir='ltr'><strong>Christus.</strong></span> 
     </span>
    </p>
   </div>
   <div class='ocr_carea' id='block_1_7' title="bbox 2268 541 3845 617">
    <p class='ocr_par' dir='ltr' id='par_1_7' title="bbox 2268 541 3845 617">
     <span class='ocr_line' id='line_1_7' title="bbox 2268 541 3845 617; baseline 0.001 -19"><span class='ocrx_word' id='word_1_27' title='bbox 2268 547 2449 617; x_wconf 75' lang='grc' dir='ltr'>φύσει,</span> <span class='ocrx_word' id='word_1_28' title='bbox 2476 545 2571 598; x_wconf 72' lang='grc' dir='ltr'>καὶ</span> <span class='ocrx_word' id='word_1_29' title='bbox 2600 546 2699 598; x_wconf 69' lang='grc' dir='ltr'>ἶνα</span> <span class='ocrx_word' id='word_1_30' title='bbox 2730 547 2788 597; x_wconf 83' lang='grc' dir='ltr'>ὲν</span> <span class='ocrx_word' id='word_1_31' title='bbox 2815 545 3015 615; x_wconf 81' lang='grc' dir='ltr'><strong>ἀμφοῖν</strong></span> <span class='ocrx_word' id='word_1_32' title='bbox 3045 541 3140 596; x_wconf 78' lang='grc' dir='ltr'>καὶ</span> <span class='ocrx_word' id='word_1_33' title='bbox 3162 542 3225 607; x_wconf 72' lang='grc' dir='ltr'><strong>ἐξ</strong></span> <span class='ocrx_word' id='word_1_34' title='bbox 3256 544 3456 614; x_wconf 76' lang='grc' dir='ltr'>ἀμφοῖν</span> <span class='ocrx_word' id='word_1_35' title='bbox 3478 543 3567 596; x_wconf 84' lang='grc' dir='ltr'>τὸν</span> <span class='ocrx_word' id='word_1_36' title='bbox 3589 544 3845 616; x_wconf 82' lang='grc' dir='ltr'>Χριστόν.</span> 
     </span>
    </p>
   </div>
   <div class='ocr_carea' id='block_1_8' title="bbox 1949 874 2455 934">
    <p class='ocr_par' dir='ltr' id='par_1_8' title="bbox 1949 874 2455 934">
     <span class='ocr_line' id='line_1_8' title="bbox 1949 874 2455 934; baseline -0.012 0"><span class='ocrx_word' id='word_1_37' title='bbox 1949 878 2283 934; x_wconf 84' lang='lat' dir='ltr'><strong>EPISTOLA</strong></span> <span class='ocrx_word' id='word_1_38' title='bbox 2322 874 2455 933; x_wconf 79' lang='lat' dir='ltr'><strong>LIV.</strong></span> 
     </span>
    </p>
   </div>
   <div class='ocr_carea' id='block_1_9' title="bbox 1627 1031 2753 1101">
    <p class='ocr_par' dir='ltr' id='par_1_9' title="bbox 1627 1031 2753 1101">
     <span class='ocr_line' id='line_1_9' title="bbox 1627 1031 2753 1101; baseline -0.001 -14"><span class='ocrx_word' id='word_1_39' title='bbox 1627 1048 1831 1088; x_wconf 60' lang='lat' dir='ltr'><strong>cummi</strong></span> <span class='ocrx_word' id='word_1_40' title='bbox 1866 1052 1930 1088; x_wconf 73' lang='lat' dir='ltr'><strong>an</strong></span> <span class='ocrx_word' id='word_1_41' title='bbox 1963 1052 2221 1091; x_wconf 78' lang='lat' dir='ltr'><strong>eussstuu</strong></span> <span class='ocrx_word' id='word_1_42' title='bbox 2248 1048 2626 1091; x_wconf 67' lang='lat' dir='ltr'><strong>vnnsnvrsnuu</strong></span> <span class='ocrx_word' id='word_1_43' title='bbox 2653 1031 2753 1101; x_wconf 69' lang='lat' dir='ltr'><strong>(ii.</strong></span> 
     </span>
    </p>
   </div>
   <div class='ocr_carea' id='block_1_10' title="bbox 577 1184 3845 1268">
    <p class='ocr_par' dir='ltr' id='par_1_10' title="bbox 577 1184 3845 1268">
     <span class='ocr_line' id='line_1_10' title="bbox 577 1184 3845 1268; baseline -0 -27"><span class='ocrx_word' id='word_1_44' title='bbox 577 1185 895 1268; x_wconf 48' lang='lat' dir='ltr'><strong>Eusebium,</strong></span> <span class='ocrx_word' id='word_1_45' title='bbox 918 1189 1006 1257; x_wconf 81' lang='lat' dir='ltr'><strong>qui</strong></span> <span class='ocrx_word' id='word_1_46' title='bbox 1029 1203 1169 1268; x_wconf 66' lang='lat' dir='ltr'><strong>agro</strong></span> <span class='ocrx_word' id='word_1_47' title='bbox 1188 1190 1366 1268; x_wconf 84' lang='lat' dir='ltr'><strong>anim_o</strong></span> <span class='ocrx_word' id='word_1_48' title='bbox 1390 1189 1590 1268; x_wconf 47' lang='lat' dir='ltr'><strong>ferebat</strong></span> <span class='ocrx_word' id='word_1_49' title='bbox 1609 1192 1801 1246; x_wconf 86' lang='lat' dir='ltr'><strong>initam</strong></span> <span class='ocrx_word' id='word_1_50' title='bbox 1827 1191 2079 1268; x_wconf 57' lang='lat' dir='ltr'><strong>Ecclesiae</strong></span> <span class='ocrx_word' id='word_1_51' title='bbox 2097 1210 2279 1268; x_wconf 72' lang='lat' dir='ltr'><strong>pacem</strong></span> <span class='ocrx_word' id='word_1_52' title='bbox 2314 1196 2468 1268; x_wconf 70' lang='lat' dir='ltr'><strong>quasi</strong></span> <span class='ocrx_word' id='word_1_53' title='bbox 2488 1209 2615 1268; x_wconf 64' lang='lat' dir='ltr'><strong>qum</strong></span> <span class='ocrx_word' id='word_1_54' title='bbox 2632 1191 2791 1246; x_wconf 85' lang='lat' dir='ltr'><strong>aliter</strong></span> <span class='ocrx_word' id='word_1_55' title='bbox 2813 1200 2972 1260; x_wconf 78' lang='lat' dir='ltr'><strong>atque</strong></span> <span class='ocrx_word' id='word_1_56' title='bbox 3000 1187 3138 1268; x_wconf 76' lang='lat' dir='ltr'><strong>ratio</strong></span> <span class='ocrx_word' id='word_1_57' title='bbox 3163 1184 3617 1268; x_wconf 59' lang='lat' dir='ltr'><strong>postntnlmtinita</strong></span> <span class='ocrx_word' id='word_1_58' title='bbox 3642 1186 3845 1268; x_wconf 50' lang='lat' dir='ltr'><strong>firmet,</strong></span> 
     </span>
    </p>
   </div>
   <div class='ocr_carea' id='block_1_11' title="bbox 644 1256 3851 1339">
    <p class='ocr_par' dir='ltr' id='par_1_11' title="bbox 644 1256 3851 1339">
     <span class='ocr_line' id='line_1_11' title="bbox 644 1256 3851 1339; baseline 0 -30"><span class='ocrx_word' id='word_1_59' title='bbox 644 1256 708 1310; x_wconf 86' lang='lat' dir='ltr'><strong>de</strong></span> <span class='ocrx_word' id='word_1_60' title='bbox 733 1256 972 1339; x_wconf 63' lang='lat' dir='ltr'><strong>omnibus</strong></span> <span class='ocrx_word' id='word_1_61' title='bbox 995 1256 1280 1339; x_wconf 31' lang='lat' dir='ltr'><strong>ncertiorom</strong></span> <span class='ocrx_word' id='word_1_62' title='bbox 1315 1256 1443 1328; x_wconf 68' lang='lat' dir='ltr'><strong>facit</strong></span> <span class='ocrx_word' id='word_1_63' title='bbox 1475 1278 1492 1314; x_wconf 91' lang='lat'><strong><em>:</em></strong></span> <span class='ocrx_word' id='word_1_64' title='bbox 1518 1277 1623 1329; x_wconf 87' lang='lat' dir='ltr'><strong>qua</strong></span> <span class='ocrx_word' id='word_1_65' title='bbox 1652 1278 1837 1339; x_wconf 69' lang='lat' dir='ltr'><strong>nempe</strong></span> <span class='ocrx_word' id='word_1_66' title='bbox 1859 1256 2157 1339; x_wconf 58' lang='lat' dir='ltr'><strong>conditione</strong></span> <span class='ocrx_word' id='word_1_67' title='bbox 2179 1256 2447 1339; x_wconf 25' lang='lat' dir='ltr'><strong>Joaniti‘A</strong></span> <span class='ocrx_word' id='word_1_68' title='bbox 2458 1256 2732 1339; x_wconf 66' lang='lat' dir='ltr'><strong>ntiocltcuo</strong></span> <span class='ocrx_word' id='word_1_69' title='bbox 2749 1256 3173 1339; x_wconf 58' lang='lat' dir='ltr'><strong>communionem</strong></span> <span class='ocrx_word' id='word_1_70' title='bbox 3204 1256 3486 1339; x_wconf 46' lang='lat' dir='ltr'><strong>reddiderit</strong></span> <span class='ocrx_word' id='word_1_71' title='bbox 3512 1273 3528 1320; x_wconf 92' lang='lat'><strong><em>;</em></strong></span> <span class='ocrx_word' id='word_1_72' title='bbox 3562 1258 3701 1339; x_wconf 61' lang='lat' dir='ltr'><strong>quod</strong></span> <span class='ocrx_word' id='word_1_73' title='bbox 3723 1274 3851 1309; x_wconf 84' lang='lat' dir='ltr'><strong>con-</strong></span> 
     </span>
    </p>
   </div>
   <div class='ocr_carea' id='block_1_12' title="bbox 647 1326 3848 1403">
    <p class='ocr_par' dir='ltr' id='par_1_12' title="bbox 647 1326 3848 1403">
     <span class='ocr_line' id='line_1_12' title="bbox 647 1326 3848 1403; baseline 0 -25"><span class='ocrx_word' id='word_1_74' title='bbox 647 1327 892 1403; x_wconf 69' lang='lat' dir='ltr'><strong>tumelias</strong></span> <span class='ocrx_word' id='word_1_75' title='bbox 936 1330 1211 1403; x_wconf 64' lang='lat' dir='ltr'><strong>adversum</strong></span> <span class='ocrx_word' id='word_1_76' title='bbox 1254 1326 1323 1382; x_wconf 44' lang='lat' dir='ltr'><strong>se&#39;</strong></span> <span class='ocrx_word' id='word_1_77' title='bbox 1346 1326 1895 1403; x_wconf 55' lang='lat' dir='ltr'><strong>usurpatasobﬁacis</strong></span> <span class='ocrx_word' id='word_1_78' title='bbox 1924 1333 2117 1389; x_wconf 81' lang='lat' dir='ltr'><strong>bonum</strong></span> <span class='ocrx_word' id='word_1_79' title='bbox 2156 1335 2459 1398; x_wconf 77' lang='lat' dir='ltr'><strong>remiserit;</strong></span> <span class='ocrx_word' id='word_1_80' title='bbox 2492 1334 2630 1403; x_wconf 81' lang='lat' dir='ltr'><strong>quod</strong></span> <span class='ocrx_word' id='word_1_81' title='bbox 2664 1332 2958 1386; x_wconf 79' lang='lat' dir='ltr'><strong>adversarii</strong></span> <span class='ocrx_word' id='word_1_82' title='bbox 2989 1338 3231 1384; x_wconf 84' lang='lat' dir='ltr'><strong>sanctam</strong></span> <span class='ocrx_word' id='word_1_83' title='bbox 3266 1326 3529 1397; x_wconf 78' lang='lat' dir='ltr'><strong><em>Virginem</em></strong></span> <span class='ocrx_word' id='word_1_84' title='bbox 3552 1326 3848 1396; x_wconf 77' lang='lat' dir='ltr'><strong>Deipamm</strong></span> 
     </span>
    </p>
   </div>
   <div class='ocr_carea' id='block_1_13' title="bbox 644 1399 3022 1476">
    <p class='ocr_par' dir='ltr' id='par_1_13' title="bbox 644 1399 3022 1476">
     <span class='ocr_line' id='line_1_13' title="bbox 644 1399 3022 1476; baseline 0.003 -27"><span class='ocrx_word' id='word_1_85' title='bbox 644 1399 839 1468; x_wconf 86' lang='lat' dir='ltr'><strong>scripto</strong></span> <span class='ocrx_word' id='word_1_86' title='bbox 870 1399 1098 1466; x_wconf 78' lang='lat' dir='ltr'><strong>confessi</strong></span> <span class='ocrx_word' id='word_1_87' title='bbox 1114 1399 1241 1463; x_wconf 80' lang='lat' dir='ltr'><strong>sint,</strong></span> <span class='ocrx_word' id='word_1_88' title='bbox 1271 1407 1319 1452; x_wconf 87' lang='lat' dir='ltr'><strong>et</strong></span> <span class='ocrx_word' id='word_1_89' title='bbox 1344 1399 1484 1454; x_wconf 77' lang='lat' dir='ltr'><strong>duas</strong></span> <span class='ocrx_word' id='word_1_90' title='bbox 1505 1416 1613 1455; x_wconf 78' lang='lat' dir='ltr'><strong>esse</strong></span> <span class='ocrx_word' id='word_1_91' title='bbox 1638 1401 1693 1454; x_wconf 86' lang='lat' dir='ltr'><strong><em>in</em></strong></span> <span class='ocrx_word' id='word_1_92' title='bbox 1716 1399 1922 1456; x_wconf 76' lang='lat' dir='ltr'><strong>Christo</strong></span> <span class='ocrx_word' id='word_1_93' title='bbox 1957 1411 2184 1459; x_wconf 76' lang='lat' dir='ltr'><strong>natura:</strong></span> <span class='ocrx_word' id='word_1_94' title='bbox 2207 1422 2327 1459; x_wconf 83' lang='lat' dir='ltr'><strong>cum</strong></span> <span class='ocrx_word' id='word_1_95' title='bbox 2358 1399 2735 1476; x_wconf 73' lang='lat' dir='ltr'><strong>singnlaritate</strong></span> <span class='ocrx_word' id='word_1_96' title='bbox 2766 1417 3022 1473; x_wconf 68' lang='lat' dir='ltr'><strong>personae.</strong></span> 
     </span>
    </p>
   </div>
   <div class='ocr_carea' id='block_1_14' title="bbox 650 1530 2156 1604">
    <p class='ocr_par' dir='ltr' id='par_1_14' title="bbox 650 1530 2156 1604">
     <span class='ocr_line' id='line_1_14' title="bbox 650 1530 2156 1604; baseline 0.005 -19"><span class='ocrx_word' id='word_1_97' title='bbox 650 1530 777 1602; x_wconf 75' lang='lat' dir='ltr'><strong>Legi</strong></span> <span class='ocrx_word' id='word_1_98' title='bbox 813 1531 1027 1585; x_wconf 87' lang='lat' dir='ltr'><strong>litteras</strong></span> <span class='ocrx_word' id='word_1_99' title='bbox 1069 1532 1395 1587; x_wconf 73' lang='lat' dir='ltr'><strong>reverentia:</strong></span> <span class='ocrx_word' id='word_1_100' title='bbox 1423 1540 1529 1588; x_wconf 74' lang='lat' dir='ltr'><strong>tua:</strong></span> <span class='ocrx_word' id='word_1_101' title='bbox 1566 1550 1578 1588; x_wconf 91' lang='lat'>:</span> <span class='ocrx_word' id='word_1_102' title='bbox 1618 1550 1781 1604; x_wconf 88' lang='lat' dir='ltr'><strong>quam</strong></span> <span class='ocrx_word' id='word_1_103' title='bbox 1820 1551 1943 1591; x_wconf 86' lang='lat' dir='ltr'><strong>cum</strong></span> <span class='ocrx_word' id='word_1_104' title='bbox 1968 1536 2156 1593; x_wconf 83' lang='lat' dir='ltr'><strong><em>dolere</em></strong></span> 
     </span>
    </p>
   </div>
   <div class='ocr_carea' id='block_1_15' title="bbox 578 1623 2157 1698">
    <p class='ocr_par' dir='ltr' id='par_1_15' title="bbox 578 1623 2157 1698">
     <span class='ocr_line' id='line_1_15' title="bbox 578 1623 2157 1698; baseline 0.004 -20"><span class='ocrx_word' id='word_1_105' title='bbox 578 1623 988 1688; x_wconf 76' lang='lat' dir='ltr'><strong>intellexissem,</strong></span> <span class='ocrx_word' id='word_1_106' title='bbox 1028 1630 1089 1677; x_wconf 91' lang='lat' dir='ltr'><strong>ut</strong></span> <span class='ocrx_word' id='word_1_107' title='bbox 1125 1623 1172 1679; x_wconf 88' lang='lat' dir='ltr'><strong><em>si</em></strong></span> <span class='ocrx_word' id='word_1_108' title='bbox 1212 1640 1314 1694; x_wconf 80' lang='lat' dir='ltr'><strong>pax</strong></span> <span class='ocrx_word' id='word_1_109' title='bbox 1366 1624 1738 1682; x_wconf 84' lang='lat' dir='ltr'><strong>Ecclesiarum</strong></span> <span class='ocrx_word' id='word_1_110' title='bbox 1785 1628 1946 1684; x_wconf 84' lang='lat' dir='ltr'><strong>aliter</strong></span> <span class='ocrx_word' id='word_1_111' title='bbox 1991 1641 2157 1698; x_wconf 75' lang='lat' dir='ltr'><strong>atque</strong></span> 
     </span>
    </p>
   </div>
   <div class='ocr_carea' id='block_1_16' title="bbox 2331 1529 3846 1610">
    <p class='ocr_par' dir='ltr' id='par_1_16' title="bbox 2331 1529 3846 1610">
     <span class='ocr_line' id='line_1_16' title="bbox 2331 1529 3846 1610; baseline -0.006 -18"><span class='ocrx_word' id='word_1_112' title='bbox 2331 1538 2446 1610; x_wconf 75' lang='grc' dir='ltr'>Τὴν</span> <span class='ocrx_word' id='word_1_113' title='bbox 2478 1537 2578 1609; x_wconf 78' lang='grc' dir='ltr'>μὲν</span> <span class='ocrx_word' id='word_1_114' title='bbox 2625 1535 2778 1607; x_wconf 70' lang='grc' dir='ltr'>παρὰ</span> <span class='ocrx_word' id='word_1_115' title='bbox 2822 1534 2923 1604; x_wconf 85' lang='grc' dir='ltr'>τῆς</span> <span class='ocrx_word' id='word_1_116' title='bbox 2961 1534 3060 1604; x_wconf 84' lang='grc' dir='ltr'>σῆς</span> <span class='ocrx_word' id='word_1_117' title='bbox 3093 1529 3382 1594; x_wconf 80' lang='grc' dir='ltr'>εὐλαϐείας</span> <span class='ocrx_word' id='word_1_118' title='bbox 3410 1529 3699 1599; x_wconf 72' lang='grc' dir='ltr'>ἐπιστολὴν</span> <span class='ocrx_word' id='word_1_119' title='bbox 3748 1530 3846 1584; x_wconf 83' lang='grc' dir='ltr'><strong>ἀν-</strong></span> 
     </span>
    </p>
   </div>
   <div class='ocr_carea' id='block_1_17' title="bbox 2262 1621 3848 1699">
    <p class='ocr_par' dir='ltr' id='par_1_17' title="bbox 2262 1621 3848 1699">
     <span class='ocr_line' id='line_1_17' title="bbox 2262 1621 3848 1699; baseline -0.008 -15"><span class='ocrx_word' id='word_1_120' title='bbox 2262 1630 2468 1697; x_wconf 77' lang='grc' dir='ltr'>έγνωνο</span> <span class='ocrx_word' id='word_1_121' title='bbox 2505 1627 2683 1699; x_wconf 79' lang='grc' dir='ltr'>εὑρὼν</span> <span class='ocrx_word' id='word_1_122' title='bbox 2725 1627 2783 1682; x_wconf 69' lang='grc' dir='ltr'><strong>δὲ</strong></span> <span class='ocrx_word' id='word_1_123' title='bbox 2820 1624 3225 1696; x_wconf 79' lang='grc' dir='ltr'>λελυπημένην,</span> <span class='ocrx_word' id='word_1_124' title='bbox 3270 1622 3347 1685; x_wconf 82' lang='grc' dir='ltr'><strong>ὡς</strong></span> <span class='ocrx_word' id='word_1_125' title='bbox 3379 1621 3446 1675; x_wconf 83' lang='grc' dir='ltr'>ἂν</span> <span class='ocrx_word' id='word_1_126' title='bbox 3479 1621 3577 1691; x_wconf 79' lang='grc' dir='ltr'>τῆς</span> <span class='ocrx_word' id='word_1_127' title='bbox 3616 1621 3848 1691; x_wconf 77' lang='grc' dir='ltr'>εἰρήνης</span> 
     </span>
    </p>
   </div>
   <div class='ocr_carea' id='block_1_18' title="bbox 576 1713 2159 1810">
    <p class='ocr_par' dir='ltr' id='par_1_18' title="bbox 576 1715 2159 1787">
     <span class='ocr_line' id='line_1_18' title="bbox 576 1715 2159 1787; baseline 0.002 -16"><span class='ocrx_word' id='word_1_128' title='bbox 576 1716 716 1771; x_wconf 89' lang='lat' dir='ltr'><strong>ratio</strong></span> <span class='ocrx_word' id='word_1_129' title='bbox 750 1715 991 1784; x_wconf 76' lang='lat' dir='ltr'><strong>postulat</strong></span> <span class='ocrx_word' id='word_1_130' title='bbox 1031 1716 1336 1785; x_wconf 88' lang='lat' dir='ltr'><strong>composita</strong></span> <span class='ocrx_word' id='word_1_131' title='bbox 1364 1715 1554 1783; x_wconf 88' lang='lat' dir='ltr'><strong>fuerit,</strong></span> <span class='ocrx_word' id='word_1_132' title='bbox 1589 1718 1841 1787; x_wconf 87' lang='lat' dir='ltr'><strong>reputavi</strong></span> <span class='ocrx_word' id='word_1_133' title='bbox 1861 1735 1930 1775; x_wconf 80' lang='lat' dir='ltr'><strong>ex</strong></span> <span class='ocrx_word' id='word_1_134' title='bbox 1977 1719 2159 1777; x_wconf 82' lang='lat' dir='ltr'><strong>chari-</strong></span> 
     </span>
    </p>
   </div>
   <div class='ocr_carea' id='block_1_19' title="bbox 2262 1713 3849 1810">
    <p class='ocr_par' dir='ltr' id='par_1_19' title="bbox 2262 1713 3849 1790">
     <span class='ocr_line' id='line_1_19' title="bbox 2262 1713 3849 1790; baseline -0.006 -16"><span class='ocrx_word' id='word_1_135' title='bbox 2262 1719 2371 1774; x_wconf 78' lang='grc' dir='ltr'><strong>τῶν</strong></span> <span class='ocrx_word' id='word_1_136' title='bbox 2412 1717 2748 1790; x_wconf 79' lang='grc' dir='ltr'>Ἐκκλησιῶν</span> <span class='ocrx_word' id='word_1_137' title='bbox 2775 1716 3124 1786; x_wconf 79' lang='grc' dir='ltr'><strong>συντεθείσης</strong></span> <span class='ocrx_word' id='word_1_138' title='bbox 3142 1714 3205 1768; x_wconf 85' lang='grc' dir='ltr'><strong>ού</strong></span> <span class='ocrx_word' id='word_1_139' title='bbox 3235 1714 3378 1769; x_wconf 79' lang='grc' dir='ltr'>κατὰ</span> <span class='ocrx_word' id='word_1_140' title='bbox 3398 1713 3577 1783; x_wconf 86' lang='grc' dir='ltr'>λόγον,</span> <span class='ocrx_word' id='word_1_141' title='bbox 3610 1714 3849 1784; x_wconf 72' lang='grc' dir='ltr'>ἐτεκμηο</span> 
     </span>
    </p>
   </div>
   <div class='ocr_carea' id='block_1_20' title="bbox 575 1805 2153 1876">
    <p class='ocr_par' dir='ltr' id='par_1_20' title="bbox 575 1805 2153 1876">
     <span class='ocr_line' id='line_1_20' title="bbox 575 1805 2153 1876; baseline 0.003 -17"><span class='ocrx_word' id='word_1_142' title='bbox 575 1813 685 1861; x_wconf 85' lang='lat' dir='ltr'><strong>tate</strong></span> <span class='ocrx_word' id='word_1_143' title='bbox 710 1805 930 1876; x_wconf 86' lang='lat' dir='ltr'><strong>quidem</strong></span> <span class='ocrx_word' id='word_1_144' title='bbox 949 1805 1431 1866; x_wconf 86' lang='lat' dir='ltr'><strong>mansuetudinem</strong></span> <span class='ocrx_word' id='word_1_145' title='bbox 1450 1815 1598 1862; x_wconf 91' lang='lat' dir='ltr'><strong>tuam</strong></span> <span class='ocrx_word' id='word_1_146' title='bbox 1618 1806 1787 1862; x_wconf 86' lang='lat' dir='ltr'><strong>fuisse</strong></span> <span class='ocrx_word' id='word_1_147' title='bbox 1804 1816 2153 1875; x_wconf 82' lang='lat' dir='ltr'><strong>commotam,</strong></span> 
     </span>
    </p>
   </div>
   <div class='ocr_carea' id='block_1_21' title="bbox 576 1896 2159 1970">
    <p class='ocr_par' dir='ltr' id='par_1_21' title="bbox 576 1896 2159 1970">
     <span class='ocr_line' id='line_1_21' title="bbox 576 1896 2159 1970; baseline 0.003 -19"><span class='ocrx_word' id='word_1_148' title='bbox 576 1912 678 1951; x_wconf 89' lang='lat' dir='ltr'><strong>nec</strong></span> <span class='ocrx_word' id='word_1_149' title='bbox 719 1904 901 1952; x_wconf 88' lang='lat' dir='ltr'><strong>tamen</strong></span> <span class='ocrx_word' id='word_1_150' title='bbox 938 1896 1233 1953; x_wconf 80' lang='lat' dir='ltr'><strong>videbatur</strong></span> <span class='ocrx_word' id='word_1_151' title='bbox 1266 1897 1440 1968; x_wconf 87' lang='lat' dir='ltr'><strong>probe</strong></span> <span class='ocrx_word' id='word_1_152' title='bbox 1479 1898 1768 1969; x_wconf 75' lang='lat' dir='ltr'><strong>agnovisse</strong></span> <span class='ocrx_word' id='word_1_153' title='bbox 1792 1915 1915 1970; x_wconf 70' lang='lat' dir='ltr'><strong>quas</strong></span> <span class='ocrx_word' id='word_1_154' title='bbox 1940 1899 2159 1959; x_wconf 86' lang='lat' dir='ltr'><strong>fuerant</strong></span> 
     </span>
    </p>
   </div>
   <div class='ocr_carea' id='block_1_22' title="bbox 573 1988 2157 2056">
    <p class='ocr_par' dir='ltr' id='par_1_22' title="bbox 573 1988 2157 2056">
     <span class='ocr_line' id='line_1_22' title="bbox 573 1988 2157 2056; baseline 0.003 -13"><span class='ocrx_word' id='word_1_155' title='bbox 573 1989 893 2047; x_wconf 84' lang='lat' dir='ltr'><strong>constituta.</strong></span> <span class='ocrx_word' id='word_1_156' title='bbox 923 1988 1340 2047; x_wconf 90' lang='lat' dir='ltr'><strong>Circumferunt</strong></span> <span class='ocrx_word' id='word_1_157' title='bbox 1365 1990 1538 2056; x_wconf 84' lang='lat' dir='ltr'><strong>enim,</strong></span> <span class='ocrx_word' id='word_1_158' title='bbox 1581 1998 1642 2046; x_wconf 89' lang='lat' dir='ltr'><strong>ut</strong></span> <span class='ocrx_word' id='word_1_159' title='bbox 1672 1990 1863 2056; x_wconf 90' lang='lat' dir='ltr'><strong>didici,</strong></span> <span class='ocrx_word' id='word_1_160' title='bbox 1904 1992 2157 2049; x_wconf 87' lang='lat' dir='ltr'><strong>nonnulli</strong></span> 
     </span>
    </p>
   </div>
   <div class='ocr_carea' id='block_1_23' title="bbox 573 2080 2158 2151">
    <p class='ocr_par' dir='ltr' id='par_1_23' title="bbox 573 2080 2158 2151">
     <span class='ocr_line' id='line_1_23' title="bbox 573 2080 2158 2151; baseline 0.004 -18"><span class='ocrx_word' id='word_1_161' title='bbox 573 2080 854 2149; x_wconf 83' lang='lat' dir='ltr'><strong>epistolas,</strong></span> <span class='ocrx_word' id='word_1_162' title='bbox 899 2088 1159 2151; x_wconf 85' lang='lat' dir='ltr'><strong>tanquam</strong></span> <span class='ocrx_word' id='word_1_163' title='bbox 1204 2081 1272 2139; x_wconf 84' lang='lat' dir='ltr'><strong>ad</strong></span> <span class='ocrx_word' id='word_1_164' title='bbox 1304 2097 1405 2140; x_wconf 76' lang='lat' dir='ltr'><strong>me</strong></span> <span class='ocrx_word' id='word_1_165' title='bbox 1449 2082 1609 2145; x_wconf 85' lang='lat' dir='ltr'><strong>datas</strong></span> <span class='ocrx_word' id='word_1_166' title='bbox 1644 2098 1676 2139; x_wconf 86' lang='lat' dir='ltr'><strong>a</strong></span> <span class='ocrx_word' id='word_1_167' title='bbox 1708 2083 2158 2144; x_wconf 76' lang='lat' dir='ltr'><strong>reverentissimo</strong></span> 
     </span>
    </p>
   </div>
   <div class='ocr_carea' id='block_1_24' title="bbox 573 2172 2160 2243">
    <p class='ocr_par' dir='ltr' id='par_1_24' title="bbox 573 2172 2160 2243">
     <span class='ocr_line' id='line_1_24' title="bbox 573 2172 2160 2243; baseline 0.004 -19"><span class='ocrx_word' id='word_1_168' title='bbox 573 2172 931 2242; x_wconf 81' lang='lat' dir='ltr'><strong>piissimoque</strong></span> <span class='ocrx_word' id='word_1_169' title='bbox 952 2173 1215 2243; x_wconf 86' lang='lat' dir='ltr'><strong>episcopo</strong></span> <span class='ocrx_word' id='word_1_170' title='bbox 1238 2173 1448 2232; x_wconf 75' lang='lat' dir='ltr'><strong>Joanne</strong></span> <span class='ocrx_word' id='word_1_171' title='bbox 1475 2191 1488 2227; x_wconf 92' lang='lat'><strong>:</strong></span> <span class='ocrx_word' id='word_1_172' title='bbox 1516 2174 1829 2231; x_wconf 80' lang='lat' dir='ltr'><strong>verosimile</strong></span> <span class='ocrx_word' id='word_1_173' title='bbox 1858 2182 2041 2232; x_wconf 85' lang='lat' dir='ltr'><strong>tamen</strong></span> <span class='ocrx_word' id='word_1_174' title='bbox 2075 2184 2160 2231; x_wconf 85' lang='lat' dir='ltr'><strong>est</strong></span> 
     </span>
    </p>
   </div>
   <div class='ocr_carea' id='block_1_25' title="bbox 571 2263 2165 2341">
    <p class='ocr_par' dir='ltr' id='par_1_25' title="bbox 571 2263 2165 2341">
     <span class='ocr_line' id='line_1_25' title="bbox 571 2263 2165 2341; baseline 0.004 -23"><span class='ocrx_word' id='word_1_175' title='bbox 571 2278 670 2319; x_wconf 87' lang='lat' dir='ltr'><strong>cas</strong></span> <span class='ocrx_word' id='word_1_176' title='bbox 695 2264 781 2319; x_wconf 85' lang='lat' dir='ltr'><strong>vel</strong></span> <span class='ocrx_word' id='word_1_177' title='bbox 803 2263 1024 2321; x_wconf 83' lang='lat' dir='ltr'><strong>ﬂctitias</strong></span> <span class='ocrx_word' id='word_1_178' title='bbox 1049 2280 1191 2331; x_wconf 84' lang='lat' dir='ltr'><strong>esse,</strong></span> <span class='ocrx_word' id='word_1_179' title='bbox 1220 2266 1305 2321; x_wconf 84' lang='lat' dir='ltr'><strong>vel</strong></span> <span class='ocrx_word' id='word_1_180' title='bbox 1330 2275 1649 2324; x_wconf 86' lang='lat' dir='ltr'><strong>assumenta</strong></span> <span class='ocrx_word' id='word_1_181' title='bbox 1675 2268 1927 2337; x_wconf 69' lang='lat' dir='ltr'><strong>quaedam</strong></span> <span class='ocrx_word' id='word_1_182' title='bbox 1951 2269 2165 2341; x_wconf 82' lang='lat' dir='ltr'><strong>habere</strong></span> 
     </span>
    </p>
   </div>
   <div class='ocr_carea' id='block_1_26' title="bbox 573 2356 2159 2433">
    <p class='ocr_par' dir='ltr' id='par_1_26' title="bbox 573 2356 2159 2433">
     <span class='ocr_line' id='line_1_26' title="bbox 573 2356 2159 2433; baseline 0.005 -24"><span class='ocrx_word' id='word_1_183' title='bbox 573 2371 699 2410; x_wconf 91' lang='lat' dir='ltr'><strong>cum</strong></span> <span class='ocrx_word' id='word_1_184' title='bbox 758 2356 1013 2412; x_wconf 86' lang='lat' dir='ltr'><strong>Nestorio</strong></span> <span class='ocrx_word' id='word_1_185' title='bbox 1058 2357 1431 2414; x_wconf 81' lang='lat' dir='ltr'><strong>sentientibus</strong></span> <span class='ocrx_word' id='word_1_186' title='bbox 1476 2358 1779 2415; x_wconf 85' lang='lat' dir='ltr'><strong>admodum</strong></span> <span class='ocrx_word' id='word_1_187' title='bbox 1824 2368 1999 2431; x_wconf 80' lang='lat' dir='ltr'><strong>grata.</strong></span> <span class='ocrx_word' id='word_1_188' title='bbox 2046 2362 2159 2433; x_wconf 77' lang='lat' dir='ltr'><strong>Ego</strong></span> 
     </span>
    </p>
   </div>
   <div class='ocr_carea' id='block_1_27' title="bbox 572 2447 2160 2523">
    <p class='ocr_par' dir='ltr' id='par_1_27' title="bbox 572 2447 2160 2523">
     <span class='ocr_line' id='line_1_27' title="bbox 572 2447 2160 2523; baseline 0.005 -23"><span class='ocrx_word' id='word_1_189' title='bbox 572 2447 724 2500; x_wconf 89' lang='lat' dir='ltr'><strong>enim</strong></span> <span class='ocrx_word' id='word_1_190' title='bbox 776 2448 1082 2503; x_wconf 85' lang='lat' dir='ltr'><strong>secundum</strong></span> <span class='ocrx_word' id='word_1_191' title='bbox 1121 2449 1268 2519; x_wconf 90' lang='lat' dir='ltr'><strong>quod</strong></span> <span class='ocrx_word' id='word_1_192' title='bbox 1299 2450 1478 2506; x_wconf 78' lang='lat' dir='ltr'><strong>visum</strong></span> <span class='ocrx_word' id='word_1_193' title='bbox 1520 2458 1607 2507; x_wconf 86' lang='lat' dir='ltr'><strong>est</strong></span> <span class='ocrx_word' id='word_1_194' title='bbox 1641 2459 1847 2507; x_wconf 64' lang='lat' dir='ltr'><strong>sanctae</strong></span> <span class='ocrx_word' id='word_1_195' title='bbox 1871 2453 2080 2523; x_wconf 82' lang='lat' dir='ltr'><strong>synodo</strong></span> <span class='ocrx_word' id='word_1_196' title='bbox 2103 2453 2160 2509; x_wconf 90' lang='lat' dir='ltr'><strong>in</strong></span> 
     </span>
    </p>
   </div>
   <div class='ocr_carea' id='block_1_28' title="bbox 573 2539 2159 2614">
    <p class='ocr_par' dir='ltr' id='par_1_28' title="bbox 573 2539 2159 2614">
     <span class='ocr_line' id='line_1_28' title="bbox 573 2539 2159 2614; baseline 0.003 -18"><span class='ocrx_word' id='word_1_197' title='bbox 573 2539 941 2609; x_wconf 85' lang='lat' dir='ltr'><strong>Ephesiorum</strong></span> <span class='ocrx_word' id='word_1_198' title='bbox 968 2543 1282 2614; x_wconf 84' lang='lat' dir='ltr'><strong>metropoli,</strong></span> <span class='ocrx_word' id='word_1_199' title='bbox 1311 2558 1425 2598; x_wconf 91' lang='lat' dir='ltr'><strong>non</strong></span> <span class='ocrx_word' id='word_1_200' title='bbox 1448 2544 1697 2614; x_wconf 88' lang='lat' dir='ltr'><strong>priusilli</strong></span> <span class='ocrx_word' id='word_1_201' title='bbox 1713 2546 2159 2601; x_wconf 87' lang='lat' dir='ltr'><strong>communionem</strong></span> 
     </span>
    </p>
   </div>
   <div class='ocr_carea' id='block_1_29' title="bbox 575 2629 2161 2703">
    <p class='ocr_par' dir='ltr' id='par_1_29' title="bbox 575 2629 2161 2703">
     <span class='ocr_line' id='line_1_29' title="bbox 575 2629 2161 2703; baseline 0.005 -20"><span class='ocrx_word' id='word_1_202' title='bbox 575 2629 812 2694; x_wconf 88' lang='lat' dir='ltr'><strong>reddidi,</strong></span> <span class='ocrx_word' id='word_1_203' title='bbox 829 2648 997 2700; x_wconf 87' lang='lat' dir='ltr'><strong>quam</strong></span> <span class='ocrx_word' id='word_1_204' title='bbox 1019 2633 1087 2688; x_wconf 91' lang='lat' dir='ltr'><strong>de</strong></span> <span class='ocrx_word' id='word_1_205' title='bbox 1116 2633 1321 2703; x_wconf 86' lang='lat' dir='ltr'><strong>scripto</strong></span> <span class='ocrx_word' id='word_1_206' title='bbox 1349 2634 1900 2690; x_wconf 86' lang='lat' dir='ltr'><strong>anathematizaverit</strong></span> <span class='ocrx_word' id='word_1_207' title='bbox 1922 2635 2161 2691; x_wconf 88' lang='lat' dir='ltr'><strong>Nestorii</strong></span> 
     </span>
    </p>
   </div>
   <div class='ocr_carea' id='block_1_30' title="bbox 574 2720 2162 2798">
    <p class='ocr_par' dir='ltr' id='par_1_30' title="bbox 574 2720 2162 2798">
     <span class='ocr_line' id='line_1_30' title="bbox 574 2720 2162 2798; baseline 0.005 -23"><span class='ocrx_word' id='word_1_208' title='bbox 574 2720 849 2792; x_wconf 82' lang='lat' dir='ltr'><strong>dogmata,</strong></span> <span class='ocrx_word' id='word_1_209' title='bbox 865 2732 923 2778; x_wconf 91' lang='lat' dir='ltr'><strong>et</strong></span> <span class='ocrx_word' id='word_1_210' title='bbox 938 2723 1221 2780; x_wconf 90' lang='lat' dir='ltr'><strong>confessus</strong></span> <span class='ocrx_word' id='word_1_211' title='bbox 1248 2725 1417 2782; x_wconf 89' lang='lat' dir='ltr'><strong>fuerit</strong></span> <span class='ocrx_word' id='word_1_212' title='bbox 1434 2725 1582 2795; x_wconf 93' lang='lat' dir='ltr'><strong>quod</strong></span> <span class='ocrx_word' id='word_1_213' title='bbox 1610 2726 1764 2781; x_wconf 88' lang='lat' dir='ltr'><strong>illum</strong></span> <span class='ocrx_word' id='word_1_214' title='bbox 1785 2743 1886 2797; x_wconf 92' lang='lat' dir='ltr'><strong>pro</strong></span> <span class='ocrx_word' id='word_1_215' title='bbox 1911 2727 2162 2798; x_wconf 85' lang='lat' dir='ltr'><strong>deposito</strong></span> 
     </span>
    </p>
   </div>
   <div class='ocr_carea' id='block_1_31' title="bbox 574 2812 2162 2887">
    <p class='ocr_par' dir='ltr' id='par_1_31' title="bbox 574 2812 2162 2887">
     <span class='ocr_line' id='line_1_31' title="bbox 574 2812 2162 2887; baseline 0.007 -22"><span class='ocrx_word' id='word_1_216' title='bbox 574 2812 797 2878; x_wconf 89' lang='lat' dir='ltr'><strong>habeat,</strong></span> <span class='ocrx_word' id='word_1_217' title='bbox 842 2817 1297 2887; x_wconf 86' lang='lat' dir='ltr'><strong>consenseritque</strong></span> <span class='ocrx_word' id='word_1_218' title='bbox 1332 2816 1673 2873; x_wconf 88' lang='lat' dir='ltr'><strong>ordinationi</strong></span> <span class='ocrx_word' id='word_1_219' title='bbox 1726 2820 2162 2883; x_wconf 85' lang='lat' dir='ltr'><strong>reverentissimi</strong></span> 
     </span>
    </p>
   </div>
   <div class='ocr_carea' id='block_1_32' title="bbox 578 2904 2163 2975">
    <p class='ocr_par' dir='ltr' id='par_1_32' title="bbox 578 2904 2163 2975">
     <span class='ocr_line' id='line_1_32' title="bbox 578 2904 2163 2975; baseline 0.006 -18"><span class='ocrx_word' id='word_1_220' title='bbox 578 2904 923 2974; x_wconf 86' lang='lat' dir='ltr'><strong>piissimique</strong></span> <span class='ocrx_word' id='word_1_221' title='bbox 949 2906 1195 2975; x_wconf 88' lang='lat' dir='ltr'><strong>episcopi</strong></span> <span class='ocrx_word' id='word_1_222' title='bbox 1230 2906 1561 2962; x_wconf 82' lang='lat' dir='ltr'><strong>Maximiani.</strong></span> <span class='ocrx_word' id='word_1_223' title='bbox 1599 2908 1739 2964; x_wconf 86' lang='lat' dir='ltr'><strong>Cum</strong></span> <span class='ocrx_word' id='word_1_224' title='bbox 1775 2924 1910 2963; x_wconf 85' lang='lat' dir='ltr'><strong>vero</strong></span> <span class='ocrx_word' id='word_1_225' title='bbox 1950 2908 2163 2966; x_wconf 80' lang='lat' dir='ltr'><strong>inﬁnita</strong></span> 
     </span>
    </p>
   </div>
   <div class='ocr_carea' id='block_1_33' title="bbox 576 2995 2163 3071">
    <p class='ocr_par' dir='ltr' id='par_1_33' title="bbox 576 2995 2163 3071">
     <span class='ocr_line' id='line_1_33' title="bbox 576 2995 2163 3071; baseline 0.005 -23"><span class='ocrx_word' id='word_1_226' title='bbox 576 3011 769 3062; x_wconf 83' lang='lat' dir='ltr'><strong>passus</strong></span> <span class='ocrx_word' id='word_1_227' title='bbox 831 2995 1025 3051; x_wconf 81' lang='lat' dir='ltr'><strong>fuisset</strong></span> <span class='ocrx_word' id='word_1_228' title='bbox 1080 2997 1363 3066; x_wconf 87' lang='lat' dir='ltr'><strong>piissimus</strong></span> <span class='ocrx_word' id='word_1_229' title='bbox 1416 2998 1818 3053; x_wconf 88' lang='lat' dir='ltr'><strong>Emesenorum</strong></span> <span class='ocrx_word' id='word_1_230' title='bbox 1869 3000 2163 3071; x_wconf 87' lang='lat' dir='ltr'><strong>episcopus</strong></span> 
     </span>
    </p>
   </div>
   <div class='ocr_carea' id='block_1_34' title="bbox 2262 1804 3847 1880">
    <p class='ocr_par' dir='ltr' id='par_1_34' title="bbox 2262 1804 3847 1880">
     <span class='ocr_line' id='line_1_34' title="bbox 2262 1804 3847 1880; baseline -0.001 -21"><span class='ocrx_word' id='word_1_231' title='bbox 2262 1808 2445 1879; x_wconf 80' lang='grc' dir='ltr'>ράμην</span> <span class='ocrx_word' id='word_1_232' title='bbox 2474 1809 2592 1880; x_wconf 64' lang='grc' dir='ltr'>μὲν,</span> <span class='ocrx_word' id='word_1_233' title='bbox 2621 1808 2707 1865; x_wconf 76' lang='grc' dir='ltr'><strong>ότι</strong></span> <span class='ocrx_word' id='word_1_234' title='bbox 2723 1808 2782 1875; x_wconf 71' lang='grc' dir='ltr'><strong>ἐξ</strong></span> <span class='ocrx_word' id='word_1_235' title='bbox 2802 1807 3022 1878; x_wconf 80' lang='grc' dir='ltr'><strong>ἀγάπης</strong></span> <span class='ocrx_word' id='word_1_236' title='bbox 3047 1804 3334 1875; x_wconf 78' lang='grc' dir='ltr'><strong>κεκίνηται</strong></span> <span class='ocrx_word' id='word_1_237' title='bbox 3358 1804 3423 1858; x_wconf 82' lang='grc' dir='ltr'>τὸ</span> <span class='ocrx_word' id='word_1_238' title='bbox 3457 1804 3549 1858; x_wconf 78' lang='grc' dir='ltr'><strong>σὺν</strong></span> <span class='ocrx_word' id='word_1_239' title='bbox 3571 1806 3847 1869; x_wconf 72' lang='grc' dir='ltr'>ἐπιεικὲς,</span> 
     </span>
    </p>
   </div>
   <div class='ocr_carea' id='block_1_35' title="bbox 2257 1894 3844 1973">
    <p class='ocr_par' dir='ltr' id='par_1_35' title="bbox 2257 1894 3844 1973">
     <span class='ocr_line' id='line_1_35' title="bbox 2257 1894 3844 1973; baseline -0.004 -17"><span class='ocrx_word' id='word_1_240' title='bbox 2257 1902 2318 1956; x_wconf 75' lang='grc' dir='ltr'><strong>ού</strong></span> <span class='ocrx_word' id='word_1_241' title='bbox 2351 1901 2458 1973; x_wconf 78' lang='grc' dir='ltr'>μὴν</span> <span class='ocrx_word' id='word_1_242' title='bbox 2499 1900 2676 1958; x_wconf 64' lang='grc' dir='ltr'>ἔοικεν</span> <span class='ocrx_word' id='word_1_243' title='bbox 2702 1898 2947 1970; x_wconf 76' lang='grc' dir='ltr'>ἀκριῦὦς</span> <span class='ocrx_word' id='word_1_244' title='bbox 2977 1897 3182 1953; x_wconf 80' lang='grc' dir='ltr'>εἰδέναι</span> <span class='ocrx_word' id='word_1_245' title='bbox 3208 1896 3279 1952; x_wconf 80' lang='grc' dir='ltr'>τὰ</span> <span class='ocrx_word' id='word_1_246' title='bbox 3317 1894 3565 1961; x_wconf 82' lang='grc' dir='ltr'>δόξαντα.</span> <span class='ocrx_word' id='word_1_247' title='bbox 3607 1897 3844 1966; x_wconf 78' lang='grc' dir='ltr'><strong>Περιφὲ⁶</strong></span> 
     </span>
    </p>
   </div>
   <div class='ocr_carea' id='block_1_36' title="bbox 2261 1985 3847 2064">
    <p class='ocr_par' dir='ltr' id='par_1_36' title="bbox 2261 1985 3847 2064">
     <span class='ocr_line' id='line_1_36' title="bbox 2261 1985 3847 2064; baseline -0.005 -16"><span class='ocrx_word' id='word_1_248' title='bbox 2261 2009 2413 2064; x_wconf 79' lang='grc' dir='ltr'>ρουσι</span> <span class='ocrx_word' id='word_1_249' title='bbox 2457 1992 2557 2064; x_wconf 80' lang='grc' dir='ltr'>μὲν</span> <span class='ocrx_word' id='word_1_250' title='bbox 2596 1991 2728 2063; x_wconf 74' lang='grc' dir='ltr'>γὰρ,</span> <span class='ocrx_word' id='word_1_251' title='bbox 2766 1990 2843 2054; x_wconf 82' lang='grc' dir='ltr'><strong>ὡς</strong></span> <span class='ocrx_word' id='word_1_252' title='bbox 2892 1988 3189 2060; x_wconf 82' lang='grc' dir='ltr'>μανθάνω,</span> <span class='ocrx_word' id='word_1_253' title='bbox 3232 1989 3377 2053; x_wconf 68' lang='grc' dir='ltr'>τινὲς</span> <span class='ocrx_word' id='word_1_254' title='bbox 3424 1987 3713 2050; x_wconf 69' lang='grc' dir='ltr'>ἐπιστολὰς</span> <span class='ocrx_word' id='word_1_255' title='bbox 3764 1985 3847 2051; x_wconf 82' lang='grc' dir='ltr'>ὡς</span> 
     </span>
    </p>
   </div>
   <div class='ocr_carea' id='block_1_37' title="bbox 2259 2080 3846 2158">
    <p class='ocr_par' dir='ltr' id='par_1_37' title="bbox 2259 2080 3846 2158">
     <span class='ocr_line' id='line_1_37' title="bbox 2259 2080 3846 2158; baseline -0.005 -17"><span class='ocrx_word' id='word_1_256' title='bbox 2259 2085 2396 2158; x_wconf 76' lang='grc' dir='ltr'>πρὸς</span> <span class='ocrx_word' id='word_1_257' title='bbox 2428 2086 2495 2156; x_wconf 79' lang='grc' dir='ltr'>μὲ</span> <span class='ocrx_word' id='word_1_258' title='bbox 2524 2085 2834 2157; x_wconf 75' lang='grc' dir='ltr'><strong>γραφείσας</strong></span> <span class='ocrx_word' id='word_1_259' title='bbox 2868 2081 3021 2156; x_wconf 79' lang='grc' dir='ltr'>παρὰ</span> <span class='ocrx_word' id='word_1_260' title='bbox 3048 2081 3141 2136; x_wconf 84' lang='grc' dir='ltr'>τοῦ</span> <span class='ocrx_word' id='word_1_261' title='bbox 3167 2080 3559 2135; x_wconf 77' lang='grc' dir='ltr'>εὐλαϐεστάτου</span> <span class='ocrx_word' id='word_1_262' title='bbox 3586 2082 3683 2134; x_wconf 75' lang='grc' dir='ltr'>καὶ</span> <span class='ocrx_word' id='word_1_263' title='bbox 3715 2080 3846 2134; x_wconf 83' lang='grc' dir='ltr'>θεο-</span> 
     </span>
    </p>
   </div>
   <div class='ocr_carea' id='block_1_38' title="bbox 2260 2171 3849 2243">
    <p class='ocr_par' dir='ltr' id='par_1_38' title="bbox 2260 2171 3849 2243">
     <span class='ocr_line' id='line_1_38' title="bbox 2260 2171 3849 2243; baseline -0.005 -11"><span class='ocrx_word' id='word_1_264' title='bbox 2260 2179 2586 2233; x_wconf 77' lang='grc' dir='ltr'>σεσεστάτου</span> <span class='ocrx_word' id='word_1_265' title='bbox 2629 2175 2934 2230; x_wconf 67' lang='grc' dir='ltr'>ἐπισκόπου</span> <span class='ocrx_word' id='word_1_266' title='bbox 2992 2174 3278 2229; x_wconf 82' lang='grc' dir='ltr'><strong>Ἰωάννου·</strong></span> <span class='ocrx_word' id='word_1_267' title='bbox 3325 2172 3475 2236; x_wconf 79' lang='grc' dir='ltr'>είκδς</span> <span class='ocrx_word' id='word_1_268' title='bbox 3503 2172 3561 2225; x_wconf 81' lang='grc' dir='ltr'><strong>δὲ</strong></span> <span class='ocrx_word' id='word_1_269' title='bbox 3594 2171 3767 2235; x_wconf 76' lang='grc' dir='ltr'>αὐτας</span> <span class='ocrx_word' id='word_1_270' title='bbox 3808 2172 3849 2243; x_wconf 75' lang='grc' dir='ltr'>ἢ</span> 
     </span>
    </p>
   </div>
   <div class='ocr_carea' id='block_1_39' title="bbox 2259 2262 3849 2340">
    <p class='ocr_par' dir='ltr' id='par_1_39' title="bbox 2259 2262 3849 2340">
     <span class='ocr_line' id='line_1_39' title="bbox 2259 2262 3849 2340; baseline -0.004 -17"><span class='ocrx_word' id='word_1_271' title='bbox 2259 2268 2651 2340; x_wconf 76' lang='grc' dir='ltr'><strong>πεπλασμένας</strong></span> <span class='ocrx_word' id='word_1_272' title='bbox 2676 2262 2839 2330; x_wconf 80' lang='grc' dir='ltr'>εῖναι,</span> <span class='ocrx_word' id='word_1_273' title='bbox 2873 2266 2907 2338; x_wconf 83' lang='grc' dir='ltr'>ἢ</span> <span class='ocrx_word' id='word_1_274' title='bbox 2938 2266 3032 2320; x_wconf 82' lang='grc' dir='ltr'>καὶ</span> <span class='ocrx_word' id='word_1_275' title='bbox 3059 2264 3378 2337; x_wconf 80' lang='grc' dir='ltr'><strong>προσθήκας</strong></span> <span class='ocrx_word' id='word_1_276' title='bbox 3414 2263 3580 2333; x_wconf 77' lang='grc' dir='ltr'>ἔχειν,</span> <span class='ocrx_word' id='word_1_277' title='bbox 3601 2263 3701 2328; x_wconf 80' lang='grc' dir='ltr'><strong>τὰς</strong></span> <span class='ocrx_word' id='word_1_278' title='bbox 3725 2267 3849 2327; x_wconf 82' lang='grc' dir='ltr'>τοῖς</span> 
     </span>
    </p>
   </div>
   <div class='ocr_carea' id='block_1_40' title="bbox 2260 2355 3849 2433">
    <p class='ocr_par' dir='ltr' id='par_1_40' title="bbox 2260 2355 3849 2433">
     <span class='ocr_line' id='line_1_40' title="bbox 2260 2355 3849 2433; baseline -0.004 -18"><span class='ocrx_word' id='word_1_279' title='bbox 2260 2360 2519 2433; x_wconf 74' lang='grc' dir='ltr'>φρονοῦσι</span> <span class='ocrx_word' id='word_1_280' title='bbox 2545 2361 2613 2414; x_wconf 74' lang='grc' dir='ltr'><strong>τὰ</strong></span> <span class='ocrx_word' id='word_1_281' title='bbox 2642 2357 2936 2430; x_wconf 84' lang='grc' dir='ltr'>Νεστορίου</span> <span class='ocrx_word' id='word_1_282' title='bbox 2968 2357 3093 2412; x_wconf 76' lang='grc' dir='ltr'>καθ’</span> <span class='ocrx_word' id='word_1_283' title='bbox 3118 2356 3333 2428; x_wconf 73' lang='grc' dir='ltr'>ἡδονήν.</span> <span class='ocrx_word' id='word_1_284' title='bbox 3376 2355 3519 2425; x_wconf 82' lang='grc' dir='ltr'>Ἐγὼ</span> <span class='ocrx_word' id='word_1_285' title='bbox 3538 2355 3669 2426; x_wconf 81' lang='grc' dir='ltr'>γὰρ,</span> <span class='ocrx_word' id='word_1_286' title='bbox 3699 2356 3849 2409; x_wconf 79' lang='grc' dir='ltr'>κατὰ</span> 
     </span>
    </p>
   </div>
   <div class='ocr_carea' id='block_1_41' title="bbox 2259 2442 3849 2523">
    <p class='ocr_par' dir='ltr' id='par_1_41' title="bbox 2259 2442 3849 2523">
     <span class='ocr_line' id='line_1_41' title="bbox 2259 2442 3849 2523; baseline -0.005 -17"><span class='ocrx_word' id='word_1_287' title='bbox 2259 2452 2321 2506; x_wconf 77' lang='grc' dir='ltr'>τὸ</span> <span class='ocrx_word' id='word_1_288' title='bbox 2345 2452 2502 2517; x_wconf 82' lang='grc' dir='ltr'>δόξαν</span> <span class='ocrx_word' id='word_1_289' title='bbox 2527 2454 2594 2523; x_wconf 76' lang='grc' dir='ltr'>τῇ</span> <span class='ocrx_word' id='word_1_290' title='bbox 2620 2450 2753 2522; x_wconf 77' lang='grc' dir='ltr'>ἁγία</span> <span class='ocrx_word' id='word_1_291' title='bbox 2776 2449 2981 2521; x_wconf 83' lang='grc' dir='ltr'>συνόδῳ</span> <span class='ocrx_word' id='word_1_292' title='bbox 3008 2449 3068 2503; x_wconf 70' lang='grc' dir='ltr'>ιν</span> <span class='ocrx_word' id='word_1_293' title='bbox 3095 2450 3162 2519; x_wconf 75' lang='grc' dir='ltr'>τῇ</span> <span class='ocrx_word' id='word_1_294' title='bbox 3199 2442 3462 2519; x_wconf 76' lang='grc' dir='ltr'><strong>Ἐφεσίων</strong></span> <span class='ocrx_word' id='word_1_295' title='bbox 3488 2445 3849 2518; x_wconf 81' lang='grc' dir='ltr'><strong>μητροπόλει,</strong></span> 
     </span>
    </p>
   </div>
   <div class='ocr_carea' id='block_1_42' title="bbox 2260 2536 3855 2615">
    <p class='ocr_par' dir='ltr' id='par_1_42' title="bbox 2260 2536 3855 2615">
     <span class='ocr_line' id='line_1_42' title="bbox 2260 2536 3855 2615; baseline -0.004 -17"><span class='ocrx_word' id='word_1_296' title='bbox 2260 2544 2323 2598; x_wconf 85' lang='grc' dir='ltr'><strong>ού</strong></span> <span class='ocrx_word' id='word_1_297' title='bbox 2361 2544 2631 2615; x_wconf 84' lang='grc' dir='ltr'>πρότερον</span> <span class='ocrx_word' id='word_1_298' title='bbox 2661 2540 2809 2612; x_wconf 86' lang='grc' dir='ltr'><strong>αύτῷ</strong></span> <span class='ocrx_word' id='word_1_299' title='bbox 2837 2540 2937 2613; x_wconf 82' lang='grc' dir='ltr'><strong>τὴν</strong></span> <span class='ocrx_word' id='word_1_300' title='bbox 2968 2539 3257 2595; x_wconf 85' lang='grc' dir='ltr'>κοινωνίαν</span> <span class='ocrx_word' id='word_1_301' title='bbox 3296 2538 3651 2603; x_wconf 77' lang='grc' dir='ltr'>ἀποδέδωκα,</span> <span class='ocrx_word' id='word_1_302' title='bbox 3684 2536 3735 2592; x_wconf 88' lang='grc' dir='ltr'>εί</span> <span class='ocrx_word' id='word_1_303' title='bbox 3766 2536 3855 2608; x_wconf 77' lang='grc' dir='ltr'>μὴ</span> 
     </span>
    </p>
   </div>
   <div class='ocr_carea' id='block_1_43' title="bbox 2261 2628 3856 2702">
    <p class='ocr_par' dir='ltr' id='par_1_43' title="bbox 2261 2628 3856 2702">
     <span class='ocr_line' id='line_1_43' title="bbox 2261 2628 3856 2702; baseline -0.004 -14"><span class='ocrx_word' id='word_1_304' title='bbox 2261 2633 2658 2702; x_wconf 79' lang='grc' dir='ltr'>ἀνεθεμάτισεν</span> <span class='ocrx_word' id='word_1_305' title='bbox 2687 2631 2985 2702; x_wconf 80' lang='grc' dir='ltr'><strong>ἐγγράφως</strong></span> <span class='ocrx_word' id='word_1_306' title='bbox 3017 2631 3087 2686; x_wconf 82' lang='grc' dir='ltr'>τὰ</span> <span class='ocrx_word' id='word_1_307' title='bbox 3109 2628 3410 2701; x_wconf 86' lang='grc' dir='ltr'>Νεστορίου</span> <span class='ocrx_word' id='word_1_308' title='bbox 3442 2628 3709 2699; x_wconf 84' lang='grc' dir='ltr'>δόγματα,</span> <span class='ocrx_word' id='word_1_309' title='bbox 3748 2628 3856 2682; x_wconf 78' lang='grc' dir='ltr'>καὶ</span> 
     </span>
    </p>
   </div>
   <div class='ocr_carea' id='block_1_44' title="bbox 2260 2718 3856 2794">
    <p class='ocr_par' dir='ltr' id='par_1_44' title="bbox 2260 2718 3856 2794">
     <span class='ocr_line' id='line_1_44' title="bbox 2260 2718 3856 2794; baseline -0.006 -13"><span class='ocrx_word' id='word_1_310' title='bbox 2260 2723 2616 2794; x_wconf 76' lang='grc' dir='ltr'>ὡμολόγησεν</span> <span class='ocrx_word' id='word_1_311' title='bbox 2653 2722 2799 2793; x_wconf 74' lang='grc' dir='ltr'>ἔχειν</span> <span class='ocrx_word' id='word_1_312' title='bbox 2822 2722 2990 2776; x_wconf 78' lang='grc' dir='ltr'>αὑτὸν</span> <span class='ocrx_word' id='word_1_313' title='bbox 3016 2719 3422 2793; x_wconf 80' lang='grc' dir='ltr'>καθῃρημένον,</span> <span class='ocrx_word' id='word_1_314' title='bbox 3450 2718 3547 2773; x_wconf 76' lang='grc' dir='ltr'>καὶ</span> <span class='ocrx_word' id='word_1_315' title='bbox 3590 2718 3856 2772; x_wconf 82' lang='grc' dir='ltr'>συνέθετο</span> 
     </span>
    </p>
   </div>
   <div class='ocr_carea' id='block_1_45' title="bbox 2261 2811 3853 2888">
    <p class='ocr_par' dir='ltr' id='par_1_45' title="bbox 2261 2811 3853 2888">
     <span class='ocr_line' id='line_1_45' title="bbox 2261 2811 3853 2888; baseline -0.006 -16"><span class='ocrx_word' id='word_1_316' title='bbox 2261 2818 2330 2888; x_wconf 79' lang='grc' dir='ltr'>τῇ</span> <span class='ocrx_word' id='word_1_317' title='bbox 2368 2815 2703 2888; x_wconf 79' lang='grc' dir='ltr'>χειροτονείᾳ</span> <span class='ocrx_word' id='word_1_318' title='bbox 2731 2813 2824 2868; x_wconf 80' lang='grc' dir='ltr'>τοῦ</span> <span class='ocrx_word' id='word_1_319' title='bbox 2856 2814 3255 2869; x_wconf 74' lang='grc' dir='ltr'>εὐλαϐεστὰτου</span> <span class='ocrx_word' id='word_1_320' title='bbox 3294 2812 3388 2867; x_wconf 80' lang='grc' dir='ltr'>καὶ</span> <span class='ocrx_word' id='word_1_321' title='bbox 3416 2811 3853 2865; x_wconf 80' lang='grc' dir='ltr'>θεοσεδεστάτου</span> 
     </span>
    </p>
   </div>
   <div class='ocr_carea' id='block_1_46' title="bbox 2264 2903 3855 2977">
    <p class='ocr_par' dir='ltr' id='par_1_46' title="bbox 2264 2903 3855 2977">
     <span class='ocr_line' id='line_1_46' title="bbox 2264 2903 3855 2977; baseline -0.002 -18"><span class='ocrx_word' id='word_1_322' title='bbox 2264 2907 2571 2961; x_wconf 69' lang='grc' dir='ltr'>ἐπισκόπου</span> <span class='ocrx_word' id='word_1_323' title='bbox 2611 2905 2977 2977; x_wconf 81' lang='grc' dir='ltr'>Μαξιμιανοῢ.</span> <span class='ocrx_word' id='word_1_324' title='bbox 3032 2904 3391 2977; x_wconf 70' lang='grc' dir='ltr'>Κεκμηκότος</span> <span class='ocrx_word' id='word_1_325' title='bbox 3428 2903 3487 2958; x_wconf 70' lang='grc' dir='ltr'><strong>δὲ</strong></span> <span class='ocrx_word' id='word_1_326' title='bbox 3530 2904 3700 2976; x_wconf 82' lang='grc' dir='ltr'>μυρία</span> <span class='ocrx_word' id='word_1_327' title='bbox 3748 2903 3855 2957; x_wconf 72' lang='grc' dir='ltr'><strong>τοῦ</strong></span> 
     </span>
    </p>
   </div>
   <div class='ocr_carea' id='block_1_47' title="bbox 2270 2995 3855 3069">
    <p class='ocr_par' dir='ltr' id='par_1_47' title="bbox 2270 2995 3855 3069">
     <span class='ocr_line' id='line_1_47' title="bbox 2270 2995 3855 3069; baseline -0.004 -14"><span class='ocrx_word' id='word_1_328' title='bbox 2270 3000 2692 3055; x_wconf 80' lang='grc' dir='ltr'>θεοσεὸεστάτου</span> <span class='ocrx_word' id='word_1_329' title='bbox 2744 2998 3045 3053; x_wconf 74' lang='grc' dir='ltr'>ἐπισκόπου</span> <span class='ocrx_word' id='word_1_330' title='bbox 3101 2999 3201 3069; x_wconf 82' lang='grc' dir='ltr'>τῆς</span> <span class='ocrx_word' id='word_1_331' title='bbox 3263 2996 3578 3067; x_wconf 85' lang='grc' dir='ltr'>Ἐμεσηνῶν</span> <span class='ocrx_word' id='word_1_332' title='bbox 3626 2995 3855 3049; x_wconf 83' lang='grc' dir='ltr'>Παύλου</span> 
     </span>
    </p>
   </div>
   <div class='ocr_carea' id='block_1_48' title="bbox 578 3084 2159 3162">
    <p class='ocr_par' dir='ltr' id='par_1_48' title="bbox 578 3085 2158 3162">
     <span class='ocr_line' id='line_1_48' title="bbox 578 3085 2158 3162; baseline 0.006 -25"><span class='ocrx_word' id='word_1_333' title='bbox 578 3085 779 3138; x_wconf 80' lang='lat' dir='ltr'><strong>Paulus</strong></span> <span class='ocrx_word' id='word_1_334' title='bbox 802 3086 871 3139; x_wconf 89' lang='lat' dir='ltr'><strong>ab</strong></span> <span class='ocrx_word' id='word_1_335' title='bbox 896 3087 964 3141; x_wconf 90' lang='lat' dir='ltr'><strong>iis</strong></span> <span class='ocrx_word' id='word_1_336' title='bbox 984 3088 1077 3157; x_wconf 88' lang='lat' dir='ltr'><strong>qui</strong></span> <span class='ocrx_word' id='word_1_337' title='bbox 1107 3087 1343 3157; x_wconf 82' lang='lat' dir='ltr'><strong>depositi</strong></span> <span class='ocrx_word' id='word_1_338' title='bbox 1363 3088 1598 3153; x_wconf 84' lang='lat' dir='ltr'><strong>fuerant,</strong></span> <span class='ocrx_word' id='word_1_339' title='bbox 1620 3090 1886 3156; x_wconf 87' lang='lat' dir='ltr'><strong>llclladio,</strong></span> <span class='ocrx_word' id='word_1_340' title='bbox 1914 3092 2158 3162; x_wconf 87' lang='lat' dir='ltr'><strong>inquam,</strong></span> 
     </span>
    </p>
   </div>
   <div class='ocr_carea' id='block_1_49' title="bbox 2262 3084 3859 3162">
    <p class='ocr_par' dir='ltr' id='par_1_49' title="bbox 2263 3084 3859 3161">
     <span class='ocr_line' id='line_1_49' title="bbox 2263 3084 3859 3161; baseline -0.004 -18"><span class='ocrx_word' id='word_1_341' title='bbox 2263 3090 2416 3160; x_wconf 82' lang='grc' dir='ltr'>παρὰ</span> <span class='ocrx_word' id='word_1_342' title='bbox 2427 3089 2536 3143; x_wconf 86' lang='grc' dir='ltr'><strong>τῶν</strong></span> <span class='ocrx_word' id='word_1_343' title='bbox 2553 3089 2971 3161; x_wconf 81' lang='grc' dir='ltr'>καθῃρημένων,</span> <span class='ocrx_word' id='word_1_344' title='bbox 3010 3087 3281 3142; x_wconf 78' lang='grc' dir='ltr'>Ἐλλαδίου</span> <span class='ocrx_word' id='word_1_345' title='bbox 3295 3086 3355 3140; x_wconf 86' lang='grc' dir='ltr'>τέ</span> <span class='ocrx_word' id='word_1_346' title='bbox 3387 3103 3528 3157; x_wconf 77' lang='grc' dir='ltr'>φημι</span> <span class='ocrx_word' id='word_1_347' title='bbox 3552 3085 3647 3139; x_wconf 81' lang='grc' dir='ltr'>καὶ</span> <span class='ocrx_word' id='word_1_348' title='bbox 3672 3084 3859 3155; x_wconf 78' lang='grc' dir='ltr'>Εύθη-</span> 
     </span>
    </p>
   </div>
   <div class='ocr_carea' id='block_1_50' title="bbox 576 3176 2163 3253">
    <p class='ocr_par' dir='ltr' id='par_1_50' title="bbox 576 3176 2163 3253">
     <span class='ocr_line' id='line_1_50' title="bbox 576 3176 2163 3253; baseline 0.006 -24"><span class='ocrx_word' id='word_1_349' title='bbox 576 3185 633 3230; x_wconf 88' lang='lat' dir='ltr'><strong>ct</strong></span> <span class='ocrx_word' id='word_1_350' title='bbox 672 3176 939 3231; x_wconf 83' lang='lat' dir='ltr'><strong>Eutherio</strong></span> <span class='ocrx_word' id='word_1_351' title='bbox 974 3187 1031 3232; x_wconf 92' lang='lat' dir='ltr'><strong>ct</strong></span> <span class='ocrx_word' id='word_1_352' title='bbox 1072 3179 1351 3233; x_wconf 89' lang='lat' dir='ltr'><strong>Dorotheo</strong></span> <span class='ocrx_word' id='word_1_353' title='bbox 1373 3186 1430 3233; x_wconf 90' lang='lat' dir='ltr'><strong>et</strong></span> <span class='ocrx_word' id='word_1_354' title='bbox 1455 3179 1723 3245; x_wconf 84' lang='lat' dir='ltr'><strong>Himerio,</strong></span> <span class='ocrx_word' id='word_1_355' title='bbox 1750 3192 2075 3253; x_wconf 79' lang='lat' dir='ltr'><strong>rogaretque</strong></span> <span class='ocrx_word' id='word_1_356' title='bbox 2102 3192 2163 3239; x_wconf 89' lang='lat' dir='ltr'><strong>ut</strong></span> 
     </span>
    </p>
   </div>
   <div class='ocr_carea' id='block_1_51' title="bbox 577 3269 2160 3342">
    <p class='ocr_par' dir='ltr' id='par_1_51' title="bbox 577 3269 2160 3342">
     <span class='ocr_line' id='line_1_51' title="bbox 577 3269 2160 3342; baseline 0.005 -21"><span class='ocrx_word' id='word_1_357' title='bbox 577 3282 688 3322; x_wconf 90' lang='lat' dir='ltr'><strong>una</strong></span> <span class='ocrx_word' id='word_1_358' title='bbox 735 3282 859 3322; x_wconf 91' lang='lat' dir='ltr'><strong>cum</strong></span> <span class='ocrx_word' id='word_1_359' title='bbox 908 3284 1040 3338; x_wconf 88' lang='lat' dir='ltr'><strong>pace</strong></span> <span class='ocrx_word' id='word_1_360' title='bbox 1085 3269 1460 3324; x_wconf 88' lang='lat' dir='ltr'><strong>Ecclesiarum</strong></span> <span class='ocrx_word' id='word_1_361' title='bbox 1499 3271 1826 3342; x_wconf 85' lang='lat' dir='ltr'><strong>hypothesis</strong></span> <span class='ocrx_word' id='word_1_362' title='bbox 1854 3275 2160 3329; x_wconf 79' lang='lat' dir='ltr'><strong>secundum</strong></span> 
     </span>
    </p>
   </div>
   <div class='ocr_carea' id='block_1_52' title="bbox 580 3359 2163 3431">
    <p class='ocr_par' dir='ltr' id='par_1_52' title="bbox 580 3359 2163 3431">
     <span class='ocr_line' id='line_1_52' title="bbox 580 3359 2163 3431; baseline 0.004 -18"><span class='ocrx_word' id='word_1_363' title='bbox 580 3359 707 3415; x_wconf 85' lang='lat' dir='ltr'><strong>illos</strong></span> <span class='ocrx_word' id='word_1_364' title='bbox 746 3360 1027 3429; x_wconf 81' lang='lat' dir='ltr'><strong>exemplar</strong></span> <span class='ocrx_word' id='word_1_365' title='bbox 1059 3360 1328 3416; x_wconf 86' lang='lat' dir='ltr'><strong>haberet:</strong></span> <span class='ocrx_word' id='word_1_366' title='bbox 1360 3363 1745 3431; x_wconf 90' lang='lat' dir='ltr'><strong>respondendo</strong></span> <span class='ocrx_word' id='word_1_367' title='bbox 1778 3364 1890 3418; x_wconf 77' lang='lat' dir='ltr'><strong>dixi</strong></span> <span class='ocrx_word' id='word_1_368' title='bbox 1922 3381 2009 3420; x_wconf 91' lang='lat' dir='ltr'><strong>mc</strong></span> <span class='ocrx_word' id='word_1_369' title='bbox 2036 3367 2163 3420; x_wconf 90' lang='lat' dir='ltr'><strong>nul-</strong></span> 
     </span>
    </p>
   </div>
   <div class='ocr_carea' id='block_1_53' title="bbox 579 3450 2158 3524">
    <p class='ocr_par' dir='ltr' id='par_1_53' title="bbox 579 3450 2158 3524">
     <span class='ocr_line' id='line_1_53' title="bbox 579 3450 2158 3524; baseline 0.004 -19"><span class='ocrx_word' id='word_1_370' title='bbox 579 3450 688 3505; x_wconf 88' lang='lat' dir='ltr'><strong>lam</strong></span> <span class='ocrx_word' id='word_1_371' title='bbox 724 3450 988 3506; x_wconf 84' lang='lat' dir='ltr'><strong>rationem</strong></span> <span class='ocrx_word' id='word_1_372' title='bbox 1026 3467 1220 3506; x_wconf 92' lang='lat' dir='ltr'><strong>eorum</strong></span> <span class='ocrx_word' id='word_1_373' title='bbox 1258 3452 1464 3508; x_wconf 88' lang='lat' dir='ltr'><strong>habere</strong></span> <span class='ocrx_word' id='word_1_374' title='bbox 1493 3454 1588 3524; x_wconf 90' lang='lat' dir='ltr'><strong>qui</strong></span> <span class='ocrx_word' id='word_1_375' title='bbox 1627 3454 1863 3524; x_wconf 89' lang='lat' dir='ltr'><strong>depositi</strong></span> <span class='ocrx_word' id='word_1_376' title='bbox 1891 3458 2113 3511; x_wconf 79' lang='lat' dir='ltr'><strong>fuerant</strong></span> <span class='ocrx_word' id='word_1_377' title='bbox 2144 3473 2158 3511; x_wconf 88' lang='lat'><strong>:</strong></span> 
     </span>
    </p>
   </div>
   <div class='ocr_carea' id='block_1_54' title="bbox 582 3540 2162 3616">
    <p class='ocr_par' dir='ltr' id='par_1_54' title="bbox 582 3540 2162 3616">
     <span class='ocr_line' id='line_1_54' title="bbox 582 3540 2162 3616; baseline 0.004 -20"><span class='ocrx_word' id='word_1_378' title='bbox 582 3540 679 3596; x_wconf 85' lang='lat' dir='ltr'><strong>sed</strong></span> <span class='ocrx_word' id='word_1_379' title='bbox 703 3541 760 3596; x_wconf 93' lang='lat' dir='ltr'><strong>in</strong></span> <span class='ocrx_word' id='word_1_380' title='bbox 782 3556 850 3596; x_wconf 92' lang='lat' dir='ltr'><strong>eo</strong></span> <span class='ocrx_word' id='word_1_381' title='bbox 872 3542 1065 3596; x_wconf 88' lang='lat' dir='ltr'><strong>habitu</strong></span> <span class='ocrx_word' id='word_1_382' title='bbox 1090 3552 1345 3613; x_wconf 83' lang='lat' dir='ltr'><strong>Oporterc</strong></span> <span class='ocrx_word' id='word_1_383' title='bbox 1367 3544 1491 3599; x_wconf 92' lang='lat' dir='ltr'><strong>illos</strong></span> <span class='ocrx_word' id='word_1_384' title='bbox 1512 3560 1759 3609; x_wconf 87' lang='lat' dir='ltr'><strong>manere,</strong></span> <span class='ocrx_word' id='word_1_385' title='bbox 1787 3547 1971 3616; x_wconf 88' lang='lat' dir='ltr'><strong>inquo</strong></span> <span class='ocrx_word' id='word_1_386' title='bbox 1996 3548 2162 3603; x_wconf 88' lang='lat' dir='ltr'><strong>etiam</strong></span> 
     </span>
    </p>
   </div>
   <div class='ocr_carea' id='block_1_55' title="bbox 582 3631 2162 3708">
    <p class='ocr_par' dir='ltr' id='par_1_55' title="bbox 582 3631 2162 3708">
     <span class='ocr_line' id='line_1_55' title="bbox 582 3631 2162 3708; baseline 0.007 -26"><span class='ocrx_word' id='word_1_387' title='bbox 582 3642 778 3684; x_wconf 90' lang='lat' dir='ltr'><strong>omnes</strong></span> <span class='ocrx_word' id='word_1_388' title='bbox 809 3638 960 3685; x_wconf 91' lang='lat' dir='ltr'><strong>sunt.</strong></span> <span class='ocrx_word' id='word_1_389' title='bbox 993 3631 1201 3687; x_wconf 87' lang='lat' dir='ltr'><strong>Indulsi</strong></span> <span class='ocrx_word' id='word_1_390' title='bbox 1247 3633 1610 3689; x_wconf 89' lang='lat' dir='ltr'><strong>nihilominus</strong></span> <span class='ocrx_word' id='word_1_391' title='bbox 1629 3638 1994 3693; x_wconf 86' lang='lat' dir='ltr'><strong>contumelias</strong></span> <span class='ocrx_word' id='word_1_392' title='bbox 2036 3638 2162 3708; x_wconf 84' lang='lat' dir='ltr'><strong>qui-</strong></span> 
     </span>
    </p>
   </div>
   <div class='ocr_carea' id='block_1_56' title="bbox 586 3718 2165 3795">
    <p class='ocr_par' dir='ltr' id='par_1_56' title="bbox 586 3718 2165 3795">
     <span class='ocr_line' id='line_1_56' title="bbox 586 3718 2165 3795; baseline 0.009 -23"><span class='ocrx_word' id='word_1_393' title='bbox 586 3718 690 3773; x_wconf 91' lang='lat' dir='ltr'><strong>bus</strong></span> <span class='ocrx_word' id='word_1_394' title='bbox 721 3719 775 3774; x_wconf 91' lang='lat' dir='ltr'><strong>in</strong></span> <span class='ocrx_word' id='word_1_395' title='bbox 803 3735 888 3775; x_wconf 90' lang='lat' dir='ltr'><strong>me</strong></span> <span class='ocrx_word' id='word_1_396' title='bbox 916 3721 1000 3777; x_wconf 90' lang='lat' dir='ltr'><strong>usi</strong></span> <span class='ocrx_word' id='word_1_397' title='bbox 1039 3729 1187 3776; x_wconf 90' lang='lat' dir='ltr'><strong>sunt.</strong></span> <span class='ocrx_word' id='word_1_398' title='bbox 1216 3722 1328 3779; x_wconf 88' lang='lat' dir='ltr'><strong>Nec</strong></span> <span class='ocrx_word' id='word_1_399' title='bbox 1353 3723 1501 3778; x_wconf 88' lang='lat' dir='ltr'><strong>enim</strong></span> <span class='ocrx_word' id='word_1_400' title='bbox 1527 3740 1871 3795; x_wconf 88' lang='lat' dir='ltr'><strong>consequens</strong></span> <span class='ocrx_word' id='word_1_401' title='bbox 1892 3737 2034 3793; x_wconf 89' lang='lat' dir='ltr'><strong>crat,</strong></span> <span class='ocrx_word' id='word_1_402' title='bbox 2061 3729 2165 3786; x_wconf 84' lang='lat' dir='ltr'><strong>hac</strong></span> 
     </span>
    </p>
   </div>
   <div class='ocr_carea' id='block_1_57' title="bbox 586 3810 2163 3874">
    <p class='ocr_par' dir='ltr' id='par_1_57' title="bbox 586 3810 2163 3874">
     <span class='ocr_line' id='line_1_57' title="bbox 586 3810 2163 3874; baseline 0.008 -12"><span class='ocrx_word' id='word_1_403' title='bbox 586 3810 857 3865; x_wconf 77' lang='lat' dir='ltr'><strong>duntaxat</strong></span> <span class='ocrx_word' id='word_1_404' title='bbox 895 3810 964 3865; x_wconf 88' lang='lat' dir='ltr'><strong>de</strong></span> <span class='ocrx_word' id='word_1_405' title='bbox 1004 3827 1170 3867; x_wconf 88' lang='lat' dir='ltr'><strong>causa</strong></span> <span class='ocrx_word' id='word_1_406' title='bbox 1220 3812 1277 3866; x_wconf 93' lang='lat' dir='ltr'><strong>in</strong></span> <span class='ocrx_word' id='word_1_407' title='bbox 1312 3813 1619 3869; x_wconf 87' lang='lat' dir='ltr'><strong>contrarias</strong></span> <span class='ocrx_word' id='word_1_408' title='bbox 1652 3816 1953 3872; x_wconf 88' lang='lat' dir='ltr'><strong>sententias</strong></span> <span class='ocrx_word' id='word_1_409' title='bbox 1987 3819 2163 3874; x_wconf 90' lang='lat' dir='ltr'><strong>scindi</strong></span> 
     </span>
    </p>
   </div>
   <div class='ocr_carea' id='block_1_58' title="bbox 592 3900 2164 3975">
    <p class='ocr_par' dir='ltr' id='par_1_58' title="bbox 592 3900 2164 3975">
     <span class='ocr_line' id='line_1_58' title="bbox 592 3900 2164 3975; baseline 0.01 -24"><span class='ocrx_word' id='word_1_410' title='bbox 592 3900 884 3967; x_wconf 57' lang='lat' dir='ltr'><strong>I&#39;Ieelesias,</strong></span> <span class='ocrx_word' id='word_1_411' title='bbox 918 3901 1049 3956; x_wconf 88' lang='lat' dir='ltr'><strong>dum</strong></span> <span class='ocrx_word' id='word_1_412' title='bbox 1084 3904 1234 3973; x_wconf 90' lang='lat' dir='ltr'><strong>quod</strong></span> <span class='ocrx_word' id='word_1_413' title='bbox 1273 3906 1509 3962; x_wconf 80' lang='lat' dir='ltr'><strong>maxime</strong></span> <span class='ocrx_word' id='word_1_414' title='bbox 1539 3909 1908 3963; x_wconf 85' lang='lat' dir='ltr'><strong>necessariam</strong></span> <span class='ocrx_word' id='word_1_415' title='bbox 1928 3919 2067 3975; x_wconf 87' lang='lat' dir='ltr'><strong>erat,</strong></span> <span class='ocrx_word' id='word_1_416' title='bbox 2095 3912 2164 3967; x_wconf 88' lang='lat' dir='ltr'><strong>ad</strong></span> 
     </span>
    </p>
   </div>
   <div class='ocr_carea' id='block_1_59' title="bbox 589 3993 2163 4064">
    <p class='ocr_par' dir='ltr' id='par_1_59' title="bbox 589 3993 2163 4064">
     <span class='ocr_line' id='line_1_59' title="bbox 589 3993 2163 4064; baseline 0.009 -20"><span class='ocrx_word' id='word_1_417' title='bbox 589 3995 751 4046; x_wconf 86' lang='lat' dir='ltr'><strong>linem</strong></span> <span class='ocrx_word' id='word_1_418' title='bbox 791 3994 900 4063; x_wconf 88' lang='lat' dir='ltr'><strong>jam</strong></span> <span class='ocrx_word' id='word_1_419' title='bbox 940 3993 1122 4048; x_wconf 80' lang='lat' dir='ltr'><strong>fuerat</strong></span> <span class='ocrx_word' id='word_1_420' title='bbox 1158 3995 1527 4064; x_wconf 89' lang='lat' dir='ltr'><strong>perductum;</strong></span> <span class='ocrx_word' id='word_1_421' title='bbox 1562 3998 1819 4054; x_wconf 78' lang='lat' dir='ltr'><strong>videlicet</strong></span> <span class='ocrx_word' id='word_1_422' title='bbox 1845 4008 1904 4054; x_wconf 93' lang='lat' dir='ltr'><strong>ut</strong></span> <span class='ocrx_word' id='word_1_423' title='bbox 1932 4003 2163 4058; x_wconf 88' lang='lat' dir='ltr'><strong>anathe-</strong></span> 
     </span>
    </p>
   </div>
   <div class='ocr_carea' id='block_1_60' title="bbox 588 4083 2165 4164">
    <p class='ocr_par' dir='ltr' id='par_1_60' title="bbox 588 4083 2165 4164">
     <span class='ocr_line' id='line_1_60' title="bbox 588 4083 2165 4164; baseline 0.01 -30"><span class='ocrx_word' id='word_1_424' title='bbox 588 4083 988 4138; x_wconf 83' lang='lat' dir='ltr'><strong>matizarcntur</strong></span> <span class='ocrx_word' id='word_1_425' title='bbox 1031 4084 1271 4139; x_wconf 82' lang='lat' dir='ltr'><strong>Nestorii</strong></span> <span class='ocrx_word' id='word_1_426' title='bbox 1321 4087 1543 4156; x_wconf 86' lang='lat' dir='ltr'><strong>placita,</strong></span> <span class='ocrx_word' id='word_1_427' title='bbox 1581 4096 1637 4143; x_wconf 90' lang='lat' dir='ltr'><strong>et</strong></span> <span class='ocrx_word' id='word_1_428' title='bbox 1671 4100 2035 4160; x_wconf 78' lang='lat' dir='ltr'><strong>agnoscerent</strong></span> <span class='ocrx_word' id='word_1_429' title='bbox 2070 4110 2165 4164; x_wconf 89' lang='lat' dir='ltr'><strong>ap-</strong></span> 
     </span>
    </p>
   </div>
   <div class='ocr_carea' id='block_1_61' title="bbox 583 4174 2162 4255">
    <p class='ocr_par' dir='ltr' id='par_1_61' title="bbox 583 4174 2162 4255">
     <span class='ocr_line' id='line_1_61' title="bbox 583 4174 2162 4255; baseline 0.011 -30"><span class='ocrx_word' id='word_1_430' title='bbox 583 4174 992 4245; x_wconf 82' lang='lat' dir='ltr'><strong>probarentque</strong></span> <span class='ocrx_word' id='word_1_431' title='bbox 1025 4176 1429 4246; x_wconf 88' lang='lat' dir='ltr'><strong>depositionem</strong></span> <span class='ocrx_word' id='word_1_432' title='bbox 1456 4180 1603 4237; x_wconf 87' lang='lat' dir='ltr'><strong>illius</strong></span> <span class='ocrx_word' id='word_1_433' title='bbox 1632 4182 1671 4237; x_wconf 86' lang='lat' dir='ltr'><strong>ii</strong></span> <span class='ocrx_word' id='word_1_434' title='bbox 1724 4185 1818 4254; x_wconf 93' lang='lat' dir='ltr'><strong>qui</strong></span> <span class='ocrx_word' id='word_1_435' title='bbox 1837 4185 2162 4255; x_wconf 77' lang='lat' dir='ltr'><strong>jamdudum</strong></span> 
     </span>
    </p>
   </div>
   <div class='ocr_carea' id='block_1_62' title="bbox 585 4264 1326 4325">
    <p class='ocr_par' dir='ltr' id='par_1_62' title="bbox 585 4264 1326 4325">
     <span class='ocr_line' id='line_1_62' title="bbox 585 4264 1326 4325; baseline 0.007 -5"><span class='ocrx_word' id='word_1_436' title='bbox 585 4265 690 4321; x_wconf 84' lang='lat' dir='ltr'><strong>hoc</strong></span> <span class='ocrx_word' id='word_1_437' title='bbox 714 4264 895 4322; x_wconf 84' lang='lat' dir='ltr'><strong>facere</strong></span> <span class='ocrx_word' id='word_1_438' title='bbox 924 4267 1326 4325; x_wconf 85' lang='lat' dir='ltr'><strong>detrectabant.</strong></span> 
     </span>
    </p>
   </div>
   <div class='ocr_carea' id='block_1_63' title="bbox 654 4357 2162 4436">
    <p class='ocr_par' dir='ltr' id='par_1_63' title="bbox 654 4357 2162 4436">
     <span class='ocr_line' id='line_1_63' title="bbox 654 4357 2162 4436; baseline 0.011 -27"><span class='ocrx_word' id='word_1_439' title='bbox 654 4357 872 4426; x_wconf 80' lang='lat' dir='ltr'><strong>Scripto</strong></span> <span class='ocrx_word' id='word_1_440' title='bbox 931 4367 1117 4413; x_wconf 83' lang='lat' dir='ltr'><strong>autem</strong></span> <span class='ocrx_word' id='word_1_441' title='bbox 1163 4360 1400 4417; x_wconf 83' lang='lat' dir='ltr'><strong>confessi</strong></span> <span class='ocrx_word' id='word_1_442' title='bbox 1447 4372 1576 4418; x_wconf 84' lang='lat' dir='ltr'><strong>sunt</strong></span> <span class='ocrx_word' id='word_1_443' title='bbox 1618 4365 1749 4435; x_wconf 82' lang='lat' dir='ltr'><strong>quia</strong></span> <span class='ocrx_word' id='word_1_444' title='bbox 1789 4365 2023 4436; x_wconf 84' lang='lat' dir='ltr'><strong>Delpara</strong></span> <span class='ocrx_word' id='word_1_445' title='bbox 2074 4380 2162 4427; x_wconf 89' lang='lat' dir='ltr'><strong>cst</strong></span> 
     </span>
    </p>
   </div>
   <div class='ocr_carea' id='block_1_64' title="bbox 581 4447 2156 4523">
    <p class='ocr_par' dir='ltr' id='par_1_64' title="bbox 581 4447 2156 4523">
     <span class='ocr_line' id='line_1_64' title="bbox 581 4447 2156 4523; baseline 0.01 -24"><span class='ocrx_word' id='word_1_446' title='bbox 581 4455 769 4501; x_wconf 82' lang='lat' dir='ltr'><strong>sancta</strong></span> <span class='ocrx_word' id='word_1_447' title='bbox 811 4447 999 4518; x_wconf 79' lang='lat' dir='ltr'><strong>Virgo,</strong></span> <span class='ocrx_word' id='word_1_448' title='bbox 1054 4456 1112 4503; x_wconf 89' lang='lat' dir='ltr'><strong>et</strong></span> <span class='ocrx_word' id='word_1_449' title='bbox 1148 4449 1277 4520; x_wconf 87' lang='lat' dir='ltr'><strong>quia</strong></span> <span class='ocrx_word' id='word_1_450' title='bbox 1309 4450 1398 4506; x_wconf 89' lang='lat' dir='ltr'><strong>ille</strong></span> <span class='ocrx_word' id='word_1_451' title='bbox 1434 4452 1551 4523; x_wconf 90' lang='lat' dir='ltr'><strong>ipse</strong></span> <span class='ocrx_word' id='word_1_452' title='bbox 1597 4455 1690 4523; x_wconf 92' lang='lat' dir='ltr'><strong>qui</strong></span> <span class='ocrx_word' id='word_1_453' title='bbox 1719 4463 1845 4510; x_wconf 88' lang='lat' dir='ltr'><strong>ante</strong></span> <span class='ocrx_word' id='word_1_454' title='bbox 1868 4470 2031 4511; x_wconf 90' lang='lat' dir='ltr'><strong>omne</strong></span> <span class='ocrx_word' id='word_1_455' title='bbox 2054 4472 2156 4513; x_wconf 72' lang='lat' dir='ltr'><strong>sa:-</strong></span> 
     </span>
    </p>
   </div>
   <div class='ocr_carea' id='block_1_65' title="bbox 579 4537 2154 4615">
    <p class='ocr_par' dir='ltr' id='par_1_65' title="bbox 579 4537 2154 4615">
     <span class='ocr_line' id='line_1_65' title="bbox 579 4537 2154 4615; baseline 0.008 -26"><span class='ocrx_word' id='word_1_456' title='bbox 579 4537 767 4591; x_wconf 91' lang='lat' dir='ltr'><strong>culum</strong></span> <span class='ocrx_word' id='word_1_457' title='bbox 803 4547 966 4593; x_wconf 86' lang='lat' dir='ltr'><strong>natus</strong></span> <span class='ocrx_word' id='word_1_458' title='bbox 990 4548 1076 4594; x_wconf 91' lang='lat' dir='ltr'><strong>est</strong></span> <span class='ocrx_word' id='word_1_459' title='bbox 1098 4555 1166 4595; x_wconf 88' lang='lat' dir='ltr'><strong>cx</strong></span> <span class='ocrx_word' id='word_1_460' title='bbox 1197 4541 1357 4597; x_wconf 87' lang='lat' dir='ltr'><strong>Patre</strong></span> <span class='ocrx_word' id='word_1_461' title='bbox 1396 4543 1568 4598; x_wconf 86' lang='lat' dir='ltr'><strong>Filius</strong></span> <span class='ocrx_word' id='word_1_462' title='bbox 1607 4545 1943 4615; x_wconf 84' lang='lat' dir='ltr'><strong>unigenitus,</strong></span> <span class='ocrx_word' id='word_1_463' title='bbox 1969 4555 2154 4602; x_wconf 75' lang='lat' dir='ltr'><strong>extre-</strong></span> 
     </span>
    </p>
   </div>
   <div class='ocr_carea' id='block_1_66' title="bbox 580 4628 2152 4702">
    <p class='ocr_par' dir='ltr' id='par_1_66' title="bbox 580 4628 2152 4702">
     <span class='ocr_line' id='line_1_66' title="bbox 580 4628 2152 4702; baseline 0.009 -17"><span class='ocrx_word' id='word_1_464' title='bbox 580 4628 685 4685; x_wconf 85' lang='lat' dir='ltr'><strong>mis</strong></span> <span class='ocrx_word' id='word_1_465' title='bbox 724 4630 909 4687; x_wconf 81' lang='lat' dir='ltr'><strong>saeculi</strong></span> <span class='ocrx_word' id='word_1_466' title='bbox 942 4633 1288 4702; x_wconf 85' lang='lat' dir='ltr'><strong>temporibus</strong></span> <span class='ocrx_word' id='word_1_467' title='bbox 1312 4642 1476 4693; x_wconf 83' lang='lat' dir='ltr'><strong>natus</strong></span> <span class='ocrx_word' id='word_1_468' title='bbox 1497 4645 1583 4697; x_wconf 89' lang='lat' dir='ltr'><strong>cst</strong></span> <span class='ocrx_word' id='word_1_469' title='bbox 1602 4639 1906 4697; x_wconf 82' lang='lat' dir='ltr'><strong>secundum</strong></span> <span class='ocrx_word' id='word_1_470' title='bbox 1929 4656 2152 4699; x_wconf 87' lang='lat' dir='ltr'><strong>carnem</strong></span> 
     </span>
    </p>
   </div>
   <div class='ocr_carea' id='block_1_67' title="bbox 568 4721 2159 4802">
    <p class='ocr_par' dir='ltr' id='par_1_67' title="bbox 568 4721 2159 4802">
     <span class='ocr_line' id='line_1_67' title="bbox 568 4721 2159 4802; baseline 0.012 -31"><span class='ocrx_word' id='word_1_471' title='bbox 568 4734 640 4772; x_wconf 76' lang='lat' dir='ltr'><strong>ex</strong></span> <span class='ocrx_word' id='word_1_472' title='bbox 684 4721 916 4777; x_wconf 89' lang='lat' dir='ltr'><strong>muliere</strong></span> <span class='ocrx_word' id='word_1_473' title='bbox 945 4723 1030 4789; x_wconf 81' lang='lat'><strong>“;</strong></span> <span class='ocrx_word' id='word_1_474' title='bbox 1073 4724 1205 4779; x_wconf 87' lang='lat' dir='ltr'><strong>item</strong></span> <span class='ocrx_word' id='word_1_475' title='bbox 1241 4727 1369 4796; x_wconf 83' lang='lat' dir='ltr'><strong>quia</strong></span> <span class='ocrx_word' id='word_1_476' title='bbox 1412 4744 1519 4782; x_wconf 88' lang='lat' dir='ltr'><strong>una</strong></span> <span class='ocrx_word' id='word_1_477' title='bbox 1547 4737 1633 4785; x_wconf 90' lang='lat' dir='ltr'><strong>est</strong></span> <span class='ocrx_word' id='word_1_478' title='bbox 1659 4730 1784 4785; x_wconf 84' lang='lat' dir='ltr'><strong>Filii</strong></span> <span class='ocrx_word' id='word_1_479' title='bbox 1813 4747 2070 4802; x_wconf 84' lang='lat' dir='ltr'><strong>persona,</strong></span> <span class='ocrx_word' id='word_1_480' title='bbox 2102 4742 2159 4790; x_wconf 91' lang='lat' dir='ltr'><strong>et</strong></span> 
     </span>
    </p>
   </div>
   <div class='ocr_carea' id='block_1_68' title="bbox 577 4813 2159 4894">
    <p class='ocr_par' dir='ltr' id='par_1_68' title="bbox 577 4813 2159 4894">
     <span class='ocr_line' id='line_1_68' title="bbox 577 4813 2159 4894; baseline 0.013 -33"><span class='ocrx_word' id='word_1_481' title='bbox 577 4824 706 4878; x_wconf 75' lang='lat' dir='ltr'><strong>quia</strong></span> <span class='ocrx_word' id='word_1_482' title='bbox 742 4813 1069 4885; x_wconf 87' lang='lat' dir='ltr'><strong>apostolicas</strong></span> <span class='ocrx_word' id='word_1_483' title='bbox 1091 4818 1547 4889; x_wconf 83' lang='lat' dir='ltr'><strong>cvangelicasquc</strong></span> <span class='ocrx_word' id='word_1_484' title='bbox 1579 4837 1743 4878; x_wconf 81' lang='lat' dir='ltr'><strong>voces</strong></span> <span class='ocrx_word' id='word_1_485' title='bbox 1779 4825 2026 4894; x_wconf 85' lang='lat' dir='ltr'><strong>apposite</strong></span> <span class='ocrx_word' id='word_1_486' title='bbox 2063 4826 2159 4882; x_wconf 88' lang='lat' dir='ltr'><strong>ad-</strong></span> 
     </span>
    </p>
   </div>
   <div class='ocr_carea' id='block_1_69' title="bbox 579 4899 2160 4985">
    <p class='ocr_par' dir='ltr' id='par_1_69' title="bbox 579 4899 2160 4985">
     <span class='ocr_line' id='line_1_69' title="bbox 579 4899 2160 4985; baseline 0.012 -31"><span class='ocrx_word' id='word_1_487' title='bbox 579 4899 775 4957; x_wconf 86' lang='lat' dir='ltr'><strong>hibent</strong></span> <span class='ocrx_word' id='word_1_488' title='bbox 794 4905 892 4975; x_wconf 90' lang='lat' dir='ltr'><strong>qui</strong></span> <span class='ocrx_word' id='word_1_489' title='bbox 919 4906 1103 4962; x_wconf 75' lang='lat' dir='ltr'><strong>divina</strong></span> <span class='ocrx_word' id='word_1_490' title='bbox 1130 4920 1491 4977; x_wconf 84' lang='lat' dir='ltr'><strong>pertractant.</strong></span> <span class='ocrx_word' id='word_1_491' title='bbox 1518 4914 1653 4969; x_wconf 86' lang='lat' dir='ltr'><strong>alias</strong></span> <span class='ocrx_word' id='word_1_492' title='bbox 1678 4916 1901 4985; x_wconf 89' lang='lat' dir='ltr'><strong>quidem</strong></span> <span class='ocrx_word' id='word_1_493' title='bbox 1928 4918 1997 4977; x_wconf 83' lang='lat' dir='ltr'><strong>de</strong></span> <span class='ocrx_word' id='word_1_494' title='bbox 2018 4919 2160 4979; x_wconf 78' lang='lat' dir='ltr'><strong>divi-</strong></span> 
     </span>
    </p>
   </div>
   <div class='ocr_carea' id='block_1_70' title="bbox 578 4992 2159 5081">
    <p class='ocr_par' dir='ltr' id='par_1_70' title="bbox 578 4992 2159 5081">
     <span class='ocr_line' id='line_1_70' title="bbox 578 4992 2159 5081; baseline 0.013 -34"><span class='ocrx_word' id='word_1_495' title='bbox 578 4992 751 5049; x_wconf 86' lang='lat' dir='ltr'><strong>nitate</strong></span> <span class='ocrx_word' id='word_1_496' title='bbox 785 4997 905 5067; x_wconf 85' lang='lat' dir='ltr'><strong>ejus</strong></span> <span class='ocrx_word' id='word_1_497' title='bbox 945 5009 1300 5070; x_wconf 84' lang='lat' dir='ltr'><strong>usurpantes,</strong></span> <span class='ocrx_word' id='word_1_498' title='bbox 1341 5002 1479 5057; x_wconf 89' lang='lat' dir='ltr'><strong>alias</strong></span> <span class='ocrx_word' id='word_1_499' title='bbox 1515 5020 1648 5059; x_wconf 89' lang='lat' dir='ltr'><strong>vero</strong></span> <span class='ocrx_word' id='word_1_500' title='bbox 1689 5021 1911 5061; x_wconf 88' lang='lat' dir='ltr'><strong>rursum</strong></span> <span class='ocrx_word' id='word_1_501' title='bbox 1940 5008 2010 5064; x_wconf 89' lang='lat' dir='ltr'><strong>de</strong></span> <span class='ocrx_word' id='word_1_502' title='bbox 2039 5010 2159 5081; x_wconf 84' lang='lat' dir='ltr'><strong>ejus</strong></span> 
     </span>
    </p>
   </div>
   <div class='ocr_carea' id='block_1_71' title="bbox 576 5082 2158 5171">
    <p class='ocr_par' dir='ltr' id='par_1_71' title="bbox 576 5082 2158 5171">
     <span class='ocr_line' id='line_1_71' title="bbox 576 5082 2158 5171; baseline 0.013 -34"><span class='ocrx_word' id='word_1_503' title='bbox 576 5082 945 5143; x_wconf 87' lang='lat' dir='ltr'><strong>humanitate.</strong></span> <span class='ocrx_word' id='word_1_504' title='bbox 987 5090 1273 5146; x_wconf 82' lang='lat' dir='ltr'><strong>Ncstorius</strong></span> <span class='ocrx_word' id='word_1_505' title='bbox 1306 5093 1531 5162; x_wconf 89' lang='lat' dir='ltr'><strong>quidem</strong></span> <span class='ocrx_word' id='word_1_506' title='bbox 1571 5110 1700 5151; x_wconf 86' lang='lat' dir='ltr'><strong>sane</strong></span> <span class='ocrx_word' id='word_1_507' title='bbox 1730 5097 1784 5151; x_wconf 91' lang='lat' dir='ltr'><strong>in</strong></span> <span class='ocrx_word' id='word_1_508' title='bbox 1808 5098 1947 5153; x_wconf 90' lang='lat' dir='ltr'><strong>duos</strong></span> <span class='ocrx_word' id='word_1_509' title='bbox 1970 5100 2158 5171; x_wconf 89' lang='lat' dir='ltr'><strong>dispe-</strong></span> 
     </span>
    </p>
   </div>
   <div class='ocr_carea' id='block_1_72' title="bbox 576 5180 2160 5257">
    <p class='ocr_par' dir='ltr' id='par_1_72' title="bbox 576 5180 2160 5257">
     <span class='ocr_line' id='line_1_72' title="bbox 576 5180 2160 5257; baseline 0.012 -26"><span class='ocrx_word' id='word_1_510' title='bbox 576 5193 738 5233; x_wconf 84' lang='lat' dir='ltr'><strong>sccns</strong></span> <span class='ocrx_word' id='word_1_511' title='bbox 776 5196 943 5236; x_wconf 88' lang='lat' dir='ltr'><strong>unum</strong></span> <span class='ocrx_word' id='word_1_512' title='bbox 985 5180 1183 5241; x_wconf 81' lang='lat' dir='ltr'><strong>Filium</strong></span> <span class='ocrx_word' id='word_1_513' title='bbox 1234 5194 1290 5239; x_wconf 83' lang='lat' dir='ltr'><strong>et</strong></span> <span class='ocrx_word' id='word_1_514' title='bbox 1321 5183 1601 5243; x_wconf 84' lang='lat' dir='ltr'><strong>Christum</strong></span> <span class='ocrx_word' id='word_1_515' title='bbox 1631 5199 1686 5242; x_wconf 90' lang='lat' dir='ltr'><strong>et</strong></span> <span class='ocrx_word' id='word_1_516' title='bbox 1713 5186 2026 5257; x_wconf 86' lang='lat' dir='ltr'><strong>Dominum,</strong></span> <span class='ocrx_word' id='word_1_517' title='bbox 2061 5194 2160 5250; x_wconf 77' lang='lat' dir='ltr'><strong>lio-</strong></span> 
     </span>
    </p>
   </div>
   <div class='ocr_carea' id='block_1_73' title="bbox 577 5269 2161 5350">
    <p class='ocr_par' dir='ltr' id='par_1_73' title="bbox 577 5269 2161 5350">
     <span class='ocr_line' id='line_1_73' title="bbox 577 5269 2161 5350; baseline 0.013 -27"><span class='ocrx_word' id='word_1_518' title='bbox 577 5269 783 5325; x_wconf 86' lang='lat' dir='ltr'><strong>minem</strong></span> <span class='ocrx_word' id='word_1_519' title='bbox 816 5273 1046 5328; x_wconf 84' lang='lat' dir='ltr'><strong>seorsim</strong></span> <span class='ocrx_word' id='word_1_520' title='bbox 1085 5277 1347 5346; x_wconf 83' lang='lat' dir='ltr'><strong>ponebat,</strong></span> <span class='ocrx_word' id='word_1_521' title='bbox 1390 5287 1448 5333; x_wconf 87' lang='lat' dir='ltr'><strong>et</strong></span> <span class='ocrx_word' id='word_1_522' title='bbox 1482 5281 1781 5349; x_wconf 86' lang='lat' dir='ltr'><strong>separatim</strong></span> <span class='ocrx_word' id='word_1_523' title='bbox 1814 5282 2051 5350; x_wconf 85' lang='lat' dir='ltr'><strong>Filium;</strong></span> <span class='ocrx_word' id='word_1_524' title='bbox 2095 5302 2161 5343; x_wconf 88' lang='lat' dir='ltr'><strong>ac</strong></span> 
     </span>
    </p>
   </div>
   <div class='ocr_carea' id='block_1_74' title="bbox 574 5363 2154 5441">
    <p class='ocr_par' dir='ltr' id='par_1_74' title="bbox 574 5363 2154 5441">
     <span class='ocr_line' id='line_1_74' title="bbox 574 5363 2154 5441; baseline 0.012 -26"><span class='ocrx_word' id='word_1_525' title='bbox 574 5373 646 5415; x_wconf 78' lang='lat' dir='ltr'><strong>ex</strong></span> <span class='ocrx_word' id='word_1_526' title='bbox 674 5363 785 5419; x_wconf 86' lang='lat' dir='ltr'><strong>Deo</strong></span> <span class='ocrx_word' id='word_1_527' title='bbox 808 5365 1045 5421; x_wconf 82' lang='lat' dir='ltr'><strong>Verbum</strong></span> <span class='ocrx_word' id='word_1_528' title='bbox 1073 5370 1327 5437; x_wconf 86' lang='lat' dir='ltr'><strong>scorsim,</strong></span> <span class='ocrx_word' id='word_1_529' title='bbox 1350 5378 1406 5425; x_wconf 90' lang='lat' dir='ltr'><strong>et</strong></span> <span class='ocrx_word' id='word_1_530' title='bbox 1429 5373 1719 5441; x_wconf 87' lang='lat' dir='ltr'><strong>separatim</strong></span> <span class='ocrx_word' id='word_1_531' title='bbox 1743 5372 1908 5429; x_wconf 88' lang='lat' dir='ltr'><strong>alium</strong></span> <span class='ocrx_word' id='word_1_532' title='bbox 1933 5376 2154 5434; x_wconf 89' lang='lat' dir='ltr'><strong>Filium.</strong></span> 
     </span>
    </p>
   </div>
   <div class='ocr_carea' id='block_1_75' title="bbox 578 5446 2158 5531">
    <p class='ocr_par' dir='ltr' id='par_1_75' title="bbox 578 5446 2158 5531">
     <span class='ocr_line' id='line_1_75' title="bbox 578 5446 2158 5531; baseline 0.011 -28"><span class='ocrx_word' id='word_1_533' title='bbox 578 5446 809 5507; x_wconf 70' lang='lat' dir='ltr'><strong>Dicebat</strong></span> <span class='ocrx_word' id='word_1_534' title='bbox 838 5454 1004 5508; x_wconf 90' lang='lat' dir='ltr'><strong>etiam</strong></span> <span class='ocrx_word' id='word_1_535' title='bbox 1036 5457 1182 5526; x_wconf 89' lang='lat' dir='ltr'><strong>quod</strong></span> <span class='ocrx_word' id='word_1_536' title='bbox 1220 5474 1286 5513; x_wconf 81' lang='lat' dir='ltr'><strong>ex</strong></span> <span class='ocrx_word' id='word_1_537' title='bbox 1314 5459 1544 5514; x_wconf 75' lang='lat' dir='ltr'><strong>vocibus</strong></span> <span class='ocrx_word' id='word_1_538' title='bbox 1595 5460 1713 5515; x_wconf 70' lang='lat' dir='ltr'><strong>alia:</strong></span> <span class='ocrx_word' id='word_1_539' title='bbox 1748 5461 1987 5517; x_wconf 86' lang='lat' dir='ltr'><strong>hominis</strong></span> <span class='ocrx_word' id='word_1_540' title='bbox 2008 5476 2158 5531; x_wconf 91' lang='lat' dir='ltr'><strong>sunt,</strong></span> 
     </span>
    </p>
   </div>
   <div class='ocr_carea' id='block_1_76' title="bbox 653 5607 1118 5674">
    <p class='ocr_par' dir='ltr' id='par_1_76' title="bbox 653 5607 1118 5674">
     <span class='ocr_line' id='line_1_76' title="bbox 653 5607 1118 5674; baseline 0.004 -12"><span class='ocrx_word' id='word_1_541' title='bbox 653 5608 693 5638; x_wconf 81' lang='grc'>⁸¹</span> <span class='ocrx_word' id='word_1_542' title='bbox 737 5607 911 5663; x_wconf 86' lang='lat' dir='ltr'><strong>Galat.</strong></span> <span class='ocrx_word' id='word_1_543' title='bbox 953 5626 1025 5674; x_wconf 81' lang='lat' dir='ltr'><strong>tv,</strong></span> <span class='ocrx_word' id='word_1_544' title='bbox 1068 5611 1118 5664; x_wconf 62' lang='grc' dir='ltr'>ι.</span> 
     </span>
    </p>
   </div>
   <div class='ocr_carea' id='block_1_77' title="bbox 2262 3175 3857 3252">
    <p class='ocr_par' dir='ltr' id='par_1_77' title="bbox 2262 3175 3857 3252">
     <span class='ocr_line' id='line_1_77' title="bbox 2262 3175 3857 3252; baseline -0.004 -19"><span class='ocrx_word' id='word_1_545' title='bbox 2262 3182 2381 3252; x_wconf 85' lang='grc' dir='ltr'>ρίου</span> <span class='ocrx_word' id='word_1_546' title='bbox 2408 3180 2501 3235; x_wconf 78' lang='grc' dir='ltr'>καὶ</span> <span class='ocrx_word' id='word_1_547' title='bbox 2533 3179 2807 3251; x_wconf 79' lang='grc' dir='ltr'>Δωροθέου</span> <span class='ocrx_word' id='word_1_548' title='bbox 2838 3180 2933 3231; x_wconf 82' lang='grc' dir='ltr'>καὶ</span> <span class='ocrx_word' id='word_1_549' title='bbox 2971 3177 3205 3250; x_wconf 79' lang='grc' dir='ltr'>Ἰμερίου</span> <span class='ocrx_word' id='word_1_550' title='bbox 3224 3217 3241 3240; x_wconf 91' lang='lat'><strong>,</strong></span> <span class='ocrx_word' id='word_1_551' title='bbox 3271 3178 3367 3230; x_wconf 72' lang='lat' dir='ltr'><strong>xci.</strong></span> <span class='ocrx_word' id='word_1_552' title='bbox 3396 3175 3857 3247; x_wconf 79' lang='grc' dir='ltr'>παρακαλοῦντος</span> 
     </span>
    </p>
   </div>
   <div class='ocr_carea' id='block_1_78' title="bbox 2263 3268 3860 3343">
    <p class='ocr_par' dir='ltr' id='par_1_78' title="bbox 2263 3268 3860 3343">
     <span class='ocr_line' id='line_1_78' title="bbox 2263 3268 3860 3343; baseline -0.003 -19"><span class='ocrx_word' id='word_1_553' title='bbox 2263 3270 2405 3342; x_wconf 86' lang='grc' dir='ltr'>μετὰ</span> <span class='ocrx_word' id='word_1_554' title='bbox 2438 3272 2535 3342; x_wconf 81' lang='grc' dir='ltr'>τῆς</span> <span class='ocrx_word' id='word_1_555' title='bbox 2563 3272 2789 3343; x_wconf 75' lang='grc' dir='ltr'>εἰρήνης</span> <span class='ocrx_word' id='word_1_556' title='bbox 2813 3272 2923 3325; x_wconf 86' lang='grc' dir='ltr'><strong>τῶν</strong></span> <span class='ocrx_word' id='word_1_557' title='bbox 2965 3270 3321 3341; x_wconf 82' lang='grc' dir='ltr'>Ἐκκλησιῶν,</span> <span class='ocrx_word' id='word_1_558' title='bbox 3362 3270 3455 3323; x_wconf 78' lang='grc' dir='ltr'>καὶ</span> <span class='ocrx_word' id='word_1_559' title='bbox 3480 3269 3578 3340; x_wconf 81' lang='grc' dir='ltr'>τὴν</span> <span class='ocrx_word' id='word_1_560' title='bbox 3602 3268 3723 3321; x_wconf 83' lang='grc' dir='ltr'>κατ’</span> <span class='ocrx_word' id='word_1_561' title='bbox 3749 3268 3860 3320; x_wconf 71' lang='grc' dir='ltr'>αύο</span> 
     </span>
    </p>
   </div>
   <div class='ocr_carea' id='block_1_79' title="bbox 2260 3359 3913 3437">
    <p class='ocr_par' dir='ltr' id='par_1_79' title="bbox 2260 3359 3913 3437">
     <span class='ocr_line' id='line_1_79' title="bbox 2260 3359 3913 3437; baseline -0.002 -21"><span class='ocrx_word' id='word_1_562' title='bbox 2260 3364 2387 3425; x_wconf 82' lang='grc' dir='ltr'>τοὺς</span> <span class='ocrx_word' id='word_1_563' title='bbox 2423 3362 2680 3417; x_wconf 87' lang='grc' dir='ltr'>ὑπόθεσιν</span> <span class='ocrx_word' id='word_1_564' title='bbox 2717 3362 2886 3416; x_wconf 79' lang='grc' dir='ltr'>τύπον</span> <span class='ocrx_word' id='word_1_565' title='bbox 2919 3365 3087 3434; x_wconf 85' lang='grc' dir='ltr'>σχεῖν,</span> <span class='ocrx_word' id='word_1_566' title='bbox 3116 3361 3253 3433; x_wconf 74' lang='grc' dir='ltr'>ἔφην</span> <span class='ocrx_word' id='word_1_567' title='bbox 3278 3361 3613 3430; x_wconf 86' lang='grc' dir='ltr'>ἀποκρίτως,</span> <span class='ocrx_word' id='word_1_568' title='bbox 3641 3360 3722 3413; x_wconf 81' lang='grc' dir='ltr'>ὅτι</span> <span class='ocrx_word' id='word_1_569' title='bbox 3748 3359 3858 3413; x_wconf 78' lang='grc' dir='ltr'><strong>οὗ-</strong></span> <span class='ocrx_word' id='word_1_570' title='bbox 3908 3436 3913 3437; x_wconf 12' lang='grc' dir='ltr'><strong>γ</strong></span> 
     </span>
    </p>
   </div>
   <div class='ocr_carea' id='block_1_80' title="bbox 2260 3451 3861 3528">
    <p class='ocr_par' dir='ltr' id='par_1_80' title="bbox 2260 3451 3861 3528">
     <span class='ocr_line' id='line_1_80' title="bbox 2260 3451 3861 3528; baseline -0.002 -20"><span class='ocrx_word' id='word_1_571' title='bbox 2260 3454 2389 3508; x_wconf 84' lang='grc' dir='ltr'>δὲνα</span> <span class='ocrx_word' id='word_1_572' title='bbox 2424 3454 2535 3508; x_wconf 85' lang='grc' dir='ltr'><strong>τῶν</strong></span> <span class='ocrx_word' id='word_1_573' title='bbox 2562 3455 2968 3528; x_wconf 82' lang='grc' dir='ltr'>καθῃρημένων</span> <span class='ocrx_word' id='word_1_574' title='bbox 2998 3454 3109 3523; x_wconf 73' lang='grc' dir='ltr'><strong>ἐγὼ</strong></span> <span class='ocrx_word' id='word_1_575' title='bbox 3138 3454 3404 3525; x_wconf 78' lang='grc' dir='ltr'>ποιοῦμαι</span> <span class='ocrx_word' id='word_1_576' title='bbox 3430 3452 3608 3522; x_wconf 83' lang='grc' dir='ltr'>λόγον,</span> <span class='ocrx_word' id='word_1_577' title='bbox 3637 3451 3755 3506; x_wconf 79' lang='grc' dir='ltr'>ἀλλ’</span> <span class='ocrx_word' id='word_1_578' title='bbox 3787 3453 3861 3505; x_wconf 74' lang='grc' dir='ltr'>ὲν</span> 
     </span>
    </p>
   </div>
   <div class='ocr_carea' id='block_1_81' title="bbox 2260 3535 3857 3615">
    <p class='ocr_par' dir='ltr' id='par_1_81' title="bbox 2260 3535 3857 3615">
     <span class='ocr_line' id='line_1_81' title="bbox 2260 3535 3857 3615; baseline -0.002 -18"><span class='ocrx_word' id='word_1_579' title='bbox 2260 3544 2437 3615; x_wconf 84' lang='grc' dir='ltr'>τούτῳ</span> <span class='ocrx_word' id='word_1_580' title='bbox 2467 3545 2548 3598; x_wconf 85' lang='grc' dir='ltr'><strong>δεῖ</strong></span> <span class='ocrx_word' id='word_1_581' title='bbox 2576 3545 2761 3615; x_wconf 82' lang='grc' dir='ltr'>μένειν</span> <span class='ocrx_word' id='word_1_582' title='bbox 2791 3545 2988 3608; x_wconf 82' lang='grc' dir='ltr'>αὐτοὺς</span> <span class='ocrx_word' id='word_1_583' title='bbox 3020 3545 3097 3614; x_wconf 85' lang='grc' dir='ltr'>τῷ</span> <span class='ocrx_word' id='word_1_584' title='bbox 3141 3546 3404 3615; x_wconf 83' lang='grc' dir='ltr'>σχήματι,</span> <span class='ocrx_word' id='word_1_585' title='bbox 3437 3545 3495 3596; x_wconf 81' lang='grc' dir='ltr'>ὲν</span> <span class='ocrx_word' id='word_1_586' title='bbox 3519 3535 3565 3611; x_wconf 78' lang='grc' dir='ltr'>ᾧ</span> <span class='ocrx_word' id='word_1_587' title='bbox 3593 3543 3687 3595; x_wconf 82' lang='grc' dir='ltr'>καὶ</span> <span class='ocrx_word' id='word_1_588' title='bbox 3715 3543 3857 3595; x_wconf 87' lang='grc' dir='ltr'>σύν-</span> 
     </span>
    </p>
   </div>
   <div class='ocr_carea' id='block_1_82' title="bbox 2261 3635 3857 3709">
    <p class='ocr_par' dir='ltr' id='par_1_82' title="bbox 2261 3635 3857 3709">
     <span class='ocr_line' id='line_1_82' title="bbox 2261 3635 3857 3709; baseline 0 -18"><span class='ocrx_word' id='word_1_589' title='bbox 2261 3654 2388 3692; x_wconf 83' lang='grc' dir='ltr'>εισι.</span> <span class='ocrx_word' id='word_1_590' title='bbox 2434 3636 2844 3709; x_wconf 83' lang='grc' dir='ltr'>Συγκεχώρηκα</span> <span class='ocrx_word' id='word_1_591' title='bbox 2886 3636 2942 3690; x_wconf 73' lang='grc' dir='ltr'>δὲ</span> <span class='ocrx_word' id='word_1_592' title='bbox 2981 3636 3081 3708; x_wconf 86' lang='grc' dir='ltr'>τὴν</span> <span class='ocrx_word' id='word_1_593' title='bbox 3110 3636 3191 3701; x_wconf 88' lang='grc' dir='ltr'><strong>είς</strong></span> <span class='ocrx_word' id='word_1_594' title='bbox 3235 3636 3335 3708; x_wconf 78' lang='grc' dir='ltr'><strong>ἐμὲ</strong></span> <span class='ocrx_word' id='word_1_595' title='bbox 3373 3635 3673 3706; x_wconf 83' lang='grc' dir='ltr'>γενομένην</span> <span class='ocrx_word' id='word_1_596' title='bbox 3706 3635 3857 3706; x_wconf 79' lang='grc' dir='ltr'>παρ’</span> 
     </span>
    </p>
   </div>
   <div class='ocr_carea' id='block_1_83' title="bbox 2261 3722 3862 3799">
    <p class='ocr_par' dir='ltr' id='par_1_83' title="bbox 2261 3722 3862 3799">
     <span class='ocr_line' id='line_1_83' title="bbox 2261 3722 3862 3799; baseline -0.004 -14"><span class='ocrx_word' id='word_1_597' title='bbox 2261 3727 2444 3785; x_wconf 80' lang='grc' dir='ltr'>αὐτῶν</span> <span class='ocrx_word' id='word_1_598' title='bbox 2485 3727 2664 3799; x_wconf 75' lang='grc' dir='ltr'>ὕϐριν.</span> <span class='ocrx_word' id='word_1_599' title='bbox 2701 3727 2777 3781; x_wconf 79' lang='grc' dir='ltr'><strong>υύ</strong></span> <span class='ocrx_word' id='word_1_600' title='bbox 2817 3726 2928 3799; x_wconf 83' lang='grc' dir='ltr'><strong>γὰρ</strong></span> <span class='ocrx_word' id='word_1_601' title='bbox 2969 3722 3039 3798; x_wconf 82' lang='grc' dir='ltr'>ἦν</span> <span class='ocrx_word' id='word_1_602' title='bbox 3078 3727 3393 3791; x_wconf 85' lang='grc' dir='ltr'>ἀκόλουθον,</span> <span class='ocrx_word' id='word_1_603' title='bbox 3436 3726 3642 3795; x_wconf 84' lang='grc' dir='ltr'>ταύτης</span> <span class='ocrx_word' id='word_1_604' title='bbox 3680 3725 3862 3779; x_wconf 70' lang='grc' dir='ltr'>ἕνεκα.</span> 
     </span>
    </p>
   </div>
   <div class='ocr_carea' id='block_1_84' title="bbox 2263 3817 3861 3891">
    <p class='ocr_par' dir='ltr' id='par_1_84' title="bbox 2263 3817 3861 3891">
     <span class='ocr_line' id='line_1_84' title="bbox 2263 3817 3861 3891; baseline -0.003 -18"><span class='ocrx_word' id='word_1_605' title='bbox 2263 3821 2353 3874; x_wconf 69' lang='grc' dir='ltr'>καὶ</span> <span class='ocrx_word' id='word_1_606' title='bbox 2405 3818 2574 3891; x_wconf 88' lang='grc' dir='ltr'>μόνης</span> <span class='ocrx_word' id='word_1_607' title='bbox 2629 3819 2728 3891; x_wconf 85' lang='grc' dir='ltr'>τῆς</span> <span class='ocrx_word' id='word_1_608' title='bbox 2773 3818 2952 3882; x_wconf 80' lang='grc' dir='ltr'>αἰτίας</span> <span class='ocrx_word' id='word_1_609' title='bbox 2988 3820 3068 3883; x_wconf 87' lang='grc' dir='ltr'><strong>είς</strong></span> <span class='ocrx_word' id='word_1_610' title='bbox 3110 3819 3377 3889; x_wconf 83' lang='grc' dir='ltr'>διχόνοιαν</span> <span class='ocrx_word' id='word_1_611' title='bbox 3419 3817 3713 3889; x_wconf 81' lang='grc' dir='ltr'>τέμνεσθαι</span> <span class='ocrx_word' id='word_1_612' title='bbox 3748 3818 3861 3879; x_wconf 70' lang='grc' dir='ltr'><strong>τὰς</strong></span> 
     </span>
    </p>
   </div>
   <div class='ocr_carea' id='block_1_85' title="bbox 2275 3909 3863 3982">
    <p class='ocr_par' dir='ltr' id='par_1_85' title="bbox 2275 3909 3863 3982">
     <span class='ocr_line' id='line_1_85' title="bbox 2275 3909 3863 3982; baseline -0.003 -17"><span class='ocrx_word' id='word_1_613' title='bbox 2275 3911 2624 3981; x_wconf 83' lang='grc' dir='ltr'>Ἐκκλησίας,</span> <span class='ocrx_word' id='word_1_614' title='bbox 2656 3909 2753 3965; x_wconf 84' lang='grc' dir='ltr'><strong>τοῦ</strong></span> <span class='ocrx_word' id='word_1_615' title='bbox 2786 3910 3221 3982; x_wconf 79' lang='grc' dir='ltr'>ἅναγκαιοτέρου</span> <span class='ocrx_word' id='word_1_616' title='bbox 3265 3910 3403 3981; x_wconf 83' lang='grc' dir='ltr'>πρὸς</span> <span class='ocrx_word' id='word_1_617' title='bbox 3447 3910 3620 3981; x_wconf 85' lang='grc' dir='ltr'>πέρας</span> <span class='ocrx_word' id='word_1_618' title='bbox 3646 3909 3863 3979; x_wconf 76' lang='grc' dir='ltr'>ἀγομέο</span> 
     </span>
    </p>
   </div>
   <div class='ocr_carea' id='block_1_86' title="bbox 2263 4000 3865 4074">
    <p class='ocr_par' dir='ltr' id='par_1_86' title="bbox 2263 4000 3865 4074">
     <span class='ocr_line' id='line_1_86' title="bbox 2263 4000 3865 4074; baseline -0.002 -18"><span class='ocrx_word' id='word_1_619' title='bbox 2263 4019 2356 4056; x_wconf 92' lang='grc' dir='ltr'><strong>νου</strong></span> <span class='ocrx_word' id='word_1_620' title='bbox 2381 4019 2396 4035; x_wconf 81' lang='grc'><strong>’</strong></span> <span class='ocrx_word' id='word_1_621' title='bbox 2432 4003 2577 4074; x_wconf 75' lang='grc' dir='ltr'>φημὶ</span> <span class='ocrx_word' id='word_1_622' title='bbox 2603 4003 2667 4074; x_wconf 81' lang='grc' dir='ltr'><strong>δὴ</strong></span> <span class='ocrx_word' id='word_1_623' title='bbox 2692 4043 2708 4068; x_wconf 90' lang='grc'><em>,</em></span> <span class='ocrx_word' id='word_1_624' title='bbox 2740 4001 2835 4056; x_wconf 81' lang='grc' dir='ltr'>τοῦ</span> <span class='ocrx_word' id='word_1_625' title='bbox 2865 4000 3372 4073; x_wconf 80' lang='grc' dir='ltr'>ἀναθεματισοῆναι</span> <span class='ocrx_word' id='word_1_626' title='bbox 3414 4000 3484 4055; x_wconf 80' lang='grc' dir='ltr'><strong>τὰ</strong></span> <span class='ocrx_word' id='word_1_627' title='bbox 3512 4000 3814 4069; x_wconf 85' lang='grc' dir='ltr'>Νεστορίου</span> <span class='ocrx_word' id='word_1_628' title='bbox 3839 4039 3865 4066; x_wconf 87' lang='lat'><strong>,</strong></span> 
     </span>
    </p>
   </div>
   <div class='ocr_carea' id='block_1_87' title="bbox 2262 4091 3866 4166">
    <p class='ocr_par' dir='ltr' id='par_1_87' title="bbox 2262 4091 3866 4166">
     <span class='ocr_line' id='line_1_87' title="bbox 2262 4091 3866 4166; baseline -0.001 -20"><span class='ocrx_word' id='word_1_629' title='bbox 2262 4095 2358 4149; x_wconf 77' lang='grc' dir='ltr'>καὶ</span> <span class='ocrx_word' id='word_1_630' title='bbox 2406 4094 2809 4166; x_wconf 74' lang='grc' dir='ltr'>ὁμολογηθῆναι</span> <span class='ocrx_word' id='word_1_631' title='bbox 2854 4095 2956 4164; x_wconf 78' lang='grc' dir='ltr'>τὴν</span> <span class='ocrx_word' id='word_1_632' title='bbox 3003 4092 3325 4164; x_wconf 85' lang='grc' dir='ltr'>καθαίρεσιν</span> <span class='ocrx_word' id='word_1_633' title='bbox 3367 4091 3534 4149; x_wconf 82' lang='grc' dir='ltr'>αὑτοῦ</span> <span class='ocrx_word' id='word_1_634' title='bbox 3572 4093 3699 4156; x_wconf 78' lang='grc' dir='ltr'>τοὺς</span> <span class='ocrx_word' id='word_1_635' title='bbox 3748 4093 3866 4145; x_wconf 73' lang='grc' dir='ltr'><strong>οὐκ</strong></span> 
     </span>
    </p>
   </div>
   <div class='ocr_carea' id='block_1_88' title="bbox 2261 4185 3315 4258">
    <p class='ocr_par' dir='ltr' id='par_1_88' title="bbox 2261 4185 3315 4258">
     <span class='ocr_line' id='line_1_88' title="bbox 2261 4185 3315 4258; baseline 0 -17"><span class='ocrx_word' id='word_1_636' title='bbox 2261 4187 2671 4258; x_wconf 79' lang='grc' dir='ltr'>ἀνασχομένους</span> <span class='ocrx_word' id='word_1_637' title='bbox 2697 4187 2865 4242; x_wconf 80' lang='grc' dir='ltr'>πάλαι</span> <span class='ocrx_word' id='word_1_638' title='bbox 2889 4185 3047 4241; x_wconf 82' lang='grc' dir='ltr'>τοῦτο</span> <span class='ocrx_word' id='word_1_639' title='bbox 3073 4186 3315 4256; x_wconf 82' lang='grc' dir='ltr'>ποιῆσαι.</span> 
     </span>
    </p>
   </div>
   <div class='ocr_carea' id='block_1_89' title="bbox 2347 4362 3868 4439">
    <p class='ocr_par' dir='ltr' id='par_1_89' title="bbox 2347 4362 3868 4439">
     <span class='ocr_line' id='line_1_89' title="bbox 2347 4362 3868 4439; baseline -0.004 -17"><span class='ocrx_word' id='word_1_640' title='bbox 2347 4366 2721 4439; x_wconf 81' lang='grc' dir='ltr'>Ὢμολόγησαν</span> <span class='ocrx_word' id='word_1_641' title='bbox 2752 4367 2812 4422; x_wconf 80' lang='grc' dir='ltr'><strong>δὲ</strong></span> <span class='ocrx_word' id='word_1_642' title='bbox 2852 4367 3181 4439; x_wconf 69' lang='grc' dir='ltr'>ἐγγράφως,</span> <span class='ocrx_word' id='word_1_643' title='bbox 3216 4367 3298 4420; x_wconf 78' lang='grc' dir='ltr'>ὅτι</span> <span class='ocrx_word' id='word_1_644' title='bbox 3328 4363 3589 4427; x_wconf 85' lang='grc' dir='ltr'>Θεοτόκος</span> <span class='ocrx_word' id='word_1_645' title='bbox 3618 4362 3775 4416; x_wconf 72' lang='grc' dir='ltr'>ἐστὶν</span> <span class='ocrx_word' id='word_1_646' title='bbox 3818 4365 3868 4433; x_wconf 75' lang='grc' dir='ltr'><strong>ἡ</strong></span> 
     </span>
    </p>
   </div>
   <div class='ocr_carea' id='block_1_90' title="bbox 2264 4453 3872 4530">
    <p class='ocr_par' dir='ltr' id='par_1_90' title="bbox 2264 4453 3872 4530">
     <span class='ocr_line' id='line_1_90' title="bbox 2264 4453 3872 4530; baseline -0.005 -15"><span class='ocrx_word' id='word_1_647' title='bbox 2264 4460 2397 4530; x_wconf 84' lang='grc' dir='ltr'>ἁγία</span> <span class='ocrx_word' id='word_1_648' title='bbox 2430 4458 2709 4530; x_wconf 81' lang='grc' dir='ltr'>Παρθένος</span> <span class='ocrx_word' id='word_1_649' title='bbox 2737 4500 2752 4524; x_wconf 83' lang='grc'><em>,</em></span> <span class='ocrx_word' id='word_1_650' title='bbox 2783 4460 2880 4513; x_wconf 75' lang='grc' dir='ltr'>καὶ</span> <span class='ocrx_word' id='word_1_651' title='bbox 2908 4460 2988 4513; x_wconf 84' lang='grc' dir='ltr'>ὅτι</span> <span class='ocrx_word' id='word_1_652' title='bbox 3018 4457 3181 4521; x_wconf 73' lang='grc' dir='ltr'>αὐτὸς</span> <span class='ocrx_word' id='word_1_653' title='bbox 3209 4458 3239 4511; x_wconf 85' lang='grc' dir='ltr'>ὁ</span> <span class='ocrx_word' id='word_1_654' title='bbox 3268 4454 3375 4526; x_wconf 80' lang='grc' dir='ltr'>πρὸ</span> <span class='ocrx_word' id='word_1_655' title='bbox 3400 4453 3601 4516; x_wconf 82' lang='grc' dir='ltr'>παντὸς</span> <span class='ocrx_word' id='word_1_656' title='bbox 3645 4453 3872 4519; x_wconf 78' lang='grc' dir='ltr'>αἰῶνος</span> 
     </span>
    </p>
   </div>
   <div class='ocr_carea' id='block_1_91' title="bbox 2261 4544 3873 4624">
    <p class='ocr_par' dir='ltr' id='par_1_91' title="bbox 2261 4544 3873 4624">
     <span class='ocr_line' id='line_1_91' title="bbox 2261 4544 3873 4624; baseline -0.002 -20"><span class='ocrx_word' id='word_1_657' title='bbox 2261 4552 2542 4624; x_wconf 76' lang='grc' dir='ltr'>γεννηθεὶς</span> <span class='ocrx_word' id='word_1_658' title='bbox 2564 4554 2630 4606; x_wconf 77' lang='grc' dir='ltr'>ἐκ</span> <span class='ocrx_word' id='word_1_659' title='bbox 2644 4550 2739 4605; x_wconf 78' lang='grc' dir='ltr'><strong>τοῦ</strong></span> <span class='ocrx_word' id='word_1_660' title='bbox 2768 4551 2981 4623; x_wconf 66' lang='grc' dir='ltr'>Πατρός</span> <span class='ocrx_word' id='word_1_661' title='bbox 3003 4551 3134 4615; x_wconf 86' lang='grc' dir='ltr'>Υίὸς</span> <span class='ocrx_word' id='word_1_662' title='bbox 3165 4544 3479 4621; x_wconf 79' lang='grc' dir='ltr'>μονογενὴς,</span> <span class='ocrx_word' id='word_1_663' title='bbox 3500 4544 3560 4600; x_wconf 76' lang='grc' dir='ltr'>ὲν</span> <span class='ocrx_word' id='word_1_664' title='bbox 3590 4546 3873 4615; x_wconf 70' lang='grc' dir='ltr'>ἐσχάτοις</span> 
     </span>
    </p>
   </div>
   <div class='ocr_carea' id='block_1_92' title="bbox 2258 4637 3879 4714">
    <p class='ocr_par' dir='ltr' id='par_1_92' title="bbox 2258 4637 3879 4714">
     <span class='ocr_line' id='line_1_92' title="bbox 2258 4637 3879 4714; baseline -0.004 -17"><span class='ocrx_word' id='word_1_665' title='bbox 2258 4643 2353 4698; x_wconf 84' lang='grc' dir='ltr'>τοῦ</span> <span class='ocrx_word' id='word_1_666' title='bbox 2382 4643 2577 4706; x_wconf 83' lang='grc' dir='ltr'>αἰῶνος</span> <span class='ocrx_word' id='word_1_667' title='bbox 2608 4644 2821 4714; x_wconf 80' lang='grc' dir='ltr'>καιροῖς</span> <span class='ocrx_word' id='word_1_668' title='bbox 2847 4640 3112 4714; x_wconf 77' lang='grc' dir='ltr'>ἐγεννήθη</span> <span class='ocrx_word' id='word_1_669' title='bbox 3145 4639 3289 4695; x_wconf 71' lang='grc' dir='ltr'>κατὰ</span> <span class='ocrx_word' id='word_1_670' title='bbox 3321 4638 3504 4710; x_wconf 82' lang='grc' dir='ltr'>σάρκα</span> <span class='ocrx_word' id='word_1_671' title='bbox 3539 4637 3605 4689; x_wconf 81' lang='grc' dir='ltr'>ὲκ</span> <span class='ocrx_word' id='word_1_672' title='bbox 3653 4653 3879 4703; x_wconf 79' lang='grc' dir='ltr'>γυναι-</span> 
     </span>
    </p>
   </div>
   <div class='ocr_carea' id='block_1_93' title="bbox 2254 4727 3878 4802">
    <p class='ocr_par' dir='ltr' id='par_1_93' title="bbox 2254 4727 3878 4802">
     <span class='ocr_line' id='line_1_93' title="bbox 2254 4727 3878 4802; baseline -0.004 -14"><span class='ocrx_word' id='word_1_673' title='bbox 2254 4734 2350 4797; x_wconf 85' lang='grc' dir='ltr'><strong>κός</strong></span> <span class='ocrx_word' id='word_1_674' title='bbox 2373 4750 2388 4765; x_wconf 76' lang='grc' dir='ltr'><strong>ο</strong></span> <span class='ocrx_word' id='word_1_675' title='bbox 2422 4733 2517 4787; x_wconf 72' lang='grc' dir='ltr'><strong>καὶ</strong></span> <span class='ocrx_word' id='word_1_676' title='bbox 2545 4734 2628 4787; x_wconf 81' lang='grc' dir='ltr'>ὅτι</span> <span class='ocrx_word' id='word_1_677' title='bbox 2674 4734 2733 4787; x_wconf 84' lang='grc' dir='ltr'>ἓν</span> <span class='ocrx_word' id='word_1_678' title='bbox 2758 4732 2854 4786; x_wconf 81' lang='grc' dir='ltr'><strong>τοῦ</strong></span> <span class='ocrx_word' id='word_1_679' title='bbox 2883 4732 3012 4786; x_wconf 86' lang='grc' dir='ltr'>Υίοῦ</span> <span class='ocrx_word' id='word_1_680' title='bbox 3041 4732 3104 4786; x_wconf 81' lang='grc' dir='ltr'>τδ</span> <span class='ocrx_word' id='word_1_681' title='bbox 3144 4732 3456 4802; x_wconf 84' lang='grc' dir='ltr'>πρόσωπον,</span> <span class='ocrx_word' id='word_1_682' title='bbox 3506 4728 3602 4780; x_wconf 80' lang='grc' dir='ltr'>καὶ</span> <span class='ocrx_word' id='word_1_683' title='bbox 3635 4728 3722 4780; x_wconf 79' lang='grc' dir='ltr'>ὅτι</span> <span class='ocrx_word' id='word_1_684' title='bbox 3752 4727 3878 4793; x_wconf 64' lang='grc' dir='ltr'>τὰς</span> 
     </span>
    </p>
   </div>
   <div class='ocr_carea' id='block_1_94' title="bbox 2256 4816 3881 4893">
    <p class='ocr_par' dir='ltr' id='par_1_94' title="bbox 2256 4816 3881 4893">
     <span class='ocr_line' id='line_1_94' title="bbox 2256 4816 3881 4893; baseline -0.006 -14"><span class='ocrx_word' id='word_1_685' title='bbox 2256 4824 2619 4888; x_wconf 64' lang='grc' dir='ltr'>ἀποστολικὶς</span> <span class='ocrx_word' id='word_1_686' title='bbox 2674 4824 2771 4879; x_wconf 70' lang='grc' dir='ltr'>καὶ</span> <span class='ocrx_word' id='word_1_687' title='bbox 2829 4821 3193 4893; x_wconf 77' lang='grc' dir='ltr'>εύαγγελικὰς</span> <span class='ocrx_word' id='word_1_688' title='bbox 3245 4819 3427 4891; x_wconf 71' lang='grc' dir='ltr'>φωνὰς</span> <span class='ocrx_word' id='word_1_689' title='bbox 3491 4816 3881 4887; x_wconf 73' lang='grc' dir='ltr'>ἐφαρμόζου-</span> 
     </span>
    </p>
   </div>
   <div class='ocr_carea' id='block_1_95' title="bbox 2257 4908 3888 4986">
    <p class='ocr_par' dir='ltr' id='par_1_95' title="bbox 2257 4908 3888 4986">
     <span class='ocr_line' id='line_1_95' title="bbox 2257 4908 3888 4986; baseline -0.005 -15"><span class='ocrx_word' id='word_1_690' title='bbox 2257 4935 2343 4971; x_wconf 87' lang='grc' dir='ltr'><strong>σιν</strong></span> <span class='ocrx_word' id='word_1_691' title='bbox 2374 4918 2423 4971; x_wconf 89' lang='grc' dir='ltr'><strong>οί</strong></span> <span class='ocrx_word' id='word_1_692' title='bbox 2453 4916 2693 4985; x_wconf 84' lang='grc' dir='ltr'>θεολόγοι</span> <span class='ocrx_word' id='word_1_693' title='bbox 2719 4932 2732 4946; x_wconf 85' lang='grc'><strong>·</strong></span> <span class='ocrx_word' id='word_1_694' title='bbox 2764 4915 2865 4980; x_wconf 81' lang='grc' dir='ltr'>τὰς</span> <span class='ocrx_word' id='word_1_695' title='bbox 2906 4917 3009 4986; x_wconf 80' lang='grc' dir='ltr'>μὲν</span> <span class='ocrx_word' id='word_1_696' title='bbox 3053 4917 3121 4986; x_wconf 81' lang='grc' dir='ltr'>τῇ</span> <span class='ocrx_word' id='word_1_697' title='bbox 3169 4913 3385 4981; x_wconf 84' lang='grc' dir='ltr'>θεότητι</span> <span class='ocrx_word' id='word_1_698' title='bbox 3424 4909 3590 4965; x_wconf 80' lang='grc' dir='ltr'>αὑτοῦ</span> <span class='ocrx_word' id='word_1_699' title='bbox 3610 4949 3626 4974; x_wconf 88' lang='grc'><em>,</em></span> <span class='ocrx_word' id='word_1_700' title='bbox 3659 4908 3769 4972; x_wconf 72' lang='grc' dir='ltr'>τὰς</span> <span class='ocrx_word' id='word_1_701' title='bbox 3797 4908 3888 4963; x_wconf 80' lang='grc' dir='ltr'><strong>δὲ</strong></span> 
     </span>
    </p>
   </div>
   <div class='ocr_carea' id='block_1_96' title="bbox 2254 5001 3892 5081">
    <p class='ocr_par' dir='ltr' id='par_1_96' title="bbox 2254 5001 3892 5081">
     <span class='ocr_line' id='line_1_96' title="bbox 2254 5001 3892 5081; baseline -0.006 -19"><span class='ocrx_word' id='word_1_702' title='bbox 2254 5012 2322 5080; x_wconf 78' lang='grc' dir='ltr'>τῇ</span> <span class='ocrx_word' id='word_1_703' title='bbox 2372 5010 2754 5081; x_wconf 83' lang='grc' dir='ltr'>ἁνθρωπότητι</span> <span class='ocrx_word' id='word_1_704' title='bbox 2807 5008 2971 5064; x_wconf 83' lang='grc' dir='ltr'>πάλιν</span> <span class='ocrx_word' id='word_1_705' title='bbox 3019 5005 3205 5060; x_wconf 74' lang='grc' dir='ltr'>αὑτοῦ.</span> <span class='ocrx_word' id='word_1_706' title='bbox 3251 5004 3545 5075; x_wconf 83' lang='grc' dir='ltr'>Νεστόριος</span> <span class='ocrx_word' id='word_1_707' title='bbox 3594 5002 3696 5071; x_wconf 72' lang='grc' dir='ltr'>μὲν</span> <span class='ocrx_word' id='word_1_708' title='bbox 3741 5001 3892 5073; x_wconf 76' lang='grc' dir='ltr'><strong>γὰρ</strong></span> 
     </span>
    </p>
   </div>
   <div class='ocr_carea' id='block_1_97' title="bbox 2255 5090 3885 5173">
    <p class='ocr_par' dir='ltr' id='par_1_97' title="bbox 2255 5090 3885 5173">
     <span class='ocr_line' id='line_1_97' title="bbox 2255 5090 3885 5173; baseline -0.006 -18"><span class='ocrx_word' id='word_1_709' title='bbox 2255 5100 2478 5173; x_wconf 74' lang='grc' dir='ltr'>διαιρῶν</span> <span class='ocrx_word' id='word_1_710' title='bbox 2502 5103 2581 5165; x_wconf 86' lang='grc' dir='ltr'><strong>είς</strong></span> <span class='ocrx_word' id='word_1_711' title='bbox 2606 5102 2699 5155; x_wconf 89' lang='grc' dir='ltr'>δύο</span> <span class='ocrx_word' id='word_1_712' title='bbox 2720 5102 2812 5155; x_wconf 81' lang='grc' dir='ltr'>τὸν</span> <span class='ocrx_word' id='word_1_713' title='bbox 2835 5102 2933 5154; x_wconf 68' lang='grc' dir='ltr'>ἕνα</span> <span class='ocrx_word' id='word_1_714' title='bbox 2962 5100 3090 5154; x_wconf 85' lang='grc' dir='ltr'>Υίὸν</span> <span class='ocrx_word' id='word_1_715' title='bbox 3118 5099 3212 5153; x_wconf 79' lang='grc' dir='ltr'>καὶ</span> <span class='ocrx_word' id='word_1_716' title='bbox 3232 5094 3469 5169; x_wconf 78' lang='grc' dir='ltr'>Χριστδν</span> <span class='ocrx_word' id='word_1_717' title='bbox 3492 5094 3587 5147; x_wconf 80' lang='grc' dir='ltr'>καὶ</span> <span class='ocrx_word' id='word_1_718' title='bbox 3615 5090 3885 5162; x_wconf 79' lang='grc' dir='ltr'>Κύριον,</span> 
     </span>
    </p>
   </div>
   <div class='ocr_carea' id='block_1_98' title="bbox 2257 5183 3887 5267">
    <p class='ocr_par' dir='ltr' id='par_1_98' title="bbox 2257 5183 3887 5267">
     <span class='ocr_line' id='line_1_98' title="bbox 2257 5183 3887 5267; baseline -0.007 -14"><span class='ocrx_word' id='word_1_719' title='bbox 2257 5195 2543 5267; x_wconf 80' lang='grc' dir='ltr'>ἄνθρωπον</span> <span class='ocrx_word' id='word_1_720' title='bbox 2574 5194 2754 5260; x_wconf 82' lang='grc' dir='ltr'>ίδικῶς</span> <span class='ocrx_word' id='word_1_721' title='bbox 2781 5194 2934 5265; x_wconf 76' lang='grc' dir='ltr'>ἐτίθη</span> <span class='ocrx_word' id='word_1_722' title='bbox 2977 5192 3074 5247; x_wconf 76' lang='grc' dir='ltr'>καὶ</span> <span class='ocrx_word' id='word_1_723' title='bbox 3101 5191 3417 5261; x_wconf 87' lang='grc' dir='ltr'>καταμόνας</span> <span class='ocrx_word' id='word_1_724' title='bbox 3444 5186 3593 5251; x_wconf 79' lang='grc' dir='ltr'>Υίδν,</span> <span class='ocrx_word' id='word_1_725' title='bbox 3625 5183 3726 5238; x_wconf 70' lang='grc' dir='ltr'>καὶ</span> <span class='ocrx_word' id='word_1_726' title='bbox 3759 5184 3887 5241; x_wconf 67' lang='grc' dir='ltr'><strong>τὸν</strong></span> 
     </span>
    </p>
   </div>
   <div class='ocr_carea' id='block_1_99' title="bbox 2256 5277 3889 5355">
    <p class='ocr_par' dir='ltr' id='par_1_99' title="bbox 2256 5277 3889 5355">
     <span class='ocr_line' id='line_1_99' title="bbox 2256 5277 3889 5355; baseline -0.004 -15"><span class='ocrx_word' id='word_1_727' title='bbox 2256 5287 2322 5340; x_wconf 81' lang='grc' dir='ltr'>ὲκ</span> <span class='ocrx_word' id='word_1_728' title='bbox 2347 5286 2483 5339; x_wconf 80' lang='grc' dir='ltr'>Θεοῦ</span> <span class='ocrx_word' id='word_1_729' title='bbox 2513 5286 2704 5355; x_wconf 85' lang='grc' dir='ltr'>Λόγον,</span> <span class='ocrx_word' id='word_1_730' title='bbox 2745 5286 2949 5348; x_wconf 82' lang='grc' dir='ltr'>ίδικῶς,</span> <span class='ocrx_word' id='word_1_731' title='bbox 2980 5284 3078 5337; x_wconf 77' lang='grc' dir='ltr'>καὶ</span> <span class='ocrx_word' id='word_1_732' title='bbox 3107 5281 3423 5354; x_wconf 84' lang='grc' dir='ltr'>καταμόνας</span> <span class='ocrx_word' id='word_1_733' title='bbox 3462 5279 3651 5347; x_wconf 71' lang='grc' dir='ltr'>ἕτερον</span> <span class='ocrx_word' id='word_1_734' title='bbox 3704 5277 3889 5334; x_wconf 75' lang='grc' dir='ltr'>υἱόν.</span> 
     </span>
    </p>
   </div>
   <div class='ocr_carea' id='block_1_100' title="bbox 2258 5366 3897 5447">
    <p class='ocr_par' dir='ltr' id='par_1_100' title="bbox 2258 5366 3897 5447">
     <span class='ocr_line' id='line_1_100' title="bbox 2258 5366 3897 5447; baseline -0.004 -16"><span class='ocrx_word' id='word_1_735' title='bbox 2258 5378 2370 5431; x_wconf 75' lang='grc' dir='ltr'><strong>Καὶ</strong></span> <span class='ocrx_word' id='word_1_736' title='bbox 2401 5376 2669 5447; x_wconf 77' lang='grc' dir='ltr'>ἔφασκεν,</span> <span class='ocrx_word' id='word_1_737' title='bbox 2699 5378 2784 5431; x_wconf 82' lang='grc' dir='ltr'>ὅτι</span> <span class='ocrx_word' id='word_1_738' title='bbox 2811 5378 2868 5432; x_wconf 80' lang='grc' dir='ltr'>αἱ</span> <span class='ocrx_word' id='word_1_739' title='bbox 2911 5377 3011 5447; x_wconf 81' lang='grc' dir='ltr'>μὲν</span> <span class='ocrx_word' id='word_1_740' title='bbox 3043 5375 3154 5429; x_wconf 86' lang='grc' dir='ltr'><strong>τῶν</strong></span> <span class='ocrx_word' id='word_1_741' title='bbox 3181 5372 3377 5443; x_wconf 81' lang='grc' dir='ltr'>φωνῶν</span> <span class='ocrx_word' id='word_1_742' title='bbox 3411 5371 3506 5424; x_wconf 81' lang='grc' dir='ltr'>τοῦ</span> <span class='ocrx_word' id='word_1_743' title='bbox 3549 5366 3897 5439; x_wconf 75' lang='grc' dir='ltr'>ἀνθρώπου</span> 
     </span>
    </p>
   </div>
   <div class='ocr_carea' id='block_1_101' title="bbox 2256 5456 3903 5535">
    <p class='ocr_par' dir='ltr' id='par_1_101' title="bbox 2256 5456 3903 5535">
     <span class='ocr_line' id='line_1_101' title="bbox 2256 5456 3903 5535; baseline -0.002 -16"><span class='ocrx_word' id='word_1_744' title='bbox 2256 5469 2428 5521; x_wconf 81' lang='grc' dir='ltr'>εἰσίν·</span> <span class='ocrx_word' id='word_1_745' title='bbox 2458 5469 2512 5523; x_wconf 84' lang='grc' dir='ltr'>αἱ</span> <span class='ocrx_word' id='word_1_746' title='bbox 2537 5468 2613 5532; x_wconf 81' lang='grc' dir='ltr'><strong>δὲ,</strong></span> <span class='ocrx_word' id='word_1_747' title='bbox 2638 5467 2731 5522; x_wconf 82' lang='grc' dir='ltr'>τοῦ</span> <span class='ocrx_word' id='word_1_748' title='bbox 2763 5466 2897 5521; x_wconf 79' lang='grc' dir='ltr'>Θεοῦ</span> <span class='ocrx_word' id='word_1_749' title='bbox 2925 5467 3123 5535; x_wconf 83' lang='grc' dir='ltr'>Λόγου.</span> <span class='ocrx_word' id='word_1_750' title='bbox 3166 5466 3229 5519; x_wconf 81' lang='grc' dir='ltr'><strong>’ίί</strong></span> <span class='ocrx_word' id='word_1_751' title='bbox 3252 5463 3308 5518; x_wconf 76' lang='grc' dir='ltr'><strong>δὲ</strong></span> <span class='ocrx_word' id='word_1_752' title='bbox 3340 5461 3519 5535; x_wconf 82' lang='grc' dir='ltr'>ὀρθῶς</span> <span class='ocrx_word' id='word_1_753' title='bbox 3545 5456 3675 5530; x_wconf 76' lang='grc' dir='ltr'>περὶ</span> <span class='ocrx_word' id='word_1_754' title='bbox 3712 5457 3903 5530; x_wconf 79' lang='grc' dir='ltr'>Χρι-</span> 
     </span>
    </p>
   </div>
   <div class='ocr_carea' id='block_1_102' title="bbox 652 5743 3440 5824">
    <p class='ocr_par' dir='ltr' id='par_1_102' title="bbox 652 5743 3440 5824">
     <span class='ocr_line' id='line_1_102' title="bbox 652 5743 3440 5824; baseline 0.005 -28"><span class='ocrx_word' id='word_1_755' title='bbox 652 5743 729 5809; x_wconf 62' lang='lat' dir='ltr'><strong>li)</strong></span> <span class='ocrx_word' id='word_1_756' title='bbox 781 5744 937 5800; x_wconf 79' lang='lat' dir='ltr'><strong>Edita</strong></span> <span class='ocrx_word' id='word_1_757' title='bbox 979 5747 1030 5799; x_wconf 89' lang='lat' dir='ltr'><strong>in</strong></span> <span class='ocrx_word' id='word_1_758' title='bbox 1074 5746 1341 5802; x_wconf 79' lang='lat' dir='ltr'><strong>Gallaudii</strong></span> <span class='ocrx_word' id='word_1_759' title='bbox 1388 5750 1728 5815; x_wconf 59' lang='lat' dir='ltr'><strong>Bibliotheca,</strong></span> <span class='ocrx_word' id='word_1_760' title='bbox 1786 5760 1819 5803; x_wconf 82' lang='grc' dir='ltr'>ι.</span> <span class='ocrx_word' id='word_1_761' title='bbox 1875 5750 2011 5813; x_wconf 76' lang='lat' dir='ltr'><strong>XIV,</strong></span> <span class='ocrx_word' id='word_1_762' title='bbox 2046 5750 2318 5820; x_wconf 66' lang='lat' dir='ltr'><strong>Append,</strong></span> <span class='ocrx_word' id='word_1_763' title='bbox 2348 5768 2380 5821; x_wconf 84' lang='lat' dir='ltr'><strong>p</strong></span> <span class='ocrx_word' id='word_1_764' title='bbox 2446 5752 2560 5817; x_wconf 74' lang='grc'><strong>150,</strong></span> <span class='ocrx_word' id='word_1_765' title='bbox 2593 5769 2795 5808; x_wconf 57' lang='grc' dir='ltr'>εχηιιιδ.</span> <span class='ocrx_word' id='word_1_766' title='bbox 2824 5754 3013 5809; x_wconf 75' lang='lat' dir='ltr'><strong>Venet.</strong></span> <span class='ocrx_word' id='word_1_767' title='bbox 3050 5753 3176 5819; x_wconf 66' lang='grc'><strong>504,</strong></span> <span class='ocrx_word' id='word_1_768' title='bbox 3212 5769 3265 5824; x_wconf 85' lang='lat' dir='ltr'><strong>p.</strong></span> <span class='ocrx_word' id='word_1_769' title='bbox 3314 5752 3440 5809; x_wconf 58' lang='grc' dir='ltr'>εει.</span> 
     </span>
    </p>
   </div>
  </div>
