4044 6212
263 217 360 273 239

1672 209 2007 268 EPISTOLA
2048 212 2152 268 LV.

3415 217 3521 275 290

261 327 388 383 ποῦ
426 325 630 394 γνῶσις
651 364 666 388 ,
697 323 795 395 οὐχ
821 322 995 389 οὕτως
1025 324 1159 395 ἔχει.
1205 325 1342 378 Ἕνα
1389 324 1496 396 γὰρ
1529 325 1688 396 ῐσμεν
1723 326 1850 380 Υἱδν

1954 330 2070 384 aliae
2103 343 2236 385 vero
2274 329 2437 385 Verbi
2480 331 2596 386 Dei.
2629 332 2698 386 At
2731 329 3039 386 orthodoxa
3060 330 3128 386 de
3150 329 3374 387 Christo
3395 347 3526 389 sen-

258 421 356 474 καλ
396 417 634 489 Χριστὸν
665 417 761 470 καὶ
789 415 1014 488 Κύριον,
1045 417 1137 469 τὸν
1164 415 1327 470 αὑτὸν
1356 416 1491 469 Θεὸν
1519 417 1612 470 καὶ
1636 417 1847 488 ἄνθρω-

259 528 361 566 πον
380 524 397 538 ’
429 509 525 564 καὶ
549 506 718 561 αὑτοῦ
752 524 934 578 φαμεν
960 502 1102 564 εἶναι
1146 507 1241 560 καὶ
1268 506 1368 578 τὴν
1402 505 1655 580 θεότητα,
1683 507 1849 562 αὐτοῦ

254 604 311 657 δὲ
347 602 552 672 ὁμοίως
579 600 675 654 καὶ
696 599 796 670 τὴν
817 598 1235 670 ἅνθρωπότητα.
1256 598 1426 652 Λαλεῖ
1450 599 1560 670 γὰρ
1585 599 1720 652 ποτὲ
1752 600 1851 670 μὲν

255 696 334 759 ὡς
365 695 503 758 Θεὸς
535 691 894 764 θεοπρεπῶς,
927 691 1058 744 ποτὲ
1091 691 1148 745 δὲ
1181 693 1209 744 6
1248 691 1410 755 αὐτὸς
1443 690 1519 756 ὡς
1561 691 1858 764 ἄνθρωπος

256 784 773 857 ἀνθρωτωπρεπῶς.
791 783 1278 855 Ὀμολογησὰντων
1303 783 1481 838 τοίνυν
1513 784 1688 840 ταῦτα
1708 784 1852 838 ἐκεί-

258 899 388 942 νων,
429 876 551 941 πῶς
594 876 657 930 οὐ
701 877 958 948 περιττὸν
991 876 1057 946 ἦν
1084 875 1164 930 ἔτι
1209 877 1558 946 φιλονεικεῖν,
1612 877 1739 941 τοὺς
1773 877 1848 948 μὴ

257 971 515 1033 θέλοντας
551 969 830 1040 κρατῆσαι
863 967 1069 1039 σχίσμα
1098 968 1193 1022 καὶ
1213 969 1294 1032 είς
1323 968 1536 1040 αἵρεσιν
1561 967 1849 1022 ἀποκλῖναι

256 1061 355 1124 τὰς
381 1060 530 1114 κατὰ
564 1060 665 1131 τὴν
703 1059 970 1131 ἀνατολὴν
1017 1058 1379 1131 Ἑκκλησίαςς
1415 1059 1630 1114 Γένοιτο
1666 1060 1725 1114 δὲ
1755 1061 1851 1116 καὶ

255 1154 386 1216 τοὺς
417 1151 622 1216 ἄλλους
652 1152 897 1216 ἅπαντας
936 1150 1080 1206 οὕτω
1109 1151 1442 1226 διατεθῆναι.

338 1416 625 1480 Ἐλλάδιος
648 1415 758 1487 γὰρ
786 1417 816 1470 6
843 1417 902 1470 ἐν
931 1419 998 1489 τῇ
1029 1417 1230 1490 Ταρσὼ
1259 1417 1358 1472 καὶ
1403 1417 1583 1490 ἕτεροί
1625 1436 1771 1485 τινες
1802 1422 1852 1475 εί

261 1511 358 1566 καὶ
385 1512 465 1582 μὴ
490 1508 783 1582 φρονοῦσιν
809 1508 1007 1580 ὀρθῶς,
1036 1509 1187 1564 οὐδὲν
1207 1509 1368 1564 τοῦτο
1396 1509 1534 1582 πρὸς
1565 1512 1692 1576 τοὺς
1717 1511 1854 1583 ὀρθὰ

263 1606 488 1675 φρονεῖν
514 1602 819 1674 ὴρομένους
849 1600 897 1655 i.
921 1601 1270 1672 Οίχέσθωσαν
1300 1601 1412 1672 γὰρ
1437 1603 1487 1655 εἰ
1525 1600 1806 1675 βούλονται
1833 1643 1850 1670 ,

1953 420 2125 473 tentia
2171 435 2281 474 non
2318 420 2396 474 ita
2432 419 2618 475 habet.
2663 421 2844 476 Unum
2878 420 3028 474 enim
3067 422 3412 490 agnoscimus
3435 423 3528 477 Fi-

1951 509 2084 564 lium
2119 517 2175 564 ct
2214 509 2496 565 Christum
2534 518 2591 565 et
2622 510 2938 574 Dominum,
2971 509 3064 580 qui
3099 509 3360 566 idemmet
3382 511 3530 568 Deus

1951 603 2022 658 sit
2058 613 2115 658 et
2137 603 2302 658 homo
2330 620 2344 656 :
2377 603 2538 674 cujus
2567 602 2734 657 etiam
2753 617 2875 656 esse
2896 599 3132 655 dicimus
3157 600 3527 668 divinitatem,

1950 695 2208 751 similiter
2232 710 2364 750 vero
2401 705 2459 749 et
2496 694 2916 749 humanitatem.
2951 692 3222 762 Loquitur
3245 693 3393 748 enim
3424 695 3527 749 ali—

1950 787 2170 858 quando
2209 785 2430 857 quidem
2461 793 2521 840 ut
2555 785 2701 841 Deus
2726 783 3002 854 quomodo
3029 773 3202 837 Deum
3229 783 3408 848 decet,
3431 786 3530 840 ali-

1949 877 2170 948 quando
2207 892 2341 932 vero
2389 876 2533 931 idem
2566 876 2681 946 ipse
2708 883 2769 930 ut
2798 875 2984 939 homo,
3019 873 3296 944 quomodo
3317 873 3528 929 homini

1950 970 2223 1041 congruit.
2261 967 2396 1024 Cum
2423 967 2588 1039 igitur
2611 966 2688 1021 illi
2711 965 2828 1021 haec
2849 965 3082 1020 confessi
3109 964 3364 1032 fuissent,
3387 983 3530 1036 quo-

1950 1061 2114 1115 modo
2149 1076 2260 1115 non
2310 1067 2431 1115 erat
2462 1056 2802 1128 superﬂuum
2840 1065 2902 1111 ut
2932 1055 3316 1127 vitilitigarent
3347 1056 3535 1112 adhuc

1952 1153 1989 1208 ii
2016 1153 2109 1224 qui
2132 1151 2393 1207 nolebant
2417 1161 2478 1205 ut
2498 1149 2818 1221 przevaleret
2843 1148 3100 1213 schisma,
3125 1157 3184 1203 et
3207 1148 3264 1203 in
3294 1148 3528 1203 haeresi"

1952 1245 2370 1316 propendercnt
2421 1242 2719 1298 orientales
2760 1240 3060 1296 Ecclesiae?
3097 1239 3316 1296 Utinam
3348 1247 3406 1295 et
3433 1239 3530 1294 alii

1951 1351 2143 1391 omnes
2172 1334 2366 1390 eodem
2399 1333 2564 1388 modo
2587 1331 2768 1386 all‘ecti
2797 1331 2907 1386 sint
2931 1333 2944 1384 l

2023 1424 2307 1481 Ilelladius
2352 1422 2503 1478 enim
2563 1419 2872 1480 Tarsensis.
2920 1427 2976 1474 et
3010 1418 3103 1474 alii
3127 1417 3529 1483 nonnulli,etsi

1952 1525 2102 1574 recte
2144 1533 2256 1572 non
2297 1515 2568 1580 sentiunt,
2603 1513 2744 1568 nihil
2793 1512 2898 1566 hoc
2931 1519 3122 1566 contra
3147 1526 3243 1565 eos
3263 1511 3358 1580 qui
3379 1519 3529 1566 recte

1951 1607 2160 1662 sentire
2189 1606 2422 1661 malunt.
2448 1604 2742 1660 Facessant
2763 1602 2936 1666 enim,
2980 1601 3026 1656 si
3054 1600 3264 1666 volunt,
3303 1599 3414 1654 duo
3442 1599 3528 1656 vel

260 1695 356 1748 δύο
381 1693 482 1748 καὶ
505 1695 675 1764 τρεῖς,
705 1693 814 1747 τῶν
861 1691 1182 1762 ἁπανταχοῦ
1225 1691 1568 1762 Ἐκκλησιῶν
1601 1693 1736 1764 μίαν
1757 1694 1852 1748 καὶ

1955 1708 2087 1765 tres,
2110 1699 2241 1754 dum
2263 1713 2458 1754 omnes
2477 1696 2683 1766 ubique
2703 1694 2961 1750 Ecclesiae
2985 1708 3151 1747 unam
3169 1691 3528 1762 eamdemque

263 1785 361 1854 τὴν
404 1785 583 1855 αὐτὴν
626 1785 864 1855 ἐχουσῶν
911 1782 1113 1839 πίστιν.
1166 1781 1259 1854 Μὴ
1304 1784 1568 1854 ἀγνοείτω
1611 1785 1669 1840 δέ
1715 1787 1850 1858 μηδέ

264 1875 422 1930 τοῦτο
447 1878 485 1948 η
521 1876 594 1948 σὴ
641 1875 940 1930 θεοσέϐεια.
987 1874 1186 1930 Ἐλθὼν
1213 1876 1322 1949 γὰρ
1351 1878 1434 1942 είς
1461 1877 1562 1949 τὴν
1605 1877 1851 1945 Ἀλεξάν-

260 1969 449 2040 δρειαν
473 1969 507 2020 6
534 1967 937 2038 μνημονευθεὶς
972 1966 1271 2032 ἐπίσκοπος
1304 1967 1520 2032 Παῦλος
1547 1969 1649 2040 τῆς
1686 1969 1850 2040 Ἐμε-

263 2061 470 2129 σηνῶν,
507 2057 750 2128 ἔφασκεν
784 2059 868 2112 ὅτι
897 2057 1304 2127 κατεψεύσαντό
1327 2074 1475 2122 τινες
1501 2058 1606 2130 τῆς
1636 2061 1737 2131 σῆς
1758 2059 1849 2112 εὐ-

259 2150 492 2213 λαϐείας
519 2191 536 2216 ,
593 2149 671 2212 ὡς
705 2148 956 2220 παθητὴν
994 2147 1263 2220 λεγούσης
1302 2147 1400 2220 τὴν
1443 2149 1546 2219 τῆς
1597 2149 1852 2220 θεότητος

261 2244 426 2311 φύσιν
448 2281 468 2307 ,
499 2243 595 2295 καὶ
627 2242 708 2294 ὅτι
764 2241 824 2307 ἐξ
867 2239 1103 2312 οὐρανοῦ
1147 2239 1454 2311 κατήνεγκε
1503 2240 1602 2312 τὴν
1648 2239 1848 2295 ἐαυτοῦ

263 2337 447 2407 σάρκα
472 2337 503 2388 6
528 2334 725 2402 Λόγος.
755 2331 849 2386 καὶ
864 2333 948 2388 ὅτι
984 2333 1104 2404 μετ’
1137 2331 1268 2386 αὐτὸ
1294 2332 1589 2404 ὑπέμεινεν
1617 2335 1698 2397 είς
1749 2333 1850 2405 τὴν

261 2428 362 2498 τῆς
389 2425 599 2498 σαρκὸς
633 2424 816 2495 φύσιν.
855 2424 1004 2478 Ἔδει
1026 2423 1207 2478 τοίνυν
1239 2423 1340 2487 τὰς
1362 2423 1468 2477 τῶν
1496 2424 1850 2497 ψευδηγόρων

260 2520 484 2581 ἀπάτας
523 2515 782 2586 γενέσθαι
821 2514 1064 2586 φανερὰς
1112 2515 1224 2578 τοῖς
1253 2515 1682 2588 ἐπιεικεστέροις
1709 2555 1727 2583 ,
1762 2517 1851 2572 ἵνα

263 2611 341 2682 μὴ
366 2610 545 2664 ταῦτα
584 2607 960 2680 θρυλλούντων
987 2607 1213 2663 ἐκείνων
1241 2607 1722 2673 σκανδαλίζωνται.
1753 2611 1852 2665 Διὰ

261 2700 425 2754 τοῦτο
456 2701 695 2772 γράφων
723 2699 860 2770 πρὸς
881 2698 974 2752 τὸν
1019 2697 1466 2752 θεοσεϐέστατον¹
1487 2697 1591 2770 τῆς
1646 2700 1852 2754 Ἀντιο-

260 2793 404 2863 χέων
437 2792 747 2845 ἐπίσκοπον
782 2790 1058 2861 Ἰωάννην,
1093 2789 1332 2858 ἐγέλασα
1356 2789 1456 2853 τὰς
1483 2789 1707 2844 ἐκείνων
1731 2789 1851 2844 δια-

263 2883 451 2948 ϐολάς.
488 2883 633 2938 Οὔτε
651 2883 762 2954 γὰρ
789 2881 854 2936 ἐκ
883 2881 1187 2953 μεταϐολῆς
1212 2881 1352 2952 πρὸς
1375 2881 1438 2935 τὸ
1461 2880 1605 2936 οὕτω
1632 2884 1852 2953 φρονεῖν

262 2978 539 3047 ἁφῖγμαϋ,
569 2974 698 3028 οὔτε
724 2975 782 3028 δὲ
806 2974 864 3027 ἐν
889 2973 1042 3045 τόμῳ
1071 2973 1105 3044 ἢ
1138 2974 1420 3046 ἐπιστολῇ,
1448 2973 1572 3028 οὗτε
1598 2975 1657 3028 ἐν
1685 2974 1851 3044 βίϐλῳ

261 3064 600 3137 εὑρίσκομαι
636 3081 691 3118 τι
736 3063 950 3117 τοιοῦτο
988 3063 1210 3117 πώποτε
1254 3063 1512 3135 εἰρηκώς.
1542 3064 1616 3118 Τὸ
1662 3064 1718 3118 δὲ
1754 3062 1856 3134 τῆς
1882 3051 1927 3112 C

262 3153 741 3219 συγουσιώσεως
772 3153 966 3224 ὄνομα,
1017 3151 1136 3206 οὐδὲ
1181 3154 1210 3206 ὅ
1239 3153 1454 3207 τίποτέ
1498 3155 1648 3209 ἐστιν
1695 3153 1857 3225 ἴσμεν

263 3248 426 3312 ὅλως.
457 3246 628 3308 Εἰκὸς
654 3245 709 3298 δὲ
735 3246 861 3309 τοὺς
893 3244 1120 3300 τοιαῦτα
1154 3245 1466 3318 γράφοντας
1495 3247 1631 3315 ἐκεῖ,
1656 3247 1856 3302 ἀπολο-

263 3335 584 3405 γουμένους
618 3333 740 3403 περὶ
774 3334 874 3404 τῆς
919 3334 1260 3404 προπετείας
1297 3334 1399 3406 τῆς
1431 3335 1488 3388 ἐν
1535 3337 1602 3406 τῇ
1647 3335 1857 3408 Ἐφέσῳ

183 3424 197 3435 ’
267 3427 395 3482 καθ’
457 3426 625 3497 ἡμῶν
659 3425 958 3497 γενομένης
983 3465 999 3492 ,
1034 3424 1404 3497 εὑρεσιλογεῖν
1435 3425 1664 3482 τοιαῦτά
1693 3445 1816 3482 τινα
1838 3467 1854 3492 ,

270 3519 361 3571 ῖνα
402 3517 484 3588 μὴ
507 3517 723 3570 δοκοῖεν
749 3515 1076 3588 κεκινῆσθαι
1113 3517 1310 3589 μάτην.
1350 3518 1596 3590 Ἐλέγχει
1623 3519 1734 3588 γὰρ
1757 3521 1860 3574 αὐ-

267 3611 396 3672 τοὺς
421 3609 485 3661 τὸ
501 3607 769 3672 συνειδός.
801 3608 1206 3678 Ἀπολογείσθω
1233 3609 1416 3664 τοίνυν
1442 3611 1478 3682 ἠ
1507 3610 1572 3681 σὴ
1605 3610 1864 3668 εὐλάϐεια

271 3702 382 3763 τοῖς
422 3699 594 3770 ’ἑτερα
627 3699 744 3754 ἀνθ’
790 3699 994 3771 ἐτέρων
1027 3701 1208 3754 ἐκεῖσε
1256 3701 1508 3756 λαλοῦσι·
1542 3702 1723 3756 πάντα
1749 3702 1861 3776 γὰρ

273 3791 498 3859 γέγονεν
520 3789 802 3860 ἀσφαλῶς.
841 3791 900 3845 '0
930 3791 987 3846 δὲ
1016 3793 1299 3863 ἀγαπητὸς
1323 3794 1531 3860 Κάσιος
1559 3796 1587 3848 6
1615 3795 1862 3858 διάκονος

273 3876 352 3946 εξ
383 3884 504 3935 ἐστι
531 3880 644 3935 τῶν
688 3881 1036 3935 ἀπελθόντων
1067 3883 1126 3935 ἐν
1166 3883 1503 3958 Ἀντιοχείᾳ,
1559 3887 1653 3938 καὶ
1683 3885 1856 3938 εἰπεῖν

271 3972 499 4030 δύναται
535 3974 668 4037 ὅσας
707 3973 926 4046 ἡμέρας
956 3976 1076 4028 ἐκεῖ
1100 3976 1420 4047 πεποίηκεν,
1449 3978 1548 4031 οὐκ
1574 3976 1856 4040 ἀποδιδοὺς

272 4065 429 4136 αὐτῷ
455 4065 526 4118 τὰ
554 4067 656 4135 τῆς
695 4067 984 4132 κοινωνίας
1011 4069 1319 4141 γράμματα
1341 4110 1356 4133 ,
1393 4071 1441 4124 εί
1478 4069 1554 4142 μὴ
1594 4071 1856 4142 πρότερον

275 4159 715 4232 ἐχειρογράφησε
755 4159 887 4231 περὶ
917 4160 1133 4215 πάντων
1168 4160 1394 4218 τούτων.

1953 1791 2117 1846 ﬁdem
2159 1787 2425 1845 retinent.
2467 1788 2617 1844 Istud
2649 1801 2867 1858 quoque
2891 1800 3002 1840 non
3028 1783 3245 1855 ignoret
3264 1783 3529 1838 sanctitas

1953 1892 2065 1937 tua.
2097 1881 2234 1938 Cum
2265 1881 2414 1936 enim
2443 1879 2683 1936 venisset
2711 1877 3090 1933 Alexandriam
3123 1877 3235 1946 jam
3260 1889 3530 1930 memora-

1954 1979 2044 2026 tus
2089 1971 2384 2041 episcopus
2420 1969 2624 2025 Paulus
2664 1967 2989 2031 Emesenus,
3017 1963 3235 2022 dicebat
3268 1963 3530 2018 mentitos

1953 2062 2123 2117 fuisse
2154 2061 2423 2132 quosdam
2458 2060 2528 2115 de
2551 2059 2861 2116 reverentia
2899 2066 3012 2124 tua,
3038 2057 3186 2128 quod
3214 2056 3526 2128 passibilcm

1952 2153 2167 2210 diceres
2209 2152 2516 2208 divinitatis
2547 2160 2824 2215 naturam,
2865 2166 2931 2206 ac
2961 2150 3030 2206 de
3071 2149 3225 2205 cadis
3267 2148 3528 2205 detulisse

1951 2261 2174 2302 carnem
2217 2261 2374 2301 suam
2415 2243 2678 2308 Verbum,
2702 2251 3002 2312 posteaque
3030 2255 3250 2312 passum
3277 2239 3447 2296 fuisse
3470 2241 3527 2295 in

1951 2347 2150 2393 natura
2186 2336 2388 2392 carnis.
2429 2334 2730 2406 Oportebat
2750 2334 2918 2405 igitur
2937 2333 3351 2404 falsiloquorum
3377 2347 3530 2387 erro-

1952 2446 2044 2487 res
2065 2429 2183 2485 ﬁcri
2206 2429 2523 2485 manifestos
2541 2427 2991 2497 simplicioribus,
3013 2435 3073 2480 ut
3093 2440 3164 2480 ne
3191 2421 3526 2481 scandaliza-

1952 2531 2169 2589 rentur,
2201 2522 2310 2576 illis
2335 2520 2524 2575 isthmc
2553 2519 2927 2591 crepantibus.
2961 2519 3258 2589 Propterea
3282 2517 3531 2572 scribens

1952 2613 2020 2668 ad
2053 2610 2528 2683 religiosissimum
2552 2608 2979 2664 Antiochensem
3017 2609 3336 2678 episcopum
3367 2607 3530 2662 Joan»

1953 2720 2100 2769 nem,
2140 2704 2306 2758 derisi
2346 2718 2540 2757 eorum
2587 2701 2910 2756 calumnias.
2943 2700 3133 2769 Neque
3164 2701 3314 2754 enim
3347 2715 3413 2754 ex
3441 2699 3528 2753 in-

1954 2796 2258 2852 constantia
2297 2794 2493 2850 deveni
2528 2803 2590 2848 ut
2626 2793 2707 2848 sic
2729 2792 2991 2848 sentirem
3019 2809 3034 2844 :
3064 2807 3243 2862 neque
3278 2791 3335 2845 in
3359 2797 3530 2858 tome,

1955 2895 2052 2942 aut
2089 2885 2344 2956 cpistola,
2384 2893 2480 2939 aut
2515 2885 2657 2940 libro
2691 2883 2942 2938 invenior
2978 2882 3261 2954 quidpiam
3295 2883 3403 2938 tale
3430 2899 3532 2939 un-

1955 2991 2120 3048 quam
2156 2977 2379 3032 dixisse.
2409 2976 2623 3030 Nomen
2643 2990 2776 3029 vero
2805 2974 3281 3038 coeuentiationis,
3307 2989 3375 3029 ne
3396 2973 3530 3044 quid

1957 3066 2179 3136 quidem
2199 3065 2423 3120 omnino
2446 3063 2520 3119 sit
2542 3063 2817 3118 novimus.
2843 3062 3171 3119 Verosimile
3211 3070 3299 3119 est
3317 3079 3412 3120 eos
3433 3063 3532 3134 qui

1955 3157 2033 3212 ibi
2059 3158 2177 3212 haec
2211 3156 2482 3219 scribunt,
2505 3154 2637 3211 dum
2665 3155 2920 3210 nituntur
2940 3169 3174 3225 purgare
3200 3169 3260 3210 se
3292 3155 3362 3210 ab
3393 3171 3532 3211 ausu

1956 3247 2271 3313 temerario,
2301 3261 2410 3317 quo
2431 3245 2696 3302 adversus
2734 3260 2836 3300 nos
2869 3245 2952 3300 usi
2978 3252 3108 3300 sunt
3139 3244 3364 3315 Ephesi,
3394 3246 3534 3303 etfu-

1958 3339 2060 3393 tire
2083 3339 2330 3409 quaedam
2358 3337 2507 3403 talia,
2536 3346 2599 3393 ut
2617 3353 2729 3392 non
2750 3336 3042 3392 videantur
3068 3337 3342 3393 incassum
3363 3337 3534 3394 fuisse

1954 3429 2459 3501 permotos.Arguit
2480 3429 2628 3484 enim
2647 3429 2769 3484 illos
2790 3428 3152 3484 conscientia.
3183 3427 3536 3499 Respondeat

1960 3521 2128 3592 igitur
2154 3520 2468 3577 reverentia
2507 3530 2601 3574 tua
2640 3519 2708 3574 iis
2751 3519 2846 3589 qui
2879 3519 2986 3574 alia
3019 3534 3120 3589 pro
3153 3519 3278 3574 aliis
3301 3519 3536 3588 loquun-

1960 3619 2050 3664 tur
2079 3629 2092 3665 :
2118 3611 2302 3666 omnia
2327 3612 2472 3666 enim
2497 3610 2617 3665 sine
2640 3609 2964 3665 discrimine
2983 3617 3210 3679 tutoque
3227 3609 3369 3664 facta
3380 3619 3532 3664 sunt.

1959 3702 2204 3757 Dilectus
2253 3716 2386 3756 vero
2434 3700 2631 3755 Casius
2675 3700 2964 3765 diaconus,
3009 3715 3154 3754 unus
3197 3715 3388 3754 eorum
3439 3702 3535 3770 qui

1961 3792 2309 3848 Antiochiam
2347 3792 2626 3856 ahierunt,
2656 3800 2837 3863 potest
2857 3790 3024 3847 etiam
3047 3790 3232 3847 dicere
3261 3800 3397 3863 quot
3417 3793 3538 3848 dies

1963 3883 2042 3937 ibi
2085 3883 2280 3954 egerit,
2327 3899 2439 3938 non
2482 3882 2722 3938 reddens
2765 3883 2819 3938 ei
2854 3881 3258 3938 communionis
3301 3883 3536 3950 litteras,

1963 3974 2071 4030 nisi
2101 3976 2257 4046 prius
2278 3975 2347 4031 de
2375 3975 2463 4046 his
2484 3975 2742 4030 omnibus
2767 3973 3191 4046 chirographum
3217 3973 3427 4030 fecerit.

1482 4521 1818 4580 EPISTOLA
1857 4521 1946 4578 Lv
1987 4524 2078 4598 (οι.
2109 4521 2345 4596 XLVII).

347 4701 495 4775 Cum
524 4717 590 4754 ex
617 4700 740 4775 ﬁdi:
770 4705 955 4775 amicis
989 4704 1324 4775 comperisset
1368 4703 1602 4775 Cyrillus
1639 4702 1992 4760 Orientalium
2022 4701 2276 4775 quosdam
2310 4697 2381 4775 σά
2409 4713 2707 4775 peruersum
2727 4691 3258 4775 ⁸εεηειιηι-ϐεξρεηιὶιιηι
3310 4691 3541 4775 exuite:

266 4789 374 4842 que
414 4759 869 4845 diuemiaandum
890 4775 1003 4845 ipso
1033 4759 1194 4828 etiam
1223 4759 1469 4844 Symbo'io
1497 4775 1714 4829 Niceno
1740 4775 1909 4838 abuti,
1955 4759 2681 4827 ad'cxcludendas'subdolas
2719 4759 3204 4838 interpretationes,
3247 4777 3368 4816 vero
3409 4759 3545 4814 illud

265 4853 448 4912 atque
485 4842 738 4897 catholico
771 4842 926 4899 rem
963 4842 1304 4916 interpretari
1324 4861 1600 4917 aggressus
1635 4853 1731 4900 est.

265 5018 592 5086 lit-91.1100
641 5019 1120 5091 ἀρχιεδςισπόπου
1160 5017 1610 5091 Ἀλεξανδρείας
1653 5021 1744 5086 εἰς
1792 5019 1855 5074 τὸ

1963 5016 2152 5091 Cyrilii
2187 5015 2564 5088 archiepiscopi
2612 5013 2965 5091 Alexandrini
3007 5012 3063 5067 in
3100 5019 3346 5066 sanctum
3384 5007 3540 5080 Sym-

813 5088 986 5159 ἅγιον
1010 5090 1343 5159 Σύμϐολον.

344 5201 482 5264 τοῖς
533 5201 838 5273 ἀγαπητοῖς
887 5201 986 5256 καὶ
1043 5203 1446 5269 ποθεινοτάτοις
1504 5202 1857 5272 Ἀναστασίῳ,

267 5292 660 5366 Ἀλεξάνδρῳ,
746 5295 1135 5367 Μαρτινιανῷ,
1197 5297 1442 5369 Ἰωάννῃ,
1529 5295 1860 5366 Παρηγορῐῳ

262 5383 665 5457 πρεσϐυτέρῳ,
710 5385 805 5438 καὶ
833 5383 1073 5458 Μαξίμῳ
1110 5386 1362 5456 διακόνῳ,
1399 5385 1492 5440 καὶ
1535 5387 1742 5448 λοιποῖς
1767 5385 1860 5454 69-

259 5475 516 5540 δοδόξοις
565 5477 814 5549 Πατράσι
870 5479 1144 5551 μοναχῶν,
1190 5481 1288 5534 καὶ
1339 5480 1452 5543 τοῖς
1485 5479 1584 5532 σὺν
1611 5477 1743 5548 ὑμῖν
1769 5475 1860 5531 τὸν

359 5636 375 5684 i
422 5635 588 5692 Forte
617 5639 952 5711 ᾑρημένους,
986 5642 1070 5696 vel
1099 5640 1438 5713 ἡρωμένους.
1476 5641 1626 5698 Eon.

2668 5085 2866 5140 bolum.

2037 5198 2264 5255 Dilectis
2304 5209 2362 5254 et
2408 5194 2802 5252 amantissimis
2850 5191 3158 5257 Anastasio,
3211 5188 3541 5254 Alexandro,

1966 5289 2313 5354 Martiniano,
2358 5288 2575 5354 Joanni,
2610 5286 2904 5357 Parcgorio
2928 5285 3269 5356 presbytero,
3295 5291 3350 5337 et
3373 5280 3542 5336 Maxi-

1965 5395 2058 5438 mo
2087 5382 2352 5448 diacono,
2381 5381 2703 5450 ueterisque
2750 5377 3071 5434 orthodoxa:
3116 5376 3243 5432 ﬁdei
3289 5374 3548 5430 l’atribus

1967 5473 2383 5538 monachorum,
2404 5481 2461 5528 et
2491 5470 2777 5527 vobiscum
2807 5468 3164 5526 monasticam
3184 5467 3348 5522 vitam
3376 5480 3542 5536 agen-
