4044 6212
534 222 639 281 231

1567 222 1624 278 S.
1664 220 1937 277 CYRILLI
1978 221 2446 281 ALEXANDRJNI
2476 225 2795 282 ARCHIEP.

3686 231 3800 286 9.92

539 336 711 400 tibus,
742 350 807 391 ac
836 335 891 390 in
940 333 1045 389 fide
1073 336 1167 391 Dei
1198 336 1464 401 solidatis,
1490 336 1745 407 Cyrinus,
1801 340 1854 391 in
1883 339 2114 392 Domino

2230 346 2437 413 μονήρη
2465 340 2577 409 βίον
2606 341 2854 405 ἀσκοῦσι,
2888 341 2978 394 καὶ
3016 343 3071 393 ἑν
3093 340 3272 395 πίστει
3305 342 3440 396 θεοῦ
3470 343 3794 414 ἱδρυμένοις,

543 429 803 482 salutem.

609 532 868 587 Studium
909 546 974 585 ac
1029 530 1369 600 diligentiam
1402 539 1599 588 vestra:
1640 533 1927 589 charitatis
1974 550 2123 589 nunc

532 636 755 690 quoque
785 620 933 674 haud
967 619 1324 675 mediocriter
1354 622 1743 677 commendare
1788 637 2032 693 possum,
2067 632 2125 677 et

534 712 757 766 maximi
812 710 1117 766 faciendam
1146 725 1270 766 esse
1326 712 1469 767 dico.
1508 713 1727 767 Etenim
1775 712 1991 768 divinas
2020 713 2119 768 do-

532 803 739 858 ctrinas
763 802 1100 868 desiderare,
1136 810 1193 858 et
1225 817 1509 859 sacrorum
1540 803 1856 875 dogmatum
1889 804 2121 860 rectitu-

532 896 721 950 dinem
746 887 992 950 stddiose
1012 896 1289 965 persequi,
1313 895 1438 966 quis
1461 911 1571 951 non
1596 897 1756 952 valde
1782 896 2123 951 admiretur?

534 986 662 1042 Haec
682 986 828 1041 enim
849 1001 941 1042 res
969 986 1141 1041 vitam
1183 987 1302 1042 sine
1328 988 1569 1043 termino
1595 1004 1660 1044 ac
1692 988 1909 1044 beatam
1932 988 2119 1045 conci-

532 1078 651 1140 liat,
678 1093 858 1148 neque
887 1078 1355 1133 irremuneratum
1389 1080 1497 1135 erit
1535 1080 1603 1135 iis
1627 1080 1684 1135 in
1715 1081 1882 1136 rebus
1903 1081 2119 1152 impen-

532 1185 654 1224 sum
697 1170 963 1225 studium.
1000 1170 1149 1225 Dicit
1190 1170 1339 1225 enim
1369 1170 1438 1225 ad
1466 1172 1747 1228 caelestem
1798 1173 2019 1228 Patrem
2064 1181 2122 1228 et

531 1261 706 1316 Deum
739 1262 1005 1316 Dominus
1041 1268 1232 1315 noster
1276 1260 1436 1316 Jesus
1475 1261 1769 1318 Christus:
1804 1282 1822 1315 ‹
1872 1263 1999 1318 Hac
2035 1270 2121 1318 est

531 1361 716 1409 autem
748 1354 862 1408 vita
902 1363 1130 1418 aeterna,
1181 1367 1242 1409 ut
1272 1363 1604 1425 cognoscant
1625 1364 1679 1409 te
1714 1355 1894 1409 solum
1924 1370 2119 1410 verum

530 1444 725 1509 Deum,
762 1453 819 1499 et
849 1460 1014 1514 quem
1047 1444 1247 1499 misisti
1269 1445 1455 1500 Jesum
1484 1444 1765 1500 Christum
1791 1446 1858 1499 θ’.
1895 1464 1913 1498 ›
1950 1446 2119 1500 Recta

532 1550 663 1590 sane
701 1544 757 1591 et
780 1536 1281 1605 irreprehensibilis
1319 1536 1475 1602 fides,
1505 1552 1667 1607 quam
1704 1537 1882 1609 fulgor
1910 1553 1979 1591 ex
2016 1536 2118 1591 bo-

529 1626 617 1681 nis
650 1625 910 1695 operibus
943 1625 1257 1690 comitatur,
1300 1626 1449 1681 omni
1484 1626 1631 1681 bono
1672 1643 1776 1682 nos
1820 1627 2032 1697 implet,
2062 1635 2119 1684 et

530 1717 849 1787 praeclaram
879 1726 1068 1771 nactos
1102 1716 1329 1787 gloriam
1365 1717 1627 1773 ostendit.
1657 1718 1728 1772 At
1752 1733 1983 1789 cperum
2006 1718 2115 1773 ful-

532 1823 651 1878 gor,
675 1808 721 1863 si
761 1823 958 1878 expers
1002 1808 1258 1863 videatur
1306 1824 1427 1865 esse
1469 1818 1745 1865 rectorum
1776 1811 2113 1883 dogmatum,

532 1898 930 1968 inculpataeque
960 1898 1107 1963 ﬁdei,
1147 1900 1401 1954 humanae
1431 1901 1627 1956 animae
1653 1901 1806 1957 nullo
1837 1902 2021 1969 modo,
2056 1912 2118 1958 ut

530 1990 790 2056 arbitror,
832 1991 987 2047 utilis
1015 1991 1202 2047 fuerit.
1236 1991 1373 2046 Nam
1401 1993 1546 2049 sicut
1584 1993 1719 2050 ﬁdes
1750 1994 1956 2064 absque
1982 2009 2116 2065 ope-

530 2082 692 2138 ribus
708 2092 924 2139 mortua
946 2093 1030 2140 est
1048 2086 1119 2150 ³³;
1145 2084 1223 2138 ita
1240 2087 1386 2155 quod
1408 2102 1439 2141 e
1461 2088 1740 2140 contrario
1753 2086 2112 2153 convertitur,

528 2189 721 2230 verum
746 2185 849 2230 est.
882 2176 1053 2246 Igitur
1086 2176 1248 2233 simul
1292 2176 1497 2247 fulgeat
1529 2193 1652 2232 cum
1698 2178 1943 2232 honesta:
1989 2178 2117 2234 vita:

529 2266 700 2335 gloria
739 2265 906 2320 etiam
950 2266 1239 2337 integritas
1263 2266 1409 2322 fidei.
1448 2268 1529 2322 Ita
1570 2268 1719 2323 enim
1756 2268 1967 2323 erimus
1993 2284 2117 2338 per-

528 2356 683 2422 fecti,
699 2357 854 2428 juxta
878 2356 1271 2427 sapientissimi
1296 2359 1499 2428 Moys‘ls
1524 2360 1701 2430 legem
1730 2378 1743 2414 :
1781 2379 1799 2412 ι
1835 2360 2118 2416 Perfectus

528 2446 701 2512 enim,
732 2447 930 2517 inquit,
967 2448 1079 2504 eris
1120 2465 1307 2504 coram
1346 2450 1580 2505 Domino
1602 2452 1714 2506 Deo
1751 2452 1929 2507 tuo“.
1963 2471 1981 2503 ›
2012 2452 2116 2521 Qui

526 2553 664 2593 vero
703 2554 771 2594 ex
796 2540 1030 2595 stultitia
1071 2550 1531 2613 contempserunt
1566 2553 1773 2601 rectam
1820 2545 2025 2602 habere
2050 2545 2116 2600 fi-

528 2628 676 2694 dem,
700 2631 951 2700 quamvis
972 2632 1203 2689 honesta
1238 2634 1352 2689 vita
1395 2650 1452 2691 se
1477 2644 1697 2702 ornent,
1729 2648 2118 2709 comparantur

527 2718 931 2789 quodammodo
963 2722 1097 2777 viris
1148 2723 1383 2794 ingenua
1440 2725 1662 2795 quidem
1710 2726 1868 2780 faciei
1902 2726 2113 2793 forma,

526 2811 703 2866 oculis
725 2827 858 2868 vero
876 2814 1193 2870 errantibus
1214 2830 1279 2871 ac
1299 2816 1549 2873 distortis
1574 2835 1586 2871 :
1618 2817 1775 2889 175
1796 2828 1959 2890 atque
1980 2820 2116 2875 adeo

526 2903 793 2972 competit
820 2903 876 2957 in
902 2918 998 2959 eos
1019 2904 1167 2974 quod
1202 2920 1234 2959 a
1260 2906 1494 2961 Domino
1517 2924 1617 2977 per
1639 2908 1893 2964 Jeremiae
1921 2926 2115 2965 vocem

2225 431 2493 503 Κύριλλος
2522 434 2580 485 ὲν
2609 433 2797 502 Κυρίῳ
2826 433 3057 503 χαίρειν.

2294 524 2367 576 Τὸ
2400 523 2695 593 φιλομαθὲς
2720 525 2815 577 καὶ
2839 524 3124 593 φιλόπονον
3152 524 3251 595 τῆς
3278 524 3548 595 ὑμετέρας
3578 524 3798 596 ἀγάπης

2223 616 2316 668 καὶ
2350 615 2444 669 νῦν
2472 617 2532 669 οὐ
2567 617 2804 688 μετρίως
2842 615 3123 671 ἐπαινέσαι
3166 618 3295 688 ἔχω,
3341 618 3437 672 καὶ
3471 618 3621 685 ἄξιον
3657 614 3799 673 εἶναι

2222 723 2366 777 φημι
2399 706 2492 760 τοῦ
2525 708 2726 771 παντὸς
2767 708 2947 777 λόγου.
2984 709 3057 761 Τὸ
3097 709 3203 778 γάρ
3242 725 3325 762 τοι
3360 708 3519 762 θείων
3550 708 3800 779 ἐφίεσθαι

2225 798 2583 869 μαθημάτων,
2612 800 2708 853 καὶ⁵
2737 800 2836 870 τῆς
2868 799 2975 855 τῶν
2996 800 3162 872 ἱερῶν
3185 800 3476 871 δογμάτων
3506 800 3801 872 ὀρθότητος

2226 888 2640 957 μεταποιεῖσθαι
2666 890 2862 959 φιλεῖν,
2890 891 3008 954 πῶς
3023 892 3122 944 οὐκ
3152 891 3216 945 ἂν
3245 892 3652 963 ὑπεραγάσαιτό
3677 910 3798 956 τιςς

2221 982 2332 1035 Καὶ
2355 982 2465 1053 γάρ
2497 984 2615 1035 ἑστι
2644 981 2789 1051 ζωῆς
2820 983 2920 1052 τῆς
2961 982 3265 1053 ἀπεράντου
3305 983 3401 1037 καὶ
3435 983 3713 1055 μακαρίας
3738 982 3802 1035 τὸ

2221 1071 2411 1142 χρῆμα
2458 1071 2739 1143 πρόξενον,
2789 1071 2883 1125 καὶ⁸
2911 1070 3011 1124 οὐκ
3054 1072 3283 1141 ἄμισθος
3323 1073 3359 1143 ἡ
3390 1071 3447 1125 ἐν
3490 1089 3553 1140 γε
3587 1070 3801 1133 τούτοις

2223 1166 2447 1235 σπουδή.
2485 1164 2623 1234 Φησὶ
2650 1164 2759 1236 γάρ
2787 1179 2891 1216 που
2927 1162 3064 1234 πρὸς
3093 1164 3186 1216 τὸν
3207 1164 3265 1216 ἐν
3296 1162 3544 1236 οὐρανοῖς
3575 1163 3801 1233 Πατέρα

2221 1261 2313 1311 και
2346 1257 2478 1311 Θεὸν
2508 1258 2537 1308 ὀ
2567 1256 2773 1327 Κύριος
2827 1256 2985 1326 ἡμῶν
3026 1255 3234 1326 Ἰησοῦς
3281 1256 3537 1326 Χριστός·
3570 1274 3588 1308 ι
3646 1254 3798 1324 Αὕτη

2219 1348 2275 1402 δέ
2310 1352 2456 1403 ἑστιν
2489 1351 2522 1418 ἡ
2550 1348 2765 1413 αἰώνιος
2799 1348 2936 1419 ζωὴ,
2962 1348 3046 1403 ἵνα
3077 1348 3387 1417 γινώσκωσί
3422 1366 3479 1400 σε
3513 1348 3603 1401 τὸν
3635 1348 3800 1418 μόνον

2218 1439 2469 1509 ἀληθινὸν
2503 1438 2654 1502 Θεὸν,
2693 1440 2787 1493 καὶ
2814 1438 2873 1492 ὃν
2904 1439 3226 1503 ἀπέστειλας
3264 1439 3473 1508 Ἰησοῦν
3503 1440 3793 1510 Χριστόν..

2231 1530 2396 1602 Ὀρθὴ
2429 1529 2537 1602 γὰρ
2584 1530 2787 1594 πίστις,
2838 1531 2931 1583 καὶ
2984 1530 3442 1595 ἀκατάσκωπτος,
3497 1530 3801 1601 σύνδρομον

2218 1622 2418 1693 ἔχουσα
2456 1622 2554 1693 τὴν
2605 1622 2664 1689 ἑξ
2716 1622 2896 1693 ἔργων
2942 1620 3163 1691 ἀγαθῶν
3214 1621 3564 1693 φαιδρότητα,
3596 1622 3800 1685 παντὸς

2219 1716 2368 1786 ἡμᾶς
2413 1713 2752 1785 ἐμπίπλησιν
2786 1712 3015 1782 ἀγαθοῦ,
3068 1713 3162 1766 καὶ
3207 1713 3482 1784 διαπρεπῆ
3531 1712 3805 1783 λαχόντας

2217 1803 2316 1873 τὴν
2364 1803 2523 1868 δόξαν
2576 1804 2886 1873 ἀποφαίνει.
2936 1803 3196 1875 Πράξεων
3244 1804 3301 1858 δὲ
3349 1804 3686 1875 λαμπρότης,
3751 1808 3804 1857 εἰ

2220 1892 2521 1964 ἀμοιροῦσα
2553 1894 2793 1963 φαίνοιτο
2820 1893 3106 1963 δογμάτων
3132 1892 3308 1965 ὀρθῶν
3340 1895 3437 1947 καὶ
3471 1894 3801 1966 ἀδιαόλήτου

2218 1983 2479 2049 πίστεως,
2505 1985 2750 2055 ὀνήσειεν
2779 1984 2865 2048 ἂν,
2900 1984 2975 2048 ὧς
3005 2001 3066 2053 γε
3095 1981 3270 2054 οἶμαι,
3307 1987 3425 2038 κατ’
3459 1985 3648 2039 οὐδένα
3672 1987 3806 2059 τρό-

2219 2091 2321 2128 πον
2345 2075 2444 2146 τὴν
2471 2074 2564 2128 τοῦ
2596 2074 2886 2148 ἀνθρώπου
2926 2074 3128 2146 ψυχήν.
3167 2076 3377 2146 Ὥσπερ
3404 2075 3512 2147 γὰρ
3541 2080 3573 2148 ἡ
3614 2079 3802 2140 πίστις

2220 2168 2389 2240 χωρὶς
2425 2168 2534 2220 τῶν
2580 2166 2754 2238 ἔργων
2798 2166 2971 2238 νεκρά
3017 2169 3184 2232 ἐστιν,
3232 2166 3406 2231 οῦτως
3440 2163 3578 2222 εἷναί
3614 2186 3803 2238 φαμεν

2220 2256 2438 2329 ἀληθὲς,
2467 2262 2560 2315 καὶ
2583 2258 2643 2311 τὸ
2670 2257 2926 2328 ἔμπαλιν.
2954 2258 3162 2311 Οὐκοῦν
3188 2258 3651 2329 συναναλαμπέτω
3679 2261 3801 2322 τοῖς

2218 2347 2319 2418 τῆς
2341 2348 2574 2412 εὐζωῒας
2617 2348 2922 2419 αὐχήμασι,
2963 2350 3056 2402 καὶ
3087 2348 3144 2402 τὸ
3172 2348 3556 2420 ἀμώμητονὲν
3587 2349 3795 2403 πίστει.

2222 2438 2435 2508 Ἀρτιοι
2468 2437 2575 2510 γάρ
2594 2437 2769 2502 οὕτως
2808 2438 3066 2508 ἐσόμεθα,
3103 2439 3242 2492 κατά
3269 2440 3360 2491 τὸν
3387 2439 3479 2492 τοῦ
3510 2442 3797 2509 πανσόφου

2217 2532 2496 2596 Μωῦσέως
2546 2531 2727 2601 νόμον·
2763 2551 2780 2582 ε
2813 2531 3031 2594 Τέλειος
3078 2531 3185 2602 γάρ
3216 2530 3335 2603 ἔσῃ,
3395 2531 3580 2602 φησὶν,
3613 2531 3800 2586 ἔναντι

2218 2624 2426 2696 Κυρίου
2460 2625 2508 2677 ι.
2540 2643 2560 2678 ι
2588 2625 2651 2699 QE
2680 2624 2738 2677 δὲ
2766 2624 2859 2678 τοῦ
2887 2625 3070 2678 πίστιν
3098 2623 3240 2695 ἔχειν
3270 2625 3438 2697 ὀρθὴν
3469 2625 3528 2690 ἐξ
3550 2626 3802 2696 ἀμαθίας

2217 2716 2670 2787 ὀλιγωρήσαντες,
2717 2711 2836 2769 εἶτα
2886 2718 3008 2778 ταῖς
3071 2716 3390 2779 ἑπιεικείαις
3445 2716 3536 2768 τὸν
3583 2717 3802 2771 ἑαυτῶν

2218 2806 2667 2878 ἑπισεμνύνοντες
2717 2807 2852 2877 βίον,
2906 2807 3115 2861 ἐοίκασί
3156 2825 3274 2873 πως
3319 2809 3576 2881 ἀνδράσιν
3612 2810 3805 2878 εὐφυᾶ.

2223 2900 2321 2969 μὲν
2343 2899 2568 2970 λαχοῦσι
2597 2898 2692 2953 τοῦ
2740 2898 3030 2970 προσώπου
3077 2900 3168 2953 τὸν
3201 2902 3547 2972 χαρακτῆρα,
3582 2903 3805 2956 πεπλα-

528 2993 597 3046 ad
617 2993 920 3048 Jerusalem
944 2994 1257 3049 Iudaeorum
1290 3005 1523 3051 matrem
1545 2998 1755 3053 dictum
1778 3009 1861 3055 est
1890 3017 1905 3054 :
1935 3020 1953 3053 ‹
1976 3002 2114 3057 Ecce

2219 2991 2461 3062 νημένην
2497 2992 2554 3046 δὲ
2581 2994 2674 3046 καὶ
2699 2992 3024 3065 διάστροφον
3057 2994 3164 3047 τῶν
3194 2994 3460 3064 ὀμμάτων
3490 2995 3585 3067 τὴν
3609 2994 3803 3077 βολήν*

526 3099 638 3138 non
655 3091 784 3137 sunt
802 3085 949 3138 oculi
976 3086 1054 3139 tui
1082 3087 1239 3151 recti,
1267 3103 1445 3157 neque
1466 3104 1561 3143 cor
1579 3099 1733 3144 tuum
1764 3090 1969 3145 bonum
1991 3092 2055 3146 ³⁸.
2088 3112 2105 3143 ι

526 3175 759 3245 Oportet
791 3177 977 3247 igitur,
1008 3186 1069 3232 ut
1110 3187 1235 3233 ante
1269 3180 1374 3234 alia
1405 3195 1594 3235 sanam
1619 3182 1676 3236 in
1695 3182 1853 3237 vobis
1876 3193 2115 3239 mentem

526 3266 860 3336 possideatis
882 3276 939 3322 et
970 3277 1173 3324 sanctae
1210 3269 1509 3340 Scripturae
1543 3287 1815 3328 memores
1840 3273 1960 3328 sitis
1984 3274 2118 3329 allo-

526 3354 748 3422 quentis
773 3362 830 3408 et
868 3354 1147 3411 dicentis:
1180 3376 1198 3407 ι
1236 3354 1394 3411 Oculi
1438 3359 1517 3413 tui
1559 3368 1710 3415 recta
1744 3361 1968 3416 videant
1990 3363 2053 3418 ³⁸.
2089 3383 2107 3415 ι

528 3447 693 3501 Visus
714 3456 897 3502 autem
940 3458 1128 3505 rectus
1161 3452 1449 3505 oculorum
1479 3451 1628 3507 intus
1667 3454 2117 3511 absconditorum

526 3546 631 3602 est,
661 3552 821 3608 posse
855 3554 1142 3596 sermones
1166 3582 1180 3606 ,
1214 3544 1627 3615 qualescunque
1679 3544 1747 3600 de
1795 3545 1909 3599 Deo
1958 3546 2114 3612 flant,

527 3645 628 3700 pro
665 3645 733 3684 eo
782 3640 949 3700 atque
993 3647 1316 3689 concessum
1357 3642 1474 3701 est,
1534 3637 1724 3693 videre
1755 3639 2032 3696 subtiliter
2059 3651 2117 3697 et

526 3728 737 3774 exacte.
767 3720 1031 3776 Videmus
1066 3724 1215 3777 enim
1261 3725 1319 3779 in
1357 3728 1581 3797 speculo
1616 3738 1672 3785 et
1702 3732 2012 3803 mnigmate,
2060 3742 2117 3787 et

528 3811 911 3881 cognoscimus
940 3827 1008 3867 ex
1053 3823 1207 3882 parte
1226 3815 1301 3869 ’ἐ
1336 3817 1431 3871 sed
1466 3818 1561 3887 qui
1594 3835 1661 3875 ex
1694 3822 1939 3877 tenebris
1985 3840 2113 3893 pro-

528 3902 696 3955 funda
734 3904 942 3957 revelat
961 3902 1041 3966 ³⁸,
1089 3905 1276 3960 lumen
1318 3910 1573 3967 .veritatis
1612 3911 1854 3966 infundit
1901 3913 1988 3968 his
2020 3916 2114 3984 qui

530 3991 703 4060 ipsius
730 3992 1103 4061 cognitionem
1153 4004 1361 4050 rectam
1396 4014 1591 4068 capere
1644 4002 1856 4056 volunt.
1889 4001 2115 4073 Oportet

529 4082 696 4152 igitur
731 4091 791 4136 ut
813 4099 1002 4138 coram
1022 4084 1136 4139 Deo
1157 4088 1582 4155 procumbentes
1616 4090 1904 4148 dicamus:
1945 4113 1962 4144 ‹
1988 4096 2115 4149 lllu-

528 4174 677 4227 mina
700 4174 891 4229 oculos
914 4189 1087 4239 meos,
1114 4192 1183 4231 ne
1209 4194 1446 4248 unquam
1484 4181 1829 4238 obdormiam
1875 4185 1929 4239 in
1968 4202 2113 4240 mor.

528 4273 580 4319 te
603 4264 647 4297 ³⁹
680 4285 698 4316 ι
740 4282 753 4317 :
784 4268 1232 4337 quandoquidem
1263 4285 1293 4323 a
1320 4272 1653 4329 rectitudine
1680 4290 1962 4330 sacrorum
2008 4278 2110 4332 do-

2219 3082 2360 3137 ῶστε
2412 3086 2508 3138 καὶ
2559 3087 2789 3155 πρέπειν
2817 3086 3004 3151 αὐτοῖς
3044 3086 3106 3139 τὸ
3149 3087 3235 3142 διὰ
3288 3088 3471 3159 φωνῆς
3527 3087 3803 3159 Ἰερεμίου

2219 3177 2354 3248 πρὸς
2383 3176 2480 3248 τὴν
2507 3178 2614 3232 τῶν
2649 3178 2919 3232 Ἰουδαίων
2952 3177 3181 3250 μητέρα,
3216 3179 3361 3249 φημὶ
3390 3178 3452 3248 δὴ
3484 3177 3804 3248 τὴνἸερου-

2220 3267 2417 3339 σαλὴμ,
2455 3268 2744 3342 εἰρημένον
2774 3268 2924 3342 παρά
2973 3270 3067 3323 τοῦ
3101 3269 3258 3323 Θεοῦ·
3300 3289 3319 3322 ‹
3344 3270 3473 3323 Ἰδοὺ
3520 3269 3620 3321 οὐκ
3652 3271 3808 3321 εἰσιν

2217 3359 2266 3411 οἱ
2304 3357 2573 3429 ὀφθαλμοί
2624 3377 2717 3413 σου
2749 3358 2919 3431 ὀρθοὶ,
2955 3360 3048 3414 καὶ
3099 3361 3133 3430 ἠ
3188 3359 3387 3431 καρδία
3437 3377 3529 3412 σου
3567 3360 3735 3431 καλή.
3774 3380 3802 3413 ι

2218 3449 2337 3521 Χρὴ
2363 3450 2540 3503 τοίνυν
2571 3450 2717 3521 ὑμᾶς
2748 3452 2878 3519 ὐγιᾶ
2924 3452 3017 3504 καὶ
3062 3451 3168 3521 πρό
3204 3465 3267 3518 γε
3296 3449 3401 3502 τῶν
3431 3449 3607 3504 ἄλλων
3648 3450 3810 3520 ἔχειν

2218 3542 2275 3593 ἑν
2310 3542 2524 3605 ἑαυτοῖς
2568 3543 2657 3596 τὸν
2689 3543 2835 3607 νοῦν,
2880 3543 2974 3596 καὶ
3019 3541 3419 3612 διαμεμνῆσθαι
3460 3542 3809 3612 Γραμματος

2220 3631 2365 3704 ἱεροῦ
2419 3635 2868 3704 προσφωνοῦντος
2901 3636 2995 3688 καὶ
3047 3634 3319 3703 λέγοντος⁹
3360 3654 3379 3683 σ
3418 3635 3481 3687 Oi.
3524 3622 3809 3705 δ’φθαλμοξ

2220 3741 2313 3778 σου
2340 3726 2475 3797 ὀρθὰ
2510 3726 2876 3797 βλεπέτωσαν.
2911 3747 2928 3779 ι
2987 3726 3150 3799 Ὀρθὴ
3199 3728 3255 3780 δὲ
3306 3726 3490 3797 βλέῲις
3528 3726 3810 3796 ὀμμάτων

2215 3818 2324 3870 τῶν
2352 3819 2459 3871 ἔσω
2504 3819 2905 3889 κεκρυμμένων
2935 3818 2996 3871 τὸ
3029 3819 3245 3889 ἰσχνῶς,
3287 3821 3382 3872 καὶ
3410 3818 3813 3889 ἁπεξεσμένως

2217 3909 2537 3980 περιαθρεῖν
2579 3909 2862 3974 δύνασθαι,
2913 3910 3055 3962 κατά
3112 3927 3174 3978 γε
3224 3910 3285 3962 τὸ
3333 3910 3630 3980 ἐγχωροῦν,
3668 3908 3813 3972 τοῦς

2215 4000 2372 4069 εἴπερ
2409 3998 2427 4037 ὶ
2463 3999 2529 4053 ἂν
2554 4000 2779 4068 γένοιτο,
2815 4001 2940 4071 περὶ
2972 3999 3108 4053 Θεοῦ
3141 4000 3351 4068 λόγους.
3378 4000 3655 4071 Βλέπομεν
3684 4000 3811 4071 γάρ

2215 4093 2273 4143 ὲν
2314 4091 2564 4163 ἐσόπτρῳ
2610 4094 2703 4146 καὶ
2739 4093 3041 4163 αἰνίγματι,
3084 4093 3177 4145 καὶ
3216 4092 3556 4162 γινώσκομεν
3592 4093 3655 4143 ἐκ
3694 4091 3811 4161 μέ-

2217 4198 2365 4253 ρουςο
2396 4183 2423 4235 ὃ
2455 4200 2519 4250 γε
2552 4185 2658 4254 μὴν
2702 4185 2765 4236 ἑκ
2797 4186 3021 4246 σκότους
3062 4183 3464 4237 ἀποκαλύπτων
3503 4181 3689 4252 βαθέα,
3730 4182 3811 4235 τὸ

2214 4274 2310 4343 τῆς
2343 4273 2600 4343 ἀληθείας
2642 4274 2816 4343 ἐνίησι
2858 4275 2971 4344 φῶς
3019 4279 3131 4340 τοῖς
3173 4274 3449 4329 ἐθέλουσιν
3478 4274 3654 4346 ὀρθῶς
3691 4274 3809 4343 τὴν

526 4367 768 4428 gmatum
793 4358 1048 4414 excidere
1073 4360 1211 4414 nihil
1248 4360 1397 4416 aliud
1420 4372 1525 4429 est,
1548 4380 1713 4433 quam
1733 4367 2019 4422 manifeste
2054 4369 2109 4424 in

2217 4366 2343 4435 περὶ
2371 4365 2535 4420 αὐτοῦ
2580 4367 2782 4435 γνῶσιν
2810 4367 2967 4421 ἑλεῖν.
3013 4367 3133 4438 Χρὴ
3171 4365 3459 4437 τοιγαροῦν
3490 4367 3635 4435 ἡμᾶς
3668 4365 3811 4436 Θεῷ

526 4455 703 4501 morte
753 4447 1071 4504 obdormire
1124 4467 1138 4503 :
1191 4465 1222 4505 a
1268 4466 1377 4520 qua
1416 4453 1749 4509 rectitudine
1802 4457 2110 4513 excidimus

524 4537 744 4607 quando
782 4538 1098 4610 Scripturas
1127 4540 1393 4597 divinitus
1429 4543 1726 4613 inspiratas
1758 4562 1870 4601 non
1921 4548 2109 4617 sequi-

523 4646 669 4695 mur,
702 4630 796 4685 scd
818 4632 903 4685 vel
936 4633 1285 4702 praesumptis
1316 4634 1543 4690 minime
1566 4636 1802 4692 laudatis
1831 4639 2107 4708 opinioni-

522 4717 647 4779 bus,
670 4719 755 4772 vel
776 4719 960 4774 studio
983 4728 1037 4774 et
1063 4721 1431 4791 propensione
1460 4724 1516 4778 in
1531 4740 1628 4780 eos
1649 4727 1741 4797 qui
1770 4728 1915 4783 circa
1944 4729 2107 4785 fidem

520 4822 630 4861 non
668 4818 815 4863 recte
848 4810 1129 4874 incedunt,
1165 4810 1367 4867 mentis
1390 4824 1592 4869 nostra;
1630 4826 1906 4872 momenta
1940 4820 2100 4875 incli-

517 4914 672 4963 nare,
705 4909 761 4954 et
788 4910 1008 4956 nostras
1040 4902 1094 4956 in
1137 4902 1331 4972 primis
1358 4906 1569 4961 animas
1596 4908 1795 4966 laedere
1819 4914 2102 4967 convinci-

517 5006 663 5046 mur.
692 4991 1121 5048 Assentiendum
1158 4992 1329 5064 igitur
1363 4995 1431 5051 iis
1467 5008 1550 5052 est
1571 5000 1667 5068 qui
1704 5011 1907 5057 rectam
1936 5003 2100 5060 fidem

515 5083 585 5139 ad
611 5099 888 5140 sacrarum
920 5087 1369 5156 praedicationum
1430 5093 1758 5147 sententiam
1809 5094 2102 5166 diligenter

514 5178 849 5242 examinant,
875 5194 1012 5247 quas
1033 5187 1091 5235 et
1121 5195 1220 5249 per
1254 5179 1520 5250 Spiritum
1567 5194 1817 5238 sanctum
1863 5186 2102 5244 tradide-

590 5331 635 5361 ”
659 5329 967 5412 Jgapzxvu,
996 5331 1081 5412 δᾴ
1127 5332 1304 5412 “jac.
1332 5350 1389 5412 n_,
1424 5334 1510 5388 20.
1561 5335 1637 5412 _“
1654 5336 1812 5392 Deut.
1839 5356 1987 5408 xvm,
2015 5342 2105 5397 15.

2217 5346 2226 5375 ⁵
2254 5344 2457 5402 Jercm.
2487 5363 2618 5412 χιιι,
2654 5347 2737 5401 l7.

516 5399 605 5455 12-
680 5399 725 5431 ³⁸
745 5401 847 5455 Job
895 5417 990 5466 ιιι,
1014 5402 1103 5456 2‘2.
1181 5404 1224 5435 ⁸³
1256 5405 1399 5459 Psal.
1428 5420 1522 5471 xu,
1549 5405 1601 5460 4.

2211 4460 2599 4531 προσπίπτειν,
2649 4460 2927 4527 λέγοντας
2962 4479 2982 4512 t
3020 4460 3261 4514 Φώτισον
3310 4462 3433 4524 τοὺς
3468 4457 3813 4527 ὀφθαλμούς

2212 4565 2338 4618 μου,
2386 4550 2459 4620 μή
2518 4567 2646 4604 ποτε
2699 4550 2932 4603 ὐπνώσω
2963 4553 3043 4615 είς
3092 4550 3351 4605 θάνατον·
3392 4570 3409 4603 ι
3458 4548 3517 4602 τδ
3546 4548 3659 4619 γὰρ
3691 4550 3811 4619 τῆς

2208 4641 2501 4711 ὀρθότητος
2553 4642 2663 4695 τῶν
2704 4642 2866 4713 ἱερῶν
2909 4642 3194 4713 δογμάτων
3224 4641 3537 4695 ἀπολισθείν
3585 4640 3675 4710 εἴη
3728 4640 3809 4693 ἂν

2208 4731 2393 4802 ἕτερον
2415 4733 2588 4798 οὐδὲν,
2614 4732 2751 4803 πλὴν
2776 4734 2858 4787 ὃτι
2889 4733 3075 4802 σαφῶς
3107 4735 3166 4788 τὸ
3195 4732 3393 4786 ὐπνοῦν
3422 4735 3500 4794 είς
3528 4731 3801 4785 θάνατον·

2209 4822 2551 4893 ὲκπίπτομεν
2581 4824 2639 4876 δὲ
2670 4824 2769 4894 τῆς
2804 4824 3115 4895 ὀρθότητος,
3153 4824 3239 4877 ὅτε
3274 4822 3349 4893 μὴ
3376 4825 3497 4884 ταῖς
3524 4821 3805 4874 θεοπνεύ-

2210 4934 2354 4979 στοις
2380 4916 2623 4987 ἑπόμεθα
2647 4918 2909 4988 Γραφαῖς,
2935 4915 3049 4970 ἀλλ’
3075 4917 3108 4987 ἢ
3148 4914 3480 4986 προλήψεσιν
3502 4914 3603 4966 οὐκ
3629 4914 3808 4965 tata-.-

2208 5006 2511 5076 νουμέναις.
2566 5008 2599 5076 ἢ
2651 5008 2793 5060 κατὰ
2843 5007 3164 5078 πρόσκλισιν
3194 5007 3294 5075 τὴν
3341 5004 3478 5075 πρός
3524 5004 3591 5070 γέ
3630 5019 3812 5067 τινας

2208 5099 2307 5151 οὐκ
2341 5099 2767 5169 ὀρθοποδοῦντας
2795 5100 2923 5171 περὶ
2950 5099 3051 5169 τὴν
3080 5098 3284 5163 πίστιν,
3316 5095 3417 5160 τὰς
3444 5096 3541 5165 τῆς
3572 5095 3811 5147 ἑαυτῶν

2206 5189 2446 5253 διανοίας
2488 5190 2855 5262 ἀπονέμοντες
2886 5192 3081 5263 ῥοπὰς,
3106 5191 3204 5244 καὶ⁹
3241 5189 3348 5261 πρό
3370 5206 3435 5258 γε
3466 5188 3576 5242 τῶν
3607 5185 3812 5242 ἄλλων

2842 5348 2887 5379 ³⁸
2913 5348 3076 5405 Prov.
3100 5361 3177 5414 tv,
3206 5346 3296 5402 25.
3374 5346 3417 5379 ³⁷
3451 5345 3471 5400 l
3505 5343 3634 5399 Cor.
3663 5358 3803 5409 xm,

1606 5516 1779 5573 Varia:
1804 5518 2070 5574 lectiones
2099 5520 2305 5577 codicis
2332 5521 2695 5593 Seguicriani.

587 5638 613 5679 ι
640 5633 733 5690 τοῦ
765 5632 900 5689 Θεοῦ
926 5649 1039 5687 σου.
1121 5631 1137 5670 ι
1170 5634 1256 5689 Ic.
1281 5635 1460 5703 οἵπερ.
