4044 6212
276 219 376 276 295

1673 210 2010 268 EPISTOLA
2049 213 2158 268 LV.

3421 216 3530 274 296

279 333 370 393 τὰς
402 325 608 382 ἑαυτῶν
638 324 820 394 ψυχας
850 323 1160 387 ἀδικοῦντες
1187 319 1544 393 ἀλισκόμεθα.
1598 322 1856 378 Πειστέον

1970 334 2087 380 runt
2118 325 2303 390 nobis,
2330 329 2423 398 qui
2453 328 2522 384 ab
2563 329 2720 384 initio
2760 329 2861 400 ipsi
2892 329 3172 396 viderunt,
3194 338 3252 385 et
3289 329 3529 386 ministri

195 411 202 420 ι
279 420 338 491 δὴ
363 414 451 470 οὖν
472 417 584 476 τοῖς
620 413 723 484 τῆς
762 413 1058 485 ὀρθότητος
1096 411 1452 482 ἐπιμεληταῖς
1484 411 1621 483 πρὸς
1648 412 1708 466 τὺ
1738 415 1852 477 τοῖς

278 510 437 580 ἱεροῖς
464 504 781 576 κηρύγμασι
805 502 1017 557 δοκοῦνυ
1046 503 1082 557 ἀ
1114 504 1204 556 καὶ
1231 503 1320 557 διὰ
1342 501 1660 573 Πνεῦματος
1693 503 1849 572 ἁγίου

275 599 574 669 παρέδοσαν
607 598 740 665 ἡμῖν
774 598 824 649 ot
857 597 953 648 ἀπ’
985 595 1162 666 ἀρχῆς
1196 594 1486 658 αὐτόπται,
1518 595 1612 648 καὶ
1642 595 1851 667 ὑπηρὲο

271 711 360 745 ται
390 691 667 758 γενῦμενοι
696 687 790 740 τοῦ
819 686 1000 755 λόγουο
1047 679 1124 740 ὧν
1161 689 1274 750 τοῖς
1306 688 1509 758 ῐχνεσιν
1539 679 1902 758 ἀκολουθεῖν

271 781 614 836 ἐσπούδασαν
640 779 738 832 καὶ
763 779 813 830 oi
843 777 1193 849 Μνεύφημοι
1221 778 1468 848 Πατὲρες
1505 777 1683 848 ἡμῶν,
1715 781 1762 832 oi
1792 779 1855 832 τὸ

275 874 468 926 σεπτόν
497 889 556 923 τε
592 872 688 923 καὶ
731 869 1110 938 οίκουμενικδν
1146 867 1247 936 τῆς
1283 868 1519 929 πίστεως
1539 868 1856 939 ὁρισάμενοι

271 963 571 1033 Σύμϐολον,
592 963 650 1013 ὲν
681 964 750 1031 τῇ
781 959 1037 1014 Νικαέων
1061 957 1534 1030 συναγηγερμένοι
1561 959 1704 1011 κατά
1733 976 1857 1012 καιη

268 1055 421 1128 ρούς.
453 1050 548 1116 Ui;
578 1054 643 1124 δὴ
679 1054 774 1105 καὶ
808 1053 971 1116 αὐτὸς
1010 1050 1265 1120 σύνεδρος
1296 1045 1366 1122 ἦν
1400 1050 1429 1102 6
1460 1051 1716 1121 Χριστός·
1751 1051 1854 1123 ἔφη

264 1147 397 1217 γὰρ,
433 1147 520 1198 ὅτι
549 1165 568 1196 ι
597 1146 774 1197 Ὅπου
805 1143 899 1197 ἐὰν
929 1137 1030 1196 ὦσι
1058 1141 1150 1196 δύο
1175 1142 1208 1212 ἢ
1239 1143 1390 1212 τρεῖς
1429 1142 1757 1212 συνηγμένοι
1778 1144 1858 1206 εἰς

261 1241 320 1292 τὸ
348 1239 533 1306 ὄνομα
563 1236 718 1306 ὲμδν,
749 1237 865 1289 ἐκεῖ
893 1237 1009 1306 είμι
1039 1235 1097 1286 ὲν
1133 1233 1285 1303 μέσῳ
1311 1231 1510 1287 αὐτῶν.
1550 1251 1568 1284 ι
1603 1235 1721 1286 Ὅτι
1751 1235 1858 1305 γὰρ

262 1329 535 1401 πρόεδρος
563 1322 635 1398 ἦν
669 1327 915 1399 ἀοράτως
940 1325 1042 1394 τῆς
1068 1323 1230 1393 ἀγίας
1256 1323 1352 1375 καὶ
1379 1322 1622 1394 μεγάλης
1647 1325 1859 1393 ἐκείνης

264 1421 494 1474 συνέδου
524 1422 552 1472 ὁ
583 1418 836 1489 Χριστὸς,
867 1416 983 1480 πῶς
1021 1415 1172 1469 ἔστιν
1206 1413 1604 1484 ἀμφιϐάλλειν;
1641 1414 1860 1485 Κρηπὶς

260 1510 351 1568 οἷά
384 1531 481 1576 τις
520 1513 617 1565 καὶ
650 1509 902 1581 θεμέλιος
943 1508 1216 1581 ἀρραγὴς,
1249 1507 1346 1560 καὶ
1378 1505 1714 1578 ἀκράδαντος
1749 1509 1860 1570 τοῖς

259 1607 372 1660 ἀνὰ
409 1607 602 1657 πᾶσαν
627 1602 725 1673 τὴν
750 1601 855 1671 γῆν
896 1600 1244 1664 ἀνεϐάλλετο,
1277 1597 1476 1667 μᾶλλον
1505 1599 1560 1651 δὲ
1601 1598 1861 1651 κατεϐάλ-

1874 515 1887 708 1

1954 415 2177 471 fuerunt
2207 420 2480 474 sermonis
2506 421 2548 451 "°
2569 438 2582 476 :
2607 435 2844 490 quorum
2867 421 3096 492 vestigia
3119 422 3278 491 sequi
3301 420 3532 477 studue-

1954 515 2083 562 runt
2102 509 2270 564 etiam
2296 511 2642 565 celeberrimi
2673 513 2864 568 Patres
2885 514 3082 578 nostri,
3100 513 3193 583 qui
3216 515 3534 569 venerabile

1954 610 2012 655 et
2037 601 2348 659 universale
2376 603 2504 658 ﬁdei
2543 603 2877 660 deﬁnierunt
2904 605 3222 676 Symbolum
3251 605 3308 659 in
3354 607 3536 662 Nicaea

1953 691 2086 746 olim
2109 693 2438 762 congregati.
2473 692 2610 748 Cum
2647 695 2850 764 quibus
2891 709 3023 750 sane
3043 703 3099 750 et
3128 694 3245 764 ipse
3286 693 3538 750 Christus

1955 781 2224 846 consedit,
2265 782 2358 851 qui
2386 782 2524 838 dixit
2557 802 2570 838 :
2605 802 2623 835 ι
2665 785 2767 840 Ubi
2808 785 3021 840 fuerint
3062 785 3174 840 duo
3205 785 3291 840 vel
3325 794 3438 842 tres
3480 786 3536 840 in

1955 879 2177 934 nomine
2228 896 2352 936 meo
2403 882 2744 952 congregati,
2782 882 2897 938 illic
2943 899 3066 938 sum
3112 882 3168 936 in
3209 883 3394 937 medio
3437 898 3536 938 eo—

1957 984 2080 1024 rum
2099 970 2164 1023 “.
2189 990 2208 1021 ι
2247 971 2380 1025 Nam
2401 973 2545 1042 quod
2573 972 3156 1043 Christuspraasederi‘
3185 973 3538 1028 invisibiliter

1957 1069 2160 1115 sancta:
2179 1071 2237 1116 et
2277 1078 2484 1132 magna:
2530 1064 2609 1118 illi
2644 1064 2872 1136 synodo,
2901 1067 3178 1135 quomodo
3210 1066 3339 1121 licet
3360 1067 3538 1120 ambi-

1957 1155 2118 1223 gere?
2133 1155 2286 1210 Basis
2320 1157 2525 1210 etenim
2540 1156 2787 1226 quaedam
2805 1168 2862 1212 et
2884 1157 3301 1213 fundamentum
3316 1158 3538 1212 firmum

1957 1253 2014 1298 et
2033 1245 2422 1302 inconcussum
2447 1263 2544 1317 per
2564 1249 2883 1303 universum
2912 1250 3104 1304 orbem
3129 1250 3534 1318 imponebatur,

1958 1335 2070 1389 imo
2113 1353 2244 1392 vero
2269 1339 2609 1408 jacicbatur,
2637 1341 2729 1395 illa
2767 1340 3030 1395 nimirum
3052 1342 3278 1396 sincerae
3308 1357 3373 1396 ac
3402 1343 3538 1395 irre-

1958 1427 2348 1495 prehcnsibilis
2383 1430 2507 1485 ﬁdei
2543 1431 2837 1486 confessio.
2877 1433 3036 1503 176
3063 1432 3218 1498 Quod
3251 1433 3296 1487 si
3333 1434 3406 1486 ita
3432 1443 3535 1494 est,

1959 1533 2068 1588 quo
2084 1529 2242 1589 pacto
2259 1523 2449 1576 aberat
2463 1522 2736 1589 Christus,
2759 1539 2883 1578 eum
2907 1525 3023 1594 ipse
3044 1525 3136 1587 sit,
3154 1525 3307 1594 juxta
3323 1527 3540 1595 sapien-

1961 1611 2156 1665 tissimi
2194 1613 2348 1666 Pauli
2391 1629 2602 1679 vocem,
2641 1613 3100 1670 fundamentum?
3131 1635 3150 1668 ι
3190 1616 3537 1671 Fundamem

261 1697 411 1758 λετο,
443 1694 547 1764 τῆς
577 1691 918 1766 ἀκραιφνοῦς
967 1691 1060 1744 καὶ
1089 1690 1394 1760 ἀμωμήτου
1424 1689 1658 1753 πίστεως
1681 1691 1714 1760 ὴ
1739 1691 1861 1759 ὁμο-

1970 1710 2080 1756 tum
2107 1705 2252 1757 enim
2273 1705 2444 1771 aliud,
2477 1706 2676 1776 inquit,
2701 1724 2864 1764 nemo
2888 1715 3068 1779 potest
3091 1723 3318 1777 ponere,
3340 1717 3540 1777 preter

260 1786 453 1856 λογία.
489 1780 632 1838 Εἶτα
667 1783 785 1846 πῶς
820 1781 968 1852 ἀπῆν
1003 1783 1032 1835 ὁ
1059 1780 1315 1852 Χριστὸς,
1360 1781 1518 1851 εἴπερ
1545 1775 1611 1852 ἦν
1641 1782 1804 1845 αὐτὸς
1832 1786 1860 1837 ὁ

261 1876 549 1948 θεμέλιος,
597 1873 737 1929 κατά
783 1872 883 1943 τὴν
912 1871 1005 1926 τοῦ
1038 1872 1348 1941 σοφωτάτου
1376 1872 1593 1926 Παύλου
1642 1875 1858 1944 φωνήν;

267 1989 286 2022 ι
323 1970 403 2022 Θε
415 1968 612 2039 μέλιον
642 1965 749 2037 γὰρ
781 1965 964 2029 ἀλλον,
1006 1964 1194 2034 φησὶν,
1227 1963 1406 2028 οὐδεὶς
1433 1962 1658 2019 δύναται
1690 1965 1862 2018 θεῖναι

261 2059 426 2129 παρὰ
475 2057 566 2110 τὸν
601 2055 875 2126 κείμενον,
931 2053 990 2117 ὃς
1027 2055 1174 2107 ἐστιν
1209 2053 1418 2125 Ἰησοῦς
1466 2055 1496 2107 ὁ
1543 2055 1797 2124 Χριστός.
1838 2073 1857 2106 ι

263 2151 379 2219 Τὴν
412 2149 605 2203 τοίνυν
637 2147 954 2202 ἐκτεθεῖσαν
992 2147 1125 2217 παρ’
1158 2146 1386 2200 ἐκείνων
1427 2145 1524 2200 καὶ
1552 2146 1864 2218 ὁρισθεῖσαν

267 2243 462 2294 πίστιν
501 2241 878 2309 τετηρήκασιν
917 2235 1257 2309 ἅδιαϐλήτως
1293 2235 1388 2290 καὶ⁸
1422 2239 1471 2290 oi
1519 2237 1636 2308 μετ’
1669 2238 1863 2300 αὐτοὺς

265 2332 565 2400 γεγονότες
613 2331 757 2397 ἅγιοι
814 2327 1078 2398 Πατέρες,
1121 2330 1215 2380 κα)⁸
1263 2329 1520 2397 ποιμένες
1569 2327 1735 2390 λαῶν,
1773 2328 1866 2380 καὶ

271 2421 571 2490 φωστῆρες
618 2418 982 2487 Ἐκκλησιῶν,
1005 2417 1099 2470 καὶ
1136 2418 1543 2488 εὐτεχνὲστατοι
1579 2435 1866 2488 μυσταγω-

271 2515 383 2579 γοξ.
425 2510 777 2574 Ἐλλελοιτοὺς
822 2510 880 2562 ἢ
925 2510 1062 2573 δλως
1087 2509 1264 2574 οὐδὲν,
1306 2510 1472 2580 ἧγουν
1506 2511 1866 2582 παρεωραμέ-

272 2621 362 2657 νον
392 2603 510 2656 τῶν
537 2602 859 2670 ἀναγκαίων
893 2603 972 2665 είς
995 2601 1179 2672 ὄνησιν
1208 2601 1418 2654 κατίδοι
1439 2619 1523 2664 τις
1554 2602 1620 2655 ἂν
1653 2603 1712 2656 ὲν
1746 2604 1866 2666 ταῖς

272 2698 382 2750 τῶν
409 2697 680 2767 Πατέρων
711 2694 1049 2764 ὁμολογίαις,
1105 2694 1274 2764 ἡγουν
1325 2693 1628 2756 ὲκθέσεσιν,
1661 2693 1728 2758 ἀς
1773 2711 1870 2747 πε-

274 2790 538 2858 ποίηνται
573 2788 710 2856 περὶ
733 2787 835 2857 τῆς
869 2785 1037 2856 ὀρθῆς
1065 2786 1160 2838 καὶ
1191 2785 1573 2856 ἀκαπηλεύτου
1608 2784 1866 2850 πίστεως,

275 2881 355 2942 εἰς
392 2879 625 2947 ἔλεγχον
677 2876 777 2945 μὲν
827 2875 924 2927 καὶ
972 2875 1285 2946 ἀνατροπὴν
1317 2875 1582 2945 αἱρέσεως
1628 2873 1867 2945 ἀπάσης,

1963 1793 2016 1846 id
2055 1795 2200 1864 quod
2238 1797 2476 1864 positum
2503 1806 2608 1863 est,
2633 1799 2780 1868 quod
2827 1808 2912 1854 est
2953 1798 3206 1854 Christus
3226 1799 3386 1853 Jesus
3410 1799 3475 1851 θ’.
3516 1817 3536 1848 ι

1961 1884 2305 1956 Quapropter
2347 1889 2650 1958 expositam
2675 1889 2746 1945 ab
2776 1890 2887 1945 illis
2908 1900 2964 1946 et
3012 1889 3430 1945 determinatam
3476 1890 3542 1943 ﬁ-

1962 1973 2085 2028 dem
2109 1975 2278 2044 probe
2305 1986 2594 2032 servarunt
2635 1979 2800 2033 etiam
2827 1979 2907 2044 hi,
2932 1979 3028 2050 qui
3059 1979 3235 2035 secuti
3271 1988 3400 2034 sunt
3423 1995 3542 2035 eos.

1963 2066 2136 2119 sancti
2174 2067 2382 2131 Patres,
2411 2071 2852 2140 populorumque
2880 2079 3150 2141 pastores,
3179 2081 3235 2126 et
3269 2071 3543 2126 Ecclesia-

1964 2171 2084 2209 rum
2116 2157 2429 2221 luminaria,
2466 2176 2530 2214 ac
2554 2161 2902 2216 solertissimi
2930 2165 3316 2234 mysteriorum
3351 2165 3543 2220 docto-

1965 2261 2072 2301 res.
2105 2247 2250 2302 Nihil
2274 2257 2457 2303 autem
2484 2250 2710 2305 omnino
2729 2255 3161 2322 praetermissum
3183 2257 3270 2310 vel
3297 2266 3546 2310 contem-

1966 2343 2119 2404 ptum
2163 2352 2230 2391 ex
2275 2337 2362 2393 his
2415 2355 2536 2410 quae
2596 2341 2708 2398 sint
2765 2342 2834 2397 ad
2866 2343 3162 2400 utilitatem
3209 2345 3545 2401 afferendam

1966 2428 2296 2494 necessaria,
2347 2431 2546 2486 viderit
2592 2433 2687 2502 qui
2722 2433 2776 2487 in
2814 2435 3037 2490 Patrum
3085 2437 3543 2498 confessionibus.

1967 2514 2074 2570 hoc
2097 2527 2200 2582 est,
2241 2520 2702 2589 expositionibus,
2757 2539 2894 2592 quas
2935 2523 3001 2578 de
3039 2535 3187 2580 recta
3233 2537 3288 2580 et
3322 2526 3546 2580 minime

1968 2607 2270 2665 adulterata
2296 2611 2399 2665 ﬁde
2430 2613 2724 2668 ediderunt
2747 2614 2814 2668 ad
2847 2618 3220 2686 eoarguendas
3241 2625 3298 2673 et
3320 2619 3548 2673 subver-

1971 2697 2164 2753 tendas
2196 2701 2480 2755 universas
2518 2702 2776 2768 hazreses,
2819 2703 3120 2774 impiasque
3155 2705 3524 2775 blasphemias

1969 2800 2025 2846 ct
2046 2790 2113 2844 ad
2130 2807 2225 2845 eos
2248 2792 2564 2847 solidandos
2601 2801 2766 2863 atque
2791 2794 3214 2863 conﬁrmandos,
3245 2797 3340 2866 qui
3363 2798 3417 2850 in
3443 2797 3549 2854 tida

1971 2891 2120 2938 recte
2142 2881 2424 2949 incedunt,
2461 2885 2738 2955 etquibus
2775 2886 3018 2958 fulgidus
3037 2897 3193 2943 ortus
3223 2896 3307 2944 est
3329 2889 3548 2954 lucifer,

274 2971 368 3022 καί
396 2966 708 3030 δυσσεϐοῦς
740 2964 1165 3036 ἀθυροστομίας,
1217 2967 1298 3028 είς
1336 2963 1628 3034 βεϐαίωσιν
1655 2964 1733 3026 δὲ,
1777 2965 1868 3019 καὶ

1973 2970 2223 3042 diesque,
2252 2981 2312 3027 ut
2361 2973 2662 3043 Scriptura:
2689 2975 2880 3032 dicunt
2904 2977 2968 3041 ",
3019 2977 3231 3043 illuxit,
3267 2980 3550 3049 sanctique

273 3061 594 3129 ἀσφάλειαν
637 3059 756 3120 τοῖς
779 3056 1132 3127 ὀρθοποδοῦσι
1176 3056 1308 3128 περὶ
1353 3057 1454 3128 τὴν
1495 3054 1699 3110 πίστιν
1733 3053 1868 3120 οίςὸ

1975 3061 2320 3132 baptismatis
2347 3065 2520 3136 gratia
2549 3067 2798 3122 Veritatis
2827 3069 3012 3124 lumen
3034 3070 3299 3124 immittit.

270 3153 542 3221 λαμπρὸς
568 3149 843 3204 ἀνέτειλεν
890 3151 1188 3222 ἑωσφόρος,
1247 3151 1342 3203 καὶ
1371 3148 1666 3220 διηύγασεν
1692 3149 1725 3219 ή
1756 3151 1938 3223 ἡμέρα
1979 3155 2118 3209 κατὰ
2145 3155 2242 3220 τὰς
2270 3159 2516 3230 Γραφάς,
2546 3160 2642 3217 καὶ
2670 3161 2730 3214 τὸ
2764 3160 2864 3231 τῆς
2905 3161 3162 3232 ἀληθείας
3212 3163 3386 3233 ἐνίησι
3430 3161 3548 3232 φῶς

273 3250 306 3317 ἡ
335 3246 444 3299 διὰ
474 3244 575 3296 τοῦ
614 3244 764 3310 ἀγίου
791 3243 1170 3314 βαπτίσματος
1195 3245 1373 3316 χάρις.

361 3337 610 3406 Ἐπειδὴ
655 3339 708 3390 δὲ
737 3340 1017 3408 γέγραφεν
1056 3338 1212 3408 ὑμῶν
1241 3340 1275 3408 ὴ
1310 3335 1589 3398 εὐλάϐεια,
1622 3336 1698 3400 ὡς
1731 3351 1872 3408 παρ-

274 3427 613 3499 οχετεὺουσί
639 3445 780 3493 τινες
807 3431 892 3498 ἐφ’
924 3429 960 3482 ἀ
993 3429 1066 3499 μὴ
1102 3429 1344 3499 προσῆκε
1372 3429 1440 3481 τά
1463 3429 1520 3480 ὲν
1553 3427 1631 3498 τῷ
1657 3427 1870 3498 Συμϐό-

279 3522 384 3591 λῳ,
421 3518 532 3571 τῶν
561 3521 620 3573 ἐν
645 3520 794 3590 αὐτῷ
834 3521 1098 3592 ῥημάτων
1133 3520 1231 3589 τὴν
1258 3519 1487 3590 δύναμιν
1516 3519 1548 3590 ἢ
1572 3520 1633 3572 οὐ
1665 3517 1873 3571 συνιέν-

280 3631 375 3676 τες
407 3611 611 3683 ὁρθῶς,
662 3613 696 3684 ἢ
750 3613 846 3667 καὶ
877 3617 940 3668 ἐκ
973 3613 1066 3668 τοῦ
1095 3611 1524 3684 προσκεκλίσθαι
1562 3613 1681 3676 ταῖς
1713 3629 1874 3666 τινων

286 3708 646 3775 συγγραφαῖς
697 3708 777 3767 είς
823 3707 1081 3776 ἀδόκιμον
1128 3705 1535 3777 ἀποφερόμενοι
1581 3703 1724 3765 νοῦν,
1757 3698 1876 3757 εἶτα

287 3798 495 3868 χρῆναι
537 3797 690 3866 κάμὲ
740 3798 874 3861 τοὺς
921 3797 1051 3868 περὶ
1090 3796 1298 3850 τούτων
1340 3795 1518 3850 αὐτῶν
1562 3795 1699 3866 πρὸς
1731 3796 1876 3864 ὑμᾶς

289 3889 633 3958 ποιήσασθαι
663 3887 857 3956 λόγους
895 3889 994 3940 καὶ
1019 3885 1410 3959 διερμηνεῦσαι
1442 3885 1630 3954 σαφῶς
1654 3885 1750 3957 τὴν
1779 3886 1877 3955 τῆς

287 3981 576 4043 ἐκθέσεως
605 3979 856 4050 δύναμιν,
907 3979 1017 4031 δεῖν
1048 3977 1255 4050 ᾠήθην,
1297 3977 1442 4047 ἀπερ
1485 3977 1565 4038 είς
1596 3975 1721 4028 νοῦν
1752 3977 1876 4046 ἥκει

286 4074 383 4124 τὴν
430 4071 588 4139 ἐμὸν,
627 4069 995 4141 ὲπιδρομάδην
1041 4070 1236 4122 είπεῖν.
1270 4067 1548 4138 Ἐψὸμεθα
1580 4066 1636 4120 δὲ
1671 4083 1878 4119 παντα-

289 4159 392 4229 χοῦ
427 4162 554 4222 ταῖς
584 4158 695 4211 τῶν
737 4159 907 4227 ἀγίων
938 4157 1200 4230 Πατάρων
1235 4155 1548 4227 ὁμολογίαις
1576 4171 1636 4208 τε
1664 4155 1758 4208 καὶ
1789 4154 1877 4208 66-

290 4251 444 4317 ξιις,
471 4249 649 4320 ὀρθῶς
693 4252 789 4304 καὶ
836 4248 1216 4321 ἀπροσκλινῶς
1243 4247 1624 4319 βασανίζοντες
1653 4247 1720 4299 τὰ
1749 4247 1876 4317 παρ’

289 4341 485 4396 αὐτῶν
523 4342 807 4412 εἰρημένα.
833 4342 976 4412 Ἤδη
1009 4341 1108 4411 μὲν
1137 4341 1248 4410 γὰρ
1275 4340 1372 4394 καὶ
1413 4341 1448 4410 ἡ
1481 4339 1610 4408 ἁγία
1641 4337 1875 4403 σύνοδοςν

290 4438 325 4506 ἡ
357 4433 513 4486 κατά
545 4449 632 4501 γε,
673 4435 834 4503 φημὶ,
865 4432 978 4486 τῶν
1011 4431 1275 4501 Ἐφεσίων
1316 4429 1701 4500 συνειλεγμένη
1736 4428 1877 4482 κατά

294 4529 568 4599 βούλησιν
591 4525 746 4590 Θεοῦ,
773 4527 872 4598 τῆς
899 4526 1196 4598 Νεστορίω
1224 4523 1541 4590 κακοδοξίας
1583 4522 1735 4575 ὁσίαν
1784 4522 1878 4575 καὶ

2047 3341 2310 3406 Queniam
2333 3350 2518 3397 autem
2548 3355 2727 3398 vestra
2761 3344 2934 3414 pietas
2965 3343 3205 3413 scripsit,
3233 3342 3377 3412 quod
3409 3358 3550 3397 non-

1979 3431 2114 3485 nulli
2151 3449 2270 3502 qum
2327 3432 2381 3488 in
2429 3434 2688 3506 Symbolo
2723 3435 3072 3490 continentur
3110 3450 3177 3488 eo
3221 3434 3554 3503 detorquent

1979 3539 2089 3593 quo
2119 3541 2227 3579 non
2247 3535 2484 3596 oportet,
2510 3527 2806 3581 verborum
2829 3527 3056 3598 symboli
3081 3525 3190 3578 vim
3213 3525 3299 3579 vel
3330 3540 3437 3579 non
3465 3525 3551 3580 in--

1983 3616 2286 3688 telligentes
2303 3627 2469 3682 recte,
2503 3617 2587 3672 vel
2609 3618 2775 3672 etiam
2814 3633 2882 3672 ex
2910 3631 2977 3673 co
3003 3615 3150 3688 quod
3185 3617 3551 3686 quorumdam

1981 3707 2200 3776 scriptis
2251 3707 2425 3763 dediti
2473 3718 2630 3773 sunt,
2671 3710 2726 3763 in
2765 3725 2986 3763 sensum
3025 3708 3321 3778 reprobum
3359 3707 3550 3772 delati,

1982 3797 2164 3867 itaque
2189 3814 2328 3868 opus
2357 3815 2476 3854 esse
2519 3807 2579 3854 ut
2599 3815 2699 3870 ego
2734 3815 2953 3870 quoque
2995 3800 3061 3854 de
3094 3799 3180 3854 his
3213 3799 3348 3868 ipsis
3386 3800 3554 3855 rebus

1981 3890 2136 3943 vobis
2162 3891 2446 3955 disseram,
2479 3899 2535 3946 et
2557 3891 2915 3961 expositionis
2940 3892 3046 3945 vim
3075 3891 3361 3961 perspicue
3383 3892 3554 3948 inter-

1982 3987 2202 4048 preter;
2245 3979 2475 4045 ccnsui,
2511 3996 2576 4035 ea
2625 3996 2746 4050 qua:
2781 3997 2930 4036 nunc
2976 3981 3157 4035 animo
3213 3991 3550 4046 occurrunt,

1983 4069 2186 4123 cursim
2220 4069 2472 4124 dicenda.
2509 4070 2812 4141 Sequentes
2840 4080 3021 4128 autem
3049 4071 3106 4125 in
3140 4071 3394 4126 omnibus
3424 4088 3551 4127 san-

1983 4149 2197 4215 ctorum
2238 4161 2462 4216 Patrum
2496 4161 2891 4217 confessionem
2916 4170 2972 4217 et
3017 4163 3366 4225 sententiam,
3403 4172 3554 4218 recte

1982 4261 2036 4307 et
2061 4252 2244 4306 animo
2274 4267 2543 4322 nusquam
2571 4251 2829 4307 inclinato
2850 4267 2970 4322 qua:
2998 4251 3066 4306 ab
3106 4251 3214 4305 illis
3251 4250 3394 4306 dicta
3427 4259 3554 4305 sunt

1982 4344 2435 4399 examinahimus.
2481 4344 2598 4400 Jam
2637 4343 2784 4399 enim
2824 4353 2882 4398 et
2917 4352 3102 4397 saneta
3135 4342 3397 4413 synodus,
3440 4341 3554 4403 illa,

1984 4436 2230 4505 inquam,
2255 4435 2308 4490 in
2334 4436 2551 4506 Epheso
2566 4436 2720 4506 juxta
2736 4434 3072 4488 voluntatem
3088 4432 3184 4487 Dei
3208 4441 3552 4504 congregata,

1984 4543 2112 4582 cum
2142 4528 2407 4583 adversus
2449 4527 2686 4582 Nestorii
2722 4542 3034 4596 perversam
3075 4524 3390 4595 opinionem
3426 4541 3555 4579 sen-

292 4616 513 4689 ἁκριϐἧ
560 4615 962 4686 κατενεγκοῦσα
992 4617 1091 4686 τὴν
1123 4616 1323 4688 ψῆφον,
1353 4615 1450 4670 καὶ
1477 4613 1576 4676 τὰς
1625 4613 1736 4666 τῶν
1764 4611 1868 4666 ἐτέ-

1984 4618 2210 4672 teutiam
2237 4618 2361 4671 tulit
2386 4625 2441 4672 et
2463 4625 2702 4671 sanctam
2719 4626 2774 4671 et
2795 4623 3124 4680 accuratam,
3147 4614 3310 4670 simul
3337 4630 3556 4685 quoque

296 4728 418 4780 ρων
447 4711 810 4776 καινοφωνίας
841 4720 905 4776 αι,
933 4705 1094 4781 οἵπερ
1119 4707 1184 4762 ἂν
1206 4709 1240 4780 ἢ
1267 4709 1510 4777 γένοιντο
1549 4707 1667 4778 μετ’
1692 4707 1880 4773 αὐτὸν,

291 4805 328 4873 ἢ
375 4803 478 4854 καὶ
509 4802 614 4872 πρὸ
642 4802 806 4855 αὑτοῦ
833 4803 1111 4871 γεγόνασι,
1139 4801 1209 4853 τὰ
1235 4799 1326 4854 ίσα
1351 4797 1673 4871 φρονοῦντες
1705 4797 1876 4868 αὐτῷ,

299 4893 404 4946 καὶ
453 4893 625 4944 εἰπεῖν
669 4893 703 4962 ἢ
751 4892 963 4965 γράψαι
1011 4891 1400 4963 τολμήσαντες,
1454 4891 1880 4963 συγκατέκρινεν

297 4980 529 5050 ἐκείνῳ,
557 4983 652 5051 τὴν
686 4983 810 5053 ῑσην
834 4983 1018 5045 αὐτοῖς
1045 4980 1300 5035 ἐπιθεῖσα
1337 4981 1512 5051 δίκην.
1542 4981 1652 5033 Καὶ
1678 4981 1787 5050 γὰρ
1814 4975 1884 5051 ἦν

295 5073 622 5138 ἀκόλουθον,
652 5074 771 5136 ἑνὸς
797 5072 950 5137 ἀπαξ
974 5072 1068 5125 ἐπὶ
1103 5073 1225 5136 ταῖς
1251 5070 1396 5126 οῦτω
1430 5070 1680 5143 βεϐήλοις
1709 5088 1887 5125 καινο-

298 5166 540 5236 mina;
563 5164 1036 5236 κατεγνωσμένου,
1069 5162 1145 5236 μὴ
1171 5163 1291 5217 καθ’
1315 5163 1436 5226 ἑνὸς
1464 5162 1665 5231 μᾶλλον
1687 5161 1882 5226 ἐλθεῖν,

299 5259 442 5318 ἀλλ’,
474 5257 544 5310 ἵν’
573 5256 750 5323 οὕτως
775 5257 937 5320 sim.
969 5256 1110 5311 κατά
1151 5255 1332 5324 πάσης
1381 5255 1562 5308 αὐτῶν
1595 5254 1696 5325 τῆς
1733 5253 1886 5327 αἱρέ-

380 5395 427 5425 δ⁴
445 5394 584 5448 Luc.
612 5409 654 5460 ι,
676 5394 729 5448 2.

805 5395 849 5426 ’ί
881 5393 1072 5450 Matth.
1100 5409 1251 5459 xvm,
1275 5391 1365 5447 '50.
1439 5391 1484 5423 δ’
1508 5388 1675 5448 lCor.
1707 5407 1784 5458 ιιι,
1812 5390 1902 5445 il.

1987 4709 2101 4779 pari
2127 4709 2396 4763 sententia
2425 4717 2482 4763 et
2510 4722 2670 4778 pcena
2697 4706 3080 4762 condemnavit
3118 4721 3312 4760 vocum
3340 4705 3557 4759 novita-

1987 4811 2068 4856 tes
2094 4799 2324 4854 aliorum
2351 4799 2417 4865 “,
2445 4808 2715 4870 quotquot
2745 4800 2831 4854 vel
2855 4809 2978 4868 post
3026 4797 3179 4851 illum
3214 4796 3430 4857 forent,
3475 4799 3562 4853 vel

1984 4899 2111 4946 ante
2155 4890 2308 4944 illum
2338 4889 2580 4956 fuerunt,
2623 4891 2715 4962 qui
2751 4891 2943 4946 eadem
2973 4905 3096 4944 cum
3138 4889 3230 4944 illo
3267 4897 3558 4959 saperent,

1981 4982 2274 5050 dicereque
2304 4981 2385 5036 vel
2418 4981 2659 5038 scribere
2691 4982 2977 5038 auderent.
3016 4981 3233 5035 Etenim
3265 4991 3558 5036 consenta-

1982 5086 2149 5126 neum
2173 5079 2313 5137 erat,
2341 5071 2706 5127 condemnato
2738 5071 2906 5126 semel
2932 5070 3004 5126 ob
3033 5079 3140 5125 tam
3174 5072 3428 5141 profanas
3466 5086 3560 5124 vo-

1983 5178 2110 5217 cum
2138 5163 2410 5218 novitatcs
2431 5163 2572 5229 viro,
2598 5171 2658 5217 ut
2681 5178 2791 5217 non
2819 5179 2962 5218 unus
2987 5163 3252 5218 duntaxat
3275 5163 3558 5225 feriretur,

1984 5256 2101 5321 sed,
2132 5265 2192 5310 ut
2222 5256 2302 5311 sic
2337 5255 2536 5322 dicam,
2579 5255 2835 5311 universa
2864 5255 3083 5311 illorqu
3128 5254 3354 5311 haeresis
3395 5265 3560 5322 atque

1977 5391 2024 5423 “
2043 5391 2088 5447 ll
2109 5393 2258 5448 Petr.
2288 5408 2326 5458 ι,
2358 5392 2444 5446 19.
2519 5390 2605 5446 “l
2635 5390 2774 5445 Tim.
2806 5405 2876 5457 τι,
2899 5388 2987 5444 20.

1407 5531 1583 5588 Varia:
1609 5530 1871 5588 lectiones
1901 5529 2109 5588 codicis
2135 5529 2497 5602 Seguieriani.

380 5639 417 5668 ι
444 5627 795 5697 κενοφωνίας.
