4044 6212
475 238 583 298 295

1440 239 1495 294 S.
1552 236 1823 294 CYRILLI
1866 230 2331 289 ALEXANDRINI
2376 235 2691 293 ARCIIIEP.

3625 237 3728 292 2%

478 358 773 423 calumnia,
820 372 983 429 quam
1032 368 1219 412 contra
1247 356 1333 426 pia
1374 356 1631 410 Ecclesia.-
1673 356 1923 425 dogmata
1959 352 2057 405 ﬁn-

2168 369 2319 416 σεως,
2350 352 2468 423 ἤτοι
2495 358 2593 425 τῆς
2621 355 3002 423 συκοφαντίας,
3032 350 3098 427 ἧς
3121 357 3442 426 πεποίηνται
3461 355 3600 409 κατᾶ
3622 356 3729 410 τῶν

480 460 636 522 gunt,
660 450 792 503 dum
839 450 1137 519 praedicant
1185 449 1324 501 duos
1357 446 1499 500 ﬁlios
1522 487 1536 509 ,
1569 456 1625 500 ct
1670 446 2052 515 impartibilem

481 542 753 605 dividunt,
782 540 1089 607 cminmque
1112 554 1175 593 ac
1194 547 1398 592 terram
1425 538 1571 607 quod
1594 539 1870 591 hominem
1895 538 2053 591 latria

479 632 682 693 colant,
707 629 938 684 crimine
965 630 1249 683 denotant.
1278 630 1458 685 Unum
1484 630 1628 683 enim
1658 630 1946 684 Dominum
1969 630 2057 686 Je—

480 737 604 777 sum
625 720 905 775 Christum
934 729 991 775 et
1015 721 1363 791 superiorum
1391 722 1682 792 spirituum
1716 731 1901 777 sancta
1918 723 2057 777 mul-

482 809 663 864 titudo
705 811 991 865 nobiscum
1033 811 1246 866 adorat.
1290 812 1369 867 Ne
1413 821 1595 867 autem
1649 828 1679 867 a
1728 814 2055 883 quibusdam

484 903 768 971 ignoretur
808 902 892 955 vis
921 901 1184 974 Symboli,
1216 904 1362 973 quod
1411 904 1467 958 in
1507 905 1765 960 omnibus
1796 906 2057 960 Ecclesiis

482 994 579 1049 Dei
603 994 987 1048 auctoritatem
1012 994 1227 1050 obtinet
1251 1004 1305 1049 et
1331 996 1682 1066 praedicatum
1708 1005 1811 1061 est,
1837 1005 2056 1051 sancto-

483 1101 602 1138 rum
635 1086 791 1154 177
827 1086 1050 1139 Palmm
1081 1086 1402 1150 sententias,
1431 1086 1535 1140 hoc
1558 1094 1661 1149 est,
1688 1086 2059 1155 expositiones

484 1176 539 1229 in
568 1178 991 1231 counnentarios
1036 1178 1149 1231 illic
1204 1176 1377 1232 factos
1408 1177 1603 1243 retuli;
1646 1185 1706 1231 ut
1756 1178 1961 1231 scirent
2000 1177 2056 1231 hi

480 1268 577 1337 qui
600 1284 693 1323 eas
712 1269 917 1339 legunt,
952 1268 1229 1339 quomodo
1256 1277 1571 1323 sanctorum
1599 1270 1819 1323 Patrum
1846 1269 2059 1339 exposi-

479 1359 709 1423 tionem,
740 1361 844 1414 hoc
875 1368 979 1423 est,
1002 1360 1279 1414 sincerum
1304 1367 1466 1413 recta:
1483 1358 1607 1414 ﬁdei
1639 1359 1954 1430 Symbolum
1978 1359 2061 1413 in-

483 1451 655 1521 telligi
689 1450 997 1505 conveniat.
1018 1450 1229 1519 Opinor
1256 1458 1439 1504 autem
1463 1457 1523 1505 et
1550 1458 1785 1505 vestram
1817 1450 2057 1504 eharita~

489 1552 597 1597 tem
634 1542 688 1596 in
721 1557 847 1596 eum
876 1542 1119 1595 libellum
1154 1540 1433 1605 incidisse,
1473 1557 1636 1611 quem
1671 1541 1743 1595 de
1775 1542 1861 1597 his
1892 1543 2059 1597 rebus

485 1629 932 1700 conscripsimus.
950 1630 1072 1699 Ipso
1088 1644 1236 1683 nunc
1251 1644 1491 1699 quoque,
1505 1640 1567 1683 ιιι
1587 1630 1720 1694 dixi,
1744 1631 1813 1685 ad
1828 1630 2057 1685 verbum

482 1722 770 1793 proposito
836 1721 1129 1792 Symbolo,~
1178 1721 1326 1776 illico
1384 1721 1480 1777 Dei
1543 1736 1646 1791 ope
1713 1722 1779 1776 ad
1846 1722 2059 1792 singula

483 1829 607 1884 quae
671 1813 727 1867 in
785 1828 854 1867 co
904 1811 1240 1876 traduntur,
1296 1812 1589 1883 perspicue
1652 1812 2059 1881 interpretanda

484 1912 793 1960 convertar.
850 1902 978 1958 Scio
1028 1902 1176 1957 enim
1230 1902 1606 1956 beatissimum
1662 1903 1883 1957 Petrum
1927 1904 2061 1959 scri-

482 1998 659 2066 psisse
696 2015 708 2049 :
741 2014 758 2047 ι
788 1994 967 2050 Parati
996 2009 1213 2064 semper
1233 1993 1302 2048 ad
1330 1994 1754 2049 satisfactionem
1781 1995 1928 2050 omni
1962 2013 2060 2066 po-

483 2090 657 2145 scenti
691 2104 790 2145 vos
816 2091 1083 2146 rationem
1112 2088 1180 2143 de
1202 2103 1267 2143 ea
1295 2102 1419 2159 quae
1440 2087 1497 2142 in
1528 2088 1688 2143 vobis
1708 2096 1793 2144 est
1817 2104 1912 2161 spe
1934 2090 1999 2145 ⁸³.
2036 2112 2054 2142 ι

941 2374 1245 2446 Symbolum
1295 2371 1598 2428 Nicmnum.

554 2487 841 2545 Credimus
858 2487 912 2541 in
938 2503 1108 2541 unum
1143 2486 1335 2549 Deum,
1368 2486 1584 2539 Patrem
1611 2483 2063 2554 omnipotentem,

485 2579 733 2633 omnium
762 2576 1060 2633 visibilium
1086 2586 1142 2632 et
1168 2575 1529 2630 invisibilinm
1560 2574 1822 2630 factorem
1871 2593 1885 2629 :
1918 2583 1975 2631 et
2008 2574 2064 2629 in

487 2687 659 2726 unum
678 2669 964 2724 Dominum
989 2669 1173 2723 Jesum
1190 2666 1493 2732 Christum,
1513 2666 1710 2721 Filium
1736 2666 1855 2733 Dei,
1878 2674 2064 2721 natum

486 2778 557 2817 ex
584 2762 765 2824 Patre,
795 2760 1160 2830 unigenitum,
1209 2757 1316 2811 hoc
1348 2766 1453 2822 est,
1482 2773 1551 2813 ex
1575 2759 1693 2829 ejus
1719 2757 2068 2823 substantia;

490 2858 661 2910 Deum
684 2852 752 2907 de
768 2851 901 2914 Deo,
926 2850 1111 2904 lumen
1131 2848 1198 2904 de
1218 2848 1447 2913 lumine,
1462 2848 1635 2905 Deum
1661 2865 1854 2904 verum
1871 2849 1939 2904 de
1959 2847 2072 2903 Deo

490 2956 620 2997 vero
639 2958 653 3007 ;
672 2941 937 3010 genitum,
961 2955 1071 2994 non
1094 2938 1321 3004 factum,
1349 2938 1869 2994 consubstantialem
1898 2935 2068 3003 Patri;

491 3048 589 3102 per
611 3047 772 3100 quem
798 3031 981 3084 omnia
1011 3030 1149 3083 facta
1172 3036 1300 3084 sunt
1321 3039 1377 3083 et
1399 3046 1520 3099 qua:
1543 3031 1599 3086 in
1624 3035 1764 3088 ccelo
1787 3040 1844 3087 ct
1867 3047 1990 3102 qua:
2014 3030 2069 3085 in

2157 445 2398 499 εὐσεϐῶν
2446 445 2546 516 τῆς
2588 444 2913 517 Ἐκκλησίας
2943 446 3247 515 δογμάτων,
3280 446 3373 501 δύο
3404 448 3731 518 πρεσϐεύονο

2158 557 2247 602 τες
2277 539 2448 600 υἱοὺς,
2483 539 2575 592 καὶ
2613 536 2988 609 διατέμνοντες
3020 539 3110 593 τὸν
3144 540 3459 612 ἀμέριστον,
3517 542 3609 593 καὶ
3641 543 3733 594 ἀν-

2160 629 2574 700 θρωπολατρίας
2623 628 2871 698 ἔγκλημα
2925 631 3369 701 καταγράφοντες
3415 631 3646 702 οὐρανοῦ
3671 649 3735 684 τε

2159 720 2255 775 καὶ
2286 721 2408 792 γῆς.
2438 722 2740 792 Προσκυνεῖ
2775 720 2882 792 γὰρ
2911 720 3029 790 μεθ’
3055 722 3087 792 ἡ
3098 720 3212 790 μῶν
3239 722 3271 791 ἡ
3304 720 3411 774 τῶν
3439 721 3550 775 ἄνω
3569 739 3737 775 πνευ-

2163 814 2346 884 μάτων
2380 814 2507 881 ἀγία
2560 812 2767 883 πληθὺς
2799 812 2888 865 τὸν
2938 812 3033 865 ἕνα
3079 812 3283 884 Κύριον
3329 812 3535 882 Ἰησοῦν
3593 814 3733 883 Χρι-

2162 905 2304 957 στόν.
2351 904 2521 975 ’Υπὲρ
2567 904 2623 956 δὲ
2674 903 2768 956 τοῦ
2803 903 2881 975 μὴ
2932 900 3242 972 ἀγνοεῖσθαι
3286 905 3439 974 παρὰ
3473 920 3585 956 τισι
3638 906 3734 959 ruﬁ

2160 989 2437 1060 Συμϐόλου
2463 990 2559 1061 τὴν
2592 990 2841 1061 δύναμιν,
2873 989 2901 1043 ὃ
2928 991 3019 1043 καὶ
3052 991 3108 1045 ἐν
3134 991 3373 1054 ἀπάσαις
3401 994 3520 1054 ταῖς
3551 991 3736 1060 ἁγίαις

2162 1082 2254 1137 τοῦ
2283 1082 2415 1136 Θεοῦ
2467 1083 2815 1153 Ἐκκλησίαις
2856 1084 2950 1138 καὶ
2996 1085 3208 1154 κρατεῖ,
3246 1084 3339 1136 καὶ
3370 1084 3736 1154 κεκήρυκται,

2160 1174 2418 1244 Πατέρων
2446 1175 2615 1243 ἁγίων
2644 1174 2821 1240 δόξας,
2857 1175 3021 1243 ἤγουν
3051 1173 3319 1238 ἐκθέσεις,
3362 1174 3585 1240 ὲνέταξα
3624 1177 3739 1237 τοῖς

2161 1265 2347 1318 αὐτόθι
2379 1266 2787 1335 πεπραγμένοις
2822 1265 3231 1336 ὑπομνήμασιν·
3266 1258 3333 1318 ἴν⁴
3367 1262 3557 1319 εἰδεῖεν
3583 1267 3631 1318 οἱ
3657 1266 3740 1316 ἐν·

2159 1356 2517 1427 τυγχάνοντες
2563 1357 2774 1419 αὐταῖς,
2810 1356 2929 1410 τίνα
2970 1358 3236 1428 προσήκει
3269 1358 3505 1410 νοεῖσθαι
3535 1359 3739 1427 τρόπον

2158 1449 2268 1501 τῶν
2301 1449 2469 1517 ἁγίων
2496 1448 2752 1520 Πατέρων
2782 1448 2879 1520 τὴν
2909 1448 3141 1515 ἔκθεσιν,
3174 1450 3295 1519 ἦτοι
3341 1448 3403 1502 τὸ
3436 1452 3741 1520 ἀκραιφνὲς

2160 1540 2260 1609 τῆς
2286 1539 2456 1611 ὀρθῆς
2485 1540 2720 1602 πίστεως
2760 1540 3052 1608 Σύμϐολον.
3090 1538 3254 1610 Οἶμαι
3294 1541 3351 1593 δὲ
3383 1541 3481 1612 τὴν
3514 1543 3741 1611 ἀγάπην

2165 1631 2318 1702 ὑμῶν
2341 1632 2435 1685 κα)⁸
2466 1632 2709 1703 ἐντυχεῖν
2737 1632 2815 1702 τῷ
2846 1632 3059 1701 βιϐλίῳ,
3089 1630 3118 1684 ὃ
3163 1632 3291 1702 περὶ
3323 1632 3528 1685 τούτων
3556 1632 3741 1685 αὐτῶν

2167 1723 2649 1796 συγγεγράφαμεν.
2673 1724 2814 1777 Αὐτὸ
2851 1724 2905 1777 δὲ
2939 1727 3034 1778 καὶ
3075 1723 3189 1790 νῦν,
3229 1724 3303 1788 ὡς
3338 1723 3493 1793 ἔφην,
3522 1720 3615 1776 ἐπὶ
3647 1724 3742 1774 λέν

2168 1813 2302 1880 ξεως
2339 1814 2508 1884 αὐτῆς
2545 1812 2816 1887 παραθεὶς
2850 1813 2910 1866 τὸ
2948 1811 3242 1883 Σύμϐολον,
3266 1813 3604 1885 τετράψομαι
3639 1813 3745 1865 σὺν

2165 1904 2286 1976 Θεῷ
2317 1905 2451 1975 πρός
2484 1921 2547 1971 γε
2575 1904 2637 1956 τὸ
2672 1903 2780 1959 δεῖν
2810 1902 3017 1956 ἕκαστα
3045 1896 3150 1957 τῶν
3184 1902 3240 1956 ὲν
3274 1900 3423 1973 αὑτῷ
3470 1900 3745 1973 κειμένων

2168 1995 2565 2068 διερμηνεῦσαι
2603 1995 2811 2065 σαφῶς.
2836 1992 3159 2066 Γεγραφότα
3202 1995 3311 2066 γὰρ
3341 1990 3455 2048 οἶδα
3484 1996 3575 2049 τὸν
3604 2013 3746 2049 παν-

2172 2090 2415 2162 αοίόιμον
2461 2088 2701 2160 Πῐέτρον·
2746 2109 2763 2140 ι
2818 2092 3061 2161 Ἕτοιμοι
3114 2090 3201 2143 ἀεὶ
3267 2089 3405 2160 πρὸς
3448 2088 3746 2158 ἀπολογίαν

2170 2184 2335 2238 παντὶ
2372 2182 2450 2253 τῷ
2481 2182 2719 2237 αἰτοῦντι
2762 2183 2906 2255 ὑμᾶς
2943 2181 3098 2250 λόγον
3151 2179 3280 2253 περὶ
3330 2173 3429 2252 τῆς
3492 2178 3550 2233 ὲν
3611 2180 3745 2248 ὑμῖν

2165 2273 2332 2343 οὔσης
2357 2272 2590 2336 ἐλπίδος.
2625 2291 2643 2322 ι

2336 2365 2407 2421 Τὸ
2442 2365 2753 2434 Σύμϐολον
2780 2362 2899 2415 τῶν
2926 2362 2995 2415 ἐν
3021 2356 3235 2429 Nman
3266 2356 3558 2428 Πατέρωγ.

2236 2481 2573 2552 Πιστεύομεν
2604 2481 2682 2543 είς
2714 2479 2812 2533 ἕνα
2846 2478 3000 2543 Θεὸν,
3047 2477 3269 2547 Πατέρα
3300 2475 3742 2545 παντοκράτορα.

2169 2576 2385 2631 πάντων
2414 2572 2627 2646 ὁρατῶν
2653 2590 2714 2625 τε
2744 2572 2835 2626 καὶ
2858 2570 3108 2642 ἀοράτων
3133 2570 3382 2640 ποιητήν·
3411 2568 3506 2622 καὶ
3534 2570 3613 2631 είς
3640 2567 3746 2621 ἕνα

2168 2668 2374 2741 Κύριον
2413 2665 2624 2737 Ἰησοῦν
2655 2663 2910 2734 Χριστὸν,
2956 2662 3047 2715 τὸν
3080 2661 3209 2714 Υίὸν
3234 2660 3328 2713 τοῦ
3357 2659 3513 2723 Θεοῦ,
3546 2674 3748 2729 γεννη-

2170 2761 2331 2816 θέντα
2358 2760 2424 2814 ὲκ
2448 2758 2542 2813 τοῦ
2573 2758 2786 2829 Πατρὸς
2813 2757 2903 2809 τὸν
2929 2753 3219 2827 μονογενῆ,
3244 2752 3523 2806 τουτέστιν
3548 2754 3611 2804 ὲκ
3637 2750 3745 2819 τῆς

2169 2852 2356 2916 οὐσίας
2388 2848 2589 2905 αὑτοῦ·
2630 2849 2765 2902 Θεὸν
2816 2848 2880 2901 ἐκ
2914 2845 3069 2910 Θεοῦ,
3122 2844 3237 2914 φῶς
3277 2845 3343 2897 ὲκ
3382 2843 3576 2912 φωτὸς,
3606 2841 3749 2895 Θεὸν

2173 2944 2426 3015 ἀληθινὸν
2456 2947 2520 2998 ὲκ
2570 2943 2706 2996 Θεοῦ
2745 2940 3000 3011 ἀληθινοῦ
3023 2957 3035 2970 ο
3081 2936 3430 3007 γεννηθέντα,
3484 2936 3546 2990 οὐ
3579 2950 3749 3005 ποιη-

2178 3038 2358 3093 θέντα·
2398 3036 2681 3107 ὀμοούσιον
2728 3033 2806 3104 τῷ
2851 3031 3057 3102 Πατρί·
3115 3030 3182 3083 δι’
3225 3024 3287 3084 οὗ
3312 3028 3382 3083 τά
3420 3029 3596 3082 πάντα
3623 3027 3752 3096 ἐγέ-

494 3097 645 3176 terra
666 3138 679 3173 :
705 3121 797 3190 qui
824 3129 1047 3190 propter
1068 3134 1170 3175 nos
1201 3097 1454 3175 homines
1481 3129 1537 3176 ct
1572 3130 1796 3193 propter
1827 3097 2064 3178 nostram

2176 3147 2317 3195 νετο,
2352 3097 2505 3183 τὰῚτε
2532 3129 2589 3180 ἐν
2621 3125 2698 3197 τῷ
2744 3097 2986 3197 οῦρανῷ,
3010 3124 3104 3177 καὶ
3146 3123 3215 3177 τά
3248 3124 3307 3176 ὲν
3331 3124 3400 3192 τῇ
3428 3123 3518 3191 γῇ·
3554 3120 3645 3172 τὸν
3676 3119 3752 3172 δι’

491 3213 722 3267 salutem
753 3210 1058 3275 descendit,
1113 3217 1169 3267 et
1218 3211 1541 3266 incarnatus
1568 3220 1672 3278 est,
1698 3222 1753 3268 et
1786 3214 1952 3268 homo
1984 3216 2067 3271 fa-

490 3313 635 3367 ctus,
663 3316 859 3373 passus
883 3310 985 3366 est,
1013 3311 1069 3356 et
1088 3303 1393 3357 resurrexit
1412 3304 1575 3358 tertia
1602 3305 1712 3371 die,
1741 3314 1797 3360 et
1825 3307 2072 3361 ascendit

494 3395 549 3448 in
582 3395 779 3459 cmlos;
804 3402 860 3447 et
878 3402 1147 3447 venturus
1166 3401 1251 3446 est
1267 3392 1514 3463 judicare
1538 3395 1692 3450 vivos
1708 3405 1766 3451 et
1788 3406 2066 3453 mortuos:

492 3485 634 3540 etin
684 3486 951 3555 Spiritum
1010 3496 1282 3542 sanctum.
1332 3488 1440 3543 Eos
1473 3496 1656 3543 autem
1684 3488 1778 3559 qui
1831 3488 2065 3543 dicunt:

492 3579 624 3633 Erat
649 3578 969 3648 aliquando,
1006 3579 1227 3648 quando
1253 3596 1362 3634 non
1391 3588 1539 3647 erat;
1570 3587 1626 3634 et
1646 3588 1940 3650 antequam
1969 3596 2069 3634 na~

492 3681 740 3725 scerctur
763 3686 872 3724 non
899 3680 1051 3731 erat;
1102 3680 1159 3725 et
1198 3671 1341 3741 quod
1373 3670 1546 3725 factus
1576 3680 1661 3726 est
1694 3687 1762 3726 ex
1786 3688 1896 3725 non
1923 3672 2069 3725 exsi—

491 3762 790 3824 stentibus,
839 3771 933 3815 aut
957 3778 1025 3817 ex
1067 3763 1195 3842 alia-
1219 3762 1523 3818 substantia
1557 3762 1643 3817 vel
1676 3764 1945 3829 essentia;
1976 3772 2071 3817 aut

491 3852 588 3921 qui
616 3852 814 3905 Filium
871 3853 966 3907 Dei
1012 3852 1333 3909 mutabilem
1365 3853 1451 3908 vel
1483 3854 1898 3908 convertibilem
1950 3870 2070 3909 esse

493 3942 686 3997 dicunt
722 3961 734 3996 :
773 3943 875 3998 hos
907 3944 1335 3999 anathematizat
1360 3945 1630 4000 catholica
1672 3955 1728 4001 et
1768 3946 2069 4015 apostolica

494 4033 757 4089 Ecclesia.

565 4122 805 4178 Credere
837 4139 894 4179 se
916 4124 1171 4181 dixerunt
1204 4126 1260 4181 in
1290 4143 1460 4181 unum
1489 4125 1683 4191 Deum,
1722 4136 1781 4181 ut
1823 4125 2072 4180 funditus

494 4215 899 4285 quodammodo
938 4216 1181 4286 ipsorum
1215 4218 1498 4289 gentilium
1536 4218 1823 4289 Opinioncs
1861 4227 2074 4273 everte-

493 4317 619 4363 rent
648 4327 661 4362 :
704 4327 721 4358 ‹
748 4307 852 4374 Qui
886 4324 1009 4363 cum
1046 4325 1104 4363 se
1144 4310 1394 4365 dicerent
1433 4326 1553 4365 esse
1587 4312 1883 4381 sapientes,
1918 4311 2070 4366 stulti

2174 3223 2320 3292 ἡμᾶς
2343 3220 2465 3283 τοὺς
2501 3218 2840 3290 ἀνθρώπους,
2877 3218 2971 3271 καὶ
3008 3217 3098 3270 διὰ
3128 3215 3229 3287 τὴν
3262 3216 3535 3285 ἡμετέραν
3569 3224 3753 3281 σωτη-

2175 3314 2296 3385 ρίαν
2331 3312 2683 3376 κατελθόντα,
2720 3310 2815 3365 καὶ
2867 3308 3243 3381 σαρκωθέντα,
3277 3306 3370 3360 καὶ
3394 3303 3751 3375 ὲνανθρωπή-

2175 3421 2364 3470 σαντα,
2408 3404 2667 3466 παθόντα,
2728 3404 2822 3456 καὶ
2855 3401 3167 3455 ἀναστάντα
3211 3402 3278 3471 τῇ
3330 3399 3487 3468 τρίτῃ
3519 3395 3747 3465 ἡμέραν

2172 3494 2460 3549 ἀνελθόντα
2506 3496 2585 3556 είς
2627 3492 2925 3565 οὐρανούς·
2981 3492 3276 3563 ἐρχόμενον
3312 3492 3489 3560 κρῖναι
3532 3486 3754 3550 ζῶντας

2172 3585 2265 3638 καὶ
2298 3583 2543 3655 νεκρούς·
2579 3584 2673 3636 καὶ
2704 3584 2785 3646 είς
2821 3582 2881 3636 τὸ
2932 3581 3154 3651 Πνεῦμα
3204 3579 3265 3632 τὸ
3319 3578 3490 3645 ἄτιον.
3520 3576 3661 3637 Τοὺς
3691 3574 3754 3628 δὲ

2171 3678 2449 3746 λέγοντας,
2473 3677 2555 3730 ὅτι
2577 3672 2687 3729 Ἦν
2711 3693 2864 3738 ποτε,
2894 3676 2984 3729 ὅτε
3008 3675 3103 3728 οὐκ
3132 3668 3229 3743 ἦν·
3273 3671 3367 3725 καὶ
3395 3670 3524 3741 πρὶν
3554 3684 3753 3737 γεννην

2174 3771 2354 3840 θῆναι,
2384 3770 2485 3823 οὐκ
2511 3765 2609 3841 ἦν·
2657 3770 2751 3823 καὶ
2796 3770 2877 3822 ὅτι
2911 3767 2970 3833 ἐξ
3012 3767 3111 3819 οὐκ
3154 3766 3322 3819 ὖντων
3351 3763 3584 3831 ἐγένετο,
3617 3760 3650 3830 ἢ
3687 3760 3751 3826 ἒξ

2172 3863 2365 3934 ἑτέρας
2418 3862 2787 3924 ὑποστάσεως,
2843 3861 2875 3931 ἦ
2931 3860 3115 3923 οὐσίας
3163 3858 3470 3927 φάσκοντας
3513 3850 3674 3915 εἶναι,
3709 3852 3749 3924 ἢ

2172 3954 2425 4024 τρεπτὸν,
2463 3954 2498 4024 ἢ
2549 3953 2836 4007 ἀλλοιωτὸν
2869 3952 2960 4006 τὸν
3002 3951 3134 4004 Υἱὸν
3180 3948 3273 4003 τοῦ
3326 3945 3486 4003 Θεοῦ.
3523 3942 3754 4007 τούτους

2172 4041 2558 4112 ἁναθεματίζει
2586 4044 2620 4112 ἡ
2648 4039 2981 4110 ἀποστολικὴ
3009 4039 3103 4091 καὶ
3132 4035 3396 4105 καθολικὴ
3426 4028 3751 4100 Ἐκκλησία,

2244 4134 2535 4189 Πιστεύειν
2570 4133 2780 4202 ἔφασαν
2812 4134 2893 4196 είς
2922 4132 3019 4186 ἕνα
3044 4131 3199 4197 Θεὸν,
3220 4130 3284 4182 ὲκ
3308 4126 3527 4198 βάθρων
3555 4123 3752 4191 ὥσπερ

2173 4226 2350 4280 αὐτῶν
2387 4225 2769 4288 κατασείοντες
2811 4224 2910 4286 τὰς
2936 4222 3202 4292 Ἐλλήνων
3240 4218 3425 4285 δόξας·
3474 4237 3493 4267 ι
3527 4214 3591 4269 Οἳ
3639 4213 3742 4282 φάο

2177 4334 2409 4379 σκοντες
2456 4312 2595 4369 εἶναι
2643 4315 2817 4383 σοφοὶ,
2848 4312 3267 4384 ἐμωράνθησαν,
3310 4311 3405 4365 καὶ
3447 4306 3753 4378 ἠλλάξαντο

494 4401 623 4456 facti
665 4410 815 4467 sunt,
868 4412 924 4457 et
968 4411 1321 4458 mutaverunt
1361 4404 1587 4475 gloriam
1634 4405 2064 4474 incorruptibilis

2174 4407 2273 4479 τὴν
2308 4408 2464 4471 δόξαν
2495 4408 2590 4460 τοῦ
2630 4405 2909 4476 ἀφθάρτου
2948 4404 3083 4458 Θεοῦ
3120 4404 3177 4456 ὲν
3209 4401 3507 4472 ὁμοιώματι
3538 4397 3754 4459 είκόνος

496 4494 591 4548 Dei
626 4494 681 4548 in
725 4493 1145 4549 similitudinem
1184 4494 1437 4566 imaginis
1488 4496 1861 4568 corruptibilis
1896 4497 2064 4552 homi-

2173 4499 2415 4571 φθαρτοῦ
2428 4497 2741 4569 ἀνθρώπου,
2757 4499 2851 4551 καὶ
2868 4495 3150 4561 πετεινῶν,
3170 4494 3263 4546 καὶ
3272 4487 3632 4560 τετραπόδων,
3649 4486 3756 4539 καὶ

494 4586 604 4648 nis,
623 4594 680 4640 et
702 4586 1028 4653 volatilium,
1057 4596 1114 4642 et
1137 4587 1574 4658 quadrupedum,
1596 4598 1653 4644 et
1672 4589 1951 4659 reptilium
1969 4591 2066 4644 ⁵⁸.»

493 4676 793 4731 Coluernnt
825 4686 1005 4733 autem
1035 4686 1093 4733 ct
1120 4686 1430 4735 creaturam
1460 4680 1645 4750 potius
1665 4696 1828 4749 quam
1851 4680 2075 4737 Creato-

495 4782 632 4829 rem,
658 4767 1055 4838 elementisquc
1084 4770 1275 4825 mundi
1315 4771 1479 4841 hujus
1516 4770 1843 4837 servierunt,
1874 4774 2075 4829 multos

493 4870 550 4913 et
582 4859 1015 4915 innumerabiles
1059 4876 1181 4916 esse
1221 4861 1355 4916 deos
1391 4862 1768 4919 existimantes
1789 4865 1856 4919 ⁸⁷.
1900 4865 2071 4936 Igitur

493 4950 561 5004 ad
587 4950 1021 5006 subvertendum
1064 4967 1334 5017 errorem,
1358 4953 1453 5021 qui
1494 4952 1696 5007 multos
1724 4954 1856 5009 deos
1880 4955 2069 5021 tradit,

496 5058 666 5095 unum
721 5042 892 5098 Deum
942 5044 1250 5110 nominant,
1294 5053 1354 5097 ut
1385 5044 1556 5099 sacris
1580 5043 1803 5101 Litteris
1847 5046 2073 5101 omnino

495 5135 863 5201 consentiant,
898 5145 953 5190 et
989 5137 1237 5191 veritatis
1281 5136 1522 5207 speciem
1564 5137 1837 5192 universis
1882 5139 1977 5208 qni
2014 5140 2070 5194 in

496 5235 612 5281 toto
639 5228 842 5281 mundo
876 5236 1024 5293 sunt,
1053 5227 1319 5285 indicent.
1360 5228 1476 5283 Hoc
1497 5227 1674 5298 ipsum
1699 5235 1754 5284 et
1779 5230 2071 5300 sapientis—

566 5379 613 5411 ιι
640 5354 837 5434 tam.
870 5396 948 5444 ιιι,
974 5381 1059 5436 ιε.
1137 5385 1182 5415 ιδ
1207 5384 1362 5439 nom.
1398 5400 1436 5450 ι,
1464 5384 1555 5441 ea.
1577 5384 1665 5439 εδ.
1741 5386 1784 5415 ιτ
1815 5385 1953 5440 Ibid.
1979 5386 2068 5442 es.

2174 4591 2469 4662 ἑρπετῶν.»
2507 4589 2928 4661 Προσεκύνησαν
2952 4588 3009 4641 δὲ
3037 4588 3132 4640 καὶ
3162 4587 3227 4656 τῇ
3263 4574 3438 4637 κτίσει
3467 4577 3620 4650 παρὰ
3655 4577 3754 4629 τὸν

2172 4683 2455 4747 κτίσαντα,
2486 4684 2712 4746 καὶτοῖς
2731 4681 2824 4736 τοῦ
2854 4682 3062 4751 κόσμου
3092 4678 3375 4748 στοιχείοις
3402 4670 3756 4730 δεδουλεύκαο

2175 4792 2250 4841 σι,
2282 4774 2509 4839 πολλοὺς
2531 4776 2624 4828 καὶ
2644 4775 3050 4846 ἀναριθμήτους
3081 4771 3522 4841 ὑποτοπήσαντες
3550 4772 3577 4801 ³³
3606 4757 3755 4818 εἶναι

2170 4867 2297 4929 τοὺς
2327 4864 2501 4928 θεούς.
2525 4864 2735 4919 Οὐκοῦν
2770 4865 2849 4927 εἰς
2879 4864 3161 4934 ἀναίρεσιν
3188 4861 3286 4930 τῆς
3318 4855 3582 4912 πολυθέΟυ
3608 4853 3753 4907 πλά-

2174 4976 2270 5028 νης
2308 4958 2405 5012 ἕνα
2445 4958 2578 5011 Θεὸν
2617 4957 2996 5028 ὀνομάζουσιν,
3031 4955 3292 5024 ἑπόμενοι
3333 4944 3608 5015 πανταχοῦ
3636 4945 3757 5007 τοῖς

2175 5051 2339 5119 ἱεροῖς
2371 5048 2691 5118 Γράμμασι,
2742 5049 2837 5100 καὶ
2881 5046 2980 5116 τῆς
3013 5043 3274 5114 ἀληθείας
3316 5039 3378 5093 τὸ
3420 5037 3610 5097 κάλλος
3638 5036 3759 5097 τοῖς

2174 5141 2276 5194 ἀνὰ
2313 5143 2495 5195 πᾶσαν
2537 5140 2637 5214 τὴν
2674 5141 2765 5209 ὑφ’
2808 5139 2962 5210 ἥλιον
3010 5132 3532 5207 κατασημαίνοντες.
3580 5124 3762 5180 Τοῦτο

2178 5234 2273 5286 καὶ
2303 5234 2332 5285 ὁ
2366 5232 2642 5302 πάνσοφος
2698 5232 2829 5304 ἔδρα
2872 5230 3133 5300 Μωῦσῆς,
3190 5226 3509 5297 σαφέστατα
3543 5219 3757 5289 λέγων·

1590 5543 1762 5599 Varia:
1790 5543 2054 5597 lectiones
2077 5544 2281 5599 codicis
2303 5542 2663 5615 chuieriani.

572 5655 602 5686 ιι
637 5648 1104 5713 ὑποτυπιὶλσαντες.
