4044 6212
277 272 377 328 297

1681 270 2014 329 EPISTOLA
2051 274 2141 331 Lv
2226 260 2253 283 ‘

3446 270 3554 327 298

284 410 301 442 ι
331 391 537 442 ’Δκουε
577 386 834 459 Ἰσραήλ·
871 385 1078 459 Κύριος
1128 385 1158 437 6
1213 385 1346 449 Θεὸς
1391 402 1484 439 σου
1529 387 1737 458 Κύριος
1782 385 1862 453 εἷς

1977 391 2140 450 simus
2171 390 2384 463 Moyses
2399 390 2550 457 fecit,
2592 407 2718 448 cum
2752 391 3095 463 apertissime
3114 392 3254 449 dixit
3292 411 3306 448 :
3340 413 3359 446 ι
3382 393 3551 462 Audi,

279 480 422 535 ἐστι.
464 499 482 532 ι
514 480 623 533 Καὶ
658 478 827 540 αὐτὸς
873 479 929 532 δέ
965 477 1070 530 πού
1104 493 1268 549 φησιν
1294 478 1324 529 6
1351 477 1458 531 τῶν
1487 477 1623 533 ὅλων
1652 495 1863 548 γενεσι-

280 572 483 643 ουργδς
505 572 599 624 καὶ
618 566 933 639 Δεσπότης·
968 588 987 621 ‹
1019 570 1135 623 Ούκ
1167 568 1383 622 ἔσονταί
1424 586 1506 623 σοι
1543 569 1657 623 θεοὶ
1686 571 1865 642 ἕτεροι

279 663 428 734 πλὴν
475 660 629 732 ἐμοῦ.
677 679 700 713 ι
738 660 852 715 Καὶ
892 660 999 732 μὴν
1048 661 1142 714 καὶ
1179 660 1271 714 διὰ
1309 662 1494 733 φωνῆς
1534 664 1642 716 τῶν
1694 663 1866 732 ἁγίων

274 753 607 827 προφητῶν
647 771 669 804 ι
710 753 854 820 Ἐγὼ
890 750 1097 822 Κύριος
1143 750 1383 824 πρῶτος,
1436 754 1534 806 καὶ
1581 753 1693 822 ἐγὼ
1728 754 1866 825 μετὰ

274 846 476 913 ταῦτα,
506 846 605 899 καὶ
632 844 737 898 οὐκ
777 843 892 897 ἐστι
927 843 1104 915 πάρεξ
1137 842 1294 914 ἐμοῦ.
1342 861 1362 895 ι
1415 845 1649 916 "Aptata
1681 844 1744 917 δὴ
1773 840 1867 899 οὖν

271 942 320 994 οἱ
351 938 710 1010 πανεύφημοι
738 937 983 1008 Πατέρες
1010 936 1254 1009 κρηπῖδα
1282 938 1350 1007 τῇ
1377 937 1558 991 πίστει
1590 936 1865 991 καταϐαλ-

268 1032 496 1103 λόμενοι
528 1030 595 1084 τὸ
638 1030 836 1100 χρῆναι
878 1031 1098 1100 φρονεῖν
1148 1028 1245 1082 καὶ
1281 1027 1483 1097 λέγειν,
1528 1029 1606 1092 ὡς
1655 1023 1735 1092 εἷς
1773 1030 1868 1082 καὶ

268 1125 439 1197 μόνος
468 1122 592 1177 ἐστὶ
606 1121 810 1190 τρύσει,
838 1120 935 1174 καὶ
966 1118 1198 1190 ἀληθείᾳ
1228 1119 1381 1185 Θεὸς,
1413 1119 1694 1174 πιστεύειν
1730 1119 1867 1190 ἐφα-

266 1234 373 1271 σαν
399 1218 485 1280 είς
510 1215 612 1268 ἕνα
642 1213 800 1269 Θεόν.
841 1212 1319 1285 Προσονομάζουσι
1351 1213 1410 1267 δὲ
1439 1212 1602 1269 αὑτὸν
1630 1214 1726 1269 καὶ
1756 1214 1868 1267 Πα-

263 1310 410 1380 τέρα
459 1306 904 1377 παντοκράτορα,
954 1307 1043 1360 ἵνα
1092 1306 1514 1378 συνεισφέρηται
1564 1307 1643 1379 τῷ
1692 1305 1869 1379 Harp!

261 1401 513 1472 δήλωσις
549 1397 706 1462 Υίοῦ,
741 1397 809 1450 δι’
849 1398 910 1450 ὃν
948 1399 1068 1450 ἐστι
1115 1396 1329 1469 Πατὴρ,
1359 1397 1773 1467 συνυφεστῶτός
1809 1414 1868 1450 τε

263 1495 371 1548 καὶ
403 1492 852 1561 συνυπάρχοντος
898 1488 1006 1544 ἀεί.
1053 1488 1190 1542 Οὐδὲ
1220 1488 1329 1561 γὰρ
1354 1489 1578 1559 γέγονεν
1603 1492 1661 1543 ἐν
1689 1489 1869 1560 χρόνῳ

265 1586 494 1657 Πατὴρ,
523 1584 641 1639 ἀλλ’
673 1579 744 1654 ἦν
787 1583 817 1636 ὅ
853 1583 1000 1636 ἐστιν
1030 1581 1140 1646 ἀεὶ,
1174 1580 1422 1635 τουτέστι
1456 1580 1671 1654 Πατὴρ,
1733 1597 1871 1635 παν-

262 1683 365 1744 τὸς
397 1680 671 1750 ὑπάρχων
700 1675 961 1731 ἐπέκεινα
989 1672 1274 1746 γεννητοῦ,
1318 1675 1414 1728 καὶ
1450 1675 1509 1727 ὲν
1542 1674 1868 1745 ὑπερτάτοις

264 1775 563 1848 ὑψὼμασι.
611 1774 685 1827 Τὸ
721 1771 832 1843 γάρ
876 1788 960 1824 τοι
1019 1772 1242 1843 κρατεῖν
1296 1768 1392 1823 καὶ¹
1435 1768 1712 1840 κυριεύειν
1757 1768 1868 1823 τῶν

266 1866 436 1930 ὅλων,
459 1861 724 1935 λαμπρὰν
752 1861 919 1928 οὕτω,
949 1860 1044 1915 καὶ
1087 1859 1478 1932 ἀπαράὁλητον
1519 1857 1669 1930 αὑτῷ
1696 1875 1870 1929 προσ-

266 1958 433 2027 νέμει
483 1955 586 2026 τὴν
617 1953 796 2019 δόξαν.
852 1953 989 2023 Παρ’
1019 1950 1186 2005 αὐτοῦ
1223 1951 1281 2004 δέ
1307 1968 1440 2020 φασι
1467 1949 1872 2021 δεδημιουργῆ-

266 2048 401 2102 alia:
430 2046 506 2100 τὰ
535 2046 737 2108 πάντα,
764 2044 834 2098 τά
881 2060 940 2097 τε
989 2045 1050 2098 ὲν
1091 2046 1203 2107 τοῖς
1246 2044 1498 2115 οὐρανοῖς
1539 2043 1636 2096 καὶ
1679 2041 1747 2095 τὰ
1778 2042 1871 2095 ἐπὶ

267 2142 371 2212 τῆς
427 2139 572 2208 γῆς·
612 2138 701 2191 ἴνα
748 2134 1029 2190 κάνταῦθα
1078 2136 1140 2189 τὸ
1184 2135 1472 2206 ἁσυμφυὲς
1509 2134 1674 2190 αὐτοῦ
1733 2134 1873 2206 πρὸς

267 2234 467 2288 πᾶσαν
519 2229 700 2283 κτίσιν
750 2229 945 2282 νοοῖτο.
981 2227 1339 2299 ’Δσύγκριτος
1388 2229 1499 2298 γὰρ
1548 2229 1583 2298 ἡ
1637 2225 1873 2297 διαφορὰ

270 2322 512 2395 ποιητοῦ
541 2322 637 2375 καὶ
664 2321 992 2391 ποιήματος,
1038 2320 1305 2391 ἀγενήτου
1332 2320 1428 2373 καὶ
1458 2318 1743 2390 γεννητοῦ,
1770 2318 1873 2387 φύ-

276 2415 420 2477 σεώς
451 2430 512 2466 τε
542 2412 643 2482 τῆς
673 2410 779 2464 ὑπὸ
834 2409 976 2478 ζυγὰ
1027 2410 1125 2464 καὶ
1173 2410 1440 2475 δουλείας,
1473 2412 1569 2465 καὶ
1620 2411 1720 2481 τῆς
1759 2413 1872 2474 τοῖς

270 2507 627 2568 Samaei;
669 2500 978 2573 ἀξιώμασιν
1029 2501 1464 2574 ὲξωραῐσμένης,
1497 2502 1778 2573 θεοπρεπῆ
1810 2520 1872 2556 τε

273 2597 368 2650 καὶ
397 2593 787 2665 ὑπερκόσμιον
816 2592 1093 2665 λαχούσης
1122 2594 1222 2664 τὴν
1251 2592 1430 2657 δόξαν.

340 2803 484 2857 Υἱοῦ
518 2819 589 2872 γε
629 2800 737 2872 μὴν
767 2798 1359 2871 διαμνημονεύσαντες,
1413 2799 1502 2853 ἵνα
1553 2797 1629 2872 μὴ
1663 2798 1875 2854 δοκοῖεν

272 2898 453 2969 ενομα
492 2895 676 2951 κοινὸν
728 2892 1061 2967 προσνέμειν
1109 2892 1281 2964 αὐτῷ,
1308 2893 1446 2964 ὅπερ
1486 2891 1554 2945 ἂν
1587 2891 1717 2956 ἴσως
1746 2892 1876 2946 τάτ-

270 3006 424 3043 τοιτο
455 2990 552 3041 καὶ
580 2986 665 3055 ἐφ’
698 2984 860 3056 ἡμῶν
887 2984 1070 3038 αὐτῶν
1099 2983 1438 3056 (κεκλήμεθα
1467 2982 1577 3055 γὰρ
1597 2984 1692 3037 καὶ
1714 2984 1875 3055 ἡμεῖς

1968 485 2131 540 Israel
2166 501 2181 538 :
2210 484 2476 540 Dominus
2511 486 2659 541 Deus
2683 496 2830 551 tuus,
2854 486 3122 541 Dominus
3148 501 3297 542 unus
3325 486 3497 547 est".
3532 508 3549 539 ›

1967 575 2036 630 Ει
2064 574 2208 629 idem
2233 579 2349 645 ipse
2389 574 2636 645 profecto
2655 575 2904 629 omnium
2933 575 3239 630 nativitatis
3272 585 3468 631 auctor
3492 592 3560 630 ac

1967 668 2232 723 Dominus
2252 667 2464 737 inquit:
2505 668 2667 738 178
2693 686 2711 718 ‹
2738 667 2860 723 Non
2879 676 3044 723 erunt
3064 668 3165 723 tibi
3187 667 3265 723 dii
3293 668 3386 722 alii
3422 682 3555 738 prae-

1968 770 2053 816 ter
2077 775 2163 815 me
2184 760 2248 813 ‘9.
2262 778 2279 810 ι
2306 760 2577 814 Praeterea
2591 766 2647 814 et
2661 773 2761 828 per
2778 773 2969 815 vocem
2985 766 3302 815 sanctorum
3320 758 3559 829 prophe-

1970 862 2147 908 tarum
2176 869 2189 906 :
2233 871 2251 904 ι
2278 853 2393 924 Ego
2414 851 2679 906 Dominus
2702 852 2935 922 primus,
2969 859 3026 908 et
3058 866 3159 923 ego
3197 852 3461 922 posthac;
3501 859 3559 906 et

1969 961 2081 1001 non
2115 955 2201 1001 est
2240 953 2396 1001 extra
2449 945 2621 1000 me".
2660 964 2679 996 ι
2717 944 2937 1015 Optime
2983 943 3153 1015 igitur
3202 944 3554 1001 celeberrimi

1970 1037 2179 1100 Patres,
2204 1050 2329 1091 cum
2360 1034 2487 1090 ﬁdei
2507 1034 2930 1090 fundamentum
2951 1032 3059 1089 hoc
3081 1034 3261 1104 ipsum
3284 1033 3555 1104 jacerent.

1969 1144 2169 1199 nempe
2186 1127 2540 1183 sentiendum
2554 1135 2611 1183 et
2633 1126 2993 1182 asserendum
3017 1141 3139 1181 esse
3160 1125 3309 1197 quod
3336 1142 3480 1181 unus
3502 1136 3561 1181 et

1970 1221 2121 1277 stilus
2141 1222 2213 1276 sit
2237 1230 2434 1276 natura
2463 1236 2702 1291 vereque
2734 1220 2901 1286 Deus,
2933 1219 3191 1274 dixerunt
3228 1219 3457 1275 credere
3499 1233 3559 1275 se

1971 1313 2029 1368 in
2068 1329 2238 1369 unum
2284 1315 2478 1369 Deum.
2512 1313 2782 1369 Eumdem
2817 1319 2875 1367 et
2915 1312 3412 1382 agnominaverunt
3452 1311 3557 1365 Pa-

1971 1413 2113 1461 trem
2147 1407 2600 1476 omnipotentem,
2631 1414 2694 1460 ut
2719 1420 2843 1460 cum
2872 1404 3031 1461 Patre
3055 1403 3221 1458 simul
3242 1403 3409 1458 etiam
3436 1403 3560 1458 Filii

1973 1497 2299 1569 signiﬁcatio
2348 1497 2668 1563 inferretur,
2725 1496 2797 1551 ob
2835 1510 3000 1568 quem
3038 1503 3124 1551 est
3168 1496 3353 1561 Pater,
3395 1495 3560 1551 simul

1971 1591 2323 1647 subsistentis
2348 1599 2406 1645 et
2425 1604 2643 1661 semper
2662 1589 3066 1645 coexsistentis.
3094 1588 3284 1658 Neque
3312 1588 3461 1643 enim
3506 1587 3562 1642 in

1973 1690 2221 1752 tempore
2252 1682 2432 1738 factus
2454 1691 2538 1738 est
2568 1684 2750 1747 Pater,
2774 1681 2873 1738 sed
2904 1680 3052 1752 quod
3077 1688 3162 1736 est
3194 1691 3411 1750 semper
3434 1678 3560 1744 fuit,

1972 1775 2078 1831 hoc
2096 1783 2181 1830 est
2203 1776 2386 1841 Pater,
2404 1775 2551 1830 ultra
2571 1791 2735 1830 omne
2755 1774 3029 1830 exsistens
3046 1772 3194 1843 quod
3224 1772 3431 1827 factum
3456 1780 3562 1836 est,

1970 1877 2028 1925 et
2069 1884 2285 1925 summa
2321 1867 2649 1924 celsitudine
2692 1865 2967 1922 sublimis.
2993 1865 3129 1921 Nam
3151 1879 3274 1920 esse
3315 1864 3563 1920 omnium

1970 1971 2252 2034 potentem
2273 1976 2336 2016 ac
2350 1959 2665 2025 Dominum,
2694 1959 2968 2014 illustrem
2987 1956 3125 2013 adeo
3145 1965 3202 2012 et
3223 1956 3569 2027 incompara-

1971 2055 2139 2111 bilem
2167 2054 2219 2110 ei
2254 2053 2350 2109 dat
2385 2052 2638 2123 gloriam.
2684 2052 2768 2107 Ab
2796 2051 2917 2123 ipso
2960 2059 3145 2107 autem
3181 2051 3405 2107 condita
3444 2066 3568 2106 esse

1971 2148 2164 2204 dicunt
2185 2145 2369 2202 omnia
2394 2160 2516 2215 quae
2538 2144 2594 2199 in
2625 2144 2803 2211 coalis,
2831 2152 2887 2200 et
2911 2160 3034 2215 quae
3066 2143 3123 2199 in
3143 2144 3328 2209 terris,
3354 2151 3414 2198 ut
3438 2143 3570 2199 hinc

1970 2254 2193 2311 quoque
2215 2238 2421 2293 nullam
2440 2236 2491 2293 ei
2510 2252 2637 2291 cum
2656 2236 2840 2307 aliqua
2863 2243 3115 2291 creatura
3139 2243 3353 2291 natura:
3369 2250 3571 2306 cogna-

1971 2332 2178 2388 tionem
2212 2345 2334 2387 esse
2372 2336 2756 2401 cognoscatur.
2801 2326 3238 2399 lncomparabilc
3279 2327 3427 2382 enim
3458 2328 3570 2382 dis-

1973 2423 2181 2479 crimen
2231 2430 2317 2479 est
2346 2420 2573 2477 factoris
2610 2430 2668 2477 et
2705 2419 2952 2483 facturae,
2998 2418 3227 2490 ingeniti
3278 2426 3336 2473 et
3374 2418 3564 2489 geniti,

1972 2525 2294 2586 naturaeque
2329 2514 2434 2571 sub
2468 2515 2613 2585 jugoj
2648 2527 2714 2569 ac
2737 2512 3006 2568 servitute
3049 2512 3270 2582 posite,
3318 2521 3378 2567 et
3418 2511 3570 2566 illius

1974 2622 2097 2680 quae
2137 2606 2368 2663 dominii
2392 2604 2659 2677 dignitate
2680 2603 2996 2667 decoratur,
3030 2608 3088 2658 et
3109 2601 3353 2656 divinant
3385 2602 3569 2655 omni-

1975 2715 2084 2772 que
2121 2696 2331 2754 mundo
2360 2696 2721 2753 excelsiorem
2753 2694 2985 2763 gloriam
3011 2692 3209 2748 sortita
3247 2700 3353 2748 est.

2044 2791 2219 2846 Porro
2242 2804 2366 2845 cum
2396 2786 2522 2842 Filii
2552 2784 2891 2840 mentionem
2911 2783 3197 2849 fecissent,
3227 2800 3299 2840 ne
3314 2784 3575 2840 videren-

1980 2895 2068 2939 tur
2092 2898 2292 2938 nomen
2314 2893 2606 2936 commune
2629 2877 2734 2949 ipsi
2767 2876 3077 2934 attribuere
3099 2917 3115 2943 ,
3147 2876 3293 2948 quod
3328 2876 3469 2932 forte
3516 2888 3575 2933 ct

1976 2975 2139 3031 nobis
2174 2988 2395 3045 quoque
2429 2969 2837 3027 accommodari
2859 2977 3047 3040 posset
3075 2967 3275 3040 (vocati
3300 2970 3449 3025 enim
3481 2985 3575 3027 su-

272 3084 437 3153 οίοὶ),
476 3078 889 3150 νουνεχέστατα,
926 3077 1338 3149 προσεπάγουσι
1382 3076 1451 3131 τὰ
1502 3078 1570 3131 δι’
1624 3070 1698 3131 ὧν
1725 3076 1873 3130 ἔστιν

1979 3082 2103 3124 mus
2127 3078 2185 3123 et
2205 3081 2309 3122 nos
2338 3063 2550 3134 lilii“),
2590 3061 3020 3134 prudentissime
3057 3061 3325 3133 adjiciunt
3357 3078 3424 3117 ea
3472 3078 3573 3132 per

276 3173 416 3226 ἰδεῖν
445 3170 548 3241 τῆς
578 3168 803 3240 ἐνούσης
824 3168 975 3238 αὐτῷ
996 3167 1354 3239 φαιδρότητος
1383 3168 1621 3239 φυσικῆς
1649 3169 1711 3223 τὸ
1738 3168 1877 3239 ὑπὲρ

274 3265 472 3318 κτίσιν
507 3261 744 3331 ἀξίωμα.
772 3258 1142 3329 Γεγεννῆσθαι
1165 3260 1297 3331 γὰρ,
1326 3261 1420 3313 καὶ
1450 3261 1512 3313 οὐ
1545 3259 1879 3330 πεποιῆσθαι

274 3373 481 3427 φασιν,
524 3352 854 3406 ἀσύντακτον
912 3352 1012 3421 μὲν
1056 3352 1334 3415 οὐσιωδῶς
1379 3354 1443 3422 τῇ
1499 3351 1675 3405 κτίσει
1700 3350 1791 3405 διὰ
1818 3351 1879 3404 τὸ

277 3453 356 3520 μὴ
387 3444 735 3515 πεποιῆσθαι
774 3443 1025 3507 νοοῦντες
1060 3444 1242 3509 αὐτὸν,
1292 3444 1520 3513 ἐκφῦναι
1569 3445 1627 3497 δὲ
1679 3444 1879 3515 μᾶλλον

274 3535 753 3608 διισχυριζόμενοι
804 3534 903 3605 τῆς
956 3533 1147 3597 οὐσίας
1191 3532 1285 3588 τοῦ
1335 3533 1471 3588 Θεοῦ
1518 3534 1615 3588 καὶ
1662 3534 1878 3606 [ἰατρὸς

278 3629 536 3699 ἀχρόνως
564 3642 626 3678 τε
666 3626 764 3679 καὶ
799 3625 1199 3695 ἀπερινοήτωςο
1234 3644 1253 3677 ι
1280 3621 1389 3679 ’Ἦν
1416 3624 1527 3695 γὰρ
1558 3626 1586 3679 6
1615 3626 1788 3694 Λόγος
1821 3629 1879 3679 ὲν

280 3722 456 3790 ἀρχῇ.
492 3737 509 3769 ι
554 3714 693 3772 Εἶτα
723 3719 819 3787 τῆς
842 3719 1027 3781 ὠδῖνος
1053 3717 1112 3771 τὸ
1138 3717 1362 3788 γνήσιον
1406 3715 1793 3787 (ἀνθρωπίνως
1818 3718 1876 3772 δὲ

281 3813 378 3865 καὶ
400 3810 564 3863 τοῦτο
591 3810 852 3881 εἰρήσθω,
882 3810 972 3863 διὰ
1003 3809 1064 3861 τὸ
1091 3810 1385 3880 χρήσιμον)
1436 3803 1495 3862 εὖ
1534 3808 1679 3879 μάλα
1708 3826 1880 3863 κατα-

284 3902 672 3974 σημαίνοντες,
708 3902 840 3955 Θεὸν
874 3900 1086 3970 ἔφασαν
1122 3902 1186 3953 ὲκ
1215 3899 1351 3953 Θεοῦ
1386 3900 1753 3971 γεγεννῆσθαι
1786 3900 1879 3955 τὸν

312 3994 438 4048 Ἕόν.
474 3991 648 4046 Ἔνθα
700 3990 810 4061 γὰρ
847 3991 988 4054 ὅλως
1040 3991 1297 4061 γέννησις
1347 3989 1573 4061 ἀληθὴς.
1621 3993 1739 4044 ἐκεῖ
1773 4008 1877 4044 που

280 4087 509 4149 πάντως
556 4085 746 4137 ἕποιτο
778 4081 845 4136 ἂν
887 4082 949 4137 τὸ
1000 4083 1199 4153 χρῆναι
1231 4084 1372 4137 νοεῖν
1414 4084 1510 4136 καὶ
1563 4083 1745 4153 λέγειν
1777 4086 1878 4138 οὐκ

279 4178 575 4249 ἀλλότριον
606 4175 709 4246 τῆς
749 4175 938 4238 οὐσίας
971 4174 1065 4227 τοῦ
1113 4174 1368 4238 τεκόντος
1414 4175 1476 4228 τὸ
1520 4176 1734 4247 τεχθὲν,
1761 4178 1877 4232 ἀλλ’

280 4270 422 4323 ἴδιον
451 4268 647 4338 αὐτῆς,
700 4267 782 4320 ὃτι
819 4267 917 4321 καὶ
954 4265 1016 4331 ἐξ
1047 4266 1217 4337 αὐτῆς
1256 4266 1399 4319 κατὰ
1438 4266 1529 4320 τὸν
1557 4269 1695 4340 αὐτῇ
1745 4268 1880 4340 πρέ-

281 4359 463 4414 ποντά
500 4375 564 4411 τε
602 4359 695 4411 καὶ
726 4357 943 4411 ἐοικότα
984 4356 1161 4425 λόγον.
1192 4356 1269 4410 Οὐ
1300 4356 1408 4427 γὰρ
1436 4357 1578 4412 κατὰ
1602 4358 1761 4429 σῶμα
1785 4358 1877 4412 τέ-

1981 3179 2103 3233 qua:
2126 3161 2316 3218 videre
2362 3159 2492 3214 licet
2521 3156 2847 3229 dignitatem
2899 3156 3172 3211 naturalis
3220 3155 3408 3227 gloria:
3449 3171 3574 3227 quat

1982 3258 2037 3313 in
2063 3257 2179 3327 ipso
2200 3262 2305 3318 est,
2330 3268 2498 3323 supra
2520 3266 2740 3306 omnem
2758 3257 3091 3304 creaturam.
3115 3247 3377 3304 Genitum
3395 3249 3568 3313 enim,

1980 3357 2038 3403 et
2071 3363 2181 3403 non
2205 3346 2413 3402 factum
2443 3359 2566 3400 esse
2598 3343 2794 3399 dicunt
2829 3360 2842 3395 :
2874 3341 2929 3396 in
2955 3357 3023 3397 eo
3050 3339 3198 3411 quod
3219 3356 3329 3394 non
3369 3349 3455 3394 est
3486 3340 3571 3394 fa-

1981 3448 2125 3505 ctus,
2184 3438 2575 3509 intelligentcs,
2630 3450 2758 3491 eum
2808 3433 3114 3489 secundum
3166 3430 3461 3487 essentiam
3516 3432 3573 3485 in

1980 3539 2359 3587 creaturarum
2408 3527 2603 3581 ordine
2637 3525 2864 3590 minime
2887 3523 3121 3590 censeri,
3154 3523 3251 3578 sed
3293 3522 3572 3579 exstitisse

1981 3624 2135 3679 illum
2161 3621 2495 3677 affirmantes
2527 3634 2595 3673 ex
2619 3619 2734 3688 ipsa
2758 3618 2855 3673 Dei
2882 3626 2938 3672 et
2964 3617 3144 3673 Patris
3166 3617 3427 3681 essentia,
3453 3617 3572 3672 sine

1983 3724 2250 3785 tempore,
2271 3721 2325 3769 et
2355 3710 3029 3782 iucomprehensibiliter:
3064 3728 3082 3761 ι
3112 3710 3244 3765 Erat
3262 3709 3412 3763 enim
3439 3710 3574 3765 Ver-

1982 3807 2114 3862 bum
2169 3806 2227 3859 in
2272 3803 2629 3876 principio".
2667 3822 2684 3855 ι
2718 3804 2913 3858 Postea
2966 3817 3121 3867 vero,
3169 3812 3231 3857 ut
3260 3801 3586 3857 naturalem‘

1980 3914 2104 3954 esse
2171 3905 2394 3969 partum
2447 3894 2825 3967 significanter
2879 3893 3256 3964 exprimerent
3312 3894 3572 3966 (dicatur

1980 3991 2129 4047 enim
2169 3990 2224 4045 id
2272 4003 2512 4059 quoque,
2551 3986 2682 4057 quia
2715 3986 2795 4042 sic
2816 3995 3053 4057 oportet,
3097 3985 3338 4038 humano
3369 3984 3568 4054 more).

1982 4082 2164 4155 ipsum
2210 4081 2433 4147 Filium,
2481 4080 2655 4134 Deum
2683 4079 2942 4135 dixerunt
2980 4079 3049 4134 de
3075 4080 3187 4133 Deo
3222 4085 3437 4132 natum.
3464 4078 3567 4133 Ulli

1980 4176 2127 4232 enim
2155 4174 2382 4230 omnino
2410 4187 2541 4228 vera
2570 4172 2850 4237 nativitas,
2898 4171 3012 4226 illic
3051 4172 3280 4226 omnino
3317 4171 3570 4242 sequitur

1981 4278 2043 4325 ut
2076 4265 2492 4339 intelligendum
2532 4274 2590 4321 et
2628 4265 2925 4321 dicendum
2975 4264 3066 4329 sit,
3098 4263 3152 4319 id
3198 4265 3377 4335 ipsum
3420 4263 3569 4334 quod

1981 4361 2229 4433 genitum
2261 4370 2383 4426 est,
2448 4359 2519 4414 ab
2550 4359 2671 4429 ejus
2726 4358 2821 4427 qui
2842 4358 3057 4448 .genuit
3111 4357 3419 4413 substantia
3457 4373 3569 4410 non

278 4453 441 4517 ξεται
466 4451 534 4504 τὺ
571 4449 887 4520 ἀσώματον,
915 4449 1061 4504 οὕτω
1090 4451 1148 4504 δὲ
1173 4448 1392 4521 μᾶλλον,
1422 4450 1499 4513 ὡς
1529 4450 1645 4520 φῶς
1675 4452 1740 4504 ὲκ
1768 4469 1873 4522 φω-

1982 4468 2103 4508 esse
2136 4452 2399 4517 alienum,
2450 4450 2547 4507 sed
2584 4451 2706 4521 ejus
2730 4438 3038 4519 proﬁium,
3085 4448 3216 4518 quia
3256 4456 3313 4503 et
3349 4463 3416 4502 ex
3451 4447 3568 4517 ipsa

276 4546 397 4607 τὸς,
422 4544 515 4597 ἵνα
562 4544 623 4595 ἐν
661 4541 740 4613 τῷ
768 4541 1193 4614 ἀπαστρᾰαζκαντι
1241 4543 1383 4611 φωτὶ
1411 4543 1474 4597 τὸ
1520 4544 1877 4613 ἁπαυγασθὲν

276 4636 441 4689 ἐνθεν
470 4637 643 4688 νοοῖτο
672 4634 811 4704 φῶς,
848 4635 942 4687 καὶ
976 4634 1036 4698 ἐξ
1065 4634 1233 4686 αὑτοῦ
1265 4634 1409 4688 κατὰ
1455 4635 1677 4708 πρόοδον
1705 4637 1877 4708 ἀπόρ-

276 4728 454 4799 ρητόν
481 4743 547 4779 τε
587 4727 682 4779 καὶ
728 4725 1030 4799 ἄφραστον,
1082 4725 1175 4778 καὶ⁸
1212 4728 1269 4778 ἐν
1309 4725 1458 4797 αὐτῷ
1503 4726 1627 4780 καθ’
1660 4727 1875 4792 ἕνωσιν,

273 4823 383 4873 καὶ
410 4818 723 4889 ταυτότητα
772 4820 1036 4889 φυσικήν.
1082 4817 1239 4872 Οὕτω
1271 4818 1383 4890 γὰρ
1410 4815 1549 4874 εἷναί
1602 4838 1783 4893 φαμεν
1822 4822 1880 4874 ὲν

279 4913 390 4981 μὲν
416 4910 502 4983 τῷ
529 4911 703 4981 Πατρὶ
733 4912 828 4964 τὸν
874 4909 1023 4973 Υίδν,
1050 4909 1111 4962 ὲν
1152 4909 1210 4962 δὲ
1239 4908 1317 4980 τῷ
1350 4910 1465 4982 Υίῷ
1507 4911 1600 4964 τὸν
1631 4912 1872 4984 Πατέρα.

286 5003 641 5077 Ὑπογράφει
680 5004 789 5077 γὰρ
826 5006 856 5057 6
911 5003 1038 5067 Υἱὸς
1082 5004 1141 5055 ἐν
1177 5002 1286 5075 ίδίᾳ
1327 5003 1487 5073 φύσει
1518 5021 1579 5058 τε
1628 5006 1720 5058 καὶ
1749 5004 1875 5077 δόξῃ

270 5100 372 5151 τον
398 5096 595 5151 ἑαυτοῦ
623 5098 954 5168 Γεννήτορα.
985 5097 1094 5151 Καὶ
1119 5096 1252 5166 γοῦν
1270 5097 1372 5169 ἔφη
1399 5097 1587 5166 σαφῶς
1617 5097 1753 5170 πρὸς
1780 5098 1876 5152 ἕνα

272 5191 393 5245 τῶν
420 5190 596 5259 ἁγίων
633 5188 892 5261 μαθητῶν
940 5189 1228 5261 (Φίλιππος
1282 5190 1340 5243 δὲ
1390 5184 1545 5253 οὗτος
1571 5184 1660 5260 ἦν)
1689 5206 1701 5219 ο
1742 5210 1760 5241 ‹
1798 5191 1875 5244 Ού

276 5286 587 5349 πιστεύεις,
620 5285 705 5337 ὅτι
739 5282 942 5351 ὲγὼ⁴ὲν
997 5282 1076 5352 τῷ
1108 5282 1308 5352 Πατρὶ,
1357 5281 1452 5334 καὶ
1505 5284 1535 5335 6
1584 5282 1773 5353 Πατὴρ
1819 5284 1878 5335 ὲν

274 5377 415 5447 ἐμοί
441 5379 629 5441 ἐστινς
677 5375 736 5429 '0
780 5374 1051 5447 ἑωρακὼς
1080 5376 1201 5446 ἐμὲ,
1253 5372 1468 5446 ἑώρακε
1506 5374 1598 5427 τὸν
1629 5374 1873 5446 Πατέρα.

287 5466 442 5533 Ἱιῖγὼ
471 5465 570 5519 val.
592 5468 623 5520 6
657 5465 848 5536 Πατὴρ
877 5466 937 5517 ἓν
971 5467 1157 5536 ἐσμεν.
1190 5485 1208 5516 ι
1260 5464 1473 5518 Οὐκοῦν
1521 5463 1805 5535 ὁμοούσιος
1849 5467 1878 5518 ὁ

274 5556 421 5623 Υἱὸς
439 5558 520 5628 τῷ
574 5558 771 5630 Πατρί.
813 5558 1002 5631 Ταύτῃ
1054 5575 1156 5622 τοι,
1191 5559 1286 5613 καὶ
1338 5558 1474 5622 Θεὸς
1524 5557 1776 5628 ἀληθινὸς
1809 5560 1873 5613 ἐκ

1976 4554 2063 4599 est
2096 4544 2253 4615 juxta
2303 4543 2576 4598 rationem
2608 4541 2715 4612 ipsi
2757 4540 3176 4596 convenientem
3228 4547 3394 4610 atque
3431 4554 3570 4594 con-

1978 4645 2287 4708 gruentem.
2319 4635 2712 4706 lncorporeum
2732 4633 2879 4689 enim
2913 4648 3025 4688 non
3051 4632 3223 4704 gignit
3251 4639 3313 4686 ut
3338 4647 3565 4703 corpus.
3591 4638 3595 4667 ε

1979 4730 2075 4785 sed
2097 4729 2271 4799 magis
2302 4728 2444 4784 sicut
2476 4729 2662 4783 lumen
2700 4743 2767 4783 ex
2791 4725 3033 4791 lumine;
3066 4733 3125 4778 ut
3156 4723 3212 4778 in
3243 4732 3571 4780 eoruscante

1979 4822 2187 4876 lumine
2231 4820 2361 4875 inde
2405 4819 2766 4890 resplendens
2788 4804 2981 4872 lumen
3015 4815 3377 4886 intelligatur,
3400 4824 3457 4870 et
3500 4831 3570 4871 ex

1984 4914 2081 4969 illo
2112 4928 2233 4968 esse
2258 4912 2564 4967 secundum
2599 4910 2937 4967 ineffabilem
2970 4916 3026 4963 et
3048 4906 3394 4963 indicibilem
3434 4923 3570 4979 pro-

1984 5008 2310 5071 cessionem,
2340 5014 2395 5060 et
2413 5005 2469 5059 in
2492 5006 2609 5075 ipso
2626 5002 2928 5059 secundum
2948 5000 3208 5055 unionem
3228 5008 3286 5056 et
3307 5001 3572 5057 identita-

1984 5111 2096 5157 tem
2112 5100 2443 5155 naturalem.
2468 5097 2629 5169 179
2644 5096 2735 5153 Sic
2755 5095 2902 5152 enim
2925 5108 3047 5149 esse
3074 5092 3312 5149 dicimus
3332 5094 3390 5149 in
3412 5095 3573 5149 Patre

1985 5192 2210 5263 quidem
2234 5192 2455 5256 Filium,
2485 5191 2542 5245 in
2580 5189 2719 5245 Filio
2739 5196 2922 5243 autem
2958 5187 3198 5242 Patrem.
3232 5182 3369 5241 Nam
3400 5184 3573 5240 Filius

1986 5285 2044 5340 in
2082 5286 2303 5357 propria
2339 5293 2536 5339 natura
2572 5293 2630 5338 et
2650 5281 2825 5353 gloria
2848 5281 3068 5336 Patrem
3090 5294 3253 5336 suum
3284 5279 3571 5334 describit.

1986 5349 2223 5431 Proinde
2246 5385 2433 5448 aperte
2463 5374 2597 5431 dicit
2628 5349 2695 5428 ad
2712 5370 2892 5428 unum
2923 5380 3240 5429 sanctorum
3266 5370 3573 5443 discipulo—
3598 5349 3606 5371 ⁸

1985 5482 2108 5521 rum
2143 5466 2452 5539 (Philippus
2483 5466 2529 5520 is
2556 5464 2697 5535 erat)
2736 5481 2748 5518 :
2775 5483 2793 5514 ι
2833 5464 2954 5518 Non
2987 5462 3171 5519 credis
3203 5461 3351 5534 quod
3372 5477 3475 5534 ego
3513 5461 3573 5520 in

1980 5560 2163 5622 Patre,
2188 5565 2244 5612 et
2270 5558 2431 5611 Pater
2456 5558 2512 5610 in
2541 5572 2629 5611 me
2658 5556 2783 5611 est?
2804 5555 2910 5623 Qui
2935 5555 3075 5611 vidit
3098 5570 3207 5622 me,
3232 5554 3371 5611 vidit
3390 5562 3446 5612 et
3464 5554 3574 5609 Pa-

369 5729 425 5763 “
452 5733 595 5789 Deut
643 5750 716 5797 vr,
740 5734 797 5788 4.
877 5734 921 5765 δ’
946 5733 1119 5788 Exod.
1156 5751 1244 5800 xx,
1270 5736 1323 5790 5.
1393 5737 1438 5769 ³⁸
1470 5737 1572 5793 lsa.
1615 5753 1760 5804 κων,
1790 5735 1842 5791 6.
1924 5736 1967 5768 ⁸³
1992 5734 2168 5790 Galat.
2198 5749 2274 5801 Iv,
2308 5732 2361 5788 6.
2438 5734 2485 5767 ⁸³
2521 5733 2681 5789 Joan.
2712 5750 2750 5803 ι,
2786 5735 2836 5789 l.

532 5831 806 5893 PATROL.
854 5831 969 5892 GR.
1010 5830 1300 5894 LXXVII.

3091 5822 3164 5888 10
