4044 6212
492 281 601 338 299

1514 272 1569 323 S.
1613 266 1887 324 CYRILLI
1928 266 2395 321 ALEXANDRINI
2439 265 2755 320 ARCIIIEP.
3658 258 3761 313 .700

491 409 631 453 trem
653 396 715 449 “.
736 396 848 465 Ego
871 402 925 449 et
950 395 1109 448 Pater
1128 404 1296 443 unum
1320 402 1509 441 sumus
1536 385 1601 437 ³⁸.
1631 385 1829 454 ﬂgitur
1850 382 2076 437 consub-

2192 382 2327 436 Θεοῦ
2362 382 2616 453 ἀληθινοῦ
2654 380 3013 451 γεγεννῆσθαι
3049 379 3378 432 πιστεύεται.
3431 378 3539 430 Καὶ
3568 378 3628 429 τὸ
3663 380 3759 445 μὲν

490 488 762 543 stantialis
790 492 873 539 est
897 484 1069 538 Filius
1098 480 1267 535 Patri.
1309 476 1543 531 Proinde
1563 476 1664 529 hac
1706 475 1917 528 ratione
1940 474 2084 527 Deus

489 596 653 636 verus
665 596 733 633 ex
750 580 862 632 Deo
878 592 1010 631 vero
1033 582 1196 628 natus
1208 587 1326 626 esse
1345 570 1609 625 creditur.
1634 569 1701 623 Et
1714 565 2084 638 generationis

489 671 715 742 quidem
757 684 957 723 nomen
988 667 1154 720 etiam
1183 664 1237 718 in
1262 662 1533 717 creaturis
1568 662 1807 730 positum
1835 659 2081 713 invenie-

490 778 631 825 mus,
652 761 803 831 juxta
827 755 1039 826 idquod
1067 755 1133 809 de
1151 754 1237 807 his
1255 752 1519 822 quierant
1541 767 1607 805 ex
1633 750 1899 820 sanguine
1916 747 2080 803 Israel

487 872 515 907 a
544 854 656 907 Deo
681 852 890 905 dictum
922 855 1039 902 est:
1076 864 1093 896 ‹
1126 844 1295 899 Filios
1321 842 1483 914 genui
1510 841 1896 897 etexaltavi".
1928 858 1945 889 ι
1976 838 2081 893 Sed

487 943 909 1015 appellationem
933 940 1073 993 hanc
1094 937 1282 1007 gratiae
1300 936 1420 989 loco
1454 941 1706 988 creatura
1730 932 1995 986 lucratur.
2014 930 2083 984 At

487 1039 553 1092 de
578 1034 814 1090 naturali
841 1033 978 1088 Filio
1007 1031 1145 1084 nihil
1170 1029 1273 1082 tale
1292 1044 1389 1096 per
1406 1025 1730 1079 abusionem
1749 1022 1956 1076 dictum
1974 1032 2078 1083 est,

488 1130 581 1183 sed
601 1127 785 1182 omnia
802 1139 957 1185 vera,
986 1132 1042 1177 et
1073 1128 1297 1190 propter
1322 1118 1426 1171 hoc
1451 1116 1602 1170 solus
1622 1130 1689 1169 ex
1716 1112 1974 1168 omnibus
1994 1111 2081 1165 di-

488 1223 561 1275 eit
599 1240 609 1272 :
651 1240 667 1271 ι
706 1220 818 1289 Ego
835 1233 957 1271 sum
976 1215 1178 1268 veritas
1204 1213 1268 1264 ⁸⁸.
1294 1233 1311 1261 ι
1339 1209 1686 1277 Quapropter
1718 1206 1831 1259 sive
1849 1218 2079 1275 genera-

490 1315 717 1378 tionem,
733 1313 847 1367 sive
863 1309 1181 1363 ﬁliationem
1196 1305 1262 1359 de
1276 1304 1393 1373 ipso
1410 1302 1535 1372 quis
1549 1300 1715 1364 dicat,
1732 1311 2080 1367 nequaquam

490 1406 811 1461 mentietur:
834 1403 949 1473 ipse
968 1395 1449 1455 enimestveritas.
1471 1394 1659 1462 Itaque
1684 1391 1942 1445 muniunt
1964 1388 2082 1442 ani-

490 1513 605 1551 mas
620 1505 836 1550 nostras
860 1488 1209 1547 celeberrimi
1230 1486 1309 1540 illi
1334 1484 1476 1541 sacri
1501 1484 1776 1546 doctores,
1793 1481 2009 1535 Patrem
2026 1485 2081 1532 et

491 1588 685 1641 Filium
703 1584 909 1653 ubique
926 1597 989 1635 ac
1006 1577 1419 1651 generationem
1440 1573 1811 1636 nominantes,
1831 1580 1887 1626 et
1906 1571 2080 1624 Deum

491 1691 683 1732 verum
710 1690 777 1729 ex
823 1674 935 1727 Deo
965 1670 1438 1736 vero,lumenque
1463 1682 1529 1720 ex
1564 1664 1773 1719 lumine
1809 1660 2080 1716 eﬂ‘ulsissc

2186 474 2284 542 τῆς
2313 473 2621 542 γεννήσεως
2646 472 2816 542 ὄνομα
2848 472 3002 524 τεθὲν
3031 471 3357 539 εὑρήσομεν,
3402 468 3495 520 καὶ
3530 469 3620 520 ἐπὶ
3657 469 3765 520 τῶν

2188 565 2525 634 κτισμάτων,
2569 564 2711 617 κατά
2760 580 2845 630 γε,
2894 563 3058 632 φημὶ,
3091 560 3153 613 τό
3176 576 3187 587 ·
3225 578 3242 610 ι
3276 559 3437 620 Υἱοὺς
3476 558 3762 627 ἐγέννησα,

2186 657 2279 708 καὶ
2310 655 2521 724 ῦψωσα,
2566 672 2583 705 ι
2627 654 2756 725 περὶ
2799 653 2903 705 τῶν
2936 652 2995 716 ἐξ
3027 652 3259 722 αἵματος
3294 650 3511 719 Ἰσραὴλ
3541 648 3766 718 εἰρημέ-

2185 766 2289 803 νων
2324 748 2475 818 παρά
2505 746 2663 800 Θεοῦ.
2704 745 2843 798 Ἀλλ’
2873 747 2929 798 ἐν
2979 744 3200 816 χάριτος
3243 741 3394 805 τάξει
3421 740 3519 811 τὴν
3558 740 3767 793 τοιάνδε

2185 842 2376 911 κλῆσιν
2400 838 2786 909 ἀποκερδαίνει
2816 837 2877 890 τὸ
2906 836 3147 907 ποιηθέν.
3168 836 3289 887 Ἐπὶ
3322 834 3376 885 δέ
3406 850 3469 901 γε
3498 830 3592 886 τοῦ
3623 832 3767 885 κατά

2185 934 2347 1002 φύσιν
2381 930 2513 985 Υἱοῦ
2540 929 2998 1001 καταχρηστικῶς
3036 928 3134 998 μὲν
3164 926 3272 979 τῶν
3299 923 3557 977 τοιούτων
3589 924 3766 987 οὐδὲν,

2182 1025 2355 1096 ἀληθῆ
2394 1024 2449 1077 δὲ
2491 1024 2688 1078 πάντα’
2725 1023 2819 1075 καὶ
2852 1021 2939 1074 διὰ
2987 1020 3145 1073 τοῦτο
3183 1017 3343 1089 μόνος
3392 1016 3456 1069 ὲκ
3520 1015 3764 1077 πάντων,

2189 1136 2205 1168 ι
2254 1115 2397 1184 Ἐγώ
2431 1118 2567 1185 εἰμι,
2606 1114 2791 1184 φησὶν,
2826 1114 2858 1184 ἡ
2903 1112 3149 1184 ἀλήθεια.
3190 1129 3208 1161 ι
3239 1110 3403 1161 Ὥστε
3444 1108 3550 1161 κᾶν
3574 1108 3769 1177 γέννη-

2186 1226 2289 1273 σιν,
2322 1208 2425 1261 κᾶν
2455 1208 2681 1276 υἰότητά
2705 1224 2791 1269 τις
2820 1207 2905 1258 ἐπ’
2926 1204 3074 1274 αὑτῷ
3091 1202 3247 1274 λέγῃ,
3271 1200 3466 1270 ψεῦδος
3490 1203 3767 1271 ποιήσειεν

2182 1300 2247 1353 ἂν
2291 1299 2576 1364 ούδαμῶςο
2628 1297 2790 1360 αὑτὸς
2817 1296 2925 1366 γάρ
2953 1298 3098 1348 ἐστιν
3136 1295 3169 1363 ἡ
3224 1290 3469 1360 ἀλήθεια.
3516 1289 3769 1359 Ἀσφαλί-

2183 1392 2366 1457 ζονται
2413 1390 2592 1444 τοίνυν
2640 1390 2739 1452 τάς
2784 1386 3061 1459 ἡμετέρας
3089 1384 3265 1454 ψυχὰς
3316 1383 3365 1436 οἱ
3415 1382 3768 1452 πανεὺφημοι

2186 1478 2560 1553 μυσταγωγοὶ,
2594 1480 2811 1550 Πατέρα
2840 1478 2933 1532 καὶ¹
2967 1476 3095 1529 Υἱὸν
3123 1473 3422 1544 πανταχοῦ,
3455 1475 3549 1526 καὶ
3577 1474 3769 1543 γέννη-

2184 1591 2267 1626 σιν
2293 1572 2667 1645 ὀνομάζοντες,
2688 1571 2782 1624 καὶ
2798 1569 2929 1623 Θεὸν
2956 1566 3207 1639 ἀληθινὸν
3233 1567 3296 1618 ὲκ
3326 1563 3461 1618 Θεοῦ
3489 1564 3765 1634 ἀληθινοῦ,

2183 1668 2277 1720 καὶ
2302 1666 2416 1735 φῶς
2442 1668 2504 1719 ὲκ
2542 1664 2719 1734 φωτὸς
2748 1661 3105 1732 ἀπαστράψαι
3136 1660 3392 1727 λέγοντες
3411 1673 3422 1683 ·
3464 1657 3552 1711 ἵνα
3583 1657 3674 1712 καὶ
3701 1659 3767 1710 τὸ

489 1766 754 1830 dicentes,
777 1772 836 1818 ut
852 1764 942 1817 illa
961 1761 1240 1833 generatio
1260 1768 1314 1813 et
1337 1759 1661 1828 incorporea
1674 1756 1744 1811 sit
1764 1754 2076 1823 etsimplex.

2184 1760 2475 1829 ἀσώματον
2505 1760 2600 1812 καὶ
2629 1757 2691 1810 τὸ
2724 1755 2930 1810 ἀπλοῦν
2970 1757 3004 1825 ή
3041 1752 3294 1823 γέννησις
3334 1750 3453 1821 ἔχῃ,
3482 1750 3577 1803 καὶ
3612 1750 3671 1802 τὸ
3705 1750 3769 1815 ἐξ

489 1868 545 1914 et
581 1857 864 1913 notionem
891 1871 957 1909 ex
987 1855 1105 1924 ipso
1138 1852 1489 1923 procedentis
1520 1849 1643 1905 etin
1666 1848 1784 1917 ipso
1808 1846 2082 1900 manentis

492 1955 711 2017 habeat,
742 1962 797 2006 et
832 1958 1064 2019 uterque
1089 1947 1356 2002 exsistere
1392 1944 1447 1998 in
1481 1942 1699 2014 propria
1734 1955 1968 2011 persona
1993 1940 2080 1993 in-

491 2045 782 2114 telligatur.
811 2041 973 2094 Pater
1013 2038 1160 2093 enim
1201 2045 1284 2091 est
1316 2036 1497 2099 Pater,
1539 2041 1595 2087 et
1638 2047 1748 2086 non
1783 2032 1982 2096 Filius;
2027 2037 2082 2084 et

492 2137 659 2191 Filius
689 2142 773 2189 est
805 2134 895 2187 ille
945 2141 1127 2195 natus,
1164 2137 1218 2185 et
1248 2142 1355 2182 non
1380 2128 1569 2191 Pater;
1600 2135 1656 2179 et
1687 2125 1742 2177 in
1794 2123 2080 2177 identitate

491 2237 697 2284 naturae
720 2224 1007 2297 proprium
1036 2231 1119 2277 est
1143 2221 1433 2289 utriusque
1459 2218 1513 2271 id
1548 2233 1669 2272 esse
1693 2215 1840 2286 quod
1864 2223 1949 2270 est

552 2320 826 2375 Czeterum
848 2330 971 2370 cum
1004 2313 1250 2369 omnium
1276 2318 1386 2363 tam
1421 2307 1721 2362 visibilium
1746 2320 1907 2375 quam
1941 2304 2080 2357 invi-

489 2405 731 2458 sibilium
770 2404 983 2457 Patrem
1014 2416 1137 2454 esse
1179 2398 1441 2453 factorem
1478 2394 1951 2465 pronuntiassent,
1982 2408 2081 2461 per

491 2496 687 2551 Filium
714 2493 898 2549 omnia
950 2491 1089 2546 facta
1128 2504 1249 2545 csse
1279 2488 1497 2551 dicunt,
1538 2502 1650 2539 non
1694 2492 1754 2538 ut
1809 2484 2075 2537 minorem

489 2585 738 2654 gloriam,
776 2582 933 2653 quasi
962 2591 1166 2636 sortem
1202 2580 1493 2649 quamdam
1526 2577 1631 2647 ipsi
1660 2575 2075 2631 convenientem

492 2678 799 2733 tribuerent
824 2693 837 2742 ;
867 2674 1096 2728 minime
1127 2672 1350 2742 quidem
1382 2688 1393 2723 :
1431 2670 1526 2724 ubi
1552 2669 1698 2723 enim
1725 2669 1950 2722 omnino
1978 2669 2078 2721 mi-

490 2786 614 2834 nus,
639 2770 723 2825 vel
746 2770 911 2823 etiam
940 2771 1116 2837 majus
1140 2767 1194 2819 in
1222 2765 1508 2819 identitate
1540 2763 1861 2817 substantia:
1901 2761 2075 2815 videri

491 2859 714 2928 potest?
740 2857 835 2911 sed
860 2856 1005 2925 quod
1050 2857 1162 2909 Deo
1192 2864 1247 2908 et
1290 2854 1436 2907 Patri
1478 2861 1674 2907 natura
1723 2854 1792 2907 sit
1826 2852 2072 2913 insitum,

492 2965 601 3003 nun
654 2948 762 3002 alio
818 2946 981 2999 modo
1008 2944 1213 3013 aliquid
1245 2943 1462 3012 operari
1515 2952 1574 2996 ct
1618 2958 1815 2997 vocare
1868 2952 1929 2996 ut
1980 2942 2070 3007 sit,

491 3055 654 3111 quin]
682 3055 781 3109 per
808 3037 1008 3092 Filium
1040 3037 1094 3089 in
1137 3036 1369 3105 Spiritu,
1405 3044 1661 3105 tanquam
1690 3052 1788 3105 per
1810 3035 2069 3090 virtutem

492 3144 555 3185 at
594 3128 917 3199 sapientiam
949 3143 1123 3182 suam.
1173 3126 1449 3196 Scriptum
1477 3136 1560 3183 est
1604 3128 1752 3180 enim
1785 3145 1796 3179 :
1843 3147 1859 3177 ι
1890 3127 2071 3181 Verbo
2102 3102 2146 3163 (ἶ

494 3218 706 3272 Domini
732 3218 854 3271 coeli
891 3216 1089 3270 ﬁrmati
1122 3225 1268 3280 sunt,
1298 3226 1353 3270 ct
1385 3216 1584 3286 spiritu
1606 3217 1720 3272 oris
1743 3218 1862 3287 ejus
1894 3218 2074 3273 onmis

492 3308 666 3361 virtus
706 3322 897 3360 eorum
923 3308 989 3360 ⁸⁷.
1030 3326 1047 3356 ›
1088 3305 1169 3359 Ad
1204 3306 1320 3361 lucc
1366 3306 1806 3376 sapientissimus
1837 3306 2076 3361 Joannes

490 3413 615 3453 eum
646 3399 909 3453 dixisset:
948 3417 965 3449 ι
999 3399 1059 3452 1η
1089 3398 1362 3468 principio
1397 3407 1517 3454 erat
1543 3399 1802 3461 Verbum,
1853 3410 1909 3452 et
1941 3400 2075 3453 Ver-

494 3492 621 3545 bum
645 3490 925 3560 eratapud
952 3490 1145 3554 Deum,
1170 3500 1223 3544 et
1253 3491 1397 3545 Deus
1423 3499 1542 3544 erat
1563 3490 1804 3545 Verbum
1822 3490 1900 3556 ⁶⁸;
1936 3510 1953 3539 ι
1974 3490 2072 3543 ad-

488 3586 619 3654 jecit
646 3584 958 3639 necessario
988 3601 999 3636 :
1042 3602 1059 3634 ι
1099 3584 1291 3639 Omnia
1322 3600 1420 3653 per
1455 3584 1633 3653 ipsum
1674 3583 1814 3638 facta
1844 3593 1990 3648 sunt,
2018 3592 2073 3638 et

488 3679 607 3731 sine
648 3678 766 3747 ipso
791 3676 993 3731 factum
1015 3686 1098 3731 est
1121 3676 1256 3729 nihil
1279 3678 1343 3729 ⁸³³.
1373 3696 1389 3727 ›

566 3770 725 3839 180
787 3770 958 3841 Igitur
1006 3779 1293 3840 postquam
1340 3769 1789 3825 demonstrarunt
1832 3769 2071 3825 consub-

491 3861 834 3923 stantialem,
886 3861 1244 3932 ejusdemque
1309 3862 1528 3931 glorim,
1598 3871 1653 3915 et
1715 3862 1959 3932 ejusdem
2017 3864 2072 3917 in

491 3953 772 4022 operando
828 3951 1083 4007 eﬂieacia:
1132 3969 1256 4007 eum
1286 3954 1444 4007 Patre
1492 3954 1723 4020 Filium;
1762 3965 2071 4024 opportune

489 4053 927 4099 commemorant
950 4044 1126 4114 ipsum
1152 4045 1431 4099 hominem
1449 4045 1673 4109 factum,
1705 4054 1761 4100 et
1784 4046 1931 4101 illius
1947 4063 2070 4101 cum

490 4154 656 4193 carne
694 4138 1125 4208 dispensationis
1176 4149 1586 4193 sacramentum
1634 4139 1936 4203 declarant,
1984 4156 2072 4193 re-

488 4230 734 4285 ctissime
754 4228 1260 4284 animadvertcntes
1289 4230 1429 4285 hanc
1454 4230 1572 4285 fore
1606 4230 2071 4286 absolutissimam

491 4321 617 4378 fidei
651 4321 1026 4377 traditionem.
1078 4322 1199 4377 Non
1224 4322 1369 4377 enim
1403 4321 1459 4376 in
1498 4322 1677 4393 ipsum
1718 4322 2073 4378 credentibus

488 4412 623 4469 satis
644 4422 728 4469 est
744 4412 919 4468 solum
940 4412 995 4467 id
1018 4428 1340 4482 persuasum
1362 4414 1564 4468 habere
1591 4429 1654 4468 ac
1674 4414 1903 4479 sentire,
1921 4415 2066 4484 quod

489 4508 633 4563 Deus
651 4506 719 4562 de
740 4507 854 4562 Deo
888 4506 1048 4561 Patre
1079 4506 1149 4560 sit
1176 4516 1359 4571 natus,
1383 4504 1539 4562 etilli
1564 4507 2065 4572 consubstantialis,

487 4606 544 4653 et
565 4598 853 4654 character
895 4598 1217 4653 substantia:
1244 4599 1363 4669 ejus
1418 4598 1491 4653 sit
1515 4600 1558 4631 ⁸ο
1590 4616 1602 4651 :
1638 4598 1734 4653 sed
1776 4598 1942 4652 etiam
1972 4614 2067 4653 ne-

486 4689 785 4745 cessarium
819 4696 903 4743 est
932 4688 1000 4742 ad
1030 4688 1146 4743 haec
1185 4688 1327 4743 scire
1376 4689 1522 4758 quod
1574 4699 1802 4759 propter
1832 4690 2065 4743 salutem

486 4794 550 4834 ac
602 4778 772 4833 vitam
813 4779 1062 4852 omnium
1085 4779 1369 4833 demiserit
1392 4796 1451 4834 se
1497 4780 1562 4835 ad
1611 4780 2064 4846 exinanitionem,

485 4879 703 4942 sumpta
744 4872 893 4926 servi
936 4871 1196 4935 forma“,
1232 4880 1288 4925 et
1322 4873 1653 4941 processerit
1691 4874 1856 4928 homo
1906 4883 2068 4928 natus

484 4964 789 5021 secundum
811 4979 1034 5019 carnem
1047 4979 1113 5019 ex
1130 4963 1437 5018 muliere".
1467 4965 1697 5034 Pr0pter
1718 4966 1823 5020 hoc
1844 4966 2064 5021 dicunt:

484 5055 589 5121 Qui
613 5063 839 5124 propter
864 5070 965 5109 nos
1003 5053 1272 5117 homines,
1302 5063 1357 5108 et
1391 5063 1614 5124 propter
1638 5065 1879 5109 nostram
1923 5056 2067 5111 salu-

486 5158 595 5199 tem
625 5145 933 5208 descendit,
969 5145 1305 5207 incarnatus,
1332 5152 1387 5198 et
1412 5145 1575 5198 homo
1607 5145 1783 5199 factus
1799 5157 1900 5201 est.
1931 5147 2065 5202 Vide

488 5250 650 5303 quam
680 5234 863 5291 debita
895 5235 1255 5304 dispositione
1285 5244 1341 5289 et
1377 5250 1541 5304 quam
1587 5237 1939 5291 convenienti
1972 5254 2065 5291 or-

559 5389 604 5421 ”
628 5390 783 5445 Joan.
821 5408 900 5451 tv.
923 5392 972 5449 8.
1011 5392 1065 5445 9.
1152 5393 1195 5423 ³⁸
1229 5393 1383 5446 Joan.
1419 5409 1469 5449 κ,
1498 5393 1583 5446 '50.
1676 5393 1722 5422 ⁵⁵
1754 5394 1851 5447 lsa.
1882 5410 1917 5454 ι,
1943 5395 1995 5446 2.

486 5445 531 5476 ιο
559 5394 607 5476 2
821 5408 900 5476 ¹ἳι
923 5394 973 5476 ξι
1152 5394 1583 5476 Μέθέηλικλβθι
1676 5394 1854 5476 "nisa;
1882 5410 1917 5454 1,
1943 5395 1995 5446 2.
2025 5464 2059 5476 Π

2180 5396 2317 5448 Ioan.
2344 5413 2461 5476 _XIV,
2494 5398 2577 5451 16.

560 5458 695 5514 Ibid.
725 5461 776 5515 5.
854 5462 899 5494 ⁸⁸
932 5461 1097 5516 Hebr.
1131 5479 1166 5526 ι,
1206 5464 1258 5516 5.
1287 5464 1326 5491 ⁶¹
1368 5464 1600 5533 Philipp.
1644 5480 1700 5525 ιι,
1733 5464 1787 5528 6,
1826 5465 1875 5517 7.
1955 5464 2076 5518 “G:

2186 5507 2197 5517 .
2236 5482 2305 5529 tv,
2331 5466 2381 5519 4.

2184 1851 2349 1904 αὑτοῦ
2381 1869 2445 1920 γε
2486 1854 2578 1905 καὶ
2615 1853 2671 1905 ὲν
2719 1850 2890 1920 αὑτῷ,
2926 1850 3021 1903 καὶ
3053 1849 3315 1919 ἑκάτερος
3346 1848 3608 1919 ὑπάρχων
3637 1849 3769 1900 ἰδιο-

2186 1941 2496 2016 προσώπως
2543 1944 2753 2013 νοῆται.
2794 1941 2984 2011 Πατὴρ
3020 1940 3129 2011 γάρ
3176 1942 3322 1993 ἐστιν
3351 1942 3379 1993 6
3420 1940 3631 2010 Πατὴρ,
3668 1939 3769 1991 καὶ⁵

2182 2038 2279 2107 οὐχ
2322 2037 2480 2099 Υἱός·
2514 2036 2608 2089 καὶ
2658 2036 2785 2099 Υἱὸς
2818 2037 2845 2087 6
2884 2032 3116 2103 τεχθεὶς,
3154 2032 3249 2085 καὶ
3278 2032 3337 2084 ού
3391 2032 3620 2101 Πατήρ·
3665 2031 3769 2083 καὶ

2183 2130 2241 2181 ἐν
2289 2128 2578 2199 ταυτότητι
2641 2127 2857 2197 φύσεως
2912 2126 3040 2179 ἴδιον
3096 2124 3356 2195 ἐκατέρου
3409 2124 3471 2176 τὸ
3525 2119 3680 2188 εἶναι,
3738 2123 3770 2175 ὅ

2182 2222 2349 2276 ἐστιν.

2266 2314 2547 2367 Ἀπάντων
2574 2311 2630 2365 δὲ
2660 2310 2888 2383 ποιητὴν
2917 2310 3131 2381 ὁρατῶν
3154 2327 3213 2362 τε
3238 2310 3331 2362 καὶ
3356 2308 3605 2381 ἀοράτων
3633 2308 3770 2361 ἀπο-

2183 2405 2453 2475 φήναντες
2482 2402 2573 2455 τὸν
2604 2401 2846 2471 Πατέρα,
2872 2400 2938 2452 δι’
2964 2397 3095 2451 Υἱοῦ
3131 2399 3197 2452 τά
3230 2398 3407 2451 πάντα
3438 2396 3770 2465 δεδημιουρο

2181 2495 2383 2566 γῆσθαί
2441 2511 2626 2564 φασιν,
2673 2493 2734 2545 ού
2766 2492 2825 2545 τὸ
2858 2494 3010 2562 μεῖον
3054 2492 3111 2544 ἐν
3156 2490 3305 2563 δόξῃ,
3348 2488 3598 2559 καθάπερ
3641 2489 3768 2542 τινά

2180 2587 2379 2657 κλῆρον
2408 2584 2557 2655 αὐτῷ
2590 2585 2869 2656 πρέποντα
2904 2582 3431 2655 προσνενεμηκότες,
3466 2580 3662 2633 πολ).οῦ
3697 2598 3765 2648 γε

2180 2679 2275 2731 καὶ
2307 2678 2386 2731 δεῖ
2408 2692 2421 2705 ·
2462 2676 2563 2730 ποῦ
2598 2676 2706 2747 γὰρ
2734 2675 2869 2739 ὅλως
2912 2675 3031 2728 ἐστὶ
3056 2674 3117 2727 τὸ
3149 2674 3390 2736 ἔλαττον,
3428 2672 3459 2741 ἢ
3490 2670 3621 2738 γοῦν
3651 2678 3678 2706 ο
3702 2671 3767 2723 τὸ

2184 2770 2367 2842 μεῖζον
2393 2772 2524 2841 ὁρᾷν
2573 2772 2629 2823 ὲν
2658 2768 2950 2839 ταυτότητι
2994 2768 3093 2837 τῆς
3130 2765 3319 2829 οὑσίας
3345 2781 3359 2830 ;
3414 2764 3529 2818 ἀλλ’
3559 2763 3633 2827 ὡς
3664 2762 3765 2816 τοῦ

2179 2863 2315 2918 Θεοῦ
2345 2864 2440 2917 καὶ
2468 2862 2683 2933 Πατρὸς
2705 2862 2765 2914 οὑ
2796 2859 3103 2930 πεφυκότος
3132 2860 3333 2930 ἑτέρως
3352 2857 3679 2928 ἐργάζεσθαί
3709 2874 3767 2911 τι

2179 2957 2274 3010 καὶ
2308 2956 2387 3021 εἰς
2434 2954 2494 3007 τὸ
2540 2949 2677 3008 εἶναι
2709 2952 2914 3015 καλεῖν,
2942 2950 3081 3021 πλὴν
3121 2951 3202 3003 ὅτι
3240 2950 3306 3002 δι’
3340 2948 3470 3002 Υἰοῦ
3496 2952 3553 3003 ὲν
3587 2948 3764 3001 Πνεύ-

2187 3065 2338 3115 ματι,
2390 3046 2465 3108 ὡς
2523 3045 2612 3098 διά
2659 3044 2939 3113 δυνάμεως
2988 3040 3082 3095 καὶ
3133 3041 3323 3109 σοφίας
3382 3040 3482 3109 τῆς
3540 3038 3761 3092 ἑαυτοῦ.

2177 3138 2491 3208 Γέγραπται
2524 3135 2653 3206 γὰρ,
2689 3135 2770 3188 ὅτι
2811 3153 2828 3185 ι
2865 3133 2956 3204 Τῷ
3001 3133 3142 3202 λόγῳ
3193 3130 3403 3202 Κυρίου
3448 3133 3494 3185 οἱ
3540 3132 3767 3201 οὐρανοὶ

2177 3226 2609 3299 ἐστερεώθησαν,
2637 3227 2730 3278 καὶ
2758 3225 2835 3296 τῷ
2866 3226 3140 3294 πνεύματι
3168 3223 3262 3276 τοῦ
3295 3223 3562 3293 στόματος
3593 3222 3765 3275 αὑτοῦ

2178 3318 2384 3385 πᾶσαὴ
2418 3314 2644 3385 δύναμις
2674 3315 2873 3367 αὐτῶν.
2916 3334 2934 3366 ι
2966 3312 3072 3367 Ναὶ
3112 3313 3238 3385 μὴν,
3277 3314 3372 3366 καὶ
3416 3316 3443 3367 6
3485 3314 3766 3382 πάνσοφος

2190 3408 2468 3479 Ἰωάννης·
2502 3428 2518 3459 ι
2564 3409 2655 3460 Ἐν
2684 3410 2825 3479 ἀρχῇ
2856 3403 2924 3477 ἦν
2952 3408 2980 3460 6
3014 3407 3207 3475 Λόγος,
3248 3405 3439 3468 εἰπὼν,
3482 3406 3578 3458 καὶ
3604 3405 3630 3456 ὁ
3657 3404 3768 3457 Λό-

2176 3517 2268 3568 γος
2298 3491 2365 3570 ἦν
2402 3500 2537 3569 πρὸς
2560 3499 2654 3552 τὸν
2683 3498 2837 3563 Θεὸν,
2867 3499 2961 3552 καὶ
2984 3496 3116 3560 Θεὸς
3144 3494 3211 3568 ἦν
3238 3498 3266 3549 6
3296 3497 3484 3565 Λόγος,
3535 3515 3553 3547 ι
3590 3514 3767 3567 προσ-

2176 3593 2479 3662 επήνεγκεν
2524 3591 2870 3658 ἀναγκαίως·
2913 3608 2931 3640 ι
2985 3589 3173 3642 Πάντα
3219 3588 3288 3642 δι’
3317 3588 3484 3643 αὑτοῦ
3516 3588 3765 3657 ἐγένετο,

2177 3684 2270 3736 καὶ
2293 3684 2459 3753 χωρὶς
2494 3681 2658 3736 αὑτοῦ
2693 3682 2911 3750 ἐγένετο
2934 3680 3109 3734 οὐδέν.
3146 3700 3165 3733 ι

2259 3773 2577 3843 Ὀμοούσιον
2622 3773 2819 3843 τοίνυν,
2874 3772 3093 3826 ἱσοκλεᾶ
3148 3789 3205 3824 τε
3251 3772 3345 3824 καὶ
3390 3769 3637 3841 ἱσουργδν
3683 3771 3772 3841 τῷ

2176 3865 2352 3936 Πατρὶ
2384 3865 2473 3918 τὸν
2515 3864 2643 3917 Υἱὸν
2674 3863 3108 3933 άποδεδειχότες,
3133 3863 3531 3933 διαμέμνηνται
3565 3864 3772 3932 χρησίο

2178 3975 2295 4028 μως
2326 3957 2425 4021 τῆς
2458 3955 2928 4026 ὲνανθρωπήσεως
2961 3954 3149 4021 αὑτοῦ,
3194 3955 3288 4007 καὶ
3318 3954 3417 4023 τῆς
3449 3953 3587 4025 μετά
3624 3971 3772 4025 σαρ-
3832 3950 3841 3955 ’

2174 4051 2269 4113 κὸς
2302 4048 2617 4119 οἰκονομίας
2657 4048 3009 4119 διατρανοῦσι
3038 4048 3098 4099 τὸ
3137 4047 3454 4117 μυστήριον,
3490 4046 3772 4099 τελεωτά-

2172 4160 2271 4211 την
2298 4142 2517 4195 ἔσεσθαι
2548 4141 2643 4195 καὶ
2694 4137 2973 4213 άπροσδεῗῑι
3022 4138 3107 4191 διὰ
3155 4138 3347 4191 τούτου
3390 4138 3489 4208 τῆς
3519 4138 3770 4202 πίστεως

2172 4230 2271 4302 τὴν
2320 4231 2623 4303 παράδοσιν
2680 4226 2737 4283 εὖ
2784 4230 2930 4301 μάλα
2964 4229 3337 4294 διεγνωκότες.
3394 4229 3467 4280 υύ
3525 4228 3634 4298 γάρ
3674 4244 3770 4283 τοι

2179 4325 2339 4395 μόνον
2364 4324 2582 4395 ἀπόχρη
2610 4327 2724 4387 τοῖς
2759 4322 3109 4377 πιστεύουσιν
3144 4324 3222 4385 εἰς
3260 4321 3419 4375 αὑτὸν
3452 4320 3512 4373 τὸ
3550 4321 3774 4373 διακεῖ-

2178 4417 2321 4481 σθαι,
2364 4416 2456 4470 καὶ
2504 4418 2741 4486 φρονεῖν,
2774 4415 2849 4479 ὡς
2879 4416 3007 4477 Θεὸς
3041 4416 3106 4467 ὲκ
3132 4413 3269 4467 Θεοῦ
3298 4413 3618 4483 γεγέννηται
3659 4415 3772 4468 τοῦ

2176 4510 2410 4581 Πατρὺς,
2441 4509 2725 4581 ὁμοούσιός
2758 4526 2816 4561 τε
2848 4506 3017 4577 αύτῷ,
3056 4507 3150 4561 καὶ
3179 4506 3464 4576 χαρακτὴρ
3491 4504 3774 4576 ὑπάρχων
3862 4532 3865 4533 ν

2175 4602 2275 4671 τῆς
2306 4601 2656 4664 ὑποστάσεως
2702 4598 2865 4653 αὑτοῦ
2892 4614 2903 4625 '
2950 4598 3065 4652 ἀλλ’
3104 4594 3171 4669 ἦν
3204 4599 3503 4666 ἀναγκαῖον
3552 4597 3775 4653 εἰδέναι

2177 4694 2312 4764 πρὸς
2343 4693 2580 4756 τούτοις,
2615 4693 2690 4755 ὼς
2716 4692 2816 4763 τῆς
2851 4690 3107 4745 ἀπάντων
3138 4691 3299 4745 ἕνεκα
3333 4690 3630 4760 σωτηρίας,
3662 4692 3775 4745 καὶ

2178 4784 2323 4855 ζωῆς
2364 4784 2550 4849 καθεὶς
2580 4784 2772 4839 ἑαυτὸν
2812 4786 2891 4847 εἰς
2932 4784 3181 4849 κένωσιν,
3209 4781 3366 4834 ἔλαϐε
3396 4781 3586 4834 δούλου
3624 4799 3777 4852 μορ.

2179 4876 2306 4946 φὴν,
2339 4876 2432 4928 καὶ
2467 4875 2737 4946 προῆλθεν
2761 4875 3067 4945 ἄνθρωπος,
3101 4872 3380 4942 γεννηθεὶς
3404 4873 3546 4925 κατά
3580 4873 3779 4941 σάρκα

2177 4968 2242 5019 ὲκ
2275 4965 2554 5034 γυναικός.
2611 4966 2711 5017 Διά
2754 4964 2911 5018 τοῦτό
2966 4980 3137 5034 φασι·
3196 4962 3299 5015 Τὸν
3342 4963 3410 5016 δι’
3450 4964 3597 5033 ἡμᾶς
3631 4966 3780 5030 τοὺς

2177 5055 2521 5127 ἀνθρώπους,
2565 5056 2657 5109 καὶ
2689 5056 2776 5109 διὰ
2802 5057 2899 5126 τὴν
2937 5053 3217 5125 ἡμετέραν
3259 5054 3536 5126 σωτηρίαν
3567 5056 3780 5108 κατελ-

2178 5148 2359 5212 θόντα,
2413 5147 2782 5219 σαρκωθέντα,
2848 5147 3365 5218 ἐνανθρωπὴσαντα.
3415 5146 3605 5217 ’Δθρει
3667 5147 3777 5220 δὴ,

2175 5240 2321 5302 ὅπως
2350 5240 2407 5293 ὲν
2439 5240 2628 5310 κόσμῳ
2672 5239 2749 5308 τῷ
2791 5239 2983 5304 δέοντι,
3030 5239 3124 5292 καὶ
3158 5238 3215 5291 ὲν
3247 5237 3398 5301 τάξει
3434 5240 3498 5308 τῇ
3534 5254 3787 5308 πρεπω-

2683 5397 2725 5426 ⁸τ
2755 5395 2896 5450 Psal.
2929 5412 3095 5463 xxx",
3132 5395 3185 5451 6.
3272 5395 3317 5427 ⁵⁸
3343 5393 3501 5450 Joan.
3547 5414 3588 5460 ι,
3622 5399 3778 5462 1,2.

1576 5601 1745 5656 Varia!
1773 5601 2036 5657 lectiones
2060 5602 2266 5657 codicis
2296 5601 2661 5673 Seguieriani.

561 5725 585 5751 ο
615 5710 803 5782 ἠγουν.
