4044 6212
378 321 472 375 301

1775 315 2109 372 EPISTOLA
2149 315 2254 370 LV.

3529 316 3637 374 δον

377 435 608 505 ἀπάτῃ
649 432 895 504 πρόεισιν
941 433 970 485 6
1010 432 1173 501 λόγος
1227 433 1430 495 αὑτοῖς.
1489 431 1786 486 Κατελθεῖν
1851 433 1960 504 γὰρ

2063 433 2192 488 dine
2225 446 2407 487 sermo
2454 431 2671 488 illorum
2703 434 3070 506 progreditur.
3103 435 3461 493 Descendisse
3485 441 3636 494 enim

377 531 601 598 ἐςασαν,
636 527 724 578 ἵνα
757 525 845 577 διὰ
893 524 1084 577 τούτου
1121 524 1214 577 τὸν
1245 523 1434 576 ἐπάνω
1481 523 1698 576 πάντων
1745 521 1953 592 Κύριον

379 619 646 686 ἐννοῶμεν
683 617 844 686 φύσει
873 633 931 668 τε
962 616 1058 668 καὶ
1083 615 1230 687 δόξῃ,
1253 618 1348 669 καὶ
1375 614 1538 668 πάλιν
1561 614 1750 667 τοῦτον
1780 631 1953 668 κατα-

377 713 711 781 φοιτήσαντα
773 709 844 761 δι’
890 709 1059 779 ἡμᾶς,
1093 709 1174 771 είς
1216 709 1278 760 τὸ
1333 707 1608 778 ἐθελῆσαι,
1651 708 1816 777 φημὶ,
1857 706 1956 777 τὴν

374 803 509 873 πρὸς
539 803 691 872 ἡμᾶς
719 799 980 870 ὁμοίωσιν
1012 798 1258 852 ἐπελθεῖν
1291 808 1341 865 P,
1383 801 1475 852 xui.
1523 797 1830 868 ἐπιλάμψαι
1879 797 1957 868 τῷ

370 895 563 962 κόσμῳ
595 891 736 962 μετὰ
782 891 1005 961 σαρκός.
1049 890 1362 960 Γέγραπται
1387 889 1497 960 γὰρ
1522 891 1578 942 ἐν
1611 887 1780 958 βίϐλῳ
1802 887 1956 941 Ψαλ-

367 985 518 1054 μῶψ
551 1003 570 1035 ι
617 985 679 1036 Ὀ
711 981 844 1045 Θεὸς
883 982 1143 1052 ἐμφανῶς
1171 981 1313 1051 ἥξει,
1339 983 1367 1034 ό
1398 981 1531 1044 Θεὸς
1563 979 1744 1051 ἡμῶν,
1775 980 1868 1033 καὶ
1894 979 1956 1032 οὑ

368 1077 890 1145 παρασιωπήσεται.
933 1092 952 1125 ι
992 1073 1232 1145 Νοηθείη
1259 1073 1304 1126 δ’
1331 1072 1417 1138 ἂν,
1456 1074 1616 1144 εἴπερ
1646 1073 1820 1126 ἕλοιτό
1849 1089 1956 1135 τις,

366 1169 468 1221 καὶ
503 1167 629 1220 καθ’
659 1169 846 1238 ἕτερον
877 1165 1079 1236 τρόπον
1105 1167 1138 1236 ἡ
1165 1165 1390 1229 κάθοδος
1413 1182 1426 1195 ·
1463 1159 1594 1230 οἷον,
1619 1164 1680 1230 ἐξ
1701 1163 1954 1236 οὑρανοῦ,

365 1260 466 1313 καὶ
499 1259 730 1322 ἀνωθεν,
761 1259 794 1328 ἢ
828 1259 920 1312 καὶ
950 1258 1043 1310 ἀπ’
1102 1257 1268 1312 αὑτοῦ
1317 1257 1411 1310 τοῦ
1461 1257 1700 1327 Πατρός.
1747 1258 1958 1319 Φωναῖς

361 1352 482 1421 γάρ
518 1353 641 1413 ταῖς
684 1349 808 1403 καθ’
848 1351 1000 1420 ἡμᾶς
1038 1349 1134 1403 καὶ
1172 1348 1240 1402 τὰ
1271 1349 1412 1420 ὑπὲρ
1437 1349 1562 1404 νοῦν
1589 1349 1954 1424 ,καταδηλοῦῃ

361 1445 492 1506 ἔθος
519 1445 634 1505 τοῖς
668 1445 833 1514 ίεροῖς
860 1443 1178 1513 Γράμμασι.
1214 1441 1324 1494 Καὶ
1352 1441 1482 1510 γοῦν
1501 1440 1629 1513 ἔφη,
1646 1445 1759 1506 τοῖς
1783 1442 1959 1511 ἁγίοις

363 1536 901 1606 προσδιαλεγόμενος
959 1533 1266 1605 μαθηταῖς·
1325 1551 1343 1584 ι
1403 1532 1660 1604 Ἐξῆλθον
1701 1533 1810 1587 ἀπὸ
1860 1533 1956 1588 τοῦ

361 1629 608 1694 Πατρὸς,
641 1628 736 1680 καὶ
762 1626 997 1698 ἐλήλυθα
1028 1628 1108 1690 είς
1151 1624 1242 1679 τὸν
1273 1625 1478 1696 κόσμον
1499 1641 1512 1654 ·
1560 1625 1724 1679 πάλιν
1753 1625 1957 1697 ἀφίημι

359 1721 461 1772 τὸν
494 1721 721 1790 κόσμον,
773 1721 867 1772 καὶ
895 1717 1199 1790 πορεύομαι
1231 1717 1367 1789 πρὸς
1393 1718 1482 1770 τὸν
1510 1717 1762 1788 Πατέρα’
1803 1738 1820 1769 ι
1858 1719 1955 1772 καὶ

361 1815 564 1868 πάλιν⁸
605 1832 623 1863 ι
669 1813 858 1882 Ὑμεῖς
892 1813 954 1864 ἐκ
983 1811 1092 1864 τῶν
1115 1812 1264 1864 κάτω
1302 1810 1447 1875 ἐστὲ,
1475 1809 1586 1880 ἐγὼ
1615 1813 1679 1863 ἐκ
1704 1809 1814 1863 τῶν
1843 1812 1956 1866 άνω

359 1905 507 1974 εἰμί·
545 1925 564 1956 ι
607 1904 688 1956 ἔτι
729 1920 788 1956 τε
825 1902 963 1974 πρὸς
1001 1902 1242 1966 τούτοιςο
1283 1922 1301 1953 ι
1347 1901 1488 1972 Ἐγὼ
1521 1903 1586 1954 ἐκ
1615 1903 1707 1956 τοῦ
1743 1904 1957 1975 Πατρὸς

357 1997 618 2066 ἐξῆλθον,
653 1997 746 2048 καὶ
777 1996 917 2066 ἥκω.
960 2014 978 2046 ι
1010 1995 1218 2064 Γράφει
1249 1993 1306 2047 δὲ
1336 1995 1429 2048 καὶ
1463 1999 1491 2050 ὁ
1521 1996 1808 2060 Θεσπέσιος
1844 1997 1958 2049 ’ῐωο

357 2093 538 2159 ἀννης
560 2107 576 2119 ·
608 2107 627 2139 α
651 2089 710 2140 Ὀ
747 2087 952 2142 ἄνωθεν
979 2086 1295 2158 ἐρχόμενος,
1324 2087 1509 2142 ἐπάνω
1529 2088 1750 2142 πάντων
1784 2087 1950 2142 ἐστί.»

357 2183 572 2236 Καίτοι
603 2179 714 2250 γὰρ
745 2179 1010 2249 ὑπάρχων
1063 2179 1119 2231 ἐν
1148 2179 1483 2250 ὑπερτάταις
1513 2180 1829 2250 ὑπεροχαῖς,
1862 2180 1956 2232 καὶ

360 2277 559 2329 ἐπάνω
589 2273 809 2326 πάντων
845 2271 1117 2334 οὑσιωδῶς
1150 2270 1290 2341 μετὰ
1313 2270 1406 2324 τοῦ
1443 2272 1574 2325 ἰδίου
1605 2273 1836 2342 Πατρὸς,
1860 2273 1955 2327 ἆτε

358 2367 438 2438 δὴ
471 2367 567 2419 καὶ
591 2368 648 2416 ἐν
675 2365 966 2432 ταυτότητι
1001 2362 1216 2431 φύσεως
1244 2362 1345 2432 τῆς
1373 2362 1510 2434 πρὸς
1547 2363 1712 2416 αὑτὸν
1756 2381 1951 2432 στεφα.

359 2457 654 2525 πιλούμενος,
684 2473 704 2507 ι
735 2456 834 2524 οὑχ
861 2453 1154 2525 ἁρπαγμὸν
1178 2456 1422 2525 ἡγήσατο
1445 2454 1505 2506 τὸ
1532 2450 1673 2507 εἶναι
1701 2453 1791 2506 ῖσα
1813 2454 1952 2525 Θεῷ,

359 2550 484 2603 ἀλλ’
510 2547 708 2602 ἑαυτὸν
731 2547 990 2606 ἐκένωσε,
1019 2545 1230 2618 μορφὴν
1252 2545 1440 2599 δούλου
1462 2545 1662 2610 λαϐὼν,
1687 2546 1744 2598 ἐν
1762 2545 1957 2616 ὁμοιὼ-

362 2661 504 2714 ματι
538 2641 846 2712 ἀνθρώπων
874 2641 1184 2710 γενόμενος,
1217 2637 1312 2691 καὶ
1343 2639 1581 2708 σχήματι
1608 2637 1854 2708 εὑρεθεὶς
1882 2638 1958 2701 ὼς

360 2735 681 2806 ἄνθρωπος,
714 2732 1081 2785 ἐταπείνωσεν
1126 2729 1334 2784 ἑαυτόν.
1370 2748 1388 2780 ι
1431 2729 1651 2799 Ἐπειδὴ
1683 2729 1788 2801 γὰρ
1826 2729 1957 2792 Θεὸς

358 2827 447 2880 ὣν
482 2828 512 2878 ό
547 2827 723 2893 Λόγος
762 2825 862 2894 τὴν
910 2821 1071 2894 ήμῶν
1106 2822 1423 2893 ἠμπέσχετο
1454 2822 1655 2892 σάρκα,
1681 2821 1957 2892 μεμένηκε

357 2920 428 2972 δὲ
464 2919 563 2970 καὶ
585 2916 728 2969 οὑτω
757 2915 910 2978 Θεὸς,
941 2914 1114 2985 ταύτῃ
1150 2930 1231 2967 τοι
1263 2914 1395 2966 Θεὸν
1431 2915 1458 2966 ό
1493 2913 1786 2984 ἱερώτατος
1814 2911 1960 2964 Παῦ-

358 3010 461 3072 λος
493 3011 552 3061 ἐν
595 3006 902 3078 ὁμοιώματι
954 3005 1258 3077 ἀνθρώπων
1283 3005 1536 3073 γενέσθαι
1584 3005 1770 3076 φησιν,
1800 3005 1956 3074 εὑρε-

2061 525 2340 590 dixerunt,
2375 535 2434 578 ut
2457 542 2555 595 per
2588 527 2691 581 hoc
2719 542 2884 596 super
2908 527 3091 582 omnia
3119 529 3409 582 Dominum
3433 530 3607 584 intelli

2059 628 2249 684 gamus
2277 629 2399 668 esse
2428 623 2484 668 et
2519 622 2714 670 natura
2739 623 2794 669 et
2819 615 3019 686 gloria;
3052 617 3418 688 eumdemque
3446 635 3641 675 rursus

2058 715 2282 776 propter
2304 721 2406 760 nos
2421 705 2674 762 homines
2685 707 3054 774 descendisse,
3077 718 3138 763 ut
3163 709 3372 773 volens,
3393 709 3638 780 inquam,

2057 805 2303 851 nostram
2325 798 2743 853 similitudinem
2769 799 3001 864 subiret,
3025 810 3079 854 et
3104 816 3229 854 cum
3245 817 3410 856 carne
3435 803 3641 858 mundo

2058 888 2364 959 aﬂ'ulgeret.
2395 889 2674 961 Scriptum
2704 899 2786 945 est
2816 893 2962 946 enim
2989 892 3045 946 in
3077 892 3218 947 libro
3245 894 3588 950 Psalmorum
3624 916 3637 950 :

2067 1000 2084 1032 ι
2124 982 2268 1036 Dens
2296 982 2580 1038 manifeste
2607 985 2811 1049 veniet,
2845 985 2990 1040 Deus
3029 995 3238 1052 noster,
3275 996 3333 1042 et
3364 1004 3473 1042 non
3508 989 3640 1044 sile-

2058 1073 2140 1129 bit
2166 1074 2232 1131 ⁸³.
2269 1093 2286 1126 ι
2337 1075 2568 1146 lntelligi
2607 1084 2789 1131 autem
2847 1079 3051 1147 poterit
3089 1071 3408 1146 descensus,
3438 1082 3482 1136 si
3515 1083 3642 1153 quis

2058 1167 2317 1232 voluerit,
2345 1165 2514 1220 etiam
2539 1166 2647 1220 alio
2680 1167 2864 1233 modo,
2895 1183 3092 1239 nempe
3126 1185 3194 1224 ex
3220 1171 3358 1225 coelo
3381 1187 3639 1242 superne,

2057 1261 2143 1315 vel
2164 1260 2330 1315 etiam
2361 1261 2430 1315 ab
2447 1261 2565 1330 ipso
2590 1261 2768 1314 Patre.
2795 1261 2943 1316 Solet
2971 1263 3118 1316 enim
3142 1273 3329 1318 sancta
3359 1264 3641 1336 Scriptura

2059 1353 2224 1408 etiam
2267 1353 2358 1406 illa
2401 1368 2523 1422 quae
2567 1352 2984 1421 intelligentiam
3021 1364 3282 1423 superant
3312 1355 3494 1412 verbis
3520 1373 3642 1427 qua:

2059 1445 2222 1500 nobis
2245 1455 2577 1516 congruunt,
2602 1447 2911 1516 signiﬁcare
2939 1465 2950 1499 :
2985 1447 3132 1502 unde
3157 1463 3282 1502 cum
3311 1460 3530 1505 sanctos
3553 1451 3641 1507 di-

2060 1537 2300 1606 scipulos
2337 1551 2466 1591 suos
2500 1538 2909 1606 alloqueretur,
2941 1537 3078 1592 dixit
3112 1555 3123 1591 :
3157 1557 3174 1589 ‹
3210 1539 3363 1594 Exivi
3399 1557 3430 1595 a
3459 1542 3640 1607 Patre,

2060 1636 2118 1683 et
2152 1628 2280 1683 veni
2310 1629 2366 1682 in
2400 1629 2665 1683 mundum
2696 1647 2707 1682 :
2735 1629 2933 1684 iterum
2980 1629 3230 1700 relinquo
3265 1632 3552 1698 mundum,
3587 1645 3644 1688 et

2061 1721 2202 1776 vado
2225 1722 2294 1776 ad
2327 1723 2642 1787 Patrem“;
2681 1742 2697 1773 ι
2725 1732 2780 1776 et
2817 1723 3052 1778 iterum:
3085 1744 3102 1775 ι
3145 1725 3254 1779 Vos
3287 1725 3354 1779 de
3381 1726 3642 1782 deorsum

1988 1799 2028 1853 Β
2057 1814 2211 1878 estis,
2237 1830 2338 1883 ego
2373 1815 2440 1869 de
2471 1815 2730 1884 supernis
2773 1831 2894 1868 sum
2916 1816 2982 1882 ⁶⁸;
3014 1835 3032 1866 ι
3075 1816 3142 1870 ad
3178 1817 3295 1872 Itzec
3328 1826 3592 1887 praeterea
3627 1839 3640 1874 :

2067 1923 2085 1955 ι
2107 1905 2220 1976 Ego
2245 1920 2275 1959 a
2303 1905 2458 1959 Patre
2492 1905 2656 1971 exivi,
2693 1915 2748 1959 et
2776 1905 2899 1960 veni
2924 1906 2988 1958 σθ.
3028 1924 3046 1957 ›
3080 1905 3283 1962 Scribit
3320 1909 3487 1964 etiam
3520 1927 3645 1966 sau-

2059 2005 2180 2050 ctus
2223 1996 2459 2051 Joannes
2485 2013 2496 2048 :
2541 2014 2558 2045 ι
2583 1995 2685 2062 Qui
2711 1996 2779 2051 de
2811 2012 3029 2052 sursum
3055 1999 3227 2064 venit,
3255 2015 3421 2071 supra
3451 2017 3647 2058 omnes

2057 2087 2228 2141 est“.
2274 2106 2292 2136 ι
2327 2086 2462 2140 Nam
2517 2103 2642 2142 cum
2684 2087 2738 2140 in
2776 2104 2988 2144 summa
3025 2090 3354 2148 celsitudine
3398 2104 3564 2158 esset,
3590 2108 3646 2151 et

2058 2193 2185 2234 cum
2224 2179 2384 2234 Patre
2408 2195 2508 2234 suo
2528 2180 2833 2235 secundum
2852 2181 3214 2237 substantiam
3246 2199 3413 2254 super
3435 2187 3642 2252 omnia,

2059 2279 2248 2339 utpote
2297 2270 2588 2327 identitate
2633 2273 2798 2328 unius
2838 2288 2965 2329 cum
3012 2275 3132 2344 ipso
3177 2285 3387 2331 naturae
3433 2279 3644 2342 clarus,

2066 2379 2084 2411 ι
2115 2378 2224 2416 ηοη
2262 2363 2508 2432 rapinam
2547 2364 2850 2422 arbitratus
2881 2375 2966 2422 est
2997 2381 3056 2421 se
3081 2382 3201 2423 esse
3224 2369 3490 2438 aequalem
3508 2372 3644 2434 Deo,

2058 2451 2152 2505 sed
2179 2451 2421 2521 seipsum
2463 2451 2786 2517 exinanivit,
2814 2452 3047 2508 formam
3087 2454 3229 2510 servi
3261 2455 3559 2526 accipiens,
3589 2458 3646 2511 in

2059 2540 2478 2595 similitudinem
2515 2541 2802 2596 hominum
2839 2541 3038 2606 factus,
3075 2551 3131 2596 et
3160 2541 3353 2596 habitu
3391 2541 3648 2597 inventus

2059 2642 2120 2688 ut
2154 2634 2339 2698 homo,
2385 2634 2696 2688 humiliavit
2740 2634 2982 2704 seipsum
3018 2635 3084 2688 ⁸⁸.
3121 2654 3138 2684 ι
3181 2634 3477 2690 Enimvero
3510 2652 3648 2706 quo-

2058 2727 2205 2780 niam
2238 2725 2500 2790 Verbum,
2546 2725 2692 2795 quod
2752 2726 2899 2779 Deus
2929 2733 3068 2790 erat,
3118 2726 3370 2796 quamvis
3402 2735 3646 2780 nostram

2060 2832 2282 2872 carnem
2315 2816 2608 2879 induisset,
2655 2815 2856 2869 mansit
2884 2825 3065 2870 tamen
3097 2816 3181 2871 sic
3201 2831 3422 2887 quoque
3461 2817 3646 2872 Deus:

2060 2916 2352 2979 propterea
2402 2905 2809 2962 sacratissimus
2844 2906 3045 2961 Paulus
3082 2907 3239 2976 181
3276 2907 3448 2962 Deum
3485 2907 3537 2961 in
3569 2908 3647 2963 si-

2063 2999 2430 3056 militudinem
2455 2999 2741 3054 hominum
2778 2998 2982 3054 factum
3015 3013 3137 3054 esse
3174 2999 3330 3065 dicit,
3372 3008 3426 3055 et
3456 2999 3649 3054 habitu

362 3099 535 3169 ϐῆναί
572 3115 633 3151 τε
667 3097 742 3160 ὡς
776 3095 1062 3166 ἄνθρωπον
1112 3097 1370 3166 σχήματι.
1420 3095 1553 3160 Θεὸς
1593 3095 1702 3167 γάρ
1747 3091 1836 3168 ἦν,
1883 3097 1960 3160 ὡς

2065 3092 2348 3149 inventum
2379 3100 2442 3148 ut
2464 3091 2767 3146 hominem.
2796 3091 2928 3146 Erat
2955 3091 3127 3158 enim,
3152 3099 3215 3146 ut
3245 3092 3382 3157 dixi,
3419 3093 3565 3150 Deus
3589 3094 3650 3148 in

362 3191 535 3261 ἔφην,
564 3192 620 3244 ἐν
650 3189 775 3242 εῖδει
802 3187 882 3258 τῷ
913 3187 1034 3241 καθ’
1065 3189 1096 3257 ἡ
1107 3189 1234 3257 μᾶς,
1267 3189 1360 3241 καὶ
1395 3188 1495 3241 οὑκ
1522 3188 1730 3259 ἄψυχόν
1769 3206 1832 3257 γε
1860 3188 1960 3261 τὴν

365 3284 568 3353 σάρκα
589 3280 789 3343 λαϐὼν,
833 3279 977 3332 καθὰ
1008 3281 1226 3350 φρονεῖν
1265 3279 1410 3344 ἐδοξέ
1445 3297 1560 3332 τισι
1608 3280 1716 3334 τῶν
1755 3282 1962 3352 αἱρετι-

368 3375 524 3436 κῶν,
555 3371 904 3442 ἐψυχωμένην
941 3371 998 3424 δέ
1034 3370 1234 3441 μᾶλλον
1265 3371 1412 3442 ψυχῇ
1442 3373 1622 3443 νοερᾷ.
1666 3372 1840 3426 Αὑτὸν
1868 3368 1961 3426 οὖν

366 3466 489 3535 ἄρα
514 3462 606 3516 τὸν
631 3463 694 3514 ἐκ
713 3463 811 3532 τῆς
831 3460 1022 3524 οὐσίας
1046 3459 1140 3514 τοῦ
1174 3461 1389 3532 Πατρὸς
1412 3461 1744 3532 προελθόντα
1764 3463 1959 3533 Λόγον,

368 3557 472 3609 καὶ
503 3553 632 3606 Υίὸν
661 3551 948 3623 μονογενῆ,
992 3551 1085 3604 τὸᾯ
1111 3550 1242 3604 Θεὸν
1270 3551 1525 3622 ἀληθινὸν
1559 3553 1622 3604 ἐκ
1655 3551 1791 3606 Θεοῦ
1829 3553 1964 3624 άλη-

371 3646 549 3710 θινοῦ,
575 3646 638 3699 τὸ
666 3644 783 3714 φῶς
814 3645 876 3698 τὸ
907 3645 972 3697 ἐκ
1000 3644 1094 3698 τοῦ
1134 3644 1334 3713 φωτὸς,
1359 3645 1450 3697 τὸν
1487 3644 1555 3698 δι’
1593 3637 1654 3699 οὗ
1679 3649 1750 3699 τά
1785 3647 1963 3700 πάντα

371 3740 620 3807 ἐγένετο,
675 3736 956 3790 κατελθεῖν
983 3736 1192 3806 ἔφασαν
1224 3738 1272 3789 οἱ
1314 3737 1578 3808 Πατέρες,
1613 3737 1963 3809 σαρκωθῆναί

371 3848 434 3885 τε
463 3832 560 3884 καὶ
590 3827 1039 3899 ἐνανθρωπῆσαι,
1086 3826 1368 3880 τουτέστιν
1394 3828 1682 3899 ὑπομεῖναι
1710 3827 1964 3899 γέννησιν

372 3921 472 3992 τὴν
499 3919 646 3972 κατὰ
677 3921 855 3990 σάρκα
887 3919 951 3970 ἐκ
991 3915 1270 3985 γυναικὸς,
1301 3917 1395 3969 καὶ
1434 3916 1721 3988 προελθεῖν
1747 3919 1806 3970 ἐν
1833 3919 1963 3971 εῖδει

373 4015 455 4086 τῷ
483 4015 608 4067 καθ’
645 4013 794 4084 ἡμᾶς
814 4029 827 4042 ο
860 4011 1020 4064 τοῦτο
1040 4011 1147 4082 γάρ
1169 4011 1230 4064 τὸ
1255 4011 1677 4083 ἐνανθρωπῆσαί
1711 4013 1884 4067 ἐστιν.

448 4103 544 4169 Εἷς
569 4100 666 4159 οὖν
695 4106 803 4174 ἄρα
835 4103 1039 4175 Κύριος
1079 4101 1284 4172 Ἰησοῦς
1320 4103 1580 4174 Χριστὸς,
1614 4103 1776 4165 αὑτὸς
1809 4105 1838 4157 6
1869 4121 1966 4174 μο⁹

375 4197 606 4268 νογενὴς
632 4196 726 4249 τοῦ
758 4195 968 4266 Πατρὸς
997 4195 1168 4263 Λόγος
1204 4195 1497 4265 γενόμενος
1525 4195 1831 4266 ἄνθρωπος,
1866 4196 1968 4249 οὑκ

379 4288 778 4360 ἀποϐεϐληκὼς
813 4288 880 4340 τὸ
907 4282 1050 4340 εἶναι
1096 4287 1124 4340 δ
1161 4283 1251 4358 ἦν’
1302 4288 1692 4358 ἁπομεμένηκε
1733 4289 1842 4361 γὰρ
1874 4288 1968 4341 καὶ

379 4383 437 4434 ἐν
488 4380 872 4452 ἀνθρωπότητι
902 4379 1069 4446 Θεὸς,
1108 4381 1201 4432 καὶ
1228 4381 1286 4432 ἐν
1325 4383 1506 4451 μορφῇ
1539 4379 1725 4433 δούλου
1763 4380 1968 4434 Δεσπό-

2063 3193 2250 3241 nostra
2291 3185 2474 3255 specie
2501 3202 2514 3237 :
2540 3200 2650 3240 non
2681 3199 2925 3248 sumens,
2955 3184 3099 3239 sicut
3129 3185 3404 3242 haereticis
3423 3187 3652 3258 quibus-

2064 3275 2190 3330 dam
2228 3273 2436 3329 sentire
2477 3273 2704 3344 placuit,
2741 3273 3098 3328 inanimatam
3125 3290 3372 3342 carnem,
3397 3278 3492 3333 sed
3525 3279 3648 3333 ani-

2063 3383 2150 3424 ma
2181 3365 2521 3437 intelligente
2556 3365 2863 3436 praeditam.
2893 3365 3076 3436 Ipsum
3119 3365 3288 3437 igitur
3307 3385 3374 3424 ex
3392 3369 3650 3426 substan-

2065 3459 2140 3513 tia
2176 3458 2353 3513 Patris
2388 3473 2740 3529 progressum
2777 3457 3018 3513 Verbum
3058 3467 3115 3514 et
3155 3459 3354 3514 Filium
3395 3461 3650 3532 unigeni-

2065 3559 2202 3614 tum,
2243 3550 2402 3604 illum
2444 3549 2617 3604 Deum
2659 3565 2852 3604 verum
2890 3549 2959 3604 de
2997 3551 3110 3604 Deo
3155 3566 3307 3615 vero,
3350 3551 3538 3607 lumen
3579 3555 3650 3611 de

2065 3642 2294 3705 lumine,
2325 3641 2506 3710 ipsum
2535 3657 2632 3710 per
2657 3655 2822 3710 quem
2845 3640 3032 3694 omnia
3061 3639 3205 3695 facta
3230 3649 3384 3706 sunt,
3421 3642 3652 3698 descen-

2065 3735 2212 3789 disse
2238 3734 2499 3787 dixerunt
2528 3733 2744 3797 Patres,
2773 3732 3229 3802 inearnatumque
3254 3744 3447 3790 esseet
3471 3736 3654 3790 homi~

2065 3841 2190 3880 nem
2215 3825 2442 3888 factum,
2479 3823 2584 3878 hoc
2619 3832 2723 3886 est,
2751 3823 2988 3880 subiisse
3009 3825 3421 3896 generationem
3458 3842 3655 3882 secun-

2067 3917 2197 3972 dum
2247 3931 2468 3970 carnem
2502 3932 2569 3970 ex
2598 3915 2850 3978 muliere,
2891 3926 2947 3971 et
2993 3917 3330 3987 processisse
3369 3919 3424 3974 in
3469 3921 3654 3990 specie

2068 4009 2230 4065 simili
2264 4007 2425 4062 nobis
2459 4007 2602 4062 :hoc
2631 4007 2783 4062 enim
2825 4017 2911 4063 est
2948 4009 3230 4064 hominem
3264 4025 3388 4066 esse
3425 4011 3653 4068 factum.

2140 4103 2292 4159 Unus
2343 4108 2427 4155 est
2467 4101 2636 4172 igitur
2667 4101 2934 4156 Dominus
2970 4101 3132 4156 Jesus
3175 4100 3452 4167 Christus,
3472 4103 3654 4172 ipsum

2069 4195 2416 4267 unigenitum
2475 4193 2573 4248 Dei
2637 4193 2816 4248 Patris
2867 4194 3132 4259 Verbum,
3193 4194 3359 4250 homo
3416 4195 3653 4262 factum;

2070 4304 2180 4342 non
2246 4288 2567 4356 relinquens
2628 4302 2750 4342 esse
2799 4287 2947 4357 quod
3009 4295 3129 4342 erat
3181 4305 3194 4340 :
3243 4288 3444 4344 mansit
3507 4290 3652 4344 enim
3689 4279 3706 4298 ⁸

2069 4379 2234 4434 etiam
2278 4378 2332 4432 in
2367 4379 2709 4433 humanitate
2750 4378 2923 4444 Deus,
2962 4388 3018 4433 et
3064 4379 3119 4432 in
3156 4381 3299 4434 servi
3343 4380 3518 4435 forma
3551 4381 3658 4436 Do-

377 4493 503 4544 της,
544 4475 640 4528 καὶ
680 4475 739 4526 ἐν
767 4472 994 4526 κενώσει
1042 4475 1106 4543 τῇ
1140 4472 1262 4526 καθ’
1296 4475 1443 4544 ἡμᾶς
1487 4473 1547 4526 τὸ
1592 4474 1798 4545 πλῆρες
1827 4473 1961 4543 ἔχων

2075 4471 2278 4535 minus,
2313 4481 2370 4525 et
2405 4470 2461 4524 in
2493 4470 2870 4525 exinanitione
2902 4479 3092 4526 nostra
3131 4471 3533 4540 plenitudinem
3567 4471 3661 4525 ha-

380 4565 605 4629 θεῖκῶς,
629 4567 724 4618 καὶ
744 4565 802 4617 ἐν
823 4563 1079 4635 ἀσθενείᾳ
1097 4563 1300 4636 σαρκὸς
1314 4563 1422 4618 τῶν
1441 4564 1720 4635 δυνάμεων
1740 4565 1966 4636 Κύριος,

379 4660 480 4712 καὶ
509 4660 570 4712 ἐν
591 4658 703 4720 τοῖς
729 4657 829 4727 τῆς
870 4655 1289 4726 άνθρωπότητος
1325 4655 1544 4727 μέτροις
1585 4654 1713 4708 ῑδιον
1741 4654 1880 4726 ἔχων
1909 4655 1970 4707 τὸ

383 4752 530 4822 ὑπὲρ
557 4752 738 4803 πᾶσαν
775 4749 874 4820 τὴν
914 4749 1113 4802 κτίσιν.
1154 4747 1222 4801 ’Λ
1257 4747 1355 4818 μὲν
1384 4747 1494 4818 γὰρ
1519 4742 1586 4818 ἧν
1613 4746 1719 4818 πρὸ
1747 4748 1966 4818 σαρκὸς,

388 4842 786 4913 ἀναποϐλήτως
823 4839 958 4909 ἔχειν
993 4840 1126 4903 Θεὸς
1153 4838 1262 4910 γὰρ
1288 4835 1378 4909 ἦν,
1413 4840 1508 4892 καὶ⁸
1534 4839 1661 4903 Υίὸς
1695 4839 1969 4910 ἀληθινὸς,

394 4932 688 5001 μονογενής
717 4947 778 4983 τε
807 4930 903 4983 καὶ
935 4929 1084 4998 φῶς,
1113 4927 1259 5000 ζωὴ,
1295 4927 1388 4982 καὶ
1414 4927 1662 4998 δύναμις.
1695 4929 1762 4982 Ἀ
1787 4928 1845 4981 δὲ
1871 4928 1973 4982 οὑκ

388 5019 479 5094 ἦν,
508 5023 677 5078 ταῦτα
703 5021 1089 5095 προσειληφὼς
1135 5022 1326 5092 ὁρᾶται
1372 5019 1461 5074 διὰ
1487 5020 1585 5092 τὴν
1621 5021 1930 5092 οἰκονομίαν
1953 5037 1966 5052 ·

390 5117 498 5170 ῖδια
520 5118 629 5187 γὰρ
653 5117 952 5186 ἐποιήσατο
978 5114 1046 5168 τά
1067 5113 1166 5184 τῆς
1192 5113 1412 5185 σαρκός.
1437 5114 1509 5167 υὺ
1544 5113 1652 5186 γὰρ
1681 5110 1748 5186 ἦν
1783 5114 1969 5186 ἐτέρου

388 5208 553 5272 τινὸς,
586 5207 751 5260 αὑτοῦ
775 5206 833 5260 δὲ
863 5206 1063 5278 μᾶλλον
1092 5206 1440 5277 ήάφράστως
1473 5205 1646 5276 αὐτῷ,
1674 5207 1768 5259 καὶ
1799 5206 1971 5275 άποῤ-

392 5302 570 5371 ρήτως
618 5299 884 5354 ἑνωθεῖσα.
927 5298 1082 5370 σάρξ.
1115 5297 1274 5353 Οὕτω
1301 5299 1395 5353 καὶ
1441 5298 1470 5349 ό
1519 5298 1679 5368 σοφὸς
1717 5297 1969 5369 Ἰωάννης

465 5457 514 5491 ⁸⁸
542 5458 685 5514 Psal.
715 5471 860 5523 lux,
881 5457 937 5511 3.
1015 5457 1060 5489 “
1083 5457 1237 5512 Joan.
1268 5472 1373 5523 ενι,
1400 5456 1488 5512 9.8.
1566 5457 1610 5489 ⁸³
1631 5457 1787 5512 Joan.
1825 5471 1938 5522 vm,
1959 5455 2046 5510 25.

398 5526 538 5586 67.

2073 4562 2212 4618 bens
2255 4562 2587 4627 divinitatis,
2630 4569 2687 4616 et
2725 4561 2781 4614 in
2823 4561 3143 4622 inﬁrmitate
3165 4563 3348 4618 carnis
3387 4563 3657 4618 virtutum

2072 4655 2373 4720 Dominus,
2413 4664 2472 4710 et
2519 4655 2574 4708 in
2627 4654 2902 4709 mensuris
2964 4655 3324 4710 humanitatis
3373 4655 3660 4726 proprium

2073 4747 2306 4812 habens,
2349 4746 2495 4816 quod
2510 4761 2674 4816 super
2704 4760 2924 4800 omnem
2952 4754 3037 4801 est
3065 4755 3397 4802 creaturam.
3440 4747 3661 4802 Etenim

2073 4856 2196 4911 qua:
2218 4839 2264 4894 is
2293 4848 2422 4894 ante
2453 4853 2677 4893 carnem
2709 4846 2860 4904 erat,
2896 4837 3332 4893 inamissibiliter
3361 4838 3557 4904 habet,
3597 4847 3663 4894 ut

2075 4931 2224 5002 quod
2247 4931 2392 4985 Deus
2408 4938 2550 4995 erat,
2574 4929 2820 4985 etFilius
2841 4945 3010 4986 verus
3029 4937 3086 4985 et
3100 4929 3443 5000 unigenitus,
3463 4941 3520 4986 et
3541 4931 3659 4996 lux,

2075 5029 2132 5076 et
2149 5021 2280 5084 vita,
2297 5027 2354 5074 et
2374 5019 2568 5073 virtus.
2601 5018 2732 5084 Qua:
2753 5035 2888 5074 vero
2913 5034 3023 5074 non
3040 5027 3178 5083 erat,
3195 5035 3259 5074 ea
3282 5028 3513 5090 propter
3545 5019 3665 5074 dis-

2076 5109 2456 5181 pensationem
2497 5109 2859 5178 assumpsisse
2901 5108 3148 5163 cernitur
3181 5125 3196 5162 :
3227 5124 3352 5163 nam
3383 5124 3504 5178 quae
3537 5124 3663 5164 car-

2076 5204 2163 5258 nis
2193 5210 2374 5267 erant,
2403 5201 2508 5256 sibi
2538 5203 2762 5271 propria
2792 5200 2942 5256 fecit.
2976 5201 3097 5255 Non
3119 5201 3267 5255 enim
3292 5216 3422 5256 caro
3448 5201 3552 5271 ipsi
3577 5202 3665 5256 in-

2077 5295 2370 5352 eﬂabiliter
2390 5302 2447 5348 et
2470 5292 2911 5349 inenarrabiliter
2939 5291 3663 5364 unita,alteriuscujusptam

2127 5453 2351 5508 “Joan.
2379 5468 2488 5517 xvr,
2520 5450 2609 5506 9.8.
2688 5451 2910 5505 67.loan.
2950 5467 3029 5519 ιιι,
3078 5449 3166 5506 51.
3246 5451 3290 5483 ⁸⁸
3325 5449 3561 5522 Philipp.
3600 5465 3663 5517 ιι,

1499 5659 1672 5715 Variae
1696 5659 1961 5716 lectiones
1989 5659 2194 5716 codicis
2227 5658 2591 5730 Seguieriani.

473 5787 503 5829 ιι
527 5779 613 5834 ισ.
643 5777 910 5834 ὑπελθεῖν.
