4044 6212
391 269 496 323 503

1418 273 1472 328 s.
1514 273 1786 328 unum
1825 237 2294 329 ALEXANDRINI
2333 277 2648 336 ARCHIEP.

3535 285 3639 339 ’5οι

390 396 528 452 erat,
559 387 654 442 sed
697 388 868 458 ipsius
890 389 1154 459 ejusdem.
1207 391 1283 443 Ita
1326 401 1381 445 et
1431 393 1650 462 sapiens
1681 393 1917 448 Joannes
1952 411 1961 446 :

2073 396 2250 466 σάρκα
2299 399 2433 466 φησὶ
2461 399 2721 465 ’γενέσθαι
2747 401 2837 455 τὸν
2872 403 3063 470 Λόγον.
3095 402 3289 470 Γέγονε
3317 403 3372 456 δὲ
3405 403 3540 474 σὰρξ
3579 405 3638 455 οὑ

397 500 413 530 ι
439 480 702 545 Verbum,
734 481 929 550 inquit,
986 496 1113 535 caro
1139 481 1344 536 factum
1368 493 1452 538 est
1479 485 1544 537 “9.
1571 503 1587 534 ι
1613 485 1837 539 Factum
1875 502 1970 539 au-

385 581 499 626 tem
530 578 614 626 est
637 586 787 635 caro,
820 587 927 625 non
959 574 1102 640 Quod
1123 573 1425 628 secundum
1457 576 1857 640 transitionem,
1882 575 1967 630 vel

384 662 800 717 conversionem
813 663 914 726 ,vel
928 665 1496 731 commutationem,in
1511 667 1690 720 carnis
1713 676 1966 720 naturam

388 760 811 806 transmutatum
860 752 959 817 sit;
995 768 1175 823 neque
1215 755 1360 824 quod
1391 754 1850 818 commistionem,
1873 764 1969 809 aut

389 845 818 909 concretionem,
850 854 944 899 aut
986 846 1130 900 illam
1171 846 1534 916 quorumdam
1577 861 1828 901 sermone
1869 847 1967 901 de-

389 945 660 992 cantatam
683 937 1304 994 consubstantiationem
1346 938 1579 994 subierit
1604 939 1680 1009 (id
1714 940 1859 994 enim
1885 948 1969 994 est

389 1028 751 1098 impossibile,
802 1028 1061 1097 quoniam
1107 1028 1411 1083 secundum
1452 1037 1706 1082 naturam
1761 1029 1967 1083 incom-

387 1119 726 1174 mutabiliter
754 1127 810 1173 et
837 1119 1328 1175 inconvertibiliter
1352 1135 1410 1174 se
1435 1119 1644 1188 habet),
1682 1119 1779 1174 sed
1819 1121 1968 1190 quod

387 1227 453 1267 ex
480 1211 726 1282 virgineo
767 1219 823 1266 et
868 1213 1082 1267 illibato
1127 1228 1360 1283 corpore
1400 1228 1621 1266 carnem
1664 1213 1844 1266 anima
1886 1214 1968 1267 in-

389 1302 668 1372 telligente
685 1301 977 1356 animatam
996 1303 1602 1372 assumpserit,etsuam
1627 1302 1966 1357 fecerit.C:e-

389 1401 566 1448 terum
608 1408 726 1470 mos
751 1401 835 1448 est
869 1392 1168 1464 Scriptura:
1199 1393 1465 1448 divinitus
1485 1394 1762 1463 inspirata:
1794 1409 1823 1447 a
1851 1394 1965 1448 sola

388 1499 552 1540 carne
588 1485 885 1555 aliquando
915 1494 1088 1540 totum
1130 1487 1408 1540 hominem
1455 1486 1796 1557 signiﬁcare:
1828 1507 1846 1537 ι
1871 1486 1964 1540 Ef-

388 1579 613 1635 fundam
654 1580 822 1644 enim,
852 1580 1048 1649 inquit,
1075 1579 1142 1633 de
1168 1579 1374 1650 Spiritu
1401 1595 1523 1634 meo
1552 1595 1717 1649 super
1745 1594 1964 1634 omnem

386 1687 609 1729 carnem
634 1673 742 1725 το.»
799 1672 988 1741 Neque
1033 1672 1180 1726 enim
1215 1671 1468 1740 promisit
1510 1671 1654 1725 Deus
1699 1670 1964 1726 carnibus

2070 490 2213 543 κατὰ
2263 491 2612 559 μετάστασιν,
2663 493 2696 562 ἢ
2746 493 2971 565 τροπὴν,
3017 494 3372 565 ἢάλλοίωσιν
3422 497 3501 558 εἰς
3543 495 3641 564 τὴν

2069 580 2167 650 τῆς
2203 580 2403 651 σαρκὸς
2435 582 2596 650 φύσιν
2644 583 2994 653 μεταϐαλών·
3037 583 3160 637 οὕτε
3196 585 3302 654 μὴν
3334 586 3568 656 φυρμὸν,
3607 586 3642 656 ἢ

2072 665 2380 740 σύγκρισιν,
2415 670 2447 740 ἢ
2479 671 2574 741 τὴν
2608 671 3008 743 θρυλλουμένην
3035 675 3184 745 παρὰ
3215 692 3322 728 τισι
3348 677 3644 728 συνουσίω-

2071 777 2154 812 σιν
2206 761 2504 830 ὑπομείνας
2554 764 2867 835 (ἀμήχανον
2901 766 3029 834 γὰρ,
3065 767 3296 838 ἐπείπερ
3343 768 3458 820 ἐστὶ
3499 769 3644 821 κατά

2069 849 2228 917 φύσιν
2272 853 2555 922 ἀτρέπτως
2587 872 2646 907 τε
2704 855 2798 908 καὶ
2825 855 3197 921 ἀναλλοιώτως
3233 856 3425 928 ἔχων),
3463 859 3644 929 σάρκα

2067 941 2124 994 δὲ
2155 943 2352 1012 μᾶλλον
2397 944 2749 1016 ἐψυχωμένην
2773 947 2918 1018 ψυχῇ
2953 951 3130 1020 -νοερᾷ
3173 948 3506 1020 παρθενικοῦ
3547 950 3647 1004 καὶ

2067 1031 2334 1102 ἀχράντου
2374 1034 2624 1104 σώματος
2673 1035 2876 1101 λαϐὼν,
2916 1039 3011 1092 καὶ
3046 1039 3186 1092 ἰδίαν
3216 1039 3386 1111 αὑτὴν
3414 1044 3646 1114 ποιησά-

2068 1138 2245 1191 μενος.
2286 1123 2446 1187 Ἐθος
2472 1124 2528 1176 δὲ
2551 1129 2614 1194 τῇ
2647 1126 2988 1198 θεοπνεύστῳ
3018 1129 3244 1200 Γραφῇ,
3276 1133 3372 1185 καὶ
3404 1133 3513 1187 ἀπὸ
3546 1135 3645 1203 μό-

2065 1228 2161 1281 νης
2195 1212 2305 1265 ἐσθ’
2344 1215 2431 1267 ὅτε
2469 1216 2567 1286 τῆς
2601 1219 2801 1288 σαρκὸς
2833 1219 2951 1272 ὅλον
2995 1219 3283 1290 ἄνθρωπον
3319 1223 3641 1283 ὑποδηλοῦν-

2071 1319 2089 1351 ‹
2151 1301 2356 1371 Ἐκχεῶ
2394 1304 2521 1373 γὰρ,
2558 1306 2744 1374 φησὶν,
2781 1307 2888 1361 ἀπὸ
2921 1308 3011 1361 τοῦ
3045 1310 3362 1380 Πνεύματός
3406 1332 3510 1382 μου
3549 1317 3644 1368 ἐπὶ

2065 1392 2245 1444 πᾶσαν
2277 1392 2472 1463 σάρκα.
2511 1414 2530 1444 ι
2568 1397 2640 1448 Οὐ
2667 1397 2774 1468 γάρ
2801 1415 2883 1451 τοι
2915 1397 3103 1470 σαρξὶν
3135 1403 3234 1456 οὑκ
3263 1403 3644 1474 ἐψυχωμέναις

2062 1480 2206 1552 ψυχῇ
2234 1485 2397 1556 νοερᾷ
2428 1487 2640 1556 ἐνήσειν
2664 1487 2794 1552 Θεὸς
2824 1490 3215 1559 ἐπηγγέλλετο,
3251 1495 3560 1566 ἀνθρώποις
3586 1499 3644 1550 δὲ

2067 1573 2264 1642 μᾶλλον
2293 1579 2406 1639 τοῖς
2446 1580 2773 1634 συνεστῶσιν
2809 1583 2871 1634 ἐκ
2908 1582 3086 1654 ψυχῆς
3112 1585 3204 1638 καὶ
3235 1585 3506 1657 σώματος.
3539 1591 3644 1642 Οὑ-

2063 1664 2193 1719 κοῦν
2223 1667 2323 1719 οὑκ
2348 1669 2680 1740 ἀποδραμὼν
2712 1675 2738 1726 6
2767 1674 2940 1742 Λόγος
2969 1675 3062 1729 τοῦ
3091 1672 3230 1732 εἶναι
3253 1679 3282 1731 ὂ
3309 1675 3397 1749 ἦν,
3421 1681 3646 1749 γέγονεν

385 1763 570 1820 anima
611 1763 950 1834 intelligente
993 1780 1102 1817 non
1154 1761 1410 1816 animatis
1457 1775 1514 1816 se
1565 1761 1959 1826 immissurum,

2063 1758 2369 1828 ἄνθρωπος,
2400 1760 2535 1815 ἀλλά
2561 1764 2654 1816 καὶ
2680 1765 2737 1817 ἐν
2767 1765 2899 1819 εἴδει
2924 1766 3002 1837 τῷ
3030 1767 3154 1821 καθ’
3182 1771 3330 1840 ἡμᾶς
3361 1771 3643 1842 πεφηνὼς,

386 1857 483 1913 sed
513 1857 832 1910 hominibus
855 1871 921 1910 ex
953 1871 1184 1925 corpore
1210 1863 1264 1908 et
1294 1854 1473 1908 anima
1500 1853 1832 1908 constitutis.
1860 1853 1963 1907 Ita-

384 1964 491 2020 que
518 1949 759 2005 Verbum
781 1963 890 2002 nou
908 1946 1109 2017 refugit
1135 1962 1254 2001 esse
1286 1946 1432 2015 quod
1450 1954 1713 2000 eratcum
1759 1943 1961 1999 factum

383 2051 468 2097 est
491 2042 678 2106 homo,
714 2041 809 2096 sed
841 2041 896 2093 in
921 2040 1103 2109 specie
1129 2038 1295 2094 simili
1318 2039 1479 2093 nobis
1510 2052 1778 2108 apparens
1805 2037 1962 2106 182

386 2133 586 2188 mansit
644 2132 905 2186 Verbum.
942 2131 1144 2200 .Neque
1204 2130 1360 2199 prius
1421 2129 1587 2182 homo
1639 2127 1964 2198 intelligitur

382 2223 659 2287 Christus,
692 2222 889 2276 deinde
919 2221 999 2276 sic
1040 2235 1385 2290 progressus,
1428 2220 1503 2273 ita
1529 2227 1588 2272 ut
1615 2226 1760 2274 esset
1782 2221 1958 2274 Deus:

383 2316 481 2373 sed
505 2316 652 2370 Deus
675 2314 948 2369 exsistens
976 2313 1218 2368 Verbum
1249 2313 1455 2367 factum
1499 2320 1584 2368 est
1608 2312 1794 2377 homo,
1823 2321 1883 2366 ut
1905 2313 1961 2366 in

383 2408 577 2464 eodem
624 2407 769 2462 Deus
798 2405 960 2460 simul
991 2413 1046 2459 et
1068 2405 1235 2460 homo
1271 2403 1609 2476 intelligatur
1662 2402 1827 2458 idem.
1855 2402 1958 2470 Qui

384 2507 569 2555 autem
591 2498 769 2568 ipsum
799 2498 852 2552 in
880 2497 1020 2552 duos
1043 2496 1299 2551 dividunt
1329 2496 1490 2561 ﬁlios,
1531 2506 1590 2551 et
1638 2495 1842 2550 audent
1875 2495 1958 2549 di-

382 2605 512 2647 cere
562 2590 712 2671 quod
740 2605 809 2644 ex
861 2589 1074 2644 semine
1113 2589 1348 2642 Abrahm
1375 2588 1656 2642 hominem
1697 2587 1803 2642 sibi
1856 2587 1958 2656 ipsi

383 2682 734 2753 coniunxerit
758 2681 923 2744 Deus,
960 2688 1016 2735 et
1056 2678 1478 2734 communicarit
1513 2679 1588 2733 illi
1635 2679 1959 2749 dignitatem

382 2785 440 2830 et
457 2775 746 2840 honorem,
765 2788 828 2828 ac
849 2771 1133 2827 ﬁliationis
1149 2771 1552 2834 excellentiam,
1565 2776 1622 2824 et
1642 2771 1961 2840 przepararit

386 2865 542 2921 illum
579 2874 639 2919 ut
661 2864 832 2919 ferret
859 2878 1106 2926 crucem,
1136 2869 1451 2916 moreretur
1493 2868 1550 2915 et
1580 2861 1957 2926 revivisceret,

381 2971 447 3011 ac
476 2957 531 3010 in
547 2955 748 3010 caelum
778 2953 1116 3019 ascenderet,
1144 2960 1200 3007 et
1223 2952 1291 3007 ad
1315 2953 1592 3006 dexteram
1617 2953 1832 3008 sederet
1863 2953 1960 3008 Pa-

382 3047 502 3112 tris,
531 3055 593 3101 ut
615 3046 685 3101 ab
708 3045 858 3100 omni
883 3052 1135 3099 creatura
1165 3044 1442 3108 adoretur,
1477 3051 1533 3098 et
1573 3043 1841 3100 honorem
1870 3061 1958 3100 re-

2065 1851 2458 1923 όιπομεμένηκε
2506 1855 2698 1923 Λόγος.
2759 1857 2871 1911 Καὶ
2928 1859 2990 1912 οὑ
3042 1860 3308 1931 πρότερον
3358 1862 3644 1934 ἄνθρωπος

2063 1945 2265 1996 νοεῖται
2289 1944 2542 2014 Χριστὸς,
2571 1943 2669 2000 εἷθ’
2689 1948 2831 2003 οὑτω
2853 1950 3130 2022 προελθὼν
3151 1955 3231 2016 είς
3250 1953 3309 2006 τὸ
3327 1949 3465 2008 εἶναι
3486 1955 3640 2019 Θεός·

2062 2031 2198 2086 ἀλλά
2241 2032 2372 2097 Θεὸς
2418 2036 2492 2089 ὼν
2523 2039 2551 2090 6
2597 2038 2768 2105 Λόγος
2814 2041 3036 2109 γέγονεν
3081 2042 3406 2113 ἄνθρωπος,
3465 2045 3551 2098 ἵνα
3585 2048 3645 2097 ἐν

2062 2121 2243 2194 ταυτῷ
2285 2125 2468 2192 νοῆται
2515 2126 2648 2192 Θεὸς
2686 2129 2948 2203 ὑπάρχων
2985 2131 3120 2202 ὁμοῦ
3155 2132 3254 2187 καὶ
3301 2133 3586 2206 ἄνθρωπος
3615 2139 3646 2190 6

2063 2215 2244 2279 αὑτός.
2270 2217 2337 2269 Οἵ
2362 2234 2424 2285 γε
2459 2219 2565 2290 μὴν
2592 2220 2752 2276 αὑτὸν
2775 2222 2855 2286 είς
2883 2223 3028 2287 υἱοὺς
3062 2223 3374 2296 μερίζοντες
3396 2226 3510 2292 δύο,
3546 2232 3644 2281 καὶ

2061 2307 2367 2378 τολμῶντες
2398 2309 2578 2378 λέγειν
2622 2312 2705 2365 ὅτι
2745 2313 2838 2366 τὸν
2882 2315 2948 2367 ἐκ
2991 2315 3304 2387 σπέρματος
3350 2318 3444 2372 τοῦ
3483 2320 3646 2374 Δαυῒδ

2062 2399 2346 2470 ἄνθρωπον
2390 2403 2567 2473 ἐαυτῷ
2619 2405 2856 2475 συνῆψεν
2894 2409 2922 2460 6
2956 2407 3088 2472 Θεὸς
3131 2410 3340 2479 Λόγος,
3382 2413 3476 2466 καὶ
3515 2430 3644 2483 μετο

2062 2490 2262 2546 έδωκεν
2293 2493 2444 2564 αὑτῷ
2481 2494 2583 2565 τῆς
2616 2495 2797 2564 ἀξίας,
2827 2500 2922 2553 καὶ
2951 2500 3050 2569 τῆς
3079 2501 3265 2572 τιμῆς,
3295 2503 3390 2556 καὶ
3417 2504 3510 2557 τοῦ
3545 2506 3646 2573 τῆς

2061 2584 2306 2655 υίότητος
2349 2586 2658 2658 ἀξιώματος
2684 2629 2699 2652 ,
2740 2590 2835 2642 καὶ
2869 2593 3277 2661 παρεσκεύασεν
3310 2594 3470 2648 αὑτὸν
3514 2597 3647 2649 ὑπο-

2064 2677 2242 2745 μεῖναι
2266 2676 2516 2746 σταυρὸν,
2542 2677 2854 2746 ἀποθανεῖν,
2885 2681 2980 2733 καὶ
3010 2681 3330 2748 ἀναϐιῶναι,
3366 2685 3459 2737 καὶ
3487 2686 3644 2738 ἀνελ-

2063 2766 2174 2819 θεῖν
2218 2769 2298 2830 εῐς
2327 2768 2418 2821 τὸν
2454 2770 2703 2841 οὐρανὸν,
2736 2771 2830 2825 καὶ
2868 2771 3090 2826 καθίσαι
3118 2775 3174 2825 ἐν
3221 2772 3372 2845 δεξιᾷ
3403 2774 3496 2828 τοῦ
3529 2776 3644 2828 Πα-

2061 2857 2208 2928 τρὸς,
2267 2858 2354 2910 ἵνα
2407 2859 2781 2930 προσκυνῆται
2826 2860 2979 2932 παρᾶ
3033 2861 3213 2932 πάσης
3245 2863 3345 2932 τῆς
3375 2864 3644 2929 κτίσεως,

2061 2949 2311 3020 ἀναφορᾷ
2332 2949 2468 3002 Θεοῦ
2489 2950 2776 3021 δεχόμενος
2801 2951 2897 3016 τὰς
2922 2952 3108 3022 τιμὰς,
3135 2952 3348 3024 πρῶτον
3373 2955 3470 3024 μὲν
3493 2957 3645 3019 υἱοὺς

2063 3045 2427 3118 πρεσϐεύουσι
2456 3043 2569 3110 δύο,
2611 3041 2734 3097 εἶτα
2775 3043 2869 3098 τοῦ
2920 3045 3220 3114 μυστηρίου
3269 3045 3366 3114 τὴν
3411 3043 3644 3114 δύναμιν

380 3139 588 3194 latione
623 3137 690 3190 ad
714 3137 886 3191 Deum
919 3135 1105 3190 habita
1130 3135 1393 3189 sortiatur
1427 3151 1440 3186 :
1467 3134 1708 3204 primum
1737 3135 1960 3204 quidem

2065 3136 2513 3207 ἀντιστρέφουσιν
2543 3134 2791 3206 ἀμαθῶς.
2829 3135 2904 3188 Οὑ
2935 3136 3042 3205 γὰρ
3069 3135 3128 3199 ἐξ
3172 3133 3464 3206 ἀνθρώπου
3508 3136 3644 3200 Θεὸς

381 3229 523 3286 duos
555 3228 694 3283 ﬁlios
711 3228 1032 3298 praedicant,
1057 3227 1255 3286 deinde
1289 3228 1618 3282 sacramenti
1641 3229 1753 3282 vim
1793 3231 1964 3299 impe-

382 3321 488 3376 rite
520 3329 864 3390 retorquent.
902 3320 1020 3374 Non
1050 3319 1200 3374 enim
1228 3335 1296 3373 ex
1331 3318 1554 3374 homine
1601 3320 1756 3374 Deus
1788 3319 1965 3375 factus

381 3424 467 3471 est
485 3414 758 3478 Christus,
785 3421 846 3467 ut
869 3413 978 3467 dixi
1001 3430 1016 3479 ;
1041 3411 1135 3467 sed
1168 3412 1314 3466 Deus
1335 3411 1608 3466 exsistens
1625 3412 1867 3466 Verbum
1881 3412 1964 3467 fa-

383 3517 532 3565 ctum
554 3515 639 3562 est
675 3521 827 3570 caro,
859 3505 964 3560 hoc
988 3513 1072 3560 est
1103 3505 1288 3560 homo.
1315 3504 1640 3559 Exinanitus
1679 3519 1810 3559 vero
1842 3519 1963 3561 esse

380 3597 606 3660 dicitur,
631 3611 698 3650 eo
737 3593 884 3665 quod
918 3602 1046 3648 ante
1085 3593 1514 3649 exinanitionem
1561 3594 1959 3663 plenitudinem

381 3686 576 3741 habuit
610 3686 665 3740 in
694 3686 916 3756 propria
931 3692 1435 3754 natura,quatenus
1458 3684 1958 3755 intelligiturDeus.

380 3777 504 3834 Non
529 3778 676 3832 enim
699 3793 768 3831 ex
792 3793 860 3832 eo
897 3776 1043 3846 quod
1061 3776 1243 3830 inanis
1262 3784 1427 3839 esset,
1463 3775 1531 3830 ad
1559 3777 1959 3844 plenitudinem

384 3868 664 3940 pervenit;
691 3867 789 3922 sed
816 3867 988 3938 magis
1009 3881 1077 3921 ex
1105 3867 1292 3921 divina
1329 3867 1655 3922 celsitudine
1679 3876 1736 3922 et
1770 3869 1960 3923 ineﬂ‘a-

360 3956 480 4011 'bili
503 3957 674 4028 gloria
691 3957 1002 4011 bumiliavit
1022 3957 1410 4026 semetipsum;
1445 3973 1576 4023 non,
1606 3959 1828 4014 humilis
1856 3961 1957 4014 ho-

381 4063 474 4102 mo
497 4049 786 4112 exsistens,
809 4047 977 4117 gloria
1001 4055 1220 4117 accepta
1241 4048 1511 4103 exaltatus
1525 4058 1626 4104 est.
1644 4049 1796 4104 Servi
1816 4067 1956 4121 prae-

378 4143 532 4190 terea
590 4133 821 4188 formam
865 4135 1117 4204 sumpsit,
1156 4145 1215 4190 ut
1245 4137 1420 4202 liber;
1461 4153 1570 4191 non
1605 4153 1727 4192 cum
1766 4155 1958 4197 servus

319 4209 334 4226 ’
381 4233 527 4279 esset
541 4225 609 4280 ad
634 4225 904 4280 libertatis
924 4225 1152 4297 gloriam
1175 4227 1437 4282 ascendit.
1462 4227 1519 4282 In
1540 4230 1955 4286 similitudinem

2059 3229 2280 3298 γέγονεν
2326 3228 2356 3280 ὁ
2385 3226 2641 3298 Χριστὸς,
2681 3227 2756 3290 ὼς
2786 3227 2943 3295 ἔφην,
2985 3227 3121 3280 ἀλλά
3150 3226 3280 3290 Θεὸς
3309 3225 3383 3280 ὢν
3408 3229 3436 3280 ὁ
3469 3227 3643 3296 Λόγος

2061 3323 2253 3390 γέγονε
2301 3319 2477 3390 σὰρξ,
2511 3319 2791 3374 τουτέστιν
2838 3319 3143 3390 ἄνθρωπος.
3194 3319 3546 3373 Κεκενῶσθαι
3586 3321 3643 3374 δὲ

2059 3414 2316 3482 λέγεται,
2349 3413 2425 3476 ὼς
2468 3413 2575 3484 πρὸ
2606 3412 2710 3482 τῆς
2739 3411 3022 3475 κενώσεως
3064 3412 3126 3466 τὸ
3170 3412 3376 3483 πλῆρες
3404 3411 3542 3482 ἔχων
3584 3413 3644 3464 ἐν

2069 3504 2176 3574 ἰδία
2217 3503 2398 3573 φύσει,
2434 3502 2570 3556 καθὸ
2593 3505 2796 3557 νοεῖται
2836 3502 2992 3566 Θεός.
3025 3503 3098 3556 Οὑ
3127 3503 3234 3574 γὰρ
3263 3505 3328 3556 ὲκ
3360 3502 3455 3556 τοῦ
3486 3503 3642 3567 κενὸς

2065 3592 2204 3650 εἷναί
2232 3612 2314 3658 τις
2340 3596 2419 3657 εἰς
2444 3595 2504 3647 τὸ
2536 3593 2742 3664 πλῆρες
2772 3593 2963 3663 ἀνέϐη,
2996 3594 3330 3652 ἐταπείνωσε
3356 3593 3413 3646 δὲ
3441 3593 3644 3663 μᾶλλον

2065 3686 2258 3740 ἐαυτὸν
2286 3685 2344 3750 ἐξ
2374 3683 2684 3755 ὑψωμάτων
2711 3683 2928 3748 θεῖκῶν,
2967 3683 3061 3736 καὶ
3089 3685 3330 3754 ἀρρήτου
3362 3682 3540 3753 δόξης,
3575 3683 3640 3734 οὑ

2061 3777 2318 3842 ταπεινὸς
2344 3776 2419 3831 ὢν
2447 3777 2753 3848 ἄνθρωπος,
2786 3775 2972 3846 ὑψώθη
3004 3775 3411 3846 δεδοξασμένος.
3440 3775 3642 3829 Ἐλαῦε

2061 3870 2118 3923 δὲ
2151 3869 2336 3923 δούλου
2378 3868 2591 3940 μορφὴν
2620 3868 2696 3932 ὠς
2733 3866 3044 3938 ἐλεύθερος,
3086 3867 3206 3937 οὑχὶ
3245 3867 3426 3930 δοῦλος
3455 3868 3529 3919 ὢν
3563 3869 3640 3929 εἰς

2062 3960 2162 4032 τὴν
2191 3962 2288 4030 τῆς
2317 3959 2628 4030 ἐλευθερίας
2662 3958 2966 4029 ἀνεπήδησε
2994 3957 3167 4021 δόξαν.
3215 3957 3301 4009 Ἐν
3332 3957 3642 4026 ὁμοιώματι

2063 4051 2364 4122 ἀνθρώπων
2386 4052 2608 4120 γέγονεν
2627 4053 2655 4104 6
2677 4051 2735 4103 ἐν
2757 4051 2936 4120 μορφῇ
2958 4049 3051 4102 καὶ
3074 4048 3276 4117 ἰσότητι
3294 4047 3384 4101 τοῦ
3407 4047 3639 4117 Πατρὸς,

2062 4144 2162 4196 οὑκ
2213 4142 2500 4214 ἄνθρωπος
2528 4142 2624 4206 ὢν,
2669 4141 2732 4194 τὸ
2776 4141 2833 4193 ἐν
2872 4139 3175 4210 ὁμοιώματι
3222 4138 3358 4193 Θεοῦ
3387 4138 3637 4207 γενέσθαι

2063 4235 2406 4305 πεπλούτηκε
2440 4234 2738 4304 μεθεκτῶς.

381 4316 668 4371 hominum
703 4315 881 4372 factus
923 4326 1029 4380 est,
1059 4317 1151 4386 qui
1189 4317 1244 4371 in
1289 4318 1464 4372 forma
1498 4329 1554 4374 et
1586 4322 1898 4391 :equalitate
1937 4323 2114 4380 Patris
2151 4334 2298 4392 erat;
2339 4341 2446 4379 non
2499 4325 2663 4379 homo
2711 4323 3007 4387 exsistens,
3068 4320 3371 4376 secundum
3411 4322 3631 4391 partici-

385 4409 669 4478 pationem
727 4416 1060 4464 consecutus
1107 4416 1193 4463 est
1240 4416 1301 4462 ut
1332 4409 1488 4464 ﬁeret
1537 4412 1592 4465 in
1649 4412 2065 4469 similitudinem
2095 4416 2214 4470 Dei.
3123 4465 3136 4478 .

451 4503 592 4570 Quid
631 4503 796 4574 igitur
839 4512 1166 4573 retorquent
1196 4503 1620 4573 dispensationis
1649 4522 1954 4572 sermones,

2134 4509 2198 4561 Τί
2244 4508 2423 4562 τοίνυν
2455 4509 2868 4578 ἀντιστρέφουσι
2907 4507 3004 4578 τῆς
3042 4509 3352 4579 οἰκονομίας
3377 4509 3500 4572 τοὺς
3548 4509 3628 4563 λό-

381 4603 440 4650 et
456 4596 743 4650 veritatem
773 4595 1106 4658 adulterant,
1132 4604 1324 4650 contra
1346 4610 1539 4651 omnes
1571 4596 1836 4656 divinitus
1870 4599 1956 4653 in-

381 4687 615 4758 spiratas
647 4686 965 4756 Scripturas
1021 4687 1384 4757 insurgentes,
1443 4704 1565 4759 qua:
1620 4690 1792 4745 Deum
1840 4707 1960 4748 esse

359 4778 561 4835 sciunt
598 4778 766 4833 etiam
815 4778 1093 4832 hominem
1149 4778 1352 4833 factum
1398 4780 1620 4845 Filium,
1679 4799 1960 4854 unumque

379 4869 561 4939 ipsum
586 4869 792 4940 ubique
810 4869 1136 4924 nominant?
1161 4869 1316 4925 Unde
1339 4879 1396 4926 et
1418 4871 1474 4926 in
1501 4873 1645 4928 libro
1668 4876 1961 4931 creationis

376 4961 570 5016 mundi
607 4960 826 5031 scripsit
851 4961 1084 5033 Moyses,
1108 4961 1254 5030 quod
1299 4964 1516 5034 trajecit
1546 4965 1771 5034 quidem
1813 4967 1954 5021 divi-

378 5067 483 5106 nus
501 5051 669 5107 Jacob
707 5059 860 5107 trans
898 5060 1199 5108 torrentem
1243 5053 1412 5108 Jacob
1460 5070 1662 5124 pueros
1715 5073 1865 5122 suos,
1899 5068 1955 5113 ct

379 5141 579 5196 mansit
629 5140 798 5207 solus,
827 5141 1173 5213 luctatusque
1217 5151 1303 5198 est
1323 5144 1489 5199 homo
1513 5161 1640 5200 eum
1678 5162 1746 5201 eo
1780 5163 1955 5217 usque

378 5245 572 5286 mane:
610 5240 667 5286 et
695 5232 912 5288 vocavit
955 5233 1125 5289 Iacob
1170 5249 1370 5288 nomen
1402 5234 1508 5289 loci
1551 5237 1691 5306 ejus,
1731 5235 1955 5305 Species

377 5319 508 5374 Dei:
547 5321 708 5376 «Vidi
727 5323 896 5389 enim,
929 5324 1128 5394 inquit,
1156 5327 1328 5379 Deum
1383 5326 1519 5381 facie
1543 5326 1610 5381 ad
1656 5327 1873 5392 faciem,
1899 5339 1955 5383 et

377 5411 583 5465 salvata
609 5420 695 5466 est
710 5413 892 5467 anima
916 5430 1057 5470 mea.
1079 5415 1245 5471 Ortus
1266 5425 1351 5471 est
1371 5426 1555 5472 autem
1573 5418 1622 5472 ei
1640 5419 1718 5473 sol
1736 5420 1956 5489 quando

377 5503 596 5558 transiit
621 5503 835 5574 species
857 5504 987 5558 Dei:
1019 5505 1188 5560 Jacob
1212 5522 1347 5560 vero
1373 5507 1718 5563 claudicabat
1746 5508 1954 5564 femore

448 5681 493 5714 "
519 5679 676 5735 Joan.
709 5697 744 5738 ι.
783 5680 864 5736 14.
944 5681 988 5711 ⁷⁰
1015 5681 1130 5736 Joel
1167 5698 1224 5746 ιι,
1249 5683 1341 5738 28.

2059 4616 2225 4667 γους,
2262 4599 2355 4651 καὶ
2405 4597 2890 4668 παρασημαίνουσι
2932 4598 3031 4667 τὴν
3077 4597 3357 4668 ἀλήθειαν,
3400 4599 3639 4664 ἀπάσαις

2060 4687 2511 4757 ἀντανιστάμενοι
2543 4687 2662 4748 ταῖς
2695 4683 3071 4747 θεοπνεύστοις
3097 4683 3340 4754 Γραφαῖς
3363 4724 3377 4748 ,
3419 4684 3473 4736 αἲ
3507 4685 3646 4738 Θεὸν

2059 4780 2189 4834 ὄντα
2214 4780 2570 4848 γινώσκουσι,
2600 4777 2694 4830 καὶ⁵
2723 4773 3219 4845 ἐνανθρωπήσαντα
3247 4774 3337 4827 τὸν
3362 4774 3512 4840 Υίὸν,
3545 4775 3638 4830 ἕνα

2059 4887 2119 4924 τε
2147 4870 2468 4941 ὀνομάζουσι
2498 4867 2775 4938 πανταχοῦ
2799 4883 2814 4933 ;
2835 4868 2946 4921 Καὶ
2963 4866 3095 4934 γοῦν
3125 4869 3183 4921 ἐν
3212 4867 3290 4938 τῷ
3312 4867 3410 4938 τῆς
3425 4870 3649 4940 Κοσμο-

2065 4958 2246 5024 ποιῒας
2291 4961 2479 5032 βιϐλίῳ
2524 4961 2801 5030 γέγραφεν
2849 4961 2878 5014 6
2913 4961 3190 5029 Μωῦσῆς,
3247 4960 3322 5023 ὡς
3365 4960 3644 5016 διεϐίϐασε

2065 5055 2162 5124 μὲν
2197 5056 2226 5108 6
2260 5053 2543 5116 θεσπέσιος
2600 5051 2793 5107 Ἰακὼϐ
2827 5053 2918 5106 τὸν
2954 5054 3289 5125 χειμάρρουν
3348 5052 3543 5106 Ἰαϐὼκ
3574 5053 3643 5107 τὰ

2061 5145 2251 5199 παιδία
2283 5143 2450 5202 αὑτοῦ
2472 5185 2486 5208 ,
2527 5144 2622 5198 καὶ
2655 5144 2916 5215 ἀπέμεινε
2947 5145 3136 5214 μόνος·
3174 5145 3401 5200 ἐπάλαιε
3428 5145 3488 5199 δὲ
3518 5144 3638 5214 μετ’

2058 5234 2222 5287 αὑτοῦ
2262 5233 2545 5303 ἄνθρωπος
2576 5233 2681 5295 ἕως
2708 5234 2873 5305 πρωῒ·
2907 5233 2998 5285 καὶ
3045 5233 3304 5286 ἐκάλεσεν
3353 5231 3546 5284 Ἰακὼϐ
3578 5231 3639 5284 τὸ

2060 5325 2228 5396 ὄνομα
2261 5324 2354 5377 τοῦ
2386 5324 2551 5377 τόπου
2596 5325 2803 5377 ἐκείνου
2828 5365 2842 5387 ,
2873 5319 3032 5388 Εἶδος
3064 5323 3222 5376 Θεοῦ·
3255 5343 3274 5374 ς
3314 5319 3463 5376 Εἶδον
3495 5323 3636 5392 γὰρ,

2062 5418 2214 5487 φησι,
2237 5417 2369 5470 Θεὸν
2395 5417 2684 5485 πρόσωπον
2712 5415 3178 5487 πρὸςπρόσωπον,
3206 5416 3300 5469 καὶ
3327 5413 3505 5484 ἐσώθη
3536 5431 3640 5485 μου

2061 5511 2094 5579 ὴ
2128 5509 2298 5579 ψυχή.
2341 5509 2605 5564 Ἀνέτειλε
2645 5509 2700 5562 δέ
2728 5507 2877 5579 αὑτῷ
2902 5509 3074 5579 ἥλιος,
3099 5507 3262 5580 ἡνίκα
3297 5506 3544 5578 παρῆλθε
3577 5509 3640 5562 τὸ
