4044 6212
400 371 512 432 50⁸5

1690 434 1697 439 η
1804 369 2141 428 EPISTOLA
2177 369 2284 427 LV.

3565 367 3675 426 506

404 485 546 550 εἶδος
566 485 659 540 τοῦ
683 483 841 539 Θεοῦ.
883 484 1079 540 Ἰακὼό
1099 484 1156 539 δὲ
1179 484 1452 552 ὲπὲσκαζε
1480 486 1556 559 τῷ
1581 484 1743 559 μηρῷ
1767 486 1955 542 αὑτοῦ.
1970 507 1988 539 ι

2099 500 2201 541 suo
2228 486 2295 539 ".
2320 504 2337 536 ι
2386 483 2522 539 ham
2556 483 2887 556 patriarchae
2928 483 3074 540 Deus
3103 482 3493 556 portendebat,
3527 488 3677 556 quod

409 577 802 651 Προανεδεὺινυ
829 579 939 650 γὰρ
961 579 1040 649 τῷ
1065 580 1380 651 πατριάρχῃ
1410 579 1543 642 Θεὸς
1560 619 1574 644 ,
1607 580 1690 633 ὅτι
1717 580 1811 633 καὶ
1839 582 1994 634 ὲναν-

412 673 697 743 θρωπήσει
748 670 892 724 κατά
921 672 1149 743 καιροὺς
1189 672 1223 724 ἀ
1256 669 1551 742 μονογενὴς
1594 671 1759 725 αὐτοῦ
1787 671 1992 741 Λόγος,

411 764 507 817 καὶ
542 761 839 816 ἀντίπαλον
884 761 997 828 ἕξει
1024 763 1118 816 τὸν
1161 762 1399 834 Ἰσραήλ’
1432 762 1528 816 καὶ
1569 763 1651 816 ὅτι
1682 763 1809 835 περὶ
1833 762 1995 816 αὐτὸν

405 856 509 907 οὐκ
540 852 989 926 δρθοποδήσουσι,
1020 852 1320 924 χωὶανοῦσι
1343 852 1628 925 δὲῶσπερ,
1658 852 1803 908 καθά
1829 869 1995 926 φησιν

408 944 579 1009 αὐτὸς
606 944 696 999 διὰ
722 946 823 1016 τῆς
848 943 945 998 τοῦ
964 942 1273 1010 Ψάλλοντος
1305 944 1494 1018 λύρας·
1528 965 1547 999 ι
1571 945 1694 1000 Υἱοὶ
1724 946 1997 1018 ἀλλότριοι

403 1037 715 1107 ὲσέίεύσαντό
763 1054 891 1108 μοι,
947 1036 1055 1091 υἱοὶ
1096 1036 1372 1109 ἀλλότριοι
1416 1037 1862 1111 ὲπαλαιώθησαν,
1904 1040 1999 1094 καὶ

406 1128 696 1197 ὲχὼλαναν
724 1129 835 1182 ἀπὸ
864 1128 973 1181 τῶν
1001 1129 1207 1198 τρίϐων
1233 1128 1435 1184 αὐτῶν.
1467 1149 1487 1183 ι
1522 1130 1684 1185 Τουτὶ
1703 1130 1812 1203 γὰρ
1843 1130 1997 1202 οἶμαι

406 1216 752 1289 καταδηλοῦν
772 1217 833 1271 τὸ
860 1218 1156 1273 ὲπισκάσαι
1183 1218 1276 1273 τὸν
1310 1219 1505 1274 Ἰακὼὸ
1525 1219 1604 1291 τῷ
1629 1220 1790 1291 μηρῴ
1809 1220 1995 1274 αὐτοῦ.

410 1309 564 1379 Πλὴν
584 1310 760 1363 ἐκεῖνο
784 1308 962 1380 ἀθρει·
993 1308 1283 1381 ἀνθρώπου
1304 1310 1627 1375 παλαίοντος
1647 1311 1785 1383 πρὸς
1811 1310 1995 1375 αὐτὸν,

408 1402 721 1469 ἑωρακέναι
753 1401 887 1470 φησὶ
917 1401 1049 1454 Θεὸν
1073 1402 1362 1473 πρόσωπον
1395 1400 1535 1473 πρὸς
1563 1402 1875 1472 πρόσωπον
1905 1402 1999 1455 καὶ

408 1488 556 1556 εἶδος
588 1493 753 1547 αὐτὸν
791 1492 1045 1563 ὀνομάζει
1064 1492 1219 1547 Θεοῦ.
1261 1493 1680 1565 Ἀπομεμένηκε
1707 1494 1816 1564 γὰρ
1844 1496 1872 1547 ό
1904 1492 1996 1547 τοῦ

407 1583 552 1637 Θεοῦ
599 1583 794 1652 Λόγος,
829 1584 924 1637 καὶ
960 1583 1249 1654 ἄνθρωπος
1275 1583 1517 1653 γεγονὼς
1540 1621 1556 1649 ,
1592 1586 1649 1637 ὲν
1695 1587 1875 1656 μορφῇ
1904 1584 1997 1638 τοῦ

409 1672 647 1743 Πατρός,
684 1673 823 1726 κατά
856 1689 919 1741 γε
945 1713 960 1739 ,
996 1674 1161 1744 φημὶ,
1200 1673 1301 1745 τὴν
1338 1673 1534 1746 νοητὴν
1564 1675 1770 1738 είκόνα,
1802 1675 1895 1728 καὶ
1938 1675 1999 1729 τὸ

407 1762 559 1816 κατά
588 1762 873 1816 πανοτιοῦν
905 1762 1340 1830 ἀπαραλλάκτως
1360 1763 1483 1834 ἔχον
1512 1773 1563 1817 (ι.
1601 1764 1708 1817 Kal.
1738 1763 1867 1833 γοῦν
1890 1763 1992 1837 ἔφη

407 1852 552 1923 πρὸς
577 1852 862 1917 Φίλιππον,
893 1826 1215 1925 χαρακτῆρα
1244 1855 1345 1925 τῆς
1374 1826 1725 1919 ύποστάσεως
1750 1826 1849 1910 τοῦ
1884 1826 1996 1910 lla;
2027 1826 2071 1886 Β

409 1946 539 2015 τρὸς
563 1944 753 1998 ἑαυτὸν
779 1945 1115 2014 ἀποφαίνων,
1145 1948 1241 1999 καὶ
1268 1947 1410 2017 μετὰ
1432 1947 1654 2016 σαρκός·
1688 1965 1707 1999 ι
1745 1948 1803 2001 '0
1823 1948 1997 2020 ἑωραο

408 2035 520 2098 κὼς
550 2035 672 2105 ἐμὲ,
700 2023 911 2104 ἑώρακε
943 2036 1035 2090 τὸν
1060 2036 1300 2109 Πατέρα.
1339 2055 1358 2090 ι
1400 2037 1620 2108 Ἐπειδὴ
1653 2037 1709 2091 δέ
1733 2055 1856 2091 τινα
1888 2038 1996 2093 τῶν

406 2128 473 2179 ὲκ
496 2126 732 2195 γενετῆς
756 2126 1127 2200 τεθεράπευκε
1162 2128 1384 2198 τυφλὸν,
1426 2127 1605 2201 εὑρὼν
1637 2128 1800 2183 αὐτὸν
1830 2130 1888 2182 ἐν
1916 2128 1996 2201 τῷ

406 2219 561 2290 ίερῷ·
624 2239 643 2272 ι
681 2220 753 2273 Σὺ
788 2218 1104 2287 πιστεύεις,
1149 2220 1409 2291 ἔφασκεν,
1462 2224 1543 2285 είς
1586 2221 1679 2275 τὸν
1721 2221 1850 2276 Υἱὺν
1898 2222 1995 2276 τοῦ

405 2309 582 2377 Θεοῦ;
616 2329 639 2365 ι
695 2310 935 2365 Ἐκείνου
964 2328 1029 2380 γε
1059 2312 1167 2384 μὴν
1200 2312 1339 2385 πρὸς
1363 2311 1520 2367 τοῦτο
1540 2311 1811 2382 λέγοντος·
1849 2331 1869 2365 ‹
1901 2312 1996 2376 Ἰίς

410 2408 550 2472 ἐστι,
580 2403 752 2475 Κύριε
772 2446 788 2470 ,
820 2404 907 2457 ἵνα
940 2403 1217 2458 πιστεύσω
1243 2406 1323 2469 είς
1352 2404 1552 2472 αὑτόν;
1590 2424 1609 2457 ι
1644 2405 1737 2458 καὶ
1763 2405 1996 2476 ἀπεκρί-

406 2514 539 2551 νατο
562 2497 758 2565 λέγων·
789 2516 808 2549 ι
842 2497 952 2550 Καὶ
983 2495 1237 2567 ἑώρακας
1261 2496 1446 2563 αὐτὸν,
1473 2497 1568 2550 καὶ
1589 2499 1618 2552 ό
1651 2496 1827 2551 λαλῶν
1857 2497 1994 2568 μετά

408 2588 528 2653 σοῦ,
558 2589 768 2651 ἐκεῖνός
793 2591 932 2643 ἐστι.
968 2607 987 2640 ι
1019 2587 1281 2643 Τεθέαται
1303 2589 1360 2643 δὲ
1391 2592 1420 2644 ό
1444 2588 1644 2660 τυφλὸς
1671 2590 1731 2644 ού
1764 2590 1992 2663 γυμνὸν,

404 2683 440 2752 ἢ
473 2682 719 2750 ἀσαρκον
739 2681 927 2747 αὐτὸν,
958 2681 1073 2747 ἀλλ’
1096 2683 1153 2736 ὲν
1177 2683 1310 2736 εῐδει
1343 2683 1545 2754 μᾶλλον
1571 2682 1648 2754 τῷ
1677 2683 1803 2737 καθ’
1823 2686 1990 2756 ἡμᾶς·

407 2776 503 2829 καὶ
527 2773 898 2829 πεπίστευκεν
924 2776 1005 2839 είς
1026 2775 1116 2830 τὸν
1144 2776 1481 2848 ἑωραμένον,
1507 2776 1606 2847 οὐχ
1631 2776 1709 2841 ὼς
1737 2778 1862 2831 Υίὸν
1890 2776 1994 2847 υίῷ

409 2864 761 2936 συνημμένον
790 2864 983 2936 ἑτέρῳ,
1014 2864 1131 2921 ἀλλ’
1166 2864 1241 2928 ὡς
1262 2865 1342 2929 εἰς
1370 2864 1466 2918 ἕνα
1494 2866 1585 2919 τὸν
1625 2864 1784 2935 φύσει
1812 2883 1871 2919 τε
1900 2866 1994 2921 καὶ

408 2954 641 3027 ἀληθῶς
667 2957 733 3009 (ού
773 2955 897 3027 δίχα
928 2956 1131 3027 σαρκὸς
1178 2956 1569 3027 ὲπιλάμψαντα
1602 2959 1717 3022 τοῖς
1758 2958 1853 3011 ἐπὶ
1891 2957 1994 3022 τῆς

407 3047 534 3118 γῆς.
572 3047 816 3118 Μωῦσῆς
847 3064 912 3117 γε
939 3046 1047 3120 μὴν
1071 3050 1100 3101 ό
1130 3048 1415 3113 θεσπέσιος
1440 3052 1499 3104 ὲν
1527 3048 1803 3120 εὐλογίαις
1833 3050 1989 3121 φησί·

414 3158 433 3189 ι
470 3139 603 3193 Δότε
650 3139 786 3194 Δευῖ
828 3140 928 3211 τὴν
969 3140 1200 3211 δήλωσιν
1241 3141 1429 3205 αὐτοῦ,
1470 3143 1563 3197 καὶ
1592 3144 1691 3216 τὴν
1734 3143 1993 3216 ἀλήθειαν

410 3230 579 3283 αὐτοῦ
615 3230 691 3301 τῷ
717 3231 874 3303 ἀνδρὶ
902 3231 979 3303 τῷ
1009 3232 1170 3304 ὁσίῳ·
1205 3233 1264 3287 όν
1291 3232 1650 3304 ἐξεπείρασαν
1690 3234 1749 3287 ἐν
1788 3234 1987 3306 πείρᾳ’

414 3319 757 3392 ἐλοιδόρησαν
783 3321 951 3376 αὐτὸν
985 3322 1073 3392 ἐφ’
1103 3322 1294 3389 ὓδατος
1325 3324 1656 3394 ἀντιλογίας.
1715 3326 1774 3379 '0
1816 3326 1992 3394 λέγων

412 3409 496 3480 τῷ
538 3411 708 3483 Πατρὶ⁵
750 3413 845 3467 καὶ
871 3416 937 3485 τῇ
966 3413 1151 3486 μητρί*
1187 3415 1299 3486 Οὐχ
1343 3414 1565 3487 ὲὼρακά
1600 3433 1681 3470 σε·
1729 3416 1823 3471 καὶ
1864 3416 1992 3481 τοὺς

407 3501 672 3571 ἀδελφοὺς
693 3502 857 3557 αὐτοῦ
878 3504 979 3558 οὐκ
1002 3504 1237 3574 ἐπέγνω.
1268 3525 1286 3558 ι
1316 3506 1664 3579 Προστέταχε
1697 3508 1796 3578 μὲν
1825 3507 1934 3579 γὰρ
1962 3508 1991 3561 ό

406 3594 517 3648 τῶν
535 3594 677 3649 ὅλων
712 3596 847 3661 Θεὸς
872 3597 967 3651 τὸν
993 3598 1203 3670 ποδήρη
1244 3599 1498 3667 γενέσθαι
1523 3599 1604 3670 τῷ
1636 3600 1846 3672 Ἀαρὼν
1875 3617 1992 3655 ποι-

408 3690 573 3753 κίλως
599 3689 993 3761 ὲξυφασμένονο
1026 3690 1251 3762 φόρημα
1272 3691 1329 3745 δὲ
1349 3690 1511 3746 τοῦτο
1541 3691 1681 3765 μόνῃ
1707 3695 1773 3765 τῇ
1802 3693 1991 3764 ἀρχιε-

410 3781 631 3855 ρωσύνη
667 3782 901 3854 πρέπον,
945 3784 1040 3838 καὶ
1072 3783 1374 3854 ὲκνεμηθὲν
1396 3785 1554 3857 αὐτῇ.
1581 3785 1724 3857 Πρὸς
1745 3785 1803 3839 δέ
1826 3803 1890 3855 γε
1914 3785 1993 3856 τῷ

409 3870 595 3943 στήθει
620 3874 717 3926 τοῦ
738 3875 1040 3945 ἀρχιερέως
1070 3875 1207 3929 λίθοι
1233 3876 1379 3939 τινὲς
1404 3870 1545 3947 ἦσαν
1587 3876 1988 3949 ἀπηρτημένοι,

406 3965 496 4019 τὸν
523 3963 759 4035 ἀριθμὸν
786 3964 1013 4029 δώδεκα,
1049 3959 1124 4020 ὧν
1169 3967 1228 4019 ὲν
1279 3951 1429 4038 μέσῳ
1458 3967 1720 4038 τετάχατο
1760 3968 1991 4040 δήλωσις

405 4073 464 4109 τε
492 4056 588 4110 καὶ
623 4055 881 4127 ἀλήθεια,
913 4056 1007 4110 δύο
1042 4056 1206 4111 πάλιν
1246 4056 1425 4129 ἕτεροι
1460 4057 1615 4113 λίθοι.
1645 4060 1992 4128 Αἰνιγματω-

404 4147 511 4209 δὼς
535 4146 592 4200 δὲ
621 4146 711 4200 διά
725 4146 927 4200 τούτων
949 4149 977 4200 ό
998 4146 1107 4201 τῶν
1129 4147 1298 4216 ἁγίων
1319 4148 1635 4201 ἀποστόλων
1666 4148 1994 4202 διεδείκνυτο

408 4235 587 4308 χορὸς,
619 4230 735 4289 οἷον
760 4237 818 4289 ἐν
852 4235 1035 4305 κύκλῳ
1074 4236 1345 4307 περιέχων
1378 4237 1470 4290 τὸν
1513 4237 1863 4308 Ἐμμανουὴλ
1892 4278 1907 4303 ,
1934 4238 1994 4302 ὃς

409 4330 525 4382 ἐστι
552 4327 790 4399 δήλωσις
823 4329 916 4381 καὶ
964 4328 1211 4400 ἀλήθεια*
1264 4329 1533 4402 δεδήλωκε
1563 4329 1674 4403 γὰρ
1716 4331 1848 4401 ἡμῖν
1896 4330 1995 4402 τὴν

410 4422 694 4492 ἀλήθειαν,
721 4421 820 4492 τὴν
849 4423 908 4475 ὲν
934 4425 1135 4486 σκιαῖς,
1165 4423 1261 4476 καὶ
1302 4421 1493 4486 τύποις
1534 4423 1855 4495 ἀποστήσας
1892 4422 1992 4478 λα-

405 4515 615 4586 τρείαν.
652 4516 779 4568 Ὅτι
808 4514 867 4568 δὲ
886 4513 1108 4583 γέγονεν
1134 4513 1295 4585 ἡμῶν
1321 4514 1614 4585 ἀρχιερεὺς
1638 4516 1667 4567 ό
1699 4515 1993 4588 μονογενὴς

2102 4518 2291 4590 ﬁguris
2322 4527 2442 4574 erat
2466 4519 2630 4575 ﬁnem
2670 4520 2976 4589 imponens.
3003 4519 3159 4587 Quod
3208 4526 3391 4575 autem
3430 4517 3679 4589 pontifex
3770 4535 3780 4543 ο

408 4608 500 4661 τοῦ
522 4607 662 4661 Θεοῦ
691 4606 883 4676 Λόγος,
910 4607 999 4661 ὅτε
1018 4607 1115 4660 καὶ
1143 4606 1430 4675 ἄνθρωπος
1458 4605 1671 4675 γέγονε,
1701 4608 1818 4672 πῶς
1846 4607 1995 4663 ἔστιν

409 4699 792 4770 ἀμφιϐάλλειν,
822 4698 1160 4770 γεγραφότος
1184 4698 1280 4751 ὡδὶ
1309 4698 1402 4752 τοῦ
1430 4698 1719 4753 θεσπεσίου
1752 4699 1989 4754 Παύλου*

417 4811 437 4843 ‹
496 4792 891 4862 Κατανοήσατε
939 4792 1033 4846 τὸν
1093 4790 1392 4845 ἀπόστολον
1439 4792 1534 4845 καὶ
1579 4793 1847 4864 ἀρχιερέα
1889 4792 1992 4864 τῆς

415 4887 696 4955 ὁμολογίας
726 4885 885 4956 ἡμῶν
938 4882 1168 4954 Ἰησοῦν,
1203 4883 1394 4938 πιστὸν
1432 4884 1562 4937 ὅντα
1599 4883 1677 4955 τῷ
1704 4884 1990 4955 ποιήσαντι

416 4978 603 5043 αὐτόν;
637 4996 656 5029 ι
701 4977 776 5030 Τὸ
797 4976 908 5049 γάρ
940 4993 1022 5029 τοι
1045 4976 1143 5048 τῆς
1174 4976 1474 5048 ἱερωσύνης
1496 4976 1715 5048 ἀξίωμα
1745 4980 1859 5042 τοῖς
1887 4977 1987 5049 τῆς

412 5068 825 5141 ἀνθρωπότητος
870 5068 1089 5140 μέτροις
1121 5070 1220 5123 ούκ
1263 5069 1522 5134 ἀπεοικὸς
1556 5072 1715 5124 νοοῖτ⁹
1748 5069 1815 5125 ἂν
1849 5070 1990 5124 είκό-

411 5177 530 5223 τως,
568 5162 666 5214 καὶ
711 5162 862 5232 μεῖον
908 5160 1027 5231 μὲν,
1068 5161 1101 5231 ἢ
1141 5159 1288 5215 κατὰ
1333 5160 1432 5231 τὴν
1480 5160 1575 5214 τοῦ
1616 5161 1753 5215 Θεοῦ
1810 5162 1987 5230 Λόγου

413 5252 567 5321 φύσιν
594 5270 655 5306 τε
691 5252 787 5306 καὶ
804 5251 983 5318 δόξαν,
1006 5253 1105 5306 οὐκ
1130 5252 1470 5325 ἀνάρμοστον
1496 5253 1554 5308 δὲ
1582 5256 1649 5326 τῇ
1683 5253 1821 5322 μετά
1856 5270 1990 5325 σαρ-

412 5344 499 5409 κὸς
538 5345 864 5417 οἰκονομίᾳσ
894 5345 1153 5415 γεγόνασι
1191 5345 1300 5417 γάρ
1340 5346 1505 5401 αὑτοῦ
1548 5347 1617 5401 τὰ
1648 5344 1986 5418 ἀνθρώπινα.

473 5501 518 5535 ⁷⁸
541 5502 687 5561 Gen.
714 5518 880 5565 χχιιι,
913 5501 1003 5568 50,
1029 5503 1118 5557 5|.
1196 5505 1240 5536 ⁷¹
1264 5504 1406 5560 Psal.
1436 5521 1567 5572 xvn,
1596 5505 1683 5560 46.

413 5587 589 5638 xum,
612 5572 667 5639 8,
694 5573 748 5628 9.
824 5575 867 5605 "
900 5574 1073 5630 Exod.
1105 5590 1289 5641 xxvm,
1321 5575 1354 5629 4
1376 5591 1525 5646 seqq.

2098 576 2265 631 homo
2286 575 2507 632 futurus
2540 584 2686 632 esset
2707 576 3005 646 aliquando
3030 575 3376 646 unigenitum
3399 577 3522 647 ejus
3544 576 3682 632 Ver-

2098 670 2251 734 bum,
2280 677 2337 724 et
2375 669 2747 724 obluctantem
2800 668 3092 723 habiturus
3126 674 3273 723 esset
3315 667 3595 737 lsraelem,
3625 680 3682 726 et

2097 762 2244 833 quod
2284 761 2431 817 circa
2463 762 2619 817 illum
2660 778 2772 817 non
2815 770 3002 817 essent
3048 768 3199 816 recte
3246 760 3538 828 incessuri,
3583 763 3681 818 sed

2099 855 2459 911 claudicaturi
2506 855 2664 926 183
2701 853 3126 925 quodammodo,
3162 853 3305 909 sicut
3341 855 3459 925 ipse
3501 855 3681 926 inquit

2099 962 2198 1017 per
2220 946 2514 1002 Psallentis
2544 946 2750 1018 lyram:
2790 966 2808 996 σ
2828 946 2952 1000 Filii
2976 946 3140 1001 alieni
3173 948 3393 1002 mentiti
3414 957 3545 1006 sunt
3571 949 3680 1003 mi-

2098 1040 2180 1104 hi,
2207 1039 2305 1095 ﬁlii
2338 1040 2517 1110 falieni
2559 1039 2853 1094 inveterati
2893 1047 3042 1103 sunt,
3078 1047 3137 1095 et
3166 1039 3617 1096 claudicaverunt
3648 1057 3680 1095 a

2100 1130 2310 1185 semitis
2332 1131 2446 1185 suis
2476 1130 2543 1183 ⁷⁸.
2569 1148 2587 1181 ι
2622 1128 2737 1185 Hoc
2780 1129 2929 1184 enim
2960 1131 3157 1201 opinor
3173 1129 3501 1202 signiﬁcare,
3531 1134 3678 1203 quod

2099 1220 2267 1282 Iacob
2314 1219 2522 1275 femore
2559 1234 2659 1275 suo
2717 1219 3061 1276 claudicarit.
3104 1221 3499 1277 Verumtamen
3542 1223 3679 1278 illud

2100 1309 2410 1376 considera,
2441 1310 2588 1380 quod
2613 1324 2739 1365 cum
2762 1310 2927 1365 homo
2969 1311 3209 1367 luctatus
3235 1311 3308 1367 sit
3334 1324 3461 1368 cum
3483 1327 3572 1379 eo,
3592 1313 3677 1368 vi-

2100 1398 2248 1455 disse
2272 1414 2331 1454 se
2357 1398 2677 1454 dicitDeum
2710 1398 2848 1454 facie
2869 1400 2937 1454 ad
2963 1399 3177 1466 faciem,
3214 1401 3506 1473 ipsumque
3550 1417 3677 1473 spe-

2100 1488 2239 1544 ciem
2274 1490 2371 1545 Dei
2423 1497 2602 1545 vocat.
2632 1489 2831 1546 Mansit
2876 1492 3023 1546 enim
3070 1493 3310 1548 Verbum
3348 1494 3469 1561 Dei,
3509 1494 3677 1550 etiam

2102 1583 2266 1637 homo
2291 1581 2513 1647 factum,
2532 1584 2589 1637 in
2610 1583 2788 1639 forma
2814 1584 3011 1650 Patris,
3030 1584 3331 1640 secundum
3349 1587 3678 1657 spiritalem,

2102 1675 2347 1745 inquam,
2381 1675 2695 1747 imaginem,
2723 1685 2781 1733 et
2820 1677 3122 1733 secundum
3140 1688 3393 1733 naturam
3428 1680 3580 1733 omni
3611 1696 3679 1735 ex

2102 1774 2259 1835 parte
2294 1765 2823 1823 incommutabilem.
2874 1767 3111 1822 Proinde
3163 1766 3383 1822 dicebat
3421 1768 3490 1822 ad
3548 1768 3676 1823 Phi-

2100 1858 2330 1929 lippum,
2382 1858 2756 1915 cbaracterem
2793 1860 3110 1915 substantia:
3151 1859 3331 1916 Patris
3353 1860 3399 1891 ⁷³
3435 1862 3676 1931 scipsum

2094 1949 2395 2005 ostendens
2419 1950 2586 2005 etiam
2632 1966 2759 2006 cum
2788 1966 2988 2006 carne:
3042 1949 3187 2017 «Qui
3224 1950 3364 2005 vidit
3396 1965 3506 2017 me,
3537 1950 3679 2008 vidit

2093 2042 2151 2093 et
2177 2040 2393 2096 Patrem
2423 2041 2490 2095 ⁷⁸.
2515 2061 2534 2093 ι
2567 2043 2704 2098 Cum
2751 2051 2936 2097 autem
2961 2042 3273 2113 quemdam
3295 2054 3500 2097 caecum
3530 2057 3678 2099 ana-

2098 2129 2328 2197 tivitate,
2352 2147 2519 2202 quem
2540 2141 2853 2199 curaverat,
2878 2132 3178 2189 invenisset
3201 2132 3257 2186 in
3294 2132 3529 2203 templo:
3566 2131 3679 2187 «Tu

2094 2220 2295 2288 credis,
2324 2222 2525 2293 inquit,
2548 2223 2605 2278 in
2617 2223 2817 2278 Filium
2845 2224 3017 2279 Dei?»
3051 2223 3150 2279 illo
3163 2231 3348 2279 autem
3370 2223 3439 2278 ad
3467 2223 3575 2279 hoc
3597 2223 3682 2278 di-

2095 2321 2280 2369 cente:
2315 2313 2488 2380 «Quis
2514 2323 2619 2380 est,
2656 2313 2909 2379 Domine,
2936 2313 3236 2369 utcredam
3266 2313 3323 2367 in
3356 2314 3525 2369 eum?
3547 2332 3567 2366 ι
3594 2328 3682 2368 re-

2095 2402 2319 2472 spondit
2351 2401 2573 2458 dicens:
2602 2421 2620 2454 ι
2642 2403 2712 2458 Ει
2730 2402 2917 2458 vidisti
2947 2417 3096 2469 eum,
3121 2410 3180 2459 et
3203 2405 3299 2474 qui
3327 2404 3575 2474 loquitur
3600 2413 3682 2460 te-

2095 2510 2244 2561 cum,
2285 2496 2376 2551 ille
2415 2504 2501 2552 est
2526 2497 2592 2551 "'.
2644 2516 2663 2549 »
2697 2496 2847 2552 Vidit
2892 2507 3076 2553 autem
3122 2498 3303 2568 ipsum
3342 2513 3521 2554 caecus
3566 2513 3680 2554 non

2094 2586 2328 2652 nudum,
2357 2587 2443 2642 vel
2466 2588 2587 2643 sine
2613 2603 2798 2654 carne,
2828 2589 2927 2644 sed
2951 2588 3008 2643 in
3030 2590 3214 2659 specie
3274 2589 3444 2645 simili
3484 2590 3679 2658 nobis;

2094 2687 2151 2736 et
2176 2680 2411 2737 credidit
2430 2681 2486 2736 in
2516 2696 2644 2736 eum
2667 2698 2831 2753 quem
2860 2682 3020 2747 vidit,
3051 2699 3165 2738 non
3189 2691 3448 2754 tanquam
3470 2685 3526 2739 in
3550 2700 3679 2740 eum

2095 2787 2261 2843 quem
2281 2772 2442 2838 vidit,
2468 2788 2581 2829 non
2615 2782 2877 2843 tanquam
2903 2774 2960 2829 in
2982 2774 3184 2829 Filium
3206 2790 3334 2830 cum
3360 2775 3535 2831 altero
3565 2775 3679 2832 ﬁlio
3772 2790 3775 2793 ‘

2096 2864 2471 2934 conjunetum,
2515 2864 2611 2919 sed
2643 2871 2900 2935 tanquam
2955 2864 3014 2918 in
3039 2879 3231 2931 unum,
3264 2865 3359 2935 qui
3401 2874 3600 2920 natura
3623 2873 3683 2921 et

2095 2970 2226 3011 vere
2250 2971 2360 3011 non
2392 2956 2601 3026 absque
2627 2970 2796 3011 carne
2829 2955 2896 3011 iis
2918 2956 3013 3027 qui
3045 2963 3208 3012 erant
3228 2956 3287 3012 in
3334 2966 3479 3014 terra
3516 2958 3680 3015 δισυλ-

2096 3047 2277 3103 sisset.
2304 3049 2478 3103 Porro
2519 3048 2717 3103 beatus
2741 3048 2953 3120 Moyses
2993 3049 3051 3103 in
3090 3049 3570 3105 benedictionibus
3592 3051 3680 3106 in-

2022 3171 2064 3231 ο
2098 3139 2248 3210 quit:
2308 3158 2327 3191 ι
2349 3140 2484 3195 Date
2510 3139 2643 3195 Levi
2672 3138 3167 3195 manifestationem
3195 3141 3336 3212 ejus,
3375 3150 3433 3197 et
3470 3141 3677 3197 verita-

2099 3241 2211 3288 tem
2237 3234 2355 3306 ejus
2380 3232 2502 3287 viro
2532 3242 2743 3297 sancto,
2767 3246 2932 3302 quem
2958 3239 3311 3289 tentaverunt
3351 3234 3678 3299 tentatione,

2040 3390 2055 3401 κ
2098 3331 2155 3379 et
2201 3324 2251 3379 ei
2280 3323 2563 3379 eonvitiati
2601 3333 2731 3379 sunt
2771 3324 2915 3394 apud
2963 3339 3163 3395 aquam
3206 3324 3678 3381 contradictionis.

2099 3414 2204 3481 Qui
2226 3414 2361 3470 dicit
2387 3415 2531 3485 patri
2552 3422 2608 3470 et
2639 3415 2801 3470 matri
2826 3433 2838 3469 :
2866 3415 2987 3470 Non
3008 3415 3123 3470 vidi
3147 3422 3202 3471 te
3222 3432 3236 3482 ;
3255 3423 3311 3471 et
3335 3415 3535 3471 tratres
3550 3430 3681 3471 suos

2100 3522 2210 3560 non
2238 3507 2460 3577 agnovit
2484 3506 2552 3559 ".
2578 3524 2596 3558 ι
2638 3506 3004 3563 Ordinaverat
3033 3507 3255 3578 quidem
3294 3507 3681 3564 universorum

2100 3598 2248 3652 Deus
2268 3596 2371 3667 ipsi
2410 3596 2616 3663 Aaron,
2645 3606 2706 3652 ut
2727 3597 2990 3667 poderem
3014 3597 3223 3653 faceret
3243 3597 3395 3652 varie
3449 3606 3680 3654 contex-

2099 3696 2218 3742 tum
2251 3706 2265 3741 :
2298 3688 2523 3743 habitus
2543 3689 2592 3745 is
2623 3695 2747 3743 erat
2777 3689 2881 3743 soli
2922 3704 3137 3744 summo
3174 3689 3443 3745 sacerdoti
3481 3706 3683 3747 conve-

2100 3780 2278 3843 niens,
2305 3779 2520 3849 ipsique
2546 3779 2867 3834 attributus.
2905 3780 2963 3834 In
2999 3788 3222 3850 pectore
3256 3789 3440 3837 autem
3479 3782 3680 3838 summi

2101 3870 2401 3927 sacerdotis
2425 3870 2579 3926 fuere
2601 3870 2812 3941 lapides
2834 3871 3060 3942 quidam
3111 3873 3422 3942 pendentes
3447 3888 3681 3929 numero

2100 3962 2413 4028 duodecim,
2438 3964 2495 4018 in
2523 3978 2760 4035 quorum
2789 3964 2971 4021 medio
3008 3964 3275 4035 disposita
3301 3974 3419 4022 erat
3448 3967 3682 4022 manife-

2101 4055 2264 4111 statio
2293 4063 2350 4111 et
2376 4056 2601 4122 veritas,
2625 4055 2736 4111 duo
2764 4056 2895 4111 item
2923 4056 3017 4112 alii
3060 4058 3271 4128 lapides
3303 4059 3370 4111 τ’.
3406 4058 3681 4115 Caeterum

2099 4164 2199 4219 per
2229 4148 2331 4203 hos
2348 4148 2637 4204 duodecim
2658 4150 3031 4220 apostolorum
3049 4152 3095 4183 ⁷⁸
3117 4151 3320 4207 chorus
3343 4151 3682 4222 aenigmatice

2101 4241 2582 4297 demonstrabatur
2600 4241 2757 4312 quasi
2780 4242 2837 4296 in
2860 4242 3053 4298 orbem
3077 4244 3306 4314 cingens
3345 4244 3681 4299 Emmanue-

2100 4334 2231 4400 lem,
2260 4334 2355 4405 qui
2392 4341 2476 4389 est
2504 4333 2877 4389 manifestatio
2929 4341 2986 4390 et
3012 4337 3216 4392 veritas
3252 4354 3266 4390 :
3311 4334 3684 4391 manifestavit

2099 4428 2247 4482 enim
2288 4427 2451 4483 nobis
2481 4427 2791 4492 veritatem,
2825 4427 2999 4484 cultui
3051 4428 3127 4483 illi
3169 4428 3263 4499 qui
3300 4428 3355 4482 in
3380 4426 3591 4483 umbris
3624 4433 3683 4480 et

2092 4611 2299 4668 factum
2329 4612 2401 4671 sit
2423 4611 2585 4667 nobis
2631 4611 2977 4682 unigenitum
3018 4610 3116 4666 Dei
3148 4610 3411 4675 Verbum,
3456 4610 3678 4680 quando

2092 4715 2149 4760 et
2170 4704 2336 4760 homo
2362 4703 2565 4759 factum
2590 4711 2695 4769 est,
2725 4703 3003 4774 quomodo
3032 4701 3276 4758 dubitari
3324 4708 3526 4772 potest,
3547 4717 3677 4757 cum

2092 4794 2316 4850 divinus
2344 4795 2547 4850 Paulus
2570 4795 2625 4849 in
2660 4795 2809 4850 hunc
2840 4793 3064 4850 modum
3095 4792 3333 4849 scribat:
3367 4815 3385 4844 ι
3406 4790 3677 4848 Conside-

2092 4899 2208 4945 rate
2251 4889 2558 4959 apostolum
2599 4894 2656 4942 et
2701 4886 3019 4958 pontiﬁcem
3059 4881 3426 4940 confessionis
3476 4888 3679 4937 nostra:

2099 4979 2422 5049 Jesum,qui
2454 4979 2632 5037 ﬁdelis
2650 4986 2735 5034 est
2762 4979 2814 5034 ei
2844 4976 3005 5049 184
3029 4977 3125 5047 qui
3164 4974 3295 5031 fecit
3323 4973 3503 5045 ipsum
3538 4972 3627 5027 7’?
3650 4991 3670 5025 ι

2090 5075 2227 5130 Nam
2255 5072 2548 5129 sacerdotii
2571 5072 2808 5144 dignitas
2841 5067 3200 5125 humanitatis
3228 5066 3507 5122 mensuris
3539 5078 3676 5122 con-

2092 5163 2282 5218 venire
2311 5170 2460 5218 recte
2488 5161 2848 5233 intelligitur;
2878 5168 2935 5215 et
2953 5159 3134 5213 minor
3166 5157 3392 5229 quidem
3422 5169 3588 5227 quam
3614 5162 3678 5210 ut

2092 5254 2192 5311 Dei
2208 5254 2374 5311 Verbi
2389 5264 2601 5310 natura:
2622 5268 2687 5308 ac
2700 5251 2889 5323 gloriae
2909 5255 3205 5320 competat,
3228 5263 3340 5302 non
3360 5256 3542 5302 tamen
3558 5245 3671 5316 ipsi

2095 5362 2223 5404 cum
2263 5361 2430 5403 carne
2467 5342 2870 5416 dispensationi
2895 5340 3158 5397 indecens
3192 5339 3477 5395 :bumana
3520 5336 3672 5394 enim

1762 5504 1809 5537 ⁷³
1844 5504 1993 5560 Hebr

2111 5505 2166 5560 5.
2242 5503 2290 5536 ’⁸
2314 5502 2470 5558 Joan.
2498 5517 2606 5568 xxv,
2635 5500 2689 5556 9.
2765 5498 2813 5531 ⁷⁸
2842 5496 2999 5555 Joan.
3033 5512 3106 5563 Ix,
3138 5494 3227 5564 36,
3258 5494 3350 5551 37.
3428 5495 3478 5529 "
3506 5493 3670 5550 Deut.

1605 5576 1650 5608 ⁷⁸
1682 5575 1847 5631 Zacb.
1882 5590 1955 5640 ix,
1983 5574 2069 5629 16.
2147 5572 2192 5607 τ’
2215 5572 2383 5628 Hebr.
2407 5587 2487 5637 ιιι,
2519 5572 2571 5626 1.

1496 5712 1669 5769 Variae
1695 5713 1963 5771 lectiones
1984 5711 2191 5770 codicis
2218 5708 2583 5783 Seguieriani.

481 5816 509 5858 ει
549 5805 711 5879 ἔχειν.
