4044 6212
368 345 476 407 307

1392 335 1446 389 S.
1489 334 1765 389 CYRILLI
1804 333 2272 391 ALEXANDRINI
2312 336 2626 392 ARCIIIEP.

3538 337 3607 397 56'
3616 341 3649 398 8

374 455 496 526 ejus
514 452 759 507 fuerunt.
786 450 979 521 Igitur,
1001 468 1016 499 ι
1040 451 1194 512 Date,
1220 466 1236 498 ι
1264 448 1466 517 inquit,
1497 469 1513 497 ι
1535 447 1690 512 Levi,
1714 466 1732 498 ι
1755 448 1863 501 hoc
1878 456 1959 502 est

2073 469 2089 501 ι
2118 451 2245 504 Δότε
2267 469 2283 501 ι
2308 451 2509 517 τοίνυν,
2543 450 2697 519 φησὶ,
2732 469 2749 502 ‹
2774 450 2849 519 τῷ
2879 450 3034 516 Λευῖ,
3061 471 3078 501 ι
3100 452 3349 505 τουτέστι
3382 451 3649 528 τῷξεοεῖ,

372 542 673 607 sacerdoti,
711 563 729 593 ι
775 540 1279 596 manifestationem
1319 546 1375 591 et
1407 537 1766 593 veritatem.»
1803 537 1960 605 Quali

373 646 562 693 autem
590 636 725 689 dicit
770 632 925 698 Levi,
970 648 1066 687 seu
1090 631 1385 696 sacerdoti,
1415 631 1713 687 declaravit
1734 631 1955 686 dicens:

358 728 553 783 «Viro
596 734 854 781 saneton
884 740 993 779 non
1022 723 1169 777 enim
1192 722 1326 779 fecit
1364 733 1653 794 peccatum
1692 724 1960 778 Dominus

375 826 565 875 noster
586 818 748 874 Jesus
767 816 1021 871 Christus
1042 815 1111 868 ⁸ο.
1139 814 1293 871 Unde
1325 814 1528 871 Paulus
1547 815 1615 869 de
1641 830 1708 869 eo
1733 814 1957 869 scribit:

384 910 562 965 «Talis
583 910 729 965 enim
749 907 980 962 decebat
996 913 1057 961 ut
1078 914 1223 962 esset
1246 906 1403 960 nobis
1428 905 1691 975 pontifex,
1712 914 1958 974 sanctus,

378 1002 665 1065 innocens,
692 999 1034 1069 impollutus,
1062 1004 1385 1067 segregatus
1410 1012 1441 1050 a
1470 996 1876 1067 peccatoribus,
1905 1004 1961 1051 et

377 1090 646 1146 excelsior
658 1088 812 1144 caelis
824 1086 1050 1143 factus“
1061 1127 1075 1140 .
1089 1106 1185 1140 ›-
1196 1106 1213 1138 ι
1224 1087 1382 1141 Illum
1401 1094 1751 1142 tentaverunt
1768 1086 1822 1141 in
1837 1098 1960 1143 ten-

379 1182 586 1236 tatione
611 1198 626 1234 :
646 1180 851 1252 jurgati
871 1186 1001 1235 sunt
1025 1188 1216 1234 contra
1238 1193 1365 1234 eum
1386 1178 1529 1248 apud
1548 1194 1719 1248 aquas
1736 1186 1960 1234 contra-

378 1274 655 1330 dictionis.
684 1293 701 1326 ι
737 1272 781 1328 Ο
805 1289 923 1328 rem
946 1272 1355 1327 admirabilem!
1383 1272 1575 1327 Virum
1600 1272 1791 1327 dicens
1810 1288 1958 1337 eum,

380 1368 565 1422 statim
591 1368 763 1422 Deum
798 1366 1116 1431 declaravit,
1141 1380 1305 1435 quem
1330 1363 1684 1419 exacerbavit
1705 1372 1760 1418 et
1784 1373 1961 1419 tenta-

379 1463 460 1515 vit
483 1461 650 1516 lsrael
673 1468 729 1514 et
766 1460 822 1513 in
844 1473 1053 1522 eremo,
1087 1466 1143 1513 et
1168 1457 1233 1512 ad
1259 1472 1457 1527 aquam
1488 1457 1957 1511 contradictionis.

380 1555 621 1625 Ejusque
652 1554 733 1608 rei
778 1552 939 1607 fidem
976 1552 1139 1607 faciet
1190 1553 1402 1607 Psaltes
1440 1553 1658 1607 dicens:
1705 1572 1722 1604 ι
1745 1554 1963 1623 Dirupit

380 1655 593 1721 petram
644 1644 699 1697 in
722 1656 931 1705 eremo,
968 1650 1025 1694 ct
1055 1641 1267 1711 potavit
1312 1656 1409 1696 eos
1452 1643 1604 1697 velut
1659 1642 1715 1696 in
1764 1643 1962 1715 abysso

380 1737 551 1790 multa
577 1754 595 1805 ;
622 1744 677 1789 et
704 1734 895 1790 eduxit
925 1749 1123 1803 aquam
1147 1734 1214 1789 de
1266 1743 1443 1803 petra,
1477 1734 1777 1789 etdeduxit
1805 1734 1961 1804 quasi

379 1802 605 1881 flumina
629 1842 797 1895 aquas
824 1828 889 1879 δ’.
912 1846 929 1876 ι
969 1802 1037 1880 Et
1057 1825 1189 1895 quid
1214 1802 1335 1895 post
1379 1826 1521 1881 hoc?
1552 1846 1569 1877 ι
1594 1827 1661 1881 Et
1715 1802 1961 1882 tentave-
1998 1802 2041 1857 Β

382 1927 533 1981 runt.
556 1919 756 1989 inquit,
790 1934 916 1973 eum
947 1919 1003 1972 in
1037 1917 1204 1972 corde
1228 1935 1350 1981 suo,
1381 1925 1435 1973 et
1459 1919 1601 1973 male
1632 1918 1801 1973 locuti
1836 1926 1965 1973 sunt

381 2011 451 2065 de
482 2011 614 2074 Deo,
650 2009 1030 2065 etdixerunt:
1062 2009 1342 2080 Numquid
1390 2008 1595 2079 poterit
1631 2009 1776 2063 Deus
1821 2024 1964 2078 pra:-

384 2119 581 2173 parare
616 2118 861 2158 mensam
904 2103 959 2161 in
1009 2102 1252 2166 deserto,
1281 2102 1542 2172 quoniam
1581 2101 1967 2170 percussitpe-

386 2201 547 2255 tram,
595 2200 651 2247 et
684 2191 962 2246 fluxerunt
1008 2208 1183 2262 aquze,
1237 2200 1295 2246 et
1346 2198 1621 2246 torrentes
1659 2190 1964 2245 inundave-

384 2284 551 2337 runt?
576 2283 858 2354 Numquid
896 2290 953 2340 et
985 2300 1185 2354 panem
1211 2282 1418 2354 poterit
1447 2284 1600 2347 dare,
1644 2292 1737 2337 aut
1768 2299 1965 2353 parare

385 2390 629 2429 mensam
658 2375 863 2446 populo
912 2390 1013 2430 suo
1039 2375 1157 2429 ⁸η»
1194 2375 1458 2446 lntelligis
1486 2375 1653 2446 igitur
1688 2376 1967 2445 quomodo

379 2468 583 2539 jurgati
610 2468 817 2524 fuerint
834 2469 1101 2524 adversus
1125 2469 1299 2533 Deum
1345 2468 1612 2523 miracula
1653 2467 1964 2533 facientem,

384 2576 551 2629 quem
592 2576 723 2616 sane
748 2562 987 2631 appellat
1008 2561 1188 2616 virum
1217 2561 1448 2633 Moyses.
1478 2561 1615 2615 Nam
1658 2570 1715 2615 et
1746 2559 1969 2615 divinus

385 2653 589 2707 Paulus
609 2652 691 2707 sic
732 2651 1046 2723 intelligens
1086 2652 1311 2707 scribit:
1353 2672 1369 2703 ι
1399 2652 1670 2707 Bibebant
1713 2652 1860 2707 enim
1902 2667 1969 2706 ex

387 2742 623 2813 spiritali
659 2750 923 2813 sequente
976 2752 1164 2813 petra:
1212 2751 1369 2812 petra
1416 2751 1599 2798 autem
1648 2752 1768 2798 erat
1812 2743 1971 2799 Chri-

386 2840 506 2888 stus
529 2833 595 2887 “.
622 2852 640 2885 ι
676 2833 773 2888 Vir
803 2834 970 2904 igitur
1004 2842 1197 2888 contra
1227 2848 1393 2903 quem
1427 2833 1808 2904 jurgabantur,
1852 2833 1969 2903 ipse

384 2934 507 2979 erat
550 2924 641 2979 ille
698 2923 795 2993 qui
845 2923 1093 2977 nondum
1154 2922 1474 2976 incarnatus
1528 2923 1848 2977 tentabatur
1900 2923 1970 2977 ab

386 3007 672 3069 lsraelitis.
702 3014 823 3067 Non
849 3014 999 3067 enim
1028 3013 1195 3067 alium
1213 3010 1383 3067 fuisse
1428 3011 1628 3066 Filium
1676 3022 1804 3068 ante
1845 3028 1970 3067 car-

385 3117 536 3167 nem,
588 3103 757 3157 alium
780 3117 915 3157 vero
949 3102 1018 3155 ab
1042 3101 1161 3171 ipso
1212 3100 1493 3155 diversum
1517 3116 1585 3155 ex
1622 3102 1833 3155 semine
1860 3102 1967 3155 Da-
1997 3142 2039 3199 Ο

386 3193 501 3257 vid,
523 3193 669 3249 sicut
696 3192 901 3248 audent
921 3193 1144 3263 quidam
1172 3193 1389 3259 dicere;
1418 3192 1515 3247 sed
1543 3208 1715 3246 unum
1740 3200 1797 3247 et
1816 3208 1971 3247 eum-

388 3285 536 3348 dem,
589 3292 716 3339 ante
770 3283 1207 3339 incarnationem
1256 3283 1481 3352 quidem
1532 3282 1741 3336 nudum
1788 3281 1971 3337 adhuc

388 3376 653 3442 Verbum,
681 3384 803 3446 post
836 3384 1053 3446 partum
1087 3383 1272 3430 autem
1320 3390 1387 3429 ex
1419 3382 1606 3429 sancta
1635 3375 1855 3445 Virgine
1883 3375 1970 3428 in-

390 3476 676 3524 carnatum
720 3476 777 3523 et
822 3468 1105 3523 hominem
1158 3468 1385 3533 factum,
1443 3466 1587 3521 sicut
1630 3466 1970 3535 scripserunt

388 3559 564 3615 sancti
592 3558 671 3613 illi
698 3573 763 3613 ac
795 3558 968 3614 divini
1001 3560 1210 3623 Patres,
1239 3558 1345 3613 alio
1381 3573 1601 3628 quoque
1642 3558 1797 3628 signo
1818 3572 1971 3611 eom-

388 3649 884 3722 probavitMoyses.
898 3648 1034 3704 Nam
1052 3648 1209 3719 quasi
1225 3648 1895 3720 interrogaretquispiam,
1915 3656 1969 3704 et

388 3740 601 3794 discere
619 3739 942 3810 cuperet,de
954 3730 1191 3809 quonam
1214 3738 1334 3794 viro
1359 3739 1694 3795 mentionem
1726 3739 1966 3804 fecisset,

390 3847 555 3901 quem
606 3846 736 3885 sane
777 3838 834 3885 et
888 3838 1160 3885 tentatum
1202 3830 1373 3885 fuisse
1411 3840 1466 3885 et
1508 3831 1854 3901 objurgatum
1902 3831 1970 3886 ab

390 3924 655 3978 lsraelitis
681 3923 916 3990 diceret,
946 3923 1106 3994 185
1148 3932 1361 3978 tantum
1386 3940 1497 3978 non
1539 3924 1753 3979 intento
1797 3924 1971 3996 digito

389 4017 575 4070 Jesum
600 4016 962 4081 demonstrat,
990 4024 1047 4069 et
1070 4016 1248 4085 inquit
1270 4034 1314 4070 ε(
1333 4015 1436 4081 Qui
1459 4016 1745 4087 dicitpatri
1769 4026 1825 4071 et
1854 4033 1971 4072 ma-

392 4108 492 4162 tri:
534 4109 655 4163 Non
685 4108 801 4163 vidi
838 4118 891 4163 te
928 4125 941 4161 :
991 4117 1048 4163 et
1077 4107 1277 4164 fratres
1300 4124 1431 4163 suos
1471 4125 1585 4164 non
1606 4111 1829 4181 agnovit
1852 4110 1918 4164 ⁸⁵.
1944 4130 1963 4162 ›

389 4199 739 4254 Meminimus
783 4208 967 4254 autem
1009 4215 1180 4253 unum
1236 4210 1551 4256 sanctorum
1609 4203 1974 4274 evangelista-

390 4307 512 4346 rum
536 4292 824 4362 scripsisse
840 4291 1011 4361 quod,
1039 4292 1273 4348 docente
1301 4294 1598 4364 aliquando
1621 4304 1677 4350 et
1702 4296 1970 4366 quosdam

387 4383 679 4438 erudiente
696 4381 940 4449 Christo,
969 4384 1265 4439 astiterunt
1298 4393 1475 4439 mater
1503 4386 1625 4455 ejus
1649 4395 1706 4441 et
1738 4387 1968 4454 fratres;

2062 541 2161 610 τήν
2189 540 2424 611 δήλωσιν
2456 541 2549 594 καί⁹
2579 540 2678 611 τήν
2709 540 2988 610 ἀλήθειαν.
3026 560 3045 593 ι
3094 542 3240 613 Ποίῳ
3272 542 3330 595 δέ
3360 543 3470 613 ἄρα
3513 543 3649 614 φησὶ

2062 630 2216 697 Λευῒ,
2238 633 2404 702 ἤγουν
2429 633 2596 704 ἱερεῖ,
2622 632 2948 703 διεσάφησεν
2978 632 3168 687 εἰπών’
3208 652 3227 686 ι
3264 634 3356 704 Τῷ
3381 635 3539 707 ἀνδρὶ
3578 634 3649 705 τῷ

2061 725 2212 795 ὁσίῳ.
2263 744 2281 776 ι
2325 726 2401 778 Οὐ
2427 725 2536 795 γὰρ
2563 726 2817 797 ἐποίησεν
2848 726 3123 797 ἁμαρτίαν
3163 728 3192 779 6
3233 729 3439 799 Κύριος
3490 727 3645 798 ἡμῶν

2075 814 2281 887 Ἰησοῦς
2309 818 2561 888 Χριστός.
2612 818 2819 889 Γράφει
2854 813 2945 872 οὖν
2975 819 3004 871 6
3036 816 3249 882 Παῦλος
3297 818 3427 889 περὶ
3455 818 3644 872 αὐτοῦ’

2071 928 2091 961 ‹
2144 910 2398 974 Τοιοῦτος
2449 912 2583 981 ἡμῖν
2628 910 2871 983 ἔπρεπεν
2923 910 3250 981 ἀρχιερεὺς,
3282 911 3459 973 ὅσιος,
3512 910 3650 964 ἀκα-

2062 1020 2189 1069 κος,
2222 1003 2483 1073 ἀμίαντος
2508 1043 2523 1069 ,
2563 1003 2967 1075 κεχωρισμένος
3006 1001 3115 1055 ἀπὸ
3145 1001 3254 1056 τῶν
3283 1002 3649 1074 ἁμαρτωλῶν,

2063 1094 2158 1147 καὶ
2188 1093 2520 1165 ὑψηλότερος
2563 1095 2671 1148 τῶν
2698 1093 2944 1165 οὐρανῶν
2970 1093 3278 1164 γενόμενος.
3312 1112 3330 1146 ι
3363 1125 3434 1136 -
3461 1112 3480 1146 ι
3512 1094 3650 1146 Τοῦ-

2063 1190 2154 1240 τόν
2204 1186 2565 1257 ἐξεπείρασαν
2608 1188 2666 1239 ἐν
2714 1187 2900 1258 πείρᾳο
2958 1185 3305 1257 ἐλοιδόρησαν
3356 1185 3519 1241 αὑτὸν
3562 1187 3647 1253 ἐφ’

2066 1277 2254 1342 ῦδατος
2275 1279 2638 1347 ἀντιλογίας.»
2666 1279 2731 1332 Ὢ
2750 1278 3051 1351 παραδόξου
3072 1280 3415 1349 πράγματος.
3442 1279 3648 1349 Ἀνδρα

2063 1371 2237 1440 λέγων
2259 1371 2443 1435 αὐτὸν,
2476 1371 2608 1425 Θεὸν
2642 1372 2922 1442 ἀπέφηνεν
2944 1371 3104 1435 εὐθύς
3126 1389 3139 1402 ·
3172 1372 3231 1425 ὃν
3260 1371 3323 1441 δὴ
3357 1371 3647 1442 παρώξυνὲ

2062 1480 2121 1515 τε
2170 1464 2265 1515 καὶ
2308 1462 2658 1532 ἐξεπείρασεν
2700 1464 2728 1515 6
2769 1462 2987 1533 Ἰσραὴλ
3024 1462 3081 1515 ἐν
3121 1480 3180 1515 τε
3205 1465 3270 1532 τῇ
3296 1463 3520 1533 ἐρήμῳ,
3556 1462 3649 1514 καὶ

2065 1552 2157 1605 ἐπὶ
2206 1552 2397 1616 ὓδατος
2461 1552 2793 1621 ἀντιλογίας.
2853 1554 2964 1606 Καὶ
3018 1552 3351 1606 πιστώσεται
3394 1553 3567 1620 λέγων
3620 1554 3650 1605 6

2069 1643 2390 1715 Ψαλμῳδόςο
2432 1662 2450 1695 ι
2490 1644 2783 1716 Διέρρηξεν
2826 1645 2883 1696 ἐν
2916 1644 3109 1715 ἐρήμῳ
3136 1644 3365 1712 πέτραν,
3400 1644 3493 1696 καὶ
3524 1642 3651 1695 ἑπό-

2066 1754 2214 1791 τισεν
2264 1736 2463 1798 αὐτοὺς
2508 1735 2583 1799 ὡς
2630 1737 2688 1787 ἐν
2718 1734 2940 1805 ἀδύσσῳ
2984 1733 3184 1805 πολλῇ·
3233 1732 3327 1785 καὶ
3379 1732 3650 1802 ἐξήγαγεν

2067 1829 2211 1901 ὕδωρ
2240 1830 2304 1882 ἐκ
2336 1827 2560 1900 πέτρας,
2597 1827 2693 1880 καὶ
2726 1828 3038 1897 κατήγαγεν
3086 1825 3162 1888 ὡς
3207 1825 3484 1895 ποταμοὺς
3520 1822 3649 1876 ῦδα-

2065 1940 2151 1975 τα.
2190 1940 2209 1973 ι
2243 1923 2352 1975 Καὶ
2378 1921 2433 1973 τί
2464 1919 2601 1991 μετὰ
2628 1919 2820 1985 τοῦτο;
2856 1937 2873 1970 ι
2912 1919 3023 1971 Καὶ
3049 1916 3433 1987 ἐξεπείρασαν,
3464 1915 3649 1985 φησὶν,

2066 2013 2228 2068 αὑτὸν
2254 2014 2311 2065 ἐν
2332 2015 2399 2083 τῇ
2420 2012 2614 2084 καρδίᾳ
2638 2010 2833 2063 αὐτῶν·
2863 2010 2957 2063 καὶ
2974 2008 3349 2079 κατελάλησαν
3366 2005 3462 2059 τοῦ
3492 2004 3651 2073 Θεοῦ,

2068 2106 2163 2159 καὶ
2188 2100 2361 2157 εἷπον
2391 2103 2483 2174 Μὴ
2516 2103 2806 2174 δυνήσεται
2834 2104 2862 2155 6
2886 2102 3018 2165 Θεὸς
3052 2101 3342 2171 ἑτοιμάσαι
3371 2097 3653 2171 τράπεζαν

2069 2197 2128 2247 ἐν
2154 2194 2365 2265 ἐρήμῳ,
2401 2195 2483 2247 ὅτι
2506 2193 2744 2259 ἐπάταξε
2774 2193 3002 2265 πέτραν,
3031 2192 3127 2246 καὶ
3157 2191 3435 2264 ἐρρύησαν
3460 2190 3651 2254 ὕδατα,

2067 2284 2166 2337 καὶ
2194 2283 2487 2354 χείμαρροι
2511 2281 2962 2353 κατεκλύσθησαν
2988 2300 3003 2350 ;
3048 2283 3140 2353 Μὴ
3172 2283 3267 2335 καὶ
3296 2280 3459 2354 ἄρτον
3491 2280 3654 2349 δυνή-

2071 2393 2224 2429 σεται
2257 2385 2279 2413 ι’
2316 2376 2533 2441 δοῦναι,
2565 2376 2598 2446 ἢ
2647 2376 2939 2448 ἑτοιμάσαι
2977 2375 3257 2447 τράπεζαν
3285 2374 3362 2445 τῷ
3396 2373 3511 2441 λαῷ
3552 2372 3653 2427 αῦ-

2068 2467 2163 2521 τοῦ
2190 2485 2205 2535 ;
2243 2487 2259 2519 ι
2288 2468 2452 2532 Σύνες
2482 2463 2596 2534 οῦν,
2624 2469 2772 2532 ὅπως
2800 2467 3294 2539 διαλελοιδόρηνται
3318 2466 3659 2536 θαυματουρ-

2070 2558 2257 2628 γοῦντι
2286 2560 2363 2632 τῷ
2388 2560 2529 2631 Θεῷ,
2559 2561 2618 2614 ὃν
2640 2561 2703 2630 δὴ
2730 2561 2897 2632 ἄνδρα
2924 2562 3088 2630 φησιν
3116 2563 3143 2615 ὁ
3172 2559 3435 2628 Μωῦσῆς.
3468 2557 3658 2620 Συνεὶς

2070 2653 2179 2724 γὰρ
2203 2652 2345 2706 οὕτω
2386 2654 2480 2708 καὶ
2516 2656 2544 2707 6
2576 2652 2862 2716 θεσπέσιος
2892 2652 3103 2717 Παῦλος
3129 2692 3143 2716 ,
3171 2652 3393 2723 γράφειο
3432 2651 3660 2704 Ἐπιιον

2070 2745 2180 2817 γὰρ
2198 2748 2260 2799 ἐκ
2281 2746 2656 2817 πνευματικῆς
2679 2745 3078 2815 ἀκολουθούσης
3102 2745 3326 2817 πέτραςο
3353 2746 3387 2815 ἡ
3408 2744 3463 2797 δὲ
3483 2744 3662 2813 πέτρα

2070 2835 2137 2910 ἦν
2165 2840 2193 2892 6
2224 2840 2477 2912 Χριστός.
2511 2858 2529 2890 ι
2566 2838 2775 2892 Οὐκοῦν
2801 2842 2828 2892 6
2854 2837 3186 2908 λοιδορηθεὶς
3218 2837 3378 2908 ἀνὴρ,
3406 2835 3567 2899 αὐτὸς
3592 2831 3662 2903 ἦν

2072 2933 2296 2997 ἐκεῖνος,
2325 2930 2383 2994 ὃς
2410 2929 2563 2985 οῦπω
2592 2929 3009 3000 σεσαρκωμένος
3032 2926 3352 2999 ὲπειράζετο
3374 2926 3525 2997 ποιρὰ
3550 2926 3661 2981 τῶν

2072 3024 2131 3090 ἐξ
2157 3024 2393 3094 Ἰσραήλ.
2417 3024 2541 3077 Ὅτι
2562 3025 2670 3094 γὰρ
2690 3023 2787 3093 οὐχ
2810 3024 2996 3093 ἐτερος
3018 3016 3085 3091 ἦν
3106 3021 3236 3085 Υἱὸς
3256 3024 3284 3075 6
3306 3020 3413 3091 πρὸ
3437 3020 3661 3091 σαρκὸς,

2072 3117 2258 3186 ἕτερος
2285 3116 2343 3169 δὲ
2369 3118 2500 3187 παρ’
2524 3115 2684 3169 αὑτὸν
2706 3118 2732 3168 ὀ
2760 3118 2824 3168 ἐκ
2848 3116 3163 3187 σπέρματος
3185 3114 3278 3167 τοῦ
3304 3111 3488 3177 Δαυῒδ,
3516 3112 3663 3167 καθά

2073 3207 2241 3277 φάναι
2272 3205 2511 3276 τολμῶσί
2540 3223 2684 3269 τινες
2708 3247 2724 3273 ,
2769 3206 2884 3260 ἀλλ’
2915 3204 2996 3270 εἷς
3038 3225 3097 3260 τε
3142 3206 3239 3259 καὶ
3269 3206 3298 3256 6
3327 3203 3489 3267 αὐτὸς
3510 3246 3525 3268 ,
3554 3204 3664 3275 πρὸ

2076 3300 2174 3370 μὲν
2209 3299 2309 3368 τῆς
2354 3295 2685 3367 σαρκώσεως
2738 3295 2947 3367 γυμνὸς
2975 3296 3056 3349 ἔτι
3084 3295 3257 3364 Λόγος
3281 3335 3295 3359 ,
3330 3293 3470 3365 μετά
3500 3293 3557 3346 δέ
3598 3309 3663 3361 γε

2070 3390 2169 3461 τὴν
2199 3388 2451 3453 ἀπότεξιν
2492 3390 2590 3458 τὴν
2626 3390 2690 3441 ἐκ
2719 3390 2818 3460 τῆς
2862 3388 3025 3454 ἁγίας
3068 3387 3349 3458 Παρθένου
3388 3403 3666 3457 σεσαρκωο

2076 3483 2255 3552 μένος,
2283 3488 2378 3535 καὶ
2406 3480 2851 3553 ἐνανθρωπήσας,
2892 3479 3037 3533 καθὰ
3067 3479 3407 3549 γεγράφασιν
3439 3479 3486 3531 οἱ
3516 3477 3663 3546 ἅγιοι

2073 3574 2165 3625 καὶ
2197 3571 2475 3625 θεσπέσιοι
2515 3572 2786 3641 Πατέρες,
2822 3570 3035 3641 σημείῳ
3068 3569 3228 3624 πάλιν
3254 3570 3424 3639 ἑτέρῳ
3451 3568 3666 3638 πεπλη-

2073 3666 2381 3736 ροφόρηκεν
2418 3666 2446 3717 6
2495 3662 2756 3733 Μωῦσῆς.
2801 3663 3009 3733 Ὥσπερ
3048 3660 3154 3733 γὰρ
3197 3660 3459 3731 ἐρομένου
3491 3660 3662 3723 τινὸς,

2073 3754 2169 3808 καὶ
2190 3754 2490 3824 ἀναμαθεῖν
2522 3753 2816 3819 ἐθέλοντος,
2853 3753 2983 3823 περὶ
3031 3751 3183 3804 ποίου
3211 3750 3436 3820 γέγονεν
3468 3747 3664 3819 ἀνδρὸς

2072 3850 2100 3901 6
2123 3847 2294 3915 Λόγος
2318 3846 2487 3917 αὐτῷ,
2519 3846 2577 3899 ὃν
2603 3847 2668 3917 δὴ
2696 3846 2793 3899 καὶ
2820 3844 3253 3914 ἐκπεπειρᾶσθαι
3270 3886 3283 3909 ,
3318 3844 3411 3896 καὶ
3435 3840 3666 3894 λελοιδο-

2076 3938 2274 4009 ρῆσθαί
2320 3955 2453 4009 φησι
2493 3937 2645 4007 παρὰ
2684 3936 2793 3988 τῶν
2845 3936 2903 4001 ἐξ
2962 3934 3215 4005 Ἰσραὴλ,
3255 3931 3539 4002 μονονουχὶ
3569 3933 3667 3984 καὶ

2074 4032 2231 4100 χεῖρα
2254 4029 2553 4100 προτείνων
2576 4027 2957 4081 καταδείκνυσι
2976 4027 3067 4081 τὸν
3102 4024 3332 4097 Ἰησοῦν,
3356 4024 3450 4077 καί
3476 4040 3662 4094 φησιν·

2081 4141 2099 4174 ι
2146 4123 2205 4176 Ὀ
2226 4122 2399 4191 λέγων
2423 4121 2500 4192 τῷ
2533 4122 2701 4192 πατρὶ
2730 4121 2825 4173 καὶ
2857 4123 2924 4191 τῇ
2960 4120 3149 4191 μητρί’
3182 4119 3295 4188 Οὐχ
3320 4116 3545 4188 ἐώρακά
3580 4134 3661 4181 σε,

2074 4216 2169 4269 καὶ
2196 4216 2321 4279 τοὺς
2351 4214 2615 4283 ἀδελφοὺς
2641 4212 2804 4267 αὐτοῦ
2831 4214 2932 4267 οῦκ
2972 4212 3205 4280 ἐπέγνω.
3262 4229 3279 4261 ι
3318 4208 3664 4281 Μεμνήμεθα

2074 4307 2183 4379 γὰρ
2230 4305 2569 4376 γεγραφότος
2611 4305 2729 4367 ἐνὸς
2765 4304 2872 4358 τῶν
2904 4304 3075 4372 ἁγίων
3119 4300 3544 4371 εὐαγγελιστῶν,
3585 4300 3662 4364 ὡς

2072 4397 2415 4461 διδάσκοντός
2458 4414 2589 4450 ποτε
2626 4397 2721 4450 τοῦ
2766 4395 3003 4468 Χριστοῦ
3047 4396 3141 4449 καὶ
3175 4393 3660 4466 μυσταγωγοῦντός

390 4476 590 4532 deinde
614 4483 937 4532 accurrente
970 4476 1209 4546 quodam
1232 4492 1298 4532 ex
1331 4477 1697 4548 discipulis,et
1718 4480 1968 4536 dicente:

2076 4506 2250 4555 τινας,
2277 4490 2582 4561 ἐπέστησαν
2608 4490 2641 4560 ή
2669 4491 2852 4560 μήτηρ
2874 4488 3040 4542 αὐτοῦ
3070 4488 3164 4542 καὶ
3203 4489 3253 4541 οἱ
3278 4486 3511 4555 ἀδελφοὶ,
3538 4478 3662 4537 εἶτα

400 4590 416 4619 ι
437 4570 579 4625 Ecce
604 4580 780 4626 mater
822 4577 913 4625 tua
933 4580 990 4625 et
1015 4570 1217 4625 fratres
1254 4570 1334 4624 tui
1360 4578 1509 4625 stant
1532 4570 1688 4636 foris,
1726 4573 1973 4628 volentes

390 4674 444 4718 te
468 4661 692 4728 Videre;
736 4681 753 4714 ι
782 4670 1004 4718 extensa
1027 4678 1191 4727 manu
1219 4678 1316 4718 sua
1339 4662 1395 4717 in
1418 4662 1719 4733 discipulos
1733 4679 1862 4720 suos
1885 4665 1971 4719 di-

391 4757 503 4813 xit:
552 4756 762 4811 «Mater
806 4772 927 4812 mea
963 4766 1019 4813 et
1064 4756 1265 4811 fratres
1288 4758 1395 4812 mei
1443 4759 1499 4812 lii
1536 4766 1664 4813 sunt
1715 4759 1809 4829 qui
1851 4776 1975 4814 ver-

390 4848 523 4902 bum
566 4848 662 4903 Dei
687 4848 920 4903 audiunt
946 4857 1000 4902 et
1026 4848 1238 4903 faciunt
1258 4847 1324 4902 ⁸⁸.
1352 4848 1454 4915 Qui
1478 4850 1625 4904 enim
1652 4849 1846 4905 fecerit
1873 4868 1974 4905 vo-

391 4941 660 4994 luntatem
680 4940 860 4996 Patris
877 4940 984 4995 mei
1008 4941 1101 5010 qui
1127 4941 1182 4994 in
1197 4940 1352 4995 coalis
1371 4950 1477 5006 est,
1492 4943 1584 4998 hic
1600 4942 1770 4998 frater
1792 4961 1970 5009 meus,

397 5039 453 5085 et
475 5046 654 5095 soror,
681 5041 737 5087 et
775 5042 951 5088 mater
985 5040 1070 5087 est
1095 5034 1161 5086 ³⁷.
1188 5052 1205 5084 ι
1234 5034 1369 5100 Hoc,
1389 5036 1608 5105 opinor,
1637 5045 1721 5091 est
1757 5037 1808 5092 id
1825 5038 1973 5107 quod

358 5168 361 5171 ,
398 5122 608 5193 Moyses
648 5123 813 5178 dixit:
858 5144 874 5175 ι
900 5124 1004 5191 Qui
1030 5125 1164 5180 dicit
1195 5127 1335 5196 patri
1365 5135 1420 5182 et
1454 5128 1613 5182 matri
1648 5147 1660 5181 :
1694 5128 1813 5183 Non
1861 5130 1973 5183 vidi

353 5884 365 5923 Ι

394 5222 477 5279 te;
506 5224 563 5269 et
584 5216 780 5271 fratres
824 5234 952 5273 suos
983 5232 1093 5272 non
1120 5220 1361 5289 agnovit.
1385 5239 1401 5271 ι
1430 5220 1701 5275 Praeterea
1754 5222 1973 5291 sapien-

396 5305 647 5361 tissimus
668 5323 889 5378 quoque
929 5310 1119 5366 Daniel
1164 5312 1220 5365 in
1254 5313 1436 5381 specie
1475 5320 1679 5367 nostra:
1719 5312 1884 5368 simili
1917 5330 1974 5370 se

2071 4582 2517 4655 προσδραμόντος
2563 4582 2708 4645 τινὸς
2754 4580 2863 4635 τῶν
2901 4580 3183 4652 μαθητῶν,
3231 4580 3325 4633 καὶ
3372 4578 3659 4647 λέγοντος⁶

2078 4694 2098 4727 ι
2148 4674 2282 4729 Ἰδοὺ
2314 4677 2348 4746 ὴ
2396 4677 2579 4746 μήτηρ
2610 4692 2726 4740 σου,
2756 4675 2852 4727 καὶ
2896 4674 2946 4726 οἱ
2976 4672 3196 4741 ἀδελφοί
3240 4688 3334 4725 σου
3368 4671 3664 4741 ἑστήκασιν

2072 4763 2198 4830 ἔξω,
2221 4766 2349 4819 ἰδεῖν
2370 4782 2430 4817 σε
2452 4764 2716 4829 θέλοντες,
2742 4784 2760 4817 ι
2784 4763 3033 4827 ἐκτείνας
3062 4764 3162 4833 τὴν
3184 4764 3339 4833 χεῖρα
3374 4759 3540 4813 αὐτοῦ
3570 4760 3665 4812 ἐπὶ

2072 4856 2200 4920 τοὺς
2234 4856 2485 4928 μαθητὰς
2506 4852 2699 4921 ,εἶπε-
2747 4874 2766 4907 ι
2802 4856 3004 4927 Μήτηρ
3042 4871 3142 4925 μου
3175 4853 3270 4907 καὶ
3300 4850 3519 4918 ἀδελφοί
3559 4868 3663 4921 μου

2073 4940 2221 5002 οὗτοί
2263 4950 2419 5017 εἰσιν,
2468 4951 2518 5003 οἱ
2561 4949 2852 5011 ἀκούοντες
2895 4946 2985 5000 τὸν
3034 4946 3193 5014 λόγον
3228 4943 3322 4997 τοῦ
3360 4940 3497 4994 Θεοῦ
3523 4983 3536 5007 ,
3570 4942 3665 4992 καὶ

2076 5041 2378 5105 ποιοῦντες.
2420 5044 2517 5105 Ὃς
2544 5042 2652 5111 γὰρ
2678 5042 2744 5096 ἂν
2774 5041 2978 5112 ποιήσῃ
2999 5039 3061 5092 τὸ
3097 5039 3309 5108 θέλημα
3329 5035 3422 5089 τοῦ
3455 5033 3666 5103 Πατρός

2078 5149 2178 5203 μου
2206 5132 2303 5186 τοῦ
2334 5134 2392 5186 ἐν
2435 5137 2549 5198 τοῖς
2585 5136 2868 5206 οὐρανοῖς,
2921 5124 3077 5195 οὗτος
3124 5129 3355 5199 ἁδελφός
3402 5145 3501 5198 μου
3524 5166 3538 5189 ,
3570 5124 3667 5176 καὶ

2073 5227 2300 5299 ἀδελφὴ,
2330 5228 2426 5281 καὶ
2457 5230 2641 5299 μήτηρ
2677 5228 2813 5282 ἐστί.
2852 5246 2871 5278 ι
2907 5226 3096 5292 Τοῦτο,
3126 5221 3281 5295 οἶμαι
3303 5266 3317 5289 ,
3352 5221 3499 5275 ἐστιν
3528 5220 3665 5288 ὅπερ

2074 5316 2179 5388 ἔφη
2214 5319 2453 5388 Μωῦσῆς
2474 5335 2487 5348 ⁸
2545 5338 2562 5369 ί
2618 5316 2681 5372 Ὀ
2705 5318 2893 5387 Λέγων
2925 5317 3003 5387 τῷ
3037 5315 3207 5386 πατρὶ
3247 5313 3340 5366 καὶ
3366 5314 3430 5381 τῇ
3470 5307 3662 5379 μητρί’

468 5462 514 5495 ⁸⁸
540 5463 560 5516 l
588 5463 936 5539 Pptr._t_t,_22.
1015 5467 1057 5497 ⁸³
1084 5468 1252 5521 Hebr.
1283 5485 1375 5533 vu,
1402 5469 1491 5522 26.
1564 5467 1610 5499 δ’
1640 5470 1783 5524 Psal.
1806 5486 1969 5525 Lxxvu

2072 5471 2232 5536 5,16.
2308 5470 2356 5503 ⁸³
2388 5473 2532 5527 Psal.
2562 5488 2713 5539 xvm,
2745 5471 2833 5526 9.0.
2912 5471 2957 5504 ⁸³
2999 5471 3017 5526 1
3058 5470 3187 5527 Cor.
3223 5485 3277 5532 χ,
3301 5468 3351 5522 4.
3425 5465 3469 5495 ⁸⁵
3500 5461 3663 5519 Deut.

396 5547 583 5599 χχχιιι,
612 5533 666 5589 9.
743 5532 788 5564 ”
822 5536 953 5590 Luc.
977 5553 1088 5603 vm,
1126 5539 1304 5593 ιιι-ει.
1364 5532 1428 5570 ⁷⁸⁷
1452 5540 1643 5593 Matth.
1670 5556 1761 5601 xu,
1800 5541 1885 5595 50.

1485 5673 1657 5728 Varia:
1685 5674 1949 5729 lectiones
1984 5673 2186 5733 codicis
2211 5672 2571 5744 chuicriani.

471 5792 491 5825 ³
520 5783 765 5840 δύναται.
