4044 6212
335 314 440 375 509

1726 323 2060 383 EPISTOLA
2098 327 2206 387 LV.

3507 350 3614 407 3H)

332 432 468 523 οὐχὶ
508 430 732 504 ἐώρακά
755 449 838 488 σε’
869 434 964 490 καὶ
996 435 1123 501 τοὺς
1150 437 1414 509 ἀδελφοὺς
1454 440 1620 493 αὐτοῦ
1668 441 1770 494 οὐκ
1814 444 1915 495 ἐπ·-

2025 443 2224 502 vidisse
2263 446 2401 502 dicit
2423 460 2763 523 unigenitum
2793 453 2890 510 Dei
2914 455 3177 513 Verbum.
3205 458 3422 516 Vidisse
3468 464 3617 518 enim

330 522 493 591 έγνω.
529 543 550 576 ι
581 525 690 578 Καὶ
712 535 736 564 ³
768 526 901 599 μὴν,
922 530 1014 582 καὶ
1034 529 1064 581 6
1090 529 1367 600 πάνσοφος
1390 531 1590 603 Δανιὴλ
1615 532 1673 585 ἐν
1696 532 1826 586 εἴδει
1848 533 1926 605 τῷ

330 614 457 669 καθ’
501 616 649 686 ἡμᾶς
694 618 987 675 τεθεᾶσθαί
1026 639 1163 693 φησι
1206 623 1298 676 τὸν
1344 626 1609 696 μονογενῆ
1653 626 1748 679 τοῦ
1788 625 1924 680 Θεοῦ

326 707 523 775 Λόγον.
565 708 716 762 Ἰδεῖν
756 711 857 780 μὲν
898 711 1005 784 γὰρ
1042 711 1148 785 ἔφη
1184 714 1425 770 Παλαιὸν
1466 716 1694 789 ἡμερῶν
1718 756 1734 782 ,
1788 718 1925 773 καθ-

327 799 534 868 ήμενον
571 800 666 853 ἐπὶ
698 801 926 872 θρόνου,
975 805 1174 876 μυρίας
1211 824 1270 860 τε
1303 808 1571 880 μυριάδας
1606 810 1711 863 τῶν
1745 826 1925 880 παρα-

325 885 595 951 στάντων,
630 889 725 941 atat
760 889 940 966 χιλίας
986 892 1233 963 χιλιάδας
1264 896 1374 952 τῶν
1411 896 1745 971 λειτουργῶν
1772 916 1784 930 θ
1826 901 1922 955 καὶ

319 973 414 1027 διὰ
449 975 620 1045 μέσου
656 977 782 1032 τινὰ
832 981 1159 1052 παρενθεὶς,
1203 983 1366 1057 ἕτερα
1414 986 1625 1052 τούτοις
1678 988 1917 1057 ἐπάγει·

326 1083 346 1116 α
397 1066 705 1139 Ἐθεώρουν
755 1071 864 1143 γὰρ
901 1074 959 1126 ἐν
996 1076 1233 1146 ὁράματι
1265 1077 1369 1148 τῆς
1414 1079 1608 1144 νυκτὸς
1630 1120 1645 1146 ,
1681 1081 1775 1136 καὶ
1810 1082 1919 1138 ἰδοὺ

318 1156 468 1224 μετὰ
494 1156 608 1211 τῶν
654 1161 894 1229 νεφελῶν
932 1163 1028 1217 τοῦ
1070 1166 1302 1237 ούρανοῦ
1332 1167 1409 1232 ὡς
1455 1169 1587 1235 Υἱὸς
1628 1171 1918 1244 ἀνθρώπου

314 1249 647 1322 ἐρχόμενος,
680 1254 774 1307 καὶ
804 1254 910 1321 ἕως
930 1257 1026 1312 τοῦ
1050 1259 1286 1314 Παλαιοῦ
1310 1261 1420 1317 τῶν
1446 1262 1671 1335 ἡμερῶν
1694 1264 1914 1333 ἔφθασε,

313 1346 419 1398 καὶ
458 1344 695 1401 ἐνώπιον
736 1348 902 1402 αὐτοῦ
950 1353 1296 1426 προσηνέχθη
1316 1395 1333 1420 ,
1361 1355 1457 1409 καὶ
1503 1356 1654 1427 αύτῷ
1698 1356 1854 1427 ἐδόθη
1881 1359 1915 1429 ἡ

310 1437 458 1507 τιμὴ
488 1438 588 1490 καὶ
633 1441 668 1509 ἡ
699 1439 967 1508 βασιλεία·
1004 1443 1098 1497 καὶ
1132 1446 1305 1499 πᾶσαι
1335 1448 1391 1499 αἱ
1417 1446 1582 1516 φυλαὶ
1611 1448 1706 1501 καὶ
1741 1447 1916 1515 γλῶσ-

314 1546 412 1581 σαι
444 1529 596 1601 αὐτῷ
636 1531 1042 1590 δουλεύσουσιν.
1080 1554 1101 1589 ι
1147 1536 1277 1590 Ἰδοὺ
1314 1537 1379 1609 δὴ
1426 1539 1587 1593 πάλιν
1634 1541 1822 1609 σαφῶς
1853 1557 1915 1593 τε

312 1622 419 1676 καὶ
445 1624 699 1695 ἐναργῶς
729 1626 1092 1682 ἀναϐαίνοντα
1122 1630 1259 1701 πρὸς
1292 1631 1386 1685 τὸν
1413 1633 1472 1686 ἐν
1499 1633 1755 1704 οὐρανοῖς
1796 1634 1911 1686 Πα-

2027 552 2087 592 se
2110 538 2248 594 dixit
2265 539 2564 612 Antiquum
2586 544 2803 601 dierum
2820 547 3101 605 sedentem
3129 566 3296 621 super
3321 553 3610 620 thronum,

2025 638 2082 684 et
2107 630 2291 687 decies
2342 634 2542 691 miliies
2596 648 2830 694 centena
2884 640 3055 695 millia
3102 642 3481 698 assistentium
3522 656 3618 702 :et

2026 723 2199 778 millia
2236 723 2473 780 millium
2502 728 2933 786 ministrantium
2956 748 2969 785 :
2991 743 3049 787 et
3077 733 3407 803 quibusdam
3440 735 3616 791 inter-

2026 815 2221 885 positis
2246 815 2364 872 haec
2401 816 2588 872 addit:
2623 839 2640 870 ι
2663 819 2929 877 Videbam
2952 838 3055 893 ego
3088 824 3144 878 in
3174 825 3387 881 visione
3408 828 3610 892 noctis,

2024 914 2081 964 et
2103 922 2231 964 ecce
2260 923 2387 963 cum
2414 909 2660 967 nubibus
2690 912 2814 968 coeli
2860 915 3018 985 quasi
3049 914 3220 972 Filius
3255 916 3498 975 hominis
3522 935 3617 975 ve-

2020 998 2203 1063 niens,
2233 1006 2290 1055 et
2306 1015 2480 1071 usque
2519 1001 2587 1056 ad
2615 1001 2916 1074 Antiquum
2962 1004 3180 1062 dierum
3234 1011 3526 1079 pervenit:
3557 1021 3616 1069 et

2021 1103 2208 1144 coram
2254 1090 2374 1162 ipso
2419 1091 2693 1149 adductus
2717 1103 2822 1160 est,
2861 1104 2918 1152 et
2944 1096 2995 1152 ei
3025 1098 3186 1155 datus
3221 1100 3401 1155 honor
3424 1111 3482 1158 et
3522 1119 3612 1158 re-

2020 1197 2222 1252 gnum:
2252 1190 2308 1239 et
2342 1199 2536 1240 omnes
2574 1187 2753 1242 tribus
2800 1198 2857 1245 ct
2885 1189 3083 1261 lingua:
3127 1190 3370 1248 servient
3406 1194 3459 1249 ei
3492 1192 3559 1248 ⁸⁸.
3587 1215 3604 1246 ι

2017 1273 2161 1330 Ecce
2186 1276 2298 1346 jam
2326 1275 2527 1331 iterum
2570 1279 2866 1335 manifeste
2895 1290 2951 1335 et
2983 1283 3271 1339 evidenter
3312 1284 3451 1341 vidit
3478 1286 3611 1341 Em-

2017 1367 2330 1422 manuelem
2359 1368 2750 1425 ascendentem
2787 1370 2856 1425 ad
2876 1386 3024 1437 eum,
3064 1374 3158 1444 qui
3205 1374 3262 1429 in
3313 1376 3469 1432 caelis
3497 1384 3608 1439 est,

2016 1455 2238 1513 Patrem
2290 1467 2347 1514 et
2398 1460 2594 1515 Deum.
2646 1460 2833 1518 Nubes
2868 1464 3017 1518 enim
3074 1466 3317 1537 suscepit
3362 1483 3490 1524 eum
3536 1470 3606 1533 3’,

2018 1565 2183 1620 quem
2203 1558 2473 1621 praeterea
2504 1569 2616 1608 non
2658 1554 2943 1610 hominem
2975 1556 3317 1627 simpliciter,
3355 1561 3450 1615 sed
3486 1570 3608 1616 tan-

2015 1658 2180 1712 quam
2209 1644 2408 1699 Filium
2435 1645 2677 1702 hominis
2705 1647 2861 1703 dicit.
2886 1648 3034 1705 Deus
3051 1649 3199 1703 enim
3220 1659 3337 1706 erat
3367 1652 3610 1707 Verbum

309 1713 455 1784 τέρα
489 1716 585 1768 καὶ
611 1716 745 1770 Θεὸν
764 1718 1015 1773 τεθέαται
1030 1721 1121 1775 τὸν
1155 1720 1526 1795 Ἐμμανουήλ.
1559 1724 1776 1794 Νεφέλη
1803 1724 1913 1797 γὰρ

2025 1737 2074 1790 in
2130 1746 2325 1792 nostra
2391 1737 2755 1793 similitudine
2812 1738 3039 1795 factum.
3082 1742 3141 1796 In
3193 1741 3340 1796 hunc
3381 1743 3607 1797 modum

313 1804 596 1903 ὐῇλαὸεν
630 1807 826 1862 αὐτόν·
865 1810 925 1865 ὃν
965 1811 1027 1883 δὴ
1048 1848 1063 1876 ,
1094 1815 1190 1868 xui.
1232 1815 1333 1868 ούκ
1364 1814 1651 1887 ἄνθρωπον
1689 1817 1912 1883 ἁπλῶς,

2025 1829 2187 1883 etiam
2221 1829 2665 1900 sapientissimus
2678 1831 2880 1887 Paulus
2910 1832 3239 1903 intelligens,
3270 1833 3324 1887 in
3351 1833 3609 1888 similitu-

309 1896 435 1949 ἀλλ’
456 1897 539 1962 ὡς
564 1898 694 1953 Υξὸν
718 1900 1004 1971 ἀνθρώπου
1033 1905 1185 1975 φησι.
1221 1906 1352 1971 Θεὸς
1389 1906 1501 1976 γὰρ
1529 1904 1597 1980 ἧν
1625 1909 1683 1961 ἐν
1714 1909 1916 1980 ὁμοιώ-

314 2005 405 2042 σει
452 1993 523 2062 τῇ
563 1991 703 2063 πρὸς
731 1995 879 2064 ἡμᾶς
907 1994 1147 2065 γεγονὼς
1192 1999 1220 2051 ὁ
1255 1998 1448 2067 Λόγος.
1501 1997 1662 2054 Οὕτω
1716 2000 1915 2067 συνεὶς,

312 2082 415 2134 καὶ
448 2083 479 2135 ὁ
505 2084 786 2155 πάνσοφος
817 2085 1030 2153 Παῦλος
1054 2090 1113 2143 ἐν
1143 2089 1455 2161 ὁμοιώματι
1486 2091 1791 2164 ἀνθρώπων
1823 2111 1919 2163 γε-

311 2174 511 2228 νέσθαι
560 2176 725 2248 φησὶν
765 2177 951 2244 αὐτὸν,
1001 2179 1291 2251 εὑρεθῆναι
1321 2182 1378 2236 δέ
1418 2181 1495 2245 ὡς
1526 2182 1813 2255 ἄνθρωπον
1862 2186 1919 2238 ἐν

242 2284 258 2303 ⁸
316 2268 603 2339 σχήματι,
632 2271 727 2323 καὶ
767 2271 826 2324 ἐν
855 2271 1165 2343 ὁμοιώματι
1202 2274 1405 2345 σαρκὸς
1436 2276 1710 2347 ἁμαρτίας
1739 2270 1918 2346 ὦφθαι

316 2363 438 2422 τοῖς
470 2360 568 2413 ἐπὶ
608 2361 708 2432 τῆς
740 2363 866 2432 γῆς.
911 2363 973 2417 Et
1007 2365 1063 2418 δὲ
1106 2365 1395 2437 ἄνθρωπος
1427 2362 1516 2439 ἦν,
1553 2368 1817 2441 συναφείᾳ
1849 2370 1916 2440 τῇ

319 2454 461 2525 πρὸς
491 2455 585 2508 τὸν
613 2454 770 2519 Θεὸν,
796 2456 873 2521 ὡς
892 2456 1045 2525 Θεὸς,
1068 2457 1400 2531 τιμώμενος,
1430 2459 1533 2532 ἐφη
1557 2460 1604 2514 δ’
1638 2460 1704 2515 ἂν
1731 2462 1760 2514 6
1787 2478 1919 2532 προ-

321 2547 529 2618 φήτης,
558 2548 636 2612 ὥς
667 2548 818 2615 Θεὸν,
844 2548 877 2620 ἢ
909 2549 985 2614 ὡς
1017 2550 1146 2604 Υἱὸν
1170 2549 1308 2604 Θεοῦ
1339 2551 1632 2605 τεθεᾶσθαι
1659 2552 1753 2606 τὸν
1781 2552 1920 2623 μετὰ

318 2640 428 2692 τῶν
449 2639 694 2710 νεφελῶν
724 2641 1035 2713 ἐρχόμενον·
1085 2642 1200 2697 ἀλλ’
1230 2643 1291 2696 ού
1322 2642 1480 2697 τοῦτό
1510 2661 1695 2715 φησιν,
1734 2647 1916 2699 ἐκεῖνο

317 2729 376 2783 δὲ
409 2730 613 2801 μᾶλλον
634 2730 715 2793 τὸ,
746 2751 766 2782 ι
796 2731 872 2794 ὡς
899 2732 1029 2786 Υἱὸν
1055 2733 1366 2804 ἀνθρώπου.
1399 2754 1417 2788 ι
1457 2731 1612 2790 Οἶδεν
1643 2735 1754 2808 ἄρα
1784 2737 1918 2791 Θεὸν

317 2818 470 2885 ὂντα,
495 2821 592 2874 καὶ
622 2820 1120 2905 ἐνανθρωπήσαντα
1140 2824 1233 2879 τὸν
1262 2825 1416 2893 Υἱὸν,
1441 2826 1608 2897 ῆγουν
1632 2828 1689 2881 ἐν
1718 2827 1920 2899 ὁμοιώ-

323 2927 457 2979 ματι
515 2909 810 2983 ἀνθρώπου
859 2913 1168 2985 γενόμενον,
1209 2916 1352 2970 κατὰ
1398 2916 1497 2988 τὴν
1542 2916 1637 2971 τοῦ
1702 2918 1918 2973 Παύλου

321 3005 531 3075 ςωνήν.
570 3004 719 3076 Πλὴν
748 3007 841 3058 καὶ
882 3007 940 3057 ἐν
970 3007 1130 3079 σαρκὶ
1162 3006 1438 3079 πεφηνὼς,
1477 3028 1495 3059 ι
1528 3009 1636 3074 ἓως
1672 3010 1766 3063 τοῦ
1809 3014 1920 3065 Πα-

2018 1921 2148 1977 dine
2174 1923 2466 1977 hominum
2499 1923 2681 1993 ipsum
2708 1923 2914 1978 factum
2954 1939 3076 1979 esse
3125 1924 3292 1991 dicit;
3324 1926 3606 1981 inventum

2020 2025 2208 2071 autem
2249 2022 2311 2070 ut
2355 2015 2640 2071 hominem
2683 2015 2876 2070 habitu
2918 2016 2996 2081 θ’),
3035 2025 3091 2072 et
3128 2017 3185 2072 in
3239 2018 3607 2075 similitudine

2020 2109 2205 2165 carnis
2233 2108 2448 2180 peccati
2482 2108 2662 2164 visum
2690 2104 2780 2163 his
2801 2108 2898 2179 qui
2928 2118 3090 2165 erant
3112 2126 3279 2181 super
3312 2121 3517 2167 terram
3534 2112 3603 2168 ".

2028 2202 2086 2258 Si
2139 2210 2327 2257 autem
2398 2202 2566 2257 homo
2612 2200 2846 2267 fuisset,
2891 2201 2964 2258 ob
3011 2203 3421 2274 copulationem
3480 2218 3607 2259 cum

2021 2296 2134 2352 Deo
2165 2302 2426 2367 tanquam
2449 2296 2598 2351 Deus
2654 2294 2992 2361 honoratus,
3026 2296 3257 2352 dixisset
3308 2295 3607 2366 propheta,

2020 2386 2183 2459 quasi
2236 2389 2432 2455 Deum,
2483 2388 2569 2444 vel
2624 2389 2784 2459 quasi
2826 2389 3027 2444 Filium
3063 2389 3180 2455 Dei,
3210 2403 3339 2457 eum
3361 2389 3609 2459 quicum

2019 2481 2265 2537 nubibus
2290 2481 2465 2546 venit,
2488 2495 2549 2536 se
2581 2480 2823 2537 vidisse:
2854 2481 2953 2537 sed
2995 2481 3101 2537 hoc
3130 2496 3243 2536 non
3283 2480 3439 2547 dicit,
3469 2480 3604 2536 illud

2020 2584 2156 2624 vero
2181 2568 2369 2639 potius
2412 2568 2570 2635 dicit,
2604 2588 2623 2621 ι
2648 2569 2795 2625 sicut
2839 2570 3040 2625 Filium
3088 2570 3350 2627 hominis.
3377 2590 3395 2623 ι
3440 2571 3605 2626 Novit

2019 2676 2153 2733 ergo
2179 2661 2361 2732 ipsum
2390 2660 2590 2716 Filium
2614 2662 2790 2717 Deum
2811 2677 2954 2728 esse,
2981 2671 3040 2716 et
3059 2663 3344 2717 hominem
3373 2661 3601 2727 factum,

2022 2755 2130 2810 hoc
2173 2763 2280 2817 est,
2310 2754 2368 2808 in
2417 2752 2784 2809 similitudine
2831 2755 3120 2810 hominum
3177 2754 3412 2819 factum,
3450 2755 3607 2826 juxta

2022 2844 2179 2901 Pauli
2201 2859 2417 2900 vocem.
2467 2845 2886 2910 Verumtamen,
2920 2846 3178 2915 quamvis
3213 2845 3270 2899 in
3303 2859 3471 2900 carne
3507 2859 3606 2916 ap-

2022 2936 2293 3008 paruerit,
2341 2956 2358 2988 ι
2380 2951 2558 3006 usque
2583 2935 2652 2991 ad
2678 2936 2981 3006 Antiquam
3016 2936 3234 2992 dierum
3278 2935 3555 3007 pervenit,
3583 2954 3601 2988 ι

2025 3029 2133 3083 hoc
2185 3035 2309 3093 est,
2377 3028 2445 3083 ad
2503 3030 2697 3084 aaterni
2754 3029 2937 3085 Patris
2998 3028 3249 3084 ascendit
3295 3029 3606 3085 thronum:

322 3095 480 3149 λαιοῦ
515 3097 625 3150 τῶν
666 3098 889 3169 ἡμερῶν
923 3098 1143 3168 ἔφθασε.
1176 3118 1195 3151 ι
1230 3100 1543 3166 Τουτέστιν,
1580 3103 1661 3166 εἰς
1690 3104 1780 3157 τὸν
1824 3103 1918 3157 τοῦ

2030 3119 2191 3190 186
2223 3118 2276 3191 [ι
2315 3128 2373 3174 et
2416 3119 2467 3174 ei
2500 3118 2662 3175 datus
2693 3120 2874 3174 honor
2916 3129 2974 3175 et
3003 3110 3275 3191 regnum:
3309 3127 3366 3175 et
3411 3133 3608 3175 omnes

322 3186 499 3239 ἀϊδίου
531 3188 744 3259 Πατρὸς
767 3188 1176 3259 ἁναπεφοίτηκε
1205 3189 1414 3260 θρόνον⁹
1450 3209 1468 3243 ι
1500 3192 1609 3244 Καὶ
1629 3191 1778 3263 αὐτῷ
1807 3192 1923 3245 ἐδό-⁹

323 3279 395 3349 θη
427 3280 468 3348 ἠ
509 3279 773 3349 τιμὴ,καὶ
801 3281 836 3351 ἡ
880 3278 1159 3350 βασιλεία*
1190 3282 1285 3335 καὶ
1325 3284 1499 3337 πᾶσαι
1531 3284 1587 3336 αἱ
1628 3283 1794 3354 φυλαὶ
1826 3284 1922 3338 καὶ

322 3369 582 3438 γλῶσσαι
613 3370 755 3442 αὺτῷ
791 3371 1160 3427 δουλεύσουσι.
1200 3394 1220 3427 ι
1259 3374 1370 3427 Καὶ
1416 3374 1574 3429 τοῦτο
1611 3372 1679 3448 ἦν
1716 3377 1826 3448 ἄρα
1863 3375 1924 3430 τὸ

326 3459 626 3531 εἰρημένον
660 3462 788 3533 παρ’
810 3461 999 3516 αὑτοῦ*
1030 3464 1287 3536 «Πάτερ,
1311 3464 1537 3529 δόξασόν
1570 3483 1638 3537 με
1673 3468 1740 3538 τῇ
1769 3466 1919 3540 δόξῃ,

328 3546 362 3623 ᾖ
393 3546 547 3622 εἶχον
571 3554 681 3623 πρὸ
715 3553 810 3607 τοῦ
859 3554 952 3610 τὸν
991 3554 1199 3627 κόσμον
1233 3551 1393 3623 εἶναι,
1428 3556 1582 3628 παρὰ
1607 3558 1712 3612 σοι.
1746 3577 1767 3611 ι
1800 3559 1923 3613 Ὅτι

327 3643 382 3696 δέ
424 3644 739 3715 σαρκωθεὶς
783 3647 813 3698 ὁ
850 3647 943 3700 τοῦ
971 3646 1106 3702 Θεοῦ
1131 3648 1305 3718 Λόγος
1354 3647 1609 3722 σύνεδρός
1638 3651 1793 3716 ἐστι,
1827 3653 1923 3706 καὶ

333 3734 579 3807 ἱσοκλεὴς
598 3735 681 3806 τῷ
706 3737 826 3808 Θεῷ
852 3739 948 3793 xui.
976 3741 1173 3811 Πατρὶ,
1202 3741 1297 3794 καὶ
1324 3741 1463 3811 μετὰ
1493 3742 1715 3814 σαρκὸς,
1740 3742 1819 3807 ὡς
1843 3739 1925 3807 εἷς

332 3828 593 3900 ὑπάρχων
626 3829 759 3894 Υἱὸς
780 3872 795 3898 ,
833 3832 929 3887 καὶ
952 3832 1041 3886 ὅτε
1080 3833 1305 3903 γέγονεν
1333 3832 1642 3905 ἄνθρωπος,
1670 3836 1926 3907 σαφηνιεῖ

332 3920 557 3991 mier
581 3921 613 3974 δ
644 3922 918 3991 πάνσοφος
958 3923 1186 3989 Παῦλος·
1226 3943 1246 3976 ι
1272 3924 1525 3980 Τοιοῦτον
1557 3925 1753 3998 ἔχομεν
1787 3927 1924 3998 ἀρχ-

336 4013 506 4083 ιερέα,
546 4012 611 4077 ὃς
658 4013 915 4068 ἐκάθισεν
942 4016 1000 4069 ὲν
1028 4015 1176 4087 δεξιᾷ
1204 4015 1297 4070 τοῦ
1333 4016 1524 4089 θρόνον
1551 4019 1649 4090 τῆς
1679 4021 1925 4092 μεγαλω-

337 4105 503 4176 σύνης
520 4107 583 4161 ἐν
607 4110 726 4172 τοῖς
748 4107 991 4180 ὑψηλοῖς.
1022 4126 1041 4159 ι
1072 4109 1182 4164 Ναὶ
1210 4111 1335 4182 μὴν,
1364 4113 1460 4165 καὶ
1483 4113 1646 4178 αὐτὸς
1673 4117 1701 4168 ὁ
1721 4115 1926 4187 Κύριος

334 4196 488 4265 ἡμῶν
545 4198 759 4269 Ἰησοῦς
804 4200 1077 4270 Χριστὸς,
1120 4200 1394 4271 ἐρομένων
1434 4203 1597 4258 αὐτὸν
1628 4205 1737 4261 τῶν
1797 4207 1927 4260 ’1ου-

338 4290 522 4358 δαίων,
562 4292 727 4363 εἴπερ
760 4294 909 4348 ἐστὶν
942 4295 1104 4359 αὐτὸς
1135 4294 1353 4367 ἀληθῶς
1375 4295 1404 4349 6
1429 4298 1688 4369 Χριστὸς,
1732 4318 1751 4351 ι
1798 4299 1925 4353 Ἐὰν

340 4382 506 4450 εἴπω,
536 4384 733 4456 φησιν,
764 4385 913 4456 ύμῖν,
947 4386 1009 4440 ού
1042 4387 1116 4459 μὴ
1147 4386 1477 4459 πιστεύσητε
1498 4404 1513 4421 ’
1555 4389 1652 4442 καὶ
1697 4389 1796 4444 ἐὰν
1824 4391 1925 4443 ἐπ-

342 4570 464 4634 Υἰὸς
499 4571 596 4624 τοῦ
640 4571 932 4643 ἀνθρώπου
978 4574 1293 4645 καθήμενος
1330 4576 1396 4631 ἐκ
1427 4576 1618 4644 δεξιῶν
1643 4578 1742 4648 τῆς
1770 4579 1929 4634 δυνά-

346 4676 486 4728 μεως
516 4659 616 4715 τοῦ
656 4660 817 4716 Θεοῦ.
849 4682 869 4715 ι
902 4663 1112 4718 Οὐκοῦν
1142 4665 1201 4719 ἐν
1238 4667 1355 4730 τοῖς
1378 4665 1479 4737 τῆς
1513 4666 1768 4739 θεότητος
1800 4669 1926 4742 θρό-

344 4767 450 4813 νοις
477 4752 573 4805 καὶ
602 4752 1104 4825 ἐνανθρωπήσαντα
1134 4756 1225 4811 τὸν
1250 4759 1378 4814 Υἱὸν
1400 4762 1428 4814 ὁ
1452 4758 1562 4815 τῶν
1601 4759 1772 4830 ἁγίων
1797 4778 1931 4833 προ-

349 4844 528 4913 φητῶν
564 4845 758 4900 ἐθεᾶτο
782 4847 962 4917 χορός.
1011 4850 1245 4922 ’ἰδωμεν
1270 4851 1327 4905 δὲ
1358 4853 1454 4906 καὶ
1497 4854 1624 4917 τοὺς
1662 4854 1760 4925 τῆς
1805 4856 1931 4919 νέας

353 4934 614 5007 Διαθήκης
640 4938 914 5010 κήρυκαᾷ,
941 4942 1066 5006 τοὺς
1088 4941 1186 5013 τῆς
1216 4943 1307 5013 ὑφ’
1331 4944 1481 5016 ἥλιον
1510 4947 1926 5016 μυσταγωγοὺς,

350 5019 428 5089 οἷς
450 5028 608 5094 αὐτὸς
637 5030 743 5102 ἔφη
770 5033 801 5084 ὁ
826 5032 1080 5103 Χριστόςο
1113 5052 1133 5086 ι
1168 5030 1282 5107 Ούχ
1308 5036 1465 5108 ὑμεῖς
1499 5040 1622 5091 ἐστε
1642 5040 1691 5092 οι
1716 5038 1933 5092 λαλοῦν-

353 5135 457 5184 τες,
486 5122 621 5176 ἁλλὰ
654 5123 717 5176 τὸ
746 5124 973 5196 Πνεῦμα
1003 5126 1098 5180 τοῦ
1138 5128 1353 5200 Πατρὸς
1383 5130 1537 5201 ὑμῶν
1562 5130 1623 5184 τὸ
1648 5130 1841 5186 λαλοῦν
1872 5133 1931 5185 ἐν

357 5210 495 5280 ύμῖν.
527 5234 547 5267 ι
577 5213 900 5287 Εύρήσομεν
931 5218 1112 5274 τοίνυν
1139 5219 1365 5288 λέγοντα
1390 5222 1481 5275 τὸν
1505 5221 1790 5278 θεσπέσιον
1826 5223 1932 5279 Βα-

358 5308 593 5379 πτιστήν·
635 5326 654 5360 ι
700 5309 907 5364 Ὀπίσω
937 5328 1038 5383 μου
1078 5312 1298 5384 ἔρχεται
1337 5314 1499 5389 ἀνὴρ,
1532 5315 1591 5381 ὃς
1620 5317 1931 5389 ἔμπροσθέν

424 5466 466 5547 τι
492 5470 626 5525 Dan.
654 5445 959 5547 ωηο-[ιζ
1015 5471 1068 5547 fg
1083 5473 1203 5547 ᾼρι.
1225 5491 1263 5547 ι,
1295 5474 1347 5530 9.
1424 5477 1470 5547 r-
1491 5476 1710 5547 Philipp

2027 3212 2208 3267 tribus
2270 3220 2329 3267 et
2375 3212 2578 3283 lingua:
2644 3212 2890 3269 servient
2972 3212 3045 3268 ei.
3078 3211 3159 3286 ι]
3228 3212 3290 3269 Id
3340 3213 3604 3268 nimirum

2023 3312 2143 3359 erat
2173 3302 2310 3358 illud
2348 3304 2418 3359 ab
2469 3304 2591 3375 ipso
2629 3305 2840 3360 dictum
2885 3322 2897 3358 :
2962 3305 3184 3371 «Pater,
3229 3303 3470 3360 clarifica
3520 3319 3608 3360 me

2024 3396 2310 3461 claritate,
2359 3410 2525 3466 quam
2559 3396 2752 3462 habui,
2797 3405 3097 3467 antequam
3155 3396 3397 3451 mundus
3437 3403 3604 3460 esset,

2024 3487 2172 3558 apud
2223 3496 2275 3543 te
2326 3489 2391 3541 θ’.
2420 3507 2438 3539 ι
2480 3487 2639 3554 Quod
2696 3495 2881 3543 autem
2931 3487 3276 3542 incarnatum
3321 3485 3419 3540 Dei
3472 3486 3608 3541 Ver-

2027 3580 2162 3634 bum
2213 3579 2521 3645 consideat,
2577 3588 2634 3635 et
2697 3579 2926 3650 azqualis
2974 3578 3161 3649 gloriae
3208 3578 3282 3632 sit
3327 3591 3455 3632 cum
3494 3577 3609 3632 Deo

2025 3680 2082 3727 et
2116 3672 2276 3726 Patre
2292 3670 2461 3725 etiam
2499 3686 2624 3725 cum
2652 3685 2841 3735 carne,
2872 3678 3130 3739 tanquam
3160 3683 3306 3722 unus
3336 3667 3609 3723 exsistens

2027 3764 2202 3822 Filius
2230 3764 2396 3819 etiam
2439 3762 2662 3833 quando
2710 3762 2918 3816 factum
2949 3771 3035 3817 est
3062 3761 3252 3826 homo,
3290 3758 3608 3815 manifestat

2026 3853 2468 3924 sapientissimus
2493 3851 2719 3916 Paulus,
2745 3850 3031 3906 scribens:
3080 3870 3098 3901 ι
3120 3850 3308 3905 Talem
3337 3850 3609 3905 habemus

2029 3943 2371 4016 pontiﬁcem,
2394 3944 2489 4016 qui
2520 3943 2677 3999 sedet
2701 3943 2758 3998 in
2787 3942 3015 3999 dextera
3051 3942 3237 3997 throni
3270 3941 3608 4015 magnitudi-

2029 4039 2117 4096 nis
2141 4038 2199 4093 in
2242 4037 2477 4094 excelsis
2506 4037 2572 4091 ".
2600 4056 2619 4088 ι
2662 4037 2937 4092 Pratterea
2971 4044 3027 4091 et
3062 4035 3177 4106 ipse
3211 4036 3480 4090 Dominus
3504 4049 3609 4090 no-

2031 4138 2147 4185 ster
2168 4128 2329 4186 Jesus
2349 4128 2623 4194 Christus,
2665 4127 3138 4198 interrogantibus
3176 4126 3358 4198 ipsum
3406 4126 3611 4182 Iudaeis

2029 4237 2162 4277 num
2185 4222 2302 4293 ipse
2326 4230 2473 4279 esset
2492 4237 2622 4277 vere
2643 4220 2896 4277 Christus
2923 4239 2937 4274 :
2972 4239 2992 4272 ι
3027 4220 3085 4278 Si
3108 4219 3301 4276 dixero
3323 4219 3501 4285 vobis,
3524 4219 3613 4273 in-

2029 4314 2169 4384 quit,
2198 4329 2310 4369 non
2330 4313 2564 4370 creditis
2592 4331 2605 4367 :
2635 4322 2691 4370 et
2716 4313 2761 4369 si
2788 4312 3225 4385 interrogavere,
3258 4328 3368 4367 non
3386 4326 3615 4382 respon-

2030 4403 2251 4461 debitis.
2283 4404 2495 4461 Amodo
2542 4405 2651 4461 erit
2674 4404 2820 4464 filius
2854 4405 3093 4460 hominis
3122 4405 3319 4461 sedens
3342 4421 3373 4460 a
3421 4404 3617 4461 dexte-

206 4516 223 4535 .
340 4480 621 4550 ερωτήσω,
643 4480 706 4533 οὐ
733 4482 807 4551 μὴ
827 4482 1185 4554 ἀποκριθῆτε.
1230 4484 1363 4537 Ἀπὸ
1385 4484 1480 4538 τοῦ
1508 4485 1603 4540 νῦν
1629 4486 1687 4540 δὲ
1714 4486 1868 4542 ἔσται
1898 4489 1923 4539 ὁ

2032 4497 2112 4552 ris
2136 4497 2359 4552 virtutis
2390 4497 2487 4553 Dei
2516 4497 2583 4551 ⁸⁵.
2615 4515 2635 4550 ι
2663 4496 2837 4568 Igitur
2854 4496 3022 4552 etiam
3051 4498 3397 4552 incarnatum
3414 4496 3617 4551 Filium

2034 4592 2092 4645 in
2122 4590 2427 4647 divinitatis
2450 4592 2589 4647 solio
2619 4599 2939 4646 sanctorum
2981 4590 3376 4661 prophetarum
3415 4588 3621 4644 chorus

2034 4684 2436 4753 contemplatus
2460 4691 2563 4739 est.
2619 4683 2915 4739 Videamus
2935 4690 3121 4738 autem
3163 4690 3220 4736 et
3253 4681 3391 4737 Novi
3424 4679 3618 4736 Testa-

2035 4774 2207 4829 menti
2246 4790 2547 4844 praecones,
2587 4776 2755 4831 totius
2774 4775 2929 4831 orbis
2957 4775 3233 4839 doctores,
3264 4773 3468 4844 quibus
3501 4772 3621 4842 ipse

2036 4862 2292 4919 Christus
2324 4863 2583 4920 dicebat:
2621 4885 2640 4917 ι
2690 4865 2809 4921 Νοη
2847 4880 2946 4920 vos
2985 4864 3119 4921 estis
3163 4863 3259 4934 qui
3304 4863 3619 4934 loquimini,

2041 4952 2137 5009 sed
2163 4953 2404 5025 Spiritus
2429 4956 2607 5012 Patris
2638 4957 2805 5013 vestri
2824 4956 2919 5027 qui
2940 4955 3189 5026 loquitur
3211 4954 3269 5009 in
3291 4954 3452 5010 vobis
3473 4954 3542 5008 ⁸⁵.
3599 4972 3618 5006 ι

2037 5047 2388 5104 Inveniemus
2448 5050 2615 5121 igitur
2657 5051 2930 5106 dicentem
2966 5048 3214 5104 divinum
3258 5047 3558 5118 Baptistam
3607 5065 3622 5102 :

2048 5158 2065 5191 ι
2088 5140 2219 5195 Post
2252 5156 2339 5195 me
2373 5141 2525 5196 venit
2555 5141 2659 5206 vir,
2710 5141 2805 5211 qui
2839 5148 2967 5196 ante
3020 5154 3110 5194 me
3131 5138 3310 5195 factus
3363 5147 3467 5204 est,
3494 5139 3623 5208 quia

2038 5232 2189 5302 prior
2210 5249 2297 5289 me
2314 5235 2510 5289 erat".
2526 5254 2543 5285 ι
2567 5234 2743 5304 Atqui
2766 5231 3044 5303 quomodo
3057 5231 3152 5303 qui
3167 5231 3491 5302 post;ipsum
3512 5230 3627 5286 ibat

2039 5323 2191 5393 prior
2220 5325 2339 5395 ipso
2370 5324 2511 5381 fuit?
2534 5341 2662 5381 nam
2677 5324 2959 5389 Christum
2983 5335 3132 5381 certe
3158 5322 3461 5380 secundum
3490 5331 3627 5379 tem-

364 5480 934 5565 ..Z'...”a'l;.‘_"’..?.".‘.'
1015 5480 1263 5565 ἱζέὲὲΕῶ
1295 5480 1347 5530 9·
1406 5480 1710 5565 ,ῙΖΡδΞὶίρΡ
1755 5494 1813 5540 ¹¹ν
1846 5480 1923 5565 δι.

2065 5483 2107 5517 ⁹¹
2139 5485 2297 5540 Rom.
2324 5501 2438 5551 vm,
2467 5486 2520 5541 5.
2597 5487 2643 5518 ἠ
2669 5485 2823 5542 Joan.
2858 5501 2985 5552 xvn,
3020 5486 3046 5539 l
3152 5483 3387 5540 "Hebr.
3417 5497 3532 5547 VIII,
3562 5482 3617 5537 l.

390 5540 405 5564 ‘
432 5535 558 5596 Luc.
586 5558 718 5608 xm,
738 5535 944 5598 '67—‘71.
1023 5544 1069 5576 ’⁵
1098 5535 1288 5601 Matth.
1323 5562 1375 5613 ιι,
1406 5546 1494 5601 20.
1573 5548 1623 5580 ’°
1638 5535 1812 5604 'Joan.‘
1836 5535 1984 5614 1,97.

1457 5690 1631 5748 Variae
1664 5692 1929 5750 lectiones
1964 5693 2171 5751 codicis
2201 5689 2541 5764 Seguicriani

439 5786 461 5815 ⁸
492 5781 606 5836 ναί.
