4044 6212
416 886 427 981 ἰ

462 273 561 332 διι

1402 322 1407 327 .
1478 281 1535 336 S.
1577 282 1853 339 CYlilLLl
1893 285 2365 348 ALEXANDRINI
2404 296 2725 356 ARCHIEP.

3618 313 3710 370 3ίῖ

464 409 570 462 pus
592 394 777 450 carnis
800 394 1009 450 Joanne
1034 395 1394 465 posteriorem
1416 396 1605 463 fuisse,
1633 401 1910 468 quomodo
1930 419 2030 458 non

2144 425 2246 477 μου
2279 412 2520 480 γέγονεν,
2550 416 2633 469 ὃτι
2664 418 2876 487 πρῶτός
2914 438 3014 490 μου
3044 418 3131 493 ἦν.
3169 443 3188 476 ι
3233 422 3367 480 Εἶτα
3397 427 3513 491 πῶς
3544 428 3574 481 δ
3608 432 3713 499 μετ’

462 484 535 537 sit
559 482 815 538 omnibus
837 483 1186 538 manifestum
1207 486 1229 537 ?
1248 484 1387 551 Quid
1414 485 1582 558 igitur
1605 490 1673 544 ad
1704 490 1822 546 hac
1852 492 2039 549 dicere

462 589 755 643 quisquam
783 574 1025 644 poterit?
1061 574 1235 629 Solvit
1268 576 1430 631 nobis
1465 579 1582 648 ipse
1606 580 1855 638 Salvator
1888 586 2039 654 quod

460 664 747 733 quaeritur.
769 665 995 721 Dicebat
1014 664 1183 732 enim,
1199 666 1416 723 Iudaeos
1437 670 1758 741 alloquens:
1788 692 1808 725 ι
1842 674 2037 743 Amen,

459 772 645 822 amen,
675 756 801 813 dico
830 758 1008 824 vobis,
1039 759 1363 831 priusquam
1403 763 1675 819 Abraham
1717 764 1902 833 fieret,
1936 784 2038 841 ego

460 849 670 903 sum".
704 869 723 900 ι
750 849 887 904 Nam
910 858 1030 905 erat
1054 851 1279 922 quidem
1301 861 1357 907 et
1377 861 1504 909 ante
1539 853 1814 911 Abraham
1840 824 2038 913 secun-

456 942 591 996 dum
620 942 965 999 divinitatem
997 963 1010 998 :
1042 945 1367 1018 intelligitur
1386 956 1510 1018 post
1533 948 1712 1020 ipsum
1734 952 2037 1008 secundum

458 1034 606 1105 quod
636 1034 803 1091 homo
824 1036 1096 1106 apparuit.
1122 1038 1329 1094 Deinde
1356 1038 1468 1095 Deo
1500 1047 1557 1095 et
1585 1040 1743 1096 Patre
1768 1042 2038 1099 clamante

459 1125 746 1181 manifeste
764 1144 776 1180 :
801 1146 817 1178 ι
830 1126 1071 1182 Gloriam
1087 1144 1263 1184 meam
1281 1129 1562 1186 alterinon
1584 1130 1727 1187 dabo
1740 1131 1786 1165 "
1803 1152 1816 1186 :
1834 1151 1852 1184 ι
1870 1130 2039 1205 (Deus

457 1214 604 1269 enim
639 1214 781 1270 alius
801 1224 1002 1285 praeter
1026 1216 1206 1287 ipsum
1232 1217 1418 1273 nullus
1448 1228 1533 1274 est
1555 1221 1601 1252 ⁹⁹
1630 1219 1684 1292 ε)
1708 1220 1847 1276 dixit
1878 1222 2038 1277 nobis

454 1304 755 1361 Christus:
800 1326 818 1359 ι
850 1306 985 1363 Cum
1029 1309 1243 1365 venerit
1284 1311 1456 1368 Filius
1497 1312 1739 1368 hominis
1781 1314 1836 1369 in
1863 1315 2037 1386 gloria

454 1397 636 1452 Patris
668 1399 753 1454 sui
798 1414 921 1453 cum
968 1401 1177 1472 angelis
1218 1404 1424 1459 sanctis
1450 1404 1489 1457 ¹.
1536 1423 1555 1455 ι
1602 1404 1872 1462 Praeterea
1909 1422 2035 1463 cum

453 1498 837 1560 exspectemus
856 1491 1056 1546 Filium
1084 1493 1325 1549 hominis
1352 1493 1420 1549 de
1445 1495 1600 1551 cmlis
1614 1496 2032 1565 descensurum,

453 1585 648 1639 scribit
690 1586 888 1642 iterum
933 1589 1373 1660 sapientissimus
1411 1592 1611 1649 Paulus
1649 1612 1661 1648 :
1708 1613 1725 1647 ι
1767 1594 2035 1665 Apparuit

452 1675 600 1729 enim
633 1677 806 1746 gratia
848 1679 945 1733 Dei
997 1680 1254 1736 salutaris
1290 1683 1547 1740 omnibus
1597 1684 1936 1752 hominibus,
1973 1694 2035 1741 ut

453 1766 789 1839 abnegantes
807 1769 1144 1840 impietatem
1163 1780 1218 1828 et
1234 1773 1514 1829 saecularia
1536 1746 2033 1841 desideria,sobrie
2067 1746 2109 1806 Β

452 1867 509 1913 et
524 1860 673 1930 juste
700 1869 756 1915 et
780 1862 869 1932 pie
908 1862 1160 1920 vivamus
1181 1865 1237 1920 in
1265 1866 1370 1922 hoc
1403 1868 1625 1934 saeculo,
1648 1878 2034 1938 exspectantes

451 1950 668 2006 beatam
689 1969 840 2024 spem
877 1962 934 2008 et
957 1955 1252 2012 adventum
1278 1958 1463 2028 gloriae
1492 1959 1674 2031 magni
1705 1961 1801 2015 Dei
1832 1969 1889 2015 et
1912 1960 2031 2016 Sal-

450 2046 658 2100 vatoris
679 2047 851 2102 nostri
873 2047 1003 2103 Jesu
1034 2047 1239 2105 Christi
1268 2053 1309 2105 ¹.
1344 2069 1362 2102 ι
1390 2051 1539 2109 Dixit
1567 2052 1734 2108 etiam
1772 2054 1925 2119 alibi,
1945 2054 2032 2108 lo-

450 2157 627 2211 quens
660 2140 727 2196 de
761 2142 831 2198 iis
859 2142 952 2213 qui
977 2158 1008 2197 e
1034 2144 1298 2216 sanguine
1318 2156 1447 2201 sunt
1468 2146 1656 2213 Israel,
1676 2148 1820 2218 quod
1842 2168 1859 2199 ι
1883 2149 2033 2219 Ipso-

449 2249 574 2287 rum
602 2242 730 2289 sunt
764 2236 1180 2305 promissiones,
1206 2244 1262 2292 et
1297 2237 1590 2308 legislatio.
1632 2250 1688 2294 et
1728 2248 2030 2295 testamen-

450 2333 586 2390 tum,
633 2327 792 2398 187
818 2335 875 2383 et
895 2344 964 2384 ex
1001 2327 1135 2399 ipsis
1162 2328 1467 2384 secundum
1502 2345 1723 2386 carnem
1749 2331 2026 2399 Christus,

448 2416 543 2485 qui
584 2424 670 2471 est
713 2432 880 2488 super
918 2418 1102 2472 omnia
1155 2417 1301 2473 Deus
1348 2419 1675 2479 benedictus
1730 2421 1785 2474 in
1830 2421 2029 2477 saecula

446 2510 798 2567 saeculorum.
837 2510 1010 2566 Amen
1033 2511 1074 2564 ⁸.
1115 2529 1133 2562 ι

508 2792 690 2864 igitur
709 2792 1072 2849 confessionis
1103 2793 1329 2849 Patrum
1367 2794 1596 2866 vestigia
1616 2803 1933 2866 sequentes,
1969 2805 2028 2852 et

445 2899 559 2937 non
587 2882 963 2950 deﬂectentes,
1014 2885 1195 2954 ipsum
1236 2884 1474 2941 dicimus
1520 2886 1762 2942 Verbum
1792 2902 1861 2941 ex
1912 2888 2026 2943 Deo

446 2972 609 3031 Patre
644 2982 835 3029 natum
892 2975 1238 3047 unigenitum
1284 2976 1483 3031 Filium
1535 2977 1634 3032 Dei
1678 2978 2024 3033 incarnatum

2142 500 2304 554 αὐτὸν
2331 504 2445 570 ἰὼν,
2469 507 2687 577 πρῶτος
2715 510 2878 564 αὐτοῦ
2908 507 3008 583 ἧν;
3038 515 3120 569 ὅτι
3144 518 3255 587 γὰρ
3284 518 3559 589 ὑστερίζει
3584 520 3714 575 κατὰ

2140 591 2234 643 τὸν
2267 594 2362 664 τῆς
2398 596 2599 667 σαρκὸς
2630 599 2820 668 χρόνον
2860 602 3108 659 Ἰωάννου
3137 606 3167 658 ό
3187 607 3441 679 Χριστὸς,
3476 609 3596 674 πῶς
3625 611 3715 681 οὐχ

2144 683 2345 741 ἅπασιν
2388 689 2653 760 ἑναργέςς
2684 693 2749 746 Τί
2781 692 2874 747 οὖν
2922 696 3058 767 πρὸς
3092 698 3268 754 ταῦτα
3310 702 3443 773 φαίη
3491 720 3578 767 τις
3621 704 3712 771 av;

2146 778 2375 833 Ἐλυσεν
2417 783 2549 853 ἡμῖν
2593 784 2757 850 αὐτὸς
2797 788 2826 839 ὁ
2872 787 3062 860 Σωτὴρ
3104 790 3168 842 τὸ
3195 791 3547 862 ζητούμενον.
3577 794 3714 864 Ἔφη

2142 869 2250 942 γάρ
2318 871 2590 938 Ἰουδαίοις
2633 876 2987 947 προσλαλῶν*
3045 897 3064 931 ι
3104 879 3333 952 [’Δμὴν,
3392 883 3541 953 ἀμὴν
3582 884 3716 952 λέγω

2142 962 2316 1035 ὑμῖν,]
2347 967 2476 1037 πρὶν
2528 968 2780 1038 Ἀϐραὰμ
2808 970 3061 1038 γενέσθαι
3086 971 3197 1041 ὲγώ
3228 974 3365 1043 εἰμι.
3405 992 3424 1025 ι
3460 970 3570 1028 Ἦν
3622 976 3716 1046 μὲν

2140 1054 2248 1126 γὰρ
2278 1058 2372 1111 καὶ
2400 1058 2504 1129 πρὸ
2555 1060 2806 1131 ’Δϐραάμ
2837 1060 3053 1130 θεῖκῶς,
3082 1067 3283 1118 νοεῖται
3306 1064 3362 1117 δὲ
3387 1066 3506 1134 μετ’
3537 1067 3713 1130 αὐτὸν,

2140 1149 2277 1202 καθὸ
2304 1150 2546 1221 πέφηνεν
2575 1151 2883 1224 ἄνθρωπος.
2915 1149 3048 1208 Εἶτα
3077 1155 3174 1209 τοῦ
3223 1155 3361 1209 Θεοῦ
3388 1156 3482 1209 καὶ
3510 1157 3717 1229 Πατρδς

2126 1238 2372 1311 βοῶντος
2388 1242 2714 1313 ἀναφανδόν·
2739 1265 2757 1298 ι
2790 1247 2904 1316 Τὴν
2924 1246 3083 1312 δόξαν
3110 1265 3212 1318 μου
3237 1247 3409 1318 ἑτέρῳ
3421 1249 3483 1302 οὐ
3511 1248 3666 1302 δώσω
3694 1268 3712 1300 ι

2140 1333 2309 1404 (Θεὸς
2337 1336 2445 1407 γὰρ
2467 1336 2653 1409 ἕτερος
2675 1340 2803 1411 παρ’
2831 1340 2993 1394 αὐτὸν
3020 1340 3194 1405 οὐδείς
3215 1345 3253 1409 )·
3283 1340 3387 1411 ἔφη
3410 1340 3546 1410 πρὸς
3572 1342 3717 1411 ἡμᾶς

2136 1427 2165 1478 ό
2190 1427 2442 1497 Χριστός·
2485 1447 2504 1481 ι
2544 1430 2710 1484 Ὅταν
2744 1430 2802 1485 δὲ
2829 1429 2959 1502 ἔλθῃ
2988 1432 3017 1484 ό
3046 1432 3174 1495 Υἱὸς
3206 1431 3303 1485 τοῦ
3332 1430 3622 1503 ἀνθρώπου
3660 1434 3716 1485 έν

2135 1520 2201 1588 τῇ
2230 1518 2356 1592 δόξῃ
2381 1518 2475 1572 τοῦ
2497 1519 2709 1591 Πατρδς
2732 1521 2895 1575 αὐτοῦ
2920 1523 3058 1593 μετὰ
3079 1522 3188 1575 τῶν
3211 1522 3380 1592 ἁγίων
3400 1522 3667 1591 ἀγγέλων,
3693 1542 3711 1575 ι

2136 1608 2267 1663 Υίοῦ
2318 1610 2375 1664 δὲ
2424 1610 2714 1682 ἀνθρώπου
2758 1614 3214 1685 προσδοκωμένου
3260 1612 3614 1667 καταϐαίνειν
3658 1612 3717 1678 ἐξ

2135 1702 2404 1774 οὐρανῶν,
2432 1704 2634 1776 γράφει
2663 1706 2825 1759 πάλιν
2858 1707 2887 1759 ό
2919 1706 3192 1771 πάνσοφος
3223 1704 3468 1768 Παῦλος·
3527 1723 3547 1757 ι
3592 1705 3717 1757 Ἑπ-

2135 1795 2308 1866 εφάνη
2329 1795 2438 1868 γὰρ
2453 1799 2486 1866 ἠ
2510 1796 2671 1869 χάρις
2694 1796 2789 1850 τοῦ
2813 1797 2950 1851 Θεοῦ
2980 1800 3012 1869 ἠ
3034 1798 3303 1869 σωτήριος
3328 1799 3492 1851 πᾶσιν
3509 1796 3717 1867 ἀνθρώ-

2136 1902 2279 1949 ποις⁸
2307 1885 2395 1939 ἵνα
2434 1886 2803 1957 ἀρνησάμενοι
2836 1886 2932 1957 τὴν
2974 1886 3228 1941 ἀσέϐειαν
3266 1887 3358 1939 καὶ
3397 1885 3495 1949 τάς
3523 1901 3718 1953 κοσμι-

2135 1976 2237 2040 κάς
2264 1976 2599 2049 ἐπιθυμίας,
2635 1977 2930 2048 σωφρόνως
2958 1978 3054 2032 καὶ
3089 1976 3314 2041 δικαίως
3349 1978 3443 2029 καὶ
3478 1974 3717 2038 εὐσεϐῶς

2135 2064 2388 2136 ζήσωμεν
2421 2067 2479 2119 ὲν
2503 2065 2583 2137 τῷ
2609 2066 2703 2120 νῦν
2734 2066 2914 2133 αἰῶνι,
2945 2065 3366 2138 προσδεχόμενοι
3402 2065 3504 2136 τὴν
3536 2081 3715 2135 μακα-

2135 2156 2258 2227 ρίαν
2292 2157 2484 2212 έλπίδα
2527 2160 2622 2213 καὶ
2657 2159 2979 2227 ἐπιφάνειαν
3019 2158 3118 2228 τῆς
3157 2157 3316 2229 δόξης
3348 2155 3444 2210 τοῦ
3478 2155 3716 2227 μεγάλου
3782 2150 3789 2155 ’

2132 2248 2268 2302 Θεοῦ
2299 2250 2394 2304 καὶ
2422 2251 2675 2323 Σωτῆρος
2709 2251 2865 2322 ἡμῶν
2908 2250 3084 2321 Ἰησοῦ
3114 2249 3376 2321 Χριστοῦ.
3419 2268 3438 2300 ι
3483 2249 3630 2320 Ἔφη
3660 2247 3717 2300 δὲ

2133 2342 2226 2396 καὶ
2262 2342 2491 2414 ἑτέρωθι
2522 2323 2665 2412 περῖ
2692 2344 2802 2398 τῶν
2835 2343 2893 2410 ἐξ
2937 2343 3169 2414 αἵματος
3214 2341 3432 2412 Ἰσραὴλ
3462 2341 3590 2403 τοὺς
3626 2339 3713 2391 λό-

2130 2450 2262 2501 γους
2287 2434 2630 2506 ποιούμενος,
2666 2435 2747 2488 ὅτι
2781 2453 2799 2486 ι
2837 2432 3029 2487 Αὐτῶν
3068 2433 3125 2486 αί
3159 2431 3482 2500 ἐπαγγελίαι
3504 2469 3520 2494 ,
3551 2430 3645 2483 καὶ
3677 2429 3713 2499 ἡ

2131 2525 2458 2597 νομοθεσία,
2511 2527 2605 2581 καί⁵
2637 2528 2670 2595 ἡ
2710 2526 2979 2597 διαθήκη,
3015 2524 3109 2578 καί
3152 2526 3211 2590 ἐξ
3254 2522 3433 2578 αὐτῶν
3478 2520 3539 2574 τὺ
3573 2519 3718 2574 κατὰ

2134 2617 2312 2691 σάρκα
2341 2618 2597 2687 Χριστὸς,
2629 2620 2663 2672 όι
2685 2617 2761 2672 ῶν
2796 2619 2889 2672 ἐπὶ
2912 2617 3131 2672 πάντων
3158 2616 3292 2680 Θεὸς
3322 2614 3612 2686 εὐλογητὸς
3636 2613 3718 2676 εἰς

2130 2711 2254 2773 τοὺς
2280 2710 2503 2772 αἰῶνας.
2546 2710 2739 2781 Ἀμήν.
2775 2728 2795 2761 ι

2204 2802 2414 2857 Οὐκοῦν
2467 2804 2592 2855 κατ’
2651 2801 2799 2872 ἴχνος
2847 2800 3018 2865 ἰόντες
3051 2798 3432 2872 άπροσκλινῶς
3476 2797 3579 2867 τῆς
3607 2795 3719 2849 τῶν

2131 2892 2396 2963 Πατέρων
2430 2891 2745 2963 ὁμολογίας,
2792 2890 2955 2946 αὐτόν
3000 2907 3183 2961 φαμεν
3226 2890 3318 2944 τὸν
3354 2892 3419 2942 ὲκ
3446 2887 3542 2941 τοῦ
3576 2886 3717 2940 Θεοῦ

2132 2984 2348 3057 Πατρὸς
2374 2984 2545 3054 Λόγον
2578 2983 2909 3055 γεννηθέντα
2937 2984 3066 3037 Υίὸν
3102 2982 3389 3054 μονογενῆ,
3424 2980 3719 3052 σαρκωθῆ-

444 3081 566 3121 esse
593 3075 650 3122 et
671 3066 951 3123 hominem
984 3066 1212 3133 factum,
1239 3084 1483 3140 passum,
1507 3076 1786 3124 mortuum
1804 3110 1819 3135 ,
1858 3070 2022 3123 tertia

2132 3076 2217 3130 ναί
2257 3092 2318 3128 τε
2366 3080 2463 3129 καὶ
2506 3074 2945 3146 ὲνανθρωπῆσαι,
2980 3073 3195 3140 παθεῖν,
3239 3073 3553 3137 ἀποθανεῖν,
3588 3072 3721 3125 ἀνα-

444 3159 534 3215 die
564 3159 932 3215 resurrexisse
961 3175 1025 3214 ex
1068 3160 1322 3216 mortuis.
1353 3160 1489 3215 Nam
1518 3160 1654 3216 citra
1697 3170 2023 3216 controver-

445 3252 580 3307 siam
630 3252 966 3323 impassibile
1016 3261 1121 3318 est,
1152 3260 1421 3323 quantum
1473 3253 1541 3308 ad
1586 3269 1743 3309 suam
1768 3261 2027 3310 naturam

443 3344 665 3410 attinet,
717 3344 956 3401 Verbum
992 3344 1125 3412 Dei;
1166 3354 1224 3401 et
1243 3345 1429 3401 nullus
1475 3354 1584 3400 tam
1613 3347 1881 3402 attonitus
1918 3356 2022 3414 est,

442 3438 537 3506 qui
575 3446 772 3508 putare
818 3437 1013 3508 possit,
1053 3447 1306 3494 naturam
1346 3453 1469 3508 qua:
1507 3446 1589 3493 est
1615 3453 1783 3509 super
1816 3439 2023 3504 omnia,

443 3532 716 3601 passionis
744 3546 866 3588 esse
899 3546 1180 3601 capacem.
1202 3530 1308 3587 Sed
1346 3532 1475 3602 quia
1504 3531 1684 3588 factus
1714 3541 1800 3587 est
1835 3533 2022 3598 homo,

442 3630 499 3675 et
520 3636 742 3676 carnem
787 3637 856 3676 ex
891 3628 1080 3677 sancta
1129 3621 1353 3692 Virgine
1396 3631 1692 3693 sumptam,
1748 3623 2061 3693 propriam'

441 3710 605 3768 fecit:
631 3717 943 3782 pr0pterea,
981 3720 1043 3766 ut
1064 3710 1494 3782 dispensationis
1516 3713 1785 3767 rationem
1827 3728 2026 3782 sequa-

442 3818 589 3867 mur,
619 3802 675 3857 in
694 3818 861 3858 carne
896 3805 1123 3875 propria
1162 3819 1382 3874 passum
1422 3818 1547 3860 esse
1578 3821 1647 3860 ex
1682 3805 2027 3861 humanitate

442 3891 741 3946 asserimus
764 3908 914 3957 eum,
956 3893 1051 3964 qui
1084 3900 1239 3968 extra
1288 3908 1510 3949 omnem
1561 3894 1873 3964 passionem
1918 3903 2023 3961 est,

444 3989 634 4050 utpote
650 3980 813 4036 Deus.
832 3982 967 4036 Nam
995 3983 1039 4037 si
1057 3983 1202 4038 Deus
1230 3984 1504 4039 exsistens
1528 3984 1705 4040 factus
1728 3993 1813 4041 est
1836 3986 2023 4052 homo,

443 4081 501 4127 et
526 4071 753 4127 minime
777 4072 991 4128 destitit
1015 4090 1136 4129 esse
1165 4075 1339 4130 Deus:
1370 4075 1416 4129 si
1443 4074 1619 4132 factus
1642 4087 1727 4132 est
1758 4089 2026 4134 creaturae

442 4163 647 4234 portio,
670 4170 726 4218 et
751 4165 951 4239 mansit
984 4173 1167 4221 tamen
1200 4181 1365 4237 supra
1387 4174 1733 4234 creaturam;
1759 4169 1803 4223 si
1861 4169 2020 4240 legis-

444 4257 587 4312 lator
606 4255 898 4319 exsistens,
922 4265 1111 4328 utpote
1146 4258 1311 4324 Deus,
1350 4259 1530 4315 factus
1572 4269 1657 4316 est
1696 4262 1800 4317 sub
1829 4263 1950 4333 lege
1981 4261 2023 4327 ⁸,

443 4357 500 4405 et
527 4355 647 4405 erat
669 4348 851 4406 adhuc
877 4350 1157 4422 legislator
1183 4370 1195 4404 :
1220 4351 1264 4406 si
1290 4352 1420 4407 item
1452 4366 1576 4427 cum
1596 4354 1863 4409 Dominus
1878 4364 2027 4410 esset

2132 3170 2322 3237 στῆναι
2348 3168 2413 3220 ἐκ
2440 3165 2649 3238 νεκρῶν
2671 3143 2752 3238 *τῇ
2783 3143 2944 3237 τρίτῃ
2965 3164 3164 3237 ἡμέρᾳ.
3220 3163 3463 3234 Ἀπαθὴς
3486 3163 3585 3234 μὲν
3608 3143 3741 3236 γὰρ·

2129 3259 2578 3329 ὁμολογουμένως
2624 3258 2687 3311 τό
2742 3274 2807 3325 γε
2849 3251 2985 3328 ἦκον
3031 3257 3109 3320 εἰς
3161 3255 3297 3310 ἰδίαν
3340 3255 3503 3326 quia“!
3542 3255 3572 3307 ό
3620 3254 3719 3308 τοῦ

2127 3347 2263 3402 Θεοῦ
2293 3339 2484 3417 Λόγος·
2518 3346 2614 3402 καὶ
2654 3346 2828 3410 οὐδεὶς
2850 3344 3022 3409 οὕτως
3045 3344 3434 3417 ὲμϐρόντητος,
3463 3344 3538 3409 ὡς
3564 3344 3720 3414 νομί-

2132 3457 2221 3494 σαι
2248 3439 2511 3494 δύνασθαι
2536 3439 2743 3503 πάθους
2772 3435 2913 3494 εἶναι
2949 3438 3203 3509 δεκτικὴν
3228 3437 3326 3508 τὴν
3362 3437 3503 3508 ὑπὲρ
3537 3437 3719 3491 πάντα

2129 3532 2312 3602 φύσιν.
2351 3532 2571 3602 Ἐπειδὴ
2616 3532 2672 3586 δὲ
2711 3531 2935 3601 γέγονεν
2964 3530 3283 3605 ἄνθρωπος,
3325 3530 3461 3585 ἰδίαν
3485 3531 3721 3600 ποιησά-

2132 3642 2293 3697 μενος
2326 3626 2505 3697 σάρκα
2531 3624 2628 3696 τὴν
2654 3626 2719 3679 ὲκ
2756 3627 2854 3697 τῆς
2887 3624 3050 3693 ἁγίας
3085 3623 3386 3694 Παρθένου,
3420 3621 3595 3695 ταύτῃ
3635 3638 3722 3674 τοι

2126 3720 2241 3783 τοῖς
2283 3717 2384 3787 τῆς
2423 3717 2738 3786 οἰκονομίας
2780 3717 3037 3787 ἑπόμενοι
3080 3716 3282 3783 λόγοις.
3312 3713 3477 3785 σαρκὶ
3509 3715 3576 3784 τῇ
3610 3712 3723 3784 ἰδίᾳ

2129 3809 2325 3864 παθεῖν
2352 3808 2714 3878 ἀνθρωπίνως
2741 3808 3201 3880 διαϐεϐαιούμεθα
3217 3807 3312 3860 τὸν
3337 3807 3595 3860 ἐπέκεινα
3619 3803 3722 3859 τοῦ

2129 3902 2324 3958 παθεῖν
2363 3903 2440 3966 ὼς
2477 3902 2631 3956 Θεόν.
2656 3903 2720 3955 Εἰ
2750 3902 2860 3971 γὰρ
2898 3902 3032 3965 Θεὸς
3071 3901 3334 3972 ὑπάρχων
3368 3899 3592 3968 γέγονεν
3619 3897 3721 3952 ἇν-

2129 3994 2367 4067 θρωπος,
2408 3995 2819 4065 ἀποπεφοίτηκε
2863 3995 2921 4049 δὲ
2951 3993 3203 4064 οὐδαμῶς
3244 3990 3338 4046 τοῦ
3388 3986 3529 4045 εἶναι
3559 3990 3722 4054 Θεὸς,

2128 4087 2177 4138 εἰ
2202 4086 2391 4154 γέγονε
2422 4086 2523 4155 τῆς
2554 4086 2787 4149 κτίσεως
2838 4085 3035 4156 μέρος,
3082 4084 3177 4138 καὶ
3213 4082 3523 4152 μεμένηκεν
3573 4083 3726 4153 ὑπὲρ

2127 4175 2224 4245 τὴν
2269 4175 2463 4228 κτίσιν·
2507 4177 2557 4228 εἰ
2604 4175 2900 4246 νομοθέτης
2946 4174 3021 4229 ὢν
3053 4175 3127 4238 ὡς
3165 4174 3318 4239 Θεὸς,
3350 4174 3576 4243 γέγονεν
3611 4173 3725 4227 ὑπὸ

2127 4265 2312 4335 νόμον,
2348 4265 2441 4318 καὶ
2481 4265 2777 4337 νομοθέτης
2810 4261 2877 4336 ἦν
2912 4264 3012 4318 ἔτι·
3054 4265 3148 4319 καὶ
3184 4264 3461 4335 Δεσπότης
3485 4262 3561 4318 ῶν
3602 4263 3719 4318 θεῖ⁹

2129 4358 2262 4423 κῶς,
2291 4357 2479 4411 δούλου
2512 4358 2726 4431 μορφὴν
2760 4358 2953 4424 ὑπέδυ,
2986 4358 3082 4413 καὶ
3105 4357 3480 4427 ἀναπόϐλητον
3519 4356 3635 4426 ἔχει
3656 4355 3728 4411 τδ

442 4458 510 4497 ex
532 4440 842 4509 divinitate,
873 4442 1016 4497 servi
1040 4441 1273 4498 formam
1299 4442 1500 4509 induit,
1520 4453 1577 4499 et
1596 4444 2020 4516 inseparabilem

2132 4451 2228 4518 τῆς
2273 4450 2592 4512 δεσποτείας
2625 4450 2865 4520 ἀξίωμαο
2900 4452 2949 4503 εἰ
2984 4450 3280 4522 μονογενὴς
3318 4450 3576 4520 ὑπάρχων
3620 4448 3726 4516 γέ-

441 4532 655 4590 obtinet
682 4533 913 4591 dominii
943 4534 1263 4606 dignitatem
1284 4554 1297 4589 :
1318 4536 1363 4591 si
1394 4536 1710 4608 unigenitus
1726 4540 2020 4604 exsistens,

438 4628 618 4684 factus
653 4636 740 4684 est
759 4629 1160 4702 primogenitus
1188 4631 1243 4686 in
1269 4630 1460 4688 multis
1492 4631 1761 4686 fratribus
1789 4632 1832 4697 ⁸,
1861 4639 1916 4686 et
1938 4639 2025 4687 est

435 4721 607 4776 etiam
634 4721 988 4793 unigenitus:
1017 4739 1117 4779 cur
1139 4723 1429 4789 miramur,
1455 4723 1502 4779 si
1529 4739 1694 4779 carne
1736 4739 1930 4794 passus
1956 4740 2023 4778 ex

435 4796 781 4870 humanitate
805 4815 1161 4885 impassibilis
1194 4816 1360 4872 etiam
1382 4816 1463 4872 sic
1487 4816 1813 4887 intelligitur
1841 4831 1908 4870 ex
1941 4816 2027 4869 di-

433 4906 706 4961 vinitate?
758 4907 948 4979 Itaque
1017 4908 1460 4979 sapientissimus
1512 4908 1715 4964 Paulus
1778 4909 2024 4964 Verbum

431 4994 586 5064 quod
631 4995 690 5052 in
733 4995 912 5054 forma
956 5008 1014 5055 et
1037 4998 1349 5069 aequalitate
1393 4998 1490 5053 Dei
1556 5006 1612 5052 et
1657 4998 1839 5054 Patris
1881 5006 2023 5063 erat,

432 5088 584 5145 idem
605 5090 785 5162 ipsum
808 5091 1093 5147 subditum
1119 5091 1325 5147 factum
1351 5105 1472 5146 esse
1499 5089 1636 5145 dicit
1664 5097 1723 5145 et
1752 5105 1928 5160 usque
1957 5089 2025 5144 ad

434 5189 694 5246 mortem,
746 5192 981 5239 mortem
1018 5192 1202 5239 autem
1255 5181 1439 5238 crucis
1484 5184 1525 5234 ο.
1566 5182 1628 5236 In
1682 5180 1789 5235 alia
1837 5191 2023 5236 autem

434 5272 667 5342 epistola
709 5290 807 5329 sua
834 5274 904 5331 de
944 5274 1141 5331 eodem
1193 5274 1328 5330 dicit
1362 5294 1374 5328 :
1409 5294 1427 5327 ‹
1477 5272 1581 5340 Qui
1612 5282 1696 5328 est
1718 5272 1898 5344 imago
1920 5274 2019 5329 Dei

436 5357 753 5421 invisibilis,
781 5361 1183 5432 primogenitus
1209 5362 1390 5417 omnis
1410 5371 1680 5417 creatura:
1713 5380 1726 5416 :
1775 5362 1905 5433 quia
1959 5363 2017 5419 in

436 5446 558 5515 ipso
603 5447 827 5505 condita
861 5459 994 5506 sunt
1031 5453 1217 5507 omnia
1249 5469 1373 5524 qua:
1431 5453 1486 5507 in
1516 5454 1656 5509 caelo
1701 5462 1759 5508 et
1815 5469 1938 5523 quae
1963 5454 2018 5509 in

2131 4560 2255 4610 γονε
2284 4542 2627 4615 πρωτότοκος
2651 4545 2709 4597 ὲν
2734 4542 2949 4607 πολλοῖς
2989 4543 3257 4614 ἀδελφοῖς,
3291 4544 3385 4596 καὶ
3413 4542 3526 4594 ἔστι
3557 4557 3728 4612 μονο-

2131 4630 2312 4700 γενὴς,
2336 4632 2390 4684 τί
2420 4632 2480 4685 τὸ
2511 4632 2831 4703 παράδοξον,
2857 4634 2906 4686 εἰ
2931 4634 3094 4704 σαρκὶ
3122 4632 3310 4688 παθὼν
3332 4631 3725 4704 ἀνθρωπίνως,

2131 4725 2347 4795 ἀπαθὴς
2374 4725 2467 4779 καὶ
2487 4725 2631 4779 οὕτω
2670 4728 2871 4780 νοεῖται
2897 4726 3127 4790 θεῖκῶς;
3159 4726 3269 4779 Καὶ
3301 4723 3435 4793 γοῦν
3457 4726 3485 4776 ό
3510 4724 3728 4777 πάνσο⁴

2132 4835 2232 4888 (ρος
2264 4816 2475 4881 Παῦλος
2506 4818 2598 4870 τὸν
2624 4819 2681 4872 ὲν
2723 4820 2905 4890 μορφῇ
2958 4818 3050 4872 καὶ
3087 4817 3291 4887 ἰσότητι
3319 4813 3413 4868 τοῦ
3453 4813 3594 4866 Θεοῦ
3624 4814 3733 4867 καὶ

2125 4909 2340 4981 Πατρδς
2371 4910 2689 4981 ὑπάρχοντα
2728 4910 2921 4979 Λόγον,
2960 4908 3053 4962 τὸν
3097 4908 3260 4962 αὐτὸν
3286 4906 3526 4976 ὑπήκοον
3556 4904 3732 4974 γενέ-

2127 5002 2250 5055 σθαι
2284 5001 2439 5071 φησί,
2472 5003 2565 5055 καὶ
2619 5003 2781 5075 μέχρι
2827 5003 3082 5065 θανάτου,
3114 5000 3346 5055 θανάτου
3372 5000 3430 5053 δὲ
3458 4996 3729 5069 σταυροῦ.

2139 5094 2226 5146 Ἐν
2254 5092 2417 5166 ἑτέρα
2436 5093 2493 5147 δὲ
2515 5094 2623 5148 τῶν
2650 5095 2796 5150 ἰδίων
2827 5094 3161 5148 Ἐπιστολῶν
3184 5092 3314 5164 περὶ
3335 5091 3503 5145 αὐτοῦ
3528 5106 3731 5161 φησιν’

2132 5204 2151 5236 ι
2194 5185 2386 5249 Ὅστις
2419 5186 2567 5240 ἐστὶν
2607 5186 2771 5240 εἰκὼν
2806 5186 2901 5240 τοῦ
2930 5187 3065 5240 Θεοῦ
3092 5186 3185 5240 τοῦ
3211 5185 3470 5257 ἀοράτου,
3504 5181 3738 5253 πρωτό-

2125 5292 2283 5340 τοκος
2307 5276 2489 5348 πάσης
2522 5277 2771 5342 κτίσεως
2806 5279 2887 5333 ὅτι
2915 5281 2973 5332 έν
3010 5280 3159 5350 αὐτῴ
3185 5278 3407 5348 ἐκτίσθη
3442 5276 3514 5330 τά
3537 5275 3736 5330 πάντα

2125 5369 2193 5422 τὰ
2222 5371 2279 5422 ὲν
2303 5368 2382 5439 τῷ
2406 5370 2619 5441 οὐρανῷ
2652 5372 2743 5424 καλ⁵
2770 5371 2837 5424 τά
2866 5372 2960 5425 ἐπὶ
2988 5372 3087 5441 τῆς
3111 5373 3215 5442 γῆς
3244 5390 3258 5404 ο
3288 5372 3384 5425 καὶ
3407 5371 3567 5433 αὐτός
3602 5371 3738 5422 ἐστι

2128 5459 2238 5531 πρὸ
2276 5461 2515 5516 πάντων*
2557 5464 2653 5516 καὶ
2679 5463 2748 5516 τὰ
2791 5464 2969 5518 πάντα
3026 5466 3084 5517 ἐν
3119 5461 3269 5534 αὐτῷ
3316 5461 3642 5529 συνέστηκεο
3703 5483 3730 5511 ι

510 5658 744 5739 _"_Joan.
778 5675 891 5739 vni,
1092 5659 1138 5692 "'
1170 5662 1270 5716 lsa.
1307 5665 1539 5739 x1.tt_._8._
1598 5665 1642 5697 ’9
1673 5665 1774 5739 lsa.
1807 5682 1930 5739 35w,
1966 5667 2017 5723 5.
2094 5670 2107 5701 ⁸
2147 5670 2307 5725 Marc.
2343 5687 2455 5737 vm,
2486 5673 2573 5727 58.
2653 5672 2671 5703 ²
2703 5672 2810 5726 Tit.
2844 5689 2903 5739 ιι,
2940 5673 3126 5728 ll-l5.
3206 5673 3227 5705 ³
3257 5674 3417 5730 Rem.
3454 5689 3530 5736 ix,
3559 5671 3612 5738 ὗ,
3650 5671 3731 5729 5.

416 5727 660 5803 fGalat.
693 5744 770 5802 tv,
802 5731 855 5786 4.
927 5731 947 5764 ³
979 5731 1137 5787 Rom.
1169 5748 1281 5791 νιιι.
1359 5735 1379 5765 ⁸
1402 5735 1637 5805 Philipp.
1665 5750 1720 5801 ιι,
1746 5736 1865 5790 6-8.
