4044 6212
271 332 367 388 513

1662 337 2000 396 EPISTOLA
2039 337 2147 395 LV.

3424 345 3536 407 514

269 449 358 502 καὶ
395 445 560 499 αὐτὸν
597 445 847 500 δεδόσθαι
902 448 1036 518 φησι
1094 450 1340 522 κεφαλὴν
1397 455 1464 524 τῇ
1529 454 1846 527 Ἐκκλησία,

1967 464 2150 520 terra;
2175 464 2231 510 et
2259 455 2375 525 ipse
2396 465 2483 512 est
2503 461 2631 511 ante
2659 454 2864 520 omnia,
2897 463 2955 510 et
2974 455 3158 510 omnia
3178 430 3244 510 'in
3272 456 3391 528 ipso
3411 473 3543 515 con—

266 537 519 607 γενέσθαι
562 537 618 590 δὲ
672 539 767 591 καὶ
817 540 1075 611 ἀπαρχήν
1120 541 1229 595 τῶν
1277 545 1727 616 κεκοιμημένων,
1758 546 1855 599 καὶ

242 630 609 713 Τπρωτότοκον
632 630 742 682 τῶν
776 632 1006 703 νεκρῶν.
1045 633 1237 688 Καίτοι
1275 635 1409 707 ζωὴ,
1451 639 1547 690 καὶ
1591 637 1854 703 ζωοποιὸς

258 726 291 777 6
326 726 393 777 ἐκ
427 722 563 777 Θεοῦ
603 725 821 795 Πατρός
871 727 988 779 ἐστι
1027 729 1220 796 Λόγος,
1249 728 1346 785 ἅτε
1382 730 1447 799 δὴ
1494 733 1590 786 καὶ
1619 735 1683 786 ὲκ
1710 734 1854 806 ζωῆς

259 817 495 886 ἀναιρὺς,
520 817 617 870 τοῦ
647 816 904 881 τεκόντος
922 819 1105 874 αὐτόν.
1136 816 1269 875 Εἶτα
1300 822 1419 885 πῶς
1447 822 1671 891 γέγονεν
1702 841 1854 895 πρω-

258 906 480 968 τότοκος
508 908 575 960 ἐκ
603 907 843 977 νεκρῶν,
870 908 965 961 καὶ
991 909 1214 982 ἀπαρχὴ
1252 910 1363 964 τῶν
1391 913 1848 984 κεκοιμημένων;

271 998 493 1069 Ἐπειδὴ
526 998 638 1070 γὰρ
668 1000 770 1070 τὴν
796 1000 891 1054 τοῦ
925 1000 1157 1056 θανάτου
1189 1003 1444 1073 δεκτικὴν
1490 1005 1626 1060 ἰδίαν
1660 1007 1852 1077 ἐποιή-

255 1107 389 1144 σατο
420 1093 626 1162 σάρκα,
664 1109 683 1142 ι
723 1093 907 1163 χάριτι
942 1093 1103 1167 Θεοῦ,
1136 1097 1281 1152 καθά
1326 1114 1493 1169 φησιν
1519 1102 1547 1153 6
1576 1100 1853 1170 πάνσοφος

251 1182 493 1249 Παῦλος,
526 1184 669 1258 ὑπὲρ
700 1185 902 1248 παντὸς
938 1187 1202 1255 ἐγεύσατο
1231 1189 1463 1243 θανάτου
1500 1208 1519 1242 ι
1562 1194 1627 1263 τῇ
1658 1192 1851 1245 παθεῖν

248 1276 421 1330 αὑτὸν
444 1278 722 1350 δυναμένῃ
756 1280 942 1350 σαρκὶ,
974 1281 1075 1335 οὐκ
1108 1282 1399 1336 ἀποϐαλὼν
1427 1284 1591 1348 αὐτὸς
1620 1284 1681 1338 τὸ
1710 1279 1851 1338 εἶναι

249 1369 389 1440 ζωή.
418 1371 633 1425 Οὐκοῦν
664 1371 768 1427 κάν
805 1375 854 1427 εί
884 1374 1097 1442 λέγοιτο
1141 1377 1305 1447 σαρκὶ
1348 1377 1564 1441 παθεῖν,
1600 1378 1662 1432 οὐ
1689 1379 1850 1449 φύσει

249 1462 518 1535 θεότητος
544 1464 845 1532 εἰσδέξεται
870 1466 933 1519 τὸ
962 1467 1173 1532 παθεῖν,
1209 1469 1324 1523 ἀλλ’
1363 1469 1440 1534 ὡς
1460 1470 1596 1541 ἔφην
1625 1471 1849 1542 ἀρτίως,

253 1555 364 1626 ἰδίᾳ
404 1557 575 1627 σαρκὶ
597 1561 669 1629 τῇ
697 1557 793 1612 τοῦ
834 1559 1044 1624 πάθους
1082 1561 1328 1633 δεκτικῇ.
1359 1562 1472 1616 Καὶ
1512 1562 1643 1629 γοῦν
1675 1566 1703 1617 ό
1743 1581 1847 1634 μα-

249 1650 451 1719 κάριος
474 1652 768 1722 προφήτης
805 1653 1030 1718 Ἡσαΐας
1059 1653 1560 1726 ὲνανθρωπήσαντα
1592 1656 1725 1710 Θεὸν
1760 1656 1850 1711 τὸν

1955 550 2161 603 stant’:
2199 567 2218 598 ι
2252 554 2307 602 et
2337 548 2514 618 ipsum
2541 548 2730 603 datum
2762 561 2883 602 esse
2902 545 2980 601 ait
3004 555 3170 617 caput
3211 548 3470 606 Ecclesiae
3494 548 3539 616 ⁸,

1954 641 2271 710 facturaque
2294 656 2415 696 esse
2452 639 2732 711 primitias
2755 638 3150 693 dormientium
3181 640 3224 705 ’,
3250 650 3306 694 et
3329 642 3538 711 primo-

1955 733 2201 804 genitum
2232 748 2300 788 ex
2330 732 2567 787 mortuis
2594 733 2656 785 ¹⁰.
2692 731 2858 802 Atqui
2890 731 3001 786 vita
3028 739 3084 785 et
3114 730 3405 787 viviﬁcans
3452 742 3542 789 est

1954 824 2090 879 illud
2124 841 2191 880 ex
2215 826 2327 880 Deo
2355 825 2516 879 Patre
2552 823 2818 889 Verbum,
2856 832 3049 894 utpote
3065 839 3134 879 ex
3162 824 3274 879 vita
3324 835 3538 893 natum,

1954 933 2021 973 ex
2042 932 2110 973 eo
2134 932 2331 986 nempe
2355 915 2448 986 qui
2480 915 2671 986 genuit
2696 930 2844 970 eum.
2879 914 3036 981 Quod
3063 914 3110 969 si
3155 914 3231 969 ita
3272 923 3377 980 est,
3405 932 3543 985 quo-

1952 1010 2119 1066 modo
2147 1010 2349 1065 factum
2373 1016 2458 1064 est
2512 1008 2913 1078 primogenitus
2944 1023 3013 1062 ex
3051 1008 3305 1073 mortuis,
3351 1009 3540 1079 etpri-

1952 1103 2122 1159 mitia:
2173 1100 2608 1157 dormientium?
2660 1100 2932 1154 Nimirum
2989 1099 3116 1168 quia
3182 1109 3541 1169 posteaquam

1953 1194 2148 1249 mortis
2177 1193 2548 1263 susceptivam
2574 1205 2798 1247 carnem
2833 1189 3111 1259 propriam
3154 1189 3305 1253 fecit,
3342 1210 3361 1242 ι
3399 1190 3541 1246 Cra—

1955 1284 2028 1338 tia
2081 1284 2212 1348 Dei,
2256 1283 2399 1338 sicut
2449 1283 2585 1337 dicit
2630 1281 3075 1351 sapientissimus
3125 1281 3368 1347 Paulus,
3438 1296 3541 1351 pro

1952 1375 2213 1430 omnibus
2253 1376 2492 1445 gustavit
2528 1384 2762 1429 mortem
2796 1375 2861 1437 ¹¹,
2903 1392 2920 1423 ι
2948 1389 3047 1443 per
3109 1389 3354 1438 carnem,
3408 1389 3533 1444 qua:

1953 1473 2185 1521 mortem
2216 1466 2329 1535 pati
2356 1465 2555 1535 potuit,
2585 1480 2695 1519 non
2726 1463 2905 1534 ipsum
2935 1462 3195 1519 amittens
3230 1465 3531 1534 quominus

1951 1566 2098 1615 esset
2149 1559 2281 1614 vita.
2332 1559 2524 1628 Itaque
2546 1557 2763 1613 etiamsi
2811 1555 3031 1611 dicatur
3079 1571 3246 1610 carne
3313 1572 3536 1626 passum

1952 1666 2095 1717 essu,
2131 1666 2242 1705 non
2268 1658 2465 1704 natura
2491 1649 2713 1703 deitatis
2737 1647 3002 1717 suscipiet
3044 1646 3379 1716 passionem,
3415 1646 3533 1711 sed,

250 1742 424 1811 σαρκὶ
457 1742 706 1797 παθόντα
731 1742 1034 1813 γινώσκων,
1062 1745 1166 1817 ἔφη
1198 1763 1301 1801 που
1330 1749 1460 1820 περὶ
1497 1750 1722 1804 αὐτοῦ’(
1763 1751 1846 1815 Ὡς

1954 1747 2016 1795 ut
2045 1741 2158 1811 jam
2181 1739 2337 1804 dixi,
2380 1739 2544 1809 188
2581 1737 2806 1808 prepria
2834 1752 3025 1801 carne,
3073 1750 3196 1805 quae.
3252 1735 3540 1805 passiones

247 1832 533 1901 πρόϐατον
579 1836 677 1889 ἐπὶ
726 1838 942 1909 σφαγὴν
980 1838 1152 1909 ἢχθη,
1197 1839 1291 1894 καὶ
1331 1838 1408 1903 ὡς
1441 1841 1613 1912 ἀμνὸς
1643 1842 1846 1907 ἄκακος

1953 1834 2121 1904 capit.
2146 1832 2302 1889 Unde
2348 1841 2406 1887 et
2438 1832 2633 1886 beatus
2688 1830 2876 1892 Isaias,
2934 1829 3089 1883 illum
3115 1843 3283 1882 carne.
3319 1841 3541 1896 passum

249 1924 495 1978 ἐναντίον
548 1926 644 1979 τοῦ
703 1928 978 2001 κείροντος
1026 1931 1209 1994 αὐτὸν,
1249 1932 1483 2002 ἄφωνος,
1529 1932 1703 1998 οὕτως
1749 1935 1846 1989 οὐκ

1955 1940 2257 1997 agnoscens
2297 1924 2471 1978 Deum
2520 1937 2643 1977 esse
2694 1922 3079 1985 humanatum,
3117 1919 3187 1974 de
3221 1918 3317 1973 illo
3344 1918 3485 1972 dixit
3522 1936 3538 1975 :

249 2016 461 2085 ἀνοίγει
492 2016 561 2070 τὸ
597 2019 776 2089 στόμα
800 2020 990 2075 αὐτοῦ.
1030 2024 1120 2077 Ἐν
1152 2027 1217 2096 τῇ
1251 2025 1576 2080 ταπεινώσει
1612 2027 1777 2081 αὐτοῦ
1812 2030 1845 2099 ή

249 2108 435 2178 κρίσις
468 2108 641 2163 αὖτοῦ
678 2111 843 2183 ήρθη·
890 2113 990 2186 τὴν
1034 2114 1091 2168 δὲ
1120 2117 1315 2185 γενεάν
1351 2118 1515 2173 αὐτοῦ
1542 2120 1626 2183 τίς
1652 2119 1848 2191 διηγή-

251 2217 446 2267 mat;
484 2202 612 2255 Ὅτι
653 2205 867 2275 αἴρεται
905 2206 1015 2260 ἀπὸ
1052 2208 1153 2279 τῆς
1193 2209 1297 2280 γῆς
1332 2212 1365 2277 ἡ
1421 2210 1534 2283 ζωὴ
1582 2212 1769 2267 αὑτοῦ.
1824 2232 1843 2266 ι

252 2293 450 2348 Καίτοι
473 2295 637 2366 εἴπερ
665 2314 750 2361 τις
776 2292 847 2369 ἦν
880 2299 1189 2371 ἄνθρωπος,
1223 2304 1316 2356 καὶ
1342 2303 1523 2368 ίδικῶς
1559 2304 1849 2376 νοούμενος

251 2385 392 2447 υξδς,
434 2387 789 2457 συνημμένος
841 2389 898 2442 δὲ
946 2390 1088 2461 Θεῷ,
1128 2392 1273 2448 καθά
1309 2411 1474 2463 φασιν
1512 2397 1561 2447 oi
1599 2396 1710 2449 τῶν
1757 2398 1851 2450 ἀν-

252 2478 415 2533 οσίων
435 2478 727 2548 δογμάτων
750 2481 1065 2552 εἰσηγηταὶ,
1086 2484 1202 2548 πῶς
1233 2484 1314 2538 ἔτι
1340 2486 1663 2557 δυσεύρετος
1689 2489 1717 2541 ὁ
1750 2488 1847 2560 τὴν

252 2569 445 2635 γενεὰν
466 2570 640 2624 αὑτοῦ
662 2572 1028 2642 διηγήσασθαι
1054 2575 1380 2646 δυνάμενοςς
1416 2577 1614 2647 Γέγονε
1647 2580 1757 2652 γὰρ
1782 2581 1844 2635 ὲκ

253 2661 575 2734 σπέρματος
638 2665 837 2719 Ἰεσσαὶ
892 2667 987 2719 καὶ
1036 2668 1217 2721 Δαυῖδ.
1265 2670 1376 2741 Τὴν
1411 2670 1469 2724 δέ
1497 2689 1559 2740 γε
1584 2672 1677 2726 τοῦ
1708 2673 1844 2727 Θεοῦ

253 2756 426 2823 Λάγου
452 2756 735 2827 γέννησιν,
764 2758 883 2829 ήτοι
911 2759 1005 2822 τὸν
1043 2761 1142 2830 τῆς
1165 2762 1475 2833 γεννήσεως
1505 2764 1728 2836 τρόπον,
1760 2764 1845 2828 τίς

254 2848 280 2899 ὁ
311 2846 479 2915 φάναι
505 2848 849 2919 δυνάμενοςς
888 2864 909 2902 ι
962 2852 1184 2921 Δίρεται
1222 2854 1332 2926 γάρ
1382 2855 1490 2909 ἀπὸ
1534 2857 1635 2925 τῆς
1675 2857 1842 2928 γῆςὴ

254 2939 364 3010 ζωὴ
409 2938 603 3004 αὐτοῦ,
640 2958 660 2990 ι
686 2940 965 2996 τουτέστιν
996 2944 1030 3013 ή
1052 2943 1306 3015 ὓπαρξιςο
1336 2945 1550 2999 τέθεικε
1578 2947 1687 3015 γὰρ
1720 2948 1843 3001 ἀντὶ

252 3032 348 3100 τῆς
387 3030 681 3102 ὑπάρξεως
734 3033 835 3104 τὴν
894 3034 1065 3105 ζωήν.
1121 3035 1286 3106 Ὑψοῦ
1350 3037 1407 3091 δὲ
1465 3038 1693 3109 διᾴττει,
1748 3041 1844 3094 καὶ

254 3124 624 3194 ὑπερνήχεται
664 3124 792 3189 τοὺς
855 3126 949 3179 ἐπὶ
976 3127 1078 3198 τῆς
1127 3130 1251 3200 γῆς.
1300 3130 1679 3201 Ἀπερινόητος
1709 3132 1839 3203 γὰρ,

256 3216 345 3267 καὶ
368 3215 754 3287 ἀπρόσῦλητος
786 3219 1068 3282 παντελῶς
1097 3222 1220 3284 ταῖς
1247 3221 1554 3291 ἀνθρώπων
1583 3222 1849 3288 διανοίαις

254 3309 280 3359 ό
306 3310 441 3379 περὶ.
454 3309 560 3378 τῆς
588 3310 830 3381 ἀρρήτου
876 3311 1095 3380 φύσεως
1118 3313 1312 3381 Λόγος.
1351 3315 1707 3385 Προσεποίσω
1733 3321 1846 3382 τοῖς

256 3400 596 3470 εἰρημένοις,
636 3401 726 3455 καὶ⁸
768 3402 911 3455 τόδε·
950 3423 969 3454 ι
1014 3398 1111 3467 Εἷς
1149 3405 1375 3477 Κύριος,
1424 3407 1522 3477 μία
1557 3408 1763 3473 πίστις,
1787 3409 1845 3463 ἓν

260 3493 563 3564 βάπτισμα,
602 3513 623 3546 ι
659 3496 803 3550 καθά
831 3513 995 3567 φησιν
1018 3498 1047 3551 6
1080 3498 1374 3571 ἱερώτατος
1414 3500 1647 3566 Παῦλος.
1696 3504 1848 3568 Ἐνὸς

261 3582 344 3639 οὖν
369 3587 527 3649 ὄντος
566 3587 801 3658 Κυρίου,
853 3589 1090 3655 πίστεώς
1132 3608 1193 3645 τε
1242 3593 1393 3663 μιᾶς,
1438 3595 1535 3647 καὶ
1589 3596 1709 3659 ἑνὸς
1750 3595 1847 3667 βα-

264 3680 580 3751 πτίσματῡς,
596 3681 683 3743 τίς
714 3683 743 3735 6
772 3681 998 3753 Κύριος,
1020 3684 1113 3737 καὶ
1138 3686 1218 3748 είς
1251 3684 1371 3738 τίνα
1402 3686 1846 3759 πεπιστεύκαμέν

265 3787 316 3824 τε
341 3775 433 3827 καὶ
459 3773 907 3844 βεϐαπτίσμεθα;
963 3774 1105 3829 Ἀλλ’
1142 3776 1273 3840 ἴσως
1310 3777 1545 3848 πρέπειν
1575 3778 1655 3833 ὅτι
1684 3780 1844 3851 μάλι-

271 3878 356 3916 στα
380 3865 514 3934 wh)
553 3880 645 3927 τις
674 3864 760 3930 ἂν,
791 3865 872 3936 τῷ
900 3868 963 3919 ἐκ
993 3866 1129 3921 Θεοῦ
1172 3868 1387 3939 Πατρὺς
1417 3868 1530 3923 ὄντι
1553 3870 1711 3941 Λόγῳ
1747 3872 1847 3943 τήν

269 3972 321 4007 τε
342 3957 663 4030 κυριότητα,
715 3960 812 4011 καὶ
847 3957 946 4030 τὴν
990 3959 1172 4015 πίστιν
1217 3961 1318 4032 τὴν
1358 3962 1496 4032 πρὸς
1542 3963 1723 4034 ἡμῶν,
1756 3964 1844 4018 ἐπ’

268 4049 399 4120 αὐτῷ
426 4049 485 4102 δὲ
512 4048 814 4115 τελεῖσθαι,
847 4052 943 4103 καὶ
966 4051 1028 4104 τὸ
1062 4053 1329 4123 σωτήριον
1349 4052 1658 4126 βάπτισμα.
1685 4054 1844 4109 Οὕτω

270 4140 362 4209 γάρ
412 4157 521 4193 που
579 4142 695 4203 τοῖς
734 4140 907 4208 ἁγίοις
952 4139 1268 4205 ἀποστόλοις
1309 4143 1611 4198 ἐνετείλατο
1646 4145 1841 4221 λέγων·

275 4251 292 4281 ι
322 4233 681 4303 Πορευθέντες
732 4234 1110 4306 μαθητεύσατε
1141 4236 1318 4291 πάντα
1365 4237 1433 4291 τὰ
1469 4237 1619 4309 ἔθνη,
1645 4238 1844 4310 βαπτί-

273 4324 439 4390 ζοντες
483 4326 687 4390 αὐτοὺς
728 4327 805 4389 είς
854 4326 917 4380 τὸ
964 4328 1132 4399 ὄνομα
1188 4328 1282 4382 τοῦ
1333 4329 1568 4400 Πατρδς,
1604 4330 1700 4384 καὶ
1749 4329 1843 4383 τοῦ

272 4413 409 4482 Υἱοῦ,
449 4417 547 4471 καὶ
577 4415 678 4471 τοῦ
709 4417 866 4485 ἁγίου
905 4418 1245 4489 Πνεύματος.
1283 4440 1301 4472 ι
1336 4420 1403 4474 Ὅ
1421 4437 1484 4488 γε
1511 4420 1619 4491 μὴν
1644 4420 1845 4474 θεσπέ-

1961 2040 1979 2073 ι
2009 2020 2165 2077 Sicut
2188 2021 2307 2076 ovis
2323 2019 2389 2075 ad
2414 2018 2750 2074 occisionem
2770 2018 2971 2072 ductus
2992 2026 3097 2082 est,
3121 2023 3179 2071 et
3200 2016 3345 2070 sicut
3365 2030 3542 2087 agnus

1954 2114 2220 2168 innocens
2270 2126 2460 2166 coram
2515 2109 2780 2164 tondente
2832 2124 2914 2174 sc,
2970 2108 3091 2163 sine
3116 2122 3272 2170 voce,
3319 2106 3399 2162 sic
3427 2122 3539 2161 non

1951 2204 2171 2276 aperuit
2195 2220 2258 2259 os
2281 2218 2463 2259 suum.
2492 2203 2552 2257 ln
2580 2200 2893 2256 humilitate
2919 2199 3383 2273 ipsiusjudicium
3416 2201 3540 2271 ejus

1950 2300 2226 2355 sublatum
2252 2304 2336 2353 est
2366 2315 2379 2350 ε
2411 2304 2469 2353 et
2499 2296 2913 2367 generationem
2940 2293 3060 2365 ejus
3077 2293 3202 2363 quis
3224 2292 3539 2348 enarrabit?

1950 2391 2089 2459 Quia
2146 2390 2359 2444 tollitur
2386 2388 2456 2444 de
2512 2396 2660 2443 terra
2684 2386 2799 2443 vita
2834 2388 2956 2458 ejus
2982 2387 3046 2438 ".
3081 2404 3099 2436 ι
3139 2385 3304 2456 Atqui
3335 2386 3382 2439 si
3437 2385 3541 2439 ali-

1948 2484 2076 2554 quis
2097 2483 2292 2538 fuisset
2320 2481 2506 2547 homo,
2536 2488 2592 2536 et
2625 2479 2857 2535 seorsim
2886 2477 3289 2549 intelligeretur
3341 2477 3535 2542 Filius,

1948 2574 2045 2630 sed
2076 2575 2405 2644 conjunctus
2438 2573 2570 2635 Deo,
2597 2570 2743 2625 sicut
2768 2569 2965 2623 dicunt
2990 2569 3284 2638 impiorum
3313 2566 3538 2639 dogma-

1950 2674 2064 2721 tum
2091 2673 2366 2729 auctores,
2394 2652 2673 2732 quomodo
2701 2662 2815 2731 jam
2841 2660 3061 2715 ditiicile
3086 2659 3418 2729 irrycnietur,
3439 2659 3537 2728 qui

1947 2758 2360 2828 generationem
2386 2756 2508 2825 ejus
2536 2768 2797 2808 enarrare
2819 2750 3038 2820 possit?
3060 2749 3260 2804 Factus
3280 2749 3428 2805 enim
3451 2755 3537 2804 est

1946 2868 2013 2905 ex
2033 2850 2242 2906 semine
2264 2849 2432 2904 Jessa:
2454 2854 2509 2901 et
2535 2844 2707 2900 David
2730 2845 2794 2897 ¹³.
2825 2844 2923 2898 Dei
2949 2852 3135 2897 autem
3158 2842 3327 2897 Verbi
3357 2857 3530 2914 gene-

1945 2943 2239 3006 rationem,
2294 2940 2411 2994 sive
2456 2935 2829 3008 generationis
2872 2934 3121 3000 modum,
3173 2934 3300 3003 quis
3347 2933 3534 2991 dicere

1946 3034 2190 3106 poterit?
2217 3053 2235 3084 ‹
2273 3031 2511 3087 Tollitur
2547 3028 2696 3084 enim
2741 3043 2773 3083 a
2807 3034 2959 3082 terra
2998 3026 3113 3081 vita
3169 3027 3367 3097 ejus,»
3427 3018 3536 3082 huc

1945 3135 2031 3183 est
2054 3124 2371 3183 exsistentia
2398 3141 2411 3178 :
2454 3122 2639 3194 posuit
2674 3121 2827 3175 enim
2860 3135 2962 3190 pro
2990 3118 3312 3174 exsistentia
3342 3119 3532 3173 vitam.

1946 3220 2009 3276 In
2035 3217 2271 3274 sublime
2315 3223 2498 3270 autem
2524 3211 2740 3267 tollitur
2763 3219 2821 3266 et
2876 3209 3245 3281 superfertur,
3295 3210 3536 3264 eminet-

1948 3327 2057 3382 que
2103 3308 2363 3366 omnibus
2408 3306 2503 3376 qui
2544 3304 2758 3359 suntin
2807 3309 2959 3358 terra
2982 3302 3047 3356 “.
3084 3302 3223 3357 Nam
3281 3303 3538 3357 humana:

1947 3406 2122 3463 menti
2156 3418 2339 3474 neque
2364 3395 2888 3469 comprehensibilis
2912 3401 3018 3460 est,
3072 3408 3254 3464 neque
3308 3408 3539 3464 prorsus

1946 3495 2305 3557 accessibilis,
2332 3492 2425 3547 illa
2451 3488 2748 3544 inelfabilis
2768 3494 2984 3541 naturae
3008 3485 3173 3539 ratio.
3218 3482 3537 3549 Quinetiam

1948 3588 2084 3644 illud
2102 3590 2214 3660 jam
2255 3585 2420 3640 dictis
2450 3580 2705 3652 adjiciam
2744 3598 2757 3633 :
2818 3597 2837 3631 ι
2900 3577 3056 3633 Unus
3090 3577 3376 3639 Dominus,
3426 3591 3539 3631 una

1948 3679 2105 3745 ﬁdes,
2119 3692 2291 3733 unum
2308 3674 2599 3745 baptisma,
2623 3690 2642 3721 ι
2666 3668 2961 3726 sicutdicit
2980 3667 3539 3723 sacratissimusPau—

1946 3774 2035 3828 lus
2066 3771 2130 3823 ¹⁸.
2155 3770 2348 3837 Itaque
2376 3780 2504 3821 cum
2531 3778 2675 3818 unus
2708 3762 2782 3817 sit
2801 3760 3092 3825 Dominus,
3118 3769 3175 3815 et
3197 3773 3371 3813 unum
3404 3757 3540 3828 bap-

1951 3859 2133 3921 tisma,
2155 3855 2280 3926 quis
2302 3853 2393 3909 ille
2419 3859 2503 3907 est
2522 3846 2882 3913 Dominus,'et
2906 3850 2962 3904 in
2984 3862 3147 3918 quem
3174 3847 3535 3913 credidimus,

1949 3964 2005 4013 et
2024 3950 2287 4023 baptizati
2310 3947 2546 4005 sumus?
2565 3945 2727 4016 Atqui
2749 3944 2984 3999 maxime
3009 3942 3310 4000 convenire
3335 3941 3538 3997 dixerit

1952 4046 2225 4120 quispiam
2240 4043 2320 4100 illi
2334 4058 2402 4098 ex
2423 4041 2536 4096 Deo
2557 4040 2714 4095 Patre
2730 4038 2909 4095 Verbo
2932 4044 3047 4091 tum
3081 4034 3536 4100 dominationem,

1953 4148 2068 4194 tum
2098 4137 2262 4192 tidem
2299 4149 2339 4189 a~
2365 4132 2525 4187 nobis
2553 4129 2873 4201 praestitam,
2905 4128 2959 4182 in
2993 4128 3114 4197 ipso
3149 4126 3315 4182 etiam
3349 4124 3539 4197 peragi

1949 4233 2187 4287 salutare
2206 4221 2597 4296 baptisma.Sic
2620 4222 2769 4276 enim
2782 4219 2988 4275 sanctis
3001 4217 3266 4290 apostolis
3277 4216 3539 4287 praecepit

1945 4324 2170 4379 dicens:
2206 4339 2223 4373 ι
2247 4320 2456 4375 Euntes
2495 4316 2688 4372 docete
2715 4328 2907 4368 omnes
2943 4322 3153 4385 gentes,
3200 4310 3540 4382 baptizantes

1949 4433 2046 4473 eos
2072 4416 2129 4470 in
2155 4413 2379 4469 nomine
2400 4409 2603 4474 Patris,
2626 4414 2683 4463 et
2706 4406 2853 4471 Filii,
2888 4405 3198 4476 etSpiritus
3215 4403 3389 4459 Sancti
3415 4402 3477 4455 “.
3511 4419 3529 4453 ι

275 4524 369 4572 cro;
399 4510 617 4574 Παῦλος
643 4511 745 4581 τὴν
782 4514 880 4582 τῆς
922 4512 1242 4583 κυριότητος
1280 4513 1461 4579 δόξαν,
1501 4513 1596 4566 καὶ
1637 4514 1736 4585 τῆς
1763 4514 1846 4566 πί-

1950 4508 2224 4565 Caeterum
2256 4503 2477 4558 divinus
2522 4499 2727 4555 Paulus
2776 4495 3170 4552 dominationis
3201 4494 3453 4565 gloriam,
3482 4499 3539 4547 et

278 4615 430 4664 στεως
453 4601 554 4672 τὴν
577 4600 893 4672 ὁμολογίαν,
934 4603 1026 4655 καὶ
1063 4603 1164 4672 τὴν
1209 4600 1301 4655 τοῦ
1342 4603 1501 4670 ἁγίου
1532 4602 1846 4673 βαπτίσμα-

271 4708 348 4755 τος
378 4693 607 4765 δύναμιν
648 4695 864 4763 ἐμφανῆ
911 4693 1223 4763 καθίστησι,
1257 4694 1463 4762 λέγων·
1499 4715 1516 4746 ι
1554 4694 1645 4765 Μὴ
1686 4695 1848 4766 εἴπῃς

275 4781 325 4833 ὲν
352 4786 418 4853 τῇ
458 4784 659 4856 καρδίᾳ
690 4801 806 4836 σου·
849 4784 945 4849 Τίς
985 4785 1316 4855 ἀναϐήσεται
1345 4787 1425 4849 εἱς
1461 4785 1551 4839 τὸν
1585 4787 1844 4857 cuper/6v;

272 4872 500 4925 τουτέστι
518 4874 753 4945 Χριστὸν
770 4877 1129 4943 καταγαγεῖν
1158 4874 1213 4946 ἢ,
1242 4875 1338 4938 Τίς
1365 4875 1736 4945 καταϐήσεται
1769 4878 1848 4941 είς

272 4962 364 5031 τὴν
387 4961 644 5030 ἄδυσσον;
668 4966 917 5020 τουτέστι
943 4965 1179 5038 Χριστὸν
1203 4968 1501 5036 ἀναγαγεῖν
1526 4970 1591 5020 ἐκ
1610 4968 1839 5040 νεκρῶν.

286 5052 433 5109 Ἃ).ὶά
462 5056 514 5110 τί
543 5057 752 5130 λέγειή
790 5058 1015 5132 Γραφή;
1062 5058 1259 5128 Ἐγγύς
1293 5076 1385 5112 σου
1419 5060 1487 5113 τὸ
1509 5059 1662 5132 ῥῆμά
1696 5061 1845 5115 ἐστιν

275 5144 326 5194 ἑν
352 5145 423 5215 τῷ
450 5147 675 5219 στόματί
720 5164 835 5210 σου,
869 5149 964 5201 καὶ
1005 5149 1064 5201 ἐν
1090 5151 1159 5219 τῇ
1208 5149 1408 5221 καρδίᾳ
1449 5167 1562 5205 σου.
1590 5151 1716 5205 Ὅτι
1750 5151 1844 5204 ἐὰν

278 5235 442 5307 εῐπῃς·
471 5238 676 5309 Κύριος
719 5240 952 5310 Ἰησοῦς,
984 5242 1076 5295 καὶ
1106 5242 1402 5313 πιστεύσῃς
1448 5243 1507 5296 ὲν
1539 5245 1605 5314 τῇ
1648 5243 1845 5315 καρδίᾳ

280 5343 386 5389 σου,
413 5331 494 5384 ὅτι
520 5334 548 5384 6
574 5332 711 5396 Θεὸς
747 5333 970 5404 ἤγειρεν
997 5334 1161 5389 αὑτὸν
1196 5337 1260 5388 ὲκ
1292 5335 1525 5407 νεκρῶν,
1560 5335 1801 5409 σωθήσῃ.
1819 5356 1837 5388 ι

280 5417 466 5490 Γράφει
494 5424 551 5478 δὲ
583 5425 768 5480 πάλιν·
813 5445 830 5478 ι
871 5427 985 5482 Οὐκ
1015 5428 1216 5491 οἴδατε,
1244 5430 1327 5483 ὅτι
1364 5429 1477 5482 ὅσοι
1508 5428 1843 5499 ἐϐαπτίσθη-

285 5528 375 5581 μεν
403 5516 474 5583 εἰς
516 5519 757 5589 Χριστὸν
827 5520 1059 5592 Ἰησοῦν,
1104 5524 1187 5586 είς
1246 5521 1338 5575 τὸν
1395 5520 1624 5577 θάνατον
1679 5521 1841 5574 αὑτοῦ

415 5649 614 5725 Coloss.
670 5671 709 5720 l,
770 5656 959 5713 15-17.
1061 5658 1083 5691 ⁸
1121 5658 1260 5714 Ibid.
1306 5660 1391 5713 18.
1496 5659 1516 5690 ⁹
1552 5658 1725 5713 ICor.
1764 5658 1851 5718 15,

511 5714 794 5818 ’.ξ-ὶξιίιι,
828 5727 876 5782 l.
982 5731 1023 5763 ³⁵
1047 5730 1247 5802 Ephes.
1300 5747 1372 5796 tv,
1425 5728 1577 5785 8-10.

360 5788 502 5847 Rom.
520 5809 591 5863 vi,
611 5796 645 5851 5

1887 5656 1975 5710 9.0.
2078 5657 2118 5687 ¹⁰
2150 5653 2361 5709 Coloss.
2395 5667 2434 5714 ι,
2470 5649 2557 5703 18.

1682 5730 1722 5761 ¹⁵
1752 5727 1891 5783 Ibid.
1943 5728 1994 5782 5.

1954 4597 2081 4653 ﬁdei
2131 4594 2555 4657 confessionem,
2623 4597 2681 4645 et
2724 4587 2899 4643 sancti
2951 4584 3212 4656 baptismi
3270 4584 3538 4638 virtutem

1950 4689 2300 4760 perspicuam
2334 4683 2482 4747 facit,
2530 4680 2764 4735 dicens:
2799 4696 2819 4727 ι
2856 4676 2936 4731 Ne
2976 4675 3186 4730 dixeris
3214 4673 3272 4727 in
3322 4672 3491 4727 corde
3521 4690 3535 4727 :

1950 4780 2084 4847 Quis
2111 4776 2372 4834 ascendet
2395 4776 2450 4828 in
2467 4771 2714 4829 coelum?
2756 4771 2862 4824 hoc
2892 4777 2979 4823 est
3030 4765 3315 4821 Christum
3359 4763 3540 4819 dedit-

1950 4890 2117 4939 cere;
2172 4877 2264 4925 aut
2301 4887 2315 4922 :
2364 4866 2499 4935 Quis
2535 4862 2833 4920 descendet
2871 4862 2928 4916 in
2968 4858 3267 4931 abyssum?
3309 4858 3415 4911 hoc
3457 4864 3543 4911 est

1952 4964 2234 5023 Christum
2261 4977 2329 5017 ex
2351 4958 2587 5014 mortuis
2612 4956 2899 5011 reducere.
2925 4951 3034 5009 Sed
3060 4949 3195 5022 quid
3232 4948 3369 5005 dicit
3388 4947 3540 5004 Scri-

1952 5056 2159 5130 ptura?
2187 5055 2363 5124 Prope
2418 5058 2504 5105 est
2534 5048 2767 5104 verbum
2797 5046 2853 5100 in
2881 5058 2980 5100 ore
3019 5048 3136 5107 tuo,
3167 5047 3225 5097 et
3265 5040 3322 5095 in
3372 5038 3542 5095 corde

1953 5159 2067 5205 tuo.
2093 5145 2250 5215 Quod
2273 5144 2318 5201 si
2352 5142 2558 5199 dixeris
2599 5158 2612 5194 :
2640 5138 2910 5195 Dominus
2938 5134 3134 5199 Jesus;
3161 5139 3219 5187 et
3281 5130 3539 5187 credide-

1951 5244 2030 5298 ris
2055 5243 2108 5298 in
2138 5239 2305 5296 corde
2337 5247 2430 5292 tuo
2455 5233 2603 5306 quod
2632 5233 2779 5288 Deus
2805 5231 2985 5300 ipsum
3012 5225 3276 5283 excitavit
3296 5240 3366 5280 ex
3392 5238 3542 5279 mor-

1950 5337 2080 5401 tuis,
2112 5335 2295 5389 salvus
2322 5330 2434 5385 eris
2458 5329 2523 5386 ".
2552 5345 2571 5378 ι
2606 5323 2812 5380 Scribit
2834 5321 3001 5377 etiam
3026 5319 3228 5373 iterum
3257 5333 3286 5399 ε
3305 5335 3323 5368 ι
3351 5313 3543 5370 Nesci-

1952 5429 2022 5485 tis
2056 5426 2203 5499 quod
2247 5425 2562 5495 quicunque
2616 5414 2881 5488 baptizati
2926 5427 3118 5471 sumus
3162 5410 3216 5465 in
3254 5406 3541 5464 Christum

1951 5521 2160 5583 Jesum,
2191 5518 2246 5572 in
2282 5522 2516 5570 mortem
2552 5513 2672 5584 ejus
2709 5506 2976 5580 baptizati
3014 5509 3206 5563 s'umus
3235 5501 3311 5557 “?
3346 5520 3364 5554 ι
3398 5500 3542 5556 Ecca

2670 5644 2710 5677 ¹⁹
2744 5645 2913 5700 llebr.
2954 5660 3011 5709 ιι,
3047 5642 3099 5697 9.
3202 5640 3241 5671 ⁸³
3283 5637 3386 5693 lsa.
3421 5650 3537 5709 tiu.

2112 5703 2433 5778 “vii—aliti]:
2461 5734 2648 5784 xxmr,
2719 5716 2807 5784 18,"
2843 5715 2929 5771 19.
2999 5703 3006 5709 ’
3040 5714 3080 5746 ³⁷
3107 5714 3247 5769 Bom
3312 5724 3369 5776 ι,
3410 5703 3536 5761 6-9ο
