4044 6212
524 306 631 363 315

1539 311 1595 368 S.
1638 313 1911 372 CYRILLI
1949 317 2418 382 ALEXANDRINI
2453 328 2774 387 ARCIIIEP.

3686 342 3788 399 516

520 420 633 491 jam
667 419 952 476 manifeste
991 427 1104 475 tum
1135 421 1545 489 dominationis,
1579 432 1692 479 tum
1727 426 1854 482 ﬁdei
1889 429 2106 484 confes-

2212 434 2650 510 ἐ6απτίσθημεν;
2706 461 2724 493 ι
2789 443 2918 496 Ἰδοὺ
2961 443 3024 514 δὴ
3058 444 3243 513 σαφῶς
3275 449 3618 520 περιΐστησιν
3641 455 3790 510 εὐτέ-

525 512 758 577 sionem,
791 513 953 582 189
983 514 1265 583 ipsamque
1296 514 1470 568 sancti
1503 515 1848 585 baptismatis
1879 521 2117 590 gratiam

526 604 585 658 in
606 619 734 658 eum
762 604 1168 673 sapientissime
1197 605 1500 676 restringit,
1531 607 1624 676 qui
1648 624 1842 678 passus
1863 620 1947 666 est
1968 628 2113 668 mor-

525 701 659 758 tem,
685 701 740 748 et
780 696 1086 749 resurrexit
1127 711 1160 749 ει
1206 695 1458 751 mortuis.
1497 697 1641 752 Num
1685 700 1851 770 igitur
1884 702 1942 757 in
1973 703 2112 760 duos

525 783 806 838 credimus
851 785 1028 839 ﬁlios?
1073 785 1216 840 Num
1265 786 1468 853 Verbo,
1509 789 1654 858 quod
1699 807 1767 845 ex
1800 792 1912 847 Deo
1953 794 2111 851 Patre

523 873 754 939 eﬁulsit,
797 877 1187 944 praetermisso,
1228 878 1281 932 ei
1324 879 1420 949 qui
1459 894 1654 950 passus
1699 890 1802 947 est,
1851 890 2110 955 tanquam

524 965 684 1020 alteri
723 965 836 1021 ﬁlio
869 967 938 1022 ab
974 984 1041 1022 eo
1076 969 1316 1036 diverso,
1348 970 1741 1028 dominationis
1770 975 2019 1045 gloriam,
2055 985 2111 1032 et

525 1056 700 1128 ipsius
722 1073 942 1128 quoque
967 1059 1092 1114 ﬁdei
1119 1061 1540 1129 confessionem,
1566 1072 1622 1119 et
1665 1067 1886 1121 caeleste
1927 1068 2108 1138 bapti-

527 1162 642 1202 sma
671 1151 1078 1206 attribuemus?
1109 1153 1272 1223 Atqui
1298 1155 1574 1224 quomodo
1601 1173 1711 1212 non
1737 1158 1808 1214 sit
1827 1159 2107 1227 stolidum,

527 1239 640 1295 imo
664 1258 796 1297 vero
822 1243 990 1298 etiam
1019 1244 1398 1302 indubitanter
1429 1246 1678 1317 impium,
1701 1249 1781 1304 sic
1807 1264 2000 1321 sapere
2022 1253 2110 1307 vel

525 1330 744 1386 dicere?
772 1331 915 1399 Quid
940 1334 1108 1404 igitur
1132 1335 1412 1391 dicemus?
1443 1355 1462 1388 ι
1496 1338 1648 1393 Unus
1671 1339 1940 1395 Dominus
1956 1327 2128 1407 vere,

525 1437 744 1493 unaque
785 1424 942 1491 ﬁdes,
975 1435 1032 1482 et
1080 1443 1253 1482 unum
1299 1429 1569 1499 baptisma
1603 1430 1668 1486 ‘9.
1704 1451 1722 1482 ι
1765 1431 1981 1486 Etenim
2027 1440 2111 1488 est

525 1531 671 1571 unus
695 1517 866 1572 Filius
890 1526 946 1574 et
971 1520 1256 1587 Dominus,
1288 1537 1398 1576 non
1432 1523 1580 1592 quod
1609 1524 1889 1580 hominem
1914 1541 2111 1582 secun-

524 1608 655 1663 dum
698 1611 1102 1679 copulationem
1144 1615 1452 1684 susceperit
1493 1617 1754 1683 Verbum,
1788 1626 1844 1672 et
1883 1619 2108 1688 partici-

522 1715 649 1770 pem
676 1701 832 1754 illum
871 1717 1096 1757 suarum
1130 1704 1458 1775 dignitatum
1496 1707 1764 1773 effecerit,
1794 1717 1850 1763 et
1886 1708 2109 1764 ﬁliatio-

523 1807 651 1846 nem
698 1808 763 1847 ac
810 1793 1243 1851 dominationem
1293 1797 1371 1851 illi
1421 1799 1933 1865 communicaverit,
1970 1801 2110 1856 sicut

525 1879 719 1935 dicunt
748 1891 805 1937 et
828 1883 1168 1952 scripserunt
1193 1886 1420 1956 quidam
1447 1887 1774 1956 delirantes;
1807 1891 1903 1946 sed
1929 1892 2110 1961 ipsum

523 1988 594 2026 ex
617 1973 729 2026 Deo
753 1973 1016 2040 Verbum,
1039 1975 1176 2031 illud
1202 1977 1389 2034 lumen
1411 1979 1478 2035 de
1503 1980 1733 2047 lumine,
1762 1982 2110 2038 incarnatum

523 2073 580 2118 et
603 2064 768 2120 homo
792 2066 1019 2122 factum.
1047 2068 1107 2123 In
1141 2069 1308 2141 hujus
1337 2080 1570 2127 mortem
1607 2074 1869 2144 baptizati
1898 2091 2106 2142 sumus,

523 2154 618 2223 qui
646 2170 841 2225 passus
873 2158 1098 2227 quidem
1132 2159 1250 2230 ipse
1274 2170 1358 2216 est
1379 2165 1684 2220 secundum
1709 2166 2111 2223 humanitatem

523 2242 581 2297 in
629 2245 852 2315 propria
903 2262 1097 2315 carne;
1146 2251 1348 2305 mansit
1390 2265 1575 2308 autem
1629 2256 1985 2326 impassibilis
2020 2274 2108 2314 se-

523 2336 768 2391 cundum
796 2337 1079 2405 deitatem,
1105 2351 1162 2396 et
1181 2341 1316 2397 vivit
1341 2359 1581 2415 semper.
1610 2347 1733 2402 Vita
1754 2349 1901 2403 enim
1926 2360 2010 2406 est
2043 2367 2112 2406 ex

523 2425 658 2490 vita,
700 2443 766 2481 ex
803 2428 917 2483 Deo
945 2445 1146 2501 nempe
1198 2439 1256 2487 et
1298 2433 1478 2490 Patre.
1521 2436 1611 2491 Sic
1635 2438 1777 2493 victa
1816 2449 1901 2494 est
1938 2457 2106 2506 mors,

521 2532 646 2585 qua:
681 2519 740 2572 in
769 2520 896 2575 vita:
929 2537 1135 2592 corpus
1170 2523 1379 2580 insilire
1412 2542 1544 2581 ausa
1575 2537 1661 2584 est
1694 2548 1706 2583 :
1739 2531 1819 2586 sic
1849 2532 2014 2586 etiam
2052 2533 2110 2588 in

522 2606 685 2661 nobis
734 2611 1018 2680 corruptio
1067 2612 1394 2682 destruitur,
1443 2626 1500 2673 et
1550 2620 1862 2678 inﬁrmatur
1915 2627 2111 2682 mortis

523 2695 696 2766 ipsius
718 2698 1031 2768 imperium.
1058 2705 1295 2762 Proinde
1317 2707 1537 2764 dicebat
1555 2710 1842 2769 Christus:
1872 2735 1887 2766 ‹
1912 2717 2106 2783 Amen,

521 2803 683 2844 amen
713 2789 838 2846 dico
867 2794 1044 2860 vobis,
1079 2797 1185 2852 nisi
1229 2800 1696 2860 manducaveritis
1733 2822 1953 2863 carnem
1987 2811 2110 2866 Filii

523 2878 784 2948 hominis,
807 2889 864 2937 et
889 2883 1146 2942 biberitis
1171 2889 1290 2959 ejus
1319 2894 1664 2962 sanguinem,
1694 2912 1804 2951 non
1837 2899 2110 2957 habebitis

521 2970 694 3026 vitam
730 2974 785 3026 in
824 2976 981 3031 vobis
1012 2977 1148 3047 ipsis
1174 2980 1239 3032 ¹⁰.
1281 3001 1300 3032 ›
1342 2983 1571 3040 Viviﬁca
1611 2987 1780 3057 igitur
1814 3000 1943 3045 sunt
1981 3009 2107 3047 san-

523 3069 673 3116 ctum
705 3080 907 3136 corpus
931 3077 986 3122 et
1015 3073 1238 3141 sanguis
1267 3059 1495 3130 Christi.
1522 3077 1736 3149 Corpus
1765 3084 1934 3151 enim,
1969 3088 2110 3143 sicut

523 3151 657 3218 dixi,
685 3163 770 3208 est
795 3172 904 3210 non
937 3158 1178 3216 hominis
1210 3164 1496 3234 cujusdam
1534 3170 1627 3238 qui
1658 3173 1786 3228 vita:
1826 3175 1897 3229 sit
1934 3180 2106 3246 parti-

524 3259 680 3313 ceps;
712 3245 824 3302 imo
850 3265 981 3304 vero
1013 3254 1301 3323 proprium
1330 3257 1477 3314 illius
1499 3270 1584 3317 est
1609 3267 1912 3322 secundum
1937 3245 2110 3327 natu—

523 3352 641 3390 ram
684 3339 843 3406 vitm,
896 3342 1072 3412 ipsius
1108 3346 1370 3403 nimirum
1420 3352 1721 3424 Unigeniti.
1762 3359 1889 3416 Haec
1941 3365 2109 3420 sentit

523 3428 812 3486 nobiscum
848 3437 1260 3496 amantissimus
1292 3441 1495 3499 Christi
1536 3457 1850 3504 sanctorum
1883 3454 2109 3512 Patrum

523 3521 746 3589 chorus,
773 3535 830 3580 et
871 3527 1009 3596 ipse,
1045 3531 1140 3599 qui
1173 3548 1320 3588 nunc
1363 3546 1564 3594 sanctae
1601 3538 2108 3616 Constantinopoli-

524 3621 664 3669 tana
695 3617 956 3674 Ecclesia:
1001 3622 1262 3678 thronum
1289 3637 1539 3692 exornat,
1571 3632 2016 3702 religiosissimus
2055 3649 2110 3695 et

524 3702 900 3771 picntissimus
927 3709 1101 3764 frater
1128 3721 1184 3767 et
1220 3715 1578 3787 coepiscOpus
1607 3720 1852 3778 Proclus.
1880 3725 2110 3798 Scripsit

523 3794 672 3848 enim
705 3804 762 3851 et
793 3799 909 3868 ipse
955 3803 1022 3856 ad
1067 3806 1366 3866 orientales
1406 3809 1686 3878 piissimos
1724 3817 2012 3888 episcopos
2053 3823 2110 3876 in

524 3887 642 3942 haec
681 3891 850 3946 verba
886 3911 898 3945 :
935 3893 1002 3948 Et
1043 3895 1365 3952 incarnatur
1409 3900 1617 3972 absque
1662 3887 2022 3967 conversione
2064 3913 2111 3968 is

523 3979 618 4046 qui
658 3982 862 4049 speciei
903 3991 988 4039 est
1026 4001 1255 4057 expers;
1303 3993 1550 4047 nascitur
1584 4004 1767 4050 autem
1787 4002 2108 4057 secundum

523 4085 745 4127 carnem
779 4077 873 4145 qui
905 4078 1180 4150 principio
1204 4092 1387 4151 caret;
1417 4087 1636 4154 proﬁcit
1669 4106 1801 4146 vero
1831 4109 1928 4162 per
1961 4095 2108 4151 illam

523 4163 828 4219 secundum
872 4181 1074 4237 corpus
1110 4181 1348 4239 (etatem,
1393 4178 1490 4245 qui
1531 4188 1727 4236 natura
1774 4185 2111 4253 perfectissi-

522 4269 646 4308 mus
671 4263 789 4322 est;
827 4266 883 4311 et
915 4261 1199 4328 passiones
1225 4266 1482 4333 sustinet,
1514 4272 1608 4339 qui
1647 4275 1999 4342 passionibus
2027 4289 2111 4334 est

522 4346 808 4414 superior;
839 4364 950 4402 non
981 4366 1048 4405 eo
1074 4355 1220 4422 quod
1250 4366 1389 4423 erat,
1418 4361 1697 4418 sustinens
1723 4370 2106 4437 contumelias,

2212 545 2356 597 χνως
2379 530 2477 600 τῆς
2510 548 2568 584 τε
2603 534 2939 604 κυριότητος,
2971 537 3063 588 καὶ
3093 535 3192 604 τῆς
3218 537 3454 605 πίστεως
3480 542 3579 613 τὴν
3600 546 3791 616 ὁμολοο

2212 624 2358 692 γίαν,
2382 625 2476 679 καὶ
2509 627 2679 698 αὐτὴν
2707 630 2762 682 δέ
2791 631 2890 699 τὴν
2931 631 3024 684 τοῦ
3072 633 3232 701 ἁγίου
3279 634 3656 708 βαπτίσματος
3691 640 3788 708 χὰ-

2214 730 2320 784 ριν,
2343 716 2424 778 είς
2442 717 2532 768 τὸν
2555 717 2796 771 παθόντα
2819 720 2910 774 τὸν
2931 719 3160 774 θάνατον
3193 723 3286 775 καὶ
3325 724 3696 796 ἐγηγερμένον
3726 729 3790 780 ἐκ

2213 803 2440 874 νεκρῶν.
2491 800 2638 876 *Λρα
2683 802 2775 862 οὖν
2815 809 2894 872 είς
2937 810 3085 872 υἱοὺς
3119 811 3450 883 πιστεύομεν
3485 815 3611 880 δύος
3643 811 3792 886 Ἀρα

2209 893 2302 947 τὸν
2341 895 2406 948 ἐκ
2437 894 2572 949 Θεοῦ
2621 898 2834 969 Πατρὸς
2873 899 3306 972 ἀπαπράψαντα
3337 905 3793 976 παραδραμόντες

2210 985 2404 1054 Λόγον,
2443 987 2519 1052 ὡς
2555 988 2655 1059 υίῷ
2685 991 2816 1061 παρ’
2841 991 3005 1045 αὑτὸν
3029 993 3222 1064 ἑτέρῳ,
3261 993 3338 1064 τῷ
3364 995 3590 1049 παθόντι
3619 1014 3792 1070 προσ-

2211 1078 2420 1150 άῲομεν
2457 1081 2554 1153 τὴν
2582 1083 2681 1153 τῆς
2713 1085 3034 1155 κυριότητος
3059 1085 3242 1151 δόξαν,
3274 1087 3367 1139 καὶ
3400 1088 3570 1157 αὐτῆς
3604 1087 3660 1141 δέ
3691 1090 3794 1157 τῆς

2212 1171 2452 1236 πίστεως
2481 1173 2580 1245 τὴν
2614 1175 2927 1245 ὁμολογίαν,
2958 1176 3053 1230 καὶ
3084 1176 3144 1229 τὸ
3172 1178 3426 1250 οὐράνιον
3461 1180 3747 1250 βάπτισμα
3774 1196 3792 1246 ;

2211 1257 2347 1316 Εἶτα
2380 1265 2498 1328 πῶς
2528 1265 2628 1318 οὐκ
2667 1265 2881 1337 εὔηθες,
2931 1268 3130 1337 μᾶλλον
3168 1269 3246 1335 δὲ,
3281 1271 3374 1336 καὶ
3405 1271 3796 1340 ἀναμφιλόγως

2211 1355 2498 1421 δυσσεϐὲς,
2544 1357 2606 1410 τὸ
2653 1357 2795 1411 οὕτω
2825 1363 3043 1431 φρονεῖν
3074 1361 3106 1431 ἢ
3142 1361 3361 1430 λέγειν;
3411 1362 3477 1416 Τί
3507 1358 3600 1416 οῦν
3633 1363 3796 1433 ἐροῦ-

2215 1465 2348 1518 μεν;
2388 1467 2406 1500 ι
2443 1443 2538 1512 Εἷς
2581 1451 2786 1520 Κύριος
2839 1451 3076 1522 ἀληθῶς,
3130 1454 3229 1524 μία
3271 1471 3331 1506 τε
3374 1453 3576 1522 πίστις,
3607 1456 3703 1508 καὶ⁸
3737 1457 3798 1508 ἒν

2214 1538 2520 1610 βάπτισμα.
2570 1560 2588 1591 ι
2629 1543 2741 1596 Καὶ
2782 1543 2891 1614 γάρ
2935 1547 3082 1601 ἐστιν
3129 1543 3211 1612 εἷς
3263 1549 3406 1616 Υἱὸς,
3445 1550 3538 1602 καὶ
3567 1550 3793 1621 Κύριος,

2211 1631 2314 1684 οὐκ
2353 1632 2640 1703 ἄνθρωπον
2673 1634 2817 1688 κατὰ
2865 1639 3161 1708 συνάφειαν
3197 1640 3375 1694 λαϐὼν
3405 1642 3433 1693 6
3467 1642 3656 1710 Λόγος,
3699 1643 3798 1695 καὶ

2218 1722 2440 1792 μέτοχον
2483 1723 2649 1777 αὐτὸν
2681 1725 2968 1797 ἀποφήνας
3009 1730 3104 1783 καὶ
3143 1730 3284 1784 ίδίων
3324 1731 3670 1802 ἀξιωμάτων,
3700 1735 3798 1786 καὶ

2217 1812 2479 1882 μεταδοὺς
2529 1815 2778 1887 υίότητός
2820 1835 2879 1870 τε
2934 1819 3028 1873 καὶ
3079 1822 3400 1892 κυριότητος
3440 1823 3610 1893 αὐτῷ,
3651 1823 3800 1878 καθά

2213 1923 2347 1974 φασι
2388 1906 2484 1959 καὶ
2527 1909 2837 1979 γεγράφασι
2891 1910 3185 1982 ληροῦντές
3245 1930 3411 1976 τινες
3464 1914 3580 1967 ἀλλ’
3609 1914 3798 1986 ,αὐτὸς

2213 1997 2645 2069 ἐνανθρωπήσας
2689 2000 2785 2054 καὶ
2826 2001 3131 2071 σαρκωθεὶς
3177 2005 3204 2055 6
3247 2005 3310 2057 ἐκ
3351 2003 3484 2057 Θεοῦ
3513 2005 3707 2074 Λόγος,
3736 2005 3800 2058 τὸ

2215 2092 2328 2160 φῶς
2361 2091 2422 2144 τὸ
2471 2092 2536 2144 ἐκ
2580 2092 2777 2163 φωτός.
2812 2094 2907 2156 Εἰς
2931 2093 3024 2148 τὸν
3053 2094 3243 2147 τούτου
3275 2095 3505 2150 θάνατον
3539 2097 3800 2166 βεϐαπτί-

2214 2182 2413 2250 σμεθα,
2451 2183 2718 2247 παθόντος
2751 2183 2851 2250 μὲν
2885 2184 3241 2255 ἀνθρωπίνως
3267 2187 3430 2240 αὐτοῦ
3465 2187 3572 2258 ἰδίᾳ
3604 2191 3801 2258 σαρκὶ,

2216 2275 2587 2346 μεμενηκότος
2634 2275 2691 2328 δὲ
2738 2274 2985 2340 ἀπαθοῦς
3031 2277 3252 2343 θεῖκῶς,
3310 2280 3404 2332 καὶ
3451 2278 3653 2342 ζῶντος
3685 2280 3795 2337 ἀεί.

2211 2367 2333 2436 Ζωὴ
2363 2368 2470 2439 γάρ
2493 2370 2640 2422 ἐστιν
2670 2368 2735 2421 ἐκ
2778 2366 2926 2439 ζωῆς
2954 2368 3047 2422 τοῦ
3088 2369 3222 2422 Θεοῦ
3257 2370 3350 2422 καὶ
3373 2370 3608 2441 Πατρός.
3637 2368 3798 2422 Οὕτω

2212 2457 2489 2528 νενίκηται
2517 2459 2765 2524 θάνατος,
2801 2461 3137 2531 ἐπιπηδῆσαι
3169 2461 3445 2532 τολμήσας
3471 2462 3550 2533 τῷ
3584 2461 3797 2532 σώματι

2211 2545 2310 2615 τῆς
2331 2542 2496 2614 ζωῆς·
2529 2549 2883 2618 καταργεῖται
2903 2549 2961 2601 δὲ
2986 2549 3148 2614 οὕτω,
3175 2550 3267 2602 καὶ
3291 2551 3349 2603 ἐν
3378 2552 3508 2620 ἡμῖν
3529 2553 3560 2620 ἡ
3593 2551 3795 2623 φθορὰ,

2213 2639 2306 2691 καὶ
2344 2638 2510 2692 αὐτοῦ
2551 2639 2645 2693 τοῦ
2679 2640 2913 2694 θανάτου
2945 2641 3006 2695 τὸ
3039 2641 3241 2712 κράτος
3272 2642 3511 2697 ἀσθενεῖ.
3548 2644 3655 2696 Καὶ
3687 2646 3799 2714 μὴν

2213 2731 2316 2803 ἔφη
2350 2732 2604 2804 Χριστός·
2643 2752 2662 2786 ι
2721 2733 2916 2806 Ἀμὴν,
2965 2735 3134 2806 ἀμὴν,
3181 2735 3324 2802 λέγω
3371 2736 3531 2806 ὑμῖν,
3580 2736 3675 2790 ἐὰν
3721 2737 3799 2808 μὴ

2213 2824 2425 2894 φάγητε
2452 2824 2551 2896 τὴν
2576 2825 2754 2898 σάρκα
2769 2827 2862 2880 τοῦ
2889 2827 3018 2881 Υίοῦ
3040 2827 3134 2880 τοῦ
3167 2827 3478 2899 ἀνθρώπου,
3507 2830 3600 2882 καὶ
3633 2830 3798 2900 πίητε

2212 2915 2378 2968 αὑτοῦ
2415 2917 2476 2970 τὸ
2522 2912 2680 2989 αἷμα,
2719 2919 2820 2972 οὐκ
2863 2918 3016 2990 ἔχετε
3060 2920 3203 2990 ζωὴν
3233 2921 3290 2974 ἐν
3327 2921 3558 2984 ἑαυτοῖς.
3597 2939 3614 2973 ι
3646 2924 3796 2974 Ζωο-

2213 3005 2365 3059 ποιὸν
2388 3001 2480 3060 οὖν
2498 3008 2606 3079 ἄρα
2635 3008 2696 3060 τὸ
2720 3007 2874 3075 ἆγιον
2903 3009 3083 3080 σῶμα,
3118 3009 3211 3062 καὶ
3241 3002 3381 3079 αἷμα
3409 3008 3504 3062 τοῦ
3535 3009 3796 3080 Χριστοῦ.

2214 3095 2380 3165 Σῶμα
2404 3095 2533 3168 γὰρ,
2570 3097 2644 3160 ὡς
2669 3096 2826 3168 ἔφην,
2868 3097 3016 3150 ἐστὶν
3045 3097 3145 3149 οὐκ
3171 3095 3458 3166 ἀνθρώπου
3483 3095 3629 3160 τινος
3665 3114 3800 3167 μετ-

2210 3187 2336 3256 όχου
2362 3189 2508 3257 ζωῆς
2532 3228 2546 3250 ,
2591 3189 2720 3242 ἴδιον
2748 3189 2803 3242 δὲ
2842 3188 3042 3260 μᾶλλον
3100 3189 3198 3260 τῆς
3236 3189 3378 3243 κατά
3422 3189 3582 3258 φύσιν
3625 3188 3795 3259 ζωῆς,

2207 3278 2366 3345 δῆλον
2418 3279 2474 3333 δὲ
2516 3281 2600 3334 ὅτι
2653 3280 2748 3333 τοῦ
2803 3281 3165 3350 Μονογενοῦς.
3208 3279 3392 3334 Ταῦτα
3440 3284 3630 3352 φρονεῖ
3672 3282 3797 3352 μεθ’

2207 3368 2365 3439 ἡμῶν
2393 3371 2420 3422 6
2451 3369 2794 3440 φιλόχριστος
2827 3371 2936 3424 τῶν
2986 3371 3154 3441 ἁγίων
3206 3371 3464 3443 Πατέρων
3495 3372 3673 3442 χορὸς,
3701 3374 3798 3425 καὶ

2209 3461 2370 3524 αὐτὸς
2400 3461 2457 3514 δὲ
2491 3463 2518 3514 6
2553 3463 2670 3516 νυνὶ
2699 3463 2789 3516 τὸν
2817 3464 2916 3533 τῆς
2951 3463 3110 3531 ἁγίας
3141 3463 3797 3517 Κωνσταντινουπολιτῶν

2221 3552 2549 3624 Ἐκκλησίας
2610 3557 3040 3626 κατακοσμήσεις
3091 3555 3320 3625 θρόνον,
3365 3554 3660 3617 ὁσιώτατος
3699 3558 3798 3610 καὶ

2211 3643 2634 3710 θεοσεϐέστατος
2680 3647 2928 3716 ἁδελφὸς,
2969 3647 3062 3700 καὶ
3102 3648 3502 3712 συνεπίσκοπος
3533 3648 3795 3720 Πρόκλος.

2210 3736 2457 3808 Γέγραφε
2504 3738 2637 3810 γὰρ,
2675 3740 2767 3792 καὶ
2799 3739 2962 3801 αὐτὸς
2988 3739 3125 3808 πρὸς
3153 3741 3280 3802 τοὺς
3314 3739 3411 3809 τῆς
3442 3739 3583 3808 ἐῴας
3616 3740 3799 3809 θεοφι-

2209 3827 2498 3894 λεστάτους
2535 3830 2870 3892 ἐπισκόπους
2911 3829 3100 3892 αὑταῖς
3128 3829 3336 3894 λέξεσιν
3364 3822 3486 3881 ὧδε·
3517 3829 3626 3883 Καὶ
3663 3846 3800 3900 σαρ·

2210 3918 2398 3972 κοῦται
2422 3920 2519 3989 μέν
2537 3921 2820 3991 ἀτρέπτως
2847 3923 2874 3974 6
2901 3920 3155 3984 ἀνείδεος·
3187 3921 3431 3974 τίκτεται
3456 3922 3512 3974 δέ
3541 3922 3636 3974 καὶ
3655 3921 3803 3975 κατά

2212 4009 2389 4081 σάρκα
2435 4013 2463 4064 6
2509 4013 2763 4083 ἄναρχοςο
2801 4013 3193 4083 προκόπτειδέ
3238 4016 3303 4084 τῇ
3353 4014 3494 4067 κατά
3533 4013 3594 4066 τὺ
3639 4013 3803 4082 σῶμα

2209 4101 2400 4172 ἡλικίᾳ
2446 4103 2474 4156 6
2523 4104 2685 4171 φύσει
2729 4104 3078 4168 παντέλειος·
3127 4106 3222 4158 καὶ
3273 4106 3463 4159 παθῶν
3490 4106 3743 4177 ἀνέχεται
3771 4109 3802 4159 6

2212 4191 2399 4246 παθῶν
2447 4193 2736 4266 ἁνώτερος,
2767 4197 2864 4266 ούχ
2909 4189 2953 4264 ᾧ
2991 4192 3059 4268 ἦν
3102 4197 3403 4268 ὑπομείνας
3447 4200 3545 4263 τὰς
3589 4200 3799 4271 ὕϐρεις,

2213 4283 2326 4335 ἀλλ’
2361 4277 2404 4350 ᾧ
2437 4285 2631 4352 γέγονε
2668 4287 3108 4358 καταδεξάμενος
3128 4290 3196 4343 τὰ
3220 4290 3314 4343 τοῦ
3342 4291 3595 4361 σώματος
3620 4292 3796 4363 πάθη.

2225 4374 2541 4445 Ἐλέγχεται
2587 4377 2766 4432 τοίνυν
2797 4378 2906 4432 τῶν
2948 4381 3111 4451 ἐτερα
3146 4383 3296 4452 παρά
3327 4383 3498 4436 ταῦτα
3533 4384 3801 4453 φρονούν-

521 4437 618 4491 sed
660 4437 716 4491 in
748 4454 816 4494 eo
847 4442 993 4510 quod
1029 4443 1210 4502 factus
1236 4458 1342 4512 est,
1373 4453 1681 4522 suscipiens
1713 4460 1960 4528 corporis
1984 4478 2108 4531 pas-

2214 4485 2322 4520 των
2355 4467 2386 4537 ἢ
2428 4469 2784 4538 γεγραφότων
2815 4472 2848 4541 ή
2876 4473 3227 4540 κακοπιστία,
3262 4472 3532 4543 πανταχοῦ
3562 4473 3806 4528 νοσοῦσα

521 4528 726 4584 siones.
760 4530 1289 4609 Coarguiturigitur
1321 4543 1550 4612 perﬁdia
1579 4546 1886 4616 hominum,
1917 4528 2011 4622 qui
2042 4555 2111 4610 ab

522 4620 612 4676 his
638 4621 856 4680 diversa
887 4627 973 4681 vel
1006 4629 1249 4698 sapiunt,
1283 4633 1368 4688 vel
1401 4635 1766 4706 scripserunt,
1796 4620 1950 4711 quod
1985 4645 2109 4700 ubi--

523 4729 630 4782 que
665 4716 893 4784 profana
926 4719 1245 4790 impuritate
1287 4725 1522 4795 laboret,
1553 4739 1610 4784 et
1642 4746 1674 4785 a
1717 4734 1966 4792 veritatis
2012 4738 2110 4793 do-

523 4805 800 4872 gmatibus
830 4809 1095 4866 dissonet.

597 4897 756 4967 19o
794 4900 1090 4972 Postquam
1119 4913 1304 4961 autem
1343 4908 1650 4970 beatissimi
1675 4916 1865 4973 Patres
1893 4934 2108 4975 sermo-

523 5001 649 5041 nem
685 4988 753 5044 de
784 4989 1004 5048 Christo
1045 4996 1420 5066 absolverunt,
1459 5003 1700 5074 Spiritus
1736 5010 1928 5078 sancti
1953 5027 2107 5066 men-

523 5077 730 5133 tionem
764 5080 991 5140 faciunt.
1023 5085 1263 5145 Credere
1296 5107 1533 5164 namque
1574 5113 1632 5152 se
1671 5099 1726 5152 in
1763 5077 1920 5154 illum
1947 5102 2102 5157 dixe-

523 5180 672 5236 runt,
705 5173 870 5229 simili
903 5179 1068 5234 modo
1101 5181 1360 5238 videlicet
1386 5193 1446 5238 ut
1479 5186 1534 5240 in
1561 5188 1775 5244 Patrem
1798 5200 1853 5245 et
1879 5193 2096 5248 Filium.

523 5262 619 5315 Est
642 5265 790 5318 enim
819 5267 950 5336 ipsis
979 5274 1491 5343 consubstantialis;
1520 5286 1575 5330 et
1605 5279 1957 5346 profunditur
1979 5285 2101 5353 qui-

521 5352 669 5418 dem,
699 5355 803 5409 hdc
833 5366 919 5413 est
951 5365 1198 5430 procedit
1237 5367 1378 5421 sicut
1417 5385 1446 5422 a
1474 5369 1624 5424 fonte
1659 5370 1770 5426 Deo
1809 5382 1864 5426 et
1908 5352 2098 5441 Patre;

524 5443 789 5500 tribuitur
806 5459 992 5505 autem
1015 5464 1279 5513 creatura:
1303 5475 1403 5528 per
1431 5461 1649 5516 Filium.
1681 5463 1834 5519 Unde
1864 5465 2104 5522 insullla-

524 5533 603 5586 vit
635 5534 692 5589 in
734 5550 953 5595 sanctos
987 5547 1285 5614 apostolos,
1317 5550 1507 5607 dicens
1544 5571 1556 5606 :
1597 5573 1613 5605 ι
1651 5554 1895 5625 Accipite
1927 5558 2102 5627 Spiri-

607 5729 644 5763 ¹⁹
670 5731 851 5804 Ephes
900 5752 972 5791 IV.
1009 5738 1042 5792 5
1139 5743 1182 5772 ²⁰
1209 5742 1363 5801 Joan.
1401 5764 1474 5815 vx,
1506 5750 1592 5803 5-1.

2213 4560 2276 4612 τὸ
2314 4560 2571 4633 βέϐηλον,
2618 4563 2712 4618 καὶ
2744 4563 2806 4616 τὸ
2848 4566 2962 4628 τοῖς
3001 4565 3101 4636 τῆς
3135 4565 3391 4638 ἀληθείας
3431 4565 3635 4636 ἀπᾷδον
3675 4565 3805 4636 δόγ-

2216 4669 2369 4723 μασμ

2287 4914 2731 4986 Διαπεράναντες
2758 4914 2814 4968 δέ
2847 4917 2939 4968 τὸν
2973 4915 3104 4985 περὶ
3125 4913 3361 4986 Χριστοῦ
3383 4912 3542 4980 λόγον
3569 4914 3620 4966 οἱ
3646 4931 3802 4985 τρισ-

2217 5006 2478 5078 μακάριοι
2517 5007 2779 5077 Πατέρες,
2821 5005 2916 5058 τοῦ
2950 5005 3104 5075 ἁγίου
3144 5005 3464 5075 Πνεύματος
3491 5004 3805 5075 διαμνημο-

2212 5099 2445 5152 νεύουσι.
2496 5098 2779 5152 Πιστεύειν
2816 5099 2922 5169 γὰρ
2973 5098 3181 5166 ἔφασαν
3225 5099 3306 5160 εἰς
3362 5097 3513 5160 αὐτὸ,
3546 5095 3804 5168 καθάπερ

2209 5189 2398 5257 ἀμέλει
2438 5189 2516 5250 είς
2539 5187 2628 5240 τὸν
2658 5187 2879 5257 Πατέρα
2906 5187 3001 5240 καὶ
3039 5187 3130 5239 τὸν
3157 5187 3304 5239 Υίόν.
3338 5185 3654 5256 Ὀμοούσιον
3690 5187 3802 5257 γάρ

2207 5283 2355 5333 ἐστιν
2391 5280 2593 5341 αὐτοῖς·
2625 5280 2718 5332 καὶ
2748 5281 3030 5348 προχεῖται
3074 5279 3192 5348 μὲν,
3216 5279 3384 5348 ἧγουν
3415 5275 3801 5347 ἐκπορεύεται,

2212 5373 2462 5442 καθάπερ
2501 5371 2608 5424 ἀπὸ
2667 5373 2850 5440 πηγῆς
2906 5369 3000 5422 τοῦ
3043 5368 3178 5421 Θεοῦ
3229 5368 3322 5420 καὶ
3379 5367 3629 5436 Πατρὸς,
3672 5385 3804 5437 χορ-

2214 5471 2427 5538 ηγεῖται
2467 5467 2524 5519 δέ
2563 5470 2629 5538 τῇ
2670 5468 2844 5519 κτίσει
2876 5466 2965 5519 διὰ
2988 5465 3082 5518 τοῦ
3117 5463 3266 5524 Υἱοῦ,
3299 5463 3630 5534 Ἐνεφύσησε
3669 5463 3803 5530 γοῦν
3903 5506 3910 5510 .

2212 5562 2322 5622 τοῖς
2363 5559 2540 5626 ἁγίοις
2586 5559 2905 5621 ἀποστόλοις
2946 5557 3149 5626 λέγων·
3209 5575 3226 5608 ι
3296 5555 3505 5610 Λάϐετε
3569 5553 3800 5624 Πνεῦμα
