4044 6212
203 349 305 405 317

1610 343 1947 402 EPISTOLA
1983 344 2073 400 LV

3375 339 3485 397 518

214 470 389 533 ἅγιον.
438 482 459 516 ι
502 464 709 519 Οὐκοῦν
739 463 804 517 ἐκ
837 462 974 517 Θεοῦ
1008 464 1107 518 καὶ
1134 463 1267 528 Θεὸς
1295 462 1358 517 τὸ
1401 463 1630 536 Πνεῦμά
1656 466 1795 529 ἐστι,

1904 474 2021 519 tum
2067 471 2317 520 sanetum
2343 466 2408 519 “.
2441 481 2459 516 ι
2494 462 2667 535 Igitur
2708 476 2778 517 ex
2820 461 2934 517 Deo
2977 468 3035 516 et
3070 461 3218 515 Deus
3244 459 3485 530 Spiritus

205 558 294 610 at
325 556 445 610 οὐκ
476 556 755 627 ἀλλότριον
788 555 890 627 τῆς
919 557 1183 610 ἀνωτάτω
1220 556 1411 611 πασῶν
1438 556 1650 623 οὐσίας,
1681 556 1795 612 ἀλλ’
1824 611 1827 614 .

192 648 252 714 ἐξ
284 647 479 718 αὐτῆς
495 664 554 700 τε
586 649 681 701 καὶ
710 650 770 702 ἑν
799 648 939 720 αὐτῇ
961 649 1058 702 καὶ
1076 648 1209 703 ῐδιον
1245 650 1440 721 αὐτῆς.

260 738 434 810 Αὕτη
471 738 573 809 μὲν
622 734 717 792 οὖν
763 738 873 792 τῶν
917 738 1089 809 ἀγίων
1131 740 1393 813 Πατέρων
1433 743 1467 812 ἡ
1508 741 1800 814 εὐθυτενὴς

191 830 292 884 καὶ
323 829 725 901 ἀπλανεστάτη
760 831 967 895 πίστις,
999 831 1119 903 ἤτοι
1165 833 1266 903 τῆς
1309 820 1548 898 πίστεως
1591 835 1625 905 ἡ
1664 834 1797 904 ὁμο-

186 924 380 991 λογία.
429 922 577 976 Ἀλλ’
600 922 677 985 ῶς
699 924 729 976 ὁ
753 922 966 986 Παῦλός
995 940 1184 994 φησιν,
1213 943 1233 977 ι
1279 925 1337 979 ’0
1365 925 1499 989 Θεὸς
1530 924 1631 980 τοῦ
1665 925 1801 981 αίῶ-

185 1030 280 1077 νος
307 1012 517 1066 τούτου
569 1012 849 1083 ἐτύφλωσε
897 1013 967 1068 τὰ
1005 1015 1258 1086 νοήματα
1299 1016 1409 1070 τῶν
1441 1016 1687 1073 ἀπίστων
1720 1019 1801 1084 είς

183 1105 371 1177 ,ψιλὴ
412 1104 667 1175 αὐγάσαι
716 1104 810 1159 τὸν
853 1106 1137 1177 φωτισμὸν
1182 1106 1279 1161 τοῦ
1325 1109 1659 1179 Εὑαγγελίου
1699 1111 1800 1181 τῆς

181 1196 354 1267 δόξης
383 1194 666 1267 Χριστοῦ.
721 1214 741 1248 ι
806 1195 1064 1265 Ἀφέντες
1095 1196 1228 1266 γοῦν
1255 1198 1317 1252 τὸ
1349 1198 1480 1254 εὐθὺ
1521 1200 1622 1272 τῆς
1666 1201 1801 1272 ἀλη-

182 1287 345 1351 θείας
381 1287 536 1341 ἰέναι
565 1287 731 1352 τινὲς,
756 1286 977 1358 ᾄττουσι
1012 1287 1156 1342 κατά
1177 1288 1419 1361 πετρῶν,
1446 1310 1465 1343 ι
1508 1292 1583 1362 μὴ
1619 1292 1802 1348 νοοῦν-

180 1395 276 1442 τες
300 1379 461 1449 μήτε
488 1377 529 1432 ἃ
549 1378 789 1446 λέγουσι,
811 1379 951 1449 μήτε
972 1380 1101 1452 περὶ
1120 1380 1283 1435 τίνων
1296 1380 1755 1439 διαϐεϐαιοῦνται.
1772 1403 1791 1436 ι

182 1471 605 1544 Περιιστάντες
651 1473 760 1543 γάρ
788 1470 887 1542 τὴν
914 1471 1015 1542 τῆς
1055 1473 1301 1544 υίότητος
1328 1474 1486 1541 δόξαν
1531 1478 1612 1541 εἰς
1642 1478 1802 1548 μόνον

181 1561 275 1614 τὸν
326 1564 404 1616 ἐκ
456 1561 597 1615 Θεοῦ
654 1563 869 1634 Πατρὸς
902 1562 1075 1633 φύντα
1108 1564 1300 1634 Λόγον,
1346 1566 1421 1631 ὡς
1450 1568 1578 1622 Υἱὸν
1615 1568 1802 1641 ἕτερον

180 1652 275 1706 τὸν
299 1654 376 1706 ἐκ
418 1654 743 1725 σπέρματος
772 1652 956 1719 Δαυῒδ,
983 1655 1081 1709 καὶ
1116 1655 1318 1711 Ἰεσσαὶ
1346 1659 1614 1731 συνῆφθαι
1638 1677 1803 1730 φασιν

185 1744 361 1816 αὐτῷ,
402 1747 509 1800 καὶ
550 1746 802 1817 μετέχειν
834 1747 1102 1818 υίότητος,
1130 1749 1225 1801 καὶ
1252 1750 1417 1821 τιμῆς
1441 1749 1800 1824 θεοπρεποῦς,

187 1836 280 1891 καὶ
337 1838 459 1908 τῆς
510 1838 839 1908 ἐνοικήσεως
884 1838 1051 1892 αὑτοῦ
1101 1839 1196 1893 τοῦ
1244 1840 1443 1910 Λόγου,
1482 1843 1580 1897 καὶ
1627 1844 1803 1899 πάντα

189 1928 409 1999 μᾶλλον
462 1929 772 2001 ἐσχηκέναι
824 1932 956 2001 παρ’
997 1932 1198 1996 αὑτοῦ,
1239 1932 1371 1987 ίδιον
1403 1934 1477 1997 ζδὲ
1524 1936 1803 2001 παντελῶς

184 2020 366 2077 οὐδέν.
431 2021 576 2092 Περὶ
618 2020 730 2074 τῶν
775 2021 1054 2088 τοιούτων,
1079 2022 1156 2088 ὦς
1194 2041 1259 2094 γε
1293 2020 1469 2096 οἶμαι,
1492 2028 1804 2100 γεγράφασι

185 2114 280 2167 τοῦ
328 2115 612 2185 Σωτῆρος
633 2115 687 2167 oi
723 2113 987 2187 μαθηταί.
1028 2135 1047 2168 ι
1076 2117 1488 2188 Παρεισέδυσαν
1515 2120 1625 2191 γάρ
1658 2137 1806 2185 τινες

188 2208 510 2280 ἄνθρωποι,
558 2210 607 2262 οἱ
650 2208 747 2262 καὶ
790 2210 961 2264 πάλαι
1004 2212 1497 2284 προγεγραμμένοι
1539 2215 1621 2278 είς
1646 2214 1805 2269 τοῦτο

190 2300 252 2354 τὸ
285 2302 507 2371 κρῖμα,
533 2298 776 2365 ἀσεϐεῖς,
808 2299 906 2371 τὴν
925 2301 1021 2354 τοῦ
1051 2299 1187 2354 Θεοῦ
1225 2303 1384 2373 χάριν
1420 2304 1804 2373 μετατιθέντες

193 2394 270 2457 εἰς
299 2391 638 2459 ἀσέλγειαν,
676 2392 770 2446 καὶ
810 2391 902 2446 τὸν
934 2392 1094 2464 μόνον
1134 2395 1414 2465 Δεσπότην
1457 2396 1553 2449 καὶ
1597 2394 1804 2468 Κύριον

194 2485 353 2555 ἡμῶν
409 2483 623 2556 Ἰησοῦν
651 2484 889 2557 Χριστὸν
907 2483 1252 2556 ἀρνούμενοι·
1289 2505 1308 2539 ι
1352 2487 1563 2557 Ἰησοῦς
1584 2487 1641 2541 δὲ
1669 2489 1804 2559 Χρι-

196 2574 318 2639 στὸς
376 2575 715 2647 ὀνομάζοιτο
774 2575 843 2630 ἃν
894 2575 1120 2640 εἰκότως
1172 2576 1232 2629 ὲν
1282 2576 1573 2649 ἀνθρώπου
1618 2581 1800 2650 μορφῇ

194 2665 469 2737 canui»;
499 2666 530 2719 ό
549 2668 745 2735 Λόγος.
779 2665 936 2720 Ἐπεὶ
965 2667 1325 2738 φραζέτωσαν
1346 2669 1632 2739 ἐρομένοις
1656 2671 1706 2723 οἱ
1732 2670 1802 2724 δι’

194 2758 481 2824 ἐναντίας,
515 2758 569 2810 οί
610 2757 681 2811 τά
710 2757 1012 2829 Νεστορίου
1042 2775 1102 2811 τε
1145 2757 1243 2813 καὶ⁵
1271 2758 1548 2832 Θεοδώρου
1583 2762 1802 2831 φρονεῖν

198 2851 290 2904 καὶ
318 2849 517 2904 λαλεῖν
556 2851 623 2904 ὲκ
666 2849 871 2921 πολλῆς
896 2851 1039 2918 ἄγαν
1081 2850 1373 2916 ἀσυνεσίας
1413 2852 1473 2905 οὑ
1509 2850 1804 2923 παραιτού-

200 2961 382 3014 μενον
422 2944 751 2998 Ἑκὸάλλετε
788 2943 884 2998 τοῦ
914 2941 1053 2999 εἶναι
1085 2944 1238 3010 Θεὸν,
1265 2945 1362 2999 καὶ
1399 2945 1527 3001 Υίὸν
1551 2932 1805 3017 ἀληθινὸν

195 3032 284 3086 τοῦ
318 3032 474 3087 Θεοῦ
509 3034 605 3088 καὶ
636 3033 850 3101 Πατρὸς
875 3033 968 3086 τὸν
1000 3036 1066 3087 ὲκ
1091 3035 1192 3105 τῆς
1219 3035 1381 3105 ἁγίας
1410 3035 1711 3108 Παρθένου,
1742 3036 1804 3090 τὸ

198 3123 408 3177 παθεῖν
454 3123 608 3192 αὐτῷ
652 3125 1052 3195 προσνέμοντες
1086 3126 1232 3196 μόνῳ
1264 3129 1313 3187 ι,
1346 3126 1441 3180 καὶ
1472 3126 1805 3181 ἀποσοϐοῦν-

197 3232 284 3279 τες
310 3215 495 3269 αὐτὸν
518 3215 613 3269 τοῦ
645 3216 779 3271 Θεοῦ
802 3218 1001 3287 Λόγου,
1046 3218 1137 3272 ἵνα
1173 3217 1247 3289 μὴ
1283 3217 1419 3282 Θεὸς
1453 3217 1664 3288 λέγοιτο
1695 3236 1805 3274 πα-

199 3307 393 3376 θητός.
428 3305 626 3361 Ταῦτα
655 3309 759 3380 γὰρ
780 3310 882 3381 τῆς
911 3309 1136 3364 ἐκείνων
1168 3310 1581 3383 ὲθελακριϐείας
1610 3312 1681 3367 τὰ
1711 3314 1805 3367 εύ-

204 3400 462 3470 ρήματα,
511 3399 604 3452 καὶ
645 3403 676 3471 ή
718 3401 826 3453 τῶν
873 3401 1092 3456 ἐννοιῶν
1131 3401 1443 3473 χυδαιότηςε
1482 3403 1693 3458 Οὐκοῦν
1727 3406 1803 3477 μὴ

202 3491 566 3563 ὀνομαζέσθω
612 3493 872 3563 Χριστὸς,
914 3493 1121 3561 ίδικῶς,
1154 3495 1250 3549 καὶ
1297 3495 1441 3549 κατὰ
1482 3496 1650 3568 μόνας
1684 3499 1713 3551 ό
1740 3499 1806 3551 ὲκ

206 3582 342 3636 Θεοῦ
386 3584 606 3654 Πατρός
635 3584 828 3654 Λόγος.
859 3585 1070 3658 Ὠσπερ
1096 3587 1207 3657 γάρ
1235 3588 1385 3640 ἐστιν
1413 3588 1671 3653 ἀπεοικὸς
1704 3590 1803 3643 αὺ-

206 3674 281 3743 τῷ
324 3674 391 3728 τὸ
427 3675 650 3744 παθεῖν,
689 3676 819 3730 ὅταν
887 3676 992 3742 ἔξω
1018 3680 1191 3732 νοοῖτο
1228 3678 1454 3750 σαρκὸς,
1477 3678 1622 3734 οὕτω
1651 3682 1804 3753 καὶὴ

208 3765 391 3835 χρίσις
420 3766 767 3838 ἀνάρμοστόν
794 3786 847 3822 τι
872 3770 1061 3841 χρῆμα
1089 3770 1182 3823 καὶ
1224 3770 1511 3843 ἀλλότριον
1547 3772 1737 3831 αὐτοῦ.
1780 3792 1799 3825 ι

219 3874 238 3905 ι
295 3855 509 3925 Ἰησοῦν
554 3855 668 3927 γὰρ
713 3857 808 3910 τὸν
860 3858 969 3911 ἀπὸ
1015 3857 1272 3930 Ναζαρὲτ
1327 3857 1546 3930 ἔχρισεν
1597 3861 1626 3914 ὁ
1672 3859 1806 3924 Θεὸς

212 3946 497 4017 Πνεύματι
542 3947 705 4019 ἀγίιχν
759 3966 778 3999 ι
818 3947 1111 4021 αὐτοτελὴς
1151 3949 1209 4002 δὲ
1256 3948 1477 4013 πάντως
1504 3951 1532 4004 ό
1569 3952 1634 4005 ἐκ
1665 3949 1803 4005 Θεοῦ

213 4035 404 4104 Λόγος,
426 4037 529 4090 καὶ
557 4036 660 4089 οὐκ
689 4036 757 4090 ἂν
786 4036 980 4108 ἐδεήθη
1010 4036 1247 4108 χρίσεως
1276 4038 1379 4108 τῆς
1409 4038 1499 4092 διὰ
1528 4039 1620 4093 τοῦ
1646 4039 1804 4108 ἁγίου

216 4126 559 4198 Πνεύματος.
582 4127 794 4182 Οὐκοῦν
822 4128 1136 4200 ἀρνήσασθε
1169 4129 1270 4201 τὴν
1303 4131 1637 4203 οἰκονομίαν·
1663 4134 1804 4189 ἀπο-

215 4222 453 4291 στήσατε
494 4220 589 4273 τὸν
624 4221 906 4293 Μονογενῆ
938 4223 1037 4295 τῆς
1066 4224 1147 4287 εις
1196 4224 1290 4279 τὸν
1319 4224 1524 4294 κόσμον
1558 4225 1802 4298 ἀγάπης.

218 4311 293 4380 μὴ
318 4310 671 4381 ὀνομαζέσθω
707 4312 945 4383 Χριστὸς
985 4318 1116 4386 παρ’
1153 4316 1332 4388 ὑμῶν.
1370 4318 1441 4371 Ἣ
1478 4318 1539 4371 οὐ
1571 4320 1805 4391 σμικρὸν

216 4402 364 4472 αὑτῷ
386 4404 450 4455 τὸ
477 4404 537 4457 ὲν
570 4405 683 4467 τοῖς
713 4403 836 4457 καθ’
860 4407 1006 4477 ἡμᾶς
1028 4407 1286 4476 γενέσθαι
1310 4409 1557 4482 μέτροις
1596 4411 1805 4467 Οὐκοῦν

1899 563 1986 609 est
2011 555 2078 620 ³³,
2107 563 2165 610 et
2190 544 2301 610 non
2330 553 2543 610 alienus
2571 552 2640 608 ab
2668 551 2916 608 omnium
2950 565 3204 621 suprema
3228 549 3486 606 substan—
3516 542 3519 551 ’

1900 645 1996 709 tia,
2026 645 2124 702 sed
2149 662 2217 702 ex
2244 646 2384 716 ipsa,
2404 652 2461 701 et
2482 645 2539 699 in
2565 644 2705 714 ipsa,
2730 648 2788 697 et
2812 641 3073 712 proprius
3094 641 3234 711 ejus.

1972 737 2100 793 Hac
2136 744 2224 793 est
2256 737 2426 808 igitur
2472 745 2789 792 sanctorum
2825 733 3052 789 Patrum
3086 730 3394 787 rectissima
3429 735 3490 787 et

1901 828 1970 884 ab
2009 827 2161 883 omni
2207 842 2401 883 errore
2446 827 2628 882 aliena
2671 825 2829 890 ﬁdes,
2865 823 2981 879 sive
3021 822 3149 877 ﬁdei
3192 821 3485 878 confessio.

1899 919 2127 985 Verum,
2163 927 2225 975 ut
2238 918 2444 975 Paulus
2474 916 2611 974 dicit
2636 934 2649 971 :
2678 936 2697 968 ι
2726 917 2874 972 Deus
2907 914 3091 971 saeculi
3119 914 3285 985 hujus
3311 928 3488 970 excae-

1900 1010 2046 1066 cavit
2074 1018 2288 1066 mentes
2318 1009 2646 1075 inﬁdelium,
2675 1016 2739 1063 ut
2764 1022 2878 1062 non
2920 1006 3126 1077 fulgeat
3163 1005 3246 1061 eis
3284 1004 3491 1059 illumi-

1900 1102 2052 1158 natio
2077 1102 2360 1174 Evangelii
2391 1101 2579 1174 gloriae
2615 1099 2822 1156 Christi
2851 1099 2918 1153 ”.
2959 1117 2978 1152 ι
3020 1098 3209 1168 Itaque
3235 1096 3489 1152 nonnulli

1901 1195 2095 1251 relicta
2112 1195 2362 1251 veritatis
2376 1195 2466 1250 via
2488 1202 2659 1250 ruunt
2678 1194 2736 1248 in
2760 1208 2911 1259 saxa,
2952 1211 2970 1244 ε
2992 1207 3103 1247 non
3120 1191 3490 1262 intelligentes

1901 1302 2082 1359 neque
2108 1303 2231 1358 qua:
2264 1286 2478 1352 dicunt,
2513 1301 2695 1357 neque
2734 1285 2803 1341 de
2836 1283 3038 1355 quibus
3074 1281 3346 1337 afﬁrmant
3363 1281 3431 1335 “.
3462 1299 3482 1333 ι

1905 1380 2237 1451 Redigentes
2264 1379 2415 1435 enim
2445 1377 2730 1452 ﬁliati‘onis
2769 1375 3002 1448 gloriam
3040 1375 3099 1430 in
3136 1375 3315 1429 solum
3351 1373 3489 1429 Ver-

1902 1472 2035 1528 bum
2062 1487 2131 1527 ex
2158 1472 2271 1527 Deo
2299 1472 2461 1526 Patre
2490 1479 2704 1537 natum,
2730 1469 2889 1540 quasi
2918 1468 3091 1523 ﬁlium
3117 1467 3306 1532 alium,
3332 1466 3492 1520 illum

1904 1565 1999 1636 qui
2022 1565 2234 1621 exstitit
2264 1581 2333 1620 ex
2361 1564 2571 1620 semine
2595 1564 2762 1620 Jessaa
2786 1568 2843 1618 et
2867 1559 3061 1625 David,
3096 1559 3410 1628 copulatum
3436 1555 3490 1610 ei

1905 1657 2117 1721 dicunt,
2142 1657 2581 1727 participemque
2605 1670 2725 1710 esse
2755 1649 3037 1707 ﬁliationis
3064 1665 3128 1705 ac
3150 1648 3352 1704 divinae
3377 1648 3493 1719 glo—

1906 1750 2021 1814 rite,
2045 1758 2102 1805 et
2134 1748 2557 1804 inhabitationis
2599 1746 2767 1803 Verbi
2816 1744 3009 1816 ipsius,
3042 1751 3099 1798 et
3128 1742 3197 1796 ab
3233 1741 3353 1810 ipso
3390 1738 3491 1794 ha-

1837 1815 1877 1873 Β
1906 1838 2092 1894 buisse
2138 1838 2358 1903 omnia,
2409 1836 2702 1908 proprium
2756 1815 2889 1890 vero
2943 1831 3170 1889 omnino
3214 1827 3373 1883 nihil.
3417 1827 3495 1881 De

1906 1931 2243 1994 istiusmodi,
2275 1938 2338 1985 ut
2365 1930 2580 2000 opinor,
2616 1928 2961 1998 scripserunt
2988 1922 3286 1981 Salvatoris
3323 1918 3496 1975 disci-

1904 2023 2057 2093 puli:
2093 2041 2112 2074 ι
2145 2021 2601 2077 Subintroierunt
2629 2019 2778 2075 enim
2813 2017 3037 2088 quidam
3078 2013 3359 2078 homines,
3398 2010 3495 2081 qui

1905 2115 2037 2170 olim
2078 2112 2385 2185 praescripti
2427 2119 2558 2167 sunt
2599 2111 2657 2166 in
2704 2111 2811 2166 hoc
2850 2108 3143 2181 judicium,
3184 2103 3361 2175 impii,
3396 2102 3496 2158 Dei

1903 2205 2080 2262 nostri
2107 2205 2340 2277 gratiam
2372 2203 2770 2259 transferentes
2808 2202 2865 2256 in
2900 2199 3195 2264 luxuriam,
3229 2206 3286 2253 et
3316 2196 3495 2252 solum

1903 2297 2304 2353 dominatorem
2326 2306 2385 2352 et
2406 2295 2703 2351 Dominum
2726 2301 2979 2349 nostrum
3004 2292 3192 2348 Jesum
3212 2289 3494 2345 Christum

1902 2396 2169 2461 negantes
2196 2391 2262 2443 ⁸⁸.
2295 2408 2314 2442 ι
2348 2389 2510 2444 Jesus
2544 2397 2731 2444 autem
2772 2386 3030 2443 Christus
3071 2383 3271 2440 merito
3310 2381 3494 2437 nomi-

1904 2489 2071 2537 natur
2113 2481 2294 2552 ipsum
2328 2480 2573 2537 Verbum
2618 2481 2676 2535 in
2718 2479 2960 2535 humana
2993 2477 3168 2533 forma
3203 2490 3494 2547 apparens.

1902 2574 2041 2630 Nam
2093 2573 2563 2644 interrogantibus
2610 2570 2913 2627 adversarii
2962 2568 3367 2640 respondeant,
3400 2566 3496 2637 qui

1903 2682 2016 2737 prae
2057 2666 2229 2721 multa
2277 2664 2595 2736 insipientia
2637 2667 2795 2737 juxta
2832 2662 3071 2719 Nestorii
3117 2670 3175 2717 et
3217 2660 3496 2716 Theodori

1904 2765 2215 2815 commenta
2237 2766 2295 2813 et
2322 2772 2515 2828 sapere
2547 2766 2604 2812 et
2635 2756 2822 2825 eloqui
2857 2770 2969 2810 non
3007 2763 3316 2810 verenturt:
3354 2753 3496 2808 Eum

1903 2852 1999 2923 qui
2037 2861 2200 2907 natus
2227 2856 2313 2905 est
2339 2865 2407 2905 ex
2443 2856 2630 2906 sancta
2654 2847 2878 2918 Virgine
2906 2862 3018 2901 non
3048 2843 3337 2899 admittitis
3373 2858 3497 2899 esse

1904 2944 2121 3008 Deum,
2173 2950 2230 2998 et
2289 2941 2490 2997 Filium
2541 2953 2738 2995 verum
2785 2937 2884 2993 Dei
2936 2944 2995 2992 et
3042 2936 3252 3000 Patris;
3305 2933 3498 3004 illique

1908 3035 2010 3090 soli
2044 3033 2120 3106 (l)
2163 3033 2408 3089 tribuitis
2442 3030 2749 3103 passiones,
2781 3038 2838 3084 et
2875 3027 3218 3084 submovetis
3250 3026 3430 3097 ipsum
3466 3041 3498 3081 a

1907 3130 2022 3185 Deo
2042 3128 2247 3194 Verbo,
2272 3143 2341 3182 ne
2362 3127 2507 3182 Deus
2527 3124 2745 3180 dicatur
2764 3138 2888 3178 esse
2911 3121 3211 3192 passibilis.
3235 3120 3330 3175 lla:
3346 3119 3499 3175 enim

1907 3228 2037 3277 sunt
2091 3231 2514 3290 supervacanea:
2569 3215 2791 3270 illorum
2846 3212 3177 3285 diligentiae,
3230 3210 3499 3266 adiuven-

1908 3311 2110 3376 tiones,
2139 3317 2197 3364 et
2228 3308 2419 3364 futiles
2446 3306 2833 3379 cogitationes.
2863 3304 3037 3375 Igitur
3064 3316 3167 3357 nec
3192 3300 3502 3371 appelletur

1905 3402 2180 3467 Christus,
2218 3401 2336 3456 sive
2379 3408 2602 3465 unctus,
2641 3396 2956 3469 specialiter
2998 3401 3053 3450 et
3087 3391 3322 3448 seorsim
3362 3391 3499 3446 illud

1905 3511 1975 3551 ex
2006 3494 2119 3550 Deo
2161 3495 2325 3549 Patre
2362 3492 2622 3547 Verbum.
2657 3486 3136 3556 Quemadmodum
3173 3484 3323 3538 enim
3362 3482 3499 3536 alie-

1905 3601 2039 3641 num
2081 3586 2151 3640 ab
2187 3600 2254 3639 eo
2279 3591 2363 3639 est
2391 3584 2501 3653 pati
2535 3581 2756 3652 quando
2789 3588 2947 3635 extra
2983 3590 3205 3632 carnem
3238 3572 3498 3642 intelligi-

1906 3689 2019 3743 tur,
2065 3676 2146 3731 sic
2185 3682 2243 3730 et
2278 3674 2469 3729 unctio
2508 3671 2813 3741 incongrua
2847 3666 3096 3737 quaedam
3130 3678 3217 3718 res
3254 3662 3409 3732 191
3442 3670 3501 3716 et

1906 3771 2085 3825 aliena
2123 3767 2193 3823 ab
2232 3780 2300 3822 eo
2339 3773 2426 3820 est
2455 3782 2468 3818 :
2504 3783 2523 3815 ι
2556 3763 2744 3819 Jesum
2786 3759 2937 3815 enim
2976 3774 3008 3812 a
3039 3755 3311 3812 Nazareth
3340 3753 3501 3808 unxit

1905 3861 2053 3916 Deus
2077 3857 2288 3930 Spiritu
2315 3865 2508 3912 sancto
2528 3854 2611 3921 ²⁶;
2643 3872 2662 3905 ι
2693 3867 2762 3907 ex
2785 3866 2844 3906 se
2867 3857 3052 3904 autem
3075 3846 3382 3918 perfectum
3412 3850 3500 3899 est

1906 3951 2166 4008 omnibus
2212 3947 2394 4004 modis
2431 3945 2680 4003 Verbum
2721 3942 2843 4007 Dei,
2883 3948 2940 3996 et
2975 3955 3116 4011 opus
3150 3953 3263 3992 non
3301 3936 3501 3991 habuit

1906 4044 2168 4100 unctione
2210 4056 2333 4113 qua;
2372 4056 2470 4112 per
2508 4037 2776 4109 Spiritum
2814 4043 3066 4090 sanctum
3101 4030 3282 4087 datur.
3328 4030 3502 4101 Igitur

1905 4140 2102 4205 negate
2144 4128 2636 4202 dispensationem,
2663 4124 2896 4181 avertite
2937 4120 3292 4194 Unigenitum
3332 4134 3363 4174 a
3399 4134 3500 4173 sua

1905 4242 2037 4298 erga
2079 4225 2351 4280 mundum
2391 4221 2682 4287 charitate,
2714 4235 2786 4275 ne
2824 4217 3144 4273 nominetur
3177 4212 3429 4270 Christus
3468 4226 3503 4266 a

1905 4319 2085 4373 vobis.
2117 4318 2316 4372 Annon
2348 4315 2634 4386 indignum
2663 4313 2796 4384 ipsi,
2825 4310 2974 4382 quod
3010 4310 3067 4363 in
3104 4306 3312 4363 nostris
3345 4320 3501 4360 meu-

1907 4410 2051 4481 suris
2075 4409 2252 4465 factus
2274 4409 2395 4465 est?
2418 4408 2591 4478 Igitur
2621 4405 2751 4476 quia
2778 4411 2835 4459 et
2861 4403 2967 4458 hoc
2991 4400 3278 4471 indignum
3303 4403 3388 4453 est
3409 4411 3498 4459 eo,

217 4493 539 4564 ἐπειδήπερ,
576 4494 673 4546 καὶ
703 4493 860 4548 τοῦτό
890 4496 1040 4551 ἐστιν
1082 4499 1344 4564 ἀπεοικὸς
1374 4500 1558 4572 αὐτῷ,
1610 4502 1803 4574 ὁμολο-

1908 4516 2072 4557 nemo
2116 4500 2445 4556 conﬁteatur
2488 4495 2636 4568 quod
2684 4495 2864 4551 factus
2910 4494 2982 4549 sit
3022 4492 3219 4566 homo;
3265 4497 3325 4544 ut
3370 4486 3507 4557 ipsis

214 4586 380 4653 γείτω
425 4587 619 4659 μηδεὶς
649 4587 732 4640 ὅτι
773 4587 998 4657 γέγονεν
1035 4591 1347 4662 ἄνθρωπος’
1389 4593 1478 4649 ἵνα
1504 4593 1600 4647 καὶ
1619 4594 1804 4659 αὐτοῖς

217 4677 345 4749 εἴπῃ
374 4680 635 4751 Χριστός⁹
666 4697 687 4731 ι
724 4680 1031 4745 Πλανᾶσθε,
1073 4684 1150 4754 μὴ
1184 4684 1391 4749 εἰδότες
1422 4685 1522 4751 τὰς
1551 4687 1799 4759 Γραφάς,

220 4771 355 4838 μηδὲ
395 4770 499 4841 τὴν
532 4770 765 4842 δύναμιν
786 4772 881 4827 τοῦ
912 4773 1069 4829 Θεοῦ.
1106 4795 1127 4829 ›
1171 4776 1403 4843 Οὐκοῦν,
1435 4777 1511 4843 ὡς
1540 4779 1639 4850 τῆς
1667 4779 1803 4852 ἁλη-

218 4861 371 4925 θείας
397 4862 646 4933 ἐχθροὺς,
676 4865 806 4929 τοὺς
828 4857 932 4918 ὧδε
963 4869 1181 4938 φρονεῖν
1226 4869 1539 4941 ᾑρημένους
1563 4870 1802 4941 ἡγούμε-

217 4970 319 5016 νοι,
357 4952 649 5025 φεύγωμεν
677 4954 862 5011 αὐτῶν
899 4958 999 5020 τὰς
1036 4958 1321 5032 ὀλεθρίους
1358 4962 1727 5031 καινοφωνίας
1749 4971 1798 5001 ιι·

215 5043 312 5094 καὶ
346 5041 609 5114 ἑπώμεθα
630 5045 832 5116 μᾶλλον
859 5048 981 5110 ταῖς
1007 5048 1188 5115 δόξαις
1207 5049 1318 5103 τῶν
1334 5051 1505 5120 ἁγίων
1520 5051 1802 5128 Πατέρων.

218 5133 313 5186 καὶ
350 5136 419 5206 τῇ
444 5136 740 5207 παραδόσει
766 5137 877 5192 τῶν
907 5138 1078 5207 ἁγίων
1108 5141 1425 5196 ἀποστόλων
1454 5142 1549 5197 καὶ
1571 5143 1806 5215 εὐαγγε-

200 5228 213 5291 l

224 5358 353 5413 nu,
374 5348 464 5404 29.

1908 4606 2130 4662 quoque
2174 4591 2324 4646 dicat
2367 4588 2667 4645 Christus;
2716 4604 2734 4636 ι
2779 4584 3011 4648 Erratis,
3044 4596 3225 4651 neque
3265 4579 3507 4657 scientes

1908 4682 2244 4754 Scripturas,
2275 4697 2455 4753 neque
2477 4681 2742 4736 virtutem
2772 4676 2871 4732 Dei
2897 4676 2961 4729 ’⁷.
2996 4693 3013 4725 ι
3062 4673 3233 4744 Igitur
3271 4686 3369 4725 eos
3405 4670 3503 4739 qui

1908 4775 1989 4831 sic
2036 4775 2244 4831 sentire
2297 4781 2647 4838 statuerunt,
2698 4779 2970 4841 tanquam
3023 4767 3211 4820 hostes
3257 4762 3509 4818 veritatis

1908 4868 2210 4932 habentes,
2261 4866 2538 4938 fugiamus
2587 4864 2833 4933 ipsorum
2884 4857 3256 4929 perniciosam
3308 4869 3507 4909 vocum

1908 4960 2212 5015 novitatem
2239 4956 2347 5030 (2);
2376 4972 2672 5027 sequamur
2712 4962 2896 5009 autem
2926 4957 3244 5005 sanctorum
3283 4947 3507 5002 Patrum

1912 5050 2266 5115 sententiam,
2298 5058 2355 5105 et
2387 5057 2702 5103 sanctorum
2739 5044 3118 5115 apostolorum
3146 5038 3508 5108 evangelista-

1913 5160 2165 5215 rumque.
2196 5142 2573 5198 traditionem.
2614 5139 2858 5195 Verbum
2888 5135 3037 5192 enim
3078 5134 3244 5188 homo
3279 5130 3507 5192 factum,

202 5271 213 5311 τ
288 5278 332 5309 ⁸³
357 5277 513 5356 193m.
536 5298 626 5347 xx,
649 5281 740 5337 22.
818 5284 863 5316 ’ί
896 5282 1054 5341 Joan.
1077 5301 1151 5355 ιν,
1174 5286 1262 5343 24.
1338 5288 1386 5321 ’³
1410 5289 1456 5345 II
1480 5288 1607 5346 Cor.
1642 5305 1715 5356 xv,
1739 5290 1793 5345 4.

1904 5289 1916 5321 ⁵
1948 5290 2228 5346 ITimoth.
2258 5307 2296 5356 ι,
2324 5290 2376 5344 7.
2430 5289 2476 5321 ³⁸
2500 5285 2655 5344 Iudae
2682 5285 2735 5340 4.
2791 5284 2839 5315 ’⁸
2863 5282 2985 5338 Act.
3016 5295 3070 5348 Χ,
3103 5278 3193 5335 58.
3252 5277 3294 5309 ⁸⁷
3310 5271 3512 5331 Matth.

1320 5449 1495 5506 Variae
1524 5450 1793 5507 lectiones
1816 5453 2026 5510 codicis
2050 5453 2422 5524 Seguieriani.

305 5556 323 5596 ‘
353 5558 534 5629 μόνον.
606 5575 635 5603 ιι
659 5566 1018 5635 κενοφωνίας.

1775 5661 1999 5723 NOT/E.

299 5770 372 5841 (ί)
404 5770 612 5832 Solum.

2000 5778 2075 5851 (‘2)
2116 5776 2607 5849 Vaniloqucntiam.
