4044 6212
618 326 726 386 519
1646 336 1703 392 S.
1745 336 2023 394 CYRILLI
2060 337 2532 397 ALEXANDle
2568 342 2887 400 ARCHIEP.
3774 345 3895 402 529

618 445 800 516 ipsum
829 454 949 500 erat
973 447 1120 516 quod
1158 448 1215 503 in
1249 448 1357 504 illis
1388 450 1719 520 loquebatur
1741 454 1817 522 ”;
1846 470 1946 525 per
1966 456 2113 526 quod
2139 464 2196 511 et

2299 458 2518 515 λιστῶν.
2546 459 2720 524 Αὐτὸς
2754 461 2862 532 γὰρ
2883 455 2950 531 ἦν
2982 461 3041 515 ὲν
3068 460 3251 524 αὐτοῖς
3279 461 3308 513 ὁ
3342 459 3519 515 λαλῶν
3548 463 3578 515 ὁ
3609 460 3903 537 ὲνανθρω·

611 550 740 591 cum
760 551 890 604 quo,
914 536 1028 591 Deo
1054 544 1112 591 et
1134 538 1281 592 Patri
1307 539 1506 605 honor,
1533 542 1727 612 gloria,
1750 544 2043 614 imperium
2065 562 2191 602 cum

2297 550 2481 619 πήσας
2515 551 2705 620 Λόγος·
2737 551 2806 604 δι’
2841 544 2904 605 οὗ
2955 551 3049 605 καὶ
3101 551 3221 623 μεθ’
3253 546 3336 616 οὗ,
3367 550 3447 623 τῷ
3473 550 3596 623 Θεῷ
3634 553 3726 607 καὶ
3763 536 3901 609 Πα-

610 633 803 680 sancto
827 626 1057 696 Spiritu,
1086 644 1237 685 nunc
1263 639 1320 685 et
1341 646 1581 703 semper,
1611 642 1668 690 et
1695 634 1752 690 in
1789 637 1987 692 secula
2014 653 2188 694 saecu-

2296 642 2406 712 τρὶ,
2448 642 2601 714 τιμὴ,
2652 642 2813 711 δόξα,
2850 645 3049 716 κράτος
3088 643 3187 697 σὺν
3224 645 3366 715 ἁγίῳ
3416 645 3717 715 Πνεύματι,
3756 644 3890 711 νῦν,

608 716 812 772 lorum.
840 717 1034 775 Amen.

2296 730 2393 784 καὶ
2439 731 2549 797 ἀεὶ,
2585 732 2682 788 καὶ
2728 734 2809 797 εἰς
2857 734 2981 797 τοὺς
3028 732 3232 807 αἰῶνας
3265 734 3373 789 τῶν
3403 734 3635 790 αἰώνων.
3683 734 3885 807 Ἀμήν.

1771 1034 2112 1094 EPISTOLA
2148 1038 2263 1096 LVI
2304 1040 2398 1113 (ol.
2442 1039 2698 1111 XLVIII).

1399 1186 1602 1226 CYRILLI
1631 1188 1697 1228 AD
1721 1186 2025 1230 GENNADIUI
2054 1191 2431 1233 PRESBYTERUH
2462 1193 2529 1231 ΕΤ
2564 1190 3055 1232 ΔΒΩΠΙΜΛΝῸΙΠΤΑΙ.

603 1305 757 1372 Quod
776 1304 1153 1360 connivendum
1168 1306 1311 1387 sitIin
1330 1304 1508 1387 aliqua
1535 1324 1567 1360 a
1581 1308 1724 1378 juris
1749 1309 2181 1381 rigore,majoris

2287 1311 2565 1381 Hspl'toii
2593 1311 2723 1366 δεῖν
2747 1310 3018 1387 ςταρορᾷν
3045 1329 3101 1365 τι
3137 1310 3249 1387 τῆς
3274 1313 3578 1383 ἀκριϐείας
3602 1316 3883 1387 μείζονος

1120 1375 1459 1429 emolumenti
1483 1375 1665 1432 σαντα.
1799 1375 1816 1380 ⁷
2042 1375 2057 1381 ⁷

2366 1375 2384 1381 ⁷
2738 1375 2920 1437 ἐγέκά
2946 1375 3415 1451 κατορθώμτός.

668 1486 1035 1541 lntentionem
1071 1485 1297 1555 quidem
1335 1486 1662 1542 reverentia:
1685 1495 1814 1554 tuae,
1838 1503 2005 1559 quam
2034 1488 2182 1545 circa

599 1577 849 1632 divinum
880 1576 1130 1647 possides
1156 1576 1387 1642 cultum,
1425 1592 1533 1632 non
1554 1586 1769 1633 tantum
1792 1594 1941 1634 nunc
1959 1580 2177 1651 agnovi,

598 1668 697 1723 sed
745 1667 816 1722 ab
860 1667 991 1721 olim
1038 1666 1313 1734 sciebam;
1365 1674 1423 1723 et
1450 1668 1613 1724 laudo
1648 1669 2005 1726 vehementer
2030 1686 2175 1738 eam,

598 1770 723 1810 cum
758 1764 907 1810 tanta
938 1755 1214 1811 volentem
1243 1755 1608 1812 districtionis
1646 1756 1931 1828 diligentia
1968 1758 2176 1815 vivere.

596 1845 706 1901 Sed
736 1846 1174 1916 dispensationes
1198 1863 1383 1903 rerum
1426 1863 1822 1919 nonnunquam
1851 1858 2056 1921 cogunt
2077 1867 2178 1922 pa-

2360 1495 2434 1550 Τὸ
2475 1495 2574 1567 μὲν
2606 1495 2823 1550 εὔτονον
2856 1496 2935 1559 είς
2967 1494 3254 1549 εὐλάϐειαν
3286 1496 3386 1567 τῆς
3429 1493 3529 1568 σῆς
3561 1495 3882 1564 θεοσεϐείας

2288 1588 2350 1642 οὐ
2386 1587 2483 1644 νῦν
2522 1588 2714 1658 ἔγνων,
2746 1587 2860 1643 ἀλλ’
2901 1588 3049 1659 ᾔδειν
3099 1589 3165 1641 ὲκ
3204 1587 3404 1654 πάλαι,
3434 1588 3527 1641 καὶ
3566 1589 3777 1643 ἐπαινῶ
3809 1608 3878 1659 γε

2288 1681 2515 1753 σφόδρα,
2549 1680 2688 1753 μετά
2706 1672 2962 1752 τοιαύτης
2981 1679 3269 1752 ἀκριϐείας
3288 1679 3549 1734 θέλουσαν
3572 1679 3692 1752 ζῇν.
3729 1680 3878 1734 Ἀλλ’

2286 1776 2343 1829 αἱ
2370 1772 2671 1845 οἰκονομίαι
2707 1772 2816 1826 τῶν
2848 1772 3194 1844 πραγμάτων
3225 1770 3339 1825 ἔσθ’
3376 1772 3466 1825 ὅτε
3496 1772 3877 1842 παραϐιάζον-

2284 1883 2373 1919 ται
2396 1866 2568 1937 βραχὺ
2592 1863 2926 1928 τοῦιδέοντος
2948 1863 3055 1929 ἔξω
3075 1862 3334 1935 φέρεσθαί
3357 1879 3529 1926 τιναςο
3558 1863 3647 1916 ἴνα
3673 1881 3728 1916 τι
3751 1866 3879 1935 μεῖ-

597 1953 720 1991 rum
769 1937 903 2007 quid
946 1954 978 1992 a
1008 1937 1197 1994 debito
1250 1939 1519 2009 quosdam
1562 1940 1679 1996 fore
1703 1941 1875 2007 exire,
1918 1945 2183 2016 utmajus

2285 1956 2377 2021 ζον
2407 1957 2760 2030 κερδάνωσιν.
2802 1956 3013 2027 ’Ὠσπερ
3051 1955 3162 2025 γὰρ
3211 1955 3261 2008 οί
3295 1953 3395 2026 τὴν
3430 1954 3706 2008 θάλασσαν
3734 1972 3875 2008 ναυο

592 2028 800 2099 aliquid
817 2029 1181 2085 lucrifaciant.
1205 2028 1361 2085 Sicut
1374 2030 1524 2085 enim
1542 2031 1598 2086 hi
1615 2032 1710 2102 qui
1727 2048 1877 2087 mare
1895 2034 2175 2106 navigant,

594 2128 922 2191 tempestate
979 2129 1212 2193 urgente
1261 2122 1498 2192 navique
1542 2125 1922 2194 periclitante,
1973 2127 2178 2183 anxiati

592 2211 844 2282 quaedam
872 2222 1172 2268 exonerant
1194 2219 1255 2267 ut
1277 2221 1474 2268 caetera
1500 2215 1648 2269 salva
1676 2226 2037 2285 permaneant
2063 2236 2077 2271 :
2103 2217 2178 2274 ita

588 2312 649 2358 ct
682 2319 803 2370 nos,
851 2319 977 2359 cum
1007 2319 1119 2358 non
1158 2303 1460 2359 habeamus
1499 2304 1887 2360 salvandorum
1928 2308 2178 2362 omnium

590 2396 946 2465 negotiorum
972 2394 1194 2465 penitus
1217 2395 1634 2462 certitudinem,
1656 2396 1992 2466 despicimus
2007 2412 2075 2452 ex
2090 2397 2178 2453 his

591 2485 862 2554 quaedam,
889 2501 958 2541 ne
983 2494 1308 2541 cunctorum
1334 2485 1611 2556 patiamur
1630 2486 1939 2558 dispendia.
1972 2487 2039 2541 Et
2060 2487 2179 2543 haec

589 2576 774 2631 scribo
799 2593 1136 2649 cognoscens
1180 2578 1329 2648 quod
1356 2577 1533 2648 pietas
1559 2587 1651 2633 tua
1678 2578 1932 2633 trisletur
1960 2579 2016 2632 in
2048 2594 2177 2633 san-

588 2668 898 2722 ctiasimum
925 2677 982 2723 et
1002 2668 1098 2723 Dei
1124 2668 1396 2724 cultorem
1419 2668 1649 2724 fratrem
1663 2676 1721 2724 et
1735 2670 2175 2725 comministrum

590 2765 837 2811 nostrum
882 2757 1146 2813 Proclum
1176 2758 1519 2828 episcopum,
1571 2774 1639 2815 eo
1696 2761 1844 2830 quod
1890 2761 2179 2816 admiserit

588 2849 643 2903 in
673 2851 1116 2906 communionem
1139 2850 1467 2907 Eliensium
1489 2852 1831 2924 episcopum,
1858 2870 2022 2925 quem
2050 2854 2176 2925 qui-

586 2941 715 2995 dem
768 2940 1028 2998 Ecclesiae
1089 2944 1238 3014 leges
1302 2945 1602 3001 Palaestina:
1651 2948 2009 3017 praepositum
2065 2963 2177 3005 non

588 3041 882 3087 noverunt.
921 3033 1161 3088 Suscitat
1187 3045 1373 3089 autem
1396 3036 1462 3089 ad
1487 3037 1697 3093 eﬂ'rene
1724 3039 1929 3109 negotii
1955 3037 2175 3094 deside-

589 3123 735 3176 rium
787 3139 943 3178 amor
998 3125 1229 3195 gloriae,
1288 3143 1535 3183 amarum
1592 3132 1893 3186 terminum
1939 3132 2178 3189 inaniter

589 3212 817 3270 habens.
871 3215 1028 3286 192
1072 3217 1244 3288 Igitur
1272 3234 1343 3273 ne
1368 3219 1605 3293 refugiat
1625 3222 1804 3292 pietas
1825 3232 1918 3278 tua
1940 3225 2174 3280 sanctis-

2280 2050 2606 2121 τιλλόμενοι,
2637 2048 2905 2119 χειμῶνος
2935 2047 3287 2118 ἐπικειμένου
3328 2046 3424 2099 καὶ
3452 2046 3879 2118 κινδυνευούσης

2280 2140 2379 2211 τῆς
2409 2138 2575 2203 νεὼς,
2620 2137 2879 2201 ἀλύοντες
2921 2134 3383 2207 ἁποφορτίξονταί
3425 2153 3548 2190 τινα
3592 2136 3734 2207 ὑπὲρ
3774 2136 3875 2189 τοῦ

2281 2231 2454 2286 σῶσαι
2480 2230 2551 2284 τὰ
2571 2229 2752 2284 λοιπάο
2786 2227 2959 2292 οὕτως
2984 2230 3080 2282 καὶ
3102 2229 3262 2299 ἡμεῖς
3285 2227 3345 2279 ἐν
3373 2228 3489 2290 τοῖς
3521 2227 3871 2297 πράγμασιν,

2279 2321 2410 2374 ὅταν
2442 2319 2516 2390 μὴ
2543 2318 2636 2390 ἐξῇ
2670 2317 2733 2372 τὸ
2759 2317 2880 2371 λίαν
2909 2316 3137 2388 ἀκριϐὲς
3162 2314 3492 2379 ἀποσώζειν,
3532 2314 3871 2385 παρορῶμέν

2278 2397 2422 2475 τινα,
2452 2410 2539 2464 ἴνα
2576 2409 2651 2481 μὴ
2673 2409 2766 2464 τοῦ
2791 2407 2994 2472 παντὸς
3017 2407 3276 2477 πάθωμεν
3298 2405 3523 2475 ζημίαν.
3556 2405 3667 2459 Καὶ
3690 2403 3871 2460 ταῦτα

2280 2503 2476 2574 γράφω
2533 2501 2742 2574 μαθὼν,
2792 2503 2874 2556 ὅτι
2919 2502 2953 2572 ἡ
3007 2500 3076 2569 σὴ
3123 2497 3406 2551 θεοσέϐεια
3446 2494 3746 2566 λελύπηται
3786 2498 3871 2560 είς

2279 2592 2571 2647 ὁσιώτατον
2593 2592 2688 2646 καὶ⁵
2722 2590 3141 2644 θεοσεϐέστατον
3171 2587 3399 2655 ἀδελφὺν
3427 2584 3585 2656 ἡμῶν
3613 2585 3710 2638 καὶ
3741 2583 3872 2637 συλ-

2280 2681 2592 2751 λειτουργὸν
2619 2679 2918 2733 ἐπίσκοπον
2946 2677 3207 2751 Πρόκλον·
3230 2675 3305 2740 ὡς
3331 2674 3564 2729 λαϐόντα
3585 2675 3722 2745 πρὸς
3752 2692 3870 2728 κοι·

2280 2771 2476 2825 νωνίαν
2516 2770 2608 2824 τὸν
2657 2770 2758 2840 τῆς
2785 2767 3028 2823 ιΑἰλιέων
3066 2766 3386 2819 ἐπίσκοπον·
3422 2762 3484 2816 ὃν
3531 2763 3582 2814 οἱ
3628 2760 3728 2831 μὲν
3766 2759 3872 2830 τῆς

2292 2863 2619 2934 Ἐκκλησίας
2658 2860 2849 2932 θεσμοὶ
2884 2860 2985 2930 τῆς
3021 2856 3402 2928 Παλαιστήνης
3430 2853 3736 2925 ἡγούμενον
3766 2853 3870 2906 οὐκ

2268 2955 2479 3009 ,ἴσω-ιν.
2531 2952 2766 3025 Ἐγείρει
2803 2952 2858 3006 δὲ
2911 2949 3048 3021 πρὸς
3091 2948 3346 3020 ἀχάλινον
3396 2945 3493 2999 τοῦ
3539 2944 3870 3015 πράγματος

2278 3044 2575 3114 ἐπιθυμίαν
2596 3040 2867 3113 φιλοδοξία
2887 3040 3134 3102 διάκενος
3160 3036 3359 3108 πικρὸν
3385 3035 3586 3106 ἔχουσα
3606 3032 3670 3087 τὸ
3687 3032 3867 3094 τέλος.

2279 3135 2372 3205 Μὴ
2399 3133 2760 3203 ἀποφευγέτω
2796 3130 2976 3185 τοίνυν
3003 3132 3036 3202 ἠ
3065 3129 3132 3199 σὴ
3157 3128 3439 3182 θεοσέϐεια
3466 3126 3567 3198 τὴν
3599 3125 3738 3195 πρὸς
3773 3123 3870 3176 τὸν

2278 3224 2593 3288 ὁσιώτατον,
2643 3226 2738 3278 καὶ
2804 3222 3217 3293 θεοφιλέστατον
3263 3220 3565 3274 ἐπίσκοπον
3614 3214 3871 3284 Πρόκλον

586 3305 713 3360 simi
738 3314 795 3361 et
819 3306 930 3362 Deo
952 3309 1315 3366 amantissimi
1345 3312 1525 3368 Procli
1552 3315 1801 3386 episcopi
1826 3317 2173 3371 communio-
2202 3332 2204 3354 ι

2281 3316 2583 3372 κοινωνίανο
2624 3316 2720 3387 μία
2765 3314 2876 3386 γὰρ
2917 3314 3143 3383 γέγονεν
3180 3314 3225 3383 η’
3246 3311 3470 3384 φροντὶς
3512 3307 3634 3379 ἐμοί
3674 3324 3735 3361 τε
3772 3307 3873 3360 καὶ

590 3414 756 3457 nem:
781 3417 889 3456 una
918 3402 1067 3457 enim
1110 3403 1217 3459 fuit
1239 3419 1374 3460 cura
1404 3407 1542 3462 mihi
1563 3416 1622 3464 et
1648 3409 1928 3464 sanctitati
1950 3410 2091 3481 ejus,
2117 3417 2174 3465 et

2281 3411 2348 3481 τῇ
2387 3408 2626 3479 ὁσιότητι
2655 3406 2842 3462 αὐτοῦ·
2885 3407 2982 3461 καὶ
3009 3408 3038 3459 ὁ
3066 3406 3167 3476 τῆς
3201 3403 3511 3476 οἰκονομίας
3544 3400 3771 3473 τρόπος,
3808 3398 3872 3463 ὅς

587 3489 1012 3563 dispensationis
1041 3496 1238 3553 modus
1270 3498 1408 3555 nulli
1436 3499 1771 3570 sapientium
1800 3499 2100 3570 diSplicuit.

2282 3499 2462 3555 οὐδενὶ
2492 3498 2601 3555 τῶν
2630 3497 2866 3553 συνετῶν
2891 3499 3004 3570 ἀπή
3015 3514 3190 3569 ρεσεν.

1782 3811 2121 3880 EPISTOLA
2159 3813 2295 3870 Lvu
2336 3813 2429 3885 (οι.
2474 3812 2684 3880 XLIX).

1581 3962 1788 4003 CYRILLI
1820 3966 1886 4005 AD
1915 3966 2162 4006 ιιΑΧιιιυιι
2193 3968 2453 4006 DIACONULI
2478 3966 2862 4006 ANTIOCIIENL‘M.

585 4076 813 4155 Propter
863 4076 1443 4155 JoannisAAntiocheni
1488 4085 1715 4155 episwpi
1761 4101 1881 4138 cum
1922 4085 2256 4141 Nestorianis
2302 4088 2694 4141 conniventiam
2729 4083 3011 4147 occultam,
3043 4081 3288 4155 catholici
3314 4080 3673 4152 ferventiorcs,
3698 4079 3755 4132 in
3786 4082 3869 4155 his

709 4148 939 4226 agimus,
991 4148 1331 4226 Antioclgena:
1363 4148 1627 4226 Ecclesia:
1661 4148 1919 4226 diaconus
1950 4163 1999 4208 et
2031 4158 2475 4226 archimandrita,
2511 4173 2623 4211 sese
2655 4156 2718 4210 ab
2751 4157 2867 4226 ejus
2890 4153 3255 4226 communione
3285 4148 3869 4226 segregaverunt,‘n0ti
3984 4180 4001 4193 -ι

652 4216 949 4297 schismata:
1004 4220 1299 4297 periculum
1354 4222 1678 4297 inducentes.
1738 4222 1903 4297 Quod
1936 4227 2149 4297 quidem
2179 4225 2412 4297 Cyrillus
2436 4216 2654 4281 minime
2681 4216 2889 4297 pro'bat,
2924 4240 3142 4279 monens
3167 4216 3452 4276 diaconum
3472 4229 3528 4273 ut
3558 4219 3627 4274 ad
3649 4221 3731 4274 sui
3758 4238 3867 4291 pu-

653 4287 899 4343 triarcluc
920 4287 1341 4346 communionem
1365 4293 1567 4360 redeat,
1603 4287 2030 4367 quandoquidem
2067 4315 2085 4347 ‹
2110 4313 2191 4351 res
2219 4287 2416 4369 magna
2440 4306 2588 4367 egeat
2618 4287 3001 4351 moderatione.
3035 4314 3053 4346 ι

646 4422 891 4495 Cognovi
913 4442 980 4481 ex
1009 4426 1212 4485 dilecto
1238 4431 1510 4487 monacho
1529 4432 1701 4488 Paulo
1723 4434 1985 4504 pietatem
2009 4443 2159 4491 tuam

578 4534 751 4588 usque
801 4519 868 4574 ad
906 4519 1056 4575 hunc
1083 4521 1231 4577 diem
1264 4539 1522 4581 recusare
1546 4527 1993 4583 communionem
2028 4529 2159 4585 reli-

573 4607 869 4677 giosissimi
897 4610 1145 4681 episcOpi
1168 4611 1397 4669 Joannis
1417 4655 1432 4679 ,
1484 4630 1551 4670 eo
1584 4616 1731 4686 quod
1758 4616 1927 4688 aliqui
1951 4628 2080 4673 sunt
2103 4620 2159 4675 iu

2281 4621 2407 4693 πρὸς
2436 4621 2527 4676 τὸν
2577 4618 2966 4674 εὐσεϐέστατον
3014 4616 3269 4686 Ἰωάννην
3303 4612 3610 4678 κοινωνίαν,
3657 4612 3751 4667 διὰ
3804 4615 3873 4669 τό

572 4699 817 4756 Ecclesia
867 4701 1210 4759 Antiochena
1257 4706 1353 4776 qui
1396 4708 1482 4763 vel
1525 4708 1705 4764 adhuc
1749 4724 1876 4765 cum
1902 4710 2159 4766 Nestorio
2196 4759 2204 4785 ι

2281 4732 2421 4778 τινας
2450 4716 2508 4767 ὲν
2554 4716 2621 4785 τῇ
2666 4711 2977 4783 Ἀντιοχένῃ
3015 4708 3313 4779 Ἐκκλησία
3349 4704 3382 4776 ἢ
3416 4703 3757 4778 φρονοῦντας
3782 4705 3870 4761 ἔτι

571 4792 840 4859 sentiunt,
876 4794 964 4850 vel
995 4803 1290 4851 senserunt
1331 4795 1579 4868 quidem,
1622 4816 1772 4856 nunc
1797 4812 1983 4856 autem
2006 4802 2075 4857 ab
2096 4818 2164 4858 eo
2194 4759 2204 4820 l

2503 4759 2895 4876 Νεὲτορίου,’ἧ
2942 4759 3510 4872 πεφρονηκόταςιμεν,
3542 4796 3868 4866 ἀποσχομέ-

569 4882 802 4942 fortasse
848 4887 1151 4943 abstinent.
1207 4889 1521 4960 Perpendat
1573 4892 1741 4964 igitur
1785 4895 2017 4964 aequitas
2073 4902 2167 4950 tua

2281 4916 2391 4963 mu;
2416 4897 2471 4951 δὲ
2504 4898 2634 4961 ῐσως
2664 4893 2824 4950 εἶναι.
2855 4893 3219 4965 Δοκιμασάτω
3244 4889 3424 4947 τοίνυν
3465 4887 3527 4942 τὸ
3558 4888 3651 4941 σὺν
3678 4887 3869 4941 ἐπιει-

571 4985 757 5032 utrum
783 4979 1003 5036 tandem
1034 4980 1130 5051 qui
1150 4978 1411 5063 dicuntur
1428 4986 1748 5052 convenire,
1769 4988 1970 5057 palam,
2000 4994 2165 5057 atque

2281 4991 2378 5055 ιὲς,
2413 4988 2642 5059 πότερόν
2669 5003 2800 5041 ποτε
2828 4988 2878 5040 ot
2910 4985 3195 5054 λεγόμενοι
3221 4980 3575 5050 συνάγεσθαι,
3631 4978 3874 5049 γυμνῶς

2263 5042 2760 5151 καίΙάναιοξίύντως
2790 5076 2859 5131 τὰ
2888 5042 3308 5144 τοῦΙΙδξεστορίου
3341 5042 3435 5125 καὶ
3467 5042 3730 5140 φρονούσι
3767 5042 3909 5145 καὶξ

2346 4438 2588 4510 Ἐμαθον
2615 4437 2767 4506 παρὰ
2801 4435 2895 4490 τοῦ
2925 4432 3216 4505 ἀγαπητοῦ
3251 4432 3573 4505 μονάζοντος
3611 4429 3863 4497 Παύλου,

2267 4532 2349 4584 ὅτι
2384 4531 2734 4602 παραιτεῖται
2779 4529 2813 4600 ἡ
2856 4525 2922 4599 σὴ
2953 4524 3234 4580 θεοσέϐεια
3278 4523 3439 4595 μέχρι
3484 4522 3733 4593 σήμερον
3761 4522 3869 4595 τὴν

570 5070 925 5141 impudenter
974 5073 1302 5130 Nestoriana
1350 5085 1406 5131 et
1456 5079 1719 5145 sentiant,
1770 5088 1827 5135 et
1874 5096 2002 5135 cum
2042 5080 2167 5137 aliis

567 5163 734 5218 etiam
756 5163 1053 5234 loquantur
1078 5181 1091 5218 :
1121 5181 1193 5221 an
1220 5166 1519 5237 aliquando
1553 5165 1777 5239 quidem
1801 5172 2160 5226 cauteriatam

567 5252 870 5309 habuerint
905 5257 1322 5327 conscientiam,
1362 5275 1512 5314 nunc
1557 5264 1745 5317 autem
1791 5262 1917 5318 ideo
1953 5278 2158 5319 conve-

568 5342 752 5408 niant,
804 5344 953 5414 quod
1003 5346 1154 5415 ipsos
1216 5349 1542 5418 paenituerit
1591 5359 1903 5407 erratorum
1956 5353 2160 5423 quibus

570 5432 736 5487 simul
754 5434 972 5503 abrepti
997 5435 1236 5503 fuerant,
1263 5441 1468 5510 pudeat
1485 5451 1668 5499 autem
1689 5442 1924 5498 fortasse
1944 5444 2160 5515 lapsum

571 5535 735 5576 suum
774 5522 954 5577 fateri.
1006 5525 1156 5581 Solet
1194 5531 1342 5585 enim
1370 5533 1485 5589 fere
1514 5535 1618 5591 tale
1641 5536 1906 5607 quiddam
1932 5536 2021 5603 iis,
2062 5537 2159 5607 qui

571 5611 789 5686 decepti
810 5624 960 5681 sunt,
981 5622 1296 5677 usuvenire.
1315 5625 1471 5691 Quod
1498 5628 1544 5683 si
1561 5629 1683 5686 illos
1704 5646 1851 5686 nunc
1872 5630 1940 5688 ad
1953 5640 2157 5687 rectam

651 5770 699 5809 "
733 5773 780 5831 II
823 5768 953 5832 Cor.
994 5793 1109 5848 xui,
1141 5776 1193 5832 3.

2262 5171 2514 5227 λαλοῦσιν
2536 5171 2746 5243 ἑτέροις
2765 5212 2779 5236 ,
2804 5169 2839 5241 ἢ
2867 5163 3424 5238 κεκαυτηριασμένην
3451 5161 3552 5233 μὲν
3583 5160 3873 5232 ἐσχήκασι

2265 5282 2397 5320 ποτε
2422 5263 2522 5330 τὴν
2549 5262 2876 5333 συνείδησιν,
2906 5258 3229 5327 συνάγονται
3248 5256 3306 5309 δὲ
3331 5254 3427 5308 νῦν
3452 5250 3877 5324 μεταμεληθέν-

2263 5376 2370 5430 τες
2420 5359 2503 5428 ἐφ’
2555 5352 2637 5421 οἷς
2681 5353 3135 5425 συνηρπάγησαν,
3180 5347 3562 5418 αἰσχυνόμενοι
3607 5343 3667 5397 δὲ
3723 5344 3875 5406 ἴσως

2264 5450 2548 5522 ὁμολογεῖν
2578 5447 2639 5501 τὸ
2664 5448 2933 5514 πταῖσμα.
2985 5440 3285 5511 Συμϐαίνει
3323 5438 3434 5508 γάρ
3473 5452 3594 5489 τινα
3622 5433 3872 5522 τοιαῦτα.

2267 5521 2396 5611 περὶ
2429 5541 2556 5601 τοὺς
2586 5533 2966 5605 ἀπατηθέντας
2998 5529 3267 5600 γίνεσθαι.
3301 5524 3599 5619 ΚᾶνΔεῑδῃς
3629 5521 3874 5619 συντρέ-

2269 5644 2461 5698 χοντας
2493 5623 2587 5680 νῦν
2630 5626 2695 5694 τῇ
2730 5621 2864 5694 ὀρθῇ
2912 5618 3129 5687 πίστει,
3169 5615 3541 5688 ἀμνησικάκει
3580 5626 3714 5683 περι
3743 5615 3875 5663 τῶν
