4044 6212
202 282 303 340 591

1560 270 1896 330 EPISTULA
1935 275 2112 334 LVIII.

3393 288 3502 352 2:22

212 389 615 464 περελθόντων.
669 384 984 455 Βουλόμεωι
1030 382 1138 454 γὰρ
1184 381 1392 454 μᾶλλον
1437 384 1796 456 ἀρνουμένους

1907 387 2073 445 fidem
2103 404 2399 448 conversos
2421 394 2631 463 videas,
2658 398 2929 457 malorum
2953 407 3362 474 praeteritorum
3383 428 3498 471 me—

214 483 399 545 ,έτοδς
430 482 594 551 ὁρᾷν,
641 478 675 549 ἦ
720 474 1066 546 ἀναισχύντῳ
1110 473 1308 548 γνώμῃ
1363 475 1801 546 συνηγοροῦντας

210 576 315 637 ταῖς
347 568 657 639 Νεστόρίου
690 568 934 631 κακίαις
960 566 1053 619 ἵνα
1072 565 1128 619 δὲ
1163 565 1239 636 μὴ
1270 566 1520 638 δοκῶμεν
1551 570 1716 640 τιμᾷν
1741 570 1801 624 τὸ

200 662 535 734 ριὶόνεικον,
561 658 942 728 ἀσπασώμεθα
969 657 1069 727 τὴν
1111 657 1249 728 πρὸς
1285 656 1377 711 τὸν
1407 658 1799 715 εὐλαϐέστατον

193 755 508 809 ἐπίσκοπον
547 752 805 822 Ἰωάννην
836 748 1144 813 κοινωνίαν,
1180 750 1592 823 συγχωροῦντες
1629 750 1801 822 αὐτῷ,

201 848 301 901 καὶ
336 845 669 915 οἰκονομίας
711 843 877 896 ἕνεκα
916 841 994 912 μὴ
1044 840 1560 913 ἀκριϐολογούμενοι
1595 843 1802 916 σφόδρα

196 937 333 1006 περὶ
386 936 524 997 τοὺς
576 930 1113 1004 μεταγινώσκοντας.
1166 931 1495 1004 Οίκονομίας
1538 933 1679 1002 γὰρ,
1723 933 1801 998 ὡς

186 1029 358 1100 ἔφην,
391 1028 574 1083 δεῖται
608 1028 670 1081 τὸ
704 1028 943 1099 πρᾶγμα
972 1025 1195 1098 πολλῆς.

1909 482 2141 537 moriam
2162 482 2398 554 depone.
2432 487 2702 547 Malumus
2726 494 2873 547 enim
2901 511 3006 551 nos
3026 498 3216 556 videre
3236 517 3500 574 negantes

1908 585 2073 639 quam
2122 571 2485 631 defendentes
2522 577 2766 635 Nestorii
2794 583 2950 637 vitia.
2981 584 3277 655 Cazterum,
3313 571 3387 647 ne
3411 595 3498 647 vi-

1908 661 2140 717 deamur
2184 666 2557 724 contentionis
2598 673 2807 741 cupidi,
2845 675 3247 747 religiosissimi
3270 683 3499 741 Joannis

1909 755 2356 813 communionem
2395 761 2816 831 amplectamur,
2854 766 3203 841 indulgentes
3226 774 3300 839 ei,
3329 783 3499 847 atque

1908 854 1972 900 ut
2016 848 2415 905 convenienter
2462 852 2519 906 in
2562 853 2651 909 his
2684 856 2852 913 rebus
2876 859 3185 917 moderatio
3213 870 3494 932 teneatur,

1906 952 2019 992 non
2065 938 2301 995 nimium
2342 941 2639 1015 diligenter
2667 946 2726 1003 in
2752 963 2850 1005 eos
2880 952 2976 1021 qui
3022 954 3376 1025 resipiscunt,
3405 957 3494 1012 in-

1903 1028 2211 1099 quirentes.
2248 1032 2359 1090 Res
2395 1036 2567 1105 enim,
2613 1047 2677 1096 ut
2720 1040 2857 1109 dixi,
2903 1059 3114 1118 magnae
3153 1055 3276 1120 eget
3299 1046 3493 1105 mode-

1903 1121 2152 1178 rationis.

1582 1480 1915 1537 IiPlSTOLA
1951 1483 2133 1539 LVIII.

1681 1657 1747 1692 AI)
1783 1654 2017 1695 EUMDEM.

1331 1793 1585 1860 Ejusdem
1613 1810 1727 1848 cum
1752 1811 2022 1875 superiore
2044 1797 2364 1867 argumenti.

269 1944 349 2017 (I)
395 1942 746 2015 Κεκόμισται
775 1941 940 1998 πάλιν
963 1942 1035 1998 τὰ
1059 1943 1208 2017 παρά
1234 1944 1335 2016 τῆς
1361 1946 1464 2018 σῆς
1493 1945 1796 2012 θεοσεϐείας

1976 1951 2170 2007 Allatae
2217 1953 2421 2007 iterum
2465 1962 2596 2008 sunt
2634 1950 2856 2023 pietatis
2876 1960 2984 2010 tua:
3010 1953 3207 2011 littera:
3228 1971 3261 2012 a
3283 1956 3488 2015 dilecto

186 2042 511 2109 γράμματα
538 2037 629 2091 διὰ
652 2037 749 2089 τοῦ
774 2036 1061 2108 ἀγαπητοῦ
1091 2037 1415 2109 μονάζοντος
1435 2038 1671 2103 Παύλου,
1697 2041 1794 2094 καὶ

184 2130 371 2202 ἣσθην
419 2128 567 2199 ἄγαν
596 2126 831 2198 ἐντυχὼν
873 2129 1078 2192 αὐτοῖς,
1122 2129 1215 2183 τόν
1248 2147 1307 2183 τε
1358 2127 1521 2201 ζῆλον
1548 2130 1794 2200 ἐπέγνων

186 2222 527 2293 ἀκμάζοντα
569 2222 664 2275 καὶ
715 2219 833 2286 νῦν,
885 2220 945 2274 ὃν
991 2222 1132 2293 ὑπὲρ
1181 2222 1283 2293 τῆς
1331 2222 1499 2295 ὀρθῆς
1555 2223 1794 2289 πίστεως

188 2313 447 2382 ἐποιήσω
476 2312 582 2383 μὲν
610 2312 733 2376 ἀεὶ,
762 2310 910 2382 ἔχεις
936 2310 994 2364 δὲ
1023 2311 1117 2366 καὶ
1156 2311 1274 2378 νῦν,
1311 2313 1408 2367 καὶ
1438 2312 1580 2378 seu;
1610 2315 1692 2378 είς
1733 2313 1793 2367 τὸ

194 2399 422 2474 my.
468 2402 790 2473 Γέγραπται
838 2402 969 2473 γάρ·
1027 2402 1196 2457 «Ὅτι
1245 2405 1274 2457 ὁ
1316 2402 1687 2475 ἐναρξάμενος
1734 2405 1792 2460 ὲν

194 2495 333 2566 ὑμῖν
374 2494 540 2565 ἔργον
586 2494 792 2564 ἀγαθὸν
814 2537 830 2561 ,
874 2495 1262 2552 ὲπιτελεσάτω.
1304 2516 1324 2549 ι
1375 2498 1793 2567 Καταλαϐόντος

191 2567 261 2637 Et
290 2583 384 2637 τοῦ
419 2583 823 2639 εύλαϐεστάτου
855 2585 1230 2658 πρεσϐυτέρου
1276 2589 1632 2660 Πρεσεντίνου
1652 2632 1666 2658 ,
1696 2591 1793 2644 καὶ

193 2676 515 2743 διδάξειν-τός
556 2694 716 2737 τινα.
755 2676 1014 2747 γέγραφα
1049 2676 1194 2750 ἀπερ
1226 2674 1295 2750 ἦν
1337 2681 1488 2745 είκὸς
1520 2682 1657 2753 πρὸς
1700 2683 1793 2736 τὸν

194 2770 605 2825 εύλαϐέστατον
624 2770 719 2823 καὶ
741 2770 1157 2826 θεοσεϐέστατον
1179 2772 1475 2828 ἐπίσκοπον
1515 2774 1789 2846 Ἰωάννην,

196 2862 299 2917 καὶ
334 2863 475 2935 πρὸς
506 2861 603 2927 οὓς
634 2862 903 2935 ἠθέλησεν
938 2864 1390 2936 ἀρχιμσωδρίτας
1422 2865 1516 2920 καὶ
1556 2866 1655 2937 τὴν
1682 2867 1792 2920 τῶν

196 2954 529 3028 γριςένταιν
558 2953 790 3026 δύναμιν
816 2956 850 3025 ἡ
889 2954 955 3026 σὴ
985 2954 1239 3009 εὐλάϐεια
1270 2955 1573 3025 γνώσεται,
1605 2958 1797 3022 αὐταῖς
1817 2950 1836 2967 ’

197 3044 504 3117 ἐντυχοῦσα
553 3047 675 3109 ταῖς
711 3046 1041 3110 ἐπιστολαῖς.
1082 3046 1228 3117 Πλὴν
1268 3048 1446 3100 ἐκεῖνό
1494 3063 1657 3119 φημι⁸
1698 3049 1795 3118 τῆς

201 3137 299 3206 μὲν
323 3135 442 3205 γὰρ
470 3134 575 3205 σῆς
600 3134 884 3197 εὐλαϐείας
910 3133 1069 3206 ἔργον
1090 3131 1158 3205 ἦν
1189 3135 1250 3189 τὸ
1281 3137 1486 3207 μηδένα
1512 3137 1619 3191 τῶν
1647 3138 1797 3209 ἐχόν-

198 3243 307 3280 των
328 3224 761 3288 ύποσκάζουσαν
793 3226 895 3295 τὴν
928 3225 1189 3290 διάνοιαν,
1217 3225 1250 3296 ἢ
1284 3227 1363 3289 είς
1394 3226 1682 3280 κοινωνίαν
1708 3225 1794 3280 δέ·

199 3320 432 3390 χεσθαι,
488 3319 528 3392 ἢ
563 3319 641 3381 εἰς
676 3318 896 3389 ἀγάπην
941 3317 1040 3389 τὴν
1068 3319 1126 3372 ὲν
1171 3316 1416 3389 Χριστῷ.
1468 3319 1536 3371 Ἡ
1580 3318 1638 3373 δὲ
1683 3318 1793 3373 τῶν

200 3414 588 3485 διεστηκότων
633 3414 974 3484 πραγμάτων
1028 3411 1190 3481 φύσις
1212 3451 1227 3477 ,
1283 3413 1381 3466 καὶ
1425 3413 1524 3484 οὐχ
1567 3414 1795 3479 ἑκόντας

201 3505 349 3577 ἡμᾶς
378 3504 502 3558 ἐσθ’
536 3506 626 3559 ὅτε
663 3504 1062 3575 παραϐιάζεται
1111 3505 1207 3558 κιίι)⁵
1241 3504 1351 3558 τῶν
1396 3504 1546 3577 παρὰ
1590 3505 1793 3560 σκοπὸν

203 3596 297 3649 καὶ
324 3594 563 3667 γνώμην
589 3595 902 3667 ἀνέχεσθαι.
934 3595 1155 3667 Συνορῶ
1188 3595 1298 3667 γὰρ
1327 3597 1411 3649 ὅτι
1440 3596 1535 3650 καὶ
1573 3596 1738 3661 αὐτὸς
1762 3596 1793 3649 ό

207 3686 609 3751 εῦλαϐέστατος
651 3686 948 3752 ἐπίσκοπος
989 3687 1246 3758 Ἰωάννης
1273 3687 1587 3758 οἰκονομίας
1623 3687 1792 3742 δεῖται

210 3781 426 3851 πολλῆς,
472 3780 565 3833 ἵνα
584 3779 715 3842 τοὺς
741 3776 1089 3848 ἀφηνιῶντας
1113 3779 1368 3850 κερδάνῃ.
1397 3778 1464 3833 Αἱ
1491 3778 1599 3850 γὰρ
1629 3778 1795 3851 σκλη-

214 3872 303 3943 ραὶ
343 3871 613 3936 πολλάκις
651 3870 966 3926 ἀντιτυπίαι
1005 3870 1233 3935 πολλοὺς
1288 3870 1642 3925 ἐκϐάλλουσιν
1683 3872 1794 3924 ἀπ-

215 3964 768 4037 αναισχυντήσαντας’
782 3965 877 4018 καὶ
895 3964 1119 4035 ἄμεινον
1134 3962 1417 4027 κολακίαις
1446 3962 1648 4037 μᾶλλον
1670 3963 1795 4017 ὐπο-

214 4057 394 4129 ρέρειν
425 4057 558 4120 τοὺς
585 4055 1007 4127 ἀνθεστηκότας,
1043 4055 1078 4127 ἢ
1109 4056 1240 4124 γοῦν
1279 4058 1347 4125 τῇ
1376 4055 1477 4126 τῆς
1508 4055 1796 4128 ἀκριϐείας

218 4147 489 4218 ἰσχνότητι
532 4147 742 4202 λυπεῖν.
793 4148 1003 4219 Ὥσπερ
1039 4146 1149 4218 γὰρ
1199 4148 1248 4201 εί
1297 4148 1359 4203 τὸ
1410 4148 1570 4219 σῶμα
1612 4148 1795 4214 αὐτοῖς

217 4238 637 4310 ἀρρωστήσειεν,
691 4239 855 4311 χεῖρά
880 4256 985 4293 που
1026 4239 1245 4302 πάντως
1269 4239 1458 4311 ὀρέξαι
1491 4241 1620 4314 χρὴ,
1652 4240 1795 4295 οὕτω

216 4331 546 4394 πεπονθυίας
572 4331 673 4401 τῆς
696 4330 876 4401 ψυχῆς
896 4329 975 4383 δει
999 4346 1142 4394 τινος
1156 4332 1469 4401 οίκονομίας
1485 4371 1499 4396 ,
1529 4326 1616 4385 οἶα
1652 4331 1797 4402 φάρ-

219 4441 389 4491 μακον
449 4424 921 4496 προσφερομένης⁸
961 4426 1167 4490 αὐτοῖς.
1240 4425 1398 4479 Κατά
1449 4424 1624 4497 βραχὺ
1685 4426 1794 4497 γὰρ

218 4515 397 4583 ἥξουσι
432 4516 531 4569 καὶ
557 4516 713 4568 αὐτοὶ
753 4517 888 4586 πρὸς
921 4516 1187 4589 εἰλικρινῆ
1215 4516 1475 4571 διάθεσιν·
1508 4517 1606 4571 καὶ
1630 4513 1794 4572 αὗται

1897 2044 2169 2099 monacho
2213 2045 2419 2111 Paulo;
2469 2052 2527 2100 et
2554 2045 2775 2116 gavisus
2797 2061 2920 2101 sum
2959 2046 3091 2102 dum
3109 2063 3205 2105 eas
3224 2048 3485 2121 legerem,

1895 2132 1965 2187 de
1990 2140 2084 2188 tuo
2106 2150 2257 2190 nunc
2277 2135 2459 2190 adhuc
2482 2134 2735 2191 fervente
2757 2137 2895 2203 zelo,
2910 2152 3075 2208 quem
3091 2154 3194 2209 pro
3213 2148 3361 2195 recta
3378 2140 3487 2195 fide

1894 2234 1951 2281 et
1973 2226 2217 2283 habuisti
2258 2243 2498 2298 semper,
2529 2237 2586 2284 et
2623 2244 2771 2284 nunc
2791 2230 2957 2284 etiam
2988 2230 3217 2297 retines,
3251 2239 3309 2288 et
3334 2234 3486 2289 omni

1894 2315 2083 2371 futuro
2130 2325 2381 2387 tempore
2427 2317 2800 2374 conservabis.
2854 2318 3134 2389 Scriptum
3162 2327 3248 2376 est
3281 2322 3430 2376 enim
3468 2340 3483 2377 :

1901 2427 1920 2460 ι
1947 2407 2050 2476 Qui
2075 2410 2244 2481 coepit
2269 2410 2328 2465 in
2350 2410 2510 2466 vobis
2529 2426 2669 2481 opus
2688 2410 2916 2477 bonum,
2944 2410 3092 2468 idem
3114 2413 3364 2483 perﬁciet
3380 2416 3480 2469 ⁸⁸.»

1892 2499 2012 2556 Jam
2055 2515 2182 2555 cum
2227 2501 2337 2556 huc
2379 2501 2670 2573 advenerit
2708 2502 2997 2573 piissimus
3023 2504 3313 2577 presbyter
3335 2507 3484 2563 Prae-

1894 2590 2165 2658 sentinus,
2187 2600 2244 2646 et
2261 2592 2512 2662 quadam
2534 2594 2865 2659 narraverit,
2889 2595 3085 2666 scripsi
3102 2596 3248 2667 quod
3264 2612 3485 2668 aequum

1893 2690 2013 2737 erat
2044 2682 2113 2737 ad
2144 2683 2554 2753 pientissimum
2580 2691 2638 2739 et
2661 2684 3140 2754 religiosissimum
3162 2688 3484 2757 episcopum

1892 2774 2185 2841 Joannem,
2219 2784 2276 2831 et
2316 2775 2386 2831 ad
2434 2790 2575 2846 quos
2616 2777 2707 2833 ille
2748 2778 2927 2832 voluit
2971 2778 3481 2834 archimandritas:

1895 2865 2053 2935 cujus
2075 2866 2266 2936 scripti
2290 2865 2399 2921 mei
2425 2866 2819 2922 continentiam
2847 2867 3027 2937 pietas
3048 2876 3140 2922 tua
3167 2875 3481 2939 cognoscet,

1897 2971 2024 3011 cum
2048 2957 2194 3027 ipsas
2214 2957 2427 3014 litteras
2456 2958 2621 3029 leget.
2656 2958 2771 3014 Hoc
2794 2974 2966 3014 unum
2993 2960 3083 3015 aio
3119 2978 3132 3013 :
3170 2959 3484 3029 oportuisse

1896 3048 2121 3118 quidem
2161 3057 2222 3103 ut
2269 3044 2360 3105 tua
2396 3050 2574 3120 pietas
2626 3051 2906 3106 neminem
2935 3051 3178 3117 illorum,
3203 3052 3300 3121 qui
3327 3052 3484 3106 clau-

1897 3140 2113 3197 dicante
2137 3151 2319 3197 mente
2345 3152 2522 3208 erant,
2540 3144 2627 3199 vel
2651 3144 2708 3198 in
2725 3143 3173 3199 communionem
3186 3144 3482 3214 reciperet,

1895 3232 1985 3286 vel
2009 3232 2077 3286 ad
2099 3231 2304 3289 Christi
2329 3234 2479 3289 chari
2490 3242 2677 3290 tatem.
2713 3236 3107 3292 Verumtamen
3132 3236 3483 3307 negotiorum

1896 3326 2251 3394 praesentium
2275 3334 2473 3382 natura
2494 3328 2579 3382 vel
2610 3329 2767 3383 inviti
2790 3328 3163 3399 pertrahimur
3185 3329 3252 3383 ad
3274 3329 3483 3400 agenda

1894 3415 2139 3485 quaedam
2182 3425 2386 3486 praeter
2427 3417 2791 3473 intentionem
2851 3429 3096 3474 nostram
3161 3434 3225 3474 ac
3282 3421 3482 3474 volun-

1894 3514 2082 3563 tatem.
2121 3507 2295 3563 Simul
2338 3509 2503 3563 etiam
2548 3510 2715 3565 video
2762 3511 2945 3581 ipsum
2983 3525 3203 3580 quoque
3249 3510 3482 3580 pientis-

1894 3599 2095 3654 simum
2138 3601 2459 3670 episcopum
2493 3601 2760 3656 Joannem
2802 3602 2982 3657 multa
3002 3602 3082 3656 uti
3113 3601 3317 3657 debere
3344 3617 3482 3671 pru-

1894 3690 2101 3756 dentia,
2151 3699 2212 3746 ut
2250 3701 2605 3748 contumaces
2651 3693 2921 3748 lucretur.
2973 3693 3111 3748 Nam
3158 3693 3312 3748 durae
3338 3709 3484 3763 saepe

1895 3783 2209 3838 collisiones
2239 3784 2443 3839 multos
2476 3783 2545 3838 ad
2576 3783 2975 3854 impudentiam
3001 3783 3293 3853 impellunt
3323 3802 3335 3837 :
3363 3770 3509 3838 me~'

1893 3874 2113 3945 liusque
2135 3881 2222 3929 est
2240 3874 2440 3930 blande
2456 3876 2640 3945 potius
2660 3874 2934 3930 sustinere
2955 3874 3298 3939 resistentes,
3318 3889 3484 3944 quam

1891 3968 2033 4038 juris
2080 3968 2333 4022 acumine
2373 3967 2682 4023 molestiam
2727 3967 2862 4038 ipsis
2900 3982 3107 4024 creare.
3157 3966 3314 4033 Nam,
3340 3968 3485 4022 sicut

1896 4060 1943 4115 si
1973 4075 2176 4130 corpus
2216 4059 2325 4115 illis
2352 4059 2719 4131 aegrotaverit,
2751 4075 2918 4115 manu
2956 4073 3189 4130 prorsus
3212 4058 3482 4113 tractandi

1896 4150 2114 4206 forent:
2150 4152 2225 4207 ita
2248 4151 2522 4207 laboranti
2548 4152 2744 4206 animae
2769 4150 3062 4222 prudentia
3091 4149 3325 4223 quadam
3353 4164 3482 4205 suc-

1896 4243 2230 4298 currendum
2258 4250 2363 4309 est,
2402 4244 2630 4299 medela;
2651 4244 2826 4299 instar
2846 4230 3112 4298 adhibita.
3138 4240 3481 4297 Pcdetentim

1896 4333 2045 4387 enim
2097 4334 2204 4404 ipsi
2232 4349 2453 4405 quoque
2495 4335 2562 4389 ad
2586 4334 2865 4390 sincerum
2897 4335 3065 4389 animi
3090 4342 3292 4389 statum
3313 4334 3481 4390 devc-

1895 4424 2052 4479 nient
2078 4440 2091 4478 :
2117 4433 2282 4495 atque
2312 4424 2397 4479 ha:
2417 4432 2547 4480 sunt
2577 4422 2970 4494 cpitulationes
2985 4430 3041 4478 et
3056 4424 3482 4494 gubernationes

1896 4530 2034 4586 quas
2086 4516 2283 4573 beatus
2330 4518 2579 4572 nominat
2618 4517 2903 4572 Paulus”.
2938 4516 3019 4571 Ne
3054 4516 3237 4585 itaque
3259 4523 3479 4584 pertur-

220 4606 351 4657 εἰσιν
382 4606 441 4657 αί
480 4605 800 4676 ἀντιλήψεις
822 4607 919 4659 καὶ
953 4605 1329 4679 κυϐερνήσεις,
1359 4608 1425 4673 ἀς
1454 4609 1482 4661 ὁ
1523 4608 1795 4679 μακάριος

1899 4604 2063 4660 betur
2088 4614 2183 4661 tua
2209 4606 2560 4677 religiositas,
2584 4605 2800 4662 etiamsi
2832 4620 2943 4659 non
2974 4602 3269 4658 admodum
3291 4617 3483 4657 severe

222 4695 461 4766 ὠνόμασε
507 4696 740 4762 Παῦλος.
789 4696 883 4768 Μὴ
910 4698 1264 4770 ταραττέσθω
1292 4700 1471 4754 τοίνυν
1505 4701 1539 4771 ἡ
1585 4699 1652 4773 σὴ
1681 4700 1799 4754 θεο-

228 4786 437 4850 σέϐεια,
473 4787 578 4842 κᾶν
616 4788 691 4858 μὴ
724 4789 845 4843 λίαν
877 4789 1123 4862 ἀκριϐῶς
1153 4790 1500 4861 διοικούμενα
1542 4791 1614 4845 τὰ
1654 4792 1798 4863 πρά-

228 4893 408 4945 τματα
437 4878 630 4953 βλέπῃ,
659 4880 800 4934 κατά
832 4880 923 4934 τὸν
945 4882 1273 4953 ἐνεστηκότα
1317 4883 1552 4953 μάλιστα
1584 4884 1794 4953 καιρόν.

230 4969 297 5021 0-3
318 4969 431 5041 γάρ
458 4968 682 5041 θέλομεν
715 4974 924 5042 τεμεῖν,
952 4971 1088 5026 ἀλλὰ
1129 4972 1384 5043 συνάψαι,
1413 4975 1527 5038 τοῖς
1556 4974 1652 5028 τοῦ
1684 4976 1799 5028 Σω-

230 5055 387 5128 τῆρος
436 5059 693 5130 ἑπόμενοι
733 5059 932 5130 λόγοις·
986 5080 1005 5113 ι
1049 5062 1122 5115 Οὐ
1158 5062 1267 5133 γὰρ
1325 5062 1512 5134 χρείαν
1561 5063 1796 5134 ἔχουσιν,

231 5151 409 5218 φησιν,
430 5151 481 5203 οἱ
508 5152 842 5220 ὑγιαίνοντες
867 5152 1076 5226 ἰατροῦ,
1099 5154 1215 5207 ἀλλ’
1237 5155 1288 5208 οἱ
1317 5157 1504 5219 κακῶς
1529 5155 1761 5226 ἔχοντες.
1778 5175 1797 5208 ι

229 5240 292 5295 Εἰ
314 5243 407 5295 καὶ
443 5244 546 5308 ὅτι,
576 5244 698 5298 καθ’
739 5244 774 5299 ἃ
809 5245 973 5299 πάλιν
1004 5246 1165 5310 αὐτός
1205 5263 1392 5317 φησιν’
1435 5268 1453 5298 ι
1492 5248 1604 5301 Οὺκ
1640 5244 1803 5320 ἦλθον

234 5332 446 5388 καλέσαι
476 5334 744 5405 δικαίους,
773 5331 1304 5409 ἀλλὰάμαρτωλοὺς
1332 5339 1411 5402 είς
1438 5339 1750 5409 μετάνοιαν.
1780 5359 1800 5392 ι

305 5519 348 5553 ⁸
380 5521 607 5595 Philipp.
637 5540 676 5591 ι,
709 5522 764 5579 6.
842 5521 887 5554 ³³
910 5521 933 5579 I
957 5523 1084 5582 Cor.
1118 5540 1214 5592 xu,
1249 5523 1339 5579 28.
1420 5526 1460 5557 ³¹
1486 5526 1624 5582 Luc.
1650 5544 1706 5594 v,
1732 5525 1820 5581 31.

1896 4698 2118 4771 negotia
2139 4698 2513 4754 administrari
2536 4698 2741 4761 videat,
2765 4697 2870 4751 hoc
2888 4695 3195 4767 prasertim
3212 4701 3478 4764 tempore.

1898 4790 2034 4844 Nam
2082 4789 2229 4843 haud
2277 4797 2562 4859 amputare
2604 4788 2880 4853 volumus,
2915 4784 3010 4840 sed
3034 4783 3310 4854 colligare,
3352 4782 3477 4837 Serv

1897 4879 2106 4936 vatoris
2124 4879 2310 4935 verbis
2329 4879 2776 4949 obtemperantes
2804 4895 2817 4931 ε
2851 4896 2869 4928 ι
2895 4876 3017 4932 Non
3041 4874 3188 4930 enim
3212 4872 3479 4944 indigent,

1899 4971 2101 5040 inquit,
2119 4969 2333 5025 medico
2347 4969 2486 5034 sani,
2500 4968 2596 5023 sed
2614 4968 2755 5022 male
2770 4966 3037 5022 habentes
3054 4965 3117 5017 ³³.
3131 4983 3149 5015 ι
3174 4963 3480 5033 Siquidem,

1908 5060 2071 5116 sicuti
2104 5059 2251 5114 idem
2294 5073 2488 5113 rursus
2527 5058 2606 5112 ait
2635 5074 2648 5111 :
2692 5075 2713 5108 ι
2737 5057 2857 5111 Non
2899 5054 3028 5111 veni
3058 5067 3257 5110 vocare
3281 5054 3482 5126 iustos,

1904 5149 2000 5205 sed
2020 5156 2343 5221 peccatores
2373 5147 2441 5204 ad
2462 5145 2844 5220 ptenitentiam
2863 5144 2909 5178 "
2941 5163 2962 5198 ι

1899 5527 1944 5559 ³²
1982 5526 2123 5583 Ibid.
2169 5526 2259 5583 52.

310 5703 380 5775 (ί)
408 5707 481 5764 Ex
507 5709 640 5767 edit.
671 5708 811 5783 Aug.
852 5709 978 5767 Mai.
1010 5710 1334 5769 Bibliotheca
1373 5728 1508 5768 nova
1544 5711 1792 5777 Patrum,
1833 5719 1871 5766 t.
1900 5711 1965 5779 ll,
2007 5710 2192 5768 Roma:
2224 5711 2379 5778 l8”,
2403 5725 2458 5782 p.
2492 5711 2614 5768 108.
