4044 6212
1637 294 1694 348 S.
1735 289 2008 346 CYRlLLI
2050 287 2522 343 ALEXANDRINI
2564 286 2883 344 ARCHIEP.

3780 280 3890 339 31:5

2006 598 2342 655 EPISTOLA
2379 599 2514 654 ιλιι.

969 736 1045 808 (Ι)
1072 751 1280 790 cvnILLl
1321 751 1387 789 AD
1416 749 1749 790 ARISTOLAUH
1779 749 2051 789 Tntnunuu
2082 750 2152 788 ET
2180 749 2492 809 nonnum;
2535 747 2756 787 scmst
2784 746 3031 787 nosam};
3055 744 3406 785 nenomcuno
3426 727 3525 802 (2).

617 870 859 925 Monente
903 865 1122 937 Cyrillo,
1175 867 1467 935 imperator
1507 865 1821 949 Theodosius
1864 865 2477 949 Arisltolaum.misera‘t‘,
2521 866 2631 935 qui,
2664 863 3890 949 Ecclesias'prienlt‘ales.peragrans,ipsumque

681 934 961 993 Joannem'
986 934 1315 997 conveniens,
1348 943 1556 988 cunctos
1590 935 1917 1005 adstatutas
1941 936 2067 989 olim
2095 936 2240 1005 pacis
2263 934 2588 988 conditiones
2624 936 2879 1004 adigeret.
2917 936 3070 990 Hunc
3095 934 3326 1005 Cyrillus
3350 942 3523 987 monet
3545 934 3651 1005 qua
3679 939 3889 991 ratione

682 1009 908 1078 episcopi
951 1007 1201 1076 dogmata
1239 1005 1469 1078 Nestorii
1497 1004 1812 1075 singillatim
1842 1004 2121 1071 damnare,
2161 1005 2521 1076 synodumque
2550 1006 2877 1076 Epltesinam
2909 1004 3198 1076 legitimam
3231 1019 3514 1076 agnoscere
3543 1004 3789 1073 debeant,
3830 1017 3889 1061 ut

683 1080 851 1131 omnis
885 1085 1212 1130 removeatur
1233 1077 1485 1146 suspicio.

680 1211 948 1265 Dominus
973 1226 1127 1264 meus
1175 1208 1627 1278 religiosissimus
1649 1208 1941 1279 episcopus
1964 1203 2197 1259 Beroni-
2225 1206 2275 1265 Α
2303 1202 2719 1259 inhumanatum
2747 1210 2803 1258 et
2832 1203 3200 1269 incarnatum,
3238 1221 3349 1260 non
3377 1206 3434 1261 in
3460 1207 3599 1262 duos
3622 1209 3767 1265 ﬁlios
3797 1209 3887 1266 in-

610 1305 803 1359 cianus
833 1304 1052 1373 scripsit
1075 1302 1143 1356 ad
1165 1318 1251 1356 me
1283 1303 1429 1371 quod
1451 1303 1604 1372 pium
1628 1302 1911 1358 decretum
1930 1300 2043 1354 Deo
2062 1296 2199 1352 ami-

609 1412 800 1450 corum
838 1395 1149 1465 principum
1206 1404 1313 1448 tum
1350 1394 1766 1449 admirabilitati
1810 1393 1882 1449 sit
1910 1393 2195 1456 traditum,

610 1505 704 1557 per
751 1487 897 1557 quod
947 1487 1268 1555 praecipitur
1300 1495 1360 1540 ut
1389 1487 1632 1540 universi
1657 1485 2056 1557 religiosissimi
2077 1484 2198 1554 epi-

608 1578 759 1646 sc0pi
783 1576 1026 1631 Orientis
1055 1575 1585 1630 anathematizarent
1610 1577 1838 1646 impium
1859 1576 2192 1642 Nestorium,

606 1676 663 1723 et
684 1683 876 1722 omnes
908 1668 1027 1737 ejus
1073 1674 1267 1721 contra
1295 1666 1579 1721 Christum
1606 1668 1979 1737 blasphemias
2012 1667 2197 1722 dicere

607 1757 982 1812 Simonianam
1009 1771 1106 1811 seu
1136 1757 1517 1811 Nestorianam
1553 1758 1826 1813 hmresim.
1865 1757 1979 1811 Hoc
2008 1765 2111 1821 est,
2137 1767 2198 1812 ut

604 1848 865 1911 arbitror,
911 1856 967 1901 et
993 1847 1141 1901 aliud
1167 1847 1327 1901 nihil.
1362 1848 1701 1919 Signiﬁcavit
1725 1858 1909 1904 autem
1939 1850 2067 1919 quia
2096 1866 2194 1920 pa-

604 1942 709 1993 rati
758 1940 869 1994 sint
914 1939 1161 1994 universi
1204 1940 1599 1996 aestimationes
1631 1942 1717 1996 vel
1754 1943 2044 2012 opiniones
2068 1959 2194 1999 suas

603 2047 634 2085 a
682 2032 775 2085 tali
827 2033 1141 2102 suspicione
1184 2033 1442 2100 liberare,
1488 2050 1555 2090 eo
1595 2036 1743 2105 quod
1786 2037 1898 2090 sint
1935 2036 2194 2090 omnibus

602 2122 781 2177 modis
804 2124 962 2177 liberi
994 2125 1063 2179 ab
1103 2125 1251 2179 illius
1288 2126 1664 2195 blasphemiis.
1701 2129 1834 2198 Ego,
1858 2145 2046 2198 pacem
2072 2144 2192 2199 qua:

601 2229 703 2282 per
738 2214 1039 2289 Christum
1062 2217 1303 2285 praestita
1328 2224 1412 2271 est
1440 2218 1701 2273 Ecclesiis
1730 2218 1948 2273 ﬁrmare
1978 2221 2187 2286 volens,

600 2319 701 2360 oro
722 2306 947 2374 quidem
978 2318 1036 2362 ut
1060 2308 1244 2362 cuncti
1290 2309 1431 2362 hanc
1454 2309 1695 2364 habeant
1720 2310 2105 2376 intentionem,
2134 2321 2191 2367 et

600 2412 631 2451 a
661 2397 902 2453 Nestorii
927 2414 1127 2453 vocum
1150 2400 1492 2455 novitatibus
1511 2400 1624 2455 sint
1647 2402 1859 2455 mundi.
1895 2402 2033 2468 Quia
2057 2419 2191 2458 vero

600 2490 794 2545 dicunt
815 2492 961 2561 quod
980 2493 1117 2546 nihil
1144 2493 1379 2562 amplius
1407 2504 1669 2563 expetere
1700 2495 1998 2550 debeamus
2020 2511 2189 2564 super

2302 1294 2618 1360 cidendum,
2643 1295 2739 1350 sed
2762 1296 3018 1350 eumdem
3044 1312 3112 1351 ex
3132 1297 3243 1351 Deo
3265 1297 3620 1354 ineﬂ‘abiliter
3636 1302 3885 1371 genitum

2300 1396 2427 1441 ante
2461 1402 2623 1441 omne
2654 1394 2892 1456 tempus,
2924 1395 2980 1442 et
3007 1388 3063 1441 in
3097 1388 3306 1444 ultimis
3330 1391 3514 1445 saeculi
3543 1394 3886 1462 temporibus

2299 1478 2553 1533 eumdem
2583 1479 2886 1534 secundum
2910 1495 3131 1535 carnem
3154 1497 3221 1536 ex
3244 1482 3500 1548 muliere,
3523 1484 3598 1537 ita
3619 1494 3753 1540 utet
3777 1503 3886 1543 una

2298 1570 2418 1639 ejus
2462 1586 2696 1639 persona
2729 1571 2821 1625 sit.
2880 1571 2971 1626 Sic
2994 1572 3143 1626 enim
3184 1574 3281 1627 Dei
3319 1574 3643 1644 genitricem
3677 1577 3880 1633 intelli-

2298 1662 2477 1731 gimus
2499 1663 3123 1733 sanctamVirginem,eo
3135 1665 3281 1734 quod
3303 1666 3376 1721 sit
3396 1667 3541 1722 idem
3556 1669 3700 1724 Deus
3719 1671 3881 1726 simul

2298 1766 2461 1826 atque
2486 1758 2672 1823 homo,
2721 1760 2923 1830 quippe
2961 1761 3056 1830 qui
3080 1762 3577 1819 inconvertibilitcr
3601 1778 3658 1822 et
3686 1768 3882 1823 incon-

2296 1849 2416 1905 fuse
2441 1852 2760 1908 incarnatus
2790 1863 2845 1909 et
2877 1854 3270 1912 inhumanatus
3294 1866 3379 1911 est
3403 1859 3741 1929 unigenitus,
3762 1880 3882 1919 esse

2295 1958 2429 1997 vero
2480 1960 2607 1998 eum
2648 1946 2967 2014 passibilem
2998 1950 3223 2019 quidem
3271 1950 3631 2008 humanitatis
3660 1964 3880 2021 natura,

2294 2036 2407 2105 pati
2438 2053 2569 2092 vero
2616 2054 2743 2093 eum
2796 2041 3135 2112 impossibile
3182 2054 3379 2100 natura
3402 2047 3729 2114 divinitatis,
3769 2053 3882 2121 pati

2292 2141 2419 2181 eum
2449 2130 2671 2199 propria
2696 2146 2857 2186 carne
2884 2134 3189 2189 secundum
3218 2137 3554 2209 Scripturas.
3594 2141 3689 2196 His
3720 2158 3881 2196 nam-

2291 2235 2399 2290 que
2413 2223 2724 2293 conjunctis
2740 2227 3075 2283 anathemati
3095 2230 3159 2283 ad
3168 2246 3359 2285 versus
3371 2232 3684 2288 Nestorium
3700 2240 3880 2292 omnis

2290 2312 2359 2368 de
2394 2326 2613 2380 caetero,
2668 2326 2729 2370 ut
2770 2326 2953 2373 tamen
3004 2321 3266 2388 arbitror,
3313 2326 3534 2380 vacabit
3582 2327 3875 2395 incusatio,

2287 2415 2343 2459 et
2387 2409 2591 2462 munda
2649 2410 2755 2463 erit
2807 2413 3145 2469 conscientia
3190 2416 3497 2483 hominum,
3562 2429 3621 2474 ut
3668 2437 3773 2475 nec
3820 2423 3877 2476 hi

2289 2497 2384 2567 qui
2439 2515 2538 2568 per
2589 2501 2842 2557 civitates
2892 2513 3022 2559 sunt
3068 2508 3257 2576 populi
3312 2510 3609 2581 conﬂigant
3642 2514 3879 2569 ulterius

598 2597 663 2636 ea
706 2598 827 2651 qua:
872 2583 1188 2653 imperiales
1223 2592 1279 2637 et
1317 2585 1421 2653 pia:
1450 2586 1646 2640 litterae
1668 2587 1972 2651 continent,
2003 2594 2059 2639 et
2085 2587 2191 2641 hoc
2221 2579 2263 2634 Β
2291 2598 2484 2644 contra
2510 2606 2588 2657 se,
2621 2594 2706 2647 vel
2739 2596 2965 2650 omnino
2988 2599 3366 2655 scandalizans
3392 2602 3602 2672 aliquid
3624 2604 3678 2658 in
3701 2607 3877 2676 magi-

598 2682 795 2741 petunt
818 2689 847 2729 a
871 2682 965 2728 tua
990 2675 1216 2739 virtute,
1250 2674 1498 2745 dignare,
1532 2677 1779 2730 omnium
1805 2678 2047 2747 juvando
2071 2677 2191 2747 opi-

598 2764 842 2829 nionem,
879 2779 1191 2834 prteparare
1226 2764 1351 2819 illos
1384 2766 1851 2820 anathematizare
1876 2766 2192 2821 Nestorium

595 2864 653 2910 et
695 2856 903 2925 polluta
926 2857 1047 2927 ejus
1074 2856 1349 2926 dogmata,
1388 2872 1629 2926 eumque
1663 2857 1869 2912 habere
1892 2857 2189 2929 dejectum,

2292 2679 2452 2743 stris,
2501 2683 2825 2741 conﬁtentes
2872 2689 3019 2756 quod
3066 2693 3249 2745 cuncti
3293 2703 3579 2750 teneamus
3625 2696 3681 2751 in
3716 2699 3879 2753 nobis

2293 2778 2503 2825 rectam
2554 2783 2609 2828 et
2648 2776 3075 2835 inaccusabilem
3121 2782 3305 2837 ﬁdem.
3359 2785 3483 2841 llmc
3506 2788 3655 2842 enim
3681 2790 3876 2859 scripsi

2292 2861 2518 2918 domino
2565 2882 2688 2921 meo
2737 2870 2995 2941 episcopo
3036 2874 3417 2931 Beroniciano.
3470 2879 3723 2934 Arbitror
3744 2898 3877 2937 vero

597 2950 892 3001 credentes
909 2962 1080 3000 unum
1107 2961 1230 3000 esse
1248 2948 1543 3002 Dominum
1561 2959 1809 3005 nostrum
1829 2951 2016 3006 Jesum
2034 2951 2194 3006 Cbri-
2292 2955 2440 3023 quod
2477 2957 2544 3011 ad
2572 2958 2718 3013 idem
2746 2963 3004 3032 respiciat
3030 2966 3206 3021 virtus
3249 2968 3595 3038 imperalinm
3619 2972 3876 3028 decreto-

594 3044 743 3094 stum
788 3037 988 3092 Filium
1015 3038 1135 3105 Dei,
1182 3040 1372 3108 utique
1402 3041 1747 3111 unigenitqu
1787 3043 1907 3113 ejus
1936 3042 2180 3099 Verbum

2289 3060 2436 3115 rum,
2461 3056 2516 3104 et
2539 3050 2677 3106 nihil
2710 3053 2798 3108 his
2823 3069 2944 3125 quae
2968 3068 3239 3129 praecepta
3262 3070 3391 3115 sunt
3415 3062 3802 3135 adjecerimus.

1938 3355 2116 3427 192'
2155 3357 2490 3418 EPISTOLA
2526 3362 2639 3418 Lx.

2048 3512 2116 3551 Αι)
2146 3513 2248 3552 wn
2259 3515 2365 3554 neu
2397 3500 2492 3571 (5).

598 3615 869 3681 Queritur,
906 3615 1046 3669 inter
1073 3612 1367 3711 Orientales
1396 3622 1681 3711 nonnullos
1725 3628 1941 3709 nonnisi
1959 3632 2127 3711 .verbo
2163 3636 2903 3711 tenus_tantu_m_Nestorium
2935 3643 3412 3711 anathematizarc,
3453 3664 3471 3697 ι
3503 3647 3717 3703 Audent
3741 3666 3870 3707 vero

945 3703 1128 3741 rursus
1159 3706 1221 3743 ea
1253 3698 1301 3743 et
1323 3708 1510 3761 sapere
1532 3702 1580 3747 et
1611 3694 1753 3766 loqui
1778 3715 1895 3768 qua:
1922 3701 2033 3771 ejus
2058 3712 2198 3756 sunt.
2229 3723 2247 3755 ι
2288 3705 2518 3761 Nestorii
2552 3707 2847 3763 doctrinam
2878 3694 3240 3782 compendiose
3273 3694 3506 3787 exptinit.

662 3828 879 3883 Piarum
898 3831 1244 3885 sanctionum
1260 3849 1383 3903 quae
1398 3848 1575 3905 nuper
1602 3836 1671 3890 ad
1696 3838 2181 3898 admirabilitatem
2212 3849 2254 3907 C
2288 3861 2437 3911 rum,
2484 3862 2625 3917 quos
2657 3856 2715 3902 et
2753 3850 3035 3921 contingat
3078 3853 3414 3924 magniﬁcari
3451 3866 3639 3912 contra
3679 3859 3871 3917 hostes

592 3928 741 3974 tuam
764 3931 893 3976 sunt
932 3924 1269 3979 transmissae
1287 3926 1549 3983 virtutem
1578 3929 1968 3989 addidicerunt
1990 3949 2183 3991 omnes

590 4018 702 4064 tam
728 4012 821 4081 qui
849 4024 978 4068 sunt
1008 4015 1065 4069 in
1095 4031 1290 4087 magna
1314 4017 1645 4074 Alexandria
1683 4023 1872 4078 zelotes
1899 4040 2063 4094 quam
2085 4026 2181 4096 qui

589 4116 689 4170 per
702 4102 1012 4159 universam
1031 4121 1252 4176 quoque
1260 4107 1556 4180 Egyptum
1569 4112 1955 4183 episcoporum
1965 4118 2181 4189 religio-

588 4190 813 4255 sissimi,
844 4200 900 4246 et
920 4210 1112 4250 rursus
1138 4197 1420 4253 orationes
1445 4214 1548 4269 pro
1576 4200 1737 4257 donis
1764 4206 2068 4263 obtulimus
2094 4208 2179 4263 in-

589 4280 926 4337 tentissimas
968 4285 1081 4340 Deo
1115 4286 1184 4342 de
1207 4288 1440 4345 victoria
1470 4297 1527 4344 et
1556 4297 1943 4361 permansione
1966 4299 2177 4355 amico-

588 4388 712 4427 rum
737 4372 942 4431 Christi
961 4386 1017 4432 et
1042 4379 1583 4450 religiosissimorum
1610 4388 1922 4459 principum
1946 4401 2166 4448 nostro-

658 4531 1481 4619 (1).Λξῐχηεγιιοιξὶνοουὲιινθτε.
1542 4546 1863 4616 tragoediam
1945 4551 2169 4619 Irenzei,

584 4602 705 4672 cap.
726 4602 846 4657 194.
876 4602 1069 4669 Mansi,
1105 4607 1170 4671 v,
1196 4607 1319 4662 969.

678 4672 1118 4754 gjnBeroni‘cigno
1149 4693 1232 4747 ep.
1274 4678 1419 4750 Tyri,
1455 4684 1512 4736 in
1540 4686 1821 4754 provincia
1851 4689 2166 4748 Phoenicim.

583 4739 811 4829 Dimeile
837 4752 921 4829 est
942 4739 1558 4829 delinire'tempusﬂuo
1590 4739 2168 4829 illeadiepis-cop-atu'm

581 4820 811 4892 vocatus
836 4822 920 4867 est
950 4815 1108 4892 istius
1133 4815 1391 4892 civitatis.
1422 4815 1610 4892 Lupus
1626 4815 1927 4882 arbitratur
1946 4815 2168 4887 succos:

581 4880 963 4961 sisselrenteo,
996 4884 1144 4961 hunc
1168 4902 1298 4941 vero
1322 4889 1484 4961 Cyro,
1509 4880 1675 4961 quem
1698 4880 1930 4953 miratur
1946 4880 2160 4956 nullibi

581 4952 856 5030 nominari
890 4954 943 5007 in
974 4956 1143 5030 gestis
1169 4952 1383 5030 synodi'
1416 4952 1723 5030 Ephesinze.
1777 4968 1845 5021 Et
1882 4952 2159 5027 ιέιιιιὲἧῖιὶ

581 5022 837 5099 mandato
860 5022 1006 5099 quod
1027 5022 1335 5099 Orientales
1358 5022 1558 5099 Ephesi
1582 5037 1867 5091 constituti
1887 5022 2162 5095 dédé’r‘uiii

579 5091 770 5172 legatis
808 5091 922 5173 suis
949 5091 1476 5173 Constantinopolim
1518 5091 2163 5173 proﬁciscentibusrllla;

580 5165 764 5217 carius
800 5165 1089 5235 episcopus
1121 5165 1475 5225 Laodiéensis
1509 5165 1713 5227 dicitur
1738 5176 1919 5231 facere
1949 5165 2160 5235 sermo-
2196 5174 2238 5227 Ι)

579 5247 720 5318 neu;
756 5250 887 5318 pro“
929 5235 1067 5315 Cyro
1136 5239 1394 5318 episcopo
1425 5242 1749 5318 _Tyriorum
1814 5252 2156 5318 metropolis.

580 5301 946 5389 lEtLSvnIodici
975 5301 1101 5389 cap.
1239 5318 1309 5389 et
1323 5301 1394 5363 Ξῖ
1424 5301 1568 5389 inter
1603 5316 1853 5389 reliquos
1872 5301 2160 5389 episcopos

580 5370 887 5459 orientales
932 5370 1229 5459 subscribit
1271 5378 1445 5450 Cyrus
1484 5370 2152 5459 episcopusiTyifi—jllluic

581 5439 767 5525 igitur.
792 5441 1164 5525 defunctonait
1198 5439 1384 5520 Lupus
1414 5439 2061 5525 successisserlrenaium,
2096 5469 2155 5516 et

831 5527 975 5600 anni}
1000 5514 1122 5600 {152,
1146 5508 1641 5600 postrterminatam
1666 5508 2156 5600 *s'y'nb'diiﬁ'ﬁiihél

576 5581 757 5668 simul
767 5596 809 5668 5‘
821 5581 983 5668 quod
999 5581 1165 5668 recte
1184 5589 1524 5668 colligerese
1544 5581 1725 5668 putat”
1737 5612 1804 5651 ex
1826 5581 2156 5668 epistolalﬁ

578 5611 752 5632 amanu
780 5622 792 5642 ,
827 5611 971 5649 quuu
1005 5611 1151 5639 locus
1184 5611 1442 5659 cuulgel'c
1467 5611 1524 5647 se
1596 5611 1711 5648 11ml.
1737 5612 1804 5651 CX
1826 5611 2057 5668 epistola
2085 5611 2156 5655 42

578 5648 856 5732 §ynouici,
916 5666 1078 5719 quam
1138 5658 1373 5714 credidit
1418 5662 1487 5715 ab
1543 5611 1750 5721 [gean
1798 5670 2054 5732 scriptam
2087 5672 2157 5726 ad

575 5718 974 5776 Candidianum
1008 5738 1023 5787 ;
1063 5738 1189 5778 cum
1219 5739 1427 5800 contra
1461 5734 1665 5804 scripta
1697 5718 1767 5791 sit
1798 5718 2155 5797 'J'i'iféiid'éi

2284 3946 2341 3993 et
2356 3939 2703 3994 corroborari
2716 3940 2979 3996 adversus
2996 3956 3212 3997 omnem
3228 3945 3602 4001 resistentium
3615 3965 3866 4017 manum,

2285 4042 2346 4087 ut
2371 4032 2543 4087 simus
2572 4033 2835 4088 omnesin
2859 4049 2992 4103 pace
3028 4042 3191 4104 atque
3222 4037 3427 4092 laetitia.
3456 4040 3553 4094 Est
3573 4058 3704 4098 vero
3723 4045 3780 4099 id
3812 4057 3869 4101 et

2282 4132 2390 4179 tua:
2433 4124 2871 4179 admirabilitatis
2904 4125 3086 4179 studio
3126 4126 3370 4196 dignum.
3415 4130 3671 4201 Oportuit
3713 4139 3864 4192 enim

2281 4221 2343 4266 ut
2380 4214 2502 4279 tibi,
2540 4216 2635 4285 qui
2672 4215 2798 4270 talis
2838 4229 2917 4279 es,
2955 4222 3011 4269 et
3046 4215 3142 4284 qui
3174 4219 3407 4275 multum
3440 4222 3682 4280 intendis
3711 4228 3865 4296 quod

2276 4306 2428 4375 pium
2455 4316 2559 4373 est,
2595 4319 2652 4364 et
2680 4310 2849 4369 habes
2877 4315 3149 4372 fervidum
3176 4315 3374 4384 zelum,
3403 4320 3530 4375 dico
3552 4332 3735 4377 autem
3758 4336 3864 4389 pro

2277 4398 2480 4466 pietate
2513 4412 2569 4456 et
2604 4403 2955 4463 immaculata
2993 4409 3121 4476 ﬁde,
3162 4412 3600 4467 committeretur
3632 4423 3692 4467 et
3727 4414 3862 4468 hoc.

2270 4564 2410 4621 reto,
2442 4559 2609 4614 missa
2631 4562 2700 4617 ab
2716 4563 2956 4635 flrenaao.
2987 4567 3188 4621 Verum
3211 4584 3335 4623 cum
3357 4569 3609 4623 exsilium
3633 4569 3863 4635 lrenaai,

2269 4642 2379 4695 quo
2404 4644 2514 4682 una
2550 4646 2677 4706 cum
2712 4634 2908 4689 Photio
2940 4636 3210 4706 relegatus
3231 4648 3314 4693 est
3341 4640 3396 4693 in
3426 4640 3635 4702 Pctras,
3666 4634 3862 4696 videa4

2269 4706 2360 4778 tu_r
2417 4700 2735 4778 contigisse
2761 4720 2906 4778 anno
2962 4700 3085 4771 456',
3132 4710 3259 4777 quia
3302 4709 3513 4763 sanctio
3554 4700 3864 4778 imperialis

2267 4767 2449 4847 missa.
2467 4767 2644 4848 estad
2670 4773 2963 4848 Isidorum,
2999 4767 3109 4848 non
3135 4767 3371 4832 absurda
3400 4767 3720 4848 conjectura
3746 4784 3863 4836 erit

2267 4837 2313 4935 si
2358 4837 2955 4935 qui-solleropicianum
2993 4846 3132 4935 Cyro
3158 4837 3858 4935 s'uccessisse'suspicetur,

2267 4906 2627 4965 Beroniciano
2675 4913 2958 4968 lrenieum.
3003 4906 3137 4970 Nam
3183 4906 3862 4976 Beronicianum'lrenteo

2267 4981 2668 5058 nonpotuisse
2715 4984 3009 5058 succedere
3054 4987 3182 5058 hinc
3212 4989 3503 5042 manifeste
3548 4990 3859 5058 colligitur,

2269 5047 2682 5128 quodlrenaius
2704 5054 3023 5128 episcopatu
3055 5057 3220 5127 Tyrio
3242 5060 3432 5128 pulsus
3463 5067 3546 5113 est
3580 5047 3725 5113 annuo
3748 5047 3862 5115 μέ

2269 5120 2536 5197 rescripto
2586 5120 3217 5197 Theodosii:_in1perat.,
3242 5120 3418 5197 'quod
3438 5129 3648 5183 editum
3681 5140 3769 5183 est
3801 5132 3861 5186 in

2266 5195 2414 5268 tomo
2460 5189 2835 5268 Conc_ilio_r_u1_n
2877 5189 3068 5268 (Marisi
3098 5198 3164 5267 ν)
3197 5189 3253 5251 et
3279 5189 3523 5268 dejectus
3546 5199 3602 5252 in
3630 5201 3858 5267 praeda-

2259 5258 2418 5339 toria
2447 5261 2657 5339 synodo
2708 5258 3447 5339 Ephesi‘naL‘ut'EvagFius
3486 5258 3858 5339 scholasticus

2260 5328 2426 5381 tradit
2466 5328 2561 5384 lib.
2613 5350 2650 5396 ι,
2698 5328 2819 5396 cap.
2867 5334 2952 5387 lO.
2997 5336 3061 5390 Ei
3089 5328 3419 5393 successisse
3451 5338 3709 5393 Photium
3744 5339 3856 5394 do—

2250 5408 2375 5477 cent
2394 5399 2526 5477 dcta
2548 5403 2739 5477 synodi
2760 5399 3077 5477 Berytensis
3098 5408 3296 5463 habita:
3317 5409 3573 5463 Kalendis
3597 5408 3856 5477 Septem—

2252 5467 2369 5541 bris
2400 5470 2457 5522 P.
2478 5472 2538 5526 C.
2567 5467 2803 5527 Zenonis
2828 5467 2885 5527 ei
2907 5475 3309 5541 Posthumiani,
3334 5480 3539 5533 reiecta
3554 5479 3607 5532 in
3626 5467 3857 5535 actione

2251 5536 2463 5593 decima
2498 5544 2718 5597 concilii
2746 5544 3231 5603 Chalcedonensis.
3265 5536 3457 5603 Bawz.

2254 5609 2400 5734 99?
2446 5611 2527 5666 Ex
2570 5613 2765 5669 eodem
2821 5614 3113 5687 Synodico,
3178 5633 3297 5689 cap.
3348 5619 3472 5675 209.
3536 5617 3733 5687 Mansi,
3780 5619 3853 5685 ν,
