4044 6212
317 280 415 333 Ξίὶὸ

1667 280 2002 338 EPISTOLA
2042 283 2127 337 LX
2136 283 2173 337 l.

3467 296 3572 353 596

313 398 376 451 Et
409 393 627 448 orabam
657 393 881 463 quidem
920 403 981 447 ut
1014 408 1207 448 omnes
1226 410 1326 464 per
1363 393 1642 450 Orientem
1669 398 1886 468 religio—
1913 402 1960 458 Α
1992 400 2227 455 rentiam
2252 398 2412 463 filios,
2445 399 2542 454 sed
2570 399 2628 454 in
2650 417 2818 456 unum
2845 402 3148 473 Christum,
3180 407 3233 462 id
3255 416 3360 476 est,
3384 411 3576 473 unige-

308 485 507 541 sissimi
545 485 790 554 episcopi
839 500 944 539 nec
973 485 1215 554 suspecti
1252 501 1280 538 a
1313 485 1583 556 principio
1614 487 1888 543 ullatenus

310 580 498 633 ﬁerent
525 577 593 631 de
618 577 762 632 malo
786 592 955 632 sensu
981 578 1243 642 Nestorii,
1274 579 1369 633 sed
1397 579 1668 634 sinceram
1693 589 1749 635 et
1775 596 1890 634 om-

307 672 357 724 ni
399 670 816 740 inquinamento
858 670 1089 724 liberam
1133 671 1450 740 opinionem
1494 681 1551 726 et
1591 672 1769 743 ipsum
1795 689 1891 728 cor

304 761 647 815 habuissent.
692 761 784 816 Sic
823 762 975 816 enim
1013 762 1245 816 verbum
1292 763 1545 818 veritatis
1579 775 1728 820 recte
1777 771 1892 819 tra-

303 861 512 906 ctantes
539 852 605 915 ³³,
637 866 829 906 curam
853 853 1142 908 decentem
1162 854 1540 924 probatissimi
1560 855 1888 911 induissent.

303 942 427 1006 Sed,
463 950 526 995 ut
559 943 806 1006 addisco,
843 945 1089 1014 linguam
1116 945 1337 1016 quidem
1365 947 1638 1011 nonnulli,
1663 956 1719 1002 et
1746 946 1893 1017 quod

297 1034 499 1088 attinet
553 1051 728 1104 usque
766 1036 833 1089 ad
870 1050 1206 1102 sermonem,
1243 1038 1707 1092 anathematizant
1735 1053 1892 1092 vesa-

295 1127 446 1179 niam
487 1126 752 1191 Nestorii,
790 1128 1000 1182 audent
1036 1144 1165 1183 vero
1208 1146 1402 1185 rursus
1431 1146 1496 1186 ea
1520 1139 1575 1186 et
1619 1146 1812 1200 sapere
1839 1139 1896 1185 et

297 1221 456 1290 loqui
501 1237 630 1289 quae
666 1222 788 1291 ejus
830 1229 981 1275 sunt.
1014 1220 1084 1274 Et
1114 1221 1441 1277 incredibile
1476 1222 1698 1292 quidem
1726 1229 1812 1275 est
1848 1221 1895 1275 si

297 1313 410 1367 sint
445 1313 676 1382 quidam
716 1313 853 1367 tales
888 1313 1166 1368 ullatenus
1198 1329 1390 1368 eorum
1429 1314 1523 1383 qui
1563 1313 1744 1368 sortiti
1768 1320 1897 1366 sunt

297 1404 706 1458 sacerdotium.
735 1403 873 1469 Quia
897 1418 1033 1458 vero
1062 1405 1231 1459 multa
1257 1414 1342 1458 est
1365 1405 1804 1468 consusurratio,
1841 1409 1897 1458 et

293 1511 412 1549 non
440 1495 834 1565 despicientiae,
860 1495 973 1550 imo
990 1506 1046 1552 et
1067 1497 1215 1550 omni
1234 1498 1547 1552 reverentia
1570 1497 1745 1568 digna:
1771 1509 1899 1555 sunt

293 1603 566 1658 person:
619 1587 738 1641 haec
783 1587 1130 1652 testantium,
1182 1587 1440 1657 dignetur
1470 1601 1564 1642 tua
1593 1589 1769 1643 virtus
1807 1604 1897 1644 sc-

294 1679 602 1748 metipsam
645 1679 762 1733 Deo
805 1679 1295 1733 commendandam
1332 1695 1464 1734 cura
1500 1681 1782 1734 attentiori
1817 1680 1898 1738 in-

1989 493 2169 548 nitum
2207 492 2304 546 Dei
2340 491 2584 547 Verbum
2624 494 3044 550 inhumanatum
3090 507 3146 552 et
3179 500 3525 556 incarnatum
3554 515 3570 566 ;

1989 594 2053 638 ut
2102 584 2174 638 sit
2219 583 2365 638 idem
2419 585 2534 654 ipse
2568 586 2714 640 Deus
2757 587 2922 642 simul
2964 596 3021 643 et
3041 589 3206 645 homo
3236 609 3249 657 ;
3275 600 3335 646 ut
3364 609 3432 648 ex
3461 593 3575 650 Dec

1991 675 2214 745 quidem
2246 677 2406 730 Patre
2453 677 2640 746 genito
2684 677 2798 732 Deo
2838 678 3022 744 unico,
3083 697 3150 736 ex
3203 690 3388 738 sancta
3442 699 3576 739 vero

1992 768 2214 839 Virgine
2259 768 2452 822 eodem
2494 770 2798 824 secundum
2841 785 3083 826 carnem.
3133 773 3252 826 Non
3287 774 3455 843 igitur
3476 790 3574 844 pa-

1994 858 2163 913 tiatur
2193 858 2591 913 admirabilitas
2621 867 2713 914 tua
2745 875 2841 915 eos
2880 862 2975 931 qui
3003 864 3106 916 alia
3145 863 3366 933 sapiunt
3397 874 3453 918 et
3481 880 3578 919 ne-

1994 950 2291 1019 quidquam
2311 951 2560 1020 garriunt
2589 952 2720 1006 illic.
2752 953 2904 1008 Unus
2950 965 3035 1010 est
3057 956 3235 1020 enim,
3268 957 3410 1012 sicut
3437 957 3572 1024 dixi,

1993 1039 2153 1093 Jesus
2195 1039 2450 1094 Christus
2479 1041 2764 1107 Dominus,
2789 1050 2845 1096 et
2865 1044 2984 1114 ejus
3006 1061 3114 1100 una
3143 1061 3378 1114 persona
3409 1047 3576 1102 inhu—

1996 1129 2222 1194 manati,
2267 1131 2387 1200 ejus
2420 1130 2513 1200 qui
2539 1139 2734 1185 natura
2770 1141 2826 1186 et
2856 1149 2986 1189 vere
3012 1143 3098 1189 est
3120 1134 3283 1189 ﬁlius.
3309 1136 3578 1192 Eumdem

1994 1237 2130 1277 vero
2169 1221 2410 1276 dicimus
2456 1223 2849 1293 impassibilem
2884 1225 3105 1294 quidem
3129 1241 3250 1280 esse
3274 1227 3577 1281 secundum

1998 1314 2368 1378 divinitatem,
2424 1314 2539 1384 pati
2591 1330 2725 1369 vero
2771 1316 2995 1385 propria
3055 1332 3222 1371 carne
3273 1318 3578 1372 secundum

2000 1403 2334 1473 Seripturas.
2376 1403 2545 1475 Cujus
2570 1405 2718 1458 enim
2743 1405 3028 1475 pr0prium
3057 1416 3141 1462 est
3169 1422 3390 1477 corpus,
3428 1407 3579 1462 illius

1997 1511 2120 1550 esse
2169 1495 2434 1550 dicuntur
2487 1503 2545 1549 et
2593 1511 2715 1566 quae
2753 1497 2902 1551 carni
2939 1498 3059 1567 ejus
3081 1498 3578 1568 contigeruntpas-

1998 1585 2201 1639 siones.
2269 1585 2628 1654 Impassibilis
2695 1601 2827 1656 ergo
2883 1587 3185 1642 secundum
3235 1587 3577 1643 divinitatem

2001 1673 2327 1738 subsistens,
2367 1674 2422 1728 in
2449 1675 2674 1744 propria
2704 1691 2866 1732 carne
2891 1677 3120 1746 pertulit
3147 1686 3371 1746 propter
3392 1694 3495 1733 nos
3523 1685 3581 1733 et

293 1769 560 1834 tendere,
594 1778 658 1824 ut
698 1771 975 1840 praecipue
1001 1771 1095 1840 qui
1124 1771 1179 1824 in
1207 1771 1520 1840 suspicione
1552 1781 1682 1826 sum
1707 1772 1900 1842 hujus-
1936 1780 1976 1835 Β
2001 1777 2102 1831 pro
2126 1762 2307 1817 nobis.
2361 1762 2452 1818 Sic
2495 1773 2550 1817 et
2586 1764 2842 1819 universa
2875 1766 3154 1833 dicuntur,
3189 1777 3249 1822 ut
3269 1767 3580 1824 viviﬁcante

293 1862 452 1915 modi
469 1863 628 1925 mali,
648 1863 1113 1918 anathematizent
1129 1864 1564 1918 contaminatum
1582 1864 1896 1918 Nestorium

291 1962 534 2023 propter
575 1955 779 2008 multas
810 1953 1182 2023 blasphemias
1212 1955 1350 2025 ejus.
1378 1954 1499 2008 Non
1519 1953 1668 2008 enim
1699 1953 1755 2007 id
1782 1962 1898 2007 tan-

291 2057 420 2100 tum
459 2045 604 2100 dixit
643 2047 775 2116 quia
806 2054 995 2102 sancta
1021 2047 1185 2116 Virgo
1206 2061 1315 2100 non
1341 2055 1490 2105 esset
1516 2046 1615 2101 Dei
1638 2045 1893 2116 genitrix,

290 2139 394 2194 sed
422 2148 479 2192 et
507 2139 617 2192 alia
639 2155 810 2208 super
834 2139 952 2193 haec
977 2139 1271 2208 adjiciebat
1293 2139 1568 2194 mendacii
1591 2140 1896 2209 patrocinia

290 2239 496 2284 contra
543 2238 753 2284 rectam
799 2241 857 2286 et
907 2231 1264 2300 apostolicam
1316 2231 1689 2286 traditionem.
1742 2231 1891 2286 Duos

292 2321 448 2375 enim
493 2321 824 2374 nominabat
864 2319 1114 2375 Christos
1156 2320 1318 2385 ﬁlios,
1363 2337 1532 2375 unum
1555 2321 1777 2391 quidem
1801 2336 1889 2376 se-

292 2412 490 2466 motim
523 2428 593 2466 ex
630 2412 746 2466 Deo
789 2413 948 2466 Patre
986 2411 1248 2477 Verbum,
1279 2413 1510 2467 alterum
1535 2428 1669 2466 vero
1691 2420 1893 2482 praeter

292 2519 425 2558 eum
450 2503 735 2569 semotim;
761 2503 916 2557 illum
938 2520 1006 2558 ex
1031 2505 1240 2559 semine
1267 2504 1459 2569 David,
1490 2512 1546 2558 et
1565 2518 1730 2573 quem
1757 2503 1897 2558 divi-

292 2597 491 2652 nitatis
511 2613 789 2667 organum
814 2598 1157 2663 nominabat,
1197 2607 1252 2653 et
1285 2597 1537 2653 dividens
1575 2598 1804 2667 ubique,
1839 2605 1895 2651 et

291 2689 454 2760 quasi
478 2688 695 2743 oblitus
727 2688 878 2743 beati
903 2690 1057 2744 Pauli
1083 2690 1352 2745 dicentis:
1390 2709 1406 2741 ί
1431 2689 1585 2745 Unus
1605 2689 1891 2752 Dominus,

292 2793 403 2831 una
443 2778 609 2843 ﬁdes,
647 2794 823 2832 unum
855 2779 1128 2848 baptisma
1161 2779 1228 2834 “.
1261 2800 1277 2830 ›
1314 2780 1436 2835 Non
1462 2779 1611 2835 enim
1637 2779 1691 2832 in
1718 2779 1891 2832 Deum

290 2877 346 2921 et
375 2867 666 2924 hominem
698 2868 965 2939 baptizati
1001 2884 1211 2935 sumus,
1256 2879 1318 2924 ut
1352 2870 1407 2924 in
1439 2870 1579 2926 duos
1602 2885 1700 2940 per
1728 2868 1890 2924 diﬂ'e-

1999 1853 2113 1908 Deo
2134 1856 2345 1908 unitam
2378 1855 2483 1909 sibi
2511 1871 2734 1911 carnem
2759 1865 2816 1911 et
2838 1858 3114 1928 propriam
3148 1860 3288 1929 ejus,
3319 1866 3376 1913 et
3396 1875 3498 1914 nos
3525 1861 3581 1915 in

1997 1946 2118 2016 ipso
2144 1955 2201 2001 et
2228 1956 2404 2001 morte
2429 1955 2485 2001 et
2519 1948 2871 2018 corruptione
2908 1950 3150 2018 potiores
3172 1949 3493 2004 efﬁciamur.
3523 1949 3580 2005 Si

1997 2051 2130 2091 vero
2172 2045 2228 2091 et
2270 2038 2736 2092 anathematizant
2780 2038 3004 2107 quidem
3047 2054 3184 2093 voce
3213 2039 3498 2109 etlingua,
3527 2045 3586 2093 et

1998 2128 2222 2198 sapiunt
2271 2129 2465 2194 altera,
2511 2129 2734 2184 videant
2757 2129 3082 2198 impendens
3104 2129 3209 2183 sibi
3233 2144 3264 2182 a
3292 2130 3406 2184 Deo
3429 2128 3582 2198 peri‘

1999 2219 2208 2284 culum,
2237 2226 2293 2272 et
2310 2219 2585 2288 prolatum
2611 2219 2905 2273 terminum
2929 2219 2999 2273 ab
3024 2217 3325 2273 universali
3348 2217 3583 2273 concilio

1999 2311 2147 2382 quod
2186 2313 2242 2365 in
2269 2312 2484 2382 Epheso
2518 2320 2904 2382 congregatum
2928 2319 3032 2365 est.
3064 2310 3322 2364 Deﬁnivit
3352 2310 3500 2364 enim
3523 2318 3584 2364 ut

2000 2401 2095 2470 qui
2145 2417 2210 2456 ea
2251 2416 2372 2471 qua:
2413 2408 2541 2454 sunt
2589 2401 2827 2455 Nestorii
2870 2401 3174 2470 loquuntur
3219 2408 3314 2454 aut
3339 2400 3579 2470 sapiunt,

1995 2493 2112 2546 sive
2171 2493 2418 2563 episcopi
2453 2493 2682 2558 fuerint,
2712 2493 2825 2547 sive
2875 2493 3081 2558 clerici,
3107 2509 3138 2547 a
3160 2492 3471 2548 sacerdotio
3491 2507 3580 2546 re-

1993 2584 2272 2653 pellantur
2299 2601 2312 2649 ;
2343 2600 2412 2638 ne
2439 2583 2626 2638 dicant
2659 2584 2806 2654 quod
2830 2599 2951 2638 eam
2977 2601 3097 2654 qua:
3121 2585 3176 2638 in
3200 2585 3417 2654 Epheso
3445 2598 3579 2638 con-

1993 2683 2211 2744 gregata
2243 2683 2326 2729 est
2377 2675 2646 2744 synodum
2674 2675 2961 2740 nesciant;
2999 2683 3060 2728 ut
3084 2690 3193 2728 non
3220 2689 3316 2729 eos
3339 2673 3580 2746 abnege-

1992 2782 2116 2820 mus
2142 2775 2198 2819 et
2221 2781 2342 2831 nos,
2369 2775 2628 2836 tanquam
2654 2766 2965 2822 nescientes
2989 2766 3277 2836 episcopos
3296 2781 3438 2820 esse.

1608 3175 1807 3246 192"
1843 3175 2179 3232 EPISTOLA
2218 3174 2356 3229 LXI.

1404 3331 1609 3372 emitti
1642 3335 1708 3373 ΑΙ)
1733 3331 1968 3374 ιοΑΝΝΕιι
1997 3332 2366 3374 ANTIOCHENUM
2397 3317 2497 3390 (1).

297 3473 552 3544 Epistola
584 3472 774 3545 Cyrilli
828 3477 898 3529 ad
925 3475 1189 3531 Joannem
1217 3478 1601 3534 Antiochenam
1623 3521 1637 3545 ,
1722 3466 1781 3533 er
1814 3495 1976 3549 quam
2015 3490 2272 3536 causatur
2303 3479 2442 3552 quod
2468 3475 2767 3532 Orientales
2799 3475 3340 3529 anathematizassent
3362 3473 3575 3543 quidem

369 3546 711 3604 Nestorium,
768 3547 858 3600 sed
883 3548 1066 3602 eadem
1097 3565 1213 3604 aut:
1247 3558 1294 3602 et
1319 3549 1411 3603 ille
1440 3550 1522 3604 illi
1555 3498 1924 3604 nrwtlicarent.
1959 3549 2174 3604 Format
2197 3562 2376 3604 autem
2410 3557 2458 3602 et
2489 3549 2747 3604 quomodo
2799 3546 2862 3598 de
2887 3553 3072 3598 cwtero
3105 3545 3575 3598 anathematismu:

1703 3569 1718 3604 ι

369 3546 711 3621 Nestorium,
768 3547 858 3600 sed
883 3548 1066 3602 eadem
1097 3565 1213 3618 quae
1247 3558 1294 3602 et
1319 3549 1411 3603 ille
1440 3550 1522 3604 illi
1553 3567 1662 3621 pra:

380 3618 553 3686 expeti
577 3615 782 3669 debeat.

1721 3545 1924 3604 carent.
1959 3549 2174 3605 Format
2197 3545 2376 3607 autem
2410 3557 2458 3602 et
2489 3549 2747 3616 quomodo
2799 3546 2862 3598 de
2887 3553 3072 3598 cwtero
3105 3545 3584 3598 anathematismus

367 3755 566 3810 Pacem
617 3751 841 3822 quidem
894 3749 1208 3805 desiderare
1263 3765 1538 3805 summum
1577 3752 1782 3807 bonum
1810 3763 1893 3809 est
1921 3759 1964 3817 ο
1998 3751 2375 3808 thematizant.
2435 3745 2647 3800 Dicitur
2673 3755 2931 3810 namque,
2975 3749 3030 3793 et
3059 3739 3164 3792 hoc
3195 3752 3294 3807 pro
3326 3737 3586 3808 veritate,

307 3856 466 3915 atque
504 3844 867 3915 prmeipuum.
921 3842 990 3896 Et
1018 3850 1274 3910 oportere
1305 3841 1430 3896 dico
1477 3850 1536 3896 ut
1562 3844 1656 3913 qui
1704 3860 1894 3914 sapere

309 3938 527 3993 Christo
584 3935 789 4006 placita
831 3933 1042 3996 volunt,
1097 3934 1416 3987 contineant
1463 3934 1610 3989 circa
1645 3935 1751 3989 hoc
1775 3945 1894 3990 stu-

309 4031 460 4084 dium
511 4044 696 4092 suum,
748 4042 857 4081 non
915 4024 1184 4091 remisse,
1236 4024 1333 4079 sed
1375 4023 1611 4080 fortiter.
1661 4027 1894 4080 Verum-

314 4131 501 4176 tamen
542 4135 654 4174 non
682 4118 754 4172 ob
782 4118 921 4172 hanc
946 4133 1168 4171 causam
1195 4116 1402 4187 despici
1427 4125 1647 4187 oportet
1676 4117 1897 4187 pietatis

313 4215 364 4268 in
386 4214 612 4269 Christo
643 4212 926 4264 virtutem.
963 4210 1244 4264 Possimus
1273 4209 1495 4279 quidem
1519 4221 1576 4263 et
1596 4210 1756 4265 aliter
1772 4209 1898 4264 dili-

313 4322 439 4376 gere
466 4320 679 4369 pacem,
715 4312 771 4357 et
804 4303 945 4357 bona
979 4318 1099 4372 qum
1117 4318 1184 4357 ex
1209 4302 1324 4372 ipsa
1354 4309 1483 4356 sunt
1507 4301 1897 4371 obstupescere

314 4398 511 4458 nimis,
547 4394 828 4450 deducere
859 4410 988 4449 vero
1016 4395 1083 4449 ad
1112 4393 1358 4449 medium
1409 4408 1521 4447 non
1562 4408 1627 4448 ea
1663 4393 1895 4463 quibus-

312 4479 528 4559 cuuque
571 4487 864 4541 roboratur
899 4495 955 4541 et
993 4485 1436 4541 inconcussibilis
1469 4484 1549 4551 fit,
1588 4485 1684 4540 sed
1713 4485 1897 4556 potius

311 4581 396 4635 illa
425 4595 772 4651 quaecunque
799 4594 920 4633 eam
947 4579 1238 4634 revolvunt
1271 4585 1327 4632 et
1352 4587 1628 4644 evertunt,
1664 4588 1721 4634 et
1749 4580 1896 4634 circa

311 4691 430 4729 eam
455 4691 580 4744 quae
611 4673 914 4743 composita
939 4682 1024 4727 est
1055 4687 1381 4741 permanere
1402 4687 1514 4726 non
1540 4672 1744 4727 sinant.
1769 4672 1897 4728 litec

311 4767 497 4820 scribo
517 4765 874 4820 contristatus
889 4763 1066 4817 valde.
1093 4765 1363 4818 Dicuntur
1379 4764 1528 4818 enim
1543 4764 1764 4834 quidam
1782 4765 1897 4819 illic

317 4858 850 4928 religiosissimorum
871 4857 1254 4926 episcoporum
1286 4856 1516 4926 impium
1546 4856 1769 4926 quidem
1791 4857 1898 4911 Ne-

315 4952 546 5005 storium
593 4950 1055 5006 anathematizare
1107 4956 1164 5003 et
1201 4949 1613 5004 dementissima
1643 4948 1896 5020 dogmata

316 5043 453 5112 ejus,
498 5051 708 5098 tentare
727 5059 861 5098 vero
892 5057 1087 5096 rursus
1119 5043 1275 5112 quasi
1303 5057 1372 5096 ex
1397 5041 1799 5110 permutatione
1831 5057 1895 5096 ea

315 5149 433 5202 quae
453 5136 570 5204 ejus
593 5143 719 5189 sunt
738 5149 931 5204 sapere
954 5135 1196 5204 etloqui,
1221 5143 1278 5187 et
1301 5133 1600 5188 dissolvere
1618 5132 1898 5187 conscien-

319 5227 445 5279 tiam
470 5226 694 5280 fratrum
714 5241 814 5296 pro
832 5225 1035 5295 quibus
1059 5224 1310 5280 Christus
1330 5232 1413 5280 est
1435 5233 1707 5278 mortuus.
1728 5223 1896 5278 Miror

319 5329 494 5372 autem
516 5317 815 5388 quomodo,
834 5317 966 5372 dum
989 5316 1100 5372 sint
1122 5317 1420 5386 sapientes,
1442 5317 1608 5371 lateat
1629 5332 1725 5370 eos
1741 5315 1891 5385 quia,

321 5411 362 5463 si
406 5427 525 5480 qua:
565 5410 797 5481 ejiciunt
831 5409 1086 5480 dogmata
1129 5409 1370 5478 sapiunt,
1403 5408 1730 5478 semetipsos
1757 5423 1892 5462 ana-

389 5566 432 5597 ⁸¹
473 5565 516 5620 ll
561 5565 807 5657 Timoth.
831 5580 890 5629 ιι,
926 5565 1012 5619 15.
1095 5563 1141 5595 ³⁸
1167 5563 1370 5633 Ephes.
1405 5578 1479 5629 tv,
1505 5561 1559 5616 ι.

395 5724 466 5785 (ll
495 5724 572 5779 Ex
602 5722 882 5796 Synodico
902 5721 1144 5788 Cassin.,
1176 5736 1296 5792 cap.
1326 5719 1446 5777 195.
1468 5717 1638 5774 Mansi
1681 5716 1744 5784 Υ,
1773 5713 1890 5772 070.

1999 3843 2103 3899 etsi
2142 3857 2261 3896 esse
2285 3838 2506 3892 videtur
2532 3847 2849 3896 onerosum,
2883 3837 2939 3884 et
2981 3829 3084 3882 hos
3113 3829 3208 3898 qui
3233 3828 3420 3883 nescio
3440 3843 3580 3898 quo—

1997 3935 2162 3990 modo
2192 3948 2256 3986 ea
2292 3945 2411 4000 qua:
2440 3926 2683 3982 Nestorii
2729 3922 2881 3993 loqui
2925 3920 3129 3975 audent
3172 3920 3316 3974 clare
3347 3920 3532 3975 dicere
3563 3937 3577 3972 :

1996 4028 2114 4083 Non
2143 4023 2474 4097 prazsumpsi.
2508 4019 2645 4075 Volo
2669 4030 2906 4085 namque
2934 4013 2989 4068 in
3014 4013 3218 4068 talibus
3251 4012 3318 4066 ad
3343 4010 3582 4066 creden-

1998 4121 2128 4175 dum
2156 4117 2344 4172 tardus
2365 4114 2629 4169 exsistere
2651 4125 2750 4181 pro
2771 4105 3150 4178 magnitudine
3173 4103 3321 4158 mali.
3349 4102 3465 4156 Tua
3487 4117 3584 4157 au-

2000 4220 2110 4266 tem
2147 4207 2428 4271 sanctitas,
2466 4203 2511 4260 si
2558 4213 2742 4258 tamen
2788 4199 3014 4254 omnino
3057 4205 3185 4252 sunt
3227 4195 3397 4266 aliqui
3421 4197 3580 4262 tales,

1999 4302 2255 4373 dignetur
2285 4313 2380 4353 eos
2412 4278 2641 4351 monere
2675 4299 2841 4363 atque
2865 4288 3228 4353 confundere,
3252 4295 3309 4342 et
3325 4286 3484 4342 sistat
3499 4301 3585 4341 sa-

1995 4394 2214 4465 pientes
2236 4405 2434 4446 vocum
2455 4388 2728 4444 novitates
2752 4382 2992 4439 Nestorii
3019 4390 3075 4436 et
3096 4381 3406 4449 loquentes.
3446 4377 3582 4431 Nam

1997 4487 2274 4558 quomodo
2306 4479 2771 4538 anathematizant
2813 4491 2928 4538 eas,
2969 4473 3058 4528 vel
3085 4471 3361 4543 quomodo
3395 4483 3586 4540 pacem

1999 4591 2327 4650 permanere
2341 4574 2682 4634 desiderant,
2700 4574 3070 4639 repugnantes
3093 4563 3166 4626 ei,
3182 4575 3414 4631 eamque
3430 4574 3589 4650 ever-

2000 4648 2177 4726 tentes
2206 4678 2268 4724 ut
2297 4666 2581 4737 iniquam?
2614 4659 2932 4719 Sulliciebat
2963 4654 3189 4726 quidem
3230 4652 3286 4706 in
3313 4648 3589 4721 suspectis

1998 4760 2461 4817 anathematizare
2507 4764 2718 4812 tantum
2756 4751 2988 4822 impium
3025 4744 3340 4802 Nestorium
3388 4749 3445 4798 et
3484 4741 3587 4796 do-

1997 4864 2175 4927 gmata
2207 4855 2346 4925 ejus,
2373 4867 2469 4907 seu
2494 4859 2686 4905 contra
2707 4846 2988 4902 Christum
3013 4837 3400 4909 blasphemias.
3435 4835 3586 4902 Quo-

1997 4949 2147 5004 niam
2193 4961 2326 5001 vero
2381 4942 2540 5014 (veri)
2561 4941 2742 4997 simile
2776 4946 2862 4994 est
2895 4935 3041 5006 quod
3071 4932 3334 4988 deludam
3361 4929 3612 4999 quidam‘

1999 5041 2143 5096 hanc
2169 5053 2306 5102 rem,
2351 5036 2645 5103 dicantque
2674 5051 2686 5085 :
2715 5031 2788 5087 0b
2815 5033 2908 5084 hoc
2935 5028 3128 5097 ejectus
3153 5031 3224 5076 est
3248 5021 3420 5076 solum
3446 5018 3586 5089 quod

2005 5131 2100 5184 Dei
2131 5130 2434 5201 genitricem
2460 5128 2675 5181 minime
2701 5125 2976 5194 fateretur,
3024 5125 3073 5171 et
3100 5114 3249 5170 aliud
3270 5112 3420 5177 nihil,
3463 5111 3587 5166 ideo

2006 5221 2249 5276 arbitror
2297 5234 2417 5274 esse
2446 5215 2740 5272 dicendum
2774 5212 3035 5283 quoniam
3062 5225 3172 5263 non
3201 5207 3318 5261 haec
3343 5205 3457 5260 sola
3485 5203 3585 5258 de-

1998 5313 2259 5386 jectionis
2285 5311 2391 5366 fuit
2420 5325 2584 5365 causa
2607 5306 2796 5371 dictio,
2822 5303 2916 5359 sed
2937 5302 3103 5356 etiam
3121 5299 3371 5370 plurimae
3395 5304 3586 5352 contra

2001 5407 2258 5478 dogmata
2285 5403 2536 5461 veritatis
2559 5401 2840 5458 elevantes
2862 5395 3137 5453 aculeum.
3171 5391 3400 5463 Oportet
3419 5386 3586 5460 igitur
