4044 6212
467 293 575 350 527

1491 288 1545 343 s.
1587 266 2369 344 cvamLt'ALEXANnmNi
2408 285 2725 341 ARCHIEP.

3612 284 3717 340 323

466 403 713 475 protlteri
747 403 875 474 quia
917 409 973 457 et
1012 398 1475 456 anathematizant
1505 395 1818 450 Nestorium
1842 409 1899 449 et
1923 394 2041 465 pol-
2073 403 2116 459 Α
2144 395 2372 460 habent,
2425 382 2713 451 credentes
2759 411 2926 450 unum
2975 411 3094 451 esse
3138 393 3432 451 Dominum
3468 402 3716 450 nostrum

464 493 582 553 luta
613 493 733 565 ejus
762 501 925 561 atque
952 489 1140 544 insana
1172 486 1447 549 dogmata,
1486 491 1543 538 et
1579 498 1706 539 eum
1727 481 2040 539 depositum

2148 486 2332 541 Jesum
2351 486 2631 542 Christum
2663 487 2858 542 Filium
2886 488 2979 543 Dei
3007 488 3194 558 utique
3226 486 3588 557 unigenitum.

1844 758 2182 816 EPISTOLA
2210 758 2371 814 LXII.

1948 894 2012 931 ΑΙ)
2045 892 2275 933 EUMDEH.

1506 990 1764 1062 Ejusdem
1787 991 1896 1062 fere
1926 1008 2045 1045 cum
2079 993 2353 1064 superiore
2382 993 2700 1061 argumenti.

537 1115 779 1171 Litteras
805 1130 835 1166 ιι
871 1119 963 1167 tua
993 1110 1333 1182 perfectione
1358 1111 1728 1175 transmissas,
1753 1110 1943 1181 plenas
1964 1110 2048 1166 fe-

467 1208 714 1265 stivitate
756 1206 963 1269 multa,
1018 1205 1183 1259 etiam
1232 1203 1559 1259 suavissime
1612 1218 1764 1258 nunc
1808 1203 2044 1272 suscepi.

466 1300 626 1367 Quod
660 1298 811 1354 enim
850 1297 1079 1359 bonum,
1117 1302 1213 1350 aut
1243 1295 1375 1364 quid
1403 1295 1733 1366 jucundum,
1757 1295 1863 1349 nisi
1893 1294 2050 1348 habi-

467 1403 587 1450 tare
616 1393 817 1447 fratres
846 1391 904 1446 in
942 1405 1113 1443 unum
1144 1388 1211 1452 ³⁵,
1237 1402 1338 1457 per
1365 1387 1785 1442 unanimitatem
1814 1397 1871 1442 et
1895 1401 2048 1441 eam-

467 1486 597 1542 dem
633 1485 783 1539 circa
820 1482 1101 1538 Christum
1137 1481 1479 1535 voluntatem
1522 1480 1579 1534 in
1611 1479 1880 1534 charitate
1919 1493 2050 1533 con-

462 1576 688 1646 junctos
708 1573 777 1627 ad
808 1571 1065 1636 invicem,
1105 1570 1344 1641 diruptis
1365 1586 1397 1624 e
1425 1568 1608 1624 medio
1629 1569 1901 1624 seandalis
1926 1581 2049 1637 quae

466 1664 659 1721 nescio
712 1663 952 1733 qualiter
999 1661 1422 1718 subintroducta
1475 1670 1644 1716 sunt:
1692 1676 1814 1731 quae
1869 1660 2048 1732 gratia

468 1756 772 1814 Salvatoris
802 1769 903 1826 per
946 1762 1098 1809 tuam
1130 1754 1479 1811 sanctitatem
1507 1762 1790 1825 perempta
1822 1752 2044 1823 quidem

2148 1118 2340 1166 contra
2376 1111 2667 1165 veritatem
2712 1108 3046 1163 contendere
3081 1107 3365 1173 desinant,
3403 1116 3459 1163 et
3507 1110 3725 1167 addicta

2147 1199 2483 1254 verbositatc
2518 1197 2779 1262 Nestorii,
2816 1207 3026 1251 rectum
3051 1206 3107 1251 et
3132 1198 3539 1255 immaculatum
3566 1215 3725 1256 resu-

2148 1299 2302 1345 mant
2336 1290 2463 1345 ﬁdei
2502 1290 2756 1345 verbum.
2794 1290 2862 1343 Et
2900 1288 2955 1343 hi
2993 1288 3217 1357 quidem
3249 1290 3343 1358 qui
3367 1290 3434 1344 ad
3456 1293 3565 1345 hoc
3591 1292 3729 1346 olim

2149 1383 2329 1436 vocati
2359 1388 2507 1445 sunt,
2550 1382 2788 1451 plurima
2822 1379 2981 1435 valde
3014 1395 3138 1445 nos,
3168 1389 3231 1435 ut
3261 1381 3397 1446 dixi,
3429 1382 3729 1439 festivitate

2148 1473 2522 1544 repleverunt.
2543 1474 2645 1527 Det
2660 1488 2794 1528 vero
2813 1474 3057 1528 omnium
3077 1474 3223 1528 Deus
3245 1482 3352 1528 tua:
3372 1473 3731 1544 perfectionis

2153 1563 2500 1619 orationibus
2541 1572 2599 1619 et
2640 1564 3047 1628 educationem,
3090 1564 3357 1619 adductos
3387 1563 3454 1618 ad
3475 1579 3733 1619 mansue-

2155 1657 2404 1711 tudinem
2427 1671 2627 1727 capere
2658 1672 2821 1711 nosse
2855 1656 3001 1726 quod
3038 1657 3173 1711 utile
3212 1665 3314 1712 est.
3353 1656 3408 1711 Si
3442 1672 3576 1711 vero
3606 1656 3735 1726 qui-

2154 1748 2280 1802 dam
2302 1763 2442 1803 saeve
2462 1746 3098 1811 contendunt,'Ecclesi:e
3120 1748 3599 1803 mansuetudinem
3617 1764 3734 1803 non

467 1856 601 1904 sunt
636 1848 790 1913 olim,
835 1849 1187 1918 perimentur
1223 1862 1358 1903 vero
1391 1855 1448 1901 et
1481 1846 1539 1901 in
1580 1846 1828 1917 reliquis.
1854 1846 1923 1901 Et
1943 1845 2050 1901 hoc
2083 1865 2125 1922 Β
2154 1841 2495 1911 culpabunt;
2526 1840 2622 1896 sed
2647 1839 3005 1910 sibimetipsis
3028 1840 3174 1911 quod
3199 1840 3414 1909 passuri
3445 1849 3572 1895 sunt
3592 1841 3735 1895 hau-

467 1948 574 2006 est,
608 1940 875 2005 arbitror,
901 1940 1051 2011 quod
1082 1956 1115 1995 a
1152 1940 1264 1995 Deo
1298 1940 1508 1995 dictum
1538 1947 1623 1995 est
1647 1954 1782 1995 voce
1805 1939 2047 2009 prophe-

469 2031 579 2085 tica
615 2049 629 2085 :
685 2050 704 2083 ι
733 2032 1025 2087 Ambulate
1059 2047 1159 2102 per
1190 2039 1380 2102 portas
1423 2047 1591 2097 meas,
1633 2039 1691 2086 et
1726 2031 1938 2101 lapides
1979 2045 2051 2084 ex

467 2122 574 2177 hac
610 2123 699 2177 via
733 2123 989 2194 projicite
1030 2123 1098 2177 ⁸⁸.
1142 2142 1160 2175 ι
1210 2123 1505 2195 Contingat
1555 2123 1720 2195 igitur
1746 2131 1808 2176 ut
1861 2120 2048 2176 cuncti

466 2226 591 2280 qua:
639 2212 870 2268 meliora
913 2220 1043 2268 sunt
1087 2212 1449 2279 honorantes,
1502 2213 1589 2269 vel
1645 2227 1794 2267 nunc
1826 2210 2045 2267 tandem

2153 1933 2384 1999 rientes,
2424 1950 2457 1989 a
2504 1933 2663 1989 vobis
2712 1933 2977 1988 audient:
3027 1950 3046 1984 ι
3083 1931 3244 1987 Abite
3268 1933 3323 1987 in
3356 1934 3563 1988 lumine
3588 1932 3736 2003 ignis

2153 2026 2325 2080 vestri
2344 2034 2401 2080 et
2424 2023 2642 2079 ﬂamma
2663 2040 2827 2096 quam
2848 2024 3153 2080 arcessistis
3174 2025 3239 2079 ³⁷.
3272 2042 3290 2075 ι
3326 2021 3558 2094 Oportet
3580 2024 3733 2078 enim

2154 2118 2407 2175 distortis
2431 2118 2545 2189 jam
2578 2133 2689 2173 non
2708 2126 2993 2174 mansuete
3020 2131 3374 2172 concurrere.

1823 2436 2162 2493 EPISTOLA
2203 2436 2387 2492 L.\lll.

1893 2549 1970 2621 (l)
2001 2566 2066 2604 Αι)
2097 2566 2327 2605 neuneu.

468 2667 557 2724 Ex
591 2666 839 2724 Danielis
872 2668 1162 2741 presbyteri
1192 2667 1369 2723 relatu
1403 2671 1645 2741 queritur
1685 2669 1765 2741 de
1788 2668 2091 2741 Theodoreti
2125 2669 2409 2723 calumniis
2444 2676 2493 2722 et
2524 2669 2783 2741 infrunito
2820 2670 2873 2722 in
2909 2682 3027 2722 eum
3059 2668 3256 2731 animo,
3281 2667 3569 2738 suadetque
3587 2683 3736 2723 eont-

1324 2739 1604 2809 pescendos
1629 2739 1852 2794 hominis
1879 2741 2303 2809 impotentissimi
2335 2749 2504 2793 motus
2538 2740 2866 2793 temerarios.

537 2855 653 2929 Ego
686 2856 910 2926 quidem
949 2856 1273 2912 abstersissc
1302 2856 1572 2910 maculam
1602 2856 1848 2911 inanium
1876 2872 2047 2912 nova-

384 2977 398 2988 ε
467 2962 703 3017 rumque
743 2947 984 3002 Nestorii
1028 2963 1226 3002 vocum
1263 2964 1372 3001 una
1404 2964 1530 3002 cum
1563 2948 1791 3018 reliquis
1828 2950 2049 3020 religio-

468 3038 705 3092 sissimis
763 3037 1039 3107 episeOpis
1101 3039 1481 3094 existimabam
1542 3040 2050 3097 reverentissimum

2245 2856 2387 2926 Ἐγὼ
2420 2857 2518 2927 μὲν
2541 2854 2930 2925 ἀπομάξασθαι
2957 2853 3055 2924 τὴν
3080 2852 3272 2923 κηλίδα
3304 2852 3415 2905 τῶν
3436 2852 3737 2924 Νεστορῖου

2159 2950 2532 3019 καινοφωνιῶν
2565 2947 2702 3020 ὁμοῦ
2750 2950 2864 3011 τοῖς
2905 2945 3086 3008 ἄλλοις
3134 2945 3570 3010 θεοσεὸεστάτοις
3613 2949 3736 3001 ὲπι-

2163 3042 2385 3104 σκόποις
2434 3041 2696 3094 ὑπενόουν
2759 3039 2851 3092 τὸν
2905 3039 3300 3093 εὐλαϐέστατον
3361 3038 3735 3110 Θεοδώρητον.

468 3128 901 3183 Theodoretum.
941 3129 1351 3185 Abblandicbar
1377 3131 1524 3186 enim
1568 3133 1707 3187 mihi
1730 3134 1898 3203 quod,
1927 3149 2052 3188 cum

2158 3134 2449 3206 Διεκείμην
2479 3133 2587 3204 γὰρ
2615 3135 2698 3187 ὅτι
2724 3133 3020 3203 γεγραφὼς
3050 3132 3229 3203 ἅπαξ,
3256 3133 3350 3186 καὶ
3376 3133 3473 3203 τὴν
3505 3135 3737 3205 εἰρήνην

468 3220 638 3277 semel
675 3219 1024 3289 scripsisset,
1071 3222 1416 3290 amplexatus
1452 3224 1619 3278 etiam
1654 3232 1799 3279 esset
1835 3240 2047 3294 pacem,

468 3311 815 3382 receptisque
845 3311 1087 3366 vicissim
1119 3313 1257 3367 meis
1288 3314 1537 3379 cautelis,
1569 3315 1717 3384 quod
1760 3314 2052 3369 videbatur

469 3403 870 3474 impedimento
909 3418 1032 3459 esse
1071 3404 1316 3469 eli'ectui,
1360 3406 1475 3475 ipse
1520 3416 1740 3477 quoque
1775 3407 1990 3461 tolleret
2019 3423 2050 3462 e

468 3496 673 3551 medio.
727 3495 835 3551 Sed
866 3505 926 3551 ut
963 3497 1257 3553 certiorem
1295 3513 1382 3553 me
1421 3498 1551 3554 fecit
1574 3499 2054 3555 reverentissimus

467 3588 758 3660 presbyter
793 3587 1020 3654 Daniel,
1070 3589 1249 3660 pergit
1279 3590 1567 3656 hactenus,
1598 3591 1780 3660 priora
1822 3592 1913 3644 illa
1943 3608 2053 3647 non

468 3680 790 3750 relinquens
814 3697 828 3746 ;
856 3679 1089 3734 inhaeret
1109 3679 1467 3749 blasphemiis
1497 3680 1646 3735 illius
1672 3697 1684 3733 :
1720 3680 1866 3749 quod
1892 3696 1959 3735 ex
1986 3688 2054 3735 'eo

467 3770 671 3840 liquet,
708 3771 982 3841 siquidem
1026 3787 1129 3827 nec
1174 3772 1466 3827 anathema
1513 3770 1908 3843 pronuntiavit,
1951 3790 2055 3829 nec

469 3863 597 3917 tulit
646 3863 1000 3920 subscribere
1040 3864 1375 3935 depositioni
1423 3866 1591 3922 illius.
1647 3867 1748 3921 Det
1787 3868 1922 3922 mibi
1969 3868 2056 3923 lo-

469 3951 677 4022 quendi
723 3954 943 4008 veniam
989 3956 1252 4011 sanctitas
1286 3965 1399 4021 tua,
1424 3972 1491 4011 ex
1517 3957 1785 4013 eharitate
1808 3957 2016 4013 dicenti
2040 3976 2054 4013 :

468 4041 589 4109 Qua
629 4041 699 4097 de
734 4058 898 4098 causa
937 4059 1109 4113 usque
1152 4043 1291 4098 adeo
1322 4044 1525 4114 obstipi
1557 4054 1687 4099 sunt
1722 4043 1967 4114 quidam,
1995 4050 2057 4096 ut

468 4148 581 4187 non
614 4131 999 4189 obsecundent
1038 4133 1351 4189 admirabili
1388 4150 1555 4206 scopo
1586 4145 1693 4190 tua:
1714 4136 1954 4206 pietatis,
1984 4150 2055 4189 ne

470 4226 530 4278 in
563 4224 924 4279 meumenicis
965 4225 1190 4295 quidem
1224 4244 1236 4256 ·
1273 4227 1369 4282 sed
1402 4228 1558 4297 quasi
1583 4228 1787 4283 morosi
1811 4241 1875 4291 ac
1897 4226 2053 4281 fasti-

470 4313 611 4369 diosi
630 4313 876 4383 quidam,
917 4315 1064 4385 quod
1111 4315 1244 4386 ipsis
1280 4317 1411 4373 solis
1447 4319 1688 4384 videtur,
1734 4318 2056 4374 sectentur?

470 4404 540 4460 Et
575 4406 620 4460 si
657 4421 778 4475 quae
812 4405 980 4461 didici
1009 4423 1142 4462 vera
1183 4417 1333 4473 sunt,
1372 4408 1537 4465 debet
1561 4410 1910 4464 stimulorum
1933 4423 2058 4462 san-

2156 3225 2677 3296 κατασπαζόμενος,
2714 3226 3209 3296 ἀντικομισάμενος
3242 3224 3296 3277 δὲ
3337 3225 3430 3278 καὶ
3466 3225 3564 3288 τὰς
3604 3227 3735 3299 παρ’

2158 3315 2292 3386 ἐμοῦ
2315 3319 2667 3388 προσρήσεις,
2697 3315 2757 3369 τὸ
2776 3316 2965 3370 δοκοῦν
2988 3316 3236 3387 ἐμποδὼν
3264 3317 3483 3370 ἑστάναι
3507 3318 3574 3388 τῇ
3598 3335 3744 3387 συμ-

2159 3407 2316 3461 6άσει
2350 3408 2639 3478 πεποίηται
2669 3409 2763 3462 καὶ
2788 3408 2948 3472 αὐτὸς
2977 3409 3040 3460 ἐκ
3073 3407 3261 3478 μέσου.
3302 3406 3443 3460 Ἀλλ’
3461 3408 3536 3470 ὡς
3568 3425 3738 3476 μετα-

2158 3497 2358 3551 δέδωκέ
2392 3499 2536 3568 μοιὸ
2577 3498 2977 3562 εὐλαϐέστατος
3004 3497 3372 3569 πρεσὸύτερος
3408 3498 3627 3569 Δανιὴλ,
3656 3501 3737 3560 εἰς

2159 3589 2318 3660 δεῦρο
2355 3591 2721 3652 συντείνεται,
2768 3591 2842 3661 μὴ
2869 3590 3220 3661 ἐξιστάμενος
3246 3592 3354 3645 τῶν
3397 3593 3455 3645 ὲν
3495 3594 3695 3663 ἀρχαῖς
3720 3635 3737 3660 ,

2161 3683 2347 3752 ἔχεται
2375 3681 2431 3734 δὲ
2464 3682 2574 3736 τῶν
2604 3684 2817 3736 ἐκείνου
2868 3683 3211 3753 δυσφημιῶν,
3251 3685 3346 3737 καὶ
3376 3684 3533 3755 δῆλός
3562 3687 3736 3749 ἐστιν,

2161 3776 2210 3827 εἰ
2244 3775 2378 3845 μήτε
2409 3774 2793 3845 ἁνεθεμάτισε,
2827 3776 2963 3846 μήτε
2998 3775 3104 3847 μὴν
3127 3775 3389 3847 ἠνέσχετο
3418 3777 3739 3848 ὑπογράψαι

2157 3868 2224 3936 τῇ
2261 3865 2578 3937 καθαιρέσει
2606 3866 2791 3920 αὑτοῦ.
2826 3866 2934 3920 Καί
2959 3884 3049 3936 μοι
3087 3866 3223 3920 δότω
3258 3868 3569 3941 παρῤησίαν
3599 3870 3632 3939 ἡ
3668 3871 3737 3939 σὴ

2157 3958 2373 4028 ὁσιότης
2416 3957 2477 4024 ἐξ
2514 3959 2733 4029 ἀγάπης
2773 3957 3012 4026 λέγοντι·
3050 3957 3148 4011 Διὰ
3183 3958 3340 4012 ποίαν
3384 3960 3561 4012 αἰτίαν
3594 3959 3740 4013 οὕτω

2159 4049 2496 4120 τραχηλιῶσι
2540 4066 2715 4113 τινες,
2761 4049 2837 4113 ὡς
2889 4050 2963 4121 μὴ
3017 4050 3244 4103 ἔπεσθαι
3293 4049 3369 4120 τῷ
3416 4050 3739 4122 ἀξιαγάστῳ

2163 4139 2352 4210 σκοπῷ
2382 4142 2480 4210 τῆς
2510 4140 2609 4207 σῆς
2639 4138 2947 4203 Θεοσεόείας
2973 4180 2986 4205 ,
3032 4140 3164 4210 μηδὲ
3193 4141 3249 4194 ὲν
3283 4142 3396 4203 τοῖς
3428 4141 3738 4211 οἱκουμενι-

2161 4232 2276 4293 κοῖς
2300 4248 2312 4259 ⁸
2346 4230 2461 4284 ἀλλ’
2498 4225 2608 4284 οἷον
2637 4230 2965 4301 ἀτιμαγέλαι
3005 4231 3147 4295 τινὲς
3173 4274 3186 4298 ,
3214 4232 3274 4284 τὸ
3298 4232 3480 4296 αὐτοῖς
3508 4233 3602 4286 καὶ
3637 4235 3708 4303 μό

2160 4341 2270 4386 νοις
2295 4323 2484 4377 δοκοῦν
2513 4323 2880 4395 κρατύνουσι;
2911 4325 3005 4378 καὶ
3028 4326 3182 4396 εἴπερ
3215 4325 3384 4387 ἐστὶν,
3422 4324 3565 4396 ἆπερ
3595 4325 3739 4395 ἐμα-

2163 4412 2275 4479 οον,
2301 4414 2497 4486 ἀληθῆ,
2529 4415 2731 4485 ὀφείλει
2757 4416 2867 4468 τῶν
2896 4417 2994 4487 τῆς
3026 4416 3123 4486 σῆς
3151 4416 3459 4480 θεοσεϐείας
3491 4417 3740 4486 κέντρων

470 4499 682 4554 ctitatis
708 4507 813 4555 tuae
836 4501 1277 4572 experimentum
1302 4502 1552 4574 accipere
1575 4510 1909 4558 memoratus
1931 4500 2057 4555 reli-

2162 4507 2361 4577 πεῖραν
2389 4505 2575 4560 λαϐεῖν
2602 4508 2630 4559 ὁ
2659 4506 3052 4578 μνημονευθεὶς
3093 4507 3509 4571 θεοσεϐέστατος
3533 4506 3700 4578 ἁνήρ.

470 4590 813 4665 giosissimus
833 4592 935 4649 vir.

1832 4826 2167 4884 EPISTOLA
2203 4824 2368 4880 LXIV

1043 4937 1120 5013 (2)
1155 4955 1222 4994 an
1250 4955 1509 5005 ιΑχιιιωι,
1538 4955 1793 5009 πολιτην,
1826 4958 2071 4999 τιιΑιΑεει

2158 4983 2167 5007 ,
2201 4956 2568 4997 PRESBYTEROS
2596 4957 2665 4996 ΕΤ
2701 4951 3160 4994 ARCBIHANDRITAS

545 5046 748 5108 Contra
768 5047 996 5104 Nestorii
1022 5048 1256 5120 {autores
1280 5050 1529 5106 occultos.
1561 5052 1779 5108 Librum
1801 5053 1878 5108 De
1904 5054 2275 5108 incarnatione
2310 5052 2575 5123 Unigem'ti
2606 5050 2922 5105 transmittit
2950 5049 3012 5102 ab
3042 5050 3342 5103 orthodoxis
3373 5048 3675 5121 legendum.

543 5165 814 5239 Egregius
840 5165 1065 5238 quidem
1082 5166 1233 5222 zelus
1250 5166 1622 5235 religiositatis
1658 5176 1743 5225 est
1764 5178 1979 5237 vestrae,
2004 5180 2061 5225 et

474 5259 624 5316 omni
673 5257 837 5315 laude
880 5258 1126 5314 studium
1174 5259 1420 5331 plenum.
1469 5261 1725 5317 Zelantes
1760 5262 1909 5317 enim
1939 5263 2053 5319 Deo

547 5393 597 5429 ⁸³
627 5392 771 5448 Psal.
803 5409 1001 5459 cum,
1042 5396 1093 5450 l.

545 5502 811 5583 (“Edita
837 5503 893 5557 in
914 5501 1185 5583 Gallandii
1211 5506 1555 5583 liiptiotheca,
1581 5519 1619 5565 t.
1647 5507 1782 5576 XIV,
1807 5515 2046 5583 append.

1173 5397 1219 5430 ⁸⁸
1257 5398 1360 5453 lsa.
1396 5414 1524 5463 Lm,
1551 5398 1618 5454 10
1714 5400 1881 5456 "lsa.
1917 5419 1968 5469 ι,
1996 5404 2085 5458 ll.

2167 5171 2377 5236 zelatis,
2415 5178 2476 5224 ut
2511 5167 2781 5238 scriptum
2819 5174 2904 5220 est
2953 5165 3018 5231 ³⁸,
3068 5174 3130 5220 ut
3157 5182 3268 5221 non
3303 5177 3359 5223 et
3383 5184 3533 5224 nunc
3556 5169 3627 5224 ab
3657 5170 3752 5225 his

2160 5265 2257 5336 qui
2284 5280 2349 5320 ca
2372 5278 2494 5335 quae
2538 5268 2671 5317 sunt
2703 5257 2943 5314 Nestorii
2981 5259 3201 5330 sapiunt
3240 5262 3619 5319 exhonoratus
3655 5263 3752 5317 in-

2162 5403 2207 5437 ”
2251 5403 2474 5459 lMaclt.
2515 5418 2573 5468 ll,
2620 5399 2735 5456 54.’

2158 5516 2335 5588 πάντα
2377 5515 2565 5587 σαφῶς
2595 5516 2953 5588 πρυτανεύων
2975 5516 3129 5581 Θεὸς,
3162 5534 3216 5571 κ.
3248 5533 3300 5570 τ.
3339 5526 3412 5577 Λ.,
3435 5530 3546 5588 qua
3566 5516 3749 5588 Cyril-

476 5572 791 5660 ρίίξῖκοχ
822 5587 926 5660 ms.
953 5572 1201 5660 {laniano
1245 5578 1426 5660 ξονι,
1461 5572 1586 5660 eum
1642 5572 1805 5660 titulo
1832 5572 1859 5636 ε’
1880 5572 2055 5660 ’Κατδι
2153 5586 2268 5660 lu_m
2300 5572 2688 5660 calumniatur.
2717 5588 2908 5660 Exstat
2935 5572 3131 5660 Latine
3160 5595 3373 5642 tantum
3390 5572 3740 5660 in'SynoIlicc
3779 5616 3803 5636 ο

478 5642 577 5728 τεῇς
602 5642 931 5728 ρεοᾷιορίτου
957 5649 1362 5728 συκοφαντείας·
1395 5642 1760 5728 τα-ύτηςξ-Ιὶε
1783 5656 2056 5728 superiori

2158 5656 2276 5713 adv.
2313 5657 2631 5728 tragoediam
2648 5658 2869 5728 rlrenaei,
2896 5674 3014 5727 cap.
3037 5657 3163 5711 210..

480 5711 772 5774 Tlteodoriti
787 5711 1114 5782 calumnia,
1134 5725 1257 5785 post
1277 5711 1567 5787 epistolam
1580 5711 1594 5716 ’
1606 5711 1954 5788 Thcodoriti,
1995 5726 2057 5783 Ὀ

2202 5727 2302 5809 '(g)
2331 5726 2462 5795 Cap.
2490 5727 2595 5784 208
2633 5727 2895 5801 Synodici
2928 5726 3042 5801 jam
3089 5727 3269 5783 citati:
3303 5726 3477 5784 Mausi
3514 5727 3581 5790 ν.
3607 5727 3738 5785 995.
