4044 6212
293 264 390 317 3’29

1644 260 1978 319 EPISTOLA
2002 259 2175 318 LXVI

3426 267 3532 324 3‘50

291 381 467 450 quiat;
495 377 877 435 Sustinuimus
897 378 991 449 qui
1014 377 1178 433 slmul
1199 378 1642 446 contristaretur,
1666 390 1720 438 et
1747 397 1858 436 non
1889 388 1931 445 Α
1961 389 2044 436 tes
2090 380 2297 450 aspexi.
2343 375 2614 446 Quoniam
2665 391 2798 433 vero
2831 376 2966 432 mihi
3001 375 3159 432 multi
3194 377 3530 435 orthodoxo-

292 471 387 526 fuit
412 486 428 535 ;
463 480 520 525 et
547 470 949 534 consolantem,
972 477 1029 523 et
1053 485 1165 523 non
1187 470 1374 529 inveni
1404 472 1470 525 ".
1505 491 1523 523 ι
1551 471 1620 526 Et
1645 471 1702 525 hi
1733 473 1858 541 qui-

291 560 408 619 dem
427 561 522 630 qui
556 560 912 630 dogmatibus
943 559 1228 631 religionis
1258 561 1375 617 sive
1397 561 1494 617 Dei
1514 562 1746 618 culturae
1765 561 1862 618 ob—

291 653 507 715 sistunt,
546 657 746 706 contra
773 651 1029 707 stimulos
1053 651 1364 717 calcitrant,
1388 653 1586 708 etsuis
1613 652 1859 724 ipsorum

287 752 480 798 nocent
511 743 828 800 animabus.
853 742 1196 799 attendentes
1221 743 1278 798 in
1305 743 1610 810 Christum,
1639 752 1697 800 ct
1726 760 1860 802 con-

287 843 361 888 tra
412 848 544 888 eum
601 833 898 888 calumniis
935 847 996 888 se
1039 833 1399 891 oblectantes.
1437 836 1695 893 Alienum
1727 854 1858 894 vero

282 933 356 983 est
394 925 467 980 ab
501 923 689 979 anima
725 924 1053 991 sacerdotis,
1086 935 1145 981 et
1171 942 1293 998 quae
1316 929 1536 999 populis
1561 929 1858 1000 pratsidere

277 1017 472 1070 sortita
513 1024 622 1082 est,
664 1014 851 1088 lingua
893 1016 1117 1088 quidem
1145 1004 1608 1076 anathematizare
1647 1019 1856 1092 polluta

274 1115 324 1160 et
355 1107 802 1163 contaminantia
840 1107 1078 1165 Nestorii
1109 1108 1386 1181 dogmata,
1436 1111 1696 1168 refertam
1723 1127 1856 1169 vero

273 1199 345 1253 eis
372 1199 859 1255 habere-mentem
892 1211 950 1256 et
973 1210 1224 1258 evertere
1243 1203 1456 1259 animas
1483 1203 1716 1260 fratrum
1754 1219 1856 1275 pro

271 1290 480 1359 quibus
513 1289 776 1346 Christus
810 1301 897 1347 cst
931 1304 1208 1350 mortuus.
1251 1294 1458 1365 Scripsi
1491 1311 1625 1367 ergo
1653 1306 1711 1352 et
1744 1297 1845 1354 do-

272 1377 419 1432 mino
453 1393 586 1434 meo
618 1379 1101 1437 admirandissimo
1138 1382 1366 1438 tribuno
1394 1391 1452 1439 et
1491 1385 1710 1441 notario
1729 1386 1853 1442 Ari-

271 1470 475 1534 stolao,
509 1485 636 1540 qua:
663 1470 854 1542 utique
889 1472 1163 1543 scriptura
1179 1481 1266 1530 est
1290 1474 1620 1546 religiositas
1648 1487 1850 1535 vestra.

268 1561 482 1632 Scripsi
528 1577 663 1617 vero
703 1569 761 1617 et
805 1563 931 1618 aliis
963 1562 1312 1634 quibusdam.
1341 1564 1691 1636 Cognoscens
1721 1582 1854 1623 vero

267 1662 319 1706 et
355 1653 476 1707 hoc
516 1667 547 1707 a
600 1653 1049 1709 reverentissimo
1086 1654 1416 1726 presbytero
1449 1665 1506 1711 et
1539 1657 1852 1713 archiman-

1963 488 2086 527 rum
2127 482 2185 527 et
2217 471 2757 542 religiosissimorum
2776 470 3160 539 episcoporum
3194 470 3536 540 scripserunt

1961 563 2213 634 opposita
2241 563 2345 618 sibi
2364 579 2465 618 seu
2492 564 2709 634 p0pulis
2731 563 2826 632 qui
2860 562 2964 616 sub
2987 577 3178 617 eorum
3213 579 3376 618 manu
3404 577 3535 620 sunt

1961 651 2029 704 ab
2063 651 2352 706 insensatis
2385 651 2746 718 Nestorianis,
2764 651 3030 723 colligens
3057 666 3143 716 ea,
3166 651 3371 706 librum
3402 654 3532 710 bre-

1961 757 2085 796 vem
2113 742 2309 812 scripsi
2349 741 2418 798 de
2443 742 2822 798 incarnatione
2853 741 3156 813 Unigeniti,
3184 751 3246 797 ut
3271 742 3327 797 in
3354 743 3533 800 tribus

1960 835 2218 905 capitulis
2255 833 2513 906 redigens
2545 848 2766 890 omnem
2820 833 2889 891 de
2933 834 3040 890 fide
3084 850 3416 891 sermonem.
3466 839 3535 893 Et

1958 927 2200 996 primum
2239 925 2463 995 quidem
2497 931 2604 991 est,
2639 926 2787 997 quod
2819 935 3006 982 sancta
3038 927 3204 998 Virgo
3231 928 3416 984 sitDei
3442 946 3534 1001 ge-

1958 1015 2147 1072 nitrix.
2178 1016 2516 1083 Secundum,
2543 1016 2672 1087 quia
2715 1033 2860 1073 unus
2876 1025 2964 1073 est
3006 1017 3282 1085 Christus,
3322 1029 3379 1076 et
3420 1037 3531 1076 non

1957 1107 2090 1162 duo.
2132 1106 2381 1161 Tertium
2421 1121 2588 1172 vero,
2630 1106 2759 1178 quia
2795 1122 3023 1164 manens
3050 1108 3404 1178 impassibilis
3434 1111 3529 1165 Dei

1958 1194 2173 1261 Sermo,
2197 1195 2430 1266 pertulit
2457 1196 2679 1267 propria
2709 1212 2876 1254 carne
2897 1215 2999 1269 pro
3018 1200 3202 1255 nobis.
3234 1199 3406 1271 Igitur
3439 1217 3530 1255 re-

1957 1286 2225 1359 ligiositas
2261 1296 2443 1344 vestra
2479 1297 2752 1360 praeparet
2781 1305 2908 1345 eum
2933 1290 3007 1346 ab
3045 1291 3369 1347 orthodoxis
3399 1293 3526 1363 legi.

1957 1379 2204 1435 Placebit
2233 1381 2405 1446 enim,
2439 1381 2584 1437 sicut
2619 1381 2880 1447 arbitror,
2921 1397 3138 1437 omnem
3163 1382 3278 1438 fere
3307 1383 3525 1438 illorum

1956 1469 2192 1524 solutam
2219 1469 2428 1526 habens
2451 1472 2882 1528 excusationem.
2919 1472 3025 1526 Pro
3058 1488 3146 1528 me
3181 1488 3312 1528 vero
3344 1474 3525 1530 facere

1955 1562 2234 1618 orationes
2268 1578 2337 1618 ne
2368 1563 2550 1634 pigeat
2576 1579 2694 1619 vos.
2727 1564 2891 1618 Multa
2921 1564 3069 1620 enim
3103 1564 3343 1636 undique
3368 1581 3425 1622 se
3451 1568 3528 1623 ef-

1955 1652 2192 1710 fundens
2210 1655 2557 1725 negotiorum
2578 1657 2877 1712 coarctatio
2906 1656 3078 1711 instar
3095 1655 3360 1711 ﬂuctuum
3396 1672 3532 1712 con-

271 1744 421 1797 drila
444 1742 798 1808 Adamantio,
821 1743 979 1814 cujus
996 1752 1052 1799 et
1078 1758 1260 1800 mores
1291 1755 1349 1801 ct
1377 1748 1852 1805 conversationem
1887 1752 1928 1808 B
1957 1745 2181 1814 "ictum,
2216 1745 2384 1801 habet
2434 1745 2860 1803 intolerabilem.
2885 1745 3065 1802 Credo
3107 1754 3288 1801 autem
3327 1755 3383 1800 et
3427 1761 3527 1816 per
3559 1771 3562 1773 λ

269 1843 318 1889 et
358 1833 723 1902 disciplinam
766 1849 892 1889 cum
931 1835 1213 1891 intellectu
1250 1845 1307 1891 et
1340 1837 1670 1896 rectitudine
1703 1841 1850 1898 circa

269 1924 437 1980 iidem
468 1924 704 1981 miratus
731 1938 875 1989 sum,
911 1932 970 1982 et
991 1923 1149 1996 quasi
1175 1939 1368 1984 omnes
1397 1925 1452 1981 in
1478 1941 1590 1983 uno
1607 1944 1850 1999 praesen-

1956 1837 2236 1892 Orationes
2260 1837 2632 1910 religiositatis
2651 1846 2847 1894 vestrm
2869 1838 2975 1894 erit
2997 1839 3195 1895 iterum
3217 1838 3530 1908 tranquilli-

1959 1937 2042 1984 tas
2071 1939 2125 1983 et
2147 1943 2273 2000 pax.

1647 2232 1985 2288 EPISTOLA
2024 2232 2183 2288 LXV.

1455 2386 1526 2426 ΑΒ
1549 2385 1770 2427 Μοδλευιι
1802 2387 2088 2430 ενιεοοιδυιι
2124 2384 2407 2427 ΔΝΤΑΒΛΏΙ.

1621 2507 1876 2578 Ejusdem
1928 2508 2250 2580 argumenti.

338 2636 466 2708 Ego
497 2636 723 2707 quidem
747 2651 962 2708 semper
985 2646 1092 2693 ture
1115 2636 1457 2708 religiositati
1482 2638 1728 2696 scribere
1748 2655 1859 2695 non

277 2731 470 2797 omisi,
505 2737 563 2784 et
592 2727 808 2785 litteras
836 2727 905 2784 ab
921 2742 986 2783 ea
1013 2728 1250 2784 directas
1273 2728 1542 2798 accipere.
1571 2729 1700 2797 Quae
1727 2745 1861 2786 vero

280 2832 427 2877 nota
464 2830 601 2877 sunt
622 2820 770 2876 inter
801 2820 940 2887 hac,
967 2819 1358 2878 taciturnitatis
1380 2835 1542 2876 causa
1565 2830 1693 2877 sunt
1721 2820 1861 2876 facta

279 2913 410 2966 mihi
460 2919 524 2967 et
558 2911 712 2975 tibi;
753 2926 874 2980 qua:
918 2921 975 2967 et
1019 2911 1114 2967 det
1154 2912 1302 2968 Deus
1347 2912 1615 2968 radicitus
1664 2911 1862 2968 cadere

280 3013 439 3072 atque
478 3016 516 3058 e
557 3001 746 3057 medio
788 3002 928 3057 ﬁeri:
968 3002 1170 3058 Volunt
1213 3004 1435 3074 quidam
1480 3003 1686 3074 spinas,
1735 3018 1857 3074 qua:

279 3096 418 3150 inter
452 3094 682 3166 erigunt
719 3109 906 3165 sepem
954 3103 1012 3150 et
1053 3094 1475 3166 disruptionem,
1525 3111 1632 3166 qua
1681 3095 1856 3150 nostri

279 3184 519 3240 aﬂectus
555 3184 626 3238 ad
652 3184 888 3239 invicem
912 3185 1206 3240 convenire
1229 3200 1340 3240 non
1369 3185 1601 3242 valeant.
1634 3187 1858 3241 Pertur-

279 3277 559 3333 baverunt
607 3278 751 3332 enim
797 3292 887 3333 me
933 3278 1158 3333 omnino
1183 3277 1278 3348 qui
1301 3279 1445 3333 circa
1472 3277 1856 3334 reverentissi‘

1956 2639 2124 2696 dicta.
2163 2638 2394 2710 Oportet
2422 2651 2555 2694 vero
2595 2651 2696 2692 nos
2719 2644 2779 2691 ut
2805 2636 2950 2692 sicut
2978 2633 3046 2690 ad
3069 2631 3234 2690 corda
3267 2632 3530 2689 scientem

1957 2746 2124 2802 super
2165 2724 2349 2786 omnia
2404 2731 2576 2786 Deum
2615 2730 2696 2784 sic
2725 2743 2860 2798 pure
2882 2727 3226 2792 accedamus,
3247 2737 3438 2782 etnon
3470 2737 3532 2781 ut

1957 2823 2143 2894 lingua
2186 2821 2411 2892 quidem
2446 2820 2806 2876 confiteamur
2831 2819 3322 2877 contradictionem
3348 2821 3531 2892 pollu-

1961 2921 2141 2967 torum
2187 2911 2504 2983 dogmatum
2548 2911 2816 2976 Nestorii,
2873 2912 2928 2966 in
2980 2912 3162 2967 anima
3207 2928 3338 2968 vero
3381 2914 3531 2968 aliud

1963 3005 2280 3061 habeamus.
2331 3004 2400 3060 Et
2440 3004 2556 3059 haec
2597 3002 2799 3068 scribo,
2846 3003 2932 3058 his
2982 3005 3206 3075 quidem
3232 3020 3353 3074 quae
3387 3005 3532 3078 dicta

1962 3107 2094 3153 sunt
2139 3112 2249 3152 non
2298 3096 2458 3152 valde
2502 3095 2754 3160 credens,
2785 3094 2878 3151 sed
2913 3096 3229 3167 opinionem
3265 3104 3371 3152 tua:
3399 3097 3530 3152 reli-

1961 3187 2232 3259 giositatis
2273 3187 2606 3258 praemunire
2647 3188 2856 3243 volens.
2885 3186 3054 3243 Valde
3081 3203 3212 3244 vero
3239 3203 3360 3243 sum
3385 3188 3532 3243 dele.

1960 3287 2139 3335 ctatus
2178 3277 2476 3348 inspiciens
2515 3293 2580 3334 ea
2628 3293 2752 3349 qua:
2782 3293 2814 3333 a
2861 3287 2954 3334 tua
3005 3277 3360 3349 religiositatc
3405 3287 3533 3335 sunt

278 3383 435 3423 mum
491 3367 972 3423 archimandritam
1011 3368 1328 3434 Maximum,
1371 3368 1678 3424 scribentes
1703 3383 1854 3438 quae-
1880 3353 1924 3414 (ἒ
1957 3369 2161 3440 scripta
2210 3378 2267 3424 et
2310 3383 2410 3439 per
2453 3369 2738 3425 dominum
2783 3385 2968 3426 meum
3001 3370 3530 3428 desideratissimum

279 3458 402 3512 dam
436 3473 565 3529 qua:
607 3457 674 3512 ad
717 3474 985 3514 summam
1027 3459 1420 3530 blasphemiam
1459 3461 1759 3530 pertinent,
1797 3469 1854 3515 et

281 3548 532 3606 dicentes
576 3550 726 3620 quod
773 3551 864 3607 illa
915 3551 981 3607 ad
1027 3567 1124 3608 eos
1161 3568 1194 3607 a
1235 3560 1326 3607 tua
1365 3552 1718 3623 religiositate
1743 3551 1856 3607 sint

1959 3461 2131 3517 tilium
2154 3471 2397 3519 vestrum
2419 3461 2704 3518 Thomam.

1514 3858 1848 3917 EPISTULA
1887 3855 2049 3915 LXVI
2087 3855 2179 3926 (οι.
2222 3853 2309 3928 L).

1287 4016 1493 4058 3'0“le
1517 4016 1830 4058 ANTIOCHENI
1858 4015 1925 4057 ΕΤ
1951 4013 2140 4056 ενκοοι
2171 4013 2237 4053 ΑΙ)
2257 4010 2540 4053 αγκιιιωι.

1304 4136 1382 4194 De
1402 4153 1508 4192 non
1529 4135 1836 4192 damnando
1856 4133 2120 4189 Theodoro
2138 4131 2517 4203 Mopsucsteno.

352 4269 464 4323 Deo
507 4266 905 4323 amabilissimo
936 4275 992 4324 et
1040 4269 1384 4325 sanctissimo
1421 4271 1682 4341 episcopo
1746 4267 1853 4340 Cy-

292 4361 409 4415 rillo
437 4360 674 4416 Joannes
717 4359 1042 4427 Antiochia,
1070 4371 1126 4417 et
1162 4375 1288 4416 cum
1329 4377 1396 4418 eo
1438 4363 1552 4418 Deo
1593 4363 1858 4418 amabiles

287 4451 522 4521 episcopi
551 4451 946 4506 convenientes
969 4466 1037 4506 ex
1068 4469 1393 4525 unaquaque
1419 4455 1701 4525 provincia
1736 4470 1857 4526 qua:

292 4540 346 4594 in
371 4541 589 4597 Oriente
630 4548 718 4596 est
752 4541 849 4598 Dei
891 4544 1098 4614 gratia,
1144 4546 1203 4602 in
1246 4547 1521 4603 civitatem
1566 4547 1856 4603 amabilem

289 4629 499 4687 Christo
519 4631 868 4688 Antiochiam
902 4644 1128 4706 propter
1151 4637 1363 4694 litteras
1383 4639 1709 4696 sanctissimi
1728 4640 1849 4710 epi-

291 4725 434 4792 scopi
462 4724 660 4781 Procli.

858 4837 1012 4895 Deest
1043 4841 1270 4897 initium.

1952 4265 2038 4320 clo
2073 4274 2281 4320 tomum
2312 4271 2459 4319 recte
2492 4275 2704 4327 revera,
2731 4268 2788 4316 et
2820 4260 2910 4331 pie
2932 4259 3248 4326 habentem,
3270 4275 3434 4332 quem
3463 4263 3530 4319 ad

1952 4356 2243 4412 Armenios
2264 4353 2502 4425 scripsit,
2519 4354 2681 4410 nobis
2696 4353 3023 4418 destinante,
3044 4362 3100 4408 et
3119 4360 3366 4409 nostrum
3385 4371 3532 4424 qua:-

1956 4457 2109 4502 rente
2133 4445 2484 4511 cohseusum,
2509 4446 2694 4501 omnia
2732 4444 2874 4500 facta
2914 4453 3043 4499 sunt
3081 4459 3112 4498 a
3153 4443 3334 4509 nobis,
3375 4454 3434 4500 et
3474 4447 3530 4500 in

1954 4536 2106 4592 nullo
2125 4535 2308 4591 minus
2337 4535 2588 4592 fecimus.
2611 4535 2742 4590 Erat
2761 4542 2946 4590 autem
2969 4541 3026 4589 et
3057 4533 3163 4589 hoc
3187 4534 3243 4588 in
3273 4537 3527 4604 praesenti

1956 4632 2202 4698 tempore
2224 4641 2648 4698 supervacuum,
2671 4631 2964 4697 propterea
2984 4624 3130 4695 quod
3148 4625 3260 4696 jam
3287 4625 3384 4680 Dei
3407 4641 3531 4697 gra-

1957 4718 2032 4775 tia
2053 4733 2246 4776 omnes
2266 4718 2470 4789 ubique
2489 4733 2659 4774 unum
2681 4726 2737 4774 et
2759 4717 3014 4773 eumdem
3035 4716 3352 4772 custodiunt
3373 4717 3524 4786 pium

1956 4809 2318 4865 intellectum.
2349 4807 2539 4864 Solent
2575 4808 2722 4864 enim
2762 4807 3054 4878 aliquoties
3090 4821 3179 4862 res
3221 4820 3344 4875 qua:
3371 4807 3526 4875 quasi

1956 4901 2278 4957 necessaria:
2304 4900 2580 4966 videntur,
2607 4900 2715 4956 nisi
2741 4907 3047 4971 opportune
3080 4897 3232 4963 ﬁant,
3263 4911 3527 4967 augmen-

359 4964 514 5021 Nuuc
540 4979 719 5026 autem
745 4969 909 5026 iidem
943 4972 1048 5043 ipsi
1069 4973 1220 5029 velut
1245 4990 1312 5030 ex
1338 4989 1530 5033 somno
1551 4993 1851 5053 exsurgen-
1881 4977 1932 5039 D
1957 4999 2072 5046 tum
2105 4990 2532 5061 perturbationis
2559 4964 2718 5062 193
2742 4964 3011 5060 accipere.
3037 4986 3201 5042 Aliud
3225 4964 3391 5042 etiam
3415 5002 3529 5042 ma—

295 5062 394 5120 lea,
422 5070 775 5127 perrexerunt
816 5062 882 5118 ad
921 5065 1124 5136 regiam
1164 5067 1463 5135 civitatem,
1488 5078 1546 5125 et
1571 5086 1691 5127 eam
1723 5089 1851 5144 per-

1955 5082 2070 5138 lum
2094 5083 2150 5137 in
2178 5082 2282 5137 ista
2317 5080 2666 5138 festinatione
2701 5079 2956 5136 manibus
2987 5077 3228 5134 extensis
3251 5077 3444 5150 (ηπ...
3470 5085 3529 5131 et

299 5146 583 5243 turbantes,
606 5152 1030 5243 ecclesiasticam
1073 5171 1283 5226 pacem,
1323 5171 1588 5230 quantum
1623 5163 1678 5218 in
1719 5165 1854 5236 ipsis
1956 5172 2095 5228 alter
2119 5180 2298 5228 tomus
2319 5179 2574 5243 excerpta
2594 5169 2841 5242 quasdam
2875 5169 3084 5224 habens
3105 5146 3403 5233 Theodori,
3431 5167 3528 5238 qui

295 5244 395 5301 est,
428 5239 801 5297 turbaverunt.
847 5242 1204 5304 Sanctissirno
1232 5249 1380 5306 enim
1413 5252 1672 5326 episcopo
1717 5257 1852 5314 Pro-
1956 5262 2062 5318 fuit
2091 5262 2432 5333 MOpsuestiaz
2459 5239 2770 5333 episcopus,
2803 5269 2860 5317 et
2900 5259 2956 5316 in
2985 5273 3051 5316 ea
3085 5275 3207 5330 quae
3237 5259 3328 5314 ille
3354 5259 3413 5314 in
3441 5259 3531 5314 di-

368 5391 411 5424 ⁸⁸
441 5394 577 5453 Psal.
615 5413 798 5465 vatn,
837 5399 932 5456 21.

371 5548 455 5626 (ι),
484 5549 861 5626 ιιξειηῄιινίιιιᾳε
915 5555 1156 5609 occurrit
1215 5558 1360 5626 apud
1430 5560 1745 5620 Facundum

435 5619 482 5682 4,
506 5619 606 5675 Pro
622 5624 922 5690 defensione
945 5625 1105 5678 trium
1132 5619 1353 5694 capital.

609 5713 879 5774 Parnm.
925 5715 1040 5776 Gn.
1081 5717 1363 5779 LXXVII.
3053 5731 3117 5796 ll

1802 5563 2270 5636 ilcrmiauensem,
2320 5571 2416 5643 qui
2457 5573 2600 5630 hanc
2641 5574 2926 5647 epistolam
2970 5573 3203 5631 inseruit
3244 5572 3344 5629 lib.
3401 5585 3518 5635 vm,
