4132 6168
59 80 116 1322 7

522 237 618 295 531

1554 235 1609 290 S.
1647 232 1920 290 CYRILLI
1964 230 2435 287 ALEXANDRINI
2471 230 2790 287 ARCIIIEP.

3693 243 3801 299 332

524 353 698 411 versis
731 351 887 409 libris
928 351 1132 407 dixisse
1161 340 1379 406 videtur
1402 350 1647 407 volentes
1687 350 1977 405 anathema
2021 350 2107 406 in-
2140 352 2179 410 Α
2212 349 2256 405 si
2301 349 2580 422 aperiatur
2604 349 2771 422 janna
2793 348 2895 406 'his
2923 350 3018 420 qui
3067 351 3213 407 dicta
3257 357 3666 413 transeuntium
3701 360 3806 418 Pa-

521 448 684 503 ferrc.
721 445 952 515 Propter
978 443 1083 497 hoc
1110 443 1370 512 petimus,
1405 450 1464 496 ut
1496 447 1738 496 mentem
1771 445 1922 496 tuam
1946 440 2112 495 nobis

521 536 761 605 applices
783 533 1087 589 studiosius
1109 549 1273 602 quam
1320 533 1373 588 in
1416 531 1540 588 aliis
1567 533 1753 600 rebus,
1789 541 1845 588 et
1886 533 2112 604 dignare

527 625 872 682 considerare
900 624 1104 679 malum
1134 640 1275 694 opus
1304 623 1408 679 hoc
1435 640 1576 691 esse,
1601 626 1708 680 nisi
1736 642 1802 680 ex
1831 625 2111 681 communi

521 718 794 774 sententia
823 718 957 773 illud
984 716 1336 788 exstinguere
1376 715 1612 773 labores.
1639 719 1800 774 Dedit
1830 719 1978 774 enim
2011 719 2111 773 tibi

524 811 666 866 Deus
686 825 852 880 super
876 810 1015 865 velle
1040 810 1207 864 etiam
1233 811 1412 879 posse,
1441 816 1502 864 ut
1529 809 1586 864 in
1607 798 1899 866 commune
1920 825 2111 867 omnes

519 905 676 975 juves
709 897 807 974 (l).
835 899 976 957 Sunt
1005 903 1059 957 in
1089 903 1182 957 illo
1217 912 1365 958 tomo
1390 902 1638 972 quaedam
1675 897 1906 969 incerta,
1935 913 1991 960 et
2015 905 2114 960 ali-

521 1003 609 1049 ter
650 1007 816 1062 quam
853 992 996 1048 dicta
1037 1001 1165 1048 sunt
1199 993 1431 1065 intelligi
1474 994 1737 1050 valentia.
1771 995 2114 1052 Conﬁtemur

522 1088 628 1143 hoc
647 1087 812 1142 etiam
832 1101 934 1141 nos
957 1104 968 1139 :
989 1085 1225 1156 plurima
1247 1102 1378 1141 vero
1402 1094 1596 1142 eorum
1620 1094 1810 1160 aperta
1830 1087 2108 1155 videmus,

521 1187 577 1233 et
593 1177 711 1232 sine
728 1176 912 1247 aliqua
931 1165 1289 1249 ambiguitate
1309 1175 1730 1234 rccta.’Sed-illis
1752 1179 1850 1249 (2),
1871 1187 1992 1249 qum
2007 1189 2112 1251 pu-

523 1277 712 1324 tantur
735 1268 989 1334 obscura,
1013 1268 1212 1323 similia
1237 1269 1431 1332 multa,
1454 1277 1509 1324 et
1538 1285 1567 1324 a
1596 1270 1850 1340 plurimis
1874 1269 2115 1326 anterio-

523 1359 678 1416 ribus
702 1359 822 1431 ejus
848 1368 903 1415 et
940 1358 1194 1430 gloriosis
1223 1355 1481 1415 Patrib'us
1504 1360 1650 1415 dicta
1681 1361 2015 1417 invenimus.
2037 1355 2116 1418 'Et

523 1453 831 1526 periculum
858 1449 991 1508 hinc
1031 1452 1236 1524 pendet
1274 1468 1385 1508 non
1427 1454 1568 1521 leve,
1597 1471 1666 1510 ne
1706 1455 1762 1509 in
1796 1455 1916 1511 istis
1945 1455 2114 1512 etiam

525 1545 748 1603 illorum
777 1545 1084 1612 ‘solvamus,
1125 1547 1245 1617 ejus
1279 1546 1386 1602 viri
1413 1531 1787 1618 'reprobantes
1821 1549 1987 1614 dicta,
2017 1549 2113 1620 qui

527 1637 580 1691 in
627 1636 946 1711 episcopatu
987 1637 1210 1708 quidem
1255 1636 1582 1704 defunctus,
1619 1640 1886 1710 agonibus
1927 1649 2113 1696 autem

2215 449 2363 494 trum
2390 441 2587 496 volunt
2613 443 2901 497 evertere?
2921 441 3092 509 Quale
3122 444 3381 500 damnum
3409 461 3520 503 non
3548 455 3802 521 apertum

2213 531 2341 598 erit,
2373 531 2524 588 dicta
2543 545 2653 588 non
2677 533 2857 588 solum
2880 534 3144 602 refutare,
3170 537 3264 593 sed
3289 539 3454 593 etiam
3479 542 3800 600 anathema-

2219 621 2424 678 tizare?
2455 623 2527 680 Ut
2551 621 2697 678 enim
2727 617 2882 678 aliud
2917 623 3081 680 alicui
3111 625 3345 695 placeat,
3387 628 3534 684 aliud
3579 647 3709 699 non,
3746 634 3802 690 in

2215 709 2526 782 aliquorum
2547 713 2710 768 dictis
2733 712 2849 769 sive
2870 715 3244 785 antiquorum,
3269 717 3386 773 sive
3411 722 3801 790 posteriorum,

2215 805 2331 859 sive
2365 819 2476 859 non
2508 811 2844 870 nostrorum,
2874 805 2979 860 alia
2999 806 3140 861 ratio
3160 814 3261 862 est.
3286 807 3352 864 Ut
3382 819 3565 865 autem
3589 823 3644 868 et
3668 829 3799 868 ana-

2217 896 2401 951 thema
2425 896 2506 951 eis
2539 896 2874 966 imponatur,
2901 895 3238 951 arbitramur
3265 898 3443 954 audax
3466 910 3522 955 et
3547 914 3804 972 asperum

2216 976 2510 1058 apparere,
2543 988 2654 1043 etsi
2694 1002 2944 1059 persona:
2971 993 3098 1042 eum
3137 989 3303 1045 dictis
3334 1006 3444 1046 non
3483 993 3803 1051 anathema-

2218 1079 2539 1135 tizare'ntur.
2569 1079 2703 1148 Quis
2733 1080 2880 1134 enim
2911 1089 3164 1136 nostrum
3197 1091 3380 1152 speret
3408 1088 3524 1140 non
3557 1085 3804 1160 defungi,

2217 1176 2312 1228 aut
2339 1188 2368 1228 a
2397 1189 2508 1245 quo
2534 1187 2645 1228 non
2672 1172 2880 1229 dictum
2907 1183 2993 1229 est
3025 1173 3235 1245 aliquid
3263 1177 3410 1246 quod
3438 1177 3610 1234 alium
3633 1181 3808 1249 possit

2215 1279 2439 1321 movere
2464 1263 2539 1336 (Δ)
2558 1265 2689 1319 ?aut
2708 1263 2842 1335 quid
2859 1265 3059 1320 horum
3072 1281 3184 1321 non
3201 1267 3446 1338 prmbeat
3461 1270 3808 1326 occasionem

2217 1363 2434 1426 semper
2465 1365 2530 1412 ut
2559 1356 2750 1428 popilli
2788 1357 3222 1428 perturbentur?
3251 1359 3319 1415 Et
3357 1359 3465 1416 hoc
3501 1363 3725 1434 quidem
3752 1375 3810 1421 et

2216 1445 2530 1502 viventibus
2554 1453 2611 1501 et
2649 1446 3064 1502 transeuntibus
3092 1449 3416 1522 contingere
3449 1453 3591 1508 solet
3617 1471 3632 1507 :
3657 1455 3807 1524 quod

2217 1545 2328 1591 non
2339 1537 2545 1592 "scienti
2570 1544 2782 1592 tantum
2795 1536 2924 1592 haec
2951 1535 3208 1606 dicimus,
3238 1540 3336 1596 sed
3359 1541 3672 1615 etiam'plus
3692 1557 3808 1601 om-

2215 1628 2382 1684 nibus
2410 1628 2574 1684 nobis
2605 1628 2961 1686 considerare
2979 1631 3192 1688 Valenti
3227 1635 3665 1706 magnitudinem
3697 1637 3806 1693 hu-

523 1729 788 1784 adversus
811 1710 1043 1784 Arianos
1067 1737 1122 1784 et
1149 1727 1285 1784 alios
1310 1729 1601 1786 haereticos
1626 1730 1818 1786 decem
1845 1723 2110 1798 millibus,
2146 1710 2188 1769 Β
2211 1720 2302 1790 ius
2322 1718 2698 1797 ειδευτύῑιθιῑε.
2729 1715 2871 1787 Qum
2896 1729 3082 1777 autem
3111 1739 3220 1778 non
3248 1725 3590 1795 praebeamus
3614 1744 3680 1784 ex
3702 1726 3810 1786 hoc

524 1835 622 1890 per
648 1833 868 1874 omnem
897 1832 1052 1874 suam
1082 1818 1251 1873 vitam
1276 1819 1483 1890 ubique
1505 1819 1798 1877 decoratus
1826 1831 1929 1878 est.
1956 1820 2112 1890 Quod

524 1912 569 1968 si
601 1911 715 1978 ﬁat,
749 1912 922 1967 multa
947 1912 1114 1968 etiam
1148 1911 1218 1967 ab
1256 1911 1380 1968 aliis
1409 1913 1614 1969 sanctis
1645 1913 1902 1970 Patribus
1923 1924 2113 1986 aperte

524 2004 674 2060 dicta
711 2004 1067 2059 retractaturi
1101 2019 1295 2059 sumus
1325 2012 1382 2059 et
1423 2004 1796 2076 reprobaturi.
1828 2006 2115 2077 Excerptis

523 2092 671 2148 enim
696 2092 818 2147 istis
849 2092 1052 2147 similia
1078 2094 1329 2162 quaedam
1357 2094 1668 2150 invenimus
1690 2095 1836 2165 apud
1871 2107 1954 2152 ter
1980 2095 2113 2152 bea—

525 2195 642 2240 tum
697 2184 1028 2242 etnobilem
1057 2185 1438 2251 Athanasium,
1473 2187 1721 2257 quaadam
1760 2188 1927 2244 etiam
1967 2188 2115 2260 apud

524 2277 748 2334 beatum
773 2277 1056 2342 Basilium,
1088 2278 1337 2347 quaadam
1375 2279 1520 2349 apud
1545 2278 1870 2350 Gregorium
1898 2289 2114 2338 utrum-

523 2389 665 2443 que,
711 2373 886 2429 multa
937 2389 1071 2429 vero
1120 2381 1177 2428 et
1225 2374 1370 2444 apud
1416 2373 1866 2444 Amphilochium
1917 2376 2117 2447 saepius

523 2466 706 2533 dicta;
750 2481 862 2522 non
901 2481 1070 2535 parva
1099 2481 1234 2543 vero
1263 2474 1320 2522 et
1347 2466 1492 2536 apud
1521 2481 1870 2522 communem
1898 2468 2116 2523 Patrem

525 2558 750 2614 beatum
779 2558 1170 2628 Theophilum.
1202 2557 1345 2615 Sunt
1383 2558 1534 2614 enim
1560 2575 1682 2630 quae
1722 2567 1816 2614 tua
1855 2560 2118 2617 sanctitas

527 2648 603 2704 ita
659 2647 988 2715 conﬁtetur,
1029 2659 1086 2705 et
1137 2649 1394 2706 eumdem
1431 2649 1500 2705 de
1537 2650 1648 2722 illis
1694 2651 2116 2728 habetintelle-

526 2750 698 2798 ctum.
731 2739 991 2810 Quadam
1020 2741 1188 2798 etiam
1218 2741 1288 2797 ab
1315 2741 1435 2813 ipso
1467 2742 1543 2815 (3)
1579 2743 1803 2815 amabili
1839 2744 1952 2802 Deo
1981 2745 2117 2801 Pro-

525 2833 633 2900 clo,
674 2834 730 2889 in
753 2834 950 2889 eodem
973 2835 1094 2905 ipso
1123 2844 1270 2892 tomo
1321 2851 1486 2906 quem
1527 2837 1595 2891 ad
1629 2837 1920 2894 Armenios
1947 2837 2116 2904 misit,

527 2943 640 2997 quo
685 2927 878 2982 multis
927 2927 1182 2983 sensibus
1227 2926 1350 2982 istis
1389 2927 1666 2998 decerptis
1708 2930 2011 2984 concurrit.
2051 2930 2121 2984 Et

527 3019 649 3074 dies
685 3033 786 3074 nos
825 3017 1065 3084 deﬁciet,
1095 3025 1485 3089 percurrentes
1517 3019 1742 3075 beatum
1769 3019 2119 3076 Eustathium

526 3106 885 3163 Antiochenze
916 3106 1158 3162 civitatis
1187 3106 1531 3177 episcopum,
1559 3107 1656 3178 qui
1693 3107 1797 3162 fuit
1837 3122 1938 3176 pro
1968 3114 2118 3163 recta

529 3199 638 3264 ﬁde
678 3198 736 3253 in
782 3197 1009 3254 Nicaano
1035 3199 1297 3264 concilio,
1337 3209 1396 3255 et
1431 3215 1642 3270 magna:
1680 3199 1839 3259 famae
1880 3199 2118 3255 Alexan-

527 3293 696 3349 drum
739 3299 1006 3346 vestrum.
1052 3291 1160 3347 Sed
1201 3291 1370 3347 etiam
1413 3301 1540 3362 post
1581 3292 1703 3348 illos
1744 3291 2120 3347 sanctissimos

527 3384 817 3454 episcOpos
843 3382 1142 3450 Meletium,
1168 3384 1510 3458 Flavianum,
1531 3400 1564 3439 a
1588 3384 1792 3455 quibus
1815 3384 1973 3454 plura
2000 3383 2120 3440 istis

527 3473 920 3528 concordantia
944 3473 1088 3528 dicta
1119 3482 1266 3528 sunt.
1298 3473 1439 3542 Quid
1462 3476 1576 3545 jam
1603 3474 1783 3530 dicam
1818 3474 1886 3530 de
1911 3475 1998 3530 his
2022 3475 2116 3545 qui

529 3568 585 3622 in
609 3566 907 3623 Occidente
941 3565 1246 3622 secundum
1270 3566 1519 3622 eamdem
1547 3568 1855 3624 doctrinam
1884 3575 1940 3623 et
1965 3583 2117 3624 eam-

528 3661 654 3715 dem
687 3658 1087 3713 confessionem
1133 3658 1377 3713 decorati
1425 3668 1587 3725 sunt,
1635 3676 1775 3730 quos
1814 3659 1980 3715 etiam
2026 3670 2119 3716 tua

529 3751 793 3806 sanctitas
841 3750 1039 3805 melius
1082 3751 1276 3806 novit?
1321 3751 1551 3807 Intende
1601 3752 1806 3823 itaque,
1852 3767 2005 3824 rogo,
2057 3754 2125 3808 ad

529 3842 678 3914 quod
715 3843 1084 3913 prmcipitium
1116 3858 1219 3899 nos
1245 3843 1549 3914 impellant,
1576 3845 1669 3916 qui
1695 3845 1768 3901 ad
1789 3845 1996 3901 nullam
2023 3847 2128 3901 uti-

530 3935 739 3991 litatem
766 3935 955 3990 verbis
980 3935 1343 3990 contendunt.
1378 3936 1521 4003 Quid
1549 3953 1663 3994 non
1691 3937 1821 3992 hinc
1849 3937 2125 4003 laesionis,

530 4026 615 4080 vel
647 4025 1041 4095 corruptionis,
1072 4035 1128 4080 et
1168 4025 1511 4082 confusionis
1545 4027 1771 4096 plenum
1810 4034 2127 4098 generetur,

2147 3056 2188 3113 C

2216 1810 2585 1867 desiderabile
2613 1811 2853 1868 Nestorli
2873 1812 3315 1871 “defensoribus?
3343 1815 3476 1884 Quis
3502 1822 3648 1876 enim
3679 1839 3807 1879 eum

2215 1912 2327 1959 non
2360 1903 2676 1970 honorabit,
2708 1904 2752 1960 si
2783 1917 2908 1960 cum
2937 1907 3054 1962 "isto
3079 1917 3149 1962 “et
3194 1909 3317 1966 aliis
3352 1912 3446 1981 qui
3491 1913 3547 1967 in
3588 1915 3806 1984 episco-

2216 2003 2349 2065 patu
2375 1994 2545 2050 vitam
2572 1995 2970 2066 deposuerunt,
3008 1998 3174 2054 simul
3214 2002 3809 2063 anathematizaretur?

2217 2096 2313 2143 aut
2341 2088 2436 2143 ubi
2468 2089 2587 2160 ejus
2619 2089 2808 2160 opinio
2833 2105 2933 2160 per
2959 2091 3066 2147 hoc
3094 2107 3205 2147 non
3233 2095 3467 2165 accipiat
3495 2097 3808 2156 incremen-
3857 2139 3862 2143 -

2217 2188 2334 2234 tum
2349 2179 2373 2232 ?
2391 2177 2525 2246 Quis
2547 2186 2730 2234 autem
2757 2179 3116 2250 deceptorum
3150 2181 3457 2249 hominum,
3481 2184 3549 2240 de
3576 2185 3697 2242 istis
3719 2202 3812 2243 oc-

2217 2269 2499 2325 casionem
2545 2285 2867 2337 assumens,
2919 2286 3030 2326 non
3079 2272 3450 2330 confessorem
3500 2279 3807 2346 vocaverit,

2218 2363 2388 2418 veluti
2423 2361 2650 2434 propter
2693 2363 2817 2419 illos
2859 2379 3081 2435 passum
3128 2381 3250 2436 quae
3291 2383 3488 2438 passus
3531 2379 3643 2436 est,
3688 2387 3812 2442 que

2218 2455 2385 2510 etiam
2414 2455 2496 2510 illi
2523 2455 2618 2526 qui
2643 2455 2699 2510 in
2721 2456 2970 2512 Ecclesia
2998 2455 3294 2525 fulserunt,
3319 2461 3464 2530 passi
3494 2463 3654 2517 sunt?
3675 2463 3814 2530 Quis

2220 2556 2405 2604 autem
2431 2544 2683 2604 ’mentem
2715 2549 3041 2605 habentium
3078 2551 3253 2606 nescit
3280 2553 3409 2622 quia
3437 2569 3502 2608 ea
3527 2570 3648 2626 qua:
3673 2555 3813 2612 dure

2220 2655 2251 2695 a
2275 2639 2566 2696 Theodoro
2590 2641 2736 2696 dicta
2765 2650 2915 2707 sunt,
2946 2628 3276 2700 necessitate
3307 2646 3624 2716 compulsus
3643 2648 3817 2704 dixit?

2221 2731 2568 2802 Proponebat
2603 2731 2752 2786 enim
2783 2747 2910 2786 cum
2938 2741 3086 2788 totus
3119 2732 3177 2787 in
3207 2735 3484 2788 communi
3508 2733 3703 2791 Oriens
3725 2736 3815 2792 in-

2223 2834 2307 2881 ter
2341 2839 2438 2880 eos
2462 2824 2556 2897 qui
2584 2835 2712 2882 ante
2735 2842 2838 2882 nos
2862 2824 3109 2893 fuerunt,
3136 2827 3279 2883 sicut
3301 2828 3561 2885 virtutem
3584 2830 3816 2886 multam

2223 2917 2493 2975 doctrinae
2521 2918 2818 2975 habentem
2858 2919 3124 2976 adversus
3152 2920 3409 2986 haereses,
3445 2931 3636 2978 contra
3677 2939 3818 2995 quas

2224 3025 2474 3080 pugnans
2504 3019 2560 3067 ct
2588 3010 2858 3066 dimicans
2894 3011 3065 3068 multa
3101 3012 3338 3083 quadam
3369 3013 3640 3071 divisione
3680 3031 3818 3073 usus

2221 3110 2326 3166 est,
2341 3116 2452 3156 non
2468 3117 2535 3157 ex
2553 3117 2725 3173 pravo
2748 3102 3035 3158 intellectu
3058 3103 3306 3171 veniens,
3325 3103 3420 3159 sed
3445 3104 3518 3176 (ὅ)
3537 3103 3816 3162 efﬁcacius

2220 3194 2485 3252 adversus
2517 3196 2808 3253 haereticos
2849 3197 2943 3252 illo
2986 3197 3149 3253 modo
3183 3198 3264 3252 uti
3300 3197 3591 3268 judicans,
3633 3214 3816 3270 neque

2221 3288 2510 3345 veritatem
2540 3305 2812 3345 summam
2849 3289 3108 3361 ignorans
3137 3289 3222 3346 vel
3256 3305 3497 3361 negans;
3523 3289 3668 3346 absit
3696 3288 3808 3362 (6):

2222 3379 2371 3450 pleni
2404 3381 2554 3437 enim
2600 3381 2917 3453 hujusmodi
2963 3390 3091 3436 sunt
3125 3397 3318 3438 omnes
3359 3382 3481 3452 ejus
3523 3380 3672 3448 libri,
3713 3383 3811 3438 sed

2224 3481 2547 3530 naturarum
2591 3475 2957 3547 proprietates
3000 3475 3238 3546 amplius
3273 3474 3545 3541 dividens,
3585 3474 3728 3530 sicut
3759 3475 3811 3530 ei

2227 3581 2406 3638 pugna
2433 3583 2598 3637 quam
2639 3567 2903 3624 adversus
2933 3568 3218 3624 hmreticos
3260 3568 3472 3634 habuit,
3501 3568 3810 3624 faciendum

2226 3659 2488 3714 dictabat.
2517 3660 2632 3715 Hoc
2666 3670 2721 3715 et
2756 3669 2848 3716 tua
2891 3661 3223 3732 religiositas
3251 3661 3589 3733 dispensavit
3625 3669 3812 3731 aperte

2226 3750 2281 3804 in
2339 3751 2713 3806 anterioribus
2763 3752 2961 3808 litteris
3011 3752 3210 3808 vestris
3261 3752 3330 3807 ad
3385 3751 3810 3807 satisfactionem

2226 3843 2587 3912 quorumdam
2635 3843 3038 3899 venerabilium
3097 3845 3548 3914 coepiscoporum
3590 3852 3810 3898 nostro-

2228 3950 2370 3989 rum.
2404 3934 2561 4002 Quod
2601 3945 2658 3991 et
2690 3937 2867 4006 ipsum
2896 3946 3004 3992 tuae
3034 3937 3254 3993 virtutis
3287 3944 3502 4006 tuaeque
3532 3934 3813 4006 sapientiae

2229 4029 2513 4099 proprium
2542 4039 2642 4083 est.
2932 4082 2934 4085 ,
3787 4045 3800 4054 '

2151 4211 2220 4221 .—

1648 4334 2188 4409 194'EPISTOLA
2226 4331 2413 4390 LXVII
2455 4335 2548 4405 (οι.
2592 4336 2701 4409 LI).

1125 4490 1337 4531 CYRILLI
1375 4490 1444 4530 ΑΒ
1477 4485 1712 4532 JOANNBI
1741 4485 2111 4532 ANTIOGIIENUI

2241 4491 2482 4533 SYNODUM
2513 4491 2814 4534 ANTIOCHIE
2848 4493 3245 4534 CONGREGATAI.

535 4620 785 4692 Theodori
827 4618 1178 4692 Mapsuesteni
1220 4616 1419 4692 scripta
1461 4617 1653 4686 rejicit,
1687 4615 1838 4692 valde
1879 4617 2157 4692 increpans
2194 4635 2276 4673 eos

2325 4620 2414 4690 qni
2457 4618 2628 4673 dicere
2661 4619 2805 4674 haud
2836 4626 3141 4672 vererentur
3180 4625 3241 4672 ea
3279 4631 3566 4690 consonare
3604 4620 3821 4689 scriptis

598 4689 695 4746 SS.
729 4683 976 4754 Patrum,
1009 4687 1271 4760 simulque
1305 4683 1596 4741 adhortans
1635 4696 1692 4740 ut
1730 4683 2032 4760 Orientales
2053 4688 2244 4742 saltem
2273 4683 2525 4744 Theodori
2554 4690 2905 4760 blaspltemias
2935 4690 3254 4760 damnarent
3291 4707 3354 4742 ac
3391 4689 3580 4760 liberos
3619 4683 3819 4742 semet-

602 4764 624 4816 ἰ
661 4770 744 4816 ὀε
773 4760 871 4815 tali
895 4761 1190 4830 subpicibne
1218 4759 1673 4824 demonstrarent;
1703 4767 1816 4811 tum
1856 4758 1926 4812 ad
1965 4761 2251 4828 genuinam
2287 4777 2466 4830 pacem

600 4770 719 4887 «Em
749 4831 955 4887 difﬁcile
983 4829 1246 4887 aaendum
1277 4845 1396 4882 cum
1427 4830 1491 4882 iis
1521 4829 1632 4887 qui,
1680 4827 1878 4882 relictis
1918 4828 2146 4883 Nestorii
2182 4831 2440 4887 partibus.

2497 4759 2821 4828 ﬁrmandam
2853 4760 3097 4815 admonet
3128 4759 3411 4820 Joannem,
3445 4759 3668 4830 minime
3684 4761 3818 4830 qui-

639 4849 719 4911 ent
749 4831 955 4911 difﬁcile
983 4827 1246 4901 agendum
1277 4845 1396 4911 cum
1427 4830 1491 4911 iis
1521 4829 1632 4911 qui,
1680 4827 1878 4911 relictis
1918 4827 2440 4911 Nestoriipartibus,
2478 4827 2550 4884 ad
2585 4830 2878 4885 Ecclesiam
2921 4838 3274 4896 revertantur,
3317 4837 3557 4883 attamen
3588 4827 3823 4884 sollicite

599 4897 988 4975 invigila’ndum
1020 4897 1077 4954 ut
1106 4902 1298 4954 reversi
1329 4897 1543 4954 nonnisi
1565 4915 1743 4954 veram
1771 4897 1930 4966 ﬁdem
1962 4897 2192 4954 teneant.

600 5051 720 5106 Non
750 5047 1095 5119 conquiescit
1126 5046 1292 5103 draco
1313 5046 1404 5101 ille
1445 5047 1718 5112 desertor,
1761 5061 1890 5102 vere
1929 5047 2118 5102 infesta

2301 5051 2414 5104 Οὐκ
2449 5051 2729 5122 ἠρέμησεν
2765 5053 2792 5106 ὁ
2839 5052 3076 5123 δράκων,
3118 5051 3146 5104 ὁ
3185 5051 3530 5119 ’ἀπσστάτης,
3569 5049 3629 5102 τὸ
3671 5067 3820 5118 παγ-

527 5143 749 5212 lleoque
786 5140 1018 5196 adversa
1050 5139 1248 5206 bestia,
1274 5154 1376 5194 nec
1398 5143 1643 5208 unquam
1679 5153 1710 5192 a
1735 5153 1834 5192 sua
1860 5137 2123 5208 improbi-

527 5243 636 5291 tate
685 5233 939 5299 desistit;
987 5231 1084 5288 sed
1136 5229 1521 5287 incessabilcm
1569 5229 1719 5283 illam
1765 5227 2122 5284 invidentiam

599 5409 676 5480 (l)
703 5408 804 5480 Ed.
837 5407 1088 5480 Auber_ti,
1116 5415 1175 5460 ut
1205 5409 1261 5480 in
1291 5409 1660 5480 cornmunione
1685 5409 1920 5460 omnium
1945 5409 2109 5461 vivas.

525 5478 880 5535 Cori-eximus
907 5495 974 5532 ex
1001 5478 1282 5535 Facundo.
1313 5479 1463 5534 Emr.

617 5548 674 5612 2)
701 5547 799 5600 Ed.
826 5549 996 5612 Aub.,
1032 5549 1158 5605 illa.

825 5618 992 5691 Au_b.,
1028 5619 1282 5691 agundam
1311 5619 1471 5672 etiam
1501 5620 1564 5673 de
1596 5617 1830 5678 amabili,
1865 5627 1971 5691 etc.

615 5686 666 5751 4)
698 5686 792 5742 Ed.
815 5688 982 5750 Aul).,
1013 5686 1146 5764 quis
1168 5689 1306 5742 enim
1335 5697 1573 5743 nostrum
1599 5698 1778 5761 sperat
1808 5689 1945 5756 quod
1974 5687 2113 5742 alius

2229 5140 2465 5211 χάλεπον
2509 5143 2869 5214 ἀληθῶς,καὶ
2932 5142 3201 5215 θεομάχον
3255 5141 3476 5214 θηρίον·
3537 5141 3659 5197 οὔτε
3703 5143 3824 5213 μὴν

2231 5231 2492 5303 κατέληξε
2545 5230 2765 5286 πώποτε
2821 5233 2919 5304 τῆς
2978 5231 3204 5302 ἐνούσης
3253 5230 3402 5302 αὐτῷ
3459 5228 3822 5301 δυστροπίας,

2221 5412 2383 5479 possit
2415 5427 2638 5472 movere,
2672 5420 2760 5467 etc

2294 5481 2367 5563 (ii)
2424 5481 2550 5604 Edtt,
2609 5485 2670 5548 si,
2723 5491 2780 5537 et
2821 5497 2969 5550 mox,
3008 5481 3102 5538 illo
3139 5483 3291 5537 modo
3334 5499 3508 5537 secum
3532 5480 3830 5552 judicans,

2297 5565 2426 5604 IISSO
2451 5569 2483 5604 ll
2513 5570 2548 5604 ι.

2223 5565 2426 5605 01111880
2451 5565 2548 5605 τίη.

2301 5623 2374 5693 (6)
2399 5622 2526 5687 Ε(1.,
2552 5624 2700 5694 ipsis.
