4044 6212
350 214 467 275 ἳδδ

1698 207 2038 267 MDLA
2078 205 2291 263 LXVll.

3518 202 3631 269 σοι

359 328 845 387 exanimat-09V
861 327 921 382 δὲ
966 326 1059 383 τδν
1096 326 1292 400 φθόνον
1335 326 1428 382 τὸν
1455 322 1600 383 κατά
1622 323 1732 379 τῶν
1769 323 1944 394 ἁγίων

2068 328 2239 376 mntra
2271 324 2490 376 sanctas
2515 317 2791 376 Ecclesiae
2828 318 2888 376 in
2916 316 3098 392 seipse
3132 330 3460 392 conceptam
3499 335 3630 392 par-

375 419 717 492 Ὲκιιλησιῶν
762 418 978 481 Διῖιιδίνιιιιν
1030 420 1090 473 ἐν
1130 418 1336 491 ἑαυτῷ,
1386 414 1640 488 γλώσσας
1689 415 1948 487 ἀκρατεῖς

360 514 598 571 ἀνοσίων
644 513 740 568 καὶ
788 511 1035 585 βεϐήλων
1056 511 1367 584 ἀνθρώπων
1395 505 1948 581 κεκαυτηριασμένην

364 606 599 677 ἑχόντων
614 606 717 676 τὴν
750 603 1056 675 συνείδησιν
1080 602 1488 675 ἀνταναστῆσαι
1510 600 1819 672 τετόλμηκε
1838 599 1950 662 τοῖς

366 697 467 767 τῆς
509 694 776 767 ἀληθείας
833 693 1119 766 δόγμασιν.
1160 694 1304 748 Ἀλλ’
1352 693 1471 765 ἥλω
1522 690 1802 764 πανταχοῦ
1854 690 1953 753 καὶ

364 788 672 859 νενίκηται,
708 788 996 859 ἄπρακτον
1037 786 1205 845 αὐτοῦ
1236 786 1337 859 τὴν
1366 786 1668 859 σκαιότητα
1704 782 1802 840 καὶ
1842 782 1953 837 τῶν

360 878 794 950 ἐγχειρημάτων
819 879 922 951 τὴν
953 876 1186 951 δύναμιν
1220 878 1618 948 ἀποφαίνοντος
1638 886 1668 918 ι
1688 875 1784 932 τοῦ
1815 874 1956 930 πάν-

361 989 480 1026 των
514 972 685 1043 ἡμῶν
717 971 974 1045 ωτῆρος
1014 970 1278 1044 Χριστοῦ.
1323 968 1577 1026 Πλεῖστοι
1621 970 1724 1043 μὲν
1765 964 1862 1024 οὖν
1901 966 1955 1020 οἱ

364 1066 480 1137 πρὸ
504 1065 690 1136 ἡμῶν,
719 1065 837 1130 τοῖς
860 1064 1042 1134 ἁγίοις
1073 1062 1235 1137 ἡμῶν
1263 1065 1515 1137 Πατράσι
1548 1061 1952 1135 μεμαχημένοι,

362 1159 465 1214 καὶ
494 1157 643 1213 κατὰ
669 1158 770 1229 τῆς
794 1158 1040 1230 ἀρρήτου
1066 1157 1227 1229 δόξης
1257 1157 1328 1213 τὰ
1364 1158 1464 1229 τῆς
1506 1155 1718 1210 ἑαυτῶν
1759 1153 1957 1226 ἀθυρο-

364 1248 605 1319 στομίας
667 1248 811 1302 ὅπλα
842 1249 1187 1321 κινήσαντες,
1235 1246 1354 1303 ἀλλ’
1384 1246 1684 1318 ἠλέγχοντο
1732 1244 1958 1316 θρασεῖς

362 1343 544 1410 ὄντες,
578 1342 671 1396 καὶ
690 1339 952 1412 ἀμαθεῖς,
980 1340 1078 1394 καὶ
1105 1338 1519 1409 κενολογοῦντες
1535 1337 1761 1409 μᾶλλον,
1790 1337 1959 1408 ἤγουν

366 1433 676 1505 ἐγνωκότες
699 1450 753 1487 τι
785 1432 929 1489 κατὰ
956 1431 1216 1503 ἀλήθειαν
1251 1431 1359 1485 τῶν
1389 1431 1490 1487 ὅσα
1523 1430 1674 1483 ἐστὶν
1702 1426 1763 1494 ἐξ
1788 1426 1960 1498 αὐτῆς

368 1529 473 1599 τῆς
503 1526 769 1599 ἀληθείας
806 1516 1253 1597 μαρτνρὸύμενα,
1283 1522 1362 1588 ὡς
1392 1518 1503 1577 εἷεν
1530 1522 1670 1594 ὀρθὰ
1697 1520 1793 1575 καὶ
1812 1516 1963 1591 ἀμώ-

372 1634 526 1689 μητι
552 1616 651 1672 καὶ
686 1614 939 1686 διαϐολῆς
974 1613 1199 1685 ἁπάσης
1245 1612 1524 1684 ὑπέρτερα
1544 1618 1597 1667 7.
1640 1608 1860 1680 Ἐπειδὴ
1904 1608 1961 1661 δὲ

371 1670 519 1781 ζιροξ
544 1670 780 1770 ἐκείνοις
811 1708 842 1760 ό
874 1670 1195 1770 δύσσεϐείας
1225 1670 1466 1775 ἁπάσης.
1495 1702 1725 1775 εὑρετὴς
1772 1670 1868 1756 καί
1891 1698 1964 1752 δι·
1990 1670 2035 1728 Β

364 1797 645 1861 δάσκαλος
675 1796 900 1867 ἤγειρεν
927 1794 1064 1867 ἡμῖν
1084 1795 1184 1860 τὰς
1200 1793 1500 1867 Νεπορίου
1526 1792 1891 1862 καινοφωνίας
1913 1800 1961 1856 ι,

375 1889 490 1944 ἰδοὺ
517 1886 585 1957 δὴ
611 1885 927 1951 σύμπαντες
953 1884 1043 1939 διὰ
1071 1884 1173 1956 τὴν
1210 1881 1309 1938 τοῦ
1351 1883 1490 1938 Θεοῦ
1533 1881 1716 1954 χάριν,
1745 1882 1842 1941 καὶ
1863 1876 1964 1951 τὴν

369 1980 623 2035 δοθεῖσαν
656 1980 790 2050 ἡμῖν
823 1978 959 2048 παρ’
996 1973 1165 2031 αὐτοῦ
1211 1975 1452 2040 σύνεσιν,
1494 1974 1595 2046 μιᾷ
1632 1972 1851 2045 γλώττῃ
1874 1972 1967 2029 τὸν

371 2072 694 2143 ἀποστάτην
726 2062 1228 2140 ἁναθεματίζομεν,
1259 2067 1353 2121 τὸν
1397 2065 1601 2120 εὐκλεᾶ
1633 2064 1748 2119 τῶν
1791 2064 1968 2119 Πατέ-

375 2184 489 2238 ρων
521 2162 937 2236 ίχνηλατοῦντες
969 2152 1155 2233 ζῆλον,
1191 2160 1287 2215 καὶ
1324 2157 1813 2230 κατανδριζόμενοι
1857 2156 1968 2212 τῶν

376 2258 592 2330 ἐχθρῶν
643 2254 742 2310 τοῦ
782 2254 1020 2324 σταυροῦ
1054 2253 1153 2309 τοῦ
1199 2252 1463 2325 Χριστοῦ,
1504 2252 1603 2306 καὶ
1648 2253 1750 2323 τὴν
1791 2250 1967 2331 ἁληθῇ

378 2348 781 2423 πρεσϐεύοντες
828 2347 1035 2415 πίστιν,
1092 2347 1195 2402 καὶ¹
1237 2347 1584 2410 διδάσκοντες
1634 2346 1694 2398 ὲν
1737 2343 1970 2415 Ἐκκλη-

376 2443 548 2518 σίαις,
592 2442 671 2514 μὴ
711 2442 833 2505 ταῖς
892 2438 1121 2493 ἐκείνων
1176 2438 1519 2502 δυσσεϐείαις
1582 2434 1969 2518 προστίθεσθαι

377 2515 610 2607 μᾶλλον,
643 2533 741 2587 δύο
784 2532 1034 2601 λέγοντος
1089 2528 1365 2602 Χριστοὺς
1411 2531 1507 2585 καὶ
1535 2515 1709 2595 υἱοὺς,
1744 2528 1841 2582 ἕνα
1873 2528 1972 2599 μὲν

378 2626 543 2698 φύσει
573 2627 672 2680 καὶ
704 2624 885 2698 ἀληθῆ
907 2636 958 2689 ι,
988 2622 1080 2678 τὸν
1104 2625 1171 2677 ὲκ
1211 2623 1350 2677 Θεοῦ
1388 2620 1606 2697 Πατρδς
1633 2620 1828 2691 Λόγον,
1849 2620 1972 2674 ἓτε-

381 2733 478 2787 ρον
497 2716 558 2771 δὲ
590 2715 745 2769 θέσει
793 2713 888 2767 καὶ
928 2712 1145 2789 χάριτι,
1175 2711 1268 2766 τὸν
1310 2713 1376 2767 ὲκ
1406 2713 1724 2785 σπέρματος
1747 2711 1841 2765 τοῦ
1871 2713 1976 2767 Δα-

380 2805 468 2859 ϐίδ
486 2821 501 2834 '
539 2803 681 2860 ἀλλὰ
714 2801 859 2858 κατά
870 2803 973 2872 τὴν
1003 2800 1212 2857 ἄνωθεν
1232 2800 1670 2879 καταϐαίνουσαν
1697 2802 1776 2865 εἰς
1802 2800 1971 2872 ἡμᾶς,

381 2896 669 2970 ἀκραιφνῆ
725 2895 823 2949 καὶ
871 2893 1240 2966 ἀνεπίληπτον
1290 2894 1498 2961 πίστιν,
1548 2894 1645 2947 ἕνα
1696 2893 1825 2947 Υίὸν
1877 2893 1976 2947 καὶ

381 2991 593 3061 Κύριον
641 2987 850 3059 Ἰησοῦν
887 2985 1145 3059 Χριστὸν,
1184 2987 1277 3040 τὸν
1318 2988 1384 3040 ὲκ
1428 2986 1567 3040 Θεοῦ
1617 2986 1833 3056 Πατρὸς
1873 2985 1977 3040 Λό-

1994 3033 2045 3091 C

2050 410 2281 475 turiens,
2309 408 2605 465 ell'renatas
2635 408 2929 479 impiorum
2952 409 3421 481 protanorumque
3446 410 3630 469 homi-

2042 514 2183 557 num
2232 498 2592 555 cauteriatam
2632 498 3028 555 conscientiam
3064 498 3110 531 ³⁸
3159 498 3483 561 habentium
3521 496 3631 557 lin-

2049 604 2185 661 guas
2208 598 2401 645 contra
2425 589 2673 647 veritatis
2701 589 2899 660 dogma
2927 605 3099 647 ausus
3125 598 3212 645 est
3239 590 3500 651 excitare.
3523 592 3633 651 Ve-

2052 696 2176 737 rum
2200 680 2423 740 Christo
2451 683 2699 739 omnium
2730 690 2981 739 nostrum
3007 682 3291 740 Salvatore
3316 682 3636 753 improbita-

2053 782 2166 831 tem
2196 773 2345 831 illius
2368 774 2783 847 violentumque
2809 783 3066 833 conatum
3092 776 3316 833 irritum
3342 776 3636 843 reddente,

2052 865 2433 938 deprehensus
2470 866 2679 938 ubique
2716 883 2787 924 ac
2825 868 3007 927 vietus
3036 877 3145 925 est.
3182 870 3419 925 Plurimi
3448 870 3639 943 itaque

2055 968 2184 1015 ante
2208 974 2311 1016 nos
2329 958 2662 1015 exstiterunt
2700 959 2796 1030 qui
2835 969 3056 1016 sanctos
3076 961 3268 1016 Patres
3284 970 3506 1017 nostros
3537 960 3642 1021 im-

2055 1060 2399 1123 pugnarunt,
2452 1051 2772 1123 bellumque
2815 1061 3009 1109 contra
3048 1052 3386 1110 ineﬁ‘abilem
3432 1053 3642 1111 Christi

2057 1144 2288 1215 gloriam
2330 1143 2601 1202 eﬁ'renato
2647 1160 2747 1201 ore
2788 1142 3104 1213 moverunt,
3160 1146 3258 1203 sed
3310 1147 3643 1218 deprehensi

2057 1245 2189 1292 sunt
2220 1237 2504 1293 temerarii
2539 1246 2595 1292 et
2625 1236 2855 1304 indocti,
2879 1245 2940 1293 et
2965 1239 3253 1310 vaniloqui
3276 1241 3450 1313 magis
3477 1255 3644 1312 quam

2057 1329 2268 1401 aliquid
2296 1346 2489 1386 eorum
2517 1346 2710 1387 revera
2736 1347 2920 1397 nosse,
2945 1333 3149 1403 quibus
3169 1333 3241 1389 ah
3267 1334 3385 1405 ipsa
3410 1335 3645 1391 veritate

2061 1422 2440 1477 testimonium
2470 1423 2795 1494 perhibetur
2818 1424 2968 1495 quod
3010 1433 3160 1481 recta
3188 1426 3300 1481 sint
3325 1434 3382 1481 et
3409 1425 3643 1499 integra,

2056 1519 2117 1568 et
2139 1512 2211 1567 ab
2234 1513 2382 1568 omni
2403 1514 2676 1570 calumnia
2696 1516 3016 1587 longissime
3042 1523 3274 1573 remota.
3297 1519 3493 1591 Postea
3512 1534 3648 1574 vero

2062 1619 2227 1674 quam
2256 1616 2458 1676 prater
2495 1621 2594 1661 eos
2627 1606 2719 1663 ille
2757 1608 2939 1663 omnis
2975 1608 3276 1680 impietatis
3300 1610 3554 1667 inventor
3584 1625 3650 1665 ac

2061 1696 2276 1763 doctor,
2301 1699 2538 1756 Nestorii
2561 1714 2761 1756 vocum
2793 1702 3066 1759 novitates
3099 1703 3145 1737 δ’
3169 1704 3333 1760 nobis
3352 1706 3648 1774 excitavit;

2061 1805 2193 1847 ecce
2226 1793 2337 1863 jam
2367 1809 2469 1865 per
2500 1794 2599 1850 Dei
2629 1788 2882 1866 gratiam,
2921 1797 3213 1870 datamque
3256 1797 3416 1854 nobis
3457 1798 3529 1855 ab
3556 1798 3654 1855 illo

2050 1882 2504 1956 intelligentiam,
2528 1902 2722 1943 omnes
2743 1903 2857 1943 uno
2883 1904 2978 1945 ore
3002 1890 3156 1944 illum
3189 1898 3492 1963 apostatam
3517 1907 3651 1949 ana-

2066 1974 2508 2043 thematizamus,
2537 1978 2836 2049 gloriosum
2866 1980 3091 2036 Patrum
3125 1992 3443 2038 nostrorum
3473 1983 3653 2039 zelum

2066 2065 2289 2132 imitati,
2319 2067 2671 2139 viriliterque
2717 2077 2910 2126 contra
2952 2072 3208 2129 inimicos
3233 2076 3424 2131 'crucis
3450 2074 3656 2132 Christi

2066 2172 2170 2212 nos
2193 2167 2464 2230 gerentes,
2487 2175 2552 2216 ac
2576 2177 2765 2217 veram
2799 2161 2961 2219 ﬁdem
2996 2165 3261 2232 colentes,
3293 2174 3456 2239 atque
3490 2166 3545 2222 in
3567 2182 3660 2224 ec-

2067 2247 2251 2305 clcsiis
2267 2249 2549 2317 docentes,
2571 2266 2682 2307 non
2713 2253 3129 2309 assentiendum
3159 2271 3282 2311 esse
3316 2255 3464 2313 illius
3494 2257 3645 2313 blas-

2066 2341 2334 2414 phemiis,
2381 2343 2522 2415 duos
2565 2344 2803 2402 dicentis
2848 2346 3107 2413 christos,
3149 2356 3207 2404 et
3250 2347 3391 2407 filios
3432 2368 3445 2404 :
3488 2366 3659 2407 unum

2068 2436 2294 2506 quidem
2327 2437 2635 2493 naturalem
2669 2448 2726 2494 et
2767 2444 2985 2506 verum,
3026 2457 3225 2514 nempe
3262 2441 3397 2499 illud
3440 2460 3507 2498 ex
3546 2444 3662 2500 Deo

2067 2522 2232 2583 Patre
2268 2520 2513 2607 Verbum
2534 2569 2548 2593 ,
2583 2529 2817 2583 alterum
2847 2546 2979 2586 vero
3020 2533 3320 2604 adoptione
3363 2543 3418 2589 et
3448 2536 3621 2605 gratia
3642 2577 3659 2601 ,

2071 2620 2224 2674 illum
2246 2618 2506 2691 videlicet
2527 2634 2594 2673 ex
2619 2620 2828 2675 semine
2853 2620 3025 2675 David
3052 2640 3065 2675 :
3096 2623 3191 2677 sed
3217 2623 3520 2693 secundum
3548 2614 3664 2683 sin-

2072 2725 2254 2767 ceram
2303 2710 2960 2781 irreprehensibilcmque
3006 2712 3190 2780 fidem,
3225 2712 3348 2784 quae
3374 2716 3485 2787 jam
3516 2710 3663 2773 inde

2073 2801 2143 2857 ab
2171 2801 2331 2857 initio
2362 2800 2431 2856 ad
2464 2816 2567 2857 nos
2599 2790 2905 2867 descendit,
2937 2817 3107 2857 unum
3151 2790 3441 2861 duntaxatJ
3462 2806 3663 2862 Filium

2074 2901 2131 2950 ct
2157 2894 2453 2949 Dominum
2487 2894 2675 2950 Jesum
2715 2894 3018 2961 Christum,
3064 2896 3244 2968 ipsum
3276 2899 3537 2954 nimirum
3575 2899 3664 2955 in-

2077 2994 2363 3043 carnatum
2393 2993 2451 3042 et
2491 2987 2772 3043 hominem
2817 2988 3022 3047 factum
3056 2989 3151 3044 Dei
3186 2990 3363 3047 Patris
3400 2980 3663 3069 Verbum,

384 3100 521 3151 γον,
556 3080 1058 3155 ὲνανθρωπὴσαντα
1096 3079 1189 3151 καὶ
1222 3079 1668 3151 σεσαρκωμένον,
1698 3078 1842 3133 κατὰ
1874 3077 1972 3149 τὴν

2073 3081 2229 3153 juxta
2258 3087 2573 3134 sanctorum
2601 3074 2825 3136 Patrum
2857 3081 3261 3155 confessionem
3288 3103 3300 3137 :
3328 3084 3403 3140 ita
3433 3094 3494 3141 ut
3522 3102 3670 3143 unus

386 3170 499 3227 τῶν
559 3170 734 3240 ἁγίων
784 3170 1051 3244 Πατέρων
1103 3160 1432 3243 ὁμολογίανο
1468 3170 1614 3225 ὥστε
1661 3171 1754 3226 τὸν
1813 3170 1977 3225 αὐτὸν

386 3261 536 3319 εἷναί
590 3282 650 3317 τε
689 3265 786 3331 καὶ
839 3264 1097 3334 λέγεσθαι
1138 3266 1203 3329 ὲκ
1242 3262 1379 3318 Θεοῦ
1409 3263 1622 3337 Πατρδς
1651 3263 1871 3329 θεῖκῶς,
1902 3265 1978 3328 ὡς

389 3358 572 3427 Λόγον
607 3356 787 3423 αὐτοῦ,
826 3357 922 3411 καὶ
953 3358 1021 3412 ὲκ
1058 3357 1159 3429 τῆς
1195 3344 1407 3422 οὐσίας
1437 3358 1606 3413 αὐτοῦ
1645 3356 1979 3430 προελθόντα

388 3448 659 3520 φυσικῶς,
718 3450 813 3503 καὶ
839 3436 951 3503 ’ἔχ’
982 3449 1297 3522 σπέρματος
1356 3449 1523 3505 Δαϐὶδ
1578 3451 1719 3505 κατὰ
1778 3452 1976 3523 σάρκα,

386 3545 557 3613 ἤγουν
597 3542 664 3595 ὲκ
708 3541 807 3612 τῆς
840 3541 1004 3611 ἁγίας
1036 3542 1131 3596 καὶ
1180 3530 1446 3597 Θεοτόκου
1478 3542 1718 3615 Μαρίας.
1759 3544 1835 3597 Οὐ
1869 3542 1979 3617 γὰρ

389 3636 576 3707 ἕτερον
602 3632 701 3688 καὶ
728 3635 935 3706 ἕτερον,
968 3634 1043 3699 ὡς
1074 3633 1232 3713 ἔφην,
1264 3633 1572 3707 παρέδοσαν
1599 3636 1649 3688 οἱ
1675 3636 1770 3689 ἀπ’
1802 3636 1981 3713 ἀρχῆς

391 3727 680 3791 αὐτόπται,
717 3726 815 3779 καὶ
866 3711 1454 3797 ὑπηρέταιγενόμενοι
1485 3725 1577 3791 τοῦ
1611 3726 1770 3797 λόγου
1794 3743 1810 3757 ·
1844 3711 1981 3783 ἀλλὰ

392 3820 486 3873 Eva
542 3817 645 3872 καὶ
706 3817 802 3871 τὸν
849 3816 1032 3884 αὐτὸν,
1063 3817 1199 3881 Θεόν
1232 3835 1291 3872 τε
1335 3803 1472 3890 όμοῦ
1530 3818 1623 3895 καὶ
1670 3820 1977 3901 ἄνθρωπον,

396 3909 688 3981 μονογενῆ,
745 3910 1121 3982 πρωτότοκοψ
1171 3911 1261 3965 ἵνα
1309 3911 1372 3966 τὸ
1406 3911 1507 3983 μὲν
1535 3911 1649 3984 ἔχοι
1676 3912 1894 3979 οεῖκῶς,
1919 3914 1981 3968 τὸ

392 4001 448 4054 δὲ
495 4002 893 4070 ἀνθρωπίνων
929 4003 1011 4057 ὅτι
1056 4002 1282 4073 γέγονεν
1329 4004 1388 4057 ὲν
1437 4004 1654 4069 πολλοῖς
1696 4004 1979 4077 ἀδελφοῖς,

394 4094 489 4166 τὴν
516 4097 656 4167 πρὸς
687 4096 837 4167 ἡμᾶς
862 4096 1121 4167 ὁμοίωσιν
1150 4096 1539 4161 ὑθτελθὼν,.καὶ
1564 4099 1663 4152 οὐκ
1694 4098 1982 4172 ἄνθρωπον

396 4188 550 4241 ἄλλον
598 4188 847 4258 συνάψας
899 4187 1098 4261 ἐαυτῷ,
1145 4188 1289 4244 καθὰ
1334 4193 1555 4262 φρονεῖν
1592 4189 1761 4257 ἔδοξέ
1816 4209 1979 4258 τισιν,

396 4279 508 4333 ἀλλ’
536 4280 869 4353 αὐτόχρημα
906 4283 1197 4355 γενόμενος
1242 4282 1552 4352 ἄνθρωπος,
1587 4286 1682 4340 καὶ
1706 4286 1809 4340 οὐκ
1845 4286 1983 4340 ἀπο-

2079 3172 2336 3243 idemque
2370 3173 2443 3228 sit
2474 3181 2530 3227 et
2565 3171 2783 3228 dicatUr
2811 3174 2905 3245 qui
2936 3173 3202 3231 divinitus
3234 3192 3301 3231 ex
3331 3177 3443 3255 Deo
3479 3172 3666 3244 Patre.

2078 3273 2269 3337 utpote
2294 3264 2535 3321 Verbum
2564 3264 2716 3321 illius
2750 3275 2806 3321 et
2834 3282 2900 3321 ex
2939 3266 3059 3338 ejus
3096 3267 3404 3324 substantia
3439 3280 3667 3326 natura-

2078 3358 2208 3414 liter
2234 3358 2517 3429 procedit,
2544 3340 2604 3413 et
2636 3354 2730 3429 qui
2771 3373 2841 3413 ex
2884 3360 3094 3414 semine
3143 3359 3313 3414 David
3359 3360 3666 3417 secundum

2080 3466 2324 3517 carnem,
2354 3450 2461 3507 hoc
2489 3460 2592 3516 cst,
2623 3466 2687 3505 ex
2716 3458 2904 3505 sancta
2933 3460 2989 3505 et
3018 3450 3113 3506 Dei
3151 3451 3417 3522 genitrice
3444 3453 3669 3524 Virgine
3710 3487 3727 3498 ο

2080 3543 2247 3598 Maria
2271 3553 2426 3598 ortus
2450 3530 2700 3631 est.JNon
2721 3532 2879 3596 'enim
2909 3542 3076 3597 alium
3104 3541 3451 3631 atqtie'lps
3474 3545 3666 3613 alium,

2081 3641 2144 3689 ut
2183 3630 2316 3699 dixi,
2352 3620 2701 3687 tradiderunt
2744 3633 2904 3688 nobis
2942 3633 3034 3703 qui
3069 3632 3137 3687 ab
3173 3620 3476 3707 initio'ipsi
3506 3639 3668 3697 vide~

2083 3735 2231 3794 runt,
2257 3741 2322 3781 ac
2359 3720 2597 3805 ministri
2629 3722 2854 3799 luerunt
2874 3710 3160 3809 sermonis
3193 3725 3258 3793 ³⁸,
3293 3728 3390 3784 sed
3417 3746 3584 3791 unum
3612 3740 3670 3787 et

2081 3819 2337 3877 eumdem
2366 3800 2571 3873 Deum
2592 3816 2754 3872 simul
2786 3826 2842 3873 et
2877 3800 3180 3885 hominem,
3216 3819 3558 3892 unigenitum
3604 3839 3669 3885 ae

2081 3912 2543 3987 primogenitum;
2579 3919 2642 3966 ut
2690 3910 2825 3965 illud
2873 3911 3097 3982 quidem
3147 3911 3350 3969 habeat
3395 3924 3467 3973 ut
3493 3917 3666 3982 Deus,

2058 3996 2230 4061 'istud
2263 4020 2397 4060 vero
2430 4012 2490 4058 ut
2522 3990 2707 4058 homo.
2750 4001 2950 4071 Factus
2980 4013 3065 4060 est
3096 4004 3244 4059 enim
3280 4006 3426 4062 inter
3466 3992 3671 4067 multos

2083 4099 2282 4154 fratres
2303 4098 2371 4163 ’9,
2396 4095 2462 4151 ad
2490 4106 2735 4153 nostram
2766 4093 3185 4159 similitudinem
3206 4113 3327 4155 sese
3349 4098 3666 4166 demittens,

2084 4209 2194 4246 non
2220 4190 2386 4257 alium
2419 4188 2697 4243 horninem
2716 4230 2730 4254 ,
2761 4198 2821 4245 ut
2855 4189 3186 4261 quibusdam
3219 4191 3397 4247 visum
3420 4199 3537 4256 est,
3560 4192 3667 4247 sibi

2085 4283 2405 4363 adiungens,
2441 4280 2537 4341 sed
2569 4270 2713 4336 idem
2738 4280 2854 4351 ipse
2890 4297 3082 4337 revera
3112 4284 3288 4337 factus
3314 4284 3500 4348 homo,
3527 4291 3584 4339 et
3613 4284 3668 4341 id

402 4374 527 4439 στὰς
558 4374 657 4427 τοῦ
688 4370 831 4427 εἶναι
853 4375 882 4427 ὅ
905 4371 995 4448 ἦν.
1026 4376 1157 4442 Θεὸς
1186 4375 1298 4449 γὰρ
1322 4378 1397 4432 ὢν
1427 4378 1588 4450 φύσει
1620 4379 1712 4435 καὶ
1740 4380 1972 4453 ἀπαθὴς,

2086 4375 2233 4449 quod
2266 4386 2385 4432 erat
2415 4391 2537 4435 esse
2564 4391 2690 4438 ,nou
2730 4374 3006 4430 desinens.
3036 4375 3172 4430 Nam
3202 4391 3334 4430 cum
3363 4390 3431 4431 ex
3472 4384 3668 4433 natura

393 4465 478 4517 διὰ
523 4464 693 4520 τοῦτο
743 4467 907 4537 σαρκὶ
948 4470 1014 4539 τῇ
1055 4468 1162 4541 ίδίᾳ
1203 4470 1481 4533 πέπονθεν,
1502 4470 1768 4541 ἑκών.ιοὺ
1792 4458 1899 4547 γὰρ
1925 4474 1984 4529 τὸ

397 4556 581 4628 ἐτέρου
610 4555 761 4621 τινὸς
799 4558 957 4629 σῶμα
990 4559 1222 4621 δέδωκεν
1258 4561 1398 4634 ὑπὲρ
1434 4562 1625 4636 ἡμῶν·
1678 4564 1793 4619 ἀλλ’
1821 4566 1983 4631 αὐτὸς

400 4645 590 4701 ἑαυτὸν
619 4649 648 4701 ό
679 4648 983 4721 μονογενὴς
1022 4648 1116 4703 τοῦ
1155 4650 1291 4704 Θεοῦ
1340 4651 1534 4722 Λόγος,
1563 4653 1856 4726 γενόμενος
1890 4636 1984 4710 ἄν·

402 4735 640 4809 θρωπος,
691 4739 771 4804 ὡς
816 4741 1049 4812 ἄμωμον
1103 4743 1298 4814 ἱερεῖον
1355 4747 1727 4820 προσεκόμισε
1756 4748 1835 4820 τῷ
1863 4748 1983 4819 Θεῷ

404 4829 498 4881 καὶ
540 4830 743 4902 Πατρί.
770 4827 882 4886 Ἦν
919 4828 1013 4888 οὖν
1050 4835 1370 4905 ἀναγκαῖον,
1404 4837 1667 4912 λαμπρὰν
1710 4841 1858 4914 ἡμᾶς
1888 4843 1982 4895 ἐπὶ

406 4920 608 4989 τούτοις
642 4923 802 4994 ἄγειν
821 4925 1037 4998 ἑορτὴν,
1062 4927 1569 5002 συνεκϐεϐλημὲνης
1590 4931 1831 5013 δηλονότι
1850 4920 1983 4997 ταῖς

407 5013 694 5089 Νεστορίου
772 5019 1116 5086 κακοδοξίαις
1176 5024 1269 5077 καὶ
1336 5025 1521 5097 φωνῆς
1564 5026 1789 5097 ,ἁπάσης
1851 5030 1983 5101 παρ’

410 5106 644 5173 ὁτιοῦνδ,
680 5111 732 5163 εἰ
788 5113 912 5174 ταῖς
985 5113 1195 5168 ἐκείνου
1248 5115 1520 5188 συμϐαίνῃ
1571 5117 1981 5191 ψευδηγορίαις.

412 5195 701 5272 Κεχώρηκε
736 5202 846 5275 γὰρ
878 5203 1021 5258 κατά
1047 5207 1270 5260 πάντων
1296 5206 1408 5260 τῶν
1439 5208 1509 5261 τὰ
1530 5206 1622 5263 ἴσα
1643 5212 1986 5281 φρονούντων

414 5287 612 5363 ἐκείνῳ,
637 5295 809 5365 ἡγουν
833 5307 855 5336 ε
894 5297 992 5351 καὶ
1029 5299 1457 5371 πεφρονηκότων
1497 5302 1742 5369 πώποτε,
1761 5303 1823 5357 τό
1852 5305 1985 5358 ἀπο-

475 5406 833 5481 “l’l‘im.rv,
887 5413 941 5469 2.
1020 5416 1067 5449 ³⁷
1120 5417 1141 5472 ι
1196 5416 1338 5474 Tim.
1389 5435 1465 5486 vr,
1501 5418 1582 5474 20.

522 5582 527 5585 -
1378 5537 1385 5543 ’
1503 5540 1680 5597 Variae
1701 5541 1966 5597 lectiones
1997 5539 2203 5596 codicis
2229 5531 2594 5606 Seguieriani.

478 5626 505 5705 ἶ
534 5620 998 5702 ἀὲαταγώνισυον.
1101 5646 1125 5675 κ
1156 5632 1559 5705 ἀποφήναντος.
1661 5641 1691 5682 1
1723 5634 1801 5698 ὡς
1836 5624 2130 5691 ἀπωτάτω.
2166 5696 2169 5697 ν
2237 5641 2258 5671 ι
2294 5629 2651 5697 κενοφωνίας,

419 5694 440 5723 ⁸
463 5686 491 5758 ἢ
516 5692 661 5758 γοῦν.

2082 4470 2229 4525 Deus
2255 4477 2312 4524 ct
2338 4458 2660 4537 itnpatihilis
2682 4471 2849 4529 esset,
2887 4463 3011 4519 ideo
3037 4463 3095 4518 in
3132 4465 3355 4535 propria
3382 4480 3548 4522 carne
3575 4482 3671 4523 vo-

2060 4560 2322 4635 ,luntarie
2347 4550 2543 4632 passus
2568 4565 2672 4613 est.
2708 4556 2898 4629 Neque
2929 4555 3077 4612 enim
3106 4556 3338 4612 alterius
3364 4557 3671 4629 cujuspiam

2081 4663 2283 4718 corpus
2316 4661 2416 4718 pro
2442 4645 2605 4701 nobis
2639 4643 2813 4712 dedit,
2844 4643 2938 4701 sed
2983 4645 3162 4715 ipsum
3197 4645 3544 4717 unigenitum
3576 4646 3670 4701 Dei

2058 4726 2321 4797 ‘Ve'rhum
2348 4739 2513 4801 homo
2538 4737 2766 4803 factum,
2796 4744 2857 4791 ut
2880 4736 3285 4793 immaculatam
3309 4737 3587 4803 victimam
3612 4754 3672 4795 se

2089 4834 2199 4891 Deo
2224 4840 2280 4886 et
2321 4829 2467 4886 Patri
2499 4829 2720 4884 obtulit.
2747 4828 2983 4885 Proinde
3023 4844 3240 4903 aequum
3279 4829 3386 4889 fuit
3422 4830 3674 4897 hilariter

2064 4927 2176 4997 his
2216 4925 2285 4981 de
2317 4925 2500 4980 causis
2531 4923 2732 4993 festum
2768 4922 2915 4981 diem
2946 4938 3129 4995 agere,
3166 4923 3340 4994 ejecta
3364 4924 3481 4994 jam
3507 4925 3672 4979 simul

2091 5036 2216 5080 cum
2256 5032 2517 5090 perversa
2543 5015 2781 5091 Nestorii
2823 5013 3101 5087 opinione,
3137 5016 3287 5070 omni
3325 5016 3431 5083 alia
3459 5032 3491 5072 a
3528 5033 3672 5088 quo-

2089 5094 2308 5184 cunque
2332 5110 2533 5167 cmissa
2557 5124 2712 5173 voce,
2735 5124 2858 5178 quae
2881 5123 3005 5161 cum
3037 5108 3186 5164 illius
3213 5109 3515 5165 mendaciis
3537 5126 3672 5167 con-

2090 5206 2324 5261 veniret.
2350 5201 2606 5259 Procedit
2629 5201 2777 5256 enim
2807 5199 3072 5256 adversus
3095 5217 3308 5268 omnes,
3340 5203 3434 5273 qui
3469 5203 3675 5275 pariter

2091 5319 2217 5360 eum
2253 5292 2350 5356 illo
2388 5296 2656 5361 sentiunt,
2704 5295 2790 5348 vel
2825 5294 2989 5350 etiam
3029 5294 3325 5365 aliquando
3358 5308 3671 5363 senserunt,
3762 5341 3787 5353 -

1668 5419 1715 5453 ³⁸
1740 5422 1786 5477 ll
1816 5422 1957 5478 Tim.
1988 5440 2062 5489 tv,
2085 5424 2141 5478 ‘2.
2220 5422 2266 5453 ³⁹
2303 5420 2461 5475 Rom.
2485 5430 2605 5475 vui,
2636 5412 2727 5466 29.

2759 5636 2784 5666 ε
2835 5575 3066 5695 ἁληθέῦς.
3176 5624 3209 5666 ιδ
3240 5622 3372 5695 παρ’
3427 5620 3675 5680 ὁτουοῦν.
