2022 3106
209 121 263 150 535

721 114 750 140 δ.
770 112 907 140 υὶιιιιιιιί
926 111 1159 138 ΔιΛιᾹΜἹΙιΙὶΙΝι
1179 111 1341 140 ARCHIEP.

1780 109 1831 139 336

209 177 283 214 quod
303 180 332 205 et
345 183 397 204 nos
410 179 439 203 et
460 173 590 202 sanctitas
610 175 701 199 vestra
716 169 840 214 absolute
853 167 996 214 diximus,

1049 167 1137 200 λύτως
1158 169 1232 204 ἡμᾶς
1246 156 1287 195 ατε
1310 169 1357 196 καὶ
1367 162 1422 204 ’τὴν
1437 168 1563 204 ὁσιότητα
1584 167 1660 204 ὑμῶν
1675 167 1763 194 εἰπεῖν
1773 176 1779 182 ·
1792 168 1832 195 ὅτι

209 211 441 251 anathematizare
451 227 502 247 nos
512 226 560 246 eos
569 217 616 253 qui
627 216 697 244 duos
707 214 778 242 filios
789 213 833 240 vel
844 212 914 240 duos
924 211 997 240 chri-

209 273 267 295 stos
287 267 393 294 dicunt.
411 264 489 292 Unus
505 263 589 295 cnim,
613 261 683 289 sicut
699 260 766 293 dixi,
784 266 847 288 eum
863 266 879 286 a
902 257 995 290 nobis,

209 319 267 340 tum
281 312 364 339 etiam
385 318 400 337 a
413 309 492 337 vobis
507 308 671 344 praedicatur
686 306 813 334 Christus
828 309 857 333 et
869 304 955 332 Filius
970 308 998 331 et

209 357 351 388 Dominus,
367 355 435 383 illud
449 354 621 390 unigenitum
637 353 685 380 Dei
700 352 831 384 Verbum,
848 360 857 377 ι
875 351 903 378 in
922 350 997 378 simi-

209 402 324 431 litudine
341 401 482 429 hominum
499 400 611 432 factum,
628 402 656 426 et
669 398 776 430 habitu,
789 396 941 425 secundum
955 403 997 423 sa-

209 446 374 483 pientissimi
390 445 467 473 Pauli
484 452 596 477 vocem,
619 448 650 471 ut
665 443 747 471 homo
767 443 910 470 inventum
925 441 958 467 ιθ.
982 449 991 465 ι

208 493 287 527 Quod
303 497 394 521 autem
405 490 509 519 Christi
525 497 636 518 carnem
648 489 737 517 anima
754 488 922 523 intelligente
937 485 996 514 ani-

209 543 310 567 matam
327 545 388 566 esse
405 537 539 570 dicamus,
554 535 582 563 id
598 542 786 570 saepenumero
799 534 854 570 jam
870 536 933 560 ante
946 532 994 559 de-

209 587 390 612 monstratum
407 586 459 609 est.
484 581 518 609 Et
540 580 568 608 in
592 579 707 614 epistola
724 578 758 606 ad
783 577 927 606 Armenios
945 576 994 612 (l),

208 637 272 659 cum
296 635 450 656 sermonem
473 625 597 654 veritatis
623 628 696 652 recte
726 627 869 656 tractaret,
893 623 996 651 diserte

208 672 368 709 praedicavit
379 671 567 699 sanctissimus
576 675 605 698 et
618 668 840 704 religiosissimus
854 669 938 696 frater
948 675 996 695 no-

209 723 265 747 ster
286 722 314 745 et
334 716 511 752 coepiscopus
525 715 650 748 Proclus,
664 714 707 742 vir
723 714 794 750 pius,
808 718 836 741 et
855 714 891 741 ad
905 718 995 741 certa-

209 771 272 791 men
283 762 415 790 adversus
428 768 476 789 eos
489 761 536 796 qui
552 768 613 796 quae
626 763 701 788 recta
712 763 776 787 sunt
790 762 949 794 pervertunt
961 758 993 791 “,

208 809 383 841 exercitatus,
399 812 427 835 et
439 813 473 835 ex
489 806 612 834 veritatis
626 805 777 833 assertione
793 804 936 832 victoriam
951 811 995 831 re-

208 858 319 889 portare
329 857 465 881 assuetus.
476 851 593 879 Inl‘ames
603 855 695 879 autem
706 850 859 885 opiniones,
872 849 995 882 Diodori,

210 900 333 934 inquam,
350 906 381 925 ac
394 896 544 929 Theodori,
562 901 590 924 et
603 896 720 923 aliorum
735 895 916 930 quorumdam
927 902 997 930 quos

209 951 265 971 non
278 942 389 971 laudare
401 942 488 970 satius
498 945 567 974 erat,
578 948 613 968 ne
622 940 688 976 quid
701 940 811 976 gravius
822 939 922 972 dicam,
934 947 997 975 pro-

210 991 304 1022 pterea
329 986 403 1022 quod
436 986 526 1022 plenis
546 985 749 1021 quodammodo
770 985 839 1013 velis
865 985 997 1013 adversus

209 1033 311 1061 Christi
335 1032 449 1068 gloriam
469 1031 611 1064 ferantur,
635 1039 727 1064 nemo,
746 1031 876 1064 obsecro,
896 1031 998 1059 sanctis

209 1077 424 1111 ortltodoxisquc
435 1076 563 1104 Patribus
573 1075 686 1108 nostris,
702 1075 861 1108 Athanasio,
875 1075 996 1110 inquam,

210 1122 319 1155 Basilio,
332 1121 474 1157 Gregorio,
490 1120 654 1156 Theophila,
666 1124 694 1148 et
708 1120 822 1156 reliquis
833 1121 947 1154 tribuat,
963 1129 998 1149 ne

210 1176 265 1203 quo
286 1172 365 1203 pacto
382 1175 425 1195 res
443 1167 501 1195 haec
513 1167 653 1194 nonnullis
675 1166 794 1208 scandali
810 1166 857 1193 liat
878 1166 997 1200 occasio,

210 1213 431 1241 existimantibus
444 1220 542 1240 revera
557 1212 595 1240 ita
610 1212 729 1240 sensisse
740 1219 772 1240 ac
786 1211 913 1240 docuisse
925 1213 999 1240 viros

210 1258 295 1286 totius
309 1263 389 1286 recte
400 1258 463 1285 iidei
473 1257 612 1291 custodes,
625 1257 727 1293 quique
743 1262 838 1285 contra
854 1265 999 1293 perversas

210 1303 355 1338 opiniones
375 1311 429 1332 non
447 1303 532 1331 modo
547 1304 681 1337 Nestorii,
698 1303 746 1331 sed
762 1304 845 1331 etiam
865 1304 998 1338 aliorum,

212 1349 293 1385 193
307 1349 354 1384 qui
370 1349 443 1376 idem
465 1349 540 1385 quod
555 1349 698 1377 Nestorius
713 1353 775 1377 ante
791 1350 882 1385 ipsum
905 1358 999 1378 sense—

211 1399 275 1422 rant
297 1399 326 1422 et
347 1394 448 1424 litteris
467 1395 640 1430 mandaram,
662 1395 804 1432 oppositos
826 1396 912 1423 libros
933 1396 999 1424 reli-

210 1444 338 1476 querunt.
360 1439 492 1475 Optamus
508 1445 598 1468 autem
613 1445 644 1468 ut
663 1448 758 1468 omnes
773 1448 817 1468 res
832 1449 895 1469 suas
908 1444 999 1477 agant,

211 1491 300 1519 neque
314 1484 408 1511 turbas
420 1484 551 1511 Ecclesiis
562 1484 693 1517 excitent,
704 1485 759 1520 jam
767 1492 816 1519 per
823 1485 924 1513 Christi
940 1483 1001 1521 gra-

212 1529 322 1563 tiam,et
333 1529 475 1557 doctorum
482 1529 730 1565 ubique-terrarum
741 1530 909 1565 vigilantiam
921 1532 1001 1559 seda-

211 1579 262 1607 tas,
275 1582 365 1609 neque
377 1575 420 1602 vel
431 1575 483 1603 sibi
496 1575 571 1611 ipsis,
582 1576 625 1603 vel
636 1576 810 1611 aliisnegotia
819 1577 908 1604 denuo
916 1577 1001 1606 faces-

211 1625 281 1648 sant.
291 1620 424 1648 Caeterum
432 1621 550 1656 quicum
559 1621 836 1657 Nestorio_aliquando
844 1628 998 1657 senserunt,

211 1673 284 1694 nunc
291 1673 357 1693 vero
367 1673 400 1693 ex
408 1665 500 1693 animo
507 1666 708 1701 resipiscentes,
717 1675 733 1695 a
742 1668 823 1703 nugis
831 1668 903 1696 illius
910 1668 1000 1697 disce-

210 1711 290 1744 dunt,
307 1715 464 1746 mutataque
483 1711 624 1739 voluntate
646 1718 750 1741 rectam
766 1713 953 1749 integramque
966 1714 999 1741 ti-

211 1757 272 1784 dem
295 1756 439 1792 complecti
461 1761 635 1792 proponunt,
657 1764 705 1785 eos
732 1758 839 1793 placide
860 1759 1000 1795 suscipere

211 1806 327 1838 oportet,
342 1809 394 1830 nec
409 1802 537 1838 cuiquam
557 1803 679 1836 illorum,
696 1805 897 1839 praeteritorum
917 1812 1000 1834 causa

210 1849 364 1876 convicium
382 1848 488 1883 facere;
505 1857 540 1877 ne
559 1857 613 1885 qua
633 1849 740 1878 ratione
753 1858 787 1878 ex
803 1858 835 1878 ea
850 1858 879 1879 re
891 1852 1000 1880 occasio

210 1894 352 1922 nonnullis
364 1894 529 1929 prmbeatur,
545 1900 576 1922 ut
592 1896 767 1923 cunctantius
779 1895 813 1924 ad
824 1896 939 1925 meliora
957 1897 999 1925 fe-

211 1939 314 1967 stinent
324 1939 358 1967 ".
372 1939 401 1967 Si
419 1940 492 1967 enim
507 1947 554 1967 eos
570 1941 618 1976 qui
633 1940 822 1976 corporalibus
841 1942 945 1970 morbis
957 1948 999 1970 te-

210 1989 322 2017 nentur,
337 1984 371 2012 ab
386 1985 440 2012 illis
453 1985 563 2013 liberari
579 1986 715 2020 cupimus,
727 1986 815 2022 iisque
830 1988 999 2022 congratula-

211 2038 273 2057 mur
287 2030 334 2057 ubi
356 2030 384 2057 id
404 2030 560 2066 contigerit,
574 2031 713 2066 quomodo
725 2039 780 2059 non
795 2032 880 2068 magis
895 2033 998 2068 gaude-

211 2076 311 2108 bimus,
322 2076 344 2103 si
356 2075 379 2102 is
388 2075 436 2110 qui
447 2076 577 2104 seductus
589 2076 687 2109 fuerat,
696 2082 887 2111 convertatur,
898 2084 997 2107 etcum

210 2120 377 2149 conscientia
389 2120 460 2147 bona
476 2120 509 2147 ad
523 2128 595 2149 vera:
607 2122 771 2158 cognitionis
790 2123 880 2151 lucem
900 2132 997 2152 accur-

1048 214 1281 250 ἀναθεματίζομεν
1297 215 1361 246 τοὺς
1377 215 1452 247 υἱοὺς
1476 214 1603 249 λέγοντας
1624 213 1681 246 δύο,
1711 213 1759 240 καὶ
1785 213 1833 240 δύο

1048 259 1193 295 Χριστούς.
1207 258 1256 293 Εἷς
1281 260 1398 296 γὰρ,ὡς
1421 260 1499 295 ἔφην,
1522 259 1685 295 κηρύττεται
1711 259 1780 294 τορός
1803 267 1833 285 τε

1047 304 1129 340 ἡμῶν
1139 305 1230 332 αὐτῶν
1242 305 1289 333 καὶ
1302 305 1389 341 ὑμῶν,
1402 304 1527 341 Χριστὸς,
1541 305 1588 331 καὶ
1605 304 1680 337 Υἱὸς,
1702 303 1750 331 καὶ
1775 304 1833 330 Κύ-

1049 360 1115 387 ριος,
1132 352 1147 379 ό
1169 353 1317 387 μονογενὴς
1330 353 1379 379 τοῦ
1402 351 1470 378 Θεοῦ
1492 350 1587 385 Λόγος,
1612 359 1621 376 ι
1633 350 1663 376 ὲν
1679 350 1835 385 ὁμοιώματι

1047 397 1199 432 ἀνθρώπων
1214 397 1369 433 γενόμενος,
1384 397 1432 424 καὶ
1449 396 1568 431 σχήματι
1589 395 1725 431 εὑρεθεὶς,
1738 395 1776 427 ὡς
1789 395 1836 422 ἀν-

1046 441 1165 477 θρωπος,
1175 452 1185 469 ›
1200 443 1270 470 κατὰ
1284 442 1333 478 τὴν
1359 442 1407 469 τοῦ
1428 441 1584 477 σοφωτάτου
1608 440 1715 468 Παύλου
1731 442 1833 476 φωνήν.

1047 487 1109 515 Ὅτι
1132 488 1161 515 δὲ
1182 488 1232 524 τὴν
1254 488 1301 515 τοῦ
1327 488 1431 523 Κυρίου
1455 488 1545 523 σάρκα
1562 486 1718 522 ἑψυχῶσθαί
1745 495 1835 521 φαμεν

1046 533 1119 569 ψυχῇ
1133 534 1224 569 νοερᾷ,
1238 533 1374 561 δέδεικται
1394 531 1560 568 πλεισταχοῦ
1577 532 1677 559 ταῦτα’
1695 532 1742 558 καὶ
1756 532 1785 558 ἐν
1800 533 1833 567 τῇ

1048 579 1116 615 πρὸς
1140 579 1297 615 ’Δρμενίους
1314 580 1453 615 ἐπιστολῇ,
1470 579 1516 605 τὸν
1539 578 1590 614 τῆς
1614 577 1743 613 ἀληθείας
1757 578 1835 612 λόγον

1048 625 1215 661 ὀρθοτομῶν,
1230 625 1373 662 διεκήρυξε
1389 625 1481 660 σαφῶς
1494 624 1506 645 ἀ
1520 625 1534 652 ό
1547 624 1694 654 ὁσιώτατος
1708 623 1756 650 καὶ
1776 623 1836 650 θεο-

1048 671 1209 703 σεϐέστατος
1229 671 1342 705 ἁδελφὸς
1361 671 1451 707 ἡμῶν,
1470 670 1516 697 καὶ
1540 669 1739 700 συνεπίσκοπος
1758 669 1832 704 Πρό-

1046 716 1119 749 κλος,
1135 716 1205 752 ἀνὴρ
1221 716 1346 752 εὐσεϐὴς,
1364 716 1411 743 καὶ
1424 717 1482 748 τοῖς
1497 714 1533 742 τὰ
1562 714 1630 750 apes
1654 714 1833 750 διαστρέφου-

1046 770 1088 788 σιν
1096 761 1308 793 ἀνταποδύεσθαι
1327 753 1522 797 μεμελετηκώς
1533 769 1541 777 ·
1557 761 1598 788 ὅτι
1619 760 1667 787 καὶ
1683 761 1760 796 νικᾷν
1774 759 1836 792 ἔθος

1046 806 1120 842 αὐτῷ
1144 806 1322 842 πρεσϐεύοντι
1343 806 1392 842 τὴν
1415 806 1551 842 ἀλήθειαν.
1566 805 1785 841 Διαϐεὸλημένας
1805 805 1835 832 δὲ

1046 851 1136 885 δόξας,
1147 851 1278 886 Διοδώρου
1294 860 1336 885 τε,
1354 851 1439 887 φημὶ,
1454 852 1502 878 καὶ
1517 850 1666 886 Θεοδώρου,
1685 850 1702 886 ἢ
1715 851 1763 878 καὶ
1776 850 1835 877 ἑτέ-

1048 906 1102 933 ρων
1118 897 1215 930 τινῶν,
1227 897 1274 929 οὒς
1292 894 1327 933 ἦν
1346 897 1456 932 ἄμεινον
1471 897 1522 923 οὐκ
1538 897 1659 923 ἐπαινεῖν
1672 916 1681 929 ,
1695 896 1739 923 ῐνα
1754 897 1791 931 μή
1807 905 1835 923 τι

1046 943 1152 978 λέγοιμι
1166 943 1303 978 φορτικὸν,
1317 942 1365 970 καὶ
1378 942 1408 970 τὺ
1421 942 1491 974 ὅλοις
1500 942 1594 978 ὥσπερ
1610 942 1706 973 ἱστίοις
1721 950 1834 968 κατενε-

1047 985 1142 1021 χθῆναι
1156 986 1206 1022 τῆς
1221 986 1299 1021 δόξης
1313 986 1442 1021 Χριστοῦ,
1458 986 1554 1022 μηδεὶς
1568 986 1766 1022 ἐπιφημιζέτω,
1782 995 1835 1014 πα-

1048 1031 1229 1067 ρακαλοῦμεν,
1242 1033 1296 1064 τοῖς
1310 1032 1398 1067 ἁγίοις
1412 1032 1461 1060 καὶ
1469 1032 1620 1068 ὀρθοδόξοις
1633 1032 1713 1067 ἡμῶν
1727 1032 1836 1068 Πατρά-

1048 1086 1100 1111 σιν,
1115 1078 1265 1114 Ἀθανασίῳ
1279 1087 1320 1112 τε,
1337 1079 1418 1115 φημὶ,
1430 1079 1478 1106 καὶ
1496 1078 1638 1114 Βασιλείῳ,
1654 1079 1794 1115 Γρηγορίῳ
1805 1087 1836 1105 τε

1047 1123 1094 1150 καὶ
1106 1123 1238 1159 Θεοφίλῳ,
1253 1123 1301 1150 καλ¹
1320 1124 1377 1156 τοῖς
1394 1123 1513 1156 λοιποῖς²
1530 1124 1567 1159 μὴ
1577 1123 1632 1159 ἄρα
1647 1132 1706 1154 πως
1720 1123 1836 1150 σκανδά-

1047 1168 1093 1195 λου
1110 1169 1247 1204 πρόφασις
1262 1169 1292 1196 τὸ
1305 1169 1400 1205 χρῆμα
1418 1168 1530 1204 γένηταί
1542 1177 1624 1201 τισιν,
1639 1167 1754 1203 οἰηθεῖσι
1775 1168 1836 1195 κατ’

1048 1213 1178 1249 ἀλήθειαν
1198 1214 1269 1241 οῦτω
1291 1214 1424 1250 φρονῆσαι
1441 1215 1489 1241 καὶ
1514 1214 1619 1247 διδάξαι
1642 1214 1705 1246 τοὺς
1726 1214 1835 1248 ἀπάσης

1048 1259 1193 1295 ὀρθότητος
1205 1259 1387 1295 ἐπιμελητάς·
1401 1259 1489 1286 καὶού
1504 1260 1564 1291 ταῖς
1579 1258 1729 1294 Νεστορίιω
1742 1259 1838 1293 μόναις

1048 1304 1220 1337 κακοδοξίαις
1241 1304 1471 1340 ἀντεγειρομένας
1493 1304 1611 1339 ἀφέντας
1632 1303 1749 1338 βίϐλους,
1768 1303 1837 1330 ἀλλὰ

1049 1349 1097 1376 κα)⁴
1121 1350 1182 1382 ταῖς
1203 1349 1258 1376 τῶν
1282 1349 1395 1384 ἑτέρων,
1409 1348 1434 1375 οἳ
1454 1347 1489 1375 τὰ
1512 1347 1660 1383 Νεστορίου
1676 1348 1729 1383 πρὸ
1751 1347 1837 1374 αὐτοῦ

1050 1395 1240 1431 πεφρονήκασί
1254 1403 1284 1422 τε
1298 1395 1344 1422 καὶ
1356 1394 1538 1430 γεγράφασιν.
1553 1393 1694 1429 Εὐχόμεθα
1714 1393 1753 1426 δὲ,
1769 1392 1837 1419 πάν-

1050 1448 1100 1473 τας
1125 1440 1301 1477 ἰδιοπραγεῖν,
1328 1440 1377 1468 καὶ
1401 1438 1623 1476 μήτενθορύὸους
1645 1439 1705 1470 ταῖς
1721 1439 1837 1474 Ἐκκλη-

1053 1486 1124 1518 σίαις
1139 1486 1267 1522 ἐγείρειν,
1280 1486 1343 1518 τοὺς
1360 1485 1411 1521 ήδη
1423 1484 1667 1521 κατηρεμήσαντας
1679 1484 1770 1520 χάριτι
1788 1485 1838 1512 τοῦ

1050 1531 1181 1568 Χριστοῦ,
1199 1532 1247 1559 καὶ
1261 1531 1306 1559 διὰ
1317 1531 1366 1567 τῆς
1377 1531 1483 1567 νήψεως
1504 1529 1559 1557 τῶν
1576 1530 1732 1565 ἅπανταχοῦ
1753 1538 1838 1566 μυστ-

1051 1577 1178 1612 αιγωγῶν,
1192 1578 1262 1613 μήτε
1283 1577 1337 1613 μὴν
1352 1575 1547 1604 ἀνασκαλεύειν
1568 1576 1674 1608 ἑαυτοῖς
1695 1576 1711 1611 ἢ
1732 1576 1838 1612 ἑτέροις

1051 1623 1210 1658 πράγματα.
1225 1621 1285 1657 Χρὴ
1302 1621 1342 1655 δὲ,
1360 1620 1481 1652 καὶτοὺς
1493 1620 1528 1646 τὰ
1541 1619 1688 1655 Νεστορίου
1700 1627 1838 1655 πεφρονη-

1050 1668 1132 1699 κότας
1157 1666 1277 1701 πώποτε,
1314 1665 1569 1702 μεταγινώσκοντας
1599 1665 1660 1691 κατ’
1695 1664 1834 1700 ἀλήθειαν,

1050 1714 1098 1741 καὶ
1111 1713 1316 1748 ἀποφοιτῶντας
1336 1712 1385 1748 μὲν
1397 1712 1452 1739 τῶν
1467 1712 1572 1739 ἐκείνου
1596 1710 1748 1746 φλυαριῶν,
1766 1710 1836 1745 μεθ-

1049 1758 1246 1795 ορμιζομένους
1263 1759 1291 1786 δὲ
1312 1758 1382 1795 πρός
1397 1767 1428 1785 τε
1449 1758 1481 1785 τὸ
1495 1757 1597 1784 ἐθέλειν
1614 1756 1663 1792 τὴν
1684 1755 1836 1791 ἀμώμητον

1050 1804 1157 1831 ἑλέσθαι
1173 1804 1276 1839 πίστιν,
1294 1804 1407 1837 δεκτοὺς
1427 1802 1507 1836 εἶναι,
1530 1803 1578 1831 καὶ
1601 1802 1639 1838 μὴ
1658 1802 1836 1834 ὀνειδίζεσθαι

1048 1849 1102 1876 τῶν
1113 1849 1319 1885 παρῳχηκότων
1331 1849 1412 1876 ἕνεκα
1420 1857 1428 1864 ·
1444 1849 1482 1885 μὴ
1493 1848 1548 1884 ἄρα
1562 1856 1620 1879 πως
1631 1847 1710 1874 όκνου
1730 1847 1837 1882 πρόφα-

1051 1895 1093 1922 σίν
1111 1903 1166 1922 τισι
1179 1895 1229 1931 τῆς
1241 1896 1282 1927 είς
1290 1895 1325 1923 τὰ
1342 1895 1446 1930 ἀμείνω
1461 1894 1632 1931 μεταδρομῆς
1647 1888 1835 1929 ἐπεργάσηται

1049 1940 1138 1967 τοῦτο.
1153 1941 1183 1967 Ei
1194 1941 1249 1977 γὰρ
1266 1941 1328 1973 τοὺς
1341 1941 1421 1972 ὄντας
1436 1940 1466 1967 ἐν
1478 1939 1645 1977 ἀρρωστίαις
1663 1940 1835 1973 σωματικαῖς

1049 1986 1267 2014 ἀπαλλάττεσθαι
1289 1985 1391 2014 τούτων
1413 1985 1564 2022 εὐχόμεθα,
1591 1984 1639 2012 καὶ
1666 1983 1836 2019 ωνηδόμεθα

1048 2032 1143 2058 τούτου
1165 2031 1317 2067 συμϐάντος
1345 2032 1447 2068 αὐτοῖς,
1476 2031 1534 2063 πῶς
1564 2030 1595 2057 οὺ
1621 2029 1711 2057 πολὺε
1730 2029 1834 2065 μᾶλλον

1049 2075 1144 2112 ήσθείη
1171 2084 1213 2107 τις
1232 2076 1276 2110 ἂν,
1302 2076 1511 2111 ἐπιστρέφοντος
1533 2074 1580 2102 τοῦ
1611 2073 1833 2109 πεπλανημένου,

1048 2122 1096 2149 καὶ
1111 2120 1180 2157 πρὸς
1208 2121 1238 2148 τὸ
1262 2121 1311 2157 τῆς
1335 2120 1453 2157 ἀληθοῦς
1467 2120 1594 2155 γνώσεως
1617 2119 1686 2155 μετά
1708 2118 1833 2153 συνειδή-

210 2167 270 2193 rat?
286 2166 353 2194 Nam
366 2166 440 2200 quod
462 2166 514 2201 ipsi
526 2175 635 2203 quoque
650 2168 738 2203 angeli
756 2168 823 2196 festa
842 2177 924 2205 super
943 2170 996 2198 liu-

1049 2175 1118 2198 σεως
1131 2165 1238 2202 ἀγαθῆς
1250 2166 1376 2202 ᾆττοντος
1390 2166 1466 2202 (prbe;
1482 2166 1543 2193 ὀτι
1563 2165 1618 2200 γὰρ
1636 2165 1686 2200 τὴν
1707 2165 1754 2191 ἐπὶ
1769 2164 1833 2190 τού-

208 2210 328 2246 jusmodi
345 2210 428 2239 rebus
448 2210 588 2239 celebrare
610 2212 715 2240 soleant
735 2213 769 2246 “,
795 2213 863 2241 nihil
885 2214 998 2250 ambigit

210 2256 340 2284 sanctitas
356 2261 457 2290 vestra,
474 2261 506 2285 ut
523 2264 585 2292 qua:
603 2257 655 2285 ista
670 2258 769 2286 docere
782 2262 810 2286 et
826 2259 854 2286 in
871 2260 1000 2289 omnibus

209 2301 333 2329 ecclesiis
345 2309 483 2337 exponere
496 2302 593 2335 soleat,
610 2307 638 2330 ct
653 2303 801 2332 Salvatoris
815 2305 902 2333 nostri
916 2306 999 2335 verba

210 2354 265 2374 non
279 2347 396 2383 ignoret.
410 2348 479 2375 illud
491 2352 582 2376 tamen
593 2356 642 2376 vos
653 2352 780 2385 tanquam
793 2350 891 2379 fratres
901 2356 929 2379 et
942 2359 999 2380 ma-

209 2392 313 2427 gisterii
335 2394 424 2422 socios
436 2394 623 2427 obsecramus,
641 2399 672 2422 ut
692 2396 800 2425 clericis
813 2398 910 2426 vestris
925 2406 996 2433 pra:-

210 2438 317 2472 cipiatis
338 2446 372 2466 ne
391 2439 444 2466 alia
469 2439 626 2474 loquantur,
643 2441 794 2474 praesertim
811 2441 839 2469 in
860 2442 996 2476 ecclesiis,

210 2486 309 2516 prater
322 2489 354 2510 ea
366 2490 427 2517 quae
442 2490 506 2510 vera
523 2490 555 2511 ac
569 2483 693 2518 probata,
709 2488 737 2511 et
750 2484 819 2512 bene
837 2484 937 2513 habere
951 2486 997 2521 ju-

209 2527 300 2555 dicata
313 2532 377 2555 sunt
392 2536 398 2555 :
412 2528 460 2556 sed
478 2529 570 2564 potius
583 2533 612 2556 ut
624 2533 706 2557 rectae
720 2529 783 2558 ﬁdei
798 2530 997 2559 confessionem

1046 2221 1104 2244 τοις
1121 2213 1220 2248 ἑορτὴν
1236 2212 1369 2239 ἐπιτελεῖν
1385 2211 1445 2243 ἔθος
1461 2212 1509 2238 καὶ
1526 2212 1581 2242 τοῖς
1602 2210 1744 2245 ἀγγέλοις,
1762 2206 1833 2236 οἶδεν

1047 2256 1124 2293 ὑμῶν
1146 2258 1163 2293 ή
1183 2257 1304 2294 ὁσιότης,
1320 2257 1398 2284 τοῦτο
1414 2257 1586 2289 διδάσκουσα,
1599 2256 1646 2284 καὶ
1667 2257 1696 2283 ἐν
1713 2255 1832 2287 ἀπάσαις

1046 2304 1105 2335 ταῖς
1125 2303 1298 2339 Ἐκκλησίαις
1317 2303 1497 2338 ἐξηγουμένη,
1512 2302 1560 2329 καὶ
1577 2301 1627 2333 τὰς
1640 2301 1686 2328 τοῦ
1708 2300 1834 2335 Σωτῆρος

1046 2348 1125 2384 ἡμῶν
1135 2348 1185 2375 οὐκ
1199 2346 1334 2382 ἀγνοοῦσα
1346 2348 1448 2383 φωνάς.
1470 2347 1572 2374 Ἐκεῖνο
1588 2347 1680 2382 μέντοι
1705 2353 1834 2381 παρακα-
1861 2363 1864 2365 -

1050 2393 1166 2429 λοῦμεν,
1191 2394 1229 2425 ὡς
1249 2393 1381 2428 ἀδελφοὺς
1409 2393 1455 2419 καὶ
1477 2390 1700 2421 συνδιδασκάλους
1727 2397 1833 2424 παρεγ-

1049 2439 1151 2474 γυῆσαι
1163 2440 1219 2471 τοῖς
1232 2438 1373 2474 κληρικοῖς
1386 2437 1407 2471 ί,
1423 2437 1460 2473 μὴ
1478 2437 1560 2473 ἔτερα
1581 2436 1681 2467 λαλεῖν,
1694 2435 1722 2461 ὲν
1736 2434 1834 2470 ἐκκλη-

1051 2486 1123 2518 σίαις
1140 2485 1269 2521 μάλιστα,
1285 2484 1362 2520 παρὰ
1378 2484 1412 2511 τὰ
1430 2483 1506 2518 ὀρθὰ,
1525 2482 1572 2509 καὶ
1605 2479 1831 2516 δεδοκιμασμένα,

1050 2532 1099 2559 καὶ
1120 2529 1151 2558 εὖ
1174 2531 1247 2566 ἔχειν
1267 2530 1397 2563 δόξαντα’
1422 2529 1535 2556 ἕπεσθαι
1560 2529 1588 2555 δὲ
1607 2527 1707 2564 μᾶλλον
1731 2527 1764 2562 τῇ
1786 2525 1835 2561 τῆς

244 2594 269 2611 ⁴⁶
286 2595 406 2632 Philipp.
423 2605 452 2631 ιι,
471 2599 497 2630 7,
509 2597 535 2626 8.
571 2599 593 2615 “
608 2598 689 2627 Mich.
703 2607 742 2632 ιιι,
758 2600 785 2627 9.
823 2599 845 2617 “
861 2600 946 2629 lCor.
966 2608 1013 2635 xu,
1034 2602 1079 2630 5|.
1117 2602 1141 2619 ’⁸³
1156 2602 1221 2630 Luc.
1237 2610 1281 2636 xv,
1301 2602 1345 2630 to.

753 2660 840 2689 Variae
854 2661 987 2691 lectiones
996 2663 1099 2691 codicis
1110 2663 1290 2700 Seguieriani.

243 2716 260 2738 ἀ
274 2716 374 2752 σοφῶς.
412 2723 425 2738 ⁸
439 2717 540 2753 πολλῷ.
579 2717 589 2737 ί
607 2718 731 2755 κλήροις.

979 2763 1093 2792 NOTAE.

244 2819 285 2855 (1)
300 2819 394 2849 Exstat
415 2820 489 2848 inter
506 2821 638 2857 epistolas
651 2822 738 2852 Procli
749 2821 801 2851 (ΞΡ.
818 2821 933 2859 hujusce
948 2820 1106 2856 Patrologiae
1118 2819 1215 2848 ϐιαία
1231 2823 1297 2849 tom.
1317 2818 1396 2851 LXV,
1414 2818 1468 2846 col.
1489 2818 1549 2845 855.
1563 2817 1637 2845 Enn.
