4044 6212
364 393 468 449 339

1391 393 1447 448 S.
1488 390 1763 447 CYRILLI
1802 389 2276 444 ALEXANDRIN!
2316 387 2633 443 ARClllEP.

3518 382 3624 439 340

360 509 543 562 virum
571 507 778 578 aspexi,
813 507 953 561 sicut
976 507 1264 577 oportebat
1298 508 1352 562 iu
1381 510 1542 579 longo
1576 518 1821 579 tempore
1853 509 1945 564 de-

2052 509 2301 564 τοιοῦτον
2351 510 2446 563 τὸν
2485 509 2657 579 ἄνδρα
2684 505 2975 576 τεθέαμαι,
3028 502 3217 573 ὥσπερ
3254 494 3321 574 ἦν
3353 498 3498 565 εἰκὸς
3536 501 3628 555 τὸν

262 616 267 621 τ
295 615 311 622 -
360 597 693 651 sidcrantem
740 597 947 652 videre.
980 596 1102 651 Vidi
1132 613 1262 652 vero
1307 599 1484 654 zelum
1518 600 1638 676 ejus
1672 608 1731 669 et
1774 600 1940 655 recti-

362 688 632 752 tudinem,
682 696 738 742 et
791 688 1075 744 stimulum
1127 690 1350 759 pietatis
1377 706 1543 761 quam
1595 690 1833 746 habebat
1886 691 1941 745 in

358 778 598 833 Christo.
635 777 1005 833 Contristatur
1030 795 1161 834 vero
1191 781 1287 845 ita,
1307 790 1364 834 et
1408 782 1631 851 plenum
1670 782 1943 838 sollicitu-

358 869 506 923 dinis
540 870 786 925 animum
820 871 1007 936 habet,
1050 880 1111 924 ut
1144 880 1199 926 et
1227 887 1446 927 omnem
1466 872 1714 927 laborem
1754 873 1942 929 subire

359 961 511 1026 velit,
536 971 808 1031 quatenus
828 963 1065 1018 Nestorii
1094 963 1379 1033 perﬁdiam
1413 981 1444 1020 a
1472 965 1729 1021 Patribus
1750 964 1945 1021 Orien-

359 1052 430 1106 tis
466 1052 732 1108 radicitus
779 1053 1059 1123 perderet.
1102 1056 1313 1126 Perlegi
1352 1072 1486 1112 vero
1513 1057 1801 1128 epistolam
1836 1067 1943 1113 tua:

358 1142 688 1208 sanctitatis,
714 1145 972 1215 scriptam
998 1145 1065 1201 ad
1099 1146 1570 1217 religiosissimum
1599 1157 1655 1203 et
1678 1164 1942 1204 reveren-

357 1234 646 1289 dissimum
674 1237 992 1307 episcopum
1026 1228 1647 1307 Antiochimdoaunem,
1694 1230 1943 1311 plurima:

359 1324 576 1392 plenam
630 1327 976 1385 conﬁdentia:
1015 1329 1177 1384 simul
1227 1340 1282 1385 et
1326 1333 1531 1387 amoris
1576 1334 1696 1389 Dei.
1737 1335 1941 1405 Scripsi

359 1426 543 1473 autem
565 1426 621 1472 et
658 1434 758 1488 ego
784 1419 917 1473 tales
938 1419 1196 1488 epistolas
1223 1418 1291 1475 ad
1317 1422 1516 1491 ipsum,
1544 1424 1664 1490 sed,
1698 1435 1758 1481 ut
1786 1425 1940 1481 vide-

361 1516 470 1573 tur,
494 1510 682 1579 pejora
702 1510 953 1565 vincunt.
974 1510 1361 1584 Couﬁngentes
1380 1516 1528 1570 enim
1556 1532 1677 1586 quae
1701 1517 1941 1572 Nestorii

359 1608 490 1657 sunt
513 1600 720 1667 odisse,
752 1603 861 1658 alio
892 1604 1094 1659 iterum
1123 1621 1187 1660 ea
1216 1606 1577 1663 introducunt
1609 1609 1793 1675 modo,
1820 1625 1942 1678 qua:

360 1691 639 1746 Theodori
661 1702 788 1747 sunt
816 1694 1176 1761 admirantes,
1197 1706 1253 1751 et
1276 1703 1425 1752 certe
1448 1699 1737 1768 aequalem,
1770 1700 1947 1771 magis

358 1797 489 1836 vero
516 1783 691 1837 multo
742 1786 987 1856 peiorem
1023 1787 1281 1842 morbum
1316 1789 1616 1858 impietatis
1657 1791 1939 1848 habentia.

2051 600 2233 671 πολλῷ
2279 602 2458 673 χρόνῳ
2505 600 2774 655 ποθοῦντα
2811 597 2958 652 ίδεῖν.
3003 595 3283 666 Τεθέαμαι
3326 593 3384 647 δὲ
3436 593 3528 647 τόν
3568 609 3629 645 τε

2051 691 2216 760 ζῆλον
2236 692 2416 749 αὑτοῦ
2445 693 2541 747 καὶ
2586 692 2687 763 τὴν
2714 690 3002 763 ὀρθότητα,
3032 688 3127 742 καὶ
3159 686 3259 757 τῆς
3292 687 3371 749 είς
3394 684 3630 756 Χριστὸν

2050 781 2332 846 εὐσεϐείας
2366 781 2426 834 τὸ
2457 780 2700 851 κέντρον.
2740 778 2915 832 Ἀλύει
2950 777 3060 848 γὰρ
3103 775 3268 840 οὕτω,
3301 774 3396 828 καὶ
3432 773 3630 845 μεστὸν

2051 870 2166 942 ἔχει
2215 870 2516 943 φροντίδων
2561 869 2654 923 τὸν
2703 869 2850 934 νοῦν,
2899 867 3041 922 ὥστε
3093 866 3187 921 καὶ
3232 865 3412 920 πάντα
3468 865 3629 918 πόνον

2052 962 2307 1016 ὑπελθεῖν
2337 960 2625 1031 ἀνέχεσθαι
2652 952 2793 1031 ὑπὲρ
2823 959 2917 1013 τοῦ
2956 959 3055 1030 τὴν
3080 955 3378 1027 Νεπορίου
3406 956 3632 1010 κακοδοσ

2051 1052 2175 1119 ξίαν
2209 1050 2510 1123 πρόρριζον
2542 1052 2605 1103 ὲκ
2627 1050 2739 1104 τῶν
2775 1050 2875 1121 τῆς
2903 1046 3041 1119 ἑῴας
3081 1044 3381 1101 ἀπολέσθαι
3422 1043 3627 1116 μερῶν.

2062 1144 2381 1212 ’Υπανέγνω
2415 1143 2473 1197 δέ
2506 1160 2596 1215 μοι
2635 1142 2731 1197 καὶ¹
2759 1141 2857 1213 τῆς
2885 1141 2983 1211 σῆς
3026 1140 3304 1209 ὁσιότητος
3343 1134 3630 1207 ἐπιστολὴν

2049 1238 2357 1305 γραφεῖσαν
2395 1235 2532 1306 πρὸς
2577 1235 2667 1288 τὸν
2724 1232 3140 1302 θεοφιλέστατον
3189 1229 3488 1283 ἐπίσκοπον
3530 1227 3630 1297 τῆς

2062 1325 2379 1395 Ἀντιοχέων
2421 1324 2695 1391 Ἰωάννην,
2744 1320 2946 1391 πολλῆς
2991 1318 3269 1389 γέμουσαν
3312 1314 3629 1386 παρρησίας

2049 1416 2189 1488 ὁμοῦ
2234 1417 2331 1471 καὶ
2361 1415 2660 1485 φιλοθεῖας.
2702 1414 2962 1484 Γέγραφα
3004 1411 3061 1465 δὲ
3093 1410 3188 1465 καὶ
3221 1408 3332 1479 ἐγὼ
3370 1408 3625 1470 τοιαύτας

2050 1509 2342 1574 ἐπιστολὰς
2370 1508 2508 1581 πρὸς
2524 1508 2689 1563 αὐτόν
2707 1521 2721 1537 ·
2743 1506 2880 1570 ἀλλ’,
2903 1505 2977 1570 ὡς
3004 1496 3172 1571 έοικε,
3189 1503 3258 1557 τὰ
3280 1501 3447 1573 χείρω
3470 1500 3619 1572 νικᾷ.

2061 1601 2562 1672 Ὑποπλαττόμενοι
2601 1599 2710 1671 γὰρ
2735 1598 2804 1653 τὰ
2849 1596 3149 1666 Νεπορίου
3200 1596 3400 1665 μισεῖν,
3452 1592 3625 1663 ἑτέρῳ

2050 1696 2212 1763 πάλιν
2245 1692 2389 1750 αὐτά
2416 1689 2781 1763 συγκροτοῦσι
2825 1678 3034 1759 τρόπῳ,
3063 1686 3135 1742 τὰ
3180 1683 3459 1755 Θεοδώρου
3495 1683 3630 1751 θαυ-

2053 1758 2341 1857 μάζοντες,
2369 1758 2548 1837 καίτοι
2566 1758 2678 1853 ψτὴν
2718 1758 2870 1850 ίσην,
2898 1777 3096 1850 μᾶλλον
3126 1775 3185 1849 δὲ
3208 1774 3390 1845 πολλῷ
3411 1772 3632 1843 χείρονα

356 1872 469 1927 Nec
489 1872 637 1928 enim
653 1875 974 1934 Theodorus
992 1879 1229 1934 Nestorii
1253 1880 1358 1935 fuit
1376 1881 1701 1953 discipulus,
1728 1883 1825 1939 sed
1846 1884 1945 1941 istc

2051 1876 2313 1933 νοσοῦντα
2352 1873 2693 1929 δυσσέϐειαν.
2732 1871 2809 1926 Οὐ
2854 1870 2965 1941 γὰρ
3007 1868 3279 1939 Θεόδωρος
3329 1864 3630 1951 Νεστορίου

357 1962 543 2019 illius:
574 1974 631 2020 et
656 1968 805 2022 velut
832 1984 899 2024 ex
917 1986 1027 2025 uno
1049 1972 1355 2042 loquuntur
1370 1988 1487 2040 ore,
1512 1983 1570 2031 et
1589 1991 1758 2031 unum
1790 1977 1945 2032 mala:

358 2054 623 2111 doctrina:
644 2074 711 2113 ex
740 2074 841 2115 suo
871 2063 1037 2118 corde
1066 2075 1330 2120 evomunt
1361 2082 1658 2123 venenum.
1694 2068 1945 2139 Scripse-

359 2155 489 2201 runt
520 2164 651 2219 ergo
688 2150 757 2205 ad
788 2168 877 2207 me
911 2152 1239 2224 Orientales,
1271 2158 1421 2227 quod
1445 2173 1558 2215 non
1578 2169 1799 2229 oportet
1825 2176 1948 2230 qure

358 2237 637 2295 Theodori
679 2251 809 2299 sunt
846 2248 1117 2315 accusari,
1157 2264 1251 2315 ne,
1281 2249 1426 2305 sicut
1459 2250 1671 2316 dicunt,
1709 2259 1767 2306 et
1799 2251 1947 2307 beati

355 2326 666 2397 Athanasii,
691 2342 747 2389 et
782 2334 1098 2405 Theophili,
1128 2346 1185 2393 et
1203 2338 1415 2404 Basilii,
1439 2347 1497 2393 ct
1522 2339 1773 2411 Gregorii
1801 2342 1947 2399 dicta

357 2433 692 2477 accusentur
718 2442 732 2478 :
762 2441 884 2495 quae
916 2430 1067 2483 enim
1106 2430 1324 2486 locutus
1350 2439 1436 2486 est
1474 2432 1821 2499 Theodorus,
1851 2450 1948 2490 ea-

356 2509 482 2565 dem
514 2521 570 2566 et
601 2511 700 2567 illi.
729 2515 842 2586 Ego
868 2533 1001 2572 vero
1040 2518 1346 2575 scribentes
1380 2520 1485 2575 ista
1533 2536 1642 2576 non
1684 2524 1945 2590 sustinui,

354 2602 455 2657 sed
482 2602 812 2661 ﬁducialiter
834 2607 968 2674 dixi,
1000 2610 1147 2679 quod
1183 2611 1509 2667 Theodorus
1536 2614 1762 2683 quidem
1796 2614 1947 2671 blas-

355 2695 611 2765 phemam
640 2697 834 2751 habuit
862 2699 1126 2770 linguam,
1160 2711 1216 2757 et
1247 2703 1518 2758 calamum
1541 2706 1947 2763 ministrantem

356 2783 409 2837 ei
455 2784 573 2838 :illi
610 2794 794 2840 autem
830 2787 1056 2843 fuerunt
1099 2791 1637 2859 totius,orthodoxize
1670 2794 1945 2863 doctores,

355 2884 413 2931 et
432 2874 835 2945 splenduerunt
858 2879 912 2933 iu
941 2895 1025 2935 ea.
1054 2881 1459 2940 Persuascruut
1484 2901 1617 2941 vero
1646 2888 1720 2943 ita
1749 2884 1947 2945 Orien-

356 2967 580 3035 talibus,
609 2976 668 3022 ut
713 2971 1139 3031 exclamationes
1186 2974 1385 3031 ﬁerent
1424 2977 1480 3031 in
1504 2980 1755 3036 ecclesiis
1780 2998 1810 3036 a
1847 2997 1947 3052 po-

355 3061 504 3131 pulis
538 3080 550 3115 :
578 3061 802 3118 Crescat
850 3063 985 3120 fides
1020 3062 1334 3135 Theodori;
1364 3068 1443 3123 sic
1471 3071 1772 3139 credimus,
1804 3074 1948 3130 sicut

358 3153 689 3209 Theodorus
724 3171 885 3211 :cum
906 3173 1032 3211 eum
1068 3159 1365 3229 aliquando
1393 3162 1731 3232 lapidassent
1764 3165 1818 3218 in
1848 3182 1945 3221 sua

2046 1970 2240 2040 γέγονε
2260 1967 2532 2040 μαθητὴς,
2548 1964 2663 2019 ἀλλ’
2686 1956 2840 2027 οὗτος
2854 1961 3091 2024 ἐκείνου,
3106 1959 3199 2014 καὶ
3220 1959 3280 2025 ἐξ
3305 1957 3421 2022 ὲνὺς
3438 1956 3631 2027 ὥσπερ

2046 2061 2271 2117 λαλοῦσι
2306 2059 2599 2131 στόματος,
2635 2057 2736 2135 ἕνα
2766 2073 2828 2110 τε
2859 2055 2952 2109 τὸν
2983 2054 3082 2125 τῆς
3103 2051 3424 2119 κακοδοξίας
3442 2051 3508 2104 ὲκ
3530 2049 3645 2131 τῆς

2048 2153 2260 2211 ἑαυτῶν
2299 2152 2529 2225 καρδίας
2570 2148 2945 2205 ἀναπτύουσιν
2982 2147 3079 2201 ίόν.
3134 2144 3452 2218 Γεγράφασι
3497 2140 3631 2211 γοῦν

2048 2245 2186 2319 πρός
2216 2262 2285 2316 με
2313 2244 2364 2297 οἱ
2387 2245 2452 2297 ὲκ
2480 2242 2582 2313 τῆς
2613 2240 2902 2310 ἀνατολῆς,
2924 2239 3007 2294 ὅτι
3035 2238 3094 2292 ού
3126 2235 3231 2308 χρὴ
3262 2235 3333 2290 τὰ
3351 2233 3632 2302 Θεοδώρου

2047 2318 2462 2393 διαϐάλλεσθαι·
2499 2336 2589 2391 ἵνα
2618 2334 2714 2406 μὴ.
2764 2332 2918 2403 φασὶ,
2947 2331 3042 2386 καὶ
3090 2329 3159 2383 τὰ
3208 2318 3303 2381 τοῦ
3358 2324 3630 2397 μακαρίου

2061 2427 2405 2491 Ἀθανασίου,
2428 2426 2522 2480 καὶ
2543 2423 2828 2494 Θεοφίλου,
2854 2422 2948 2475 καὶ
2972 2417 3276 2483 Βασιλείου,
3299 2416 3395 2471 καὶ
3420 2415 3460 2468 Γ
3465 2431 3629 2486 ρηγο-

2050 2519 2170 2592 ρίου
2199 2518 2462 2589 διαϐληθῇ
2488 2532 2502 2546 ’
2537 2516 2573 2571 ἃ
2600 2515 2710 2588 γὰρ
2753 2513 2984 2584 ὲλάλησε
3008 2510 3303 2580 Θεόδωρος,
3327 2506 3501 2561 ταῦτα
3529 2507 3631 2560 κὰ-

2050 2612 2239 2666 κεῖνοι.
2306 2608 2451 2678 Ἐγὼ
2490 2607 2547 2661 δὲ
2590 2606 2762 2661 ταῦτα
2796 2604 3122 2675 γραφόντων
3166 2602 3267 2655 οὐκ
3296 2599 3631 2670 ἠνεσχόμην,

2049 2703 2166 2759 ἀλλ’
2198 2702 2336 2773 ἔφην
2379 2702 2436 2753 ὲν
2462 2698 2770 2771 παρρησίᾳ,
2810 2696 2894 2749 ὅτι
2924 2694 3200 2764 Θεόδωρος
3228 2692 3326 2763 μὲν
3350 2689 3635 2759 δύσφημον

2050 2797 2177 2868 ἔσχε
2206 2794 2303 2850 καὶ
2326 2793 2602 2863 γλῶσσαν,
2630 2791 2727 2845 καὶ
2753 2789 2998 2860 κάλαμον
3028 2783 3405 2857 ὑπηρετοῦντα
3432 2780 3635 2852 ταύτῃ.

2050 2891 2099 2944 οἱ
2149 2888 2207 2943 δὲ
2240 2886 2535 2957 γεγόνασιν
2572 2881 2883 2955 όρθοδοξίας
2932 2879 3118 2950 πάσης
3162 2874 3488 2940 διδάσκαλοι,
3536 2873 3633 2927 καὶ

2050 2979 2355 3052 διέπρεψαν
2398 2979 2456 3033 ὲν
2484 2975 2716 3040 τούτοις.
2747 2973 3017 3043 Διέθηκαν
3052 2970 3108 3024 δὲ
3137 2969 3309 3031 οὕτως
3353 2968 3479 3031 τοὺς
3522 2964 3637 3020 ἀπὸ

2049 3075 2149 3146 τῆς
2179 3058 2465 3143 ἀνατολῆς,
2506 3070 2647 3124 ὥστε
2690 3067 2785 3121 καὶ
2818 3065 3101 3135 ἐκϐοήσεις
3129 3054 3384 3131 γενέσθαι
3431 3057 3490 3111 ἑν
3537 3058 3633 3111 ὲκ-

2050 3163 2309 3234 κλησίαις
2350 3160 2501 3233 παρά
2533 3159 2643 3213 τῶν
2675 3154 2894 3229 δήμων·
2928 3148 3234 3223 Ᾱύξείτωὴ
3276 3151 3460 3215 πίστις
3498 3148 3633 3204 Θεο-

356 3246 591 3300 ecclesia
626 3262 819 3301 ausum
868 3248 1075 3319 aliquid
1118 3252 1373 3322 subloqui
1416 3253 1604 3309 breve.
1663 3252 1770 3310 Sed
1802 3256 1945 3310 sicut

2050 3228 2221 3325 δώρου
2242 3268 2255 3281 °
2286 3228 2442 3306 οὕτω
2463 3249 2795 3321 πιστεύομεν
2824 3248 2901 3312 ὡς
2940 3242 3217 3316 Θεόδωρος
3235 3261 3250 3277 ο
3278 3244 3445 3308 λίθοις
3469 3244 3632 3298 αὐτὸν

358 3336 555 3391 doctor
584 3336 724 3405 vult,
756 3340 837 3394 sic
864 3341 1009 3410 sapit
1032 3358 1184 3412 grex.
1217 3343 1333 3413 Ego
1356 3343 1580 3413 quidem
1608 3360 1713 3399 nec
1734 3350 1944 3401 cessavi

360 3427 651 3497 increpans
676 3443 739 3483 ea
756 3445 877 3499 qua:
895 3432 1257 3500 scripserunt,
1276 3449 1380 3488 nec
1403 3435 1657 3489 cessabo.
1676 3434 1946 3501 Quoniam

356 3526 490 3574 vero
518 3521 810 3590 oportebat
829 3531 884 3576 et
913 3504 1073 3593 198
1092 3526 1558 3582 contradictiones
1577 3528 1809 3597 scriptas
1825 3544 1946 3585 esse

358 3612 506 3683 apud
531 3629 647 3679 eos,
680 3614 945 3686 inspectis
968 3615 1247 3672 Theodori
1273 3626 1330 3673 et
1356 3619 1581 3675 Diodori
1602 3620 1781 3687 libris,
1808 3638 1947 3691 quos

358 3707 705 3776 scripserunt
729 3723 838 3762 non
868 3709 936 3764 de
967 3710 1345 3765 incarnatione
1379 3711 1681 3783 Unigeniti,
1711 3713 1803 3769 sed
1833 3729 1949 3769 ma-

359 3798 444 3869 gis
486 3806 676 3853 contra
726 3798 1185 3869 incarnationem,
1242 3804 1402 3872 posui
1451 3802 1633 3873 aliqua
1681 3805 1950 3874 capitulo-

360 3905 508 3951 rum,
542 3898 734 3958 etquo
767 3892 922 3959 potui
968 3893 1134 3947 modo
1178 3895 1489 3954 contradixi
1530 3898 1630 3962 eis,
1662 3897 1947 3953 declarans

360 3982 571 4051 ubique
604 3981 1035 4039 abominationis
1072 3986 1293 4054 plenam
1339 4003 1460 4043 esse
1497 3999 1702 4045 sectam
1730 4006 1945 4047 eorum.

360 4073 500 4129 Cum
528 4082 713 4127 autem
749 4089 836 4128 me
879 4074 1205 4129 adhortatus
1241 4087 1389 4132 esset
1439 4088 1777 4136 memoratus
1813 4081 1948 4136 reli-

361 4162 709 4233 giosissimus
735 4162 1002 4218 diaconus
1030 4172 1086 4218 et
1115 4165 1548 4222 archimandrita
1577 4169 1846 4225 Maximus
1889 4180 1949 4224 ut

362 4256 765 4325 iuterpretarer
810 4254 937 4310 ﬁdei
987 4255 1306 4327 Symbolum
1357 4275 1389 4313 a
1433 4261 1639 4315 sanctis
1693 4261 1949 4316 Patribus

359 4346 560 4401 Nicarze
590 4346 938 4417 congregatis
980 4349 1314 4419 expositum,
1347 4350 1417 4405 ad
1454 4350 1559 4407 hoc
1600 4368 1687 4407 me
1716 4352 1945 4408 contuli.

360 4434 611 4490 Aﬁirmat
637 4436 787 4493 enim
812 4446 1034 4494 versute
1061 4440 1332 4510 quosdam
1354 4441 1617 4497 simulare
1644 4442 1748 4497 hoc
1771 4452 1827 4498 et
1858 4442 1949 4498 di-

362 4542 514 4592 cere,
543 4537 602 4584 et
621 4527 803 4599 ipsum
824 4531 1002 4600 sequi,
1040 4546 1152 4586 non
1178 4540 1363 4589 tamen
1386 4532 1569 4589 adhuc
1586 4534 1948 4604 cogitationes

362 4625 543 4674 rectas
571 4620 795 4686 habere,
823 4622 934 4677 imo
953 4622 1138 4693 potius
1168 4640 1233 4679 ea
1248 4639 1371 4694 quas
1399 4634 1528 4680 sunt
1551 4634 1702 4680 recte
1723 4633 1780 4680 et
1813 4640 1949 4681 con-

363 4719 579 4766 stanter
603 4712 750 4769 dicta
793 4715 863 4769 ad
894 4715 948 4769 id
981 4717 1128 4785 quod
1185 4717 1291 4772 sibi
1334 4718 1555 4773 videtur
1595 4717 1948 4789 detorquere.

2050 3340 2305 3414 βαλόντες
2344 3340 2476 3394 ποτὲ
2512 3340 2571 3393 ὲν
2599 3340 2665 3410 τῇ
2710 3337 2842 3410 παρ’
2884 3332 3069 3419 αὐτοῖς
3114 3328 3401 3406 ἐκκλησίᾳ,
3434 3333 3637 3405 τολμή-

2050 3433 2221 3488 σαντά
2248 3450 2301 3486 τι
2336 3426 2829 3501 παραφθέγξασθαι
2873 3428 3070 3501 βραχύ.
3124 3427 3266 3482 Ἀλλ’
3315 3427 3392 3491 ὡς
3429 3426 3458 3482 ὁ
3486 3426 3637 3481 διδάο

2051 3526 2249 3589 σκαλος
2275 3524 2547 3596 βούλεται,
2572 3524 2716 3578 οὕτω
2742 3524 2931 3594 φρονεῖ
2959 3522 3027 3597 τὸν
3050 3516 3321 3592 ποίμνιον.
3365 3516 3505 3589 Ἐγὼ
3534 3520 3636 3589 μὲν

2048 3612 2141 3672 οῦν
2178 3608 2303 3671 οῦτε
2331 3618 2661 3688 ἐπαυσάμην
2695 3614 2967 3686 ἐπιτιμῶν
2995 3608 3077 3678 οἷς
3114 3613 3479 3684 γεγράφασιν,
3507 3610 3635 3666 οὔτε

2050 3708 2358 3781 παύσομαι.
2405 3707 2625 3778 Ἐπειδὴ
2656 3700 2713 3760 δὲ
2742 3706 2909 3777 ὲχρῆν
2951 3706 3045 3760 καὶ
3085 3698 3395 3775 ἀντιλογίας
3424 3702 3634 3775 ἐγγρά-

2050 3816 2182 3871 φους
2216 3796 2357 3855 εἶναι
2380 3801 2510 3872 παρ’
2539 3800 2746 3863 αὐτοῖς,
2784 3797 3034 3868 ἐγκύψας
3062 3798 3176 3860 τοῖς
3212 3794 3492 3868 Θεοδώρου
3537 3795 3635 3849 καὶ

2049 3890 2314 3964 Διοδώρου
2342 3890 2593 3962 βιϐλίοις,
2630 3884 2711 3954 οἷς
2738 3890 3083 3961 γεγράφασιν
3102 3889 3162 3942 ού
3195 3886 3325 3958 περὶ
3355 3886 3456 3957 τῆς
3496 3904 3636 3959 σαρ-

2050 3984 2273 4047 κώσεως
2303 3983 2506 4054 μᾶλλον
2536 3982 2628 4036 τοῦ
2659 3981 3022 4051 Μονογενοῦς,
3045 3979 3183 4035 ἀλλὰ
3215 3981 3355 4038 κατά
3374 3980 3477 4049 τῆς
3504 3996 3636 4051 σαρ-

2050 4076 2295 4141 κώσεως,
2345 4074 2691 4145 ἐπελεξάμην
2722 4074 2845 4127 τινὰ
2879 4072 2987 4127 τῶν
3026 4072 3367 4142 κεφαλαίωνο
3401 4071 3494 4126 καὶ
3540 4071 3636 4125 τὸν

2050 4168 2397 4239 ἐνδεχόμενον
2436 4167 2641 4239 τρόπον
2675 4164 3016 4236 ἀντηνέχθην
3064 4165 3250 4228 αὐτοῖς
3270 4207 3284 4229 ,
3314 4162 3636 4233 ἀποφαίνων

2050 4257 2328 4329 πανταχοῦ
2362 4258 2645 4330 βδελυρίας
2682 4254 2851 4312 οὖσαν
2884 4257 3088 4328 μεστὴν
3117 4256 3216 4328 τὴν
3243 4256 3402 4321 δόξαν
3428 4255 3631 4310 αὐτῶν.

2050 4352 2469 4423 ΙῙροτρέψαντος
2495 4352 2553 4405 δέ
2584 4368 2655 4421 με
2682 4352 2778 4405 τοῦ
2809 4348 3275 4421 μνημονευθέντος
3308 4348 3635 4403 εὐλαϐεστά-

2049 4452 2144 4498 του
2173 4444 2427 4498 διακόνου
2452 4443 2543 4496 καὶ
2573 4443 3004 4516 ἀρχιμανδρίτου
3028 4441 3280 4512 Μαξίμου
3306 4437 3633 4511 διερμηνεῦ-

2054 4552 2144 4592 σαι
2166 4537 2229 4590 τὸ
2256 4536 2538 4608 Σύμϐολον
2573 4536 2676 4606 τῆς
2710 4534 2971 4601 πίστεως,
3009 4534 3068 4587 τὸ
3092 4533 3314 4587 ἐκτεθὲν
3345 4531 3496 4602 παρά
3520 4530 3634 4584 τῶν

2051 4629 2225 4699 ἁγίων
2244 4629 2351 4683 τῶν
2390 4630 2448 4684 ὲν
2479 4628 2687 4699 Νικαίᾳ.
2732 4627 3119 4690 συνελθόντων,
3152 4626 3249 4679 καὶ
3291 4624 3428 4696 πρὸς
3475 4622 3636 4677 τοῦτο

2048 4722 2269 4794 καθῆκα
2288 4722 2313 4773 ὲ
2322 4720 2549 4791 μαυτόν.
2576 4719 2993 4774 Διαϐεϐαιοῦται
3011 4718 3116 4791 γὰρ
3136 4717 3461 4788 πανούργως
3483 4714 3637 4777 τινάς

363 4801 448 4856 Ne
474 4817 609 4858 vero
639 4803 757 4859 haec
781 4805 997 4875 ignoret
1022 4813 1114 4861 tua
1156 4808 1441 4873 sanctitas,
1464 4808 1668 4863 librum
1699 4810 1945 4867 misimus

2050 4811 2470 4883 προσποιεῖσθαί
2504 4828 2565 4863 τε
2598 4811 2694 4865 καὶ
2738 4809 2920 4879 λέγειν
2960 4809 3114 4875 αὐτὸ,
3170 4808 3265 4862 καὶ
3319 4806 3637 4861 ἀκολουθεῖν

362 4903 422 4949 et
458 4903 689 4951 tomum.
718 4896 857 4952 Cum
884 4907 1070 4954 autem
1104 4899 1221 4954 haec
1261 4900 1476 4972 legerit,
1507 4902 1697 4959 solitas
1724 4920 1826 4974 pro
1860 4920 1948 4961 me

360 5002 559 5056 preces
595 4988 825 5044 fundere
851 4989 1135 5059 dignetur.

2046 4902 2217 4974 αὐτῷ,
2246 4903 2322 4975 μὴ
2350 4903 2458 4975 μὴν
2483 4902 2563 4957 ἔτι
2587 4903 2683 4958 καὶ
2704 4896 2915 4967 ἐννοίας
2947 4900 3092 4973 ἔχειν
3122 4900 3309 4973 ὀρθὰς,
3334 4899 3638 4971 ἀποφέρειν

2045 4993 2102 5047 δὲ
2145 4995 2347 5065 μᾶλλον
2393 4995 2462 5049 τὰ
2499 4994 2678 5066 ὀρθῶς
2721 5011 2782 5047 τε
2813 4995 2908 5048 καὶ
2934 4992 3316 5065 ἀπροσκλινῶς
3364 4991 3638 5063 εἰρημένα

362 5038 823 5150 πρδςντὸ-
851 5038 1061 5137 δοζοῦν.
1107 5083 1227 5138 Ἵνα
1263 5038 1331 5137 δὲ.
1355 5083 1436 5155 μὴ
1484 5084 1656 5139 ταῦτα
1699 5084 1939 5158 λανθάνῃ
1977 5086 2075 5155 τὴν
2106 5038 2205 5157 si;
2231 5085 2508 5157 ὁσιότητα,
2532 5038 2920 5157 επεπ-όμφαμεν
2968 5038 3044 5139 cer
3064 5084 3267 5156 βιϐλίον
3332 5038 3446 5149 εἰςΓ
3474 5038 3639 5137 αιύτὸν

360 5174 529 5246 τόμον
563 5176 611 5234 κ.
651 5177 761 5232 Καὶ
784 5179 850 5251 δὴ
879 5179 1179 5252 ἐντυχοῦσα
1223 5180 1617 5248 καταξιωσάτω
1653 5180 1751 5245 τὰς
1778 5181 2030 5253 συνήθεις
2061 5182 2202 5253 ὑπὲρ
2243 5181 2380 5252 ἐμοῦ
2426 5182 2699 5239 ποιεῖσθαι
2742 5181 3072 5256 προσευχάς.

1464 5364 1639 5421 Varia:
1662 5365 1927 5423 lectiones
1953 5366 2164 5424 codicis
2200 5366 2566 5440 Seguieriani.

439 5534 465 5573 Ιι
499 5535 591 5588 καὶ
626 5535 717 5589 τὸν
750 5538 935 5607 τόμον.
