4044 6212
297 337 402 394 341

1654 333 1990 394 EPISTOLA
2026 329 2212 388 LXXI.

3454 318 3567 375 5-52

1518 636 1854 699 EPISTOLA
1890 639 2036 696 LXX
2073 639 2167 713 (at.
2209 639 2366 712 LIII).

1244 785 1449 828 εῖιιῐιιιῑ
1486 787 1551 827 AD
1577 786 1826 832 ειειιισοε
1863 791 1934 831 ετ
1967 793 2240 832 ιλιιροινειι
2274 789 2672 848 ριῇεεῐιγτειιωι.

311 906 554 980 Synhali
607 903 812 964 Nicwni
862 908 1350 978 interpretationem
1404 907 1714 977 imperatori
1765 910 1998 1049 εεῖιιιςιιιιῆςε
2028 915 2295 970 sororibus
2335 927 2427 982 per
2447 909 2737 966 Maximum
2783 907 3060 960 diaconum
3119 904 3472 960 transmisisse
3515 919 3571 958 sc

1824 997 1958 1049 ειςιιιτ
2004 993 2108 1046 eat.

1824 993 2108 1052 signi/teat.

401 1111 496 1180 Ὧς
523 1108 794 1180 διέτριϐον
831 1110 891 1164 ιν
909 1112 978 1180 τῇ
1010 1110 1262 1176 Δίλιέων,
1287 1110 1426 1183 ἀνήρ
1447 1128 1532 1176 τις
1567 1111 1678 1165 τῶν
1706 1112 1900 1184 ἐπισή-

2075 1120 2212 1176 Cum
2233 1123 2377 1198 apud
2412 1121 2606 1177 rEliam
2636 1133 3028 1182 commorarer,
3056 1114 3143 1170 vir
3180 1112 3377 1183 aliquis
3403 1126 3469 1166 ex
3489 1113 3576 1167 bis

315 1220 444 1273 μων
479 1197 934 1272 στρατευομένων
970 1202 1030 1254 ὲν
1068 1200 1154 1271 τῷ.
1194 1201 1443 1272 παλατίῳ
1485 1203 1778 1274 ἐπιστολήν
1817 1219 1906 1274 μοι

315 1291 652 1361 meum”
668 1290 763 1350 καὶ
779 1290 1024 1362 μεγάλην
1041 1291 1418 1363 προσήνεγκεν
1437 1293 1904 1364 ὲσφραγισμὲνην,

319 1384 406 1446 ὡς
427 1379 614 1442 λαϐὼν
639 1379 814 1452 αὐτὴν
837 1380 992 1453 παρὰ
1024 1381 1134 1440 τῶν
1164 1382 1222 1436 ιν
1265 1383 1564 1455 Ἀντιοχείᾳ
1585 1383 1907 1455 ὀρθοδὸξων.

335 1472 692 1542 ’Υπογραφαὶ
711 1471 771 1532 δὲ
802 1466 944 1542 ἦσαν
984 1473 1043 1532 ὲν
1075 1473 1216 1544 αὐτῇ
1247 1473 1459 1530 πολλῶν
1491 1474 1634 1529 πάνυ
1659 1475 1756 1529 καὶ
1780 1475 1912 1547 κλη-

326 1563 530 1634 ρικῶν,
566 1563 666 1618 καὶ
695 1563 1000 1634 μοναστιῖιν,
1030 1565 1124 1620 καὶ
1150 1563 1376 1622 λαῖκῶν.
1422 1566 1682 1637 ᾙτιιῖωτο
1711 1565 1767 1620 δὲ
1785 1567 1914 1629 τοὺς

324 1653 675 1718 ἐπισκόπους
716 1654 819 1724 τῆς
851 1655 1120 1726 ἀνατολῆς
1280 1657 1780 1728 ἀποσιωπήσαντας
1818 1655 1914 1726 μὲν

324 1746 498 1816 δῆθεν
525 1747 588 1800 τὸ
617 1745 921 1816 Νεστοριου
947 1745 1140 1817 ὄνομα,
1167 1747 1264 1807 καὶ
1293 1747 1794 1818 προσποιουμένους
1819 1746 1917 1800 αὐ-

325 1837 428 1897 τὸν
452 1836 923 1907 ἀποστρέφεσθαι,
967 1837 1456 1910 μεταπηδήσαντας
1488 1839 1546 1894 δὲ
1572 1839 1666 1893 ἐπὶ
1695 1840 1762 1894 τὰ
1784 1838 1916 1892 Θεο-

325 1928 518 1999 δώρου
553 1927 736 1999 βιϐλία
765 1927 837 1988 τὰ
884 1929 1017 2001 περὶ
1048 1933 1147 2001 τῆς
1196 1930 1680 2004 ὲνανθρωπήσεως,
1729 1930 1788 1984 ὲν
1835 1925 1919 1995 οἷς

327 2019 522 2090 πολλῷ
558 2020 939 2092 χαλεπώτεραι
981 2021 1095 2076 τῶν
1117 2022 1418 2094 Νεστορίου
1445 2022 1769 2095 δυσφημιῶν
1811 2021 1920 2075 εισι

329 2111 614 2182 κείμεναι.
656 2113 843 2184 Πατὴρ
876 2113 986 2185 γὰρ
1014 2113 1206 2183 γέγονε
1235 2114 1332 2187 τῆς
1365 2115 1664 2187 Νεστορίου
1696 2115 1922 2170 κακοδο-

333 2202 480 2267 ξίας,
519 2204 614 2257 καὶ
648 2204 715 2258 τὰ
763 2203 930 2258 αὑτοῦ
967 2199 1206 2276 λαλήσας
1248 2208 1277 2260 ὁ
1305 2205 1572 2276 δυσσεϐὴς
1620 2207 1680 2260 ὲν
1713 2205 1923 2270 τούτοις

336 2294 589 2362 γέγονεν,
630 2297 690 2349 ὲν
718 2289 799 2360 οἷς
835 2296 930 2350 νῦν
952 2297 1090 2353 ἐστι.
1125 2297 1238 2353 Καὶ
1265 2297 1480 2369 ἔγραψα
1522 2298 1621 2368 μὲν
1653 2298 1732 2369 τῷ
1764 2299 1922 2350 εὐσε-

337 2383 594 2454 ϐεστάτῳ
619 2385 903 2458 ὲπισκόπῳ
932 2387 1034 2456 τῆς
1075 2387 1410 2457 Ἀντιοχέων,
1443 2387 1524 2441 ὅτι
1649 2386 1924 2459 Θεοδώρου

339 2475 581 2547 δυσσεϐῆ
627 2455 884 2546 δόγματα
904 2455 1096 2548 μηδεὶς
1129 2478 1188 2530 έν
1217 2455 1483 2550 ἐκκλησίᾳ
1506 2457 1753 2533 λαλείτω.
1796 2455 1927 2549 ’Ᾰφ-
1955 2455 1998 2513 Β

344 2567 601 2637 ικὸμενος
629 2567 684 2620 δὲ
713 2569 770 2621 ὲν
786 2568 1163 2640 Ἀλεξανδρείᾳ
1188 2571 1216 2623 ὁ
1241 2569 1636 2636 εὐλαϐέστατος
1659 2569 1922 2634 διάκονος,

344 2659 442 2710 καὶ
499 2659 932 2744 ἀρχιμανδρίτης
986 2660 1261 2730 Μάξιμος,
1292 2661 1462 2732 πολλὰ
1501 2662 1798 2742 κατεϐόησε
1828 2662 1928 2730 φά-

345 2763 520 2813 σκων,
561 2749 691 2812 τοὺς
713 2749 1032 2819 ὀρθοδόξους
1076 2750 1280 2824 μηδένα
1323 2751 1490 2806 τόπον
1533 2751 1676 2822 ἔχειν
1719 2750 1927 2819 αὐτόθι,

345 2841 492 2912 μηδὲ
527 2842 839 2912 παρρησίαν
871 2841 968 2895 τοῦ
999 2841 1179 2897 λαλεῖν
1221 2843 1290 2906 τὰ
1331 2843 1433 2914 τῆς
1477 2842 1645 2916 ὀρθῆς
1692 2843 1949 2906 πίστεως.

352 2933 502 3003 Ἔφη
533 2931 611 2995 δὲ,
647 2932 729 2985 ὅτι
753 2932 1175 3003 προσποιοῦνται
1208 2934 1308 3003 μὲν
1328 2933 1613 3004 ὁμολογεῖν
1639 2932 1702 2986 τδ
1724 2932 1934 3005 Σύμϐο-

347 3025 441 3078 λον
471 3024 535 3078 τὸ
579 3024 800 3078 ἐκτεθὲν
847 3026 906 3077 ὲν
951 3027 1016 3096 τῇ
1050 3025 1254 3096 Νικαίᾳ
1295 3024 1448 3096 παρὰ
1496 3025 1605 3078 τῶν
1650 3023 1930 3095 Πατέρων,

349 3115 835 3188 ςταρερμηνεύουσι
877 3117 936 3170 δὲ
982 3117 1132 3170 αὑτό.
1190 3118 1304 3171 Καὶ
1358 3115 1664 3189 προέτρεψέ
1713 3132 1781 3186 με
1835 3116 1933 3185 τὴν

347 3207 574 3270 ἔκθεσιν
597 3208 778 3274 πᾶσαν
798 3207 907 3261 τῶν
939 3209 1000 3274 έν
1018 3208 1224 3280 Νικαίᾳ
1249 3206 1586 3279 ἑρμηνεῦσαι
1613 3204 1819 3274 σαφῶς,
1847 3204 1936 3257 ἵνα

351 3297 440 3370 μὴ
475 3297 861 3367 συνσρπᾲζωσί
887 3315 1056 3360 τινας-ν
1070 3299 1232 3368 ἕτερα
1259 3297 1375 3352 ἀνθ’
1402 3297 1604 3368 ἑτέρων
1634 3292 1934 3365 ἐξηγούμε-

347 3405 473 3442 νοι-
511 3386 542 3440 ὃ
601 3387 663 3457 δὴ
707 3390 802 3444 καὶ
841 3389 1120 3461 πέπραχα.
1174 3389 1527 3460 Ἐπιφέρεται
1567 3388 1748 3442 τοίνυν
1801 3387 1930 3450 τοὺς

348 3480 578 3548 τόμους,
607 3478 748 3534 ὥστε
773 3480 1204 3552 προσενεχθῆναι
1232 3481 1326 3536 καὶ
1365 3483 1484 3544 ταῖς
1512 3479 1938 3544 εὐλαϐεστᾶταις

347 3570 686 3638 δεσποίναις,
721 3572 818 3636 καὶ
852 3571 928 3645 τῷ
976 3571 1308 3645 φιλοχρίστῳ
1333 3573 1428 3630 καὶ
1459 3571 1836 3643 εὐσεϐεστάτῳ
1861 3569 1940 3625 δε-

354 3664 548 3735 σπότῃ.
586 3666 873 3737 Πεποίηκα
915 3666 1026 3738 γὰρ
1061 3668 1122 3720 ὲν
1165 3668 1404 3740 δέρμασι
1443 3664 1697 3736 γενέσθαι
1749 3663 1935 3734 τόμον.

352 3758 513 3812 Μετὰ
540 3759 794 3829 σκέψεως
827 3759 1006 3815 τοίνυν
1034 3762 1222 3826 αὐτοῦ,
1253 3762 1329 3826 ὡς
1365 3761 1434 3815 ἂν
1477 3759 1622 3830 ἔχειν
1655 3758 1936 3825 συνίδοιτε,

358 3849 635 3920 εὐκαίρως
677 3847 695 3888 ι
729 3852 1081 3922 προσάγοιτε.
1130 3853 1222 3904 Δεῖ
1261 3853 1371 3922 γὰρ
1417 3852 1564 3922 ἡμᾶς
1605 3846 1942 3918 πανταχόθεν

355 3940 803 4008 ἐπαγωνίζεσθαι
839 3945 906 4013 τῇ
930 3941 1064 4013 ὀρθῇ
1095 3943 1299 4006 πίστει,
1329 3943 1423 3997 καὶ
1439 3942 1542 4012 τὴν
1560 3938 1940 4013 ὲγηγερμένην

356 4032 501 4095 κατὰ
525 4033 768 4103 Χριστοῦ
788 4033 1128 4101 δυσσέϐειαν,
1158 4035 1240 4099 είς
1267 4035 1391 4089 ὅσον
1419 4029 1625 4098 οἷόντε,
1651 4029 1942 4102 πειρᾶσθαι

356 4125 535 4178 ποιεῖν
565 4126 634 4179 ἐκ
665 4124 849 4194 μέσον.

2010 1213 2104 1282 qui
2135 1212 2394 1270 nobiliter
2421 1213 2661 1268 militant
2690 1211 2747 1281 in
2782 1208 3003 1280 palatio,
3054 1205 3341 1274 epistolam
3375 1202 3575 1257 multo-

2011 1317 2134 1356 rum
2181 1317 2442 1360 versuum
2489 1309 2544 1356 et
2573 1300 2834 1373 grandem
2880 1295 3078 1352 obtulit
3115 1293 3256 1351 'mihi
3289 1293 3575 1363 signatam,

2011 1408 2174 1464 quam
2197 1408 2257 1449 se
2289 1392 2507 1448 dicebat
2531 1391 2806 1462 accepisse
2832 1387 2900 1443 ab
2931 1386 3287 1442 Antiochenis
3316 1382 3580 1439 orthodo-

2012 1486 2116 1540 xis.
2143 1484 2588 1556 Subscriptiones
2629 1490 2813 1539 autem
2841 1489 2997 1537 erant
3027 1480 3081 1533 in
3113 1493 3177 1533 ea
3217 1476 3580 1547 plurimorum

2015 1576 2362 1643 clericorum,
2391 1584 2446 1631 et
2485 1573 2905 1636 monachorum,
2934 1578 2990 1625 et
3015 1569 3300 1624 laicorum.
3349 1567 3586 1619 Accusa-

2015 1666 2149 1720 bant
2186 1673 2370 1720 autem
2431 1663 2739 1720 Orientales
2787 1660 3095 1730 episcOpos,
3136 1653 3291 1725 quasi
3342 1658 3587 1708 tacentes

2017 1753 2240 1824 quidem
2278 1753 2516 1812 Nestorii
2554 1738 2777 1816 nomen,
2807 1760 2862 1806 et
2898 1748 3224 1805 simulantes
3263 1759 3389 1801 eum
3429 1757 3586 1797 aver-

2018 1846 2151 1911 sari,
2189 1845 2562 1900 transilientes
2593 1851 2779 1898 autem
2825 1841 2892 1897 ad
2941 1836 3218 1896 Theodori
3270 1834 3485 1891 codices
3522 1831 3590 1888 de

2020 1932 2395 1988 incarnatione
2418 1932 2612 1998 factos,
2644 1932 2699 1986 in
2720 1929 2924 2002 quibus
2949 1928 3124 1984 multo
3147 1927 3361 1998 pejores
3394 1924 3590 1980 Nesto-

2021 2025 2092 2079 rii
2121 2025 2480 2094 blasphemiis
2510 2023 2703 2094 positae
2727 2029 2876 2078 sunt.
2904 2023 3068 2078 Pater
3102 2019 3249 2075 enim
3279 2017 3381 2073 fuit
3402 2016 3596 2072 Nesto-

2023 2115 2093 2171 rii
2119 2115 2387 2185 perﬁdiae,
2429 2124 2487 2170 et
2510 2115 2658 2172 illius
2695 2113 2837 2169 mala
2879 2114 3118 2179 locutus,
3159 2110 3361 2182 impius
3405 2108 3459 2162 in
3511 2107 3597 2161 his

2022 2209 2201 2266 factus
2229 2215 2332 2274 est,
2375 2209 2432 2263 in
2460 2209 2664 2278 quibus
2687 2207 2853 2264 modo
2883 2214 2984 2262 est.
3021 2206 3090 2260 Et
3133 2203 3326 2274 scripsi
3373 2199 3598 2271 quidem

2025 2301 2486 2358 reverendissimo
2527 2301 2786 2371 episcopo
2829 2299 3203 2363 Antiocheno,
3231 2305 3292 2351 ut
3321 2291 3596 2349 Theodori

2026 2395 2194 2466 impia
2211 2394 2463 2466 dogmata
2490 2394 2549 2448 in
2570 2393 2803 2448 ecclesia
2826 2407 2988 2447 nemo
3013 2391 3271 2461 loquatur
3297 2406 3309 2441 :
3332 2385 3599 2442 accedens

2027 2497 2211 2544 autem
2245 2488 2315 2543 ad
2352 2486 2738 2542 Alexandriam
2784 2483 3277 2540 reverendissimus
3337 2479 3602 2533 diaconus

2027 2587 2084 2634 et
2110 2579 2542 2634 archimandrita
2586 2577 2874 2642 Maximus,
2924 2575 3162 2647 plurima
3200 2567 3514 2627 inclamavit
3547 2567 3603 2620 in

2028 2668 2355 2736 Orientales,
2404 2668 2595 2726 dicens
2645 2667 2984 2722 orthodoxos
3034 2664 3246 2718 nullum
3295 2660 3370 2720 ibi
3422 2660 3601 2714 locum

2029 2761 2252 2829 habere,
2294 2775 2398 2816 nec
2425 2759 2678 2824 ﬁduciam
2721 2756 2980 2828 loquendi
3015 2755 3086 2811 de
3125 2759 3276 2808 recta
3302 2750 3426 2806 (ide.
3461 2745 3605 2802 Dixit

2029 2867 2182 2918 vero,
2218 2852 2366 2922 quod
2403 2850 2723 2922 contingunt
2753 2848 2976 2920 quidem
3003 2843 3252 2902 conﬁteri
3287 2837 3605 2911 Symbolum

2031 2942 2342 3014 expositum
2388 2942 2582 2997 Nicaeae
2611 2957 2640 2995 a
2689 2939 2849 3010 199
2895 2935 3100 2993 sanctis
3156 2931 3429 2995 Patribus,
3464 2926 3607 2981 male

2034 3044 2216 3091 autem
2263 3033 2399 3090 illud
2451 3034 2890 3102 interpretantur
2920 3047 2931 3084 :
2964 3037 3019 3085 et
3049 3042 3137 3083 mc
3167 3025 3488 3080 adhortatus
3523 3027 3610 3074 est

2033 3141 2252 3183 omnem
2301 3123 2709 3194 expositionem
2747 3122 2980 3178 Nicaenze
3026 3117 3218 3190 synodi
3261 3109 3608 3184 interpretari

2017 3210 2216 3286 plane,
2266 3224 2327 3271 ut
2374 3229 2486 3269 non
2528 3213 2838 3283 subripiam
2886 3210 3154 3282 quosdam
3204 3207 3310 3263 alia
3346 3219 3444 3275 pro
3490 3201 3612 3262 aliis

2035 3296 2403 3378 expo'nentes;
2435 3304 2580 3376 quod
2627 3311 2683 3359 et
2711 3304 2836 3360 feci.
2873 3302 3048 3357 Habet
3095 3300 3260 3371 igitur
3299 3307 3494 3359 tomos,
3553 3299 3612 3345 ut

2036 3396 2338 3452 otferantur
2365 3405 2421 3452 et
2447 3387 2712 3466 piissimis
2741 3393 2968 3467 reginis,
2986 3399 3042 3448 et
3064 3386 3536 3448 Christianissimo
3558 3391 3614 3436 ct

2037 3488 2284 3561 piissimo
2331 3487 2576 3543 domino.
2611 3488 2738 3542 Feci
2772 3487 2920 3541 enim
2969 3484 3024 3538 in
3061 3477 3395 3537 membranis
3445 3472 3609 3530 scribi

2040 3589 2267 3636 tomum.
2299 3579 2437 3635 Cum
2469 3577 2699 3640 consilio
2721 3577 2888 3646 igitur
2913 3574 3052 3643 ejus,
3071 3571 3214 3626 sicut
3237 3568 3376 3622 bene
3406 3563 3610 3617 habere

2037 3669 2405 3741 perspiciatis,
2432 3653 2749 3741 Opportune
2799 3664 3012 3719 oﬂ‘erte.
3049 3660 3276 3730 Oportet
3321 3655 3468 3710 enim
3513 3667 3614 3706 nos

1965 3782 2011 3845 α
2042 3761 2248 3830 ubique
2284 3776 2384 3831 pro
2415 3768 2564 3814 recta
2593 3755 2700 3811 ﬁde
2728 3762 2964 3819 certare,
2997 3759 3053 3808 et
3083 3756 3325 3805 exortam
3347 3743 3615 3800 adversus

2043 3853 2323 3909 Christum
2348 3850 2703 3920 impietatem,
2724 3853 2989 3916 quantum
3012 3839 3272 3914 possibile
3304 3845 3406 3903 est,
3442 3849 3472 3890 e
3496 3847 3614 3888 mc-

2046 3946 2141 4002 dio
2168 3945 2444 4018 expellere
2475 3941 2759 3999 festinare.

1729 4414 2066 4473 EPISTULA
2106 4411 2293 4470 LXXI.

1569 4583 1635 4622 ΔΙ)
1667 4579 2004 4621 τηεουοειωι
2040 4573 2436 4621 IIPEBATOBEH.

369 4707 569 4765 Contra
621 4725 706 4766 eos
745 4711 835 4782 qui
869 4709 1109 4765 Nestorio
1137 4710 1422 4763 anathema
1449 4709 1700 4782 dicentes,
1743 4708 1945 4782 eaipsa
1975 4705 2207 4782 sentiunt
2247 4713 2366 4782 qua:
2384 4705 2432 4782 et
2471 4694 2583 4758 ille,
2615 4709 2673 4747 eo
2697 4683 3116 4782 quodjuhegtfo‘gf
3153 4687 3202 4735 ει
3238 4675 3454 4734 Πίοιίονί
3489 4673 3620 4728 δενί·

1073 4762 1164 4850 pta
1193 4762 1450 4833 inirentur
1484 4778 1580 4850 (I).
1610 4762 2064 4850 syntboli'Nicazni
2097 4762 2581 4842 interpretationem
2611 4778 2762 4817 suam
2804 4762 3132 4813 transmittit.

446 4921 725 4985 [Eternam
756 4923 926 4983 vitam
949 4923 1237 4992 providere
1267 4937 1299 4981 ο
1333 4929 1479 4980 terra
1511 4929 1594 4976 est
1623 4917 1952 4990 inculpabile

375 5015 444 5070 ad
496 5015 665 5070 Deum
711 5014 1043 5083 Patremque
1089 5015 1186 5083 qui
1239 5014 1295 5072 in
1345 5013 1502 5072 ccclis
1535 5018 1620 5068 est
1646 5009 1949 5084 inquiens:

2059 4923 2112 4970 te
2145 4913 2322 4970 solum
2358 4917 2414 4965 et
2448 4921 2642 4964 verum
2684 4905 2880 4967 Deum,
2913 4905 2970 4954 et
3010 4909 3175 4967 quem
3205 4889 3405 4948 misisti
3438 4888 3624 4944 Jesum

2058 5005 2339 5062 Christum
2371 5000 2436 5053 “.
2467 5018 2485 5051 ι
2515 4997 2622 5054 Sed
2643 4992 2832 5051 nescio
2860 4985 3138 5061 quomodo
3165 4982 3387 5055 quidam
3418 4977 3627 5048 tingunt

387 5125 404 5157 ι
438 5105 562 5162 Hac
585 5115 671 5162 est
693 5073 882 5161 autem
911 5067 1029 5162 sola
1053 5067 1335 5164 efaﬂerna
1365 5105 1499 5169 vita,
1528 5111 1589 5158 ut
1620 5067 1953 5173 cognoscant
1979 5082 2028 5142 Ῑ)
2055 5096 2280 5168 quidem
2309 5093 2475 5150 rectis
2495 5091 2641 5146 circa
2661 5088 2768 5143 hoc
2783 5081 3017 5155 pedibus
3033 5074 3317 5135 ambulare
3332 5068 3463 5129 dum
3480 5067 3629 5124 clau-

451 5263 497 5295 “
519 5264 674 5320 Joan.
708 5281 838 5330 xvn,
867 5263 918 5318 '5.

1470 5369 1646 5427 Varia:
1671 5366 1937 5422 lectiones
1968 5361 2175 5418 codicis
2210 5359 2568 5432 Seguieriani.

459 5491 478 5534 ι
504 5494 591 5549 ισ.
619 5491 695 5554 ὡς
721 5489 788 5543 ἂν
817 5488 930 5559 εχοι
957 5485 1272 5549 συνιδόντες,
1302 5483 1420 5536 εὕκ.

1911 5583 2138 5644 ΝΟΤΛΕ.

462 5721 537 5792 (ι)
560 5720 642 5778 Ex
669 5718 944 5794 Synodico
972 5717 1232 5775 adversus
1255 5711 1571 5786 tragoediam
1592 5706 1802 5776 lrenwi,
1829 5720 1926 5776 cap

2025 5696 2319 5764 98.1ilansi,
2351 5703 2390 5751 ι.
2418 5694 2481 5763 ν,
2515 5692 2620 5749 col.
2655 5689 2779 5748 974.
