4044 6212
472 378 577 433 M3

1496 374 1551 429 S.
1592 371 1867 428 CYRILLI
1907 370 2377 428 ALEXANDRINI
2415 373 2735 428 ARCIIIEP.

3614 365 3718 422 344

472 487 677 552 dicent,
710 495 764 541 et
806 486 1055 540 veritatis
1102 485 1245 538 viam
1288 484 1605 538 deserentes
1641 491 1925 539 vertantur
1977 482 2045 538 ad
2073 489 2123 547 Α
2148 484 2316 540 viros.
2355 484 2709 553 Scripserunt
2735 482 2885 537 enim
2916 490 3342 552 quantacunque
3367 477 3646 536 Theodori
3670 488 3725 533 et

471 580 722 642 alteram,
750 593 872 647 qua:
899 577 966 631 ad
993 575 1383 631 exterminium
1412 574 1889 647 perditionemque
1915 591 2042 645 per-

471 670 644 723 ducit.
680 667 980 722 Adhazrent
1021 668 1171 721 enim
1208 666 1575 737 quorumdam
1618 666 2043 737 conscriptioni-

474 760 575 813 bus
599 758 931 813 interdictis.
967 757 1035 812 Et
1066 767 1126 812 ut
1152 758 1299 813 clare
1330 756 1509 813 dicam
1533 758 1615 813 rei
1646 767 1902 815 naturam
1942 758 2043 827 (si-

470 849 695 920 quidem
720 849 985 919 scriptum
1022 856 1127 912 est,
1172 866 1189 900 ι
1222 849 1289 903 Εῑ
1317 849 1581 917 loquebar
1610 849 1679 904 de
1715 848 2047 904 testimoniis

472 941 582 996 tuis
604 955 789 995 coram
820 939 1061 1010 regibus,
1086 948 1144 994 ct
1164 954 1273 994 non
1296 940 1675 995 confundebar
1693 940 1739 973 "
1768 940 1841 1011 ι),
1862 940 2046 995 Theo-

471 1031 643 1084 dorus
677 1028 900 1098 quidam
931 1027 1056 1091 fuit,
1100 1036 1158 1083 et
1184 1036 1310 1082 ante
1340 1027 1489 1083 hunc
1518 1026 1794 1082 Diodorus
1827 1026 2046 1097 episco-

471 1136 598 1191 pus,
639 1120 732 1175 hic
760 1119 988 1190 quidem
1030 1120 1248 1187 Tharsi,
1294 1120 1385 1177 ille
1417 1135 1552 1176 vero
1580 1118 1944 1189 Mopsuestia.
1978 1117 2046 1173 lii

472 1218 658 1279 patres
698 1209 923 1265 fuerunt
951 1210 1191 1265 Nestorii
1222 1210 1596 1282 blasphemiae.
1626 1210 1687 1267 In
1715 1209 1873 1265 libris
1897 1209 2048 1265 enim

471 1317 613 1371 quos
638 1310 1089 1372 composuerunt,
1116 1301 1320 1372 agresti
1352 1300 1564 1357 insania
1588 1301 1674 1356 usi
1696 1298 1827 1357 sunt
1856 1310 2048 1355 contra

470 1393 720 1447 omnium
751 1400 1003 1447 nostrum
1036 1392 1378 1449 Salvatorem
1400 1392 1704 1458 Christum,
1733 1392 2050 1463 ignorantes

471 1482 595 1552 ejus
636 1483 977 1554 mysterium.
1022 1484 1207 1539 Voluit
1243 1484 1410 1555 igitur
1442 1484 1645 1554 impius
1674 1482 1962 1539 Nestorius
1983 1497 2050 1538 ea

470 1591 596 1643 qua:
637 1575 858 1631 illorum
891 1585 1020 1631 sunt
1060 1577 1128 1630 ad
1169 1576 1412 1631 medium
1454 1576 1753 1642 deducere,
1786 1584 1846 1631 et
1871 1590 1905 1629 a
1935 1574 2050 1630 Deo

472 1681 629 1721 saera
666 1667 919 1735 privatus
955 1676 1041 1723 est
1076 1666 1219 1740 aula.
1256 1668 1395 1723 Dum
1422 1682 1555 1723 vero
1586 1666 2048 1722 anathematizas-

472 1766 596 1811 sent
616 1773 738 1828 qua:
760 1758 882 1828 ejus
911 1767 1041 1813 sunt
1062 1758 1569 1815 nonnulliOrientis
1585 1757 1853 1829 episcopi,
1877 1757 2051 1813 altero

2146 576 2386 630 Nestorii
2427 574 2587 629 malis
2620 582 2748 629 sunt
2772 573 3005 629 adversa
3042 572 3363 628 sentientes.
3391 569 3530 635 Quia
3558 569 3724 641 igitur

2147 663 2313 719 didici
2349 663 2495 735 quod
2528 664 2597 719 de
2625 663 2714 718 bis
2741 669 2797 718 et
2831 662 3034 717 vestris
3066 660 3174 732 piis
3205 658 3439 714 auribus
3472 658 3727 729 ingerant

2148 754 2425 824 quaedam,
2475 768 2609 823 rogo
2651 761 2713 807 ut
2747 753 2961 807 animas
2990 758 3202 806 vestras
3240 749 3476 805 intactas
3498 746 3729 801 omnino

2150 846 2576 915 impollutasque
2618 842 2854 899 servetis
2890 858 2923 898 a
2964 840 3244 897 Theodori
3275 847 3333 895 et
3357 837 3584 893 Diodori
3620 836 3727 891 im-

2149 938 2464 1009 pietatibns.
2498 937 2819 993 Sicutenim
2846 951 3010 1006 supra
3028 936 3139 1006 jam
3169 932 3304 997 dixi,
3339 931 3629 987 Nestorius
3661 944 3726 984 ea

2149 1044 2270 1099 qua:
2300 1028 2547 1099 ipsorum
2582 1036 2713 1084 sunt
2734 1035 2821 1084 est
2848 1026 3088 1091 locutus,
3117 1031 3175 1081 et
3203 1023 3275 1079 ob
3300 1022 3409 1078 hoc
3430 1029 3493 1077 ut
3524 1020 3726 1091 impius

2148 1118 2549 1176 condemnatus
2581 1129 2667 1175 est
2698 1118 2766 1173 ab
2806 1115 3103 1173 universali
3134 1114 3344 1187 synodo
3374 1112 3519 1183 apud
3540 1111 3723 1182 Ephe-

2148 1226 2273 1266 sum
2318 1218 2645 1282 congregata
2690 1211 2845 1282 juxta
2889 1210 2987 1265 Dei
3038 1210 3401 1264 voluntatem.
3451 1204 3727 1271 Quoniam

2149 1316 2283 1358 vero
2314 1301 2577 1358 simulant
2609 1301 2834 1372 quidem
2872 1316 2932 1358 se
2963 1299 3274 1372 symbolum
3299 1295 3556 1353 confiteri
3577 1294 3726 1364 quod

2149 1392 2459 1462 expositum
2492 1401 2578 1451 est
2610 1392 2668 1448 in
2695 1408 2889 1466 magna
2909 1402 2966 1451 et
2986 1392 3211 1462 antiqua
3237 1389 3447 1462 synodo
3481 1388 3725 1453 Nicena,

2150 1483 2429 1540 declinant
2458 1500 2593 1542 vero
2627 1485 2748 1558 ejus
2776 1484 2912 1541 falsa
2952 1482 3405 1554 interpretatione
3438 1478 3724 1543 virtutem,

2150 1584 2482 1647 rogaverunt
2509 1577 2952 1633 archimandritae
2970 1575 3213 1633 Orientis
3231 1571 3524 1630 orthodoxi
3547 1570 3724 1633 inter-

2150 1669 2361 1738 pretari
2395 1684 2428 1723 a
2454 1684 2543 1725 me
2582 1670 2729 1725 idem
2760 1669 3103 1741 symbolum;
3132 1664 3279 1736 quod
3310 1672 3367 1720 et
3396 1663 3727 1732 interpreta-

2153 1768 2271 1814 tum
2304 1768 2408 1815 est.
2455 1760 2526 1815 Et
2560 1760 2937 1817 necessarium
2976 1758 3083 1814 l‘uit
3107 1767 3169 1813 ut
3197 1757 3254 1811 in
3278 1764 3494 1810 vestras
3516 1751 3639 1822 pias
3669 1758 3727 1806 et

472 1846 637 1900 modo
669 1846 785 1901 haec
809 1846 927 1916 ipsa
956 1863 1149 1903 rursus
1180 1846 1471 1913 inducunt,
1501 1846 1635 1901 dum
1668 1861 1733 1901 ea
1761 1862 1883 1916 quae
1916 1855 2047 1903 sunt
2084 1831 2124 1886 Β
2148 1850 2354 1907 Christi
2384 1851 2590 1908 amicas
2618 1867 2786 1908 aures
2820 1850 3134 1922 perveniret
3180 1847 3286 1902 hoc
3318 1859 3480 1915 opus.
3520 1844 3731 1899 Vestrae

472 1936 750 1992 Theodori
780 1938 1152 2003 admirantur,
1191 1944 1248 1993 et
1284 1952 1410 1993 eum
1454 1945 1604 1993 recte
1627 1951 1820 2007 sapere
1849 1936 2046 1991 dicunt

469 2037 526 2082 et
554 2043 795 2084 consone
821 2030 1079 2085 Patribus
1104 2029 1328 2095 nostris,
1351 2028 1650 2085 Athanasio
1677 2028 1803 2084 dico
1826 2036 1883 2084 et
1910 2028 2049 2085 Cre-

470 2117 626 2190 gorio
656 2128 824 2190 atque
845 2119 1065 2177 Basilio.
1096 2118 1203 2177 Sed
1238 2120 1586 2177 mentiuntur
1610 2128 1804 2178 contra
1830 2129 2051 2180 sanctos

2153 1939 2427 2010 siquidem
2457 1941 2841 2011 tranquillitati
2869 1940 3015 1995 inest
3046 1938 3191 1993 inter
3212 1935 3317 1991 alia
3340 1934 3483 1989 bona
3510 1941 3568 1988 et
3597 1932 3729 1997 hoc,

2157 2039 2219 2084 ut
2249 2028 2305 2082 in
2332 2030 2684 2087 sermonibus
2714 2029 2783 2087 de
2822 2036 2973 2086 recta
2996 2025 3105 2084 ﬁde
3133 2025 3254 2082 sine
3292 2022 3600 2082 cessatione
3623 2021 3728 2079 de-

2156 2118 2351 2176 lectari
2372 2118 2575 2176 velitis.

2075 2302 2147 2318 '—

1646 2425 1983 2486 EPISTOLA
2023 2425 2215 2485 Lxxu
2256 2426 2352 2500 (οι.
2392 2426 2551 2498 Liv).

1883 2580 1950 2621 AD
1979 2579 2221 2623 νιοςιυιι
2247 2580 2333 2622 ει».

471 2725 676 2799 Cyri“:
688 2726 759 2781 ad
788 2726 1037 2799 Proetum
1081 2728 1381 2798 episcopum
1409 2727 2057 2799 Constantinopolitanum

540 2799 606 2850 de
634 2796 911 2869 Theodoro,
947 2796 1338 2868 Mapsuesteuo,
1365 2808 1573 2869 petente
1600 2799 1679 2869 (l)
1706 2796 1772 2854 αὖ
1810 2800 1944 2869 ipso,
1991 2814 2057 2869 ne

542 2868 868 2935 permitteret
879 2868 1071 2991 ipsum
1089 2867 1539 2924 anathemdtizari
1570 2867 1707 2939 quod
1726 2872 1820 2923 hoc
1833 2867 1839 2869 ⁷
1852 2867 2055 2923 tumul-

546 2948 630 2991 tus
664 2954 826 2992 causa
846 2954 891 2992 st
922 2979 936 2992 .

2155 2728 2459 2803 Κυρίλλου
2512 2730 2765 2803 Πρόκρις)
2806 2727 3121 2803 ἐπισκόξζφ
3142 2722 3732 2803 ᾹΚωνστςαν-τινρυξό-

2222 2795 2374 2863 λεως
2395 2799 2527 2866 περὶ
2562 2795 2866 2867 Θεοδώρου
2887 2798 2995 2853 τοῦ
3020 2796 3467 2867 Μοψουεστίας,
3494 2795 3732 2849 αἰτοῦν-

2221 2885 2325 2934 τος
2361 2865 2569 2932 αὐτὸν,
2628 2865 2787 2921 ὥστε
2815 2868 2902 2936 μὴ
2942 2865 3332 2936 συγχωρῆσαι
3380 2865 3733 2936 (ingemat;-

2221 2932 2445 3004 σθῆναι
2485 2938 2691 3004 αὑτὸν,
2729 2932 3233 3004 ἀκρίτων-’τοῦτο
3272 2933 3542 3003 ταραχῆς
3569 2932 3732 3003 τινός-

2217 3024 2429 3077 μενον.

549 3110 651 3163 Vix
702 3109 1000 3179 aliquando
1051 3111 1348 3182 multisque
1395 3111 1691 3169 sudoribus
1748 3114 2049 3171 sanctitatis

2228 3121 2400 3185 Μόλις
2426 3121 2555 3175 ποτὲ
2589 3120 2684 3175 καὶ
2711 3119 2926 3183 πολλοῖς
2954 3118 3144 3192 ἱδρῶσι
3166 3117 3264 3188 τῆς
3289 3134 3349 3171 τε
3384 3116 3486 3186 σῆς
3513 3114 3733 3183 ὁσιότη-

474 3208 603 3262 tuzc,
635 3198 922 3267 sanctique
964 3198 1184 3254 concilii
1217 3199 1365 3269 apud
1394 3200 1671 3269 Ephesum
1707 3204 2048 3273 congregati,

470 3289 710 3345 Nestorii
733 3290 1047 3360 vaniloquia
1072 3290 1380 3360 rejecerunt
1404 3291 1606 3361 ubique
1627 3293 1724 3348 Dei
1755 3293 2015 3349 Ecclesia:
2036 3312 2049 3348 :

473 3381 707 3435 nimium
753 3396 888 3437 vero
936 3383 1337 3438 contristantur
1393 3392 1620 3454 propter
1678 3383 1784 3438 hoc
1828 3384 2052 3454 quidam

473 3471 860 3536 Orientalium,
886 3488 996 3528 non
1020 3474 1198 3528 solum
1227 3472 1517 3539 laicorum,
1552 3474 1648 3530 sed
1671 3474 1837 3530 etiam
1865 3490 2051 3531 sacer-

473 3563 690 3617 dotum.
727 3561 883 3617 Sicut
914 3562 1063 3618 enim
1091 3563 1369 3620 diuturnae
1404 3564 1689 3635 passiones
1721 3564 2056 3623 dilliciliores

472 3654 540 3709 ad
587 3654 972 3711 medicandum
1018 3655 1311 3722 exsistunt,
1348 3656 1434 3713 vel
1468 3654 1698 3711 forsitan
1734 3656 1901 3713 etiam
1950 3657 2057 3714 hoc

472 3746 700 3801 omnino
734 3747 1032 3819 abnegant,
1096 3746 1179 3803 sic
1210 3757 1267 3804 et
1309 3748 1494 3804 anima
1526 3757 1799 3819 aegrotans
1832 3764 2054 3817 perver-

472 3854 657 3893 sorum
690 3838 1070 3895 intellectuum
1090 3848 1146 3895 et
1163 3840 1478 3911 dogmatum
1500 3838 1815 3911 putredine,
1841 3838 2056 3895 insana-

474 3929 640 3983 bilem
681 3928 848 3985 habet
894 3930 1227 4001 passionem.
1279 3932 1670 3987 Verumtamen
1715 3933 1812 3987 Dei
1858 3933 2053 4003 gratia,

474 4021 591 4076 sive
623 4022 936 4088 occasione,
969 4023 1085 4079 sive
1114 4024 1348 4079 i'eritate
1380 4039 1550 4079 unum
1573 4023 1855 4078 Christum
1884 4034 1942 4079 et
1968 4024 2054 4079 lo-

471 4122 721 4183 quuntur
747 4123 803 4169 et
826 4115 1149 4184 prmdicant,
1180 4124 1237 4170 et
1267 4115 1464 4185 impias
1490 4116 1729 4172 Nestorii
1749 4116 2054 4173 verbosita-

470 4213 554 4257 tes
584 4202 1206 4277 anathematizaverunt.
1233 4205 1301 4259 Et
1330 4205 1553 4261 interim
1581 4208 1754 4262 multa
1781 4206 2051 4278 tranquil-

469 4296 599 4349 litas
630 4294 707 4348 ibi
733 4302 841 4359 est,
870 4303 928 4350 et
956 4296 1012 4350 in
1043 4296 1149 4351 ﬁde
1173 4296 1420 4366 quotidie
1454 4296 1852 4355 conﬁrmantur
1882 4300 2049 4355 etiam

468 4388 546 4441 illi
598 4385 696 4456 qui
754 4385 1051 4455 aliquando
1092 4386 1439 4445 dubitabant.
1484 4390 1644 4445 Nunc
1693 4406 1849 4455 vero,
1905 4392 2051 4448 sicut

2158 3230 2249 3278 τος
2299 3212 2395 3266 καὶ
2436 3212 2539 3282 τῆς
2587 3212 2755 3279 ἁγίας
2801 3210 3022 3265 συνόδου
3068 3209 3168 3280 τῆς
3198 3207 3562 3279 συναχθείσης
3590 3204 3735 3261 κατὰ

2156 3305 2259 3376 τὴν
2296 3304 2582 3374 Ἐφεσίων,
2613 3302 2711 3367 τὰς
2744 3302 3040 3375 Νεστορίου
3064 3302 3398 3373 κενοφωνίας
3423 3299 3723 3370 ἀποϐεϐλή-

2160 3412 2321 3451 κασιν
2346 3396 2403 3449 αῑ
2433 3395 2738 3466 πανταχόσε
2758 3394 2853 3449 τοῦ
2875 3394 3013 3449 Θεοῦ
3043 3392 3380 3462 Ἐκκλησίαν
3407 3390 3737 3462 δυσφοροῦσι

2155 3485 2214 3540 δὲ
2241 3484 2363 3539 λίαν
2389 3485 2483 3539 ἐπὶ
2507 3485 2683 3556 τούτῳ
2711 3486 2857 3549 τινὲς
2888 3485 2997 3540 τῶν
3029 3484 3172 3539 κατὰ
3200 3485 3301 3555 τὴν
3334 3483 3497 3555 ἑῴαν,
3519 3483 3582 3536 οὗ
3616 3483 3736 3535 λαῖ-

2160 3572 2275 3627 κῶν
2314 3572 2498 3644 μόνον,
2542 3572 2683 3627 ἀλλὰ
2718 3574 2828 3646 γὰρ
2871 3573 3105 3628 καὶτῶν
3146 3572 3497 3642 τεταγμένων
3532 3572 3615 3634 είς
3667 3573 3738 3626 ίε-

2160 3665 2437 3736 ρουργίαν.
2484 3664 2695 3737 ’Ὠσπερ
2736 3664 2846 3737 γὰρ
2900 3664 2971 3719 τὰ
3007 3662 3343 3736 χρονιώτερα
3393 3663 3503 3717 τῶν
3545 3662 3739 3717 παθῶν

2157 3753 2565 3826 δυσχερέστερά
2592 3754 2709 3819 πώς
2741 3756 2859 3809 ἐστι
2891 3755 3029 3827 πρὸς
3065 3754 3128 3807 τὸ
3153 3752 3508 3826 θεραπεῦσαι,
3541 3752 3735 3825 ῆτάχα

2158 3862 2262 3898 που
2297 3846 2394 3900 καὶ
2420 3846 2501 3909 είς
2532 3846 2676 3900 ἅπαν
2700 3847 2949 3917 ἀρνεῖται
2971 3844 3152 3910 τοῦτο,
3176 3844 3320 3898 οὕτω
3354 3843 3450 3897 καὶ
3475 3842 3621 3914 ψυχὴ
3657 3846 3738 3897 δι-

2156 3938 2553 4009 εστραμμένων
2581 3938 2803 3993 ἐννοιῶν
2828 3938 2923 3993 καὶ
2951 3937 3239 4008 δογμάτων
3265 3936 3520 4007 σηπεδόνι
3550 3936 3737 4005 appoi-

2159 4030 2428 4100 στήσασα,
2460 4030 2866 4100 δυσαπόδλητον
2890 4030 3005 4100 ἔχει
3036 4028 3101 4082 τὸ
3133 4027 3325 4090 πάθος.
3359 4027 3507 4096 Πλὴν
3535 4028 3602 4095 τῇ
3634 4025 3736 4078 τοῦ

2157 4120 2299 4174 Θεοῦ
2355 4120 2564 4191 χάριτι,
2605 4119 2718 4173 εῐτε
2773 4118 3067 4189 προφάσει,
3107 4118 3216 4171 είτε
3256 4116 3484 4189 ἀληθείᾳ
3513 4116 3604 4169 τὸν
3636 4116 3736 4168 Eva

2158 4210 2393 4281 Χριστὸν
2419 4209 2515 4262 καὶ
2543 4207 2768 4262 λαλοῦσι
2798 4209 2891 4263 καὶ
2919 4207 3271 4280 κηρύττουσι,
3299 4205 3510 4269 καὶτὰς
3534 4205 3737 4257 Νεστο-

2159 4301 2279 4372 ρίου
2302 4299 2582 4364 δυσσεϐεῖς
2598 4300 3010 4373 περιττολογίας
3029 4300 3187 4355 ἁνεΘε
3196 4300 3448 4370 μάτισαν.
3469 4296 3579 4350 Καὶ
3595 4295 3734 4358 τέως

2157 4394 2217 4447 ὲν
2247 4391 2399 4464 εὐδίᾳ
2432 4392 2601 4464 πολλῇ
2629 4393 2698 4446 τὰ
2723 4391 2932 4456 αὐτόθι,
2966 4390 3062 4445 καὶ
3088 4390 3373 4462 τρέχουσιν
3398 4388 3478 4451 είς
3500 4387 3562 4439 τὸ
3590 4387 3735 4456 ἀρα-

473 4478 693 4547 seripsit
710 4477 778 4533 ad
797 4493 883 4533 me
912 4477 1169 4534 dominus
1186 4495 1341 4535 meus
1356 4481 1734 4538 sanctissimus
1758 4482 2049 4553 episcopus

2160 4483 2254 4556 ρὸς
2286 4484 2345 4537 ὲν
2382 4483 2566 4536 πίστει
2592 4483 2716 4537 καθ’
2748 4482 2965 4553 ἡμέραν
2995 4482 3089 4536 καὶ
3124 4483 3174 4535 οἱ
3204 4478 3549 4551 σαλευόμενοι
3574 4494 3731 4531 ποτε.

472 4570 781 4625 Antiochiae
832 4571 1092 4636 Joannes,
1160 4571 1380 4626 initium
1428 4572 1572 4642 apud
1623 4575 1771 4645 ipsos
1822 4574 2054 4631 alterius

471 4661 814 4730 tempestatis
863 4661 1138 4724 surrexit,
1174 4670 1230 4716 et
1281 4662 1551 4732 plurimus
1603 4672 1688 4720 est
1737 4665 1926 4730 timor,
1983 4683 2053 4723 ne

468 4750 702 4805 forsitan
747 4752 970 4821 quidam
1004 4752 1293 4809 instabiles
1337 4754 1403 4809 ad
1463 4756 1648 4825 priora
1683 4768 2047 4813 revertantur.

470 4842 669 4896 Dicunt
695 4842 843 4896 enim
892 4843 1158 4913 quosdam
1191 4844 1259 4899 ad
1294 4860 1545 4915 magnam
1599 4847 1744 4901 illam
1774 4847 2050 4903 civitatem

466 4932 809 5002 pervenisse,
845 4934 1047 4990 deinde
1091 4936 1471 5007 interpellassc
1496 4938 1772 5007 piissimos
1801 4949 1857 4995 et
1883 4940 2047 4996 Chri-

467 5022 834 5079 stianissimos
855 5024 1236 5094 imperatores,
1264 5034 1320 5081 et
1348 5030 1651 5097 postulasse
1676 5047 1775 5100 per
1803 5031 2044 5086 divinam

464 5129 662 5170 eorum
706 5115 1048 5171 sanctionem
1078 5116 1528 5173 anathematizari
1565 5119 1737 5175 libros
1767 5120 2043 5175 Theodori

464 5204 857 5273 Mopsuesteni,
881 5206 1171 5278 ipsumque
1185 5217 1546 5265 memoratum
1567 5211 1769 5266 virum.
1797 5212 2048 5281 Magnum

465 5309 599 5347 vero
630 5296 751 5365 ejus
778 5297 942 5367 200
978 5315 1178 5355 nomen
1229 5316 1350 5357 esse
1384 5318 1483 5372 per
1519 5301 1823 5367 Orientem,
1852 5311 1910 5358 et
1943 5305 2049 5359 mi-

466 5384 669 5438 riﬁcari
721 5387 956 5441 nimium
998 5392 1313 5463 conscripta
1350 5394 1490 5463 ejus.
1537 5393 1606 5448 Et
1650 5394 1795 5449 sicut
1834 5395 2048 5463 dicunt,

466 5472 866 5529 contristantur
903 5492 1117 5549 omnes,
1150 5483 1297 5553 quod
1328 5483 1412 5540 vir
1445 5484 1648 5541 nobilis
1671 5494 1728 5541 et
1760 5486 2054 5545 defunctus

575 5626 619 5657 ⁸⁸
644 5628 783 5686 Psal.
820 5648 1003 5701 cxvm,
1042 5638 1127 5693 46.

2149 4575 2288 4628 Νυνὶ
2322 4574 2402 4639 δὲ,
2443 4574 2520 4638 ὡς
2548 4575 2795 4646 γέγραφε
2838 4574 2975 4647 πρός
3008 4590 3075 4645 με
3110 4575 3138 4627 ὁ
3177 4571 3368 4643 κύριός
3398 4588 3498 4642 μου
3527 4570 3555 4622 ὁ
3590 4569 3737 4622 θειό-

2147 4681 2308 4728 τατος
2330 4663 2629 4727 ἐπίσκοπος
2651 4663 2752 4733 τῆς
2778 4662 3096 4732 Ἀντιοχέων
3130 4661 3405 4730 Ἰωάννης,
3430 4657 3573 4730 ἀρχὴ
3596 4656 3732 4727 παρ’

2150 4757 2335 4821 αὐτοῖς
2376 4757 2567 4827 ἑτέρου
2612 4756 2879 4820 κλύδωνος
2931 4756 3253 4826 ἐγήγερται,
3318 4752 3413 4806 καὶ
3444 4752 3586 4820 τάχα
3627 4767 3735 4803 που

2151 4846 2286 4900 πολὺ
2325 4847 2387 4901 τὸ
2420 4847 2561 4911 δέος.
2602 4847 2678 4918 μὴ
2710 4846 2818 4918 ἄρα
2851 4845 2953 4900 πού
2980 4862 3123 4909 τινες
3150 4844 3263 4897 τῶν
3327 4840 3736 4912 εὐπαραφόρων

2158 4941 2584 5012 ὑπονοστήσειαν
2612 4941 2691 5005 είς
2723 4939 2786 4992 τὸ
2811 4939 2871 4991 ὲν
2905 4938 3122 5009 ἀρχαῖς.
3149 4934 3291 4990 Φασὶ
3311 4935 3421 5006 γάρ
3448 4949 3599 4995 τινας
3634 4930 3736 5001 τὴν

2157 5032 2403 5103 μεγάλην
2440 5031 2656 5103 ἐκείνην
2691 5030 2846 5085 πόλιν
2884 5028 3234 5093 καταλαϐεῖν,
3265 5024 3388 5081 εἶτα
3414 5023 3737 5096 προσελθεῖν

2151 5124 2263 5186 τοῖς
2330 5120 2741 5185 εὐσεϐεστάτοις
2800 5120 2895 5174 καὶ
2954 5118 3324 5189 φιλοχρίστοις
3382 5112 3732 5185 βασιλεῦσιν,

2149 5214 2432 5285 ἐξαιτῆσαι
2458 5231 2517 5267 τε
2555 5213 2645 5267 διὰ
2673 5212 3047 5281 θεσπίσματος
3076 5208 3257 5263 αὐτῶν
3302 5204 3449 5276 ίεροῦ
3490 5202 3559 5257 τὰ
3600 5203 3734 5255 Θεο-

2151 5305 2328 5377 δώρου
2353 5306 2449 5360 τοῢ
2471 5306 2849 5376 Μοψουεστὶας
2878 5302 3376 5374 ἀναθεματισθῆναι
3402 5297 3603 5369 βιϐλία,
3631 5297 3734 5348 αὐ-

2152 5399 2245 5453 τόν
2275 5416 2332 5452 τε
2350 5398 2443 5453 τὸν
2475 5416 2581 5470 μνη
2590 5397 2917 5469 μονευθέντα
2940 5397 3131 5469 ἄνδρα.
3156 5394 3298 5448 Πολὺ
3319 5391 3377 5446 δὲ
3395 5388 3563 5444 αὑτοῦ
3591 5386 3735 5441 κατὰ

2153 5490 2255 5562 τὴν
2288 5490 2430 5561 ἑῴαν
2458 5491 2652 5561 ὄνομα,
2688 5490 2784 5545 καὶ
2808 5487 3323 5562 Θαυμάζονταιλίαν
3362 5486 3418 5540 ai
3446 5480 3733 5548 συντάξεις

540 5787 615 5863 (l)
651 5787 792 5861 Lege
820 5793 1059 5862 pclcniis,
1105 5802 1161 5847 ut
1201 5794 1465 5852 referatur
1493 5797 1559 5851 ad
1586 5797 1869 5870 Cyrillum.
1897 5798 2012 5856 Jaui
2048 5799 2194 5857 enim
2225 5799 2513 5857 defunctus
2546 5813 2661 5857 erat
2696 5800 3035 5858 Theodorus.
3070 5801 3218 5857 Eutr.
