4044 6212
293 368 406 425 διο

1632 366 1974 426 EPISTOLA
2012 367 2223 424 LXXII.

3444 370 3548 425 346

285 483 483 541 αὐτοῦ.
524 481 731 545 Καίὦς
777 478 843 550 γέ
899 496 1053 550 φασι,
1100 479 1457 551 δυσφοροῦσιν
1495 483 1754 550 ἅπαντες,
1801 485 1868 549 ὡς

1982 486 2037 540 in
2051 484 2437 542 communione
2453 486 2838 552 Ecclesiarum,
2863 484 3373 541 anathematizatur.
3394 485 3553 540 Nunc

286 577 493 647 ἀνδρὸς
528 574 801 644 ἐπισήμου
839 572 937 625 καὶ
961 571 1381 643 τελευτήσαντος
1409 574 1466 627 ὲν
1493 575 1748 646 κοινωνίᾳ
1770 576 1881 629 τῶν

308 665 678 735 Ἐκκλησιῶν,
717 662 1256 733 ἀναθεματιζομένου
1301 663 1438 717 νυνί.
1474 664 1597 719 Ὅτι
1623 665 1725 735 μὲν
1768 664 1879 735 γάρ

290 761 354 811 ὲν
390 760 505 819 τοῖς
530 756 910 825 συντάγμασιν
934 753 1101 807 αὐτοῦ
1116 750 1456 825 ἐὑρίσκομέν
1486 772 1609 809 τινα
1631 756 1879 820 ἐκτόπως

290 845 591 919 εἰρημένα,
627 846 723 898 καὶ
766 843 1011 915 ἀκράτου
1043 844 1286 915 γέμοντα
1330 844 1661 917 δυσφημίας,
1700 846 1878 900 οὐδενὶ

293 940 407 993 τῶν
450 938 592 1009 όρθά
621 938 839 1009 φρονεῖν
878 935 1147 990 εἰωθότων
1193 935 1515 1007 ἀμφίϐολον.
1550 938 1714 990 Ἴστω
1755 937 1875 1009 δὲή

291 1030 364 1099 σὴ
398 1028 644 1096 ὁσιότης,
690 1028 777 1081 δτι
819 1026 1251 1098 παρενεχθείσης
1288 1027 1356 1095 τῇ
1386 1025 1520 1097 ἁγίᾳ
1554 1026 1759 1097 συνόδῳ
1783 1028 1876 1080 ὲκ-

289 1123 505 1184 θέσεως
529 1120 663 1191 παρ’
688 1118 855 1173 αὐτοῦ
879 1118 1293 1191 συνταχθείσης,
1317 1118 1392 1183 ὡς
1416 1121 1465 1173 οἰ
1499 1119 1816 1189 προελόντες
1832 1131 1873 1160 ιιι

285 1214 561 1281 ἔφασκον,
610 1210 763 1265 οὐδὲν
795 1209 1029 1280 ἐχούσης
1077 1209 1249 1279 ὑγιὲς,
1289 1209 1742 1281 καταισδήλευσε
1775 1210 1874 1281 μὲν

286 1302 467 1374 αὐτὴν
499 1304 537 1373 ή
563 1301 697 1370 ἀγία
729 1299 967 1365 σύνοδος,
994 1301 1071 1365 ὡς
1106 1299 1559 1373 διεστραμμένων
1595 1301 1873 1372 γέμουσαν

287 1392 543 1458 ἐννοιῶν,
576 1390 672 1444 καὶ
710 1391 810 1462 τήν
857 1389 1156 1462 Νεστορίου
1198 1389 1519 1445 δυσσέϐειαν
1560 1392 1724 1447 οίονεί
1756 1410 1872 1458 πως

289 1484 672 1555 πηγάζουσαν.
692 1482 1090 1555 Κατακρίνασα
1116 1482 1174 1538 δὲ
1200 1483 1328 1546 τοὺς
1349 1482 1493 1537 οὕτω
1510 1482 1868 1555 φρονοῦντας,

284 1574 663 1647 οἰκονομικῶς
685 1575 786 1629 οὐκ
812 1574 1192 1646 ἐμνημόνευσε
1205 1574 1301 1627 τοῦ
1326 1573 1541 1644 ἀνδρὸς,
1565 1575 1686 1629 οὐδὲ
1707 1575 1871 1632 αὑτὸν

286 1666 571 1739 ὑπέθηκεν
601 1666 864 1737 ὀνομαστὶ
889 1664 970 1735 τῷ
987 1664 1421 1737 ἀναθεματισμῷ
1444 1666 1514 1720 δι’
1536 1667 1868 1737 οἰκονομίαν,

1980 592 2114 632 vero
2148 576 2295 646 quod
2329 577 2384 632 in
2435 578 2761 647 conscriptis
2791 578 2912 647 ejus
2942 576 3252 633 invenimus
3300 576 3549 644 qumdam

1980 668 2190 724 nefarie
2232 668 2399 734 dicta,
2445 678 2502 726 et
2543 669 2729 723 nimia:
2774 669 2934 738 plena
2985 666 3361 736 blasphemiae,
3408 667 3547 721 nulli

1980 761 2211 817 dubium
2244 770 2328 817 est
2360 770 2509 816 recte
2558 760 2909 831 sapientium.
2963 758 3113 815 Sciat
3142 772 3274 813 vero
3307 767 3401 812 tua
3429 774 3549 813 san-

1978 853 2139 908 ctitas
2169 852 2339 923 quod,
2365 852 2572 923 prolata
2602 851 2746 922 apud
2769 860 3013 906 sanctam
3038 848 3306 921 synodum
3338 848 3549 917 exposi—

1979 947 2125 1001 tione
2157 946 2226 1001 ab
2254 960 2320 1001 eo
2344 944 2665 1015 composita,
2702 944 2845 999 sicut
2885 942 3143 998 dicebant
3174 941 3267 1012 qui
3299 940 3546 1010 protule-

1976 1047 2129 1103 runt,
2155 1036 2293 1092 nihil
2318 1051 2511 1091 sanum
2531 1035 2789 1101 habente,
2820 1034 3133 1105 rcprobavit
3162 1031 3385 1103 quidem
3420 1046 3543 1086 eam

1976 1136 2164 1185 sancta
2189 1127 2452 1199 synodus,
2495 1134 2686 1197 utpote
2703 1125 2978 1196 perversis
3003 1125 3221 1195 plenam
3244 1122 3541 1177 intellecti-

1976 1219 2101 1285 bus,
2131 1227 2189 1275 et
2220 1217 2617 1275 Nestorianam7
2638 1216 2973 1286 impietatem
3007 1215 3162 1285 quasi
3200 1213 3536 1269 efﬂuentem.

1973 1309 2072 1365 His
2103 1323 2234 1365 vero
2274 1307 2655 1365 condemnatis
2680 1306 2775 1377 qui
2807 1305 2889 1361 sic
2928 1306 3173 1375 sapiunt,
3205 1304 3410 1359 nullam
3437 1304 3542 1358 viri

1972 1404 2291 1460 memoriam
2317 1402 2519 1459 fecerat
2549 1401 2936 1473 dispensative,
2965 1415 3067 1455 nec
3092 1399 3269 1469 ipsum
3294 1398 3543 1453 nomina-

1973 1494 2071 1548 tim
2094 1492 2429 1548 anathemati
2453 1492 2687 1563 subjecit
2710 1498 2937 1562 propter
2957 1488 3445 1558 diSpensationcni,
3470 1501 3541 1541 ne

1970 1583 2195 1654 quidam
2236 1583 2303 1638 ad
2335 1582 2796 1638 existimationem
2838 1581 2944 1635 viri
2973 1580 3345 1650 respicientes,
3395 1593 3543 1633 sesc-

1971 1674 2121 1745 ipsos
2146 1675 2215 1730 ab
2244 1674 2509 1731 Ecclesiis
2532 1682 2808 1744 separent.
2829 1671 3176 1743 Dispensatio
3198 1684 3331 1724 vero
3363 1671 3418 1724 in
3451 1669 3541 1725 his

288 1759 384 1811 ἵνα
415 1758 497 1827 μή
522 1773 667 1820 τινες
685 1758 752 1826 τῇ
783 1755 1051 1827 ὑπολήψει
1083 1755 1180 1809 τοῦ
1197 1755 1393 1827 ἀνδρὸς
1429 1757 1868 1827 προσεσχηκότες

1969 1767 2176 1837 optima
2204 1781 2294 1823 res
2322 1775 2406 1821 est
2432 1774 2489 1821 et
2515 1765 2755 1834 sapiens.
2798 1764 2855 1819 Si
2901 1762 3049 1818 enim
3085 1762 3267 1817 adhuc
3302 1760 3359 1814 in
3397 1761 3541 1816 vivis

285 1848 646 1903 ἀποϐάλωσιν
679 1846 907 1911 ἑαυτοὺς
940 1846 1051 1901 τῶν
1092 1847 1447 1918 Ἐκκλησιῶν.
1490 1849 1557 1903 Ἦ
1575 1848 1633 1903 δὲ
1658 1850 1718 1905 ὲν
1741 1848 1866 1904 τού-

1969 1867 2135 1925 esset,
2169 1866 2227 1914 et
2253 1856 2489 1913 Nestorii
2518 1854 2981 1925 blasphemiarum
3000 1853 3200 1917 fautor,
3218 1860 3314 1905 aut
3336 1850 3540 1905 suffra-

268 1957 407 2003 ,τοις
448 1938 735 2009 οἰκονομία
763 1936 987 2007 ἄριστόν
1010 1954 1064 1990 τι
1094 1938 1286 2009 χρῆμα
1318 1939 1413 1994 καὶ
1437 1940 1623 2009 σοφόν.
1670 1940 1735 1993 Et
1765 1939 1866 2010 μὲν

284 2033 403 2102 γὰρ
427 2027 502 2101 ἦν
534 2031 595 2084 ὲν
624 2030 739 2093 τοῖς
767 2029 936 2095 ζῶσιν
967 2030 1069 2097 ἔτι,
1100 2029 1198 2082 καὶ
1224 2030 1486 2094 advortito:
1516 2025 1586 2103 ἦν
1612 2032 1737 2095 ταῖς
1760 2030 1864 2085 Ns-

285 2122 513 2193 στορίου
540 2120 896 2191 δυσφημίαις,
924 2120 958 2191 ἢ
977 2120 1359 2192 συναγορεύειν
1384 2121 1576 2192 ἦθελεν
1595 2115 1678 2186 οἷς
1698 2121 1867 2195 ἔγρα-

284 2216 394 2283 ψεν
440 2211 629 2277 αὐτὸς,
668 2211 939 2266 πέπονθεν
963 2212 1029 2267 ἂν
1057 2211 1154 2266 καὶ
1184 2212 1274 2267 τὸν
1300 2214 1381 2278 είς
1412 2210 1541 2268 ίδιον
1572 2213 1866 2284 πρόσωπον

288 2304 762 2375 ἁναθεματισμόν.
824 2302 1045 2375 Ἐπειδὴ
1088 2304 1147 2358 δὲ
1183 2304 1503 2376 ἀπεδήμησε
1536 2303 1674 2374 πρὸς
1709 2302 1864 2369 Θεὸν,

289 2398 476 2467 ἀρκεῖ,
509 2395 763 2465 καθάπερ
791 2388 1028 2466 ἐγῷμαι,
1058 2395 1130 2449 τά
1155 2395 1401 2459 ἐκτόπως
1440 2393 1592 2465 αὐτῷ
1620 2411 1867 2465 γεγραμ-

296 2487 437 2556 μένα
470 2485 831 2540 έκῧάλλεσθαι
857 2485 1013 2557 παρά
1046 2484 1157 2538 τῶν
1177 2483 1353 2555 ὀρθῶς
1382 2482 1616 2554 ἑχόντων
1660 2483 1759 2547 τὰς
1782 2482 1867 2536 δό-

293 2578 412 2643 ξας,
455 2578 547 2630 ὅτε
566 2578 694 2639 ταῖς
738 2575 907 2630 αὐτοῦ
946 2575 1406 2647 περιτυγχάνουσι
1436 2573 1660 2643 βίϐλοις,
1683 2574 1778 2628 καὶ
1805 2574 1869 2628 τὸ

294 2667 612 2737 περαιτέρω
629 2668 830 2738 χωρεῖν
851 2665 1096 2738 θορύὸων
1113 2665 1323 2721 ἔσθ’ὃτε
1342 2665 1519 2720 τίκτει
1539 2665 1864 2737 προφάσεις.

293 2757 408 2809 Καὶ
431 2756 555 2809 καθ’
582 2756 771 2828 ἕτερον
795 2756 851 2810 δὲ
878 2756 1079 2828 τρόπον
1111 2756 1647 2827 ἀναθεματισθεισῶν
1666 2758 1760 2811 καὶ
1782 2758 1868 2812 ὲκ-

295 2844 645 2917 6εελημένων
664 2847 774 2899 τῶν
786 2845 1084 2917 Νεστορίου
1108 2846 1448 2917 δυσφημιῶν,
1472 2846 1867 2920 πνεκόέὸλην-

297 2954 389 2990 ται
420 2936 520 2989 καὶ
540 2937 615 2989 τά
643 2938 858 2991 ἐκείνου
896 2936 1159 3007 πλείστην
1191 2937 1384 3008 ἔχοντα
1412 2938 1549 3009 πρὸς
1571 2938 1743 3009 ταῦτα
1770 2937 1868 3008 τὴν

301 3028 650 3095 συγγένειαν.
678 3029 744 3082 Εἰ
787 3029 888 3099 μὲν
928 3023 1023 3083 οὖν
1057 3028 1228 3101 ἔδρων
1270 3028 1431 3084 τοῦτο
1458 3029 1725 3104 ἀμελλητὶ
1757 3029 1869 3084 τῶν

294 3117 440 3171 κατά
461 3117 565 3188 τὴν
592 3116 737 3189 ὲῷαν
752 3119 918 3185 τινες,
948 3120 1043 3174 καὶ
1059 3120 1249 3175 οὐδένα
1269 3119 1495 3192 θόρυϐον
1520 3116 1590 3193 ἦν
1613 3120 1866 3175 ἐντεῦθεν

291 3210 625 3282 προαδοκᾷν,
658 3210 795 3281 ἔφην
831 3208 921 3277 ἀν,
953 3210 1037 3264 ὅτι
1082 3210 1145 3265 τὸ
1174 3210 1379 3266 λυποῦν
1420 3210 1571 3266 οὐδὲν
1616 3212 1867 3267 ἀπαιτεῖ-

291 3299 422 3352 σθαι
454 3298 557 3352 νῦν
606 3298 759 3373 τοῦτο
808 3299 905 3352 καὶ
939 3298 1232 3370 ἐγγράφως
1280 3298 1499 3364 αὐτούς.
1549 3301 1614 3354 Εἰ
1664 3300 1744 3367 δὲ,
1789 3300 1867 3365 ὡς

291 3389 508 3460 γράφει
552 3391 584 3443 ό
619 3388 802 3461 κύριός
850 3406 955 3457 μου
1002 3391 1031 3444 ό
1076 3389 1372 3456 ὁσιώτατος
1417 3391 1718 3456 ἐπίσκοπος
1764 3393 1867 3464 τῆς

300 3480 634 3551 ’Δντιοχέων
680 3480 935 3551 Ἰωάννης
952 3520 969 3547 ,
1009 3480 1218 3535 ἕλοιντο
1262 3482 1330 3537 ἂν
1368 3482 1571 3552 μᾶλλον
1613 3482 1866 3551 γενέσθαι

298 3574 691 3642 πυρίκαυστοι,
712 3573 747 3643 ἢ
769 3571 973 3644 πρᾶξαί
992 3587 1047 3625 τι
1068 3572 1328 3627 τοιοῦτον·
1349 3574 1438 3628 ἵνα
1457 3572 1510 3626 τί
1534 3573 1709 3643 φλόγα
1732 3590 1864 3627 κατι-

290 3663 658 3718 ευνασθεῖσαν
706 3663 1177 3737 ἀναρριπίζομεν,
1222 3664 1319 3718 καὶ
1356 3664 1739 3735 παυσαμένους
1771 3666 1865 3720 θο-

293 3754 493 3824 ρύσους
518 3753 969 3826 ἀνασκαλεύομεν
1004 3755 1105 3808 οὐκ
1129 3753 1423 3825 εὐκαίρως,
1458 3754 1535 3826 μή
1574 3755 1708 3809 ποτέ
1749 3771 1866 3819 πως

294 3846 357 3898 τά
396 3847 613 3915 ἔσχατα
652 3844 868 3916 χείρονα
902 3845 1012 3900 τῶν
1039 3846 1272 3918 πρώτων
1295 3846 1519 3918 εὐρεθῇ;
1552 3845 1663 3900 Καὶ
1692 3845 1867 3901 ταῦτά

293 3956 435 4008 φημι
472 3936 682 4007 σφὰδρα
716 3937 816 4007 μὲν
855 3938 1128 4009 ἐπιτιμῶν
1157 3937 1241 4002 οἷς
1284 3938 1560 4010 γέγραφεν
1603 3940 1631 3993 ό
1659 3955 1867 4010 μνημο·

289 4029 501 4090 νευθεὶς
531 4028 830 4098 Θεόδωρος,
874 4028 1226 4101 ὑφορώμενος
1267 4030 1328 4083 δὲ
1364 4030 1489 4094 τοὺς
1518 4031 1664 4102 παρά
1705 4047 1867 4085 τινων

291 4121 590 4190 ἐσομένους
619 4120 715 4174 ἐπὶ
739 4120 819 4191 τῷ
848 4122 1137 4193 πράγματι
1166 4121 1429 4194 θορύϐους
1450 4138 1466 4155 ·
1500 4125 1575 4194 μὴ
1607 4124 1715 4193 ἄρα
1750 4140 1867 4188 πως

293 4215 357 4266 τὰ
381 4213 690 4284 Νεστορίου
724 4213 940 4286 θρηνεῖν
958 4214 1229 4286 ἄρξωνται
1258 4233 1402 4280 τινες
1426 4217 1867 4287 κατεσκευασμέ-

1966 1949 2081 2019 gari
2115 1948 2281 2004 vellet
2301 1946 2370 2004 iis
2400 1961 2521 2017 qua:
2553 1945 2775 2016 scripsit
2800 1944 2938 2015 ipse,
2968 1943 3257 1999 anathema
3279 1942 3443 1997 etiam
3481 1941 3538 1995 in

1965 2041 2186 2111 propria
2215 2054 2451 2111 persona
2480 2038 2757 2096 subiisset.
2786 2036 3055 2104 Quoniam
3082 2050 3215 2090 vero
3246 2034 3314 2087 ad
3366 2033 3539 2088 Deum

1966 2130 2123 2195 abiit,
2160 2129 2380 2197 sufﬁcit,
2418 2139 2479 2185 ut
2504 2145 2606 2201 ego
2626 2139 2783 2201 puto,
2806 2144 2869 2185 ea
2901 2142 3022 2198 quae
3055 2125 3291 2180 absurde
3314 2123 3384 2178 ab
3418 2122 3540 2193 ipso

1964 2222 2174 2293 scripta
2206 2231 2336 2278 sunt
2382 2222 2536 2294 rejici
2578 2223 2648 2278 ab
2682 2221 2752 2277 iis
2796 2221 2891 2291 qui
2936 2227 3085 2275 recte
3114 2215 3379 2280 sentiunt,
3409 2228 3536 2270 cum

1967 2312 2056 2378 iis,
2105 2313 2201 2383 qui
2247 2313 2305 2368 in
2347 2314 2522 2385 ipsius
2560 2314 2735 2370 libros
2783 2313 3053 2377 incidunt,
3096 2310 3263 2365 etiam
3305 2306 3541 2363 ulterius

1967 2402 2225 2471 progredi
2241 2404 2576 2459 tumultuum
2590 2404 2909 2460 occasiones
2923 2415 3319 2471 nonnunquam
3339 2396 3535 2469 pariat.

1967 2491 2037 2547 Et
2058 2507 2158 2562 per
2172 2494 2338 2549 alium
2363 2498 2495 2552 vero
2515 2496 2738 2552 modum
2765 2493 3242 2551 anathematizatis
3262 2501 3321 2548 et
3346 2490 3540 2563 ejectis

1965 2582 2204 2640 Nestorii
2255 2586 2631 2658 blasphemiis,
2682 2603 2792 2643 una
2836 2602 2964 2642 cum
3007 2585 3091 2641 eis
3117 2585 3289 2655 ejecta
3327 2588 3541 2637 suntet

1968 2688 2089 2744 quae
2127 2675 2277 2733 illius
2306 2685 2456 2743 sunt,
2483 2678 2775 2747 plurimam
2801 2676 3062 2731 habentia
3095 2675 3163 2730 ad
3197 2674 3302 2728 ista
3338 2686 3541 2727 conso-

1968 2764 2233 2820 nantiam.
2277 2766 2347 2821 Et
2375 2768 2423 2822 si
2454 2767 2678 2837 quidam
2730 2767 2837 2822 hoc
2882 2774 3109 2836 agerent
3160 2763 3539 2818 indubitanter

1967 2870 2067 2926 per
2116 2855 2397 2913 Orientem
2421 2897 2439 2923 ,
2489 2859 2813 2929 nullumque
2851 2864 3004 2914 esset
3059 2855 3355 2911 tumultum
3411 2852 3538 2908 inde

1973 2951 2467 3020 sperare,dicerem
2486 2949 2677 3020 utique
2701 2950 2912 3004 nullum
2921 2962 3042 3004 esse
3059 2945 3535 3017 impedimentum,

1968 3061 2118 3104 nunc
2149 3045 2291 3116 exigi
2305 3059 2402 3101 eos
2428 3043 2666 3113 etiamin
2692 3040 2910 3112 scriptis
2937 3041 3044 3095 hoc
3066 3039 3267 3094 facere.
3294 3036 3353 3092 Si
3381 3050 3537 3099 vero,

1970 3141 2113 3197 sicut
2142 3137 2337 3194 scribit
2360 3135 2618 3191 dominus
2644 3148 2801 3188 meus
2828 3129 3205 3188 sanctissimus
3248 3128 3540 3199 episcopus

1970 3229 2277 3288 Antiochia:
2300 3228 2558 3291 Joannes,
2585 3224 2789 3295 eligant
2828 3222 3020 3293 utique
3045 3218 3219 3291 magis
3250 3214 3536 3278 comburi,

1964 3338 2130 3395 quam
2179 3318 2387 3391 aliquid
2421 3316 2695 3389 ejusmodi
2734 3318 3025 3386 peragere;
3058 3326 3230 3383 quare
3261 3308 3538 3363 flammam

1964 3415 2202 3486 sopitam
2252 3410 2669 3475 resuscitamus,
2724 3406 3053 3475 sedatosque
3114 3402 3382 3458 tumultus
3427 3415 3539 3453 non

1964 3514 2274 3578 opportune
2292 3515 2719 3564 commovcmus,
2739 3514 2808 3553 ne
2835 3497 3062 3552 forsitan
3079 3506 3319 3563 unquam
3345 3489 3539 3545 ultima

1963 3597 2156 3670 primis
2177 3597 2363 3667 pejora
2391 3590 2745 3647 inveniantur
2762 3589 2785 3642 ?
2802 3589 2871 3642 Et
2885 3587 3002 3641 hate
3017 3584 3162 3647 dico,
3180 3581 3538 3636 vehementer

1964 3669 2185 3758 quidem
2233 3686 2524 3753 increpans
2573 3695 2696 3750 quae
2736 3676 2957 3747 scripsit
2989 3679 3323 3730 memoratus
3353 3669 3537 3724 Theo-

1965 3780 2155 3843 dorus,
2189 3776 2389 3832 timens
2435 3787 2567 3827 vero
2606 3770 2821 3825 futuros
2858 3783 2890 3822 a
2939 3762 3267 3837 quibusdam
3313 3769 3539 3831 propter

1963 3884 2089 3927 eam
2108 3882 2225 3923 rem
2255 3864 2545 3928 tumultus,
2571 3877 2642 3917 ne
2671 3859 2901 3916 forsitan
2920 3858 3106 3927 aliquo
3133 3853 3296 3909 modo
3324 3867 3387 3907 ea
3416 3866 3539 3922 qua:

1964 3958 2205 4017 Nestorii
2242 3964 2394 4020 sunt,
2427 3954 2614 4025 lugere
2663 3950 2886 4021 quidam
2921 3945 3204 4004 coloratim
3249 3943 3536 4013 incipiant,

1965 4048 2269 4106 secundum
2320 4045 2456 4101 illud
2508 4040 2654 4114 quod
2698 4038 2902 4095 alicubi
2933 4052 2962 4092 a
2996 4043 3159 4107 poeta
3202 4032 3410 4087 dictum
3453 4038 3540 4085 est

1965 4137 2109 4207 apud
2141 4136 2299 4206 201
2346 4134 2584 4198 Graecos,
2614 4128 2761 4201 quod
2797 4126 3086 4183 occasione
3125 4122 3361 4180 Patrocli
3408 4136 3541 4176 suas

1968 4227 2308 4283 calamitates
2340 4235 2680 4293 unaquaeque
2728 4218 2969 4288 lugebat.
3011 4214 3069 4270 Si
3097 4212 3262 4285 igitur
3288 4211 3407 4265 hate
3433 4216 3539 4262 tuae

294 4322 420 4367 νως,
453 4304 577 4358 κατ’
609 4305 787 4358 ἐκεῖνό
814 4322 919 4358 που
947 4306 1008 4358 τὸ
1041 4306 1332 4377 εἰρημένον
1364 4306 1444 4378 τῷ
1472 4308 1601 4378 παρ’
1640 4307 1866 4378 Ἕλλησι

1972 4315 2248 4373 sanctitati
2277 4310 2773 4385 placent,indicare
2791 4306 3054 4378 digneris,
3085 4299 3540 4359 utcommunibus

294 4398 514 4466 ποιητῇ,
546 4396 860 4467 Πάτροκλον
896 4397 1192 4469 πρόφασιν,
1237 4399 1387 4468 σφῶν
1417 4399 1461 4453 δ’
1489 4398 1673 4453 αὐτῶν
1714 4398 1865 4468 κήδε’

292 4488 521 4557 ἑκάστη.
554 4488 655 4541 ’Ἂν
680 4487 861 4543 τοίνυν
888 4490 1203 4563 συναρέσκῃ
1226 4489 1400 4544 ταῦτα
1413 4493 1479 4561 τῇ
1502 4492 1570 4561 σῇ
1599 4490 1866 4561 ὁσιότητι,

295 4578 532 4646 μηνῦσαι
562 4579 920 4650 καταξίωσον,
946 4580 1034 4636 ἵνα
1063 4583 1157 4635 καὶ
1183 4582 1348 4653 κοινῷ
1372 4581 1661 4655 γράμματι
1691 4599 1866 4638 κατα-

294 4670 484 4740 σταλῇ.
528 4671 767 4725 Δυνατδν
807 4673 917 4744 γὰρ
965 4674 1058 4727 καὶ
1089 4677 1201 4738 τοίς
1243 4673 1414 4729 ταῦτα
1457 4675 1717 4746 αἰτήσασι
1766 4674 1866 4745 τὴν

290 4761 608 4832 οἰκονομίαν
654 4764 1044 4836 ἀφηγήσασθαι
1078 4766 1176 4821 τοῦ
1217 4768 1563 4840 πράγματος,
1589 4768 1777 4822 πεῖσαί
1802 4784 1865 4821 τε

293 4852 492 4917 αὐτοὺς
530 4854 761 4926 ἠρεμεῖν
798 4857 1014 4912 ἑλέσθαι
1047 4858 1270 4930 μᾶλλον,
1315 4861 1411 4915 καὶ
1457 4860 1533 4931 μὴ
1568 4858 1865 4914 σκανδάλου

293 4946 567 5015 πρόφασιν
584 4951 708 5014 ταῖς
740 4949 1091 5021 Ἐκκλησίαις
1112 4954 1388 5022 γενέσθαι.
1404 4953 1680 5026 Πέπομφα
1694 4955 1750 5009 δὲ
1771 4954 1866 5009 καὶ

294 5034 350 5084 τὸ
377 5035 494 5089 ίσον
535 5037 646 5091 τῶν
684 5040 1005 5110 γραφέντων
1051 5040 1189 5113 πρὸς
1224 5041 1327 5112 ἐμὲ
1360 5040 1511 5113 παρά
1545 5040 1641 5094 τοῦ
1671 5041 1863 5110 κυρίου

1965 4404 2166 4462 litteris
2191 4403 2540 4459 mandentur.
2584 4402 2773 4457 Potest
2797 4398 2946 4453 enim
2985 4394 3152 4451 etiam
3181 4394 3250 4448 iis
3281 4391 3377 4462 qui
3423 4390 3541 4444 hate

1967 4497 2264 4569 petierunt,
2297 4492 2634 4567 dispensatio
2654 4491 2733 4546 rei
2756 4487 3023 4552 enarrari,
3046 4485 3286 4556 ipsisque
3312 4494 3537 4569 persuaf

1967 4567 2086 4645 deri
2134 4595 2195 4643 ut
2226 4588 2515 4658 quiescere
2549 4584 2765 4649 malint,
2802 4594 2965 4651 quam
3009 4574 3270 4632 Ecclesiis
3296 4567 3538 4627 scandali

1966 4677 2310 4733 occasionem
2355 4674 2621 4745 prmbere.
2657 4668 2777 4726 Misi
2828 4676 3011 4723 autem
3054 4663 3220 4721 etiam
3259 4658 3538 4728 exemplar

1964 4782 2155 4825 eorum
2208 4782 2330 4837 qua:
2373 4781 2404 4821 a
2453 4764 2677 4819 domino
2723 4776 2847 4817 meo
2889 4755 3235 4815 sanctissimo
3278 4751 3540 4821 episcopo

1967 4862 2175 4918 Joanne
2202 4858 2270 4913 ad
2304 4873 2393 4912 me
2422 4857 2627 4927 scripta
2668 4863 2815 4911 sunt.
2845 4850 3001 4920 Quod
3028 4863 3153 4904 cum
3192 4843 3386 4916 legerit
3409 4856 3537 4896 san-

1966 4951 2128 5009 ctitas
2156 4960 2269 5016 tua,
2300 4948 2533 5020 accipiet
2579 4948 2805 5004 omnino
2845 4943 3189 5002 occasionem
3241 4936 3310 4993 ad
3357 4935 3536 5005 ipsum

1967 5051 2369 5115 argumentum.

296 5142 396 5195 μου
426 5127 521 5181 τοῦ
563 5131 862 5188 όσιωτάτου
910 5132 1210 5189 ἐπισκόπου
1248 5133 1514 5191 Ἰωάννου.
1548 5127 1618 5205 ᾯ
1656 5134 1749 5189 καὶ
1785 5135 2083 5207 ἐντυχοῦσα
2119 5138 2153 5209 ή
2182 5136 2248 5210 σὴ
2292 5136 2506 5209 ὁσιότης
2548 5136 2762 5204 δέξεται
2812 5131 3029 5197 πάντως
3084 5122 3363 5199 ὀφθαλμδν
3400 5129 3427 5159 ”
3458 5121 3539 5186 είς

297 5216 389 5287 τὴν
417 5220 702 5281 ὑπόθεσιν.

1383 5377 1557 5436 Variae
1589 5378 1852 5438 lectiones
1872 5379 2081 5438 codicis
2110 5381 2479 5454 chuicriani.

369 5536 405 5565 ιι
434 5531 871 5602 προενεγκόντες.
952 5544 977 5573 ι)
1012 5535 1095 5589 ίσ.
1123 5533 1395 5606 ἀφορμήν.
