4044 6212
516 320 619 374 3.ιῖ

1548 324 1604 378 S.
1643 320 1920 377 CYRlLLI
1958 320 2429 392 ALEXANka
2468 327 2782 384 ARClllEP.

3662 331 3790 393 ΜΒ

2128 485 2200 500 -ιο

1847 566 2185 628 EPISTOLA
2224 567 2460 623 LXXIII.

1481 687 1731 731 BABBllLA-I
1764 693 2000 736 EPISCOPI
2031 695 2280 736 EDESSENI
2318 697 2384 758 an
2411 695 2674 736 cvnILLun
2710 678 2808 751 (Ι).

513 788 797 856 Rubbulas,
856 791 948 862 qui
999 790 1120 866 jam
1172 800 1294 846 ante
1357 789 1559 864 aliquot
1617 810 1784 848 annos
1845 810 2049 850 errores
2088 795 2341 850 Theodori
2370 795 3099 860 anatlzemotizauerahhanc
3158 794 3564 856 damnationem
3597 798 3785 854 iterat.

1092 910 1250 966 Deest
1284 910 1519 963 initium.

579 1004 703 1058 Jam
724 1017 856 1059 vero
882 1001 1108 1072 quidam
1145 1001 1412 1057 unitatem
1449 1000 1754 1059 secundum
1782 1000 2093 1056 subsisten-

513 1095 644 1150 tiam
673 1095 932 1150 omnibus
953 1094 1133 1148 modis
1158 1094 1436 1150 abdicant.
1466 1093 1692 1150 Morbus
1718 1092 1869 1148 enim
1896 1092 2096 1161 aliquis

511 1187 797 1244 sublatens
833 1185 1163 1242 inveteravit
1187 1184 1425 1251 Orienti,
1469 1184 1894 1242 immedicabilis
1932 1183 2097 1240 modo

511 1278 760 1333 vulneris
801 1278 1105 1348 depascens
1148 1277 1410 1334 Ecclesiae
1455 1292 1677 1346 corpus,
1725 1285 1783 1332 et
1826 1276 2097 1346 plurimos

510 1370 738 1440 quidem
773 1371 973 1435 latens,
1019 1369 1170 1438 apud
1204 1377 1393 1424 autem
1414 1369 1574 1439 quasi
1601 1368 1898 1434 studiosos,
1924 1377 1981 1423 et
2002 1383 2096 1423 su-

511 1462 742 1532 percilia
776 1461 1102 1517 extollentes
1129 1461 1466 1525 eruditione,
1495 1461 1734 1516 latenter
1772 1461 2092 1518 honoratus.

513 1557 819 1626 EpiscOpus
859 1556 1009 1609 enim
1051 1555 1276 1625 quidam
1311 1555 1608 1625 provinciae
1638 1554 1875 1612 Cilicum
1913 1554 2095 1610 Theo-

512 1647 702 1711 dorus,
726 1647 812 1702 vir
839 1647 1158 1703 verisimilis
1177 1647 1423 1714 dicendi,
1445 1656 1503 1703 et
1522 1646 2095 1717 potenspersuadere,

512 1740 622 1794 alia
655 1741 880 1810 quidem
909 1753 1076 1808 super
1097 1739 1359 1796 tribunali
1381 1739 1631 1796 ecclesia:
1662 1739 1850 1794 statim
1877 1737 2098 1795 dicebat

511 1831 581 1885 ad
622 1831 809 1901 populi
854 1831 1205 1901 placentiam,
1235 1829 1374 1886 alios
1419 1837 1606 1886 autem
1644 1829 1870 1898 laqueos
1907 1827 2096 1898 perdi-

511 1923 681 1978 tionis
729 1923 782 1978 in
831 1923 1053 1993 scriptis
1099 1923 1358 1992 ponebat,
1405 1922 1512 2003 qui.
1547 1921 1606 1977 in
1645 1921 1934 1992 principiis
1958 1936 2096 1991 quo.

513 2015 763 2070 rumdam
789 2017 909 2087 ejus
946 2016 1202 2071 codicum
1241 2015 1588 2071 anathemate
1628 2012 2100 2071 circumcludebat

513 2107 899 2178 inspicientem
928 2124 1038 2164 non
1069 2109 1420 2166 manifestare
1445 2107 1569 2162 aliis
1593 2107 1798 2176 scripta
1828 2106 1952 2161 ista.
1980 2104 2100 2160 Pri-

2123 916 2171 974 Α.
2197 920 2285 970 est
2323 911 2392 968 de
2421 911 2811 967 bumanatione
2838 927 2856 964 :-
2878 924 2984 964 nec
3031 909 3180 965 enim
3225 909 3423 972 dicunt
3471 913 3789 968 secundum

2197 1005 2585 1068 substantiam,
2623 1005 2713 1062 vel
2751 1002 3057 1060 secundum
3102 1002 3520 1062 subsistentiam
3552 1005 3634 1078 (2)
3660 1009 3794 1068 uni-

2198 1106 2318 1153 tum
2346 1111 2469 1152 esse
2497 1097 2610 1152 Deo
2637 1095 2821 1152 Verbo
2843 1094 3157 1162 hominem;
3193 1095 3290 1151 sed
3319 1095 3468 1150 bona
3496 1097 3792 1160 voluntate

2188 1188 2453 1259 quadam,
2499 1196 2764 1257 tanquam
2807 1186 2994 1243 divina
3033 1192 3230 1244 natura
3280 1201 3394 1242 non
3440 1189 3792 1258 suscipiente

2197 1281 2433 1336 alterum
2463 1279 2692 1334 modum
2708 1278 2940 1333 unitatis
2959 1285 3189 1347 propter
3211 1293 3323 1333 non
3345 1277 3789 1350 circumscripti-

2197 1370 2329 1426 bile.
2376 1370 2484 1425 Iste
2528 1377 2590 1425 et
2609 1369 2912 1424 Dominum
2958 1378 3213 1425 nostrum
3259 1368 3446 1430 Iesum
3494 1369 3788 1429 Christum

2198 1460 2338 1516 dixit
2359 1475 2471 1514 non
2510 1466 2771 1529 oportere
2789 1458 3009 1514 adorari
3047 1459 3193 1514 sicut
3213 1459 3526 1527 Douninum,
3555 1461 3652 1518 sed
3686 1477 3787 1517 re-

2196 1551 2401 1606 latione
2448 1550 2568 1616 Dci,
2608 1549 2867 1605 honorari
2916 1549 3060 1606 sicut
3110 1551 3404 1622 imaginem
3443 1553 3786 1622 quamdam;

2197 1642 2372 1714 magis
2392 1650 2578 1698 autem
2601 1642 2949 1698 manifestius
2967 1643 3273 1698 secundum
3293 1658 3390 1698 eos
3411 1643 3618 1708 dicere,
3636 1644 3792 1699 sicut

2198 1737 2372 1791 instar
2394 1735 2604 1805 aliquid
2633 1735 2903 1792 relatione
2927 1736 3222 1792 assidentis
3264 1736 3548 1794 daemonis.
3578 1736 3686 1792 lsto
3729 1745 3794 1791 et

2198 1843 2420 1884 carnem
2447 1827 2666 1882 Domini
2692 1827 3073 1898 pronuntiavit
3093 1827 3230 1884 nihil
3249 1829 3480 1884 omnino
3491 1828 3792 1899 prodesse,

2198 1919 2472 1989 dissipans
2489 1919 2705 1974 Domini
2736 1934 2950 1984 vocem,
2979 1933 3101 1989 quae
3128 1927 3214 1974 est
3238 1936 3252 1974 :
3287 1938 3304 1971 ι
3332 1918 3473 1978 Caro
3496 1920 3633 1974 nihil
3658 1934 3799 1988 pro-

2198 2012 2322 2067 dest
2342 2011 2408 2065 “.
2441 2030 2460 2063 ι
2505 2010 2615 2066 iste
2658 2018 2716 2067 et
2756 2012 3067 2081 apostolum
3113 2011 3250 2066 dicit
3293 2026 3405 2066 non
3461 2011 3797 2082 cognovisse

2197 2103 2477 2160 Christum
2503 2103 2651 2173 quod
2677 2103 2824 2158 Deus
2849 2111 2990 2169 erat,
3022 2101 3119 2160 sed
3149 2118 3316 2173 supra
3355 2103 3516 2158 fidem
3544 2119 3667 2172 qua:
3697 2115 3796 2159 est

513 2213 664 2252 um
689 2200 964 2269 exposuit,
999 2215 1110 2254 non
1139 2214 1263 2254 esse
1288 2213 1418 2254 vere
1458 2199 1556 2254 Dei
1597 2197 1935 2254 Genitrieem
1973 2212 2098 2253 san-
2132 2261 2171 2269 _
2201 2196 2258 2251 in
2283 2194 2526 2260 homine,
2551 2194 2872 2250 aedificatam
2903 2209 3024 2250 esse
3046 2194 3346 2250 Ecclesiam
3369 2195 3440 2249 ".
3473 2195 3551 2250 De
3573 2195 3796 2265 gehen-

511 2297 655 2344 ctam
689 2261 990 2362 Virginem,
1013 2299 1272 2360 tanquam
1301 2291 1414 2345 Deo
1441 2289 1623 2346 Verbo
1642 2305 1754 2344 non
1767 2261 2176 2360 suscipiente.B
2207 2301 2278 2342 na
2311 2286 2407 2346 hic
2432 2285 2884 2346 ratiocinationes
2926 2299 3121 2340 eorum
3169 2300 3284 2340 non
3327 2293 3414 2339 est
3461 2261 3640 2340 tutum
3687 2300 3798 2354 per

510 2383 815 2438 secundum
837 2398 939 2439 nos
960 2383 1325 2439 nativitatem.
1357 2383 1474 2438 Hoc
1491 2397 1668 2452 usque
1693 2381 1877 2438 adhuc
1896 2381 2096 2447 latens,
2209 2376 2423 2432 litteras
2472 2375 2802 2445 significare.
2860 2374 2955 2429 isti
3006 2382 3138 2430 sunt
3187 2374 3432 2434 thesauri
3489 2375 3798 2444 impietatis

510 2489 581 2529 ne
603 2482 846 2545 tempore
863 2477 1136 2546 ampliore
1157 2475 1543 2530 conﬁrmatum
1567 2475 1766 2529 fortius
1785 2479 2099 2544 putaretur,
2200 2482 2396 2524 eorum
2447 2467 2652 2537 quibus
2696 2466 3021 2537 jamdudum
3073 2467 3312 2524 latenter
3354 2466 3697 2531 fruebantur,
3737 2476 3800 2522 et

510 2567 815 2622 secundum
835 2566 1225 2641 judiciumDei
1253 2568 1459 2623 oblitus
1480 2566 1766 2622 Nostorius
1785 2579 1942 2620 novae
1962 2560 2100 2618 inei-
2200 2561 2414 2626 volunt,
2447 2559 2491 2615 si
2517 2559 2780 2629 possibile
2805 2567 2911 2626 est,
2942 2574 3118 2631 usque
3149 2560 3218 2614 ad
3247 2558 3412 2615 linem
3451 2559 3798 2615 obumbrare

509 2658 684 2716 sionis
701 2668 895 2716 auctor
911 2660 1234 2731 publicavit.
1257 2659 1524 2731 Sequitur
1539 2667 1724 2716 autem
1745 2659 1854 2716 hoc
1871 2664 1929 2712 et
1949 2650 2102 2726 quod
2203 2653 2463 2708 timentes
2487 2651 2608 2721 pias
2632 2666 2794 2707 aures
2822 2651 3030 2722 populi.

2110 2791 2179 2807 .-

1719 2877 2058 2941 EPISTOLA
2096 2883 2311 2940 LXXIV
2351 2881 2444 2954 (οι.
2487 2880 2622 2952 LV).

1561 3018 1770 3060 omum!
1806 3019 1873 3057 AD
1900 3018 2174 3058 RABBULAM
2203 3015 2502 3059 ‘EPISCOPUM
2530 3014 2761 3059 EDESSE.

1363 3117 1497 3187 Ejus
1523 3117 1783 3186 fervorem
1809 3118 1866 3171 in
1885 3133 2050 3172 causa
2072 3116 2196 3186 ﬁdei
2229 3117 2412 3172 multis
2442 3117 2688 3171 laudibus
2713 3114 2938 3171 extollit.

588 3224 666 3281 Ad
698 3225 1184 3296 incomparabilem
1221 3229 1514 3298 quamdam
1545 3230 1906 3295 alacritatem,
1947 3239 2003 3286 ct
2032 3231 2099 3286 ad
2209 3238 2302 3286 tua
2329 3229 2608 3301 Splenduit
2636 3228 2919 3294 sanctitas,
2942 3227 3217 3300 praecipue
3234 3237 3419 3285 autem
3440 3228 3622 3294 modo,
3648 3229 3797 3286 facta

515 3319 996 3390 inexpugnabilem
1021 3319 2101 3378 confidentiamnostrasexcitatanimas
2207 3322 2468 3401 omnibus
2518 3319 2888 3378 orientalibus
2945 3320 3198 3376 columna
3261 3330 3318 3376 et
3370 3320 3789 3377 fundamentum

514 3412 954 3482 sapientissimus
985 3415 1188 3469 Paulus
1209 3455 1224 3480 ,
1280 3414 1361 3470 sic
1405 3415 1656 3470 scribens
1691 3432 1704 3468 :
1741 3435 1758 3466 ε
1816 3415 1950 3482 Quis
2001 3431 2103 3471 nos
2132 3446 2176 3507 ο
2207 3414 2458 3471 veritatis
2489 3413 2558 3478 ⁸ο,
2588 3420 2645 3468 et
2666 3412 2811 3468 sicut
2836 3412 3132 3483 quemdam
3160 3411 3481 3482 pestiferum
3511 3413 3800 3482 expellens

516 3505 795 3575 separabit
829 3521 858 3559 a
882 3505 1153 3562 cbaritate
1181 3505 1755 3562 Christi?Tribulatio
1777 3549 1790 3573 ,
1829 3523 1896 3561 an
1929 3523 2103 3578 angu-
2143 3503 2175 3507 θ’
2206 3509 2484 3573 morbum,
2521 3521 2676 3561 nova:
2725 3514 2782 3560 et
2820 3503 3204 3560 abominandae
3248 3503 3519 3560 haereseos
3550 3504 3796 3560 Nestorii

497 3594 650 3661 'stia,
689 3612 756 3651 an
802 3597 1148 3667 persecutio,
1181 3613 1249 3652 an
1281 3596 1484 3662 fames,
1519 3613 1586 3652 an
1622 3597 1871 3662 nuditas,
1912 3613 1978 3652 an
2012 3613 2107 3668 pe—
2203 3589 2776 3670 blasphemiam.Nam
2802 3595 3054 3668 procedit
3078 3595 3300 3667 quidem
3316 3611 3382 3651 ex
3410 3596 3583 3650 altera
3605 3596 3798 3652 radice

516 3688 783 3751 riculum,
828 3693 897 3742 an
949 3689 1162 3759 gladius
1184 3689 1273 3741 “t
1305 3708 1323 3741 ι
1371 3688 1519 3745 Nihil
1559 3690 1706 3744 enim
1757 3690 2105 3746 intolerabile
2165 3693 2377 3766 .(illius
2396 3691 2519 3746 dico
2554 3690 2650 3761 qui
2686 3689 2754 3744 de
2787 3687 2983 3745 Cilicia
3010 3687 3153 3759 erat)
3181 3687 3285 3743 ista
3313 3688 3568 3759 impietas
3603 3705 3615 3741 :
3644 3688 3802 3744 arbi-

515 3788 603 3836 cst
645 3781 728 3835 eis
779 3781 874 3851 qui
920 3780 1155 3837 firmiter
1223 3782 1371 3852 apud
1420 3797 1478 3837 se
1529 3789 1778 3836 statuunt
1825 3790 2104 3836 certamen
2202 3792 2379 3840 tratus
2409 3798 2541 3838 vero
2569 3789 2674 3850 est,
2713 3780 2861 3854 quod
2896 3779 3109 3835 tenebit
3134 3779 3328 3835 orbem
3357 3789 3628 3835 terrarum
3661 3796 3799 3850 pro~

519 3871 646 3926 fidei
680 3881 918 3938 certare,
945 3888 1168 3928 cursum
1189 3872 1481 3944 perﬁcere,
1507 3875 1670 3930 ﬁdem
1688 3889 1928 3939 scrvare,
1959 3881 2020 3928 ut
2046 3881 2102 3929 et
2205 3884 2329 3952 pter
2358 3874 2660 3947 potentiam
2688 3871 2876 3928 nescio
2915 3871 3194 3943 quomodo
3224 3871 3305 3926 illi
3341 3871 3544 3927 datam.
3587 3871 3799 3943 Rapuit

519 3963 951 4033 incorruptionis
994 3973 1312 4020 mercantur
1359 3981 1621 4022 coronam
1671 3968 1739 4022 ⁸³.
1778 3966 1932 4023 Sicut
1969 3981 2100 4022 vero
2206 3969 2354 4025 enim
2383 3968 2570 4024 sedem
2593 3966 2970 4033 fortissimam,
3001 3975 3058 4022 et
3079 3965 3258 4022 factus
3273 3972 3356 4022 est
3385 3966 3544 4022 cibus
3565 3965 3796 4020 draconi

519 4053 788 4109 sollicitos
813 4053 1021 4124 Optime
1068 4057 1400 4127 gubernare,
1433 4059 1544 4112 non
1577 4057 1635 4111 in
1679 4057 1974 4113 serenitate
1999 4071 2099 4112 na-

518 4143 724 4215 vigare,
769 4145 865 4201 sed
912 4145 967 4200 in
1023 4154 1347 4217 tempestate
1399 4164 1561 4219 posse
1611 4163 1802 4203 navem
1855 4161 2099 4211 servare,

519 4235 944 4306 probatissimos
970 4239 1214 4294 declarat
1239 4259 1252 4294 :
1287 4241 1366 4298 sic
1393 4243 1562 4296 etiam
1590 4241 1815 4296 sortitos
1839 4239 2102 4294 Ecclesiis

521 4329 839 4399 prmsidere,
884 4347 994 4386 non
1033 4333 1350 4388 omnimodo
1387 4350 1573 4388 rerum
1613 4334 1883 4389 serenitas
1923 4332 2103 4385 claros

521 4415 896 4490 demonStrat;
931 4424 1103 4495 magis
1132 4441 1263 4480 vero
1294 4426 1519 4481 solertia
1542 4425 1596 4479 in
1625 4422 2098 4486 tribulationibus,

520 4527 577 4568 et
606 4511 892 4581 fortitudo,
923 4525 979 4572 et
1021 4517 1309 4588 patientia,
1351 4527 1406 4574 et
1459 4517 1678 4572 fortiter
1725 4513 1986 4570 resistere
2019 4513 2104 4567 in-

522 4604 812 4662 stabilibus
836 4606 1225 4665 haereticorum
1241 4609 1610 4666 sermonibus.
1627 4607 1855 4679 Semper
1875 4603 2100 4677 quidem

2207 4061 2381 4116 multa
2408 4061 2585 4130 capita
2617 4059 2843 4115 habenti
2870 4077 2882 4112 :
2917 4058 3159 4130 speravit
3184 4075 3316 4114 vero
3339 4059 3504 4114 etiam
3525 4058 3642 4130 ipse
3661 4073 3795 4112 san—

2209 4160 2322 4206 ctas
2369 4151 2466 4207 Dei
2518 4149 2794 4206 Ecclesias
2837 4149 3122 4216 devorare,
3152 4157 3207 4206 et
3245 4165 3434 4205 onmcs
3481 4148 3794 4219 apprehen-

2208 4245 2339 4300 dere
2377 4245 2418 4275 ⁸⁸
2460 4262 2473 4296 :
2516 4253 2573 4299 et
2615 4243 2721 4298 nisi
2767 4260 2869 4299 nos
2911 4241 3177 4300 salvasset
3227 4243 3373 4298 Deus
3417 4241 3792 4311 omnipotens,

2207 4336 2584 4408 prmvaluisset
2622 4335 2838 4407 utique,
2873 4343 3138 4408 quantum
3185 4334 3253 4390 ad
3294 4333 3592 4405 potentiam
3623 4347 3797 4386 cona-

2210 4436 2366 4483 tuum
2417 4430 2660 4499 pcrtinct
2715 4429 2870 4500 ejus,
2928 4428 3334 4500 sceleratasque
3397 4423 3798 4482 concursiones

2208 4519 2429 4574 illorum
2463 4517 2558 4590 qui
2590 4534 2720 4574 eum
2750 4519 3057 4575 continent.

1708 4833 2047 4891 EPISTOLA
2081 4834 2273 4890 Lxxv
2313 4831 2408 4905 (ol.
2450 4830 2607 4903 va).

1393 4961 1572 5004 Λττιοι
1601 4960 2220 5006 CONS‘I'ANTINOPOU'I'ANI
2264 4961 2511 5002 EPISCOI’I
2536 4962 2602 5001 AD
2639 4957 2922 5001 CYRILLUM.

800 5060 1024 5118 Joannis
1056 5065 1412 5140 Chrysostomi
1443 5085 1653 5136 nomen,
1679 5071 1888 5140 cognita
1913 5070 2025 5140 ejus
2056 5069 2379 5140 innocentia,
2415 5065 2671 5137 diptychis
2707 5067 2868 5122 inseri
2893 5067 3112 5138 jussissc
3134 5081 3192 5120 se
3217 5064 3505 5138 significat.

594 5179 809 5235 Atticus
837 5179 1043 5253 Cyrillo
1075 5183 1416 5242 felicitatem.

596 5270 898 5329 incidimus
956 5289 1026 5328 eo
1073 5291 1184 5345 quo
1236 5293 1346 5333 non
1385 5287 1778 5349 putaveramus
1829 5297 1843 5331 :
1900 5289 1957 5333 et
2013 5296 2107 5334 ac-

594 5421 640 5504 ιιθ
664 5423 819 5480 Joan.
852 5443 930 5504 vi,
959 5431 1012 5483 4.
1090 5430 1134 5462 ⁵⁷
1166 5431 1353 5487 Matth.
1387 5432 1586 5499 “1,16
1615 5449 1767 5504 seqq.

524 5490 570 5524 "
596 5492 766 5564 Apoc.
799 5513 874 5561 xv,
909 5490 934 5551 l
967 5513 1119 5570 seqq.

703 5625 895 5691 Mansi,
928 5625 1126 5682 Concil.
1156 5629 1248 5691 1X,
1271 5629 1397 5684 247.

596 5696 652 5758 (‘2
704 5695 792 5750 Vel
833 5698 1118 5752 secundum
1165 5701 1397 5753 subsistet

596 5686 671 5758 (αλδ
704 5695 792 5750 γει
833 5686 1118 5752 secundum
1165 5686 1575 5756 subsistentiam.
1629 5702 1756 5758 "(DC
1805 5702 2005 5756 desunt
2051 5701 2106 5755 in

531 5766 719 5824 codice
777 5769 1166 5824 Bcllovaccnsi.
1226 5770 1413 5835 Recte,
1469 5782 1527 5827 ut
1580 5773 1794 5842 opinor.
1846 5773 2108 5830 Videntur

1878 5432 1923 5464 ⁸⁸
1955 5434 2114 5489 Rom.
2158 5449 2270 5498 vni,
2301 5432 2390 5487 55.

2297 5184 2541 5246 Ἀττικὸς
2569 5182 2823 5252 Κυρίλλῳ
2850 5179 2910 5235 εὖ
2945 5183 3228 5253 πράττειν.

2288 5276 2801 5349 Περιπεπτὼκαμεν
2833 5270 2914 5339 οἷς
2950 5274 3026 5346 μὴ
3068 5272 3434 5346 προῃρήμεθα
3456 5289 3469 5300 ·
3511 5273 3605 5323 καὶ
3633 5269 3800 5341 step-

2499 5432 2542 5463 "
2571 5431 2616 5485 ll
2669 5430 2808 5484 Tim.
2848 5445 2921 5495 tv,
2973 5431 3025 5495 7,
3060 5429 3112 5483 8.
3227 5429 3274 5462 ⁵ο
3328 5427 3346 5482 1
3391 5426 3535 5481 Tim.
3582 5442 3660 5492 ιιι,
3705 5424 3797 5480 15.

2213 5629 2361 5684 enim
2389 5643 2510 5683 esse
2533 5629 2838 5684 admonitio
2870 5627 3082 5684 librarii
3126 5624 3432 5682 dubitantis
3478 5634 3601 5680 utra
3632 5625 3803 5681 lectio

2215 5711 2360 5755 esset
2388 5699 2600 5826 ῃιεειὶῗιη,
2646 5709 2702 5755 et
2734 5701 2927 5758 lectori
2970 5698 3244 5773 judicium
3291 5696 3571 5769 integrum
3623 5695 3802 5752 relin-

2217 5781 2457 5826 uuenus.
2543 5787 2693 5826 au‘z.

2217 5781 2457 5842 q'JCllllS.
2500 5781 2693 5827 UALL‘Z.
