4044 6212
547 335 646 393 551

1570 326 1627 385 S.
1662 326 1938 387 CYRILLI
1974 328 2449 391 ALEXANDRINI
2485 333 2808 392 ARCIllEP.

3695 335 3830 392 552

546 450 925 525 perturbatus,
963 450 1109 507 etde
1157 447 1324 503 rebus
1365 445 1619 503 maximis
1651 446 1951 505 discrimen
1973 463 2121 505 sum-

2235 451 2482 524 είρήνης,
2510 452 2607 507 καὶ
2633 453 2735 524 τῆς
2751 448 3070 514 εὐπαθείας
3090 447 3392 521 ἐποιούμην
3418 447 3512 503 τὸν
3529 447 3708 518 λόγον.
3744 451 3832 505 '0

545 558 697 597 mum
732 540 964 605 veritus,
993 537 1302 609 piissimum
1335 538 1720 609 imperatorem
1747 539 1879 605 adii,
1907 546 1964 597 ct
1997 555 2124 597 cum

540 645 611 685 eo
637 630 706 685 de
738 644 872 699 pace
893 639 950 684 et
975 628 1272 698 tranquillo
1302 643 1489 683 rerum
1524 636 1670 684 statu
1693 628 1801 699 egi.
1826 628 2003 699 Atque
2033 630 2128 686 ille

541 720 682 775 nihil
706 736 828 775 esse
859 718 1093 789 periculi
1125 727 1221 773 aut
1250 718 1583 775 incommodi
1608 719 1916 789 respondit,
1944 720 1989 775 si
2026 718 2127 775 deé

542 811 718 867 functi
748 810 854 865 viri
885 826 1109 876 nomen,
1145 810 1583 881 tranquillitatis,
1635 809 1787 881 pacis
1827 819 1884 866 et
1937 810 2129 882 populi

542 902 855 958 concordiae
895 901 1069 972 gratia
1122 900 1543 957 inscriberetur.
1577 901 1769 971 Itaque
1817 916 1920 973 ego
1957 916 2025 957 ea
2066 916 2129 958 re

544 1008 869 1063 persuasus,
908 991 1209 1064 (quomodo
1251 990 1398 1047 enim
1436 989 1766 1046 necessitate
1813 996 2129 1060 praeventus

544 1078 603 1135 id
636 1095 746 1134 non
770 1080 1010 1135 facerem
1025 1079 1071 1149 ἲ)
1096 1095 1165 1135 ne
1192 1078 1475 1150 religionis
1502 1086 1706 1134 nostrae
1726 1093 1816 1134 res
1842 1093 1911 1133 ex
1935 1076 2128 1133 multi-

546 1172 756 1228 tudinis
789 1172 1042 1238 arbitrio,
1071 1172 1324 1242 exemplo
1344 1186 1455 1226 uno
1483 1172 1774 1242 permisso,
1801 1169 2127 1241 penderent,

545 1282 688 1321 neve
719 1265 915 1321 urbem
941 1264 1116 1335 ipsam
1148 1263 1401 1334 populari
1423 1261 1892 1318 administrationi
1937 1276 2130 1318 assuc~

547 1355 875 1419 faceremus,
905 1369 1109 1408 nomen
1135 1352 1191 1408 id
1220 1352 1276 1407 in
1306 1352 1490 1408 album
1517 1351 1717 1408 referri
1734 1351 1908 1423 jussi;
1935 1366 2130 1422 quare,

547 1456 610 1503 ut
628 1446 883 1517 equidem
907 1453 1065 1515 puto,
1100 1460 1280 1515 neque
1310 1444 1367 1499 in
1396 1458 1583 1499 sacros
1600 1457 1841 1499 canones
1856 1442 2130 1510 commisi,

547 1553 729 1607 neque
746 1535 957 1608 judicio
982 1537 1207 1591 Patrum
1230 1534 1481 1591 fraudem
1510 1533 1637 1590 feci.
1660 1533 1863 1590 Mentio
1894 1548 2133 1605 namque

544 1630 667 1701 ejus
706 1629 767 1683 fit
791 1644 918 1684 cum
959 1626 1239 1683 defunctis
1265 1642 1377 1683 non
1406 1626 1586 1682 solum
1617 1624 1913 1696 episcopis,
1948 1625 2045 1681 sed
2075 1632 2134 1680 et

547 1718 906 1791 presbyteris,
941 1717 1192 1773 diaconis
1224 1726 1281 1773 et
1303 1716 1459 1771 laicis
1482 1714 1637 1786 ipsis,
1670 1713 2128 1784 mulieribusque,

546 1827 675 1866 cum
723 1812 928 1881 quibus
960 1810 1221 1866 omnibus
1268 1808 1433 1864 nobis
1464 1806 1760 1863 sacerdotii
1791 1805 2129 1872 communio,
2160 1798 2204 1855 B

546 1912 645 1958 aut
666 1919 858 1959 earum
887 1918 1072 1959 rerum
1101 1917 1225 1973 quae
1257 1900 1313 1956 in
1342 1913 1499 1955 sacra
1524 1912 1715 1953 mensa
1740 1895 1971 1968 mystice
1997 1910 2129 1966 per-

547 1992 854 2063 cipiuntur,
881 1990 1234 2063 participatio
1267 2005 1381 2045 non
1412 1996 1516 2044 est.
1542 1987 1733 2059 Magna
1764 1986 1913 2043 enim
1940 1993 2026 2042 est
2042 1985 2130 2041 in-

547 2093 634 2139 ter
656 2084 947 2142 defunctos
967 2094 1027 2141 et
1053 2083 1380 2155 superstites
1405 2081 1745 2148 differentia,
1776 2079 1854 2135 ita
1882 2078 2137 2135 utetiam

548 2175 700 2241 libri,
730 2183 958 2245 propter
977 2173 1328 2230 diderentem
1360 2188 1557 2229 eorum
1585 2186 1823 2241 quorum
1867 2169 2135 2225 memoria

548 2277 913 2324 conservatur
935 2275 1162 2332 statum,
1185 2264 1413 2322 discreti
1434 2263 1566 2321 sint.
1594 2263 1743 2319 Nihil
1768 2262 1918 2319 enim
1940 2260 2134 2317 Davidi

548 2359 731 2416 obfuit
768 2356 1075 2415 honoriﬁca
1110 2356 1296 2414 Saulis
1324 2356 1634 2427 sepultura,
1661 2369 1841 2425 neque
1874 2354 2136 2426 apostolis

549 2452 669 2508 Arii
701 2450 1003 2523 impietatis
1047 2458 1289 2507 sectator
1328 2447 1635 2511 Eudoxius,
1659 2446 1762 2502 sub
1787 2445 1979 2502 eadem
2005 2462 2135 2503 san-

549 2545 726 2600 ctiore
751 2542 1007 2599 sacrificii
1036 2556 1130 2598 ara
1154 2540 1404 2612 positus;
1428 2554 1610 2611 neque
1631 2539 1897 2596 Paulinus
1911 2546 1968 2595 et
1991 2539 2137 2595 Eva-

550 2638 706 2708 grius
736 2636 1017 2700 Ecclesiae,
1055 2634 1152 2704 qui
1194 2632 1507 2689 schismatis
1537 2640 1595 2688 et
1624 2631 1836 2687 dissidii
1879 2631 2050 2687 duces
2081 2630 2136 2685 in

552 2727 799 2784 Ecclesia
846 2726 1189 2781 Antiochena
1237 2723 1415 2789 fuere,
1441 2724 1589 2794 quod
1618 2733 1742 2793 post
1760 2723 1996 2788 obitum,
2026 2738 2139 2779 non

553 2820 746 2891 paucis
766 2818 898 2874 hinc
927 2818 998 2873 ab
1020 2817 1201 2882 anuis,
1226 2823 1456 2887 propter
1482 2814 1673 2885 populi
1707 2829 1900 2885 pacem
1919 2822 1976 2871 et
2002 2828 2141 2870 con-

554 2908 800 2963 cordiam
834 2906 1084 2978 mysticis
1132 2905 1336 2961 tabulis
1364 2913 1495 2959 sunt
1541 2902 1815 2974 inscripti.
1863 2901 2037 2970 Quam
2068 2901 2141 2959 ob

554 3015 779 3055 causam
810 2999 928 3069 ipse
947 3012 1169 3068 quoque
1202 2995 1424 3067 [Egypti
1455 2995 1741 3062 Ecclesiis,
1771 2994 2139 3051 Ecclesiarum

2223 539 2281 594 δὲ
2305 540 2640 613 ἀπεκρίνατο
2683 540 2851 612 μηδὲν
2875 534 3016 595 εἶναι
3048 538 3244 611 βλάϐος
3268 538 3504 609 γράφειν
3529 538 3828 610 ἀπεληλυ-

2225 629 2379 695 θότος
2399 630 2592 703 ἀνδρὸς
2610 630 2803 702 ὄνομα,
2827 630 2967 701 ὑπὲρ
2990 630 3092 700 τῆς
3113 627 3435 691 εὐσταθείας
3462 629 3560 681 καὶ
3582 627 3682 698 τῆς
3694 628 3824 683 τῶν

2224 722 2373 777 λαῶν
2391 723 2650 795 ὁμονοίας
2670 741 2731 778 τε
2751 724 2848 778 καὶ
2869 723 3115 795 εἰρήνης.
3132 721 3245 775 Καὶ
3260 719 3440 774 τοίνυν
3461 718 3573 788 ἐγὼ
3590 719 3823 785 τούτοις

2225 811 2496 879 πεισθεὶς,
2532 812 2649 884 (καὶ
2682 810 2803 876 πῶς
2835 810 2945 882 γὰρ
2973 810 3074 864 οὐκ
3106 807 3332 880 ἔμελλον
3354 807 3677 877 προφθάσας
3705 809 3822 879 τὴν

2225 903 2542 975 ἀνάγκην;)
2582 903 2725 959 ὥστε
2758 902 2835 976 μὴ
2857 903 3112 973 γενέσθαι
3142 902 3215 957 τά
3244 901 3366 958 καθ’
3404 905 3552 974 ἡμᾶς
3576 903 3821 957 ἀκολου-

2226 994 2348 1052 θίαν
2374 995 2471 1050 τοῦ
2501 996 2764 1069 πλήθους,
2794 996 2934 1067 μήτε
2973 995 3079 1067 μὴν
3115 994 3396 1066 ἐθισθῆναι
3424 996 3506 1060 είς
3525 995 3821 1067 δημοκρα-

2225 1086 2354 1141 τίαν
2379 1085 2480 1159 τὴν
2504 1087 2683 1154 πόλιν,
2729 1088 3011 1159 γραφῆναι
3056 1084 3454 1157 παρεσκεύασα
3496 1083 3598 1154 τὴν
3629 1101 3821 1155 προσ-

2226 1175 2457 1248 ηγορίαν
2480 1193 2497 1209 ο
2528 1176 2706 1243 οὐδὲν,
2729 1178 2805 1241 ὥς
2838 1170 3018 1247 οἶμαι,
3045 1174 3171 1229 οὔτε
3203 1174 3287 1239 είς
3320 1172 3521 1237 αὐτοὺς
3551 1173 3681 1236 τοὺς
3707 1190 3821 1226 κα-

2228 1268 2388 1333 νόνας
2412 1267 2774 1342 ἡμαρτηκὼς,
2810 1266 2936 1322 οὔτε
2964 1265 3070 1338 μὴν
3095 1267 3163 1337 τῇ
3195 1264 3374 1337 κρίσει
3405 1264 3514 1318 τῶν
3547 1264 3822 1335 Πατέρων

2226 1360 2722 1433 διαλυμηνάμενος.
2769 1357 3187 1431 Μνημονεύεται
3212 1356 3323 1427 γὰρ
3360 1355 3500 1427 μετὰ
3544 1355 3656 1408 τῶν
3708 1355 3821 1410 ἀπο

2229 1450 2569 1522 εληλυθότων
2588 1450 2650 1504 ού
2683 1450 2843 1523 μόνον
2861 1447 3197 1512 ἐπισκόπων,
3215 1444 3355 1501 ἀλλά
3376 1447 3472 1500 καὶ
3501 1445 3818 1517 πρεσϐυτέ-

2233 1557 2343 1611 ρων
2362 1541 2459 1595 καὶ
2482 1538 2765 1605 διακόνων,
2794 1538 2891 1592 καὶ
2932 1536 3161 1605 λαῖκῶν,
3198 1536 3295 1592 καὶ
3334 1535 3632 1607 γυναικῶν,
3670 1532 3818 1605 πρὸς

2229 1630 2327 1695 οὓς
2365 1630 2616 1695 ἃπαντας
2666 1630 2770 1684 οὒκ
2810 1628 2960 1684 ἐστιν
3002 1628 3136 1701 ἡμῖν
3182 1627 3440 1682 κοινωνία
3482 1624 3818 1696 ἱερωσύνης,

2231 1722 2353 1778 οὐδὲ
2382 1723 2673 1795 μετάδοσις
2704 1721 2816 1777 τῶν
2844 1720 2941 1775 ἐπὶ
2965 1720 3066 1791 τῆς
3095 1718 3261 1790 ἁγίας
3302 1716 3585 1790 τραπέζης
3618 1733 3818 1787 μυστι-

2231 1814 2346 1879 κῶς
2360 1814 2723 1887 τελουμένων.
2752 1811 2896 1866 Πολὺ
2924 1810 3032 1883 γὰρ
3052 1810 3117 1866 τδ
3146 1810 3311 1883 μέσον
3330 1809 3439 1864 τῶν
3470 1807 3820 1862 ύπελθόντων

2230 1902 2291 1959 τδ
2324 1904 2522 1976 πέρας,
2558 1903 2655 1958 καὶ
2680 1901 2790 1957 τῶν
2821 1900 2903 1956 ἐτι
2923 1899 3069 1972 ὺπέρ
3102 1900 3206 1971 γῆς
3228 1898 3607 1970 τυγχανόντων
3626 1910 3641 1926 ⁸
3668 1897 3821 1951 ὥστε

2232 1996 2328 2051 καὶ
2358 1994 2788 2066 συνδιαιρεῖσθαι
2829 1994 2930 2059 τὰς
2978 1993 3199 2066 βίϐλους
3238 1992 3376 2064 πρὸς
3403 1990 3503 2063 τὴν
3530 1989 3638 2045 τῶν
3670 2006 3820 2060 μνη-

2235 2085 2611 2158 μονευομένων
2648 2085 3005 2140 κατάστασιν.
3061 2083 3202 2139 Οὔτε
3262 2082 3371 2154 γάρ
3416 2099 3471 2136 τι
3510 2080 3602 2135 τὸν
3648 2079 3823 2134 Δαϐὶδ

2232 2177 2468 2249 ἔϐλαψεν
2497 2179 2532 2251 ἡ
2584 2176 2803 2249 ἔντιμος
2847 2176 2944 2231 τοῦ
2988 2176 3164 2231 Σαοὺλ
3221 2174 3450 2246 κηδείαο
3506 2171 3631 2227 οὔτε
3681 2172 3821 2236 τοὺς

2232 2270 2569 2335 ἀποστόλους
2595 2270 2625 2325 ό
2664 2269 2767 2339 τῆς
2796 2268 2909 2329 τοῦ¹
2936 2269 3151 2340 Ἀρείου
3182 2265 3441 2330 ἀσεϐείας
3474 2264 3671 2330 ὀπαδὸς
3702 2265 3819 2318 E6-

2234 2363 2429 2431 δόξιος,
2478 2362 2585 2417 ὑπὸ
2625 2362 2688 2417 τὺ
2728 2361 2863 2417 αὐτὸ
2922 2361 3309 2433 θυσιαστήριον
3354 2357 3634 2429 κείμενος·
3684 2354 3820 2410 οὕτε

2235 2456 2502 2522 Παυλῖνός
2525 2474 2588 2511 τε
2628 2456 2725 2512 καὶ
2770 2455 3065 2527 Εύάγριος,
3111 2454 3162 2508 oi
3197 2451 3480 2524 γενόμενοι
3510 2448 3822 2521 ἀρχηγέται

2236 2548 2331 2606 τοῦ
2380 2548 2682 2621 σχίσματος
2720 2548 2821 2620 τῆς
2867 2547 2926 2602 ἐν
2975 2545 3280 2617 Ἀντιοχείᾳ
3334 2540 3685 2613 Ἐκκλησίας,
3734 2540 3824 2594 ὅτι

2240 2640 2383 2714 μετά
2414 2641 2666 2709 θάνατον,
2696 2640 2865 2705 πολὺς
2908 2638 3093 2705 ἐξότου
3122 2638 3336 2712 χρόνος,
3379 2637 3495 2701 τοῖς
3534 2634 3823 2707 μυστικοῖς

2236 2733 2520 2805 διπτύχοις
2547 2732 2638 2788 διά
2658 2732 2759 2803 τὴν
2787 2731 2898 2787 τῶν
2920 2730 3070 2787 λαῶν
3096 2730 3325 2802 εἰρήνην
3356 2745 3417 2783 τε
3439 2727 3536 2783 καὶ
3559 2725 3826 2798 ὁμόνοιαν

2238 2824 2641 2898 ἐνεγράφησαν.
2672 2822 2877 2895 Διόπερ
2904 2822 3003 2879 καὶ
3042 2821 3206 2885 αὐτὸς
3250 2819 3507 2874 κέλευσον
3534 2816 3826 2889 ἐγγραφῆ·

2240 2933 2332 2972 ναι
2358 2915 2461 2988 τὴν
2505 2914 2882 2989 προσηγορίαν
2913 2912 3008 2968 τοῦ
3056 2910 3482 2984 ἀπεληλυθότος,
3529 2910 3650 2974 ταῖς
3696 2909 3825 2963 κατ’

2240 3011 2519 3080 Αἴγυπτον
2551 3007 2929 3080 Ἐκκλησίαις,
2948 3005 3052 3077 τῆς
3071 3002 3453 3075 οίκουμενικῆς
3479 3002 3640 3074 χάριν
3671 3001 3827 3072 εἰρήο

555 3089 711 3144 orbis
733 3088 904 3143 totius
931 3085 1399 3157 pacificandarum
1444 3084 1641 3157 gratia,
1673 3093 1736 3141 ut
1759 3085 1964 3140 mortui
1993 3085 2137 3142 illius

2242 3118 2369 3173 νηςσ
2405 3102 2545 3173 μήτε
2576 3098 2839 3169 Πατέρων
2867 3097 3012 3152 λύων
3041 3096 3293 3161 κανόνας,
3316 3095 3412 3148 καὶ
3437 3094 3538 3165 τὴν
3565 3091 3826 3164 ὁμόνοιαν

555 3194 759 3235 nomen
790 3178 1127 3244 inscribant,-
1149 3176 1386 3248 praecipe
1420 3194 1435 3232 :
1469 3176 1545 3232 ita
1579 3176 1727 3232 enim
1761 3192 1886 3232 cum
1917 3176 2137 3233 Patrum

2244 3192 2437 3248 πασῶν
2469 3191 2608 3264 όμοῦ
2648 3190 2759 3245 τῶν
2815 3188 3153 3261 Ἑκκλησιῶν
3185 3188 3316 3261 περὶ
3347 3187 3602 3240 πλείστου
3637 3184 3826 3238 ποιού-

557 3284 804 3325 canones
834 3283 945 3323 non
978 3267 1409 3337 transgrediere,
1439 3275 1555 3323 tum
1577 3267 1944 3323 Ecclesiarum
1975 3267 2137 3324 simul

2248 3301 2427 3356 μενος.
2470 3282 2596 3337 Ὅτι
2628 3280 2801 3335 δὲκαὶ
2829 3281 2963 3353 ἡμῖν
2992 3278 3226 3351 γράψεις
3272 3278 3342 3333 τὰ
3374 3277 3672 3351 πρέποντα,
3717 3292 3825 3329 πε-

557 3358 807 3413 omnium
829 3356 1181 3412 concordiam
1214 3357 1437 3426 plurimi
1463 3356 1651 3414 facies.
1686 3356 1763 3412 Te
1789 3372 1923 3413 vero
1945 3373 2010 3413 ea
2035 3373 2137 3413 no-

2243 3372 2695 3447 πληροφόρημαι,
2723 3372 2860 3443 πρός
2884 3388 2943 3425 τε
2968 3372 3068 3441 τὴν
3095 3368 3402 3441 όμοψυχίαν
3431 3367 3527 3423 καὶ
3551 3367 3614 3420 τὸ
3640 3365 3826 3420 κοινὸν

558 3448 667 3515 bis,
680 3464 802 3519 qua:
817 3449 1096 3516 convenit,
1117 3448 1516 3519 rescripturum
1530 3462 1675 3513 esse,
1703 3448 1772 3503 ad
1788 3464 2137 3506 communem

2242 3466 2341 3538 τῆς
2387 3464 2753 3536 ἀδελφότητος
2797 3461 3151 3516 ἀποϐλέπων.
3203 3460 3392 3515 Πᾶσαν
3438 3459 3536 3530 τὴν
3585 3457 3683 3511 σὺν
3734 3455 3824 3509 σοι

556 3555 889 3596 consensum
930 3548 988 3596 et
1026 3539 1430 3598 fraternitatem
1460 3540 1868 3613 respicientem,
1907 3556 2137 3612 persua-

2244 3554 2586 3628 ἀδελφότητα
2615 3552 2727 3625 ἐγώ
2752 3571 2811 3610 τε
2840 3553 2935 3609 καὶ
2958 3553 3008 3608 oi
3037 3553 3136 3609 σὺν
3162 3551 3287 3623 ἐμοὶ
3314 3547 3823 3623 προσαγορεύομεν.

559 3647 683 3689 sum
706 3633 905 3689 habeo.
938 3634 1387 3699 Fraternitatem,
1414 3650 1537 3704 quae
1565 3640 1747 3691 tecum
1767 3642 1873 3702 est,
1895 3648 2139 3702 omnem,

554 3740 661 3797 ego
684 3725 890 3797 quique
911 3740 1129 3783 mecum
1155 3732 1303 3793 sunt,
1337 3726 1552 3785 salvere
1573 3725 1857 3801 jubemus.

1631 4030 1795 4107 205
1824 4031 2162 4093 EPISTOLA
2198 4030 2411 4093 LXXVI
2449 4034 2544 4107 (al.
2585 4032 2767 4106 Lvu).

1888 4204 2098 4247 οῖιιιιιι
2132 4205 2200 4247 AD
2228 4204 2477 4249 Αττιςυκ.

995 4343 1226 4399 Atticum
1278 4344 1340 4400 ob
1389 4342 1612 4399 Joannis
1665 4341 2021 4417 Chrysostomi
2070 4362 2261 4402 nomen
2316 4344 2569 4417 diptychis
2607 4344 2865 4400 insertum
2911 4343 3241 4415 reprehendit
3271 4342 3372 4417 (i).

633 4501 816 4558 Lectis
843 4514 964 4572 quae
992 4513 1023 4554 a
1052 4499 1256 4572 pietate
1281 4508 1374 4556 tua
1403 4498 1472 4555 ad
1494 4515 1581 4557 mc
1606 4498 1786 4555 missa:
1810 4508 1959 4567 sunt,
1991 4499 2140 4555 litte-

566 4593 664 4659 ris,
691 4592 916 4650 Joaunis
959 4607 1161 4647 nomen
1193 4592 1364 4649 sacris
1410 4591 1734 4663 inscriptum
1781 4608 1903 4648 esse
1939 4592 2142 4648 tabulis

568 4683 834 4739 intellexi.
862 4683 967 4740 Ubi
998 4697 1129 4738 vero
1154 4696 1249 4737 eos
1281 4682 1376 4753 qui
1407 4681 1535 4736 inde
1567 4680 1636 4735 ad
1663 4697 1765 4736 nos
1796 4696 2022 4747 venere,
2052 4680 2141 4736 in-

569 4775 865 4847 terrogavi,
896 4791 1006 4830 non
1035 4773 1092 4829 in
1120 4773 1409 4839 laicorum,
1437 4773 1533 4828 sed
1569 4772 1956 4843 episcoporum
1993 4779 2142 4827 cata-

2322 4498 2397 4572 (2)
2414 4499 2541 4565 Τοῖς
2555 4499 2707 4573 παρὰ
2730 4499 2832 4572 τῆς
2845 4501 2945 4572 σῆς
2968 4498 3271 4571 θεοφιλείας
3288 4492 3710 4567 ἐπεσταλμένοις
3732 4495 3831 4553 ἐν·

2248 4591 2448 4665 τυχὼν,
2478 4594 2853 4665 ἐγγεγράφθαι
2882 4593 2983 4665 μὲν
3010 4593 3109 4667 τὴν
3146 4592 3394 4649 Ἰωάννου
3426 4588 3828 4663 προσηγορίαν,

2250 4688 2309 4742 ἐν
2340 4689 2461 4753 ταῖς
2489 4687 2661 4758 ἱεραῖς
2682 4687 2987 4759 ἐμάνθανον
3016 4686 3244 4751 δέλτοις.
3280 4683 3593 4757 Ἐρωτήσας
3621 4681 3680 4735 δὲ
3698 4683 3829 4747 τοὺς

2249 4777 2461 4832 ἐκεῖθεν
2478 4778 2733 4848 ἥκοντας,
2768 4776 3050 4848 ἐπυθόμην
3094 4775 3196 4831 οὐκ
3244 4775 3303 4829 ἐν
3333 4776 3446 4838 τοῖς
3465 4771 3579 4826 τῶν
3620 4770 3831 4825 λαῑκῶν

568 4869 694 4938 logo
721 4867 1021 4937 ascriptum
1049 4880 1169 4922 esse
1196 4864 1402 4920 audivi.
1437 4865 1611 4920 Porro
1651 4863 1964 4935 dispicienti
2008 4863 2137 4918 mihi

2246 4865 2661 4935 καταλόγοις,ἐν
2688 4865 2745 4919 δέ
2772 4867 2886 4929 τοῖς
2913 4864 3021 4918 τῶν
3050 4863 3366 4919 ἐπισκόπων
3389 4859 3707 4931 ὲντετάχθαι
3726 4859 3833 4912 αύ-

570 4966 736 5028 atque
763 4958 820 5013 in
839 4958 1023 5013 animo
1046 4954 1324 5028 reputanti
1345 4970 1415 5009 an
1444 4954 1539 5025 qui
1561 4954 1667 5009 hoc
1682 4954 1861 5009 fecere
1890 4954 2143 5009 Nicmno-

2244 4956 2363 5027 τήν.
2397 4952 2870 5024 Διασκοπούμενος
2896 4952 2953 5006 δέ
2982 4951 3077 5005 καὶ
3106 4950 3227 5005 κατ’
3256 4946 3495 5021 ἐμαυτὸν
3523 4944 3743 5008 ἐννοῶν,
3778 4944 3832 4996 εί

570 5067 696 5106 rum
740 5051 963 5107 Patrum
1006 5049 1229 5106 decreta
1271 5055 1597 5119 sequantur,
1641 5055 1698 5103 et
1740 5047 2137 5118 aliquantulum

2247 5048 2370 5110 ταῖς
2385 5045 2493 5100 τῶν
2516 5042 2774 5115 Πατέρων
2789 5041 2899 5097 τῶν
2911 5042 2968 5095 ἐν
2988 5040 3192 5111 Νικαίᾳ
3212 5037 3563 5094 ἀκολουθοῦσι
3580 5034 3758 5100 δόξαις
3781 5035 3833 5088 oi

572 5144 773 5199 mentis
796 5143 1100 5199 luminibus
1123 5143 1181 5197 in
1204 5156 1455 5213 magnam
1492 5140 1640 5197 illam
1666 5138 1938 5211 synodum
1963 5140 2147 5196 inten-

573 5236 666 5301 tis,
704 5235 1020 5291 universum
1063 5242 1381 5291 sanctorum
1436 5232 1655 5288 illorum
1704 5230 1928 5286 Patrum
1977 5231 2148 5288 colle-

572 5325 745 5396 gium,
784 5325 1112 5393 quibusdam
1144 5324 1315 5380 veluti
1354 5323 1530 5380 oculis
1562 5337 1817 5387 renuere,
1848 5330 1905 5377 et
1934 5322 2151 5378 viribus

647 5474 726 5542 (Ι)
789 5474 982 5529 Postea
1037 5484 1245 5542 tamen,
1303 5492 1333 5531 a
1384 5475 1440 5532 S.
1493 5474 1703 5532 lsidoro
1747 5474 2020 5535 Pclusiota
2076 5475 2143 5530 ad

576 5544 796 5617 mitiora
830 5545 1055 5617 consilia
1083 5545 1340 5617 inductus
1377 5546 1487 5617 (an.
1519 5545 1851 5601 ill—Isid.
1893 5545 2054 5615 epist.
2101 5562 2143 5617 t.

579 5612 728 5738 7370},
771 5628 894 5692 cum
932 5613 1204 5698 episcopis
1245 5612 1458 5696 IEgypti
1497 5617 1857 5671 consensitut
1884 5612 2147 5670 memoria

581 5685 637 5735 δ.
709 5698 901 5737 oannts
942 5684 1312 5738 (.hrvsostomi
1357 5703 1408 5738 ιιι
1443 5686 1714 5738 integrum
1741 5687 2143 5738 restitueretur.

581 5684 637 5735 ὃ.
678 5684 1408 5763 Joannisilhrysostomi’in
1443 5686 1714 5763 integrum
1741 5687 2143 5749 restitueretur,

576 5767 814 5825 eumque
847 5754 1045 5809 dehinc
1074 5769 1287 5809 summa
1314 5754 1661 5814 veneratione
1682 5765 2008 5826 prosccutus
2042 5764 2142 5812 est.

2247 5136 2408 5193 τοῦτο
2438 5134 2818 5206 πεπραχότες,
2870 5132 2966 5187 καὶ
3017 5131 3190 5204 βραχύ
3222 5148 3275 5185 τι
3324 5130 3417 5185 τὸν
3444 5128 3545 5199 τῆς
3589 5124 3835 5188 διανοίας

2250 5228 2529 5301 ὀφθαλμὸν
2554 5227 2693 5300 πρὸς
2724 5227 2824 5299 τὴν
2856 5225 3100 5297 μεγάλην
3132 5224 3346 5294 ἐκείνην
3388 5220 3673 5283 ἀνατείνας
3700 5218 3834 5272 σύν-

2254 5323 2392 5391 οδον,
2422 5323 2550 5393 ὅλην
2582 5321 2693 5393 ὁρῶ
2718 5320 2827 5376 τῶν
2850 5320 3020 5390 ἁγίων
3042 5317 3301 5388 Πατέρων
3321 5314 3547 5369 ἐκείνων
3570 5312 3668 5382 τὴν
3696 5311 3810 5381 ὀμή

2323 5476 2400 5545 (2)
2455 5475 2581 5530 Haec
2622 5473 2854 5544 cpistola
2903 5487 3027 5528 cum
3066 5469 3337 5545 superiori
3370 5466 3439 5523 ad
3478 5480 3682 5545 annum
3726 5464 3836 5544 ait!)

2254 5535 2485 5632 spectat,
2534 5535 2784 5632 etjuxta
2830 5535 3660 5632 temporum;ratipn‘cm‘Cyrilli

2253 5603 2410 5670 siolis
2435 5603 2813 5685 praentittenda
2853 5603 3016 5685 foret.
3059 5610 3164 5666 Sed
3198 5610 3323 5685 yidc
3631 5605 3687 5659 in
3717 5603 3837 5658 Vita

2255 5676 2461 5758 Cyrilli',
2495 5686 2721 5759 hujusce
2756 5683 3016 5742 editionis
3044 5692 3172 5737 tom.
3202 5681 3243 5749 l,
3277 5679 3379 5736 eol.
3423 5678 3511 5733 ‘22.
3547 5676 3694 5736 Em.
