4044 6212
190 237 315 296 353

1519 223 1853 284 EPISTOLA
1890 223 2124 282 LXXVI.

3372 218 3478 277 σοι

213 363 372 419 γυριν
402 341 602 416 ὥσπερ
633 340 776 396 τισὶν
795 339 1093 412 ὀφθαλμοῖς
1114 335 1500 404 ἅνανεύουσαν,
1527 341 1622 393 καὶ
1641 339 1800 394 παντὶ

1906 337 2181 403 omnibus,
2227 336 2523 408 quominus
2569 337 2637 394 ad
2686 351 2804 393 rem
2846 349 2968 391 cam
3013 331 3477 404 comprobandam

209 442 381 496 cl-‘vst
402 435 825 490 διακωλύουσαν
853 432 1003 503 ἡμᾶς
1025 431 1242 503 τρέχειν
1274 431 1356 495 εἰς
1384 431 1483 502 τὴν
1505 431 1598 484 ἐπὶ
1618 429 1794 501 τούτῳ

215 529 537 586 Μαίνεσιν.
557 526 685 589 Πῶς
715 525 827 595 γὰρ
849 525 968 586 τοῖς
989 522 1194 592 ἱερεῦσι
1217 521 1354 575 Θεοῦ
1386 519 1792 584 συντετάξεται,

207 624 293 676 καὶ
312 623 415 675 τδν
434 619 662 674 ἐκείνων
693 616 914 687 φορέσει
935 614 1155 686 κλῆρον,
1177 614 1206 667 6
1221 613 1321 684 τῆς
1347 611 1616 684 ἰερατείας
1641 611 1796 664 ὲκϐε-

199 711 515 782 ϐλημένος;
550 708 675 771 Πῶς
699 706 757 759 δὲ
794 708 855 760 ὲν
885 703 1207 772 καταλόγοις
1254 702 1408 754 ἔσται
1439 698 1792 772 λειτουργῶν,

205 805 233 855 6
269 801 396 855 τῶν
426 794 911 869 ὲκκλησιαστικῶν
946 792 1246 865 περιϐόλων
1281 790 1387 856 ἔξω
1419 789 1627 855 τεθείς;
1667 790 1793 842 ’Λν-

196 893 355 958 ἁξοον
378 890 491 962 γὰρ
516 890 665 960 ἡμᾶς
694 888 728 958 ἢ
763 885 930 958 μηδὲν
957 880 1099 938 εἶναι
1122 885 1302 954 λέγειν
1317 883 1383 938 τὸ
1403 883 1501 954 τῆς
1522 881 1798 954 ἰερατείας

195 985 397 1054 ινομα,
415 983 518 1034 καὶ
547 980 781 1051 πρᾶγμα
801 975 980 1030 κοινὸν
1005 972 1142 1029 εἶναι
1169 977 1328 1040 πᾶσι,
1355 974 1417 1027 τὸ
1442 973 1622 1042 μόνοις
1638 989 1798 1044 τετη-

202 1074 446 1145 ρημένον
469 1073 588 1133 τοῖς
617 1071 698 1133 εἰς
723 1069 884 1123 τοῦτο
913 1067 1270 1139 καλουμένοις
1290 1084 1305 1098 ο
1333 1066 1366 1137 ἢ
1395 1067 1444 1119 εἰ
1472 1064 1606 1118 πολύ
1639 1082 1692 1119 τι
1737 1063 1798 1117 τὺ

205 1163 546 1232 διατειχίζων
564 1160 715 1216 ἐστὶν
739 1158 1041 1230 ἱερωσύνην
1065 1159 1159 1212 καὶ
1177 1156 1324 1220 λαὸν,
1351 1157 1426 1228 μὴ
1452 1155 1699 1227 μιγνύειν
1729 1153 1800 1209 τὰ

201 1257 417 1325 ἄμικτα
438 1297 454 1321 ,
489 1255 683 1324 τηρεῖν
702 1251 761 1304 δὲ
789 1253 849 1304 ὲν
868 1253 938 1320 τῇ
977 1247 1157 1320 οἰκείᾳ
1178 1249 1332 1314 τάξει
1357 1247 1463 1300 τῶν
1494 1245 1798 1318 εἰρημένων

198 1348 461 1409 ἕκαστον,
497 1344 597 1397 καὶ
621 1345 720 1412 τῆς
739 1339 891 1412 αὐτῷ
917 1338 1236 1409 πρεπούσης
1255 1337 1422 1409 τιμῆς
1447 1337 1652 1404 ἀξιοῦν.
1674 1335 1798 1400 Πῶς

195 1434 295 1492 οὖν
321 1439 389 1490 ὲν
415 1434 745 1497 ἐπισκόποις
773 1433 802 1484 6
829 1431 1039 1495 λαῖκὺς,
1063 1430 1097 1501 ἢ
1127 1429 1244 1494 πῶς
1272 1429 1332 1482 ἐν
1363 1429 1477 1488 τοῖς
1510 1426 1750 1498 γνησίοις
1771 1429 1800 1480 6

204 1531 283 1602 μὴ
313 1527 566 1592 τοιοῦτος
588 1524 884 1594 ἁναφανείς
904 1542 920 1592 ;
941 1523 1207 1594 Τίμησον,
1227 1519 1691 1592 παρακαλῶ,τοὺς
1705 1519 1800 1572 ἐπὶ

201 1622 490 1694 λαμπροῖς
523 1618 617 1672 καὶ
645 1617 904 1689 μεγάλοις
931 1618 1044 1678 τοῖς
1079 1611 1472 1686 κατορθώμασι
1519 1627 1800 1683 μαρτυρη-

1895 445 2220 494 accurram,
2273 429 2549 485 obsistere
2605 430 2845 484 videtur.
2897 425 3183 492 Quomodo
3241 440 3478 495 namque

1895 522 2041 576 inter
2095 521 2414 576 sacerdotes
2462 521 2560 576 Dei
2613 519 2954 582 censebitur,
3004 517 3294 572 illorumve
3340 517 3480 571 feret

1895 618 2100 666 sortem
2147 650 2163 676 ,
2213 609 2304 665 cui
2353 608 2714 665 sacerdotalis
2767 606 3007 677 dignitas
3052 605 3314 675 abrogata
3355 607 3481 659 est?

1894 700 2182 767 Quomodo
2226 714 2358 756 vero
2401 701 2457 754 in
2503 700 2751 770 catalogo
2784 711 3066 752 sacrorum
3094 696 3478 750 ministrorum

1896 791 2022 857 erit,
2072 792 2168 863 qui
2212 791 2603 848 ecclesiasticis
2647 790 2926 845 moenibus
2972 789 3181 860 ejectus
3209 789 3327 842 est?
3372 788 3482 842 Aut

1895 883 2044 938 enim
2074 883 2419 954 professione
2442 891 2630 937 nostra
2656 881 2940 952 indignum
2964 888 3069 945 est,
3093 888 3154 935 ut
3187 880 3479 934 sacerdotii

1896 991 2101 1032 nomen
2133 977 2272 1030 nihil
2297 991 2439 1040 esse,
2467 983 2523 1030 et
2552 989 2669 1028 rem
2707 972 2880 1042 ipsam
2908 985 3258 1027 communem
3298 969 3478 1024 omni—

1898 1067 2004 1124 bus
2025 1083 2169 1133 esse,
2201 1083 2324 1138 quae
2359 1079 2542 1122 tamen
2573 1066 2654 1119 cis
2697 1065 2830 1119 solis
2875 1063 2972 1133 qui
3021 1061 3090 1116 ad
3131 1076 3252 1115 eam
3299 1060 3479 1114 vocati

1898 1167 2048 1225 sunt,
2071 1165 2351 1214 asservata
2373 1165 2477 1222 est,
2503 1156 2752 1211 dicamus
2782 1173 2794 1208 :
2833 1161 2928 1208 aut
2960 1154 3005 1208 si
3039 1167 3294 1222 magnum
3316 1150 3480 1220 quid-

1899 1250 2024 1306 dam
2055 1257 2160 1314 est,
2212 1247 2360 1318 quod
2407 1247 2804 1303 sacerdotalem
2849 1245 3188 1299 funetionem
3228 1259 3259 1297 a
3293 1242 3481 1312 populi

1899 1339 2253 1394 multitudine
2277 1338 2512 1402 dirimit,
2546 1353 2655 1391 non
2681 1335 2961 1391 miscenda
2984 1351 3106 1404 qua:
3126 1333 3346 1387 misceri
3372 1349 3482 1386 non

1898 1439 2151 1501 possunt,
2185 1430 2282 1485 sed
2309 1445 2502 1485 eorum
2530 1444 2652 1498 quze
2679 1427 2921 1482 diximus
2943 1424 3179 1496 quodvis
3203 1423 3258 1476 in
3284 1422 3482 1476 ordine

1899 1535 2002 1576 suo
2030 1519 2493 1584 conservandum,
2537 1526 2595 1574 et
2633 1518 2846 1572 honore
2879 1515 3068 1570 debito
3113 1513 3482 1568 cohonestan-

1901 1613 2034 1667 dum
2056 1613 2218 1668 nobis
2243 1613 2369 1668 erit.
2390 1611 2677 1678 Quomodo
2707 1610 2875 1680 igitur
2904 1615 3000 1662 aut
3022 1606 3167 1660 inter
3199 1604 3486 1673 episcopos

201 1713 425 1777 θέντας,
459 1711 539 1782 μὴ
569 1710 802 1782 ὑϐρίσῃς
848 1707 941 1761 τὸν
972 1707 1127 1776 ἅγιον
1159 1705 1272 1759 τῶν
1304 1703 1566 1775 Πατέρων
1617 1701 1797 1774 χορόν.

1906 1706 2096 1782 laicus,
2155 1713 2251 1758 aut
2301 1704 2443 1758 inter
2489 1716 2779 1772 germanos
2821 1708 2879 1755 et
2912 1697 3207 1768 legitimos,
3236 1694 3328 1764 qui
3362 1694 3486 1746 talis

221 1804 430 1858 Ἐννόει
472 1803 750 1872 παρόντας
788 1797 870 1852 ἔτι
919 1798 1013 1851 καὶ
1045 1794 1550 1866 συνδιαιτωμένους,
1583 1793 1701 1857 πῶς
1731 1792 1799 1847 ἂν

210 1893 306 1948 ἐπὶ
347 1890 433 1962 τῷ
468 1888 720 1960 γεγονότι
746 1887 1088 1958 διετέθησαν.
1123 1881 1252 1957 Ἆρ’
1283 1885 1404 1957 οὐχὶ
1456 1884 1638 1954 πάσης
1663 1885 1796 1938 ἀνα-

213 1983 537 2054 πεπλῆσθαι
563 1982 743 2053 λύπης
762 1976 918 2034 εἷπον
947 1979 1014 2033 ἂν
1043 1978 1291 2042 είκότως,
1314 1977 1396 2040 εἰς
1423 1975 1522 2046 τὴν
1552 1974 1801 2046 ίσην.αύ-

211 2079 324 2141 τοῖς
370 2073 536 2142 τάξιν
575 2070 968 2144 εἰσφερομένου
1020 2067 1115 2122 τοῦ
1165 2067 1590 2140 καθῃρημένους
1658 2064 1799 2119 Ἀλλ’

208 2165 367 2238 οἶμαι
396 2167 498 2220 καὶ
527 2164 698 2236 αὐτὴν
724 2163 881 2216 τοῦτο
910 2159 1202 2215 πεπεῖσθαι
1228 2159 1326 2231 τὴν
1344 2160 1445 2230 σὴν
1467 2155 1797 2212 θεοσέϐειαν.

211 2262 306 2314 Διὸ
337 2259 407 2330 δὴ
436 2258 635 2312 σϐέσον
660 2256 845 2318 αὐτοῖς
863 2271 923 2308 τε
952 2253 1046 2308 καὶ
1062 2254 1196 2324 ἡμῖν
1211 2254 1310 2324 τῆς
1332 2251 1524 2323 ἀηδίας
1549 2250 1648 2320 τὴν
1667 2247 1802 2320 πρό-

215 2369 406 2422 ᾳσιν.
439 2350 625 2405 Λῦσον
644 2348 746 2419 τῆς
781 2346 1038 2402 ἁπάντων
1058 2344 1358 2415 κατηφείας
1389 2342 1491 2414 τὴν
1521 2340 1798 2395 ὑπόθεσιν.

216 2443 294 2497 τδ
315 2444 413 2514 μὲν
439 2441 554 2513 γὰρ
582 2439 1075 2512 εὐμεταχειρίστως
1102 2437 1170 2492 τὰ
1189 2434 1648 2507 παρεμπίπτοντα
1666 2432 1800 2486 διοι-

219 2538 357 2603 κεῖν,
390 2535 560 2590 καλὸν
589 2535 659 2588 ἂν
697 2533 912 2604 εἴποιμι
937 2532 1032 2586 καὶ
1057 2528 1220 2600 σοφόν
1242 2544 1257 2560 ο
1289 2528 1412 2581 τότε
1449 2525 1494 2580 δ’
1528 2525 1680 2579 ἔσται
1709 2540 1801 2578 σο-

219 2628 340 2698 φὸν,
375 2627 444 2681 ἂν
472 2627 551 2698 μή
587 2643 640 2678 τι
670 2624 865 2696 βλάϐος
890 2622 1139 2694 εἰσφέρῃ.
1170 2619 1306 2674 Οὐδὲ
1349 2617 1460 2690 γὰρ
1503 2616 1804 2686 ἐπειδήπερ

223 2717 446 2789 μείζονα
485 2716 588 2785 τὴν
613 2711 855 2786 Χριστοῦ
885 2711 1118 2783 ποίμνην
1145 2707 1552 2778 ἀποτελοῦμεν,
1585 2705 1712 2768 τοὺς
1745 2706 1804 2758 έν

219 2809 340 2871 ταῖς
353 2806 601 2877 αἱρέσεσι
625 2802 1024 2876 προσλαϐόντες
1048 2801 1274 2871 ἐσμοὺς,
1296 2797 1391 2852 καὶ
1409 2797 1458 2848 εἰ
1473 2795 1576 2866 τῆς
1596 2794 1805 2860 οἰκείας

226 2898 301 2972 μὴ
325 2896 619 2970 μταθείεν
652 2895 884 2965 πλάνης,
916 2892 1004 2947 διὰ
1033 2890 1192 2946 τοῦτο
1235 2888 1342 2961 χρὴ
1384 2888 1623 2953 πάντως,
1655 2885 1803 2939 οἰκο-

224 2991 451 3061 νομικήν
478 3005 607 3043 τινα
630 2986 726 3041 καὶ
745 2980 1178 3057 ἀπεριέργαστον
1195 2981 1419 3052 εἰρήνην
1437 2976 1801 3044 ἀσπάζεσθαι,

223 3049 354 3154 πρὸς
401 3049 502 3145 οὓς
556 3082 676 3134 ἐστι
711 3049 1005 3151 κρείττων⁷
1026 3077 1061 3146 ἡ
1092 3049 1262 3147 μάχη.
1296 3049 1496 3145 Ἔργον
1544 3071 1602 3124 δὲ
1634 3069 1802 3133 ὅντως
1829 3049 1874 3109 C

222 3175 538 3246 οἰκονομίας
571 3173 714 3237 ἐστὶ,
736 3169 798 3224 τὸ
824 3171 1004 3225 δοκεῖν
1028 3167 1140 3222 ἐσθ’
1165 3168 1254 3221 ὅτε
1276 3164 1452 3238 βραχύ
1475 3181 1528 3219 τι
1547 3162 1642 3217 τοῦ
1673 3163 1805 3235 πρέ-

224 3284 414 3332 ποντος
445 3264 767 3333 ἐξίστασθαι
787 3263 970 3333 λόγου,
1013 3260 1152 3332 μετὰ
1177 3259 1272 3313 τοῦ
1301 3257 1401 3330 τὴν
1433 3258 1492 3311 ὲν
1527 3257 1640 3320 τοῖς
1671 3272 1806 3326 χρη-

226 3360 406 3431 σίμοις
432 3355 824 3429 παραιτεῖσθαι
877 3355 1104 3425 ζημίαν.
1156 3349 1313 3406 οὔτω
1358 3349 1453 3404 καὶ
1475 3350 1504 3402 6
1536 3347 1806 3418 μακάριος

227 3430 438 3514 Παῦλος
468 3450 589 3512 τοῖς
619 3447 784 3502 πᾶσιν
815 3446 1026 3514 ἐγίνετο
1064 3430 1272 3498 πάντα’
1299 3439 1414 3511 ,οὐχ
1444 3440 1532 3492 ἵνα
1569 3436 1804 3507 κερδάνῃ

229 3544 325 3614 μέν
355 3561 411 3597 τι
439 3540 643 3612 βραχὺ,
678 3536 933 3610 ζημιωθῇ
967 3536 1024 3590 δὲ
1069 3534 1234 3606 μέρος
1256 3575 1273 3601 ,
1321 3531 1437 3586 ἀλλ’
1467 3531 1555 3584 ἵνα
1596 3528 1807 3590 πάντας

227 3635 492 3706 κερδήσῃ.
527 3632 762 3702 Ἰδωμεν
787 3628 970 3684 τοίνυν
992 3627 1080 3682 διὰ
1110 3625 1316 3695 ταύτης
1339 3622 1441 3693 τῆς
1463 3620 1690 3694 ἰρεύνης
1708 3619 1806 3689 τῆς

228 3728 281 3781 ὲν
305 3728 420 3790 τοῖς
456 3723 752 3795 πράγμασι
803 3718 1134 3791 βαδίζοντες,
1167 3718 1218 3771 εἰ
1268 3715 1345 3787 μὴ
1377 3713 1559 3766 πλεῖον
1599 3711 1712 3783 ἔχει
1744 3709 1808 3763 τὸ

229 3817 421 3889 βλάϐος
479 3817 513 3887 ἠ
572 3812 833 3876 ὑπόθεσις
877 3809 990 3865 τῶν
1018 3808 1285 3876 δοξάντων
1337 3800 1476 3889 εἶναι
1531 3800 1804 3874 χρηστῶν.

227 3884 511 3972 τωαῖντοξ
531 3906 638 3978 ἢδη
675 3903 950 3958 διῖππεύει
999 3901 1189 3973 χρόνος
1217 3899 1316 3970 τῆς
1371 3884 1468 3967 σῆς
1501 3892 1810 3957 θεοσεϐείας

226 3999 520 4069 διεπούσ-ης
550 3999 645 4052 τὸν
673 3995 892 4068 θρόνον·
925 3993 1020 4048 καὶ
1049 3991 1222 4055 οὐδείς
1252 3991 1399 4043 ἐστιν
1419 3990 1448 4042 6
1481 3983 1808 4054 συνάγεσθαι

225 4090 690 4162 παραιτούμενος.
737 4086 879 4140 Ἀλλ’
903 4086 952 4139 εἰ
978 4084 1072 4138 καί
1113 4082 1214 4137 πού
1247 4097 1392 4145 τινες
1425 4079 1555 4152 περὶ
1579 4075 1678 4150 τὴν
1705 4077 1808 4150 ἀρ⁸

226 4182 325 4251 χὴν
355 4179 802 4250 φιλονεικότερον
833 4176 1164 4250 πράττοντες
1201 4172 1426 4235 ἑαυτοὺς
1454 4165 1807 4240 ἀπεμέριζον,

228 4275 316 4326 καὶ
341 4266 498 4327 οὗτοι
526 4271 824 4342 κέκληνται
851 4269 940 4324 διὰ
961 4267 1059 4338 τὴν
1083 4266 1176 4321 τοῦ
1201 4265 1454 4336 Σωτῆρος
1479 4262 1636 4334 ἡμῶν
1657 4259 1810 4332 ἰσχύν

225 4379 284 4416 τε
315 4363 417 4416 καὶ
452 4361 634 4432 χάριν.
667 4359 790 4413 Τῶν
815 4359 873 4413 δὲ
898 4359 956 4411 έν
982 4356 1147 4420 τέλει,
1182 4353 1266 4417 τίς
1297 4354 1326 4405 6
1358 4351 1434 4424 μὴ
1465 4349 1565 4421 τῆς
1593 4349 1692 4420 σῆς
1719 4347 1810 4401 εὐ-

226 4454 454 4518 λαϐείας
468 4451 854 4533 ἁκροώλιενοςς
877 4449 974 4513 Τίς
992 4448 1049 4502 δὲ
1063 4449 1092 4501 6
1111 4444 1315 4516 ταύτης
1335 4443 1499 4497 ἕνεκα
1521 4441 1619 4512 τῆς
1633 4438 1812 4503 αἰτίας

225 4547 330 4612 εξ»
381 4529 722 4618 μσμενηκώς
747 4560 763 4610 ;
819 4541 935 4596 οὐκ
964 4540 1109 4595 ἔστιν
1137 4536 1332 4601 οὐδείς.
1381 4535 1476 4604 Μὴ
1504 4532 1615 4603 γὰρ
1639 4531 1758 4602 δοίη
1784 4529 1813 4582 6

225 4639 380 4702 Θεός.
413 4638 558 4692 Τίνα
585 4631 879 4706 τοιγαροῦν
903 4629 1220 4695 ἀνασώζων,
1238 4628 1272 4698 ἢ
1297 4627 1378 4690 εἰς
1397 4625 1458 4679 τὸ
1482 4620 1813 4692 συνάγεσθαι

227 4729 436 4791 καλῶν,
459 4728 594 4799 ὅλην
616 4726 722 4791 ἔξω
743 4725 857 4789 θεὶς
879 4723 991 4778 τῶν
1006 4721 1105 4793 τῆς
1136 4717 1461 4789 Ἐκκλησίας
1487 4712 1810 4787 περιϐόλων,

225 4824 326 4893 τήν
350 4838 417 4874 τε
439 4820 740 4888 Αἴγυπτον,
769 4812 1229 4886 Δύγουσταλικὴν,
1254 4811 1350 4865 καὶ
1386 4807 1695 4880 Ἀρκαδίαν,
1718 4803 1814 4860 καὶ

228 4913 497 4985 Θηϐαΐδα,
527 4911 627 4965 καὶ
653 4907 882 4980 Λιϐύην,
910 4907 1006 4962 καὶ
1026 4902 1385 4964 Πεντάπολιν,
1418 4901 1514 4954 καὶ
1543 4897 1812 4960 τοσαύτας

241 5005 577 5076 Ἐκιλησίας
599 5003 793 5066 λυπεῖς
820 5019 837 5068 ;
883 5001 971 5055 ἵνα
1017 4998 1222 5070 μηδένα
1269 4993 1536 5066 κερδάνῃς
1558 5008 1570 5021 ο
1602 4989 1812 5052 πάντας

231 5098 338 5168 γὰρ
362 5095 737 5168 προεκέρδανε
759 5093 855 5147 τοῦ
902 5091 1159 5162 Σωτῆρος
1191 5091 1226 5160 ἡ
1266 5087 1446 5159 χάρις.
1476 5083 1589 5139 Καὶ
1625 5083 1811 5137 ἀνατί-

235 5189 366 5259 θημι
394 5189 490 5243 τὸν
530 5189 628 5244 ἔπι
678 5187 854 5257 τούτῳ
884 5185 1048 5239 πόνον
1077 5184 1190 5248 τοῖς
1226 5181 1328 5252 τῆς
1369 5179 1469 5251 σῆς
1505 5175 1813 5238 θεοσεϐείας

237 5280 553 5352 διδάγμασι.
617 5279 714 5350 Μὴ
742 5279 923 5334 τοίνυν
957 5275 1256 5347 κατηγόρει
1294 5270 1498 5327 σαυτοῦ
1547 5271 1675 5332 τοὺς
1706 5268 1815 5322 ἀπὸ

240 5374 545 5442 οιλονείκου
575 5372 806 5443 γνώμης
842 5368 1308 5443 μεμερισμένους,
1342 5364 1436 5419 καὶ
1468 5361 1544 5434 μὴ
1586 5361 1816 5416 καταδε-

244 5466 498 5538 χομὲνους
528 5464 663 5518 ποτὲ
690 5464 754 5519 τὸ
774 5464 862 5517 ἐπ’
886 5463 1079 5518 ἐκείνω
1120 5459 1327 5516 δίκαιον
1352 5459 1550 5531 κρῖμα.
1592 5455 1663 5510 “ﬂ
1703 5452 1815 5524 γὰρ

309 5644 354 5677 "
375 5644 396 5702 l
416 5643 549 5702 Cor.
581 5657 658 5711 rx,
684 5642 778 5699 22.

1903 1813 2016 1853 non
2045 1779 2139 1862 sit,
2175 1794 2474 1854 consistet?
2507 1794 2748 1859 Honora,
2789 1799 2842 1846 te
2885 1791 3099 1852 hortor,
3131 1801 3229 1842 eos
3249 1785 3342 1855 qui
3367 1799 3482 1838 ma-

1903 1904 2134 1962 gnarum
2179 1897 2236 1944 et
2269 1886 2678 1958 splendidarum
2714 1893 2973 1953 recteque
3015 1889 3262 1935 actarum
3300 1891 3485 1930 rerum

1906 1982 2082 2036 tulere
2104 1980 2502 2043 testimonium,
2533 1993 2604 2033 ne
2631 1974 2964 2032 contumelia
2992 1980 3241 2029 sanctum
3262 1970 3486 2025 Patrum

1905 2074 2136 2130 chorum
2203 2071 2426 2127 adicias.
2487 2069 2790 2126 Considera
2847 2081 2944 2123 eos
3000 2064 3096 2135 qui
3161 2059 3488 2132 superstites

1904 2163 2088 2218 adhuc
2114 2163 2170 2218 in
2193 2163 2302 2217 vita
2326 2169 2571 2224 manent,
2597 2157 2874 2234 quomodo
2907 2171 3024 2210 rem
3063 2154 3207 2208 hanc
3247 2165 3488 2221 accepe—

1905 2255 2039 2310 rint.
2077 2256 2163 2310 An
2191 2269 2303 2310 non
2333 2253 2412 2307 illi
2449 2253 2639 2307 dolore
2666 2266 2724 2306 se
2749 2247 2900 2304 omni
2926 2245 3165 2316 repletos
3186 2257 3308 2298 esse
3338 2248 3489 2296 recte

1907 2345 2116 2411 dicant,
2142 2344 2190 2400 si
2215 2344 2268 2398 in
2297 2342 2553 2399 eumdem
2579 2356 2703 2397 eum
2731 2339 2812 2396 eis
2836 2337 3108 2400 ordinem,
3133 2333 3180 2388 is
3201 2332 3288 2389 cui
3312 2331 3488 2402 digni-

1908 2445 1993 2492 tas
2021 2435 2276 2506 adempta
2299 2443 2384 2490 est
2405 2432 2707 2489 referatur?
2738 2429 2938 2487 Verum
2969 2427 3025 2482 id
3048 2423 3241 2498 pietati
3266 2438 3488 2494 quoque

1907 2535 2016 2583 tuae
2049 2541 2374 2596 persuasum
2407 2540 2528 2581 esse
2556 2531 2711 2594 puto.
2760 2519 3132 2588 Quamobrem
3175 2524 3232 2572 et
3278 2514 3388 2571 illis
3434 2525 3492 2569 et

1908 2617 2070 2673 nobis
2109 2617 2366 2673 maeroris
2390 2615 2548 2671 abole
2573 2629 2814 2670 causam.
2852 2612 3005 2667 Tolle
3033 2609 3281 2665 omnium
3313 2605 3490 2660 tristi-

1911 2711 1999 2765 tite
2025 2709 2392 2764 occasionem.
2428 2709 2563 2762 Nam
2585 2707 2743 2762 facile
2768 2714 2824 2759 et
2844 2702 3099 2772 expedite
3121 2715 3185 2754 ea
3209 2714 3329 2768 quae
3356 2713 3492 2767 prae-

1909 2809 1996 2858 ter
2024 2800 2341 2870 opinionem
2369 2797 2646 2861 accidunt,
2677 2795 2972 2864 disponere
2997 2800 3054 2847 et
3080 2787 3489 2852 administrare.

1911 2869 2130 2950 boniiet
2162 2890 2433 2962 sapientis
2472 2904 2593 2944 esse
2637 2886 2873 2942 dixerim
2906 2869 2920 2938 Ξ
2954 2883 3050 2939 sed
3085 2891 3201 2938 tum
3245 2879 3492 2942 demum,

1911 2997 2037 3040 cum
2069 2982 2205 3036 nihil
2254 2979 2568 3036 detrimenti
2615 2976 2825 3033 aﬂ’erat.
2868 2975 2990 3030 Non
3027 2972 3198 3036 enim,
3241 2969 3496 3041 quamvis

1905 3090 2124 3148 gregem
2143 3072 2346 3130 Christi
2365 3085 2684 3144 propagare,
2709 3066 3252 3138 frequentioremque
3274 3060 3494 3116 edicere

1905 3168 2246 3231 studeamus,
2297 3164 2552 3221 examina
2600 3160 2916 3224 haeresium,
2958 3156 3119 3228 205
3161 3155 3206 3210 si
3239 3167 3490 3210 errorem

1906 3277 2068 3318 suum
2113 3275 2225 3315 non
2271 3257 2590 3329 repudient,
2622 3253 2941 3325 recipimus.
2991 3251 3059 3305 Et
3109 3248 3341 3319 proinde
3375 3261 3491 3301 non

1905 3351 2131 3406 omnino
2155 3355 2409 3420 prompta
2434 3345 2668 3418 quadam
2695 3340 3104 3414 dispensatione
3128 3337 3345 3393 facilem
3367 3351 3491 3390 cum

1905 3439 1988 3494 eis
2023 3436 2315 3508 complecti
2366 3449 2559 3506 pacem
2609 3431 2894 3495 debemus,
2928 3427 3192 3482 adversus
3219 3439 3359 3494 quos
3387 3438 3492 3491 pu-

1905 3545 2073 3601 gnare
2123 3535 2368 3598 praestat.
2427 3521 2867 3594 Dispensationis
2909 3533 3040 3574 sane
3085 3515 3320 3570 laudaue
3353 3527 3493 3582 opus

1905 3621 2094 3686 fuerit,
2127 3620 2174 3675 si
2197 3619 2527 3690 quandoque
2558 3614 2634 3669 ita
2667 3629 2698 3668 a
2731 3612 2918 3668 debita
2958 3609 3171 3664 ratione
3201 3605 3494 3662 deflectere

1907 3711 2216 3776 videamur,
2241 3719 2302 3765 ut
2325 3709 2380 3762 in
2412 3707 2580 3762 rebus
2613 3703 2846 3758 utilibus
2869 3711 2927 3756 et
2969 3697 3276 3754 commodis
3316 3695 3490 3750 detri-

1908 3812 2156 3860 mentum
2191 3801 2480 3857 evitemus.
2527 3796 2620 3851 Sic
2659 3803 2714 3850 ct
2746 3793 2943 3848 beatus
2987 3788 3191 3846 Paulus
3235 3786 3494 3842 omnibus

1911 3895 2090 3951 factus
2117 3902 2202 3949 est
2223 3891 2410 3948 omnia
2432 3891 2502 3956 5’,
2528 3903 2641 3943 non
2672 3895 2732 3942 ut
2757 3885 3014 3955 exiguum
3036 3879 3295 3951 quiddam
3322 3879 3492 3934 lucri-

1910 3988 2138 4050 faceret,
2165 3991 2378 4054 partem
2421 3989 2603 4036 autem
2632 3975 2946 4048 quampiam
2987 3973 3187 4028 damno
3229 3967 3489 4034 afﬁceret,

1911 4077 2009 4134 sed
2033 4081 2096 4131 ut
2113 4088 2307 4130 omnes
2334 4072 2669 4127 lucraretur.
2698 4066 2995 4123 Videamus
3033 4076 3186 4133 ergo,
3219 4059 3492 4132 ejusmodi

1913 4183 2099 4224 rerum
2142 4161 2552 4234 investigationi
2587 4159 2926 4220 insistentes,
2957 4171 3026 4209 an
3059 4169 3169 4208 non
3207 4152 3332 4222 plus
3362 4149 3494 4204 huic

1913 4275 2091 4316 causae
2126 4256 2432 4320 insitmali,
2465 4269 2630 4326 quam
2668 4253 2760 4307 illa
2799 4250 3054 4304 videatur
3093 4245 3298 4300 habere
3339 4242 3490 4299 boni.

1914 4353 2018 4408 Tot
2032 4353 2144 4424 jam
2164 4347 2477 4422 praeteriere
2499 4345 2649 4410 anni,
2673 4360 2742 4400 ex
2767 4358 2877 4414 quo
2900 4341 3077 4413 pietas
3101 4345 3194 4393 tua
3235 4337 3494 4392 thronum

1915 4461 2076 4501 suum
2120 4443 2334 4500 tenuit:
2366 4456 2547 4512 neque
2602 4438 2894 4509 quisquam
2936 4442 3021 4489 est
3060 4432 3152 4502 qui
3189 4435 3496 4486 conventus

1915 4537 1972 4592 in
1999 4536 2243 4593 Ecclesia
2270 4545 2395 4591 tuos
2421 4534 2578 4588 vitet.
2619 4529 2763 4597 Quin
2793 4525 3009 4582 etiamsi
3052 4523 3121 4578 ab
3163 4521 3322 4575 initio
3354 4534 3492 4573 non-

1915 4627 2053 4682 nulli
2083 4624 2388 4682 dissidendi
2421 4635 2608 4678 amore
2639 4618 2850 4688 seipsos
2882 4615 2952 4670 ab
2980 4613 3088 4668 illis
3115 4616 3490 4681 segregarunt,

1916 4725 2099 4773 tamen
2137 4722 2195 4771 et
2222 4714 2300 4769 illi
2333 4728 2433 4783 per
2471 4711 2583 4766 vim
2629 4715 2686 4763 et
2729 4705 2959 4778 gratiam
2999 4700 3207 4759 Christi
3254 4699 3492 4754 revocati

1917 4817 2067 4864 sunt.
2104 4805 2186 4861 Ex
2229 4801 2646 4875 magistratibus
2680 4814 2815 4854 vero
2847 4795 2972 4868 quis
2996 4809 3108 4849 non
3137 4791 3359 4864 pietatis
3388 4801 3493 4846 tua:

1913 4898 2079 4955 dictis
2122 4895 2352 4952 audiens
2383 4893 2502 4949 est?
2529 4890 2663 4959 Quis
2689 4889 2761 4945 ob
2791 4888 2935 4942 hanc
2958 4886 3134 4955 ipsam
3164 4895 3385 4949 causam
3409 4889 3486 4934 est

1915 4991 2009 5061 qui
2049 4996 2205 5044 extra
2249 4984 2553 5042 Ecclesiam
2595 4981 2849 5038 maneat?
2879 4980 3053 5036 Nemo
3096 4973 3344 5047 profecto
3386 4979 3490 5028 est.

1914 5084 2035 5139 Non
2053 5081 2201 5138 enim
2221 5079 2327 5135 hoc
2346 5077 2440 5132 det
2463 5077 2624 5130 Deus.
2645 5073 2832 5142 Itaque
2855 5081 3148 5141 quemnam
3167 5064 3235 5120 ad
3264 5062 3492 5119 salutem

1918 5188 2214 5239 revocans,
2257 5178 2353 5226 aut
2387 5168 2456 5224 ad
2485 5166 2758 5238 legitimos
2804 5163 2859 5217 in
2903 5158 3149 5215 Ecclesia
3194 5161 3497 5212 conventus

1921 5265 2215 5330 reducens,
2255 5261 2391 5333 quin
2431 5272 2650 5316 omnem
2694 5253 2878 5326 potius
2920 5248 3177 5305 Ecclesiae
3219 5243 3496 5301 moenibus

1922 5358 2150 5430 ejiciens
2192 5354 2506 5430 (Egyptum,
2525 5349 2804 5421 regionem
2831 5344 2997 5401 etiam
3027 5339 3405 5412 Augustalcm,
3440 5342 3497 5391 et

1922 5429 2232 5517 Arcadiam,
2255 5429 2311 5506 et
2337 5441 2678 5510 Thebaiden,
2702 5449 2759 5498 et
2785 5438 3032 5509 Libyam,
3054 5442 3111 5491 et
3131 5429 3499 5502 Pentapolim,
