2022 3106
302 121 356 148 355

818 117 845 144 S.
866 115 1003 144 CYRILLI
1023 114 1257 144 ALEXANDRINI
1276 115 1434 143 ARCltlEP.

1878 119 1934 147 356

301 179 330 202 et
345 178 386 202 tot
404 173 542 202 Eccleslas
558 173 651 201 dolore
675 172 777 199 amcis?
793 179 849 198 non
871 174 902 198 ut
923 178 1089 206 quemquam

1143 172 1180 203 είς
1194 171 1321 199 τοσοῦτον
1333 171 1478 204 νυστάζειν
1497 171 1581 206 ἡμᾶς,
1592 170 1739 206 ὑπείληφεν
1752 171 1769 207 ἡ
1788 172 1936 208 σὴλθεοσὲ-

302 220 457 247 lucrifacias
471 229 477 246 :
492 228 587 246 outues
600 226 717 252 namque
733 217 870 244 lucrifecit
887 216 973 251 gratia
989 216 1089 243 Serva-

302 266 380 293 toris.
397 264 517 292 Remitto
536 269 562 291 te
584 264 635 291 hac
652 264 678 290 in
699 271 729 290 re
751 262 784 289 ad
808 263 893 297 ipsam
908 262 1018 297 pictatis
1038 266 1091 289 tua:

301 309 464 336 doctrinam.
481 309 519 336 Ne
538 309 621 343 igitur
632 312 727 335 contra
741 308 858 342 teipsum
872 307 996 334 celebres
1009 311 1091 342 atque

301 355 423 382 illustres
431 363 480 382 eos
500 355 547 389 qui
562 354 724 382 adversandi
739 354 831 381 studio
844 354 872 380 in
884 358 977 388 partes
990 353 1093 380 disces-

301 408 373 433 sere,
396 408 485 435 neque
504 408 623 435 unquam
647 401 752 435 justum
775 400 809 426 de
833 399 932 434 seipsis
955 399 1090 434 judicium

301 446 449 481 accipiunt.
470 446 510 473 An
526 446 563 473 ita
580 446 727 473 connivere
751 450 780 473 ct
798 454 907 474 cessare
929 453 979 472 nos
1003 445 1092 479 pietas

303 497 348 519 tua
363 493 529 527 suspicatur,
545 497 574 519 ut
589 500 643 519 non
662 492 809 528 diligenter
824 493 859 521 de
875 493 1006 528 praeclara
1019 492 1092 519 fama

302 544 359 571 tua,
376 542 404 565 ct
420 538 559 573 quomodo
576 538 731 566 Servatoris
748 546 846 574 greges
862 542 993 573 regantur
1009 542 1091 572 atque

302 584 534 617 mauuducantur,
569 584 760 619 iuquiramus?
785 584 844 612 Una
872 592 991 619 namque
1021 584 1089 616 haec,

301 627 409 655 etiamsi
423 629 547 655 locorum
571 628 776 663 intercapedine
798 628 928 663 disjuncti
944 628 1009 660 sint,
1031 627 1091 662 epi-

302 681 447 708 scoporum
463 678 506 701 est
521 682 597 701 cura.
614 673 668 701 Sed
688 674 761 701 enim
784 682 819 701 ne
843 675 871 701 in
887 674 939 701 hoc
958 673 1092 709 prolixior

301 727 372 750 esse,
384 724 412 746 et
426 719 520 754 pietati
543 725 595 746 tua:
615 719 753 747 contraria
775 720 877 747 sentire
895 720 991 746 videar
1009 729 1015 746 :
1031 724 1091 746 esto

302 769 332 791 ut
346 765 425 800 pauci
440 765 587 792 admodum
600 765 655 792 sint
674 765 766 792 adhuc
784 765 919 797 seditiosi,
934 766 1023 800 quise
1040 772 1091 799 pro

302 809 375 836 illius
388 809 555 845 malignitate
572 810 696 844 periculo
709 814 850 845 exponunt
863 819 869 836 :
887 810 959 845 apud
974 818 1024 837 nos
1040 818 1090 837 au-

301 859 357 882 tem
372 858 411 881 tot
426 859 490 882 sunt
505 855 637 882 Ecclesia:
656 863 717 890 qua:
731 856 764 882 de
776 856 881 883 Joanne
894 855 1005 883 decreta
1020 856 1091 883 obti-
1106 871 1129 900 Β

300 908 367 928 nere
389 900 491 928 debere
512 901 692 928 contendunt.
715 901 820 934 Quibus
841 902 926 937 igitur
946 902 1089 937 suﬂ‘ragari

299 954 408 981 zequum
420 947 478 973 est?
492 946 609 979 Quinam
622 951 653 973 ut
669 947 807 980 laetentur,
820 947 876 974 Deo
888 947 1019 981 placitum
1031 948 1090 975 est?

299 992 377 1019 llline
391 992 438 1027 qui
453 992 550 1020 Joanni
562 993 781 1028 patrocinantur,
795 1001 857 1020 cum
874 998 948 1021 tanta
961 994 1089 1029 designa-

299 1038 369 1066 verit
385 1047 392 1066 :
408 1047 442 1066 an
468 1039 516 1073 qui
539 1038 649 1074 pcenani
673 1040 779 1067 homini
796 1041 954 1076 irrogarunt
978 1041 1004 1068 ei
1030 1041 1089 1076 qui,

299 1091 361 1110 cum
379 1083 448 1110 alios
460 1083 555 1111 dolore
565 1083 697 1115 alliceret,
713 1092 764 1119 pro
781 1085 869 1112 nihilo
890 1085 971 1119 206
991 1084 1090 1111 duxit?

293 1129 377 1163 Quod
394 1129 417 1157 si
429 1129 604 1157 concordiam
619 1130 805 1157 Ecclesiarum
824 1138 989 1158 conservare
1006 1130 1089 1157 mini-

301 1183 345 1203 me
368 1175 601 1203 contemnendum
615 1175 727 1202 videtur
744 1185 751 1202 :
771 1175 847 1203 solve
864 1175 902 1209 id,
920 1183 997 1211 rogo,
1015 1176 1089 1211 quod

298 1229 359 1249 eam
376 1221 486 1248 scindit.
500 1221 575 1248 Mitte
596 1221 717 1256 gladium
733 1221 762 1248 in
776 1221 903 1256 vaginam
916 1229 1004 1248 suam.
1020 1222 1090 1249 lube

299 1275 333 1295 ex
352 1268 544 1302 episcoporum
566 1267 775 1294 nomenclatura
793 1267 907 1295 Joannis
925 1276 1025 1295 nomen
1041 1275 1089 1295 ex-

300 1312 359 1339 imi.
371 1312 438 1339 Nam
450 1312 472 1339 si
484 1312 560 1347 parvi
573 1311 600 1339 id
612 1312 738 1346 facimus,
749 1317 778 1340 et
791 1313 910 1341 dicimus
923 1321 978 1341 non
994 1313 1090 1340 afferat

299 1357 423 1384 dolorem
438 1358 625 1392 apostolorum
644 1358 729 1385 choro
743 1358 828 1387 Judas
842 1358 978 1394 proditor,
1000 1360 1027 1386 in
1041 1367 1089 1386 eo—

299 1403 361 1431 dem
374 1411 437 1430 cum
451 1403 505 1431 illis
517 1403 614 1431 ordine
630 1411 749 1432 census:
765 1404 842 1432 Judre
863 1409 955 1432 autem
978 1405 1090 1432 nomine

300 1450 328 1476 iu
349 1457 444 1477 eorum
463 1458 609 1477 numerum
627 1450 724 1486 re_l:_ito,
748 1458 803 1486 quo
824 1451 923 1479 deinde
946 1451 1008 1479 loco
1022 1451 1090 1478 Mat-

302 1496 372 1524 thias
396 1496 476 1523 nobis
499 1482 734 1531 ponetur?r(_lum
757 1482 844 1532 igitur
874 1504 954 1524 nemo
978 1497 1090 1525 Matthia

1142 218 1213 250 ϐεια,
1230 218 1299 245 ὥστε
1312 217 1351 253 μὴ
1366 217 1517 253 πειρᾶσθαι
1531 217 1678 252 μανθάνειν
1691 218 1937 254 ἐσπουδασμένως,

1142 261 1191 292 τὰς
1202 270 1231 287 τε
1249 261 1299 292 σὰς
1314 262 1514 297 εὐδοκιμήσεις,
1526 261 1575 288 ml.
1589 262 1664 294 ὅπως
1676 262 1711 289 τὰ
1735 262 1785 289 τοῦ
1805 263 1938 300 Σωτῆρος

1142 308 1352 342 χειραγωγεῖται
1367 307 1496 343 ποίμνια;
1512 307 1562 343 μία
1571 307 1626 344 γὰρ
1638 309 1656 343 ἡ
1671 308 1726 334 τῶν
1742 308 1838 344 ἱερέων
1849 318 1939 345 φρον-

1142 353 1194 384 τὶς,
1212 352 1258 379 καὶ
1274 353 1298 378 εἰ
1311 351 1432 384 τοπικῶς
1446 353 1610 388 ὃιῃρήμεθα.
1629 353 1698 379 Ἀλλ’
1714 353 1758 380 ίνα
1772 353 1810 389 μὴ
1823 354 1936 390 δοκοίην

1143 397 1189 424 ἐπὶ
1202 397 1290 432 τούτῳ
1309 396 1491 424 διατείνεσθαι
1515 397 1585 431 λίαν,
1600 398 1647 425 καὶ
1669 399 1725 430 τοῖς
1737 398 1791 425 ἀπὸ
1808 399 1858 434 τῆς
1879 400 1936 435 σῆς

1142 442 1283 474 εὐλαϐείας
1301 444 1410 479 φρονεῖν
1426 442 1552 470 ἐναντία⁵
1568 442 1691 470 εστωσαν
1699 451 1771 475 τινες
1778 443 1865 477 ὀλίγοι
1882 452 1935 471 κο-

1144 488 1207 523 μιδῇ
1226 488 1464 521 διαστασιάζοντες
1479 508 1487 521 ,
1515 488 1555 515 ἐτι
1577 488 1688 523 καὶτῆς
1711 488 1816 515 ἐκείνου
1829 490 1934 521 κακίας

1142 534 1419 570 προκινδυνεύοντες,
1434 534 1564 561 τοσαῦται
1590 534 1619 560 δὲ
1645 534 1712 569 παρ’
1728 534 1794 569 ἡμῖν
1814 534 1937 569 Ἐκκλη-

1143 581 1208 614 σίαι,
1224 580 1324 616 ὅτιχρὴ
1338 580 1373 608 τὰ
1387 580 1430 607 ἐπ’
1444 579 1542 615 ἐκείνῳ
1551 580 1699 615 δεδογμένα
1710 581 1820 614 κρατεῖν
1828 580 1937 615 aequ.

1145 626 1287 662 ριςόμεναι
1297 646 1304 653 .
1317 626 1390 653 τίσιν
1399 623 1447 652 οὖν
1459 625 1511 662 τῂν
1517 626 1607 660 ψῆφον
1616 625 1801 660 ὰπονὲμεσθαι
1810 626 1916 654 δίκαιον
1925 635 1934 659 ;

1142 672 1225 703 Τίνας
1243 671 1272 697 δὲ
1288 671 1483 707 εὐφραίνεσθαι
1505 671 1606 707 μᾶλλον
1628 672 1740 708 ἀρέσκει
1755 671 1834 707 ﬁeri);
1860 672 1935 704 Τοὺς

1142 718 1239 753 ἐκείνῳ
1267 717 1485 757 συνηγοροῦντας
1501 718 1615 745 τοιαῦτα
1640 718 1806 753 πεπραχότι,
1820 718 1840 752 ἢ
1866 718 1934 749 τοὺς

1142 763 1189 789 ἐπὶ
1205 763 1288 798 τιμῆς
1310 764 1475 798 ἐγνωκότας,
1490 761 1513 798 ᾧ
1526 764 1557 790 τὸ
1577 764 1673 791 λυπεῖν
1689 763 1843 798 λελόγισται
1862 764 1933 798 παρ’

1142 810 1235 843 οὐδέν;
1251 811 1282 836 Εἰ
1296 810 1387 837 τοίνυν
1396 810 1428 837 τὺ
1438 809 1572 842 σιὲιζεσθαι
1590 809 1640 845 τὴν
1654 810 1782 845 ὁμόνοιαν
1793 809 1850 841 τῶν
1867 809 1933 836 Ἐκ-

1143 855 1262 890 κλησιῶν
1275 856 1326 883 οὐκ
1342 855 1578 891 εὐκαταφρόνητον
1593 854 1728 889 φαίνεται,
1744 854 1828 889 λῦξσον
1839 854 1872 887 τὸ
1886 855 1933 882 τά·

1144 910 1209 936 μνον
1220 901 1333 936 ταύτην,
1347 901 1509 937 παρακαλῶ.
1518 902 1604 929 Βαλλε
1614 901 1664 937 τὴν
1675 901 1814 939 μάχαιμν
1821 900 1872 933 ραις
1879 901 1933 936 τὴν

1142 947 1230 983 θήκην
1242 947 1338 982 αὐτῆς.
1358 947 1496 975 Κέλευσον
1509 947 1557 974 τοῦ
1572 944 1802 987 καταλόγοιςῇἵν
1819 947 1934 973 ἐπισκό-

1144 1001 1201 1019 πων
1213 992 1448 1028 ἐξαιρεθῆναι-τὴν
1469 992 1593 1020 Ἰωάννου
1614 990 1813 1028 προσηγορίαν.
1827 992 1861 1023 El
1877 991 1934 1027 γὰρ

1143 1038 1219 1064 οὐδὲν
1235 1036 1305 1064 εἶναι
1327 1037 1408 1066 τοῦτο
1431 1038 1605 1073 λογιούμεθα,
1622 1039 1660 1074 μὴ
1674 1038 1793 1068 λυπείτω
1814 1038 1862 1065 τὸν
1877 1039 1934 1065 τῶν

1143 1084 1300 1110 ἀποστόλων
1316 1084 1396 1119 χορὸν
1411 1084 1427 1110 ὁ
1447 1084 1581 1119 προδότης
1599 1084 1693 1116 αὐτοῖς
1705 1083 1935 1118 Δσιιγκνατα-ιιαιιιειιό-
1972 1085 1975 1090 '

1145 1138 1241 1165 μενος·
1272 1130 1470 1165 είσφερομένης
1492 1129 1522 1156 δὲ
1543 1130 1593 1165 τῆς
1615 1129 1702 1156 Ἰούδα
1722 1129 1910 1165 προσῃγορίας
1923 1148 1931 1161 ,

1143 1176 1196 1202 ποῦ
1221 1176 1313 1203 λοιπὸν
1335 1177 1401 1212 ἡμῖν
1422 1176 1438 1202 ὁ
1453 1174 1578 1207 Ματθίας
1591 1183 1623 1210 γε
1638 1176 1760 1203 κείσεται
1772 1174 1825 1208 1Εί
1841 1175 1933 1201 τοίνυν

1143 1224 1231 1256 οὐδεὶς
1245 1224 1291 1250 τὸν
1305 1223 1434 1251 Ματθίαν
1457 1223 1582 1250 ὲκὸαλὼν
1606 1223 1741 1258 ὲγγράψοι
1760 1223 1806 1255 τὸν
1830 1221 1933 1249 Ἰούδαν

1143 1270 1183 1305 τῷ
1198 1269 1255 1296 τῶν
1270 1270 1429 1297 ἀποστόλων
1445 1268 1528 1304 χορῷ,
1545 1265 1718 1304 μενέτωκκαὶ
1729 1267 1871 1300 σωξὲσθω,
1880 1276 1934 1294 m-

1144 1317 1266 1353 ρακαλῶ,
1281 1316 1350 1352 μετᾶ
1365 1316 1411 1343 τὸν
1429 1316 1619 1351 τῆςάοιδίμου
1646 1316 1757 1350 μνήμης
1769 1313 1933 1348 Nearchum,

1143 1363 1268 1399 δεύτερος
1283 1364 1297 1390 ὁ
1310 1363 1358 1390 τοῦ
1375 1363 1554 1398 πανευφήμου
1587 1361 1734 1397 Ἀρσακίου
1750 1360 1935 1402 βαθμόςλῖνα

1146 1409 1182 1444 μή
1206 1418 1232 1436 τι
1259 1409 1306 1445 βίᾳ.
1332 1408 1518 1445 παρεισαχθὲν
1541 1407 1631 1444 ὲξώσῃ
1647 1407 1695 1434 τοῦ
1721 1407 1859 1442 μακαρίου
1882 1407 1935 1442 τὴν

1146 1455 1267 1491 μνήμην.
1284 1454 1354 1482 Ἀλλ’
1364 1454 1450 1489 ὀλίγοι
1458 1453 1541 1490 τυχὸν
1555 1454 1602 1480 ἐπὶ
1614 1453 1702 1487 τούτῳ
1715 1452 1932 1489 δυσχεραίνουσι·

1144 1500 1215 1526 δίδου
1233 1508 1277 1535 μοι
1297 1499 1366 1535 μετὰ
1382 1499 1540 1534 παρρησίας
1550 1498 1648 1525 είπεῐν.
1665 1498 1774 1530 Πάντας
1789 1498 1839 1532 μὲν
1854 1497 1936 1532 εὐχόο

299 1543 388 1578 ejecto
398 1543 586 1577 apostolorum
598 1543 683 1570 choro
693 1543 790 1570 ludam
803 1543 971 1578 ascripserit,
984 1548 1092 1571 maneat

1146 1546 1215 1581 μεθα
1233 1545 1377 1577 σώζεσθαι.
1396 1545 1427 1572 El
1442 1544 1473 1570 δέ
1487 1553 1529 1576 τις
1542 1543 1572 1576 ἐξ
1587 1543 1691 1575 οἰκείας
1709 1543 1831 1579 ἀμαθίας
1848 1543 1934 1578 χωρί-

299 1595 328 1617 et
343 1594 479 1622 servetur,
502 1590 610 1621 hortor,
627 1594 689 1625 post
709 1590 828 1618 celebris
840 1590 980 1617 memoriae
993 1590 1092 1618 Necta-

301 1635 383 1668 rium,
394 1635 533 1663 secundus
548 1635 730 1663 laudatissimi
743 1635 849 1664 Arsacii
859 1637 1016 1680 graduﬂnc
1027 1637 1093 1672 quid

300 1690 350 1717 per
374 1682 429 1709 vim
452 1690 599 1718 perperam
619 1686 648 1710 et
666 1682 807 1718 illegitime
830 1682 974 1711 inductum
990 1691 1094 1711 memo-

301 1728 370 1754 riam
390 1726 464 1755 beati
490 1727 543 1754 viri
566 1727 704 1763 explodat.
731 1728 784 1756 Sed
807 1729 887 1763 pauci
909 1728 1025 1757 fortasse
1040 1729 1094 1757 hoc

300 1781 370 1808 aegre
396 1773 504 1806 ferunt;
526 1774 655 1808 permitte
679 1777 770 1801 autem
788 1775 856 1801 mihi
880 1778 909 1801 ut
931 1775 1019 1803 libere
1033 1782 1093 1810 qua:

300 1820 364 1846 \‘olo
379 1819 478 1846 dicam.
500 1819 603 1847 Omnes
615 1820 744 1855 equidem
759 1821 848 1848 salvos
868 1820 928 1848 ﬂeri
947 1825 1047 1856 optem.
1064 1820 1093 1848 Si

300 1865 363 1901 quis
377 1873 444 1892 vero
455 1865 593 1900 imperitia
605 1873 654 1893 sua
667 1866 701 1893 ab
715 1864 838 1894 Ecclesia
853 1867 968 1900 secedit,
980 1871 1008 1894 et
1019 1867 1094 1894 illius

301 1911 549 1938 constitutionibus
569 1910 732 1947 refragatur,
752 1920 812 1947 qua:
826 1913 960 1948 ejusmodi
974 1913 1094 1940 hominis

301 1961 342 1982 cst
372 1957 496 1990 jactura?
517 1956 560 1983 An
585 1964 640 1983 non
661 1957 719 1991 ipse
745 1965 854 1992 quoque
881 1957 1025 1991 Servalor,
1044 1966 1094 1986 nos

300 2001 421 2036 idipsum
437 2001 550 2034 docens,
568 2007 595 2029 et
613 2002 729 2030 formam
742 2003 770 2030 in
782 2003 910 2032 omnibus
925 2012 1091 2040 proponens,

302 2046 486 2073 conducibilia
503 2047 613 2081 quidem
639 2048 673 2075 ad
693 2056 740 2075 eos
762 2049 809 2083 qui
833 2058 896 2076 cum
919 2055 1093 2078 accesserunt

300 2091 410 2117 locutus
427 2095 479 2123 est,
497 2091 689 2120 inobedientes
702 2098 793 2120 autent
807 2099 834 2121 et
846 2099 994 2122 renuentes
1005 2096 1093 2123 disce—

301 2135 367 2163 dere
390 2137 532 2171 permisit?
547 2138 635 2172 Atque
655 2142 760 2166 tantum
774 2140 853 2168 abest
869 2146 899 2168 ut
919 2141 1038 2176 aliquam
1053 2146 1091 2168 ta-

302 2182 367 2209 lium
381 2182 523 2210 hominum
537 2184 671 2212 rationem
685 2185 822 2219 habuerit,
836 2187 958 2214 utetiam
973 2187 1006 2214 ad
1019 2187 1093 2222 ipsos

301 2227 402 2255 dixerit
425 2228 596 2263 discipulos:
615 2240 623 2256 ι
638 2231 680 2258 An
707 2236 734 2258 et
751 2240 799 2259 vos
824 2233 902 2260 abire
928 2233 1012 2261 vultis
1024 2221 1065 2260 5'?
1080 2244 1088 2260 ι
1109 2221 1131 2249 D

301 2276 525 2311 Obsequentibus
540 2285 605 2305 sane
623 2279 737 2306 multam
753 2287 803 2307 nos
824 2281 982 2315 impendere
997 2289 1092 2308 curam

302 2330 411 2358 :equum
428 2328 480 2351 est.
498 2323 680 2352 Adversarius
696 2331 787 2353 autem
806 2330 834 2353 et
855 2326 1017 2355 iuobediens
1036 2335 1093 2354 ma-

303 2369 476 2397 levolentiam
494 2370 551 2406 ipse
569 2379 646 2398 suam
659 2377 780 2405 accuset,
793 2372 958 2400 medicinam
971 2373 1034 2400 odio
1045 2373 1093 2400 ha-

303 2415 379 2442 bens.
399 2416 501 2443 Audiet
514 2416 560 2444 ille
576 2425 643 2445 vero
659 2418 764 2454 justum
785 2419 917 2455 judicem,
931 2419 1067 2449 dicentem
1085 2429 1090 2446 :

307 2470 316 2486 ι
331 2460 557 2497 Quandoquidem
579 2464 688 2491 loeutus
708 2472 779 2498 sum,
794 2470 823 2494 et
836 2474 891 2494 non
910 2465 1090 2500 obedivistis;

304 2509 331 2533 et
342 2507 450 2535 extendi
464 2516 615 2541 sermones,
625 2513 653 2536 et
665 2509 786 2538 animum
800 2519 855 2538 non
865 2511 1022 2539 advertistis
1030 2512 1063 2544 ⁸⁸,
1079 2521 1087 2537 ι

303 2558 331 2581 et
343 2562 404 2588 qua:
417 2560 580 2590 sequuntur.
594 2556 648 2583 Nos
662 2556 773 2592 quidem
787 2577 794 2588 ,
815 2557 861 2592 qui
881 2557 1011 2593 docemus
1030 2557 1091 2592 qui-

305 2599 419 2628 busnam
432 2601 515 2629 rebus
531 2602 633 2637 aliquis
644 2602 754 2630 laudem
763 2602 815 2630 sibi
823 2602 985 2638 apudDeum
998 2608 1089 2638 paret,

304 2645 424 2674 studiose
437 2647 583 2675 admodum
602 2647 629 2674 id
646 2647 736 2675 facere
750 2651 832 2683 atque
843 2648 986 2676 instituere
1000 2648 1089 2680 decet,

304 2695 385 2724 atque
405 2699 468 2718 cum
491 2692 574 2720 Paulo
589 2693 782 2722 resistentibus
798 2693 890 2722 dicere
906 2703 912 2720 :
933 2704 941 2720 ι
955 2693 1090 2722 Obsecra-

306 2743 366 2762 mus
381 2744 430 2770 per
444 2737 595 2772 Christum,
613 2740 830 2768 rcconciliamini
844 2741 941 2774 Deo",
960 2751 968 2766 ι
991 2740 1088 2768 inobe-

1144 1590 1230 1623 ςεται,
1244 1590 1356 1622 καὶτοῖς
1365 1590 1416 1624 τῆς
1429 1589 1593 1624 Ἐκκλησίας
1605 1588 1748 1616 ἀντιτείνει
1760 1588 1881 1623 θεσμοῖς,
1891 1588 1935 1619 τίς

1143 1637 1159 1671 ἡ
1177 1635 1274 1661 τούτου
1289 1635 1391 1670 ζημία;
1403 1632 1441 1662 Ἦ
1459 1634 1590 1670 γὰρούχὶ
1607 1634 1654 1661 καὶ
1666 1634 1771 1666 αὑτὺςὸ
1784 1633 1881 1669 Σωτὴρ
1894 1633 1936 1661 δι-

1143 1681 1251 1708 δάσκων
1266 1681 1339 1716 ἡμᾶς
1351 1680 1383 1707 τὸ
1397 1680 1519 1707 τοιοῦτον
1537 1680 1588 1708 καὶ
1604 1680 1689 1706 τύπον
1701 1681 1730 1706 ὲν
1753 1681 1820 1706 πᾶσι
1836 1679 1934 1712 τιθεὶς,

1142 1725 1234 1752 ἐλάλει
1248 1725 1299 1760 μὲν
1314 1726 1371 1757 τοῖς
1386 1724 1529 1760 προσιοῦσι
1540 1724 1576 1751 τὰ
1589 1725 1775 1760 συμφέροντα,
1785 1724 1934 1752 ἀπειθοῦν-

1143 1781 1192 1803 τας
1201 1772 1229 1798 δὲ
1239 1771 1285 1798 καὶ
1295 1770 1476 1802 ἀνανεύοντας
1492 1770 1568 1805 ἠφίει
1578 1770 1762 1806 χωρίζεσθαις
1776 1770 1936 1798 Καὶτοσοῦ-

1142 1827 1189 1845 τον
1206 1817 1370 1853 ἀφειστήκει
1381 1816 1430 1843 τοῦ
1440 1816 1576 1844 ποιεῖσθαί
1594 1825 1654 1843 τινα
1668 1817 1723 1843 τῶν
1736 1816 1868 1849 τοιούτων
1890 1817 1936 1843 λό-

1143 1873 1201 1899 γον,
1214 1864 1251 1895 ὼς
1264 1864 1310 1890 καὶ
1326 1863 1396 1899 πρὸς
1416 1863 1515 1894 αὐτοὺς
1526 1863 1617 1889 εἰπεῖν
1628 1863 1691 1894 τοὺς
1704 1863 1840 1898 μαθητάς*
1853 1872 1864 1888 ι
1886 1862 1934 1898 Μὴ

1144 1912 1191 1938 καὶ
1206 1911 1285 1946 ὑμεῖς
1298 1909 1389 1945 θέλετε
1405 1909 1521 1944 ὑπάγειν
1534 1918 1542 1942 ;
1558 1918 1568 1936 ι
1581 1910 1644 1941 Τοῖς
1658 1910 1707 1945 μὲν
1719 1909 1858 1936 εὐπειθέσι
1869 1908 1936 1935 πιλ-

1143 1957 1192 1992 λήν
1211 1965 1271 1983 τινα
1287 1956 1389 1982 δίκαιον
1405 1954 1591 1991 ἀπονέμεσθαι
1602 1955 1667 1991 παρ’
1684 1955 1763 1990 ἡμῶν
1777 1955 1826 1990 τὴν
1849 1963 1934 1989 φρον-

1143 2003 1213 2029 τίδα.
1238 2002 1266 2029 '0
1284 2001 1313 2028 δὲ
1334 2001 1468 2036 δυσμενὴς
1486 2001 1533 2027 καὶ
1551 2001 1668 2036 ἀνήκοος
1684 2000 1835 2036 τὴν.αὺτοῦ
1850 2001 1936 2027 κακό-

1144 2056 1218 2073 νοιαν
1233 2046 1396 2079 αἰτιάσαιτο,
1418 2046 1537 2081 μισήσας
1557 2046 1587 2071 τὸ
1606 2044 1818 2081 θεραπεύεσθαι.
1838 2045 1936 2072 130:3-

1145 2101 1220 2119 σεται
1234 2091 1262 2117 δὲ
1271 2091 1348 2126 παρὰ
1357 2090 1404 2117 τοῦ
1419 2090 1525 2117 δικαίου
1534 2090 1629 2125 κριτοῦ
1640 2099 1646 2105 ·
1661 2100 1671 2116 ‹
1685 2091 1795 2126 Ἐπειδὴ
1808 2090 1935 2121 ἐλάλουν,

1143 2138 1190 2165 καὶ
1202 2137 1251 2172 οὐχ
1267 2136 1456 2172 ὑπηκούσατε·
1480 2137 1529 2163 καὶ
1552 2136 1673 2168 ἐξέτεινα
1696 2136 1873 2170 λόγους..καὶ
1900 2136 1936 2162 οὐ

1144 2184 1315 2220 προσείχετε,
1337 2192 1347 2208 ι
1368 2183 1416 2209 καὶ
1435 2182 1471 2209 τὰ
1483 2182 1588 2214 τούτοις
1597 2182 1673 2217 ἑξῆς.
1698 2183 1780 2217 Ἡμῖν
1803 2182 1855 2217 μὲν
1878 2181 1936 2218 γὰρ

1146 2232 1201 2262 τοῖς
1228 2230 1384 2257 διδάσκουσι
1407 2229 1440 2256 τὰ
1467 2228 1511 2263 ἐφ’
1526 2226 1567 2260 οἷς
1578 2229 1611 2255 ἄν
1623 2237 1665 2260 τις
1678 2227 1830 2262 εὐδοκιμοίη
1848 2227 1939 2262 παρὰ

1145 2277 1215 2312 Θεῷ,
1233 2277 1279 2302 καὶ
1299 2275 1360 2302 λίαν
1384 2275 1613 2310 ἐσπουδασμένως
1628 2273 1797 2309 εἰσηγεῖσθαι
1814 2273 1937 2308 πρέπει·

1145 2322 1191 2349 καὶ
1202 2323 1258 2354 τοῖς
1271 2317 1449 2349 ἀντιτείνωσι
1461 2321 1551 2355 λέγειν
1565 2320 1635 2356 μετὰ
1645 2320 1693 2347 τοῦ
1709 2319 1816 2346 Παύλου
1825 2326 1837 2344 ⁸.
1851 2328 1861 2345 ι
1871 2319 1939 2346 Δεό-

1146 2369 1214 2404 μεθα
1232 2368 1442 2404 ὑπὲρνΧριστοῦ,
1458 2367 1649 2402 καταλλάγητε
1658 2366 1697 2401 τῷ
1709 2366 1770 2401 θεῷ
1779 2386 1788 2398 ,
1800 2375 1810 2390 ι
1825 2365 1891 2396 τοὺς
1906 2365 1940 2392 δὲ

1144 2414 1324 2447 ἀπειθοῦντας
1338 2415 1430 2441 λοιπὸν
1449 2413 1606 2441 ἀνατιθέναι
1627 2414 1660 2448 τῇ
1675 2411 1806 2439 τοῦ-Θεοῦ
1820 2411 1940 2445 δυνάμει

1145 2462 1287 2495 λέγοντες·
1306 2470 1316 2487 ι
1334 2460 1529 2499 Ἰατρερσαμεν
1545 2460 1595 2495 τὴν
1615 2457 1774 2488 Βαὸυλῶνα
1788 2477 1795 2489 ,
1812 2457 1861 2484 καὶ
1884 2458 1941 2483 οὐκ

1148 2507 1208 2543 ἰάθη
1220 2515 1226 2522 ·
1243 2506 1460 2542 ἐγκατελίπομεν
1480 2505 1566 2541 αὐτὴν
1580 2505 1622 2532 ὅτι
1634 2504 1750 2539 ήγγικεν
1762 2504 1803 2535 είς
1822 2502 1942 2538 οὐρανὸν

1144 2553 1175 2580 τὸ
1191 2555 1277 2589 κρῖμα
1293 2553 1387 2587 αὐτῆς.
1404 2562 1418 2578 ι.
1431 2552 1488 2578 Οὐκ
1500 2550 1646 2577 ἀκόλουθον
1666 2548 1812 2583 τοιγαροῦν
1827 2547 1872 2573 διὰ
1886 2547 1942 2578 τὰς

1144 2609 1226 2627 τινων
1242 2598 1406 2633 ἀντιλογίας,
1421 2597 1500 2633 ειπερ
1510 2597 1583 2625 τινὲς
1597 2596 1667 2627 ὅλως
1687 2595 1767 2626 εἰσὶν,
1780 2593 1944 2628 ἑκβάθρων

1145 2647 1239 2683 ὥσπερ
1254 2644 1446 2672 κατασείεσθαι
1464 2643 1528 2675 τοὺς
1541 2643 1599 2678 -τῆς
1620 2638 1943 2676 Ἐκκλησίας-θισμοὺς,
1998 2643 1999 2651 ‘

1144 2693 1239 2720 λαῖκοῦ
1255 2692 1471 2726 συνταττομένου
1496 2692 1552 2722 τοῖς
1567 2691 1596 2717 ὲν
1616 2688 1739 2725 ίερατείᾳ
1755 2685 1944 2721 διαπρόιιιασι,

1146 2741 1191 2767 καὶ
1217 2740 1246 2766 ὲν
1263 2738 1314 2774 ἴσῳ
1343 2738 1434 2774 μέτρῳ
1447 2737 1529 2773 τιμῆς
1553 2735 1746 2766 εἰσϐαίνοντος.
1762 2734 1809 2768 Μὴ
1830 2732 1886 2766 γὰρ
1904 2731 1948 2766 δὴ

340 2826 363 2842 ⁸³
378 2827 456 2854 Joan.
475 2835 512 2860 v1,
531 2829 574 2856 07.
613 2831 636 2846 ⁵⁵
651 2831 750 2858 Jerem.
763 2839 842 2863 xxxv,
860 2831 900 2857 Ill.
938 2830 960 2846 ⁵⁵
974 2829 995 2856 ll
1011 2828 1074 2857 Cor.
1087 2835 1113 2861 ν,
1125 2827 1170 2854 20-
