4044 6212
352 202 443 261 357
1655 198 1992 259 EPISTULA
2035 192 2268 260 LXXVI.
3511 209 3620 271 ὅδε

348 317 499 373 τοῦτο
527 314 869 373 καλείτωσαν
909 315 1290 390 οίκουμενικὴν
1321 332 1464 381 τινες
1509 317 1763 389 εἰρήνην,
1796 318 1909 373 me

2038 318 2255 376 dientes
2281 333 2414 375 vero
2444 319 2703 391 potestati
2724 314 2830 375 Ὠιεί
2855 321 3267 387 cmmendure,
3298 322 3435 378 illud
3456 340 3619 381 usur-

340 402 548 476 μᾶλλον
579 404 919 476 κατατομήν.
955 405 1098 476 Ἐγὼ
1119 406 1230 476 γὰρ
1262 406 1385 460 τότε
1405 407 1550 477 φημί
1568 407 1930 478 κρατύνεσθαι

333 497 397 551 τὺ
423 496 528 569 τῆς
543 498 771 569 εἰρήνης
796 498 970 570 δνομα
996 498 1091 553 καὶ
1113 500 1369 574 πρᾶγμα,
1395 500 1525 554 ὅταν
1567 501 1643 573 μὴ
1677 500 1800 566 ταῖς
1823 500 1931 556 τῶν

333 590 517 659 ἁγίων
550 588 795 661 γνώμαις
847 591 1319 663 ἀντιταττώμεθα,
1358 593 1497 665 μήτε
1542 593 1658 657 τοῖς
1705 592 1930 647 ἐκείνων

328 682 797 753 ἀντιπράττωμεν
812 683 981 754 ὅροις.
1006 684 1082 738 Οὐ
1109 684 1238 757 γὰρ,
1259 683 1314 739 εἴ
1339 701 1492 749 τινας
1517 683 1629 737 τῶν
1658 684 1798 739 κατά
1827 684 1927 756 τὴν

330 772 481 846 ἑῴαν
528 770 946 829 εὐλαϐεστάτων
998 775 1245 845 ἀδελφῶν
1298 777 1395 831 καί
1444 776 1858 830 συνεπισκὸπων
1898 774 1929 828 6

333 867 613 939 μακάριος
649 860 1022 941 Ἀλέξανδρος,
1058 867 1434 939 θρασύστομος
1469 866 1545 921 ὢν
1571 868 1766 934 ὅντως,
1784 864 1929 920 κατὰ

328 958 433 1029 τῆς
457 958 564 1028 σῆς
588 958 903 1024 θεοσεϐείας
935 959 1140 1033 φωνὴν,
1164 960 1501 1030 πεφενάκικε
1519 960 1614 1013 καί
1647 960 1927 1033 συναρπά-

329 1066 432 1114 σας
464 1044 617 1104 εἶλεν
647 1052 730 1115 εἰς
770 1040 993 1123 τὴνὲξὶ
1035 1052 1214 1123 τούτῳ
1248 1040 1576 1119 συναίνεσιν,
1626 1051 1723 1106 διὰ
1765 1050 1925 1105 τοῦτο

326 1145 559 1207 πάντως
607 1142 706 1197 καὶ
734 1145 959 1215 κρατεῖν
991 1144 1196 1213 ὀφείλει
1249 1144 1310 1198 τὸ
1350 1144 1564 1216 νόσημα
1588 1183 1604 1210 ,
1660 1143 1755 1198 καὶ
1802 1147 1925 1208 ταῖς

322 1236 594 1291 ἁπάντων
651 1234 1093 1289 καταϐόσκεσθαι
1143 1234 1376 1306 ψυχαῖς·
1409 1225 1547 1291 ἀλλά
1599 1236 1801 1307 μᾶλλον
1833 1230 1925 1291 οἷά

325 1346 414 1392 τις
443 1326 603 1400 λήμη
624 1326 716 1381 τὸν
743 1327 845 1398 τῆς
884 1327 1215 1399 Ἐκκλησίας
1238 1327 1517 1400 ὀφθαλμὸν
1544 1327 1920 1402 παραλύουσα,

325 1420 464 1491 παρ’
497 1418 656 1489 ὑμῶν
680 1406 1113 1491 ἐκκαθαίρεσθαι
1130 1437 1144 1451 ⁸
1170 1420 1259 1476 ἵνα
1286 1404 1354 1493 δὴ
1386 1420 1549 1476 πάλιν
1580 1421 1758 1495 ὀρθῶς
1782 1420 1921 1494 προς

325 1511 455 1575 τοὺς
478 1509 591 1563 τῶν
618 1508 883 1583 Πατέρων
899 1511 1059 1584 ὅρους
1078 1513 1482 1579 ἀποϐλέπουσα,
1501 1513 1725 1577 δικαίως
1744 1513 1920 1586 ἀκούῃ

328 1602 460 1674 περὶ
490 1596 734 1677 Χριστοῦ
755 1621 770 1635 ·
807 1622 827 1656 ι
866 1605 931 1658 Ol
967 1604 1234 1677 ὀφθαλμοί
1266 1592 1740 1678 σου’πε“”ριστεραί.
1772 1624 1791 1656 ι
1820 1606 1919 1660 Ἀέ-

324 1698 527 1769 δεγμαι
557 1688 653 1751 οὖν
675 1695 912 1769 γράμμα
941 1697 1099 1767 κάγὼ
1129 1698 1281 1770 παρά
1304 1698 1398 1752 τοῦ
1423 1698 1790 1769 εὐγηροτάτου
1824 1699 1919 1753 καὶ

325 1790 751 1861 θεοφάεστάτου
790 1790 1049 1845 Ἀκακίου
1069 1805 1083 1820 °
1108 1789 1236 1844 ἔνθα
1265 1788 1355 1844 τὸν
1402 1789 1796 1845 εὐλαϐέστατον
1820 1792 1919 1861 τῆς

339 1883 680 1954 Ἀντιοχείας
714 1880 1021 1936 ’ἐπίσκοπον
1060 1881 1404 1954 ἠναγκάσθαι
1446 1880 1602 1953 παρά
1640 1898 1803 1937 τινων
1838 1883 1917 1936 δι-

320 1975 700 2046 ῖσχυρίζεται,
734 1972 835 2046 τὴν
876 1974 1125 2028 Ἰωάννου
1175 1975 1396 2047 μνήμην
1440 1972 1785 2029 ἐπιτελέσαι*
1823 1975 1916 2030 καὶ

318 2065 623 2121 δάκνεσθαι
655 2064 754 2136 μὲν
786 2065 880 2119 ἐπὶ
914 2064 1091 2137 τούτῳ
1119 2066 1347 2138 σφόδρα,
1377 2066 1532 2121 λύσιν
1556 2066 1619 2121 δέ
1659 2084 1782 2121 τινα
1805 2068 1935 2123 τῶν

321 2163 390 2214 ὲκ
427 2159 769 2231 προπετείας
817 2157 1084 2232 εὕρασθαι
1126 2158 1424 2231 ζητοῦντα,
1474 2160 1570 2214 καί.
1610 2162 1914 2233 γράμματα

324 2253 453 2324 περὶ
486 2251 684 2305 τούτου
713 2250 1050 2322 κομίσασθαι
1090 2250 1414 2322 βουλόμενον
1457 2252 1610 2323 παρά
1649 2270 1709 2306 τε
1756 2253 1914 2324 ἡμῶν

325 2348 421 2401 καὶ
456 2345 564 2416 τῆς
591 2344 694 2414 σῆς
742 2343 1077 2409 θεοσεϐείας,
1132 2342 1322 2413 σαφῶς
1374 2344 1795 2416 διαγορεύοντα,
1835 2346 1911 2417 μὴ

326 2434 741 2505 σωαπὰγεσθαί
770 2452 903 2500 τισι,
931 2435 1069 2506 μηδὲ
1096 2437 1264 2490 είκειν
1285 2438 1394 2500 τοῖς
1418 2437 1643 2493 τοιαῦτα
1673 2439 1912 2511 συμϐου-

323 2530 594 2586 λεύουσιν.
646 2527 788 2581 Ἀλλ’
815 2528 865 2581 οἱ
896 2527 1033 2599 πρὸς
1065 2527 1362 2599 θεραπείαν
1393 2528 1722 2602 κεκλημένοι
1748 2528 1908 2602 (δίδου

320 2622 431 2692 γάρ
462 2636 555 2692 μοι
570 2619 757 2689 λέγειν
783 2618 924 2689 μετά
942 2619 1252 2691 παρρησίας
1271 2620 1559 2675 τωνέσαντι
1588 2621 1689 2693 τὴν
1705 2622 1910 2697 ψυχὴν)

322 2712 660 2786 τραυμάτων
687 2710 976 2783 προσθήκη
1009 2710 1085 2782 μὴ
1107 2711 1424 2784 γενώμεθαο
1453 2713 1539 2767 ἴνα
1563 2715 1754 2769 καίιτὸ
1766 2712 1910 2771 εἶναι

322 2804 796 2879 παρακολούθημα
814 2802 917 2873 τῆς
934 2803 1139 2885 ἑτέρων
1151 2804 1490 2877 Δπροπετείας
1513 2807 1903 2885 ἀποφύγωμεν.

318 2899 604 2971 Caupde
627 2898 688 2952 δὲ
719 2880 967 2964 κάκεῖνό,
1006 2900 1056 2953 εἰ
1088 2898 1342 2967 τοσοῦτος
1366 2888 1447 2955 ’ὢν
1475 2880 1909 2972 εἰςπολυλογίαν

2033 416 2232 481 pantes
2262 428 2275 464 :
2317 431 2335 463 ι
2356 410 2698 466 Curavimus
2726 411 3065 483 Babylonem
3086 454 3100 478 ,
3146 414 3246 469 sed
3279 424 3471 472 sanata
3498 434 3617 474 non

2032 511 2119 558 est
2145 520 2158 556 :
2188 502 2567 573 relinquamus
2594 519 2739 570 eam;
2767 507 3028 574 quoniam
3060 507 3313 575 pervenit
3334 509 3390 564 in
3410 511 3615 566 ocelle:

2026 591 2302 664 judicium
2318 594 2443 665 ejus
2460 594 2529 649 “.
2563 614 2580 646 ι
2616 594 2976 667 Consequens
3002 596 3170 668 igitur
3196 613 3307 654 non
3340 607 3446 666 est,
3480 615 3615 669 pro-

2029 690 2157 752 pter
2214 684 2477 740 adversos
2531 688 2904 756 quorumdam
2968 699 3254 744 sermones
3283 730 3298 755 ,
3340 691 3615 760 siquidem

2029 789 2258 844 prorsus
2286 777 2456 847 aliqui
2482 785 2630 843 sunt,
2659 778 2911 835 funditus
2942 780 3259 837 sanctiones
3284 783 3618 840 ecclesiasti-

2028 878 2121 921 cas
2148 868 2406 933 camelli,
2445 876 2507 921 ut
2532 868 2709 923 laicus
2734 869 3070 925 sacerdotali
3101 871 3371 943 dignitate
3388 873 3613 930 eniten-

2027 956 2177 1013 tibus
2203 967 2580 1026 accenseatur,
2617 968 2675 1015 et
2705 961 2973 1017 honorem
3012 963 3269 1019 eumdem
3302 979 3612 1036 consequa-

2028 1054 2137 1102 tur.
2184 1048 2376 1119 Neque
2422 1052 2571 1106 enim
2619 1052 2726 1107 hoc
2770 1067 3121 1110 communem
3168 1057 3324 1112 orbis
3362 1058 3611 1115 universi

2024 1154 2238 1211 pacem,
2260 1141 2366 1197 sed
2395 1143 2772 1199 concisionem
2794 1144 2982 1216 potius
3004 1144 3226 1217 quidam
3249 1157 3467 1204 vocent.
3497 1150 3613 1222 Ege

2024 1231 2247 1301 quidem
2285 1241 2398 1287 tum
2430 1234 2655 1290 demum
2688 1236 2943 1292 obtinere
2982 1238 3143 1309 207
3167 1238 3375 1295 debere
3406 1248 3466 1295 et
3504 1256 3610 1296 no-

2025 1340 2149 1382 men
2175 1337 2231 1383 et
2253 1343 2371 1383 rem
2389 1328 2562 1400 ipsam
2582 1329 2733 1401 paris
2753 1346 2975 1397 censeo,
3000 1342 3125 1387 cum
3149 1342 3463 1388 sanctorum
3482 1348 3611 1389 sen-

2010 1418 2212 1474 tentiis
2264 1434 2373 1474 non
2432 1421 2813 1488 adversemur,
2868 1436 3053 1493 neque
3098 1422 3320 1479 illorum
3368 1425 3610 1481 decretis

2016 1509 2597 1580 repugnemusﬂuod
2627 1511 2673 1566 si
2701 1511 2851 1566 enim
2876 1511 3079 1567 beatus
3098 1512 3430 1580 Alexander,
3466 1529 3608 1570 eon-

2012 1592 2246 1655 ﬂdentis
2287 1614 2517 1672 prorsus
2557 1603 2674 1657 oris
2702 1603 2809 1669 vir,
2838 1605 2994 1676 juxta
3025 1603 3250 1675 pietatis
3271 1612 3391 1669 stum
3406 1605 3603 1672 verba,

2021 1693 2238 1763 aliquos
2262 1708 2329 1749 ex
2356 1695 2788 1767 religiosissimis
2814 1696 3081 1753 fratribus
3124 1705 3183 1752 et
3228 1697 3454 1769 collegis
3499 1711 3605 1752 no—

2014 1785 2149 1840 stris
2173 1783 2549 1843 Orientalibus
2575 1789 2850 1860 episcopis
2875 1790 3025 1846 inani
3049 1789 3329 1845 dictorum
3360 1789 3488 1846 fuoe
3509 1789 3608 1846 de-

2017 1877 2184 1947 cepit,
2214 1884 2269 1932 et
2302 1879 2370 1933 ad
2398 1879 2563 1949 huius
2600 1881 2680 1935 rei
2713 1880 3225 1952 comprobationem
3251 1890 3442 1953 raptos
3469 1896 3603 1953 per-

2016 1968 2202 2035 traxit,
2234 1984 2349 2024 non
2365 1981 2668 2042 propterea
2694 1974 2927 2029 morbus
2950 1974 3043 2029 hic
3069 1973 3600 2045 prorsus'obtinere,
3668 2029 3674 2035 .

1995 2067 2071 2117 «et
2122 2063 2338 2118 animas
2386 2064 2637 2121 omnium
2684 2066 3010 2136 depascere,
3058 2066 3159 2122 sed
3196 2066 3388 2137 potius
3429 2066 3603 2124 veluti

2015 2153 2266 2224 quaedam
2316 2155 2612 2226 lippitudo,
2661 2157 2925 2213 Ecclesiae
2965 2159 3188 2214 oculum
3233 2156 3521 2227 infestans,
3569 2175 3603 2216 a

2012 2246 2174 2302 vobis
2207 2248 2496 2319 repurgari
2541 2249 2743 2315 debet;
2788 2258 2847 2305 ut
2886 2251 2977 2306 illa
3018 2266 3241 2306 rursum
3285 2251 3498 2308 directe
3529 2251 3602 2307 ad

2008 2335 2237 2415 Patrum
2259 2338 2483 2396 decreta
2506 2341 2828 2411 respiciens,
2850 2342 3049 2398 merito
3071 2359 3101 2398 a
3123 2342 3343 2399 Christo
3368 2342 3558 2399 audiat
3581 2360 3599 2399 :

2019 2447 2038 2480 ι
2068 2428 2223 2485 Oculi
2251 2430 2329 2487 tui
2357 2432 2627 2489 columbae
2648 2435 2715 2488 ⁸⁷.
2747 2453 2765 2486 ι
2807 2433 3009 2505 Accepi
3032 2443 3088 2491 et
3111 2450 3213 2506 ego
3238 2451 3269 2491 a
3292 2435 3386 2492 Dei
3413 2451 3603 2491 aman-

2008 2522 2246 2590 tissimo,
2273 2520 2368 2595 qui
2396 2524 2465 2580 ad
2484 2533 2789 2581 extremam
2816 2525 3053 2584 feliciter
3075 2527 3329 2598 pervenit
3352 2536 3602 2584 senectu-

2011 2624 2145 2681 tem,
2199 2615 2401 2672 Acacio
2455 2617 2695 2684 litteras,
2732 2614 2800 2672 in
2852 2612 3057 2688 quibus
3118 2614 3600 2699 religiosissimum
3710 2624 3716 2631 ’

2009 2707 2316 2764 Antiochiae
2342 2708 2645 2764 antistitem
2685 2709 2738 2764 vi
2762 2718 3013 2765 coactum
3041 2725 3072 2765 a
3098 2711 3429 2782 quibusdam
3450 2728 3596 2782 esse,

2012 2809 2074 2855 ut
2098 2799 2326 2855 Joannis
2357 2801 2682 2856 memoriam
2714 2801 3037 2868 celebraret,
3073 2813 3353 2859 asseverat
3386 2822 3400 2858 :
3431 2812 3598 2875 atque

2012 2892 2150 2948 illud
2180 2880 2448 2964 praeterea
2471 2876 3108 2965 aperte'commemorat,
3156 2896 3313 2952 valde
3350 2896 3597 2953 eum'vi-

312 2994 347 3045 6
376 2989 780 3073 μνημωευθείς
818 2988 1168 3064 Ἀλέξανδρος
1189 3028 1206 3055 ,
1230 2992 1331 3046 καὶ
1362 2993 1568 3063 χρόνον
1616 2993 1678 3048 οὐ
1715 2995 1909 3067 μικρὸν

2012 3001 2137 3040 rum
2162 2984 2307 3040 eain
2339 3000 2399 3039 re
2424 2983 2616 3040 dolore
2650 2983 2909 3040 allectum
2950 2984 3120 3042 fuisse
3141 3028 3156 3053 ,
3189 2988 3446 3059 viamque
3489 2986 3598 3073 qua

312 3079 614 3151 διατρίψας
638 3068 841 3144 ἐκεῖσε,
868 3080 968 3150 οὐχ
999 3081 1149 3145 ὅπως
1180 3080 1405 3152 ἰσχύσας
1434 3083 1724 3147 ἀναπεῖσαί
1756 3102 1910 3151 τινας

315 3173 456 3246 πρὸς
486 3171 958 3242 τοῦτονφαίνεταιο
981 3165 1063 3236 εἷς
1085 3171 1144 3226 δὲ
1178 3175 1525 3245 γραμμάτων
1554 3176 1909 3253 διακομιστὴς

310 3266 584 3322 τοσοῦτον
607 3263 845 3336 ἴσχυσεν,
865 3264 942 3329 ὡς
959 3264 1342 3337 τεθρύλληται,
1364 3267 1505 3323 ὥστε
1520 3269 1691 3341 δῆμον
1704 3270 1908 3342 ἀνάψαι

308 3359 599 3424 τοσοῦτον,
620 3359 717 3414 καὶ
747 3358 1208 3429 κατηυνασμένην
1230 3359 1489 3415 ὑπόθεσιν
1504 3362 1684 3435 χρόνῳ
1707 3364 1909 3436 μακρῷ

310 3455 587 3524 διεγεῖραι
611 3450 821 3507 πάλιν,
837 3450 978 3522 ὅπερ
998 3450 1117 3504 ἐστὶ
1147 3451 1427 3516 παντελῶς
1458 3452 1745 3511 ἀπίθανον.
1764 3452 1907 3511 Ἀλλ’

310 3544 455 3598 ἐστιν
477 3542 594 3596 ’καὶ
624 3540 786 3594 τοὸτο
817 3540 912 3595 καὶ
937 3539 1276 3595 πιστευέσθω
1297 3541 1587 3614 γενόμενον
1607 3557 1619 3571 ⁸
1653 3544 1769 3599 ἀλλ’
1789 3540 1907 3600 οἶδα

302 3636 412 3707 τὴν
430 3636 539 3705 σὴν
574 3631 891 3687 θεοσέϐειαν
922 3630 1322 3705 ἀριστεύουσαν
1348 3633 1407 3687 ὲν
1440 3634 1638 3704 λόγοις.
1662 3635 1905 3704 Διδάξεις

314 3729 533 3790 πάντως
564 3724 641 3779 τὰ
668 3723 862 3779 δέοντα
888 3725 1022 3788 τοὺς
1052 3722 1545 3796 τεθορυϐημένους.
1581 3726 1770 3799 Ἔχεις
1802 3728 1904 3799 ἀρ-

313 3819 517 3875 πξσαν
544 3817 659 3871 τῶν
714 3816 880 3887 ιερῶν
900 3807 1290 3895 κηρυγμάτων
1317 3817 1416 3887 τὴν
1455 3818 1636 3889 χάριν.
1665 3820 1902 3887 Πείσεις,

308 3903 449 3973 οἶδα,
488 3907 589 3960 καὶ
616 3906 746 3969 τοὺς
773 3904 1199 3972 εὐσεϐεστάτους
1237 3906 1497 3977 βασιλεῖς,
1522 3910 1745 3984 ἀγαπᾷν
1781 3928 1904 3965 συν·

308 4001 459 4072 ήθως
484 4000 689 4064 corcet;
706 3998 903 4059 κανόσι
920 3996 1182 4072 δ[οκ]οὗν.
1215 3999 1479 4065 Εὐσεϐεῖς
1499 4001 1610 4073 γὰρ
1630 4001 1780 4066 ὄντες
1809 4004 1904 4058 καὶ

308 4095 678 4165 “unum,
708 4091 934 4162 θεσμοῖς
985 4092 1138 4157 ἰδίοις
1178 4092 1903 4164 ἐπιτρέψουσιηδιοικεῖσθαι

305 4184 405 4240 τὰς
435 4181 797 4253 Ἐκκλησίας,
816 4182 915 4236 καὶ
928 4181 1029 4253 τῆς
1050 4180 1312 4253 πατρῴας
1334 4183 1553 4255 ἀρετῆς
1567 4184 1904 4257 ὑπάρχοντες

308 4272 579 4343 ζηλωταὶ,
605 4272 678 4326 τὰ
699 4271 928 4326 ἐκείνων
962 4271 1317 4343 μιμήσονται.
1359 4271 1453 4342 Μὴ
1487 4272 1768 4327 ταττέσθω
1790 4289 1901 4326 τοι-

2014 3091 2045 3131 a
2069 3085 2189 3155 tam
2209 3076 2495 3147 prtefracta
2536 3072 2766 3133 audacia
2805 3076 3140 3135 liberaretur
3181 3080 3465 3150 qumsiisse
3496 3080 3509 3136 ὲ
3543 3090 3601 3137 et
3630 3124 3637 3131 .

2011 3169 2225 3225 litteras
2257 3166 2362 3225 hac
2386 3170 2455 3225 dc
2481 3184 2644 3225 causa
2671 3186 2703 3226 a
2730 3170 2897 3226 nobis
2926 3160 2981 3227 et
3011 3171 3215 3241 pietate
3244 3180 3359 3239 tua,
3405 3188 3475 3230 ne
3519 3172 3597 3230 si-
3706 3194 3712 3209 ε

2009 3263 2125 3318 mul
2154 3278 2278 3317 cum
2306 3261 2638 3333 quibusdam
2683 3262 2742 3319 in
2782 3263 3039 3320 eumdem
3074 3276 3321 3322 errorem
3359 3266 3597 3324 ducere-

2009 3362 2120 3419 tur,
2150 3369 2289 3421 neve
2319 3348 2659 3426 ejuscemodi
2694 3354 2926 3411 consilia
2971 3356 3308 3428 agitantibus
3350 3358 3593 3427 cederet,

2006 3445 2304 3525 impetrare
2324 3445 2585 3500 voluisse.
2612 3445 2682 3499 At
2712 3440 2835 3512 nos,
2860 3446 2957 3516 qui
2978 3447 3047 3502 ad
3073 3464 3262 3503 curam
3287 3459 3347 3521 et
3367 3449 3597 3505 medici-

1955 3545 1978 3572 ⁸
2006 3551 2132 3591 nam
2163 3535 2469 3591 faciendam
2505 3537 2685 3591 vocati
2727 3552 2919 3593 sumus
2954 3538 3059 3609 (da
3097 3539 3245 3593 enim
3289 3539 3397 3595 hoc
3430 3540 3591 3608 mihi,

2007 3638 2196 3699 utpro
2232 3627 2402 3683 animi
2432 3629 2541 3684 mei
2575 3628 2768 3684 dolore
2802 3629 2978 3685 libere
3017 3626 3204 3686 dicere
3234 3631 3489 3702 possim),
3522 3620 3594 3689 ne

2006 3714 2250 3771 accessio
2294 3712 2585 3769 vulnerum
2634 3714 2849 3782 fiamus,
2893 3714 2991 3772 sed
3035 3718 3221 3788 potius
3271 3718 3591 3791 opinionem

2003 3823 2146 3871 eam,
2182 3823 2289 3877 qua
2324 3807 2689 3862 temeritatem
2737 3794 2969 3863 aliorum
3017 3810 3194 3865 secuti
3243 3826 3365 3867 esse
3412 3814 3590 3870 videri

1984 3899 2299 3971 possimus,
2333 3898 2626 3971 fugiamus.
2657 3898 2913 3955 Demiror
2950 3916 3083 3956 vero
3112 3902 3217 3957 hoc
3260 3920 3502 3977 quoque,
3543 3909 3591 3964 si

2002 3991 2334 4057 Alexander,
2358 4007 2522 4063 quem
2551 3990 2812 4058 diximus,
2849 4001 2957 4048 tam
2987 3993 3054 4049 ad
3084 3993 3381 4053 dicendum
3407 4015 3593 4069 prorn—

2001 4094 2130 4156 ptus
2158 4094 2213 4139 et
2233 4083 2507 4155 copiosus,
2540 4094 2594 4140 et
2620 4083 2715 4155 qui
2755 4100 2864 4139 non
2910 4101 3078 4156 parvo
3108 4095 3352 4157 tempore
3398 4090 3587 4146 vobis-

2003 4192 2127 4232 cum
2159 4176 2330 4232 isthic
2378 4186 2629 4235 versatus
2661 4177 2753 4241 sit,
2791 4177 3004 4248 aliquos
3032 4177 3103 4232 ad
3136 4176 3279 4234 hanc
3314 4195 3427 4236 rem
3458 4196 3587 4237 sua-

2002 4267 2156 4324 sione
2182 4284 2280 4323 sua
2315 4267 2590 4323 adducere
2628 4283 2737 4323 non
2770 4270 3017 4340 potuisse
3061 4264 3213 4326 visus
3251 4279 3372 4337 est,
3420 4288 3586 4343 quam

308 4363 570 4435 γαροῦνὸ
602 4360 1008 4433 ἐκϐεϐλημένος
1060 4361 1314 4432 Ἰεχονίας
1346 4360 1487 4433 μετὰ
1518 4362 1684 4417 Δαϐίδ
1720 4380 1780 4417 τε
1808 4363 1903 4418 καί.

2007 4360 2322 4418 tabellarius
2358 4377 2502 4417 unus
2545 4360 2760 4417 efiiccre
2796 4370 3031 4429 tantum,
3062 4362 3223 4418 sicuti
3270 4365 3587 4421 rumoribus

310 4453 571 4526 Σαμουὴλ
598 4452 708 4506 τῶν
728 4452 1025 4525 προφητῶν
1044 4469 1059 4482 ·
1088 4451 1226 4524 μηδὲ
1266 4453 1321 4506 εί
1361 4470 1503 4509 τισιν
1531 4455 1732 4521 ἀδίκως
1751 4454 1898 4522 ἔδοξε

214 4594 227 4603 ,
307 4546 368 4600 τὸ
394 4544 653 4609 Εὗδοξίου
684 4543 937 4613 λείψανον
958 4543 1015 4597 ὲν
1053 4544 1239 4609 αὐτοῖς
1272 4544 1660 4600 ἀποτεθεῖσθαι
1688 4546 1895 4611 τόποιςσ

308 4639 395 4693 διὰ
424 4637 593 4695 τοῦτο
610 4636 709 4691 καί.
732 4639 896 4708 ἡμεῖς
915 4636 1006 4690 τὸν
1025 4636 1243 4710 ἀνίερον
1267 4636 1340 4702 ὡς
1372 4637 1517 4709 ἱερὸν
1544 4638 1892 4712 εἰσφέρομεν.

319 4729 524 4800 Ἐχρῆν
557 4727 671 4800 γὰρ
700 4726 877 4799 δήπου
904 4726 1110 4798 μᾶλλον
1143 4727 1367 4783 κάκεῖνο
1389 4729 1675 4801 διόρθωσιν
1697 4730 1893 4802 ἐπιζη-

306 4822 518 4875 τεῖσθαι
538 4821 675 4889 παρ’
693 4822 727 4891 ἡ
734 4819 873 4891 μῶν,
898 4821 1000 4874 οὐκ
1024 4818 1189 4876 αὐτὸν
1207 4821 1546 4894 μορφοῦσθαι
1558 4822 1628 4877 τὰ
1642 4822 1888 4897 δεύτερα.

308 4913 417 4967 Καὶ
442 4910 624 4967 ταῦτά
650 4926 836 4982 φαμεν
861 4911 962 4981 οὐχ
981 4910 1058 4974 ὡς
1079 4911 1502 4983 ἐπεμϐαίνοντες
1525 4900 1611 4984 τῷ
1629 4914 1887 4987 κειμένῳ

306 5006 383 5076 μὴ
408 5004 521 5077 γὰρ
548 5002 854 5074 δοίηεΘεὸςο
881 5001 1423 5074 ούδὲέπιχαίροντες,
1452 5002 1529 5068 ὼς
1557 5004 1888 5077 γέγραπται,

302 5097 415 5159 τοῖς
450 5095 776 5169 ἀλλοτρίοις
807 5094 1032 5158 κακοῖς·
1086 5094 1147 5147 οὐ
1200 5094 1311 5166 γὰρ
1346 5088 1503 5160 οὗτος
1548 5096 1888 5167 Χριστιανῶν

304 5189 537 5253 σκοπός
564 5187 701 5243 ἀλλὰ
730 5187 829 5257 τῆς
855 5186 992 5258 πρὸς
1023 5186 1310 5260 ἄνθρωπον
1344 5188 1707 5260 συμπαθείας,
1739 5188 1798 5243 τὸ
1818 5191 1885 5261 τῇ

310 5281 607 5354 Ἐκκλησία
662 5280 945 5353 συμφέρον
986 5280 1341 5351 πράττοντες,
1390 5281 1487 5335 καὶ
1525 5280 1633 5335 τῶν
1682 5282 1887 5355 ταύτης

304 5374 546 5429 κανόνων
582 5372 737 5428 οὐδὲν
757 5372 1048 5445 ἡγούμενοι
1080 5374 1500 5446 προτιμότερον.
1533 5374 1595 5428 Εἰ
1637 5375 1734 5445 μὲν
1759 5375 1886 5447 ὲξῆν

304 5464 455 5519 οὐδὲν
488 5464 590 5536 μὲν
640 5463 857 5528 τούτοις
900 5463 1279 5537 λυμήνασθαι,
1320 5464 1680 5531 κατατάττειν
1723 5467 1780 5521 δὲ
1827 5470 1885 5522 ἐν

370 5645 416 5676 ⁸⁸
438 5643 643 5701 Jercm.
677 5657 751 5709 ιι,
774 5642 828 5697 9.
907 5641 951 5673 ⁸⁷
973 5640 1130 5696 Cant.
1165 5658 1202 5709 ι,
1232 5642 1317 5696 14.

1998 4452 2195 4520 fertur,
2228 4453 2430 4524 potuit,
2459 4464 2521 4509 ut
2547 4454 2811 4525 populum
2840 4455 3220 4521 commoverit,
3255 4472 3584 4527 causamque

2001 4553 2246 4615 tempere
2294 4545 2539 4617 longiore
2587 4546 2819 4616 sopitum
2866 4546 3048 4601 denuo
3094 4538 3397 4602 excitarit}
3434 4549 3582 4619 quod

1996 4639 2224 4695 omnino
2255 4648 2339 4694 est
2365 4637 2710 4694 incredibile.
2751 4636 2955 4693 Verum
2990 4638 3061 4693 sit
3102 4637 3208 4693 hoc
3249 4653 3490 4708 quoque,
3526 4652 3584 4694 et

1998 4731 2071 4786 ita
2096 4731 2301 4787 factum
2324 4746 2448 4787 esse
2484 4725 2782 4786 credatur:
2819 4730 2914 4787 sed
2958 4730 3083 4785 novi
3130 4730 3393 4801 pietatem
3431 4739 3578 4785 tuam

1995 4824 2312 4897 praeclaram
2356 4823 2413 4879 in
2449 4823 2765 4894 eloquentia
2795 4838 2937 4879 esse.
2975 4822 3207 4878 Docebit
3245 4838 3309 4879 ea
3351 4838 3581 4895 prorsus

1993 4932 2115 4989 quae
2166 4931 2305 4988 opus
2354 4925 2460 4982 est,
2510 4915 2764 4991 homines
2819 4915 2887 4972 ad
2938 4916 3235 4970 tumultum
3287 4914 3575 4970 excitatos.

1992 5005 2229 5062 Uberem
2254 5004 2426 5065 habes
2462 5019 2737 5061 sacrarum
2764 5004 3138 5060 doctrinarum
3156 5005 3419 5075 gratiam.
3447 5005 3580 5059 Per-

1992 5098 2269 5165 suadebis,
2294 5098 2427 5165 scio,
2457 5097 2722 5169 piissimis
2743 5098 2907 5153 etiam
2936 5097 3301 5170 principibus,
3330 5105 3391 5152 ut
3423 5086 3578 5155 more

1964 5205 2093 5248 .suo
2136 5191 2193 5246 in
2223 5207 2493 5247 canonum
2539 5189 2780 5246 decretis
2801 5182 3175 5260 acquiescant.
3227 5189 3382 5257 Quod
3426 5187 3576 5245 enim

1992 5299 2134 5339 verae
2162 5282 2384 5353 pietatis
2406 5280 2640 5337 studiosi
2673 5289 2728 5336 et
2751 5279 2958 5337 Christi
2985 5289 3233 5336 amantes
3254 5289 3403 5347 sunt,
3436 5296 3573 5338 con-

1987 5376 2371 5431 stitutionibus
2392 5376 2509 5431 suis
2529 5375 2806 5431 Ecclesias
2825 5373 3203 5433 administrari
3225 5371 3570 5444 permittent,

1986 5478 2337 5539 paternteque
2373 5467 2595 5526 virtutis
2629 5466 2976 5525 aamulatores
3013 5467 3283 5541 majorum
3321 5464 3568 5539 exempla
