4044 6212
488 213 596 271 559

1521 212 1580 267 S.
1619 209 1895 269 (ΣΥΜΕιί
1932 210 2402 269 ALEXANDRINI
2438 211 2758 289 ARCIIIEP.

3643 212 3751 269 360

488 328 870 386 imitabantur.
903 327 982 384 Ne
997 325 1163 399 igitur
1181 328 1347 400 208
1369 325 1664 383 Jechonias
1685 326 1924 396 rejectus
1944 340 2069 381 eum

2182 327 2495 389 ἐπισκόποις
2532 326 2624 378 τὸν
2663 321 3047 395 καθῃρημένον
3072 363 3087 387 ,
3118 315 3186 393 ἧν
3214 321 3281 377 ἂν
3309 321 3535 388 εἰκότως
3574 324 3752 378 εἰπεῖν

488 422 692 478 Davide
725 430 782 477 et
821 420 1077 476 Samuele
1104 420 1390 491 prophetis
1431 426 1724 472 censeatur
1747 434 1759 469 :
1786 432 1988 486 neque,
2021 417 2068 472 si

487 514 819 585 quibusdam
861 512 1050 581 inique
1083 511 1345 580 placitum
1377 518 1501 573 .est,
1554 517 1616 563 ut
1654 506 1889 563 Eudoxii
1936 508 2069 563 reli-

485 605 645 673 quias
669 617 735 656 eo
757 616 868 671 quo
895 600 1198 670 scripsistis
1237 608 1572 672 reponerent
1600 601 1743 665 loco,
1780 610 2071 671 propterea

486 710 588 750 nos
614 708 835 764 quoque
868 693 1160 763 profanum
1190 702 1252 748 ut
1288 706 1507 748 sacrum
1556 692 1820 751 inalbum
1864 691 2068 747 refera-

485 804 630 843 mus.
674 785 933 857 Oportuit
972 800 1211 855 namque
1251 800 1287 840 a
1321 785 1483 839 nobis
1523 800 1612 839 res
1656 784 1802 839 illius
1843 782 2067 853 corrigi,

487 893 597 933 non
626 880 779 934 illum
802 877 967 932 nobis
995 876 1377 947 praascribere,
1405 884 1462 930 et
1494 891 1615 946 qua:
1641 884 1767 945 post
1792 890 1919 930 eum
1948 883 2068 929 acta

486 977 618 1024 sunt
645 968 1005 1024 constituere.
1038 968 1218 1037 Atque
1250 966 1368 1021 haec
1388 965 1647 1033 dicimus,
1678 978 1789 1019 non
1816 963 1963 1033 quod
1982 963 2069 1033 ja-

486 1062 633 1115 eenti
661 1070 719 1115 et
751 1069 971 1115 mortuo
994 1060 1087 1114 illi
1114 1058 1479 1114 insultemus:
1511 1071 1623 1111 non
1653 1056 1801 1111 enim
1831 1055 1939 1109 hoc
1978 1054 2074 1111 det

488 1150 666 1206 Deus!
712 1166 893 1221 neque
939 1151 1090 1221 quod
1134 1150 1350 1215 alienis,
1387 1149 1551 1205 sicuti
1594 1147 1862 1217 scriptum
1893 1152 1978 1200 est
2002 1143 2079 1210 ⁵⁸,

2168 416 2400 486 ἀγρίους
2426 414 2579 478 τινὰς
2613 414 2710 467 καὶ
2760 414 3070 484 ἀνημέρους
3123 414 3250 476 τοὺς
3287 412 3449 466 τοῦτο
3496 416 3752 483 γενέσθαι

2168 506 2590 569 διακωλύοντας.
2652 505 2872 575 Ἐπειδὴ
2902 505 2961 558 δὲ
3006 504 3222 574 ἀνάγκη
3260 503 3594 574 κρατοῦντος
3634 509 3751 572 ένδς

2171 599 2271 670 τὴν
2297 598 2392 652 τοῦ
2426 597 2615 670 ἑτέρου
2642 597 3016 667 παραλύεσθαι
3051 596 3283 666 δύναμιν
3302 636 3317 662 ,
3363 598 3672 653 νικάτωσαν
3702 603 3752 653 οἰ

2171 690 2275 760 τῆς
2294 689 2625 761 Ἐκκλησίας
2655 690 2867 761 θεσμοὶ,
2896 690 2991 743 καὶ
3020 689 3378 761 ἀποχωρείτω
3399 688 3507 745 τῶν
3550 690 3752 761 ἰερατι-
3784 718 3791 726 ·

2176 778 2288 831 κῶν
2306 778 2622 847 καταλόγων
2640 778 2669 831 ό
2698 778 2773 851 μὴ
2799 777 3131 851 λειτουργός.
3159 776 3335 832 Τοῦτο
3355 776 3463 850 γὰρ
3491 779 3752 835 συνάπτει

2175 867 2314 939 πρὸς
2360 869 2587 941 εἰρήνην
2628 869 2729 933 τὰς
2791 868 3173 941 Ἐκκλησίαςοο
3205 868 3364 923 τοῦτο
3410 873 3591 925 πᾶσαν
3622 872 3754 943 ἡμῖν

2171 962 2475 1035 ὁμοψυχίαν
2523 965 2911 1038 ἁνεργάσαιτο.
2958 965 3113 1019 Δίδου
3160 963 3447 1037 τοιγαροῦν
3480 966 3631 1035 ἡμῖν,
3692 966 3758 1018 τὸ

2171 1053 2503 1123 συνάγεσθαι
2535 1054 2797 1126 καθαρῶς
2827 1054 2967 1126 μετὰ
3002 1054 3102 1126 τῆς
3128 1056 3229 1126 σῆς
3254 1054 3610 1119 ῐθεοσεδείας,
3639 1054 3759 1119 ἐνὸς

2172 1146 2270 1200 καὶ
2311 1144 2507 1200 τούτου
2548 1146 2973 1218 τελευτήσαντος
3019 1146 3232 1217 ἀμείνω
3283 1145 3611 1216 ποιούμενος
3654 1145 3759 1215 τὴν

486 1240 737 1296 Ιαξιοηιυι·
778 1241 936 1297 malis
962 1258 977 1295 :
1003 1256 1116 1296 non
1156 1241 1305 1297 enim
1346 1240 1455 1295 hoc
1496 1238 1941 1295 Christianorum
1986 1232 2071 1290 est

2182 1235 2312 1307 πρὸς
2340 1236 2466 1301 τοὺς
2492 1236 2572 1291 ἔτι
2598 1237 2809 1315 ζῶντας
2844 1239 3144 1311 ἀγάπησιν,
3188 1238 3388 1311 μᾶλλον
3418 1238 3476 1292 δὲ
3503 1238 3630 1302 τοὺς
3658 1236 3758 1308 τῆς

488 1332 781 1387 consilium
822 1341 880 1387 et
914 1333 1230 1388 institutum
1261 1348 1274 1385 :
1308 1331 1407 1386 sed
1433 1330 1488 1385 id
1520 1328 1668 1400 quod
1698 1327 1909 1384 homini
1938 1341 2073 1382 con-

2186 1326 2517 1400 Ἐκκλησίας
2553 1330 2814 1401 θεσμούς.

488 1422 762 1489 dolemus,
826 1423 895 1478 ad
941 1423 1233 1478 utilitatem
1302 1422 1563 1477 Ecclesia:
1622 1421 1981 1485 conferimus,
2043 1419 2352 1478 canonibus
2399 1422 2549 1480 illius
2590 1424 2733 1480 nihil
2780 1425 3148 1496 praestabilius
3187 1442 3309 1483 esse
3360 1426 3646 1484 ducentes.
3696 1424 3757 1482 Si

488 1530 726 1586 namque
754 1517 877 1573 illos
903 1526 1086 1573 sartos
1114 1524 1292 1572 tectos
1325 1530 1675 1579 conservare,
1728 1522 1888 1584 atque
1923 1521 2342 1571 exauctoratum
2370 1516 2518 1572 inter
2536 1517 2827 1590 episcopos
2853 1534 3084 1577 censere
3144 1519 3359 1586 liceret,
3418 1527 3569 1574 recte
3626 1534 3757 1589 pro-

487 1607 657 1675 tecto,
677 1611 772 1680 qui
811 1611 868 1666 id
896 1612 1194 1681 quominus
1222 1611 1379 1666 licret
1402 1608 1754 1679 impedirent,
1817 1606 1921 1663 l'eri
1977 1615 2145 1678 atque
2182 1608 2422 1665 immites
2479 1609 2819 1669 dicerentur.
2880 1612 3336 1683 Quandoquidem
3389 1626 3523 1667 vero
3584 1610 3761 1665 altero

488 1700 793 1768 obtinente,
818 1702 1053 1759 alterum
1079 1703 1383 1758 consistere
1406 1717 1518 1756 non
1551 1715 1711 1772 posse
1767 1713 1992 1755 necesse
2049 1700 2144 1765 sit,
2184 1700 2497 1756 sanctiones
2527 1702 2785 1759 Ecclesia:
2823 1704 3046 1761 vincant
3072 1724 3087 1760 :
3115 1714 3175 1761 et
3204 1720 3272 1760 ex
3303 1719 3458 1760 sacro
3490 1702 3758 1772 catalogo,

485 1793 583 1863 qui
610 1810 893 1850 sacrorum
921 1796 1174 1851 minister
1203 1811 1313 1850 non
1336 1809 1442 1859 est,
1467 1802 1775 1849 moveatur.
1797 1792 1913 1847 Hoc
1930 1792 2081 1847 enim
2123 1793 2398 1850 Ecclesias
2426 1795 2495 1856 ad
2533 1811 2723 1866 pacem
2753 1799 3080 1854 servandam
3138 1798 3422 1871 conjungit
3446 1815 3460 1851 :
3489 1797 3595 1853 hoc
3636 1797 3761 1851 aui-

489 1900 706 1940 morum
730 1902 1062 1943 consensum
1088 1902 1308 1942 omnem
1339 1884 1576 1957 perlicit.
1606 1886 1797 1954 Itaque
1821 1883 1959 1939 illud
2018 1883 2180 1939 nobis
2206 1883 2358 1952 dato,
2393 1894 2455 1941 ut
2488 1903 2627 1958 pure
2686 1904 2789 1945 nos
2820 1899 3128 1947 conventus
3198 1905 3381 1961 agere,
3417 1898 3475 1945 et
3509 1904 3763 1945 commu-

490 1976 678 2033 nicarc
716 1992 840 2032 cum
878 1977 1083 2048 pietate
1149 1986 1242 2034 tua
1269 1977 1545 2048 possimus
1586 1996 1600 2032 :
1635 1984 1802 2048 atque
1845 1984 1907 2032 tu
1934 1976 2099 2032 unius
2135 1976 2366 2047 ejusque
2405 1977 2653 2036 defuncti
2702 1996 2982 2051 amorem,
3029 1992 3155 2055 post
3216 1998 3411 2040 eorum
3440 1982 3537 2055 qui
3578 1982 3766 2040 adhuc

489 2075 683 2131 vivunt
710 2075 1088 2146 dilectionem,
1119 2093 1186 2135 ac
1228 2079 1415 2151 potius
1459 2087 1585 2151 post
1630 2078 1889 2136 Ecclesia:
1943 2077 2281 2144 sanctiones,
2309 2078 2534 2135 habeas.

2094 2265 2166 2278 -η

1628 2391 1969 2454 EPISTOLA
2007 2390 2246 2449 LXXVII
2283 2390 2376 2464 (οἰ.
2422 2386 2625 2459 LVIII).

744 2609 799 2649 κ
1959 2548 2027 2589 ΔΙ)
2061 2544 2296 2589 DOINUI.

496 2660 563 2723 Ut
613 2663 818 2720 clericis
866 2664 1149 2721 Athanasii
1181 2667 1411 2741 episwpi
1454 2666 1678 2741 dyscolis
1713 2685 1810 2740 per
1839 2672 2088 2755 praprias
2126 2669 2338 2795 fingas.
2361 2665 2692 2791 audientiam
2721 2660 2942 2733 deleget,
2975 2668 3024 2716 ct
3093 2661 3138 2715 si
3206 2659 3281 2715 rei
3314 2659 3508 2714 inventi
3539 2658 3764 2729 fuerint,

1873 2759 1907 2795 α
1942 2758 2115 2795 sacris
2142 2758 2200 2795 in
2254 2756 2282 2793 r
2319 2756 2400 2793 ica
2430 2776 2446 2791 .
2798 2786 2803 2791 .

1873 2759 1907 2796 α
1942 2758 2115 2798 sacris
2142 2756 2446 2796 interaicat.

566 2871 801 2927 Domino
843 2887 969 2928 meo
997 2872 1360 2931 dilectissimo
1396 2874 1558 2933 fratri
1599 2886 1657 2935 et
1702 2858 2085 2936 consacerdoti

2258 2874 2451 2948 Κυρίῳ
2498 2889 2604 2946 μου
2650 2866 2923 2940 ἀγαπητῷ
2962 2866 3176 2937 ἀδελφῷ
3223 2867 3317 2921 καὶ
3363 2866 3769 2942 συλλειτουργῷ

490 2960 727 3029 Domno,
749 2964 986 3036 Cyrillus
1011 2966 1067 3020 in
1090 2966 1323 3022 Domino
1350 2968 1605 3025 salutem.

561 3052 871 3106 Condolcre
904 3067 1007 3107 nos
1035 3052 1299 3110 fratribus
1329 3058 1703 3113 necessarium
1727 3066 1833 3124 est,
1859 3058 2083 3129 quando

493 3141 718 3213 quidam
745 3143 1203 3197 consacerdotum
1239 3146 1423 3216 aliqua
1462 3162 1522 3202 se
1560 3164 1753 3220 passos
1785 3149 2079 3216 aliirmant,

492 3241 553 3287 et
593 3232 699 3287 hoc
731 3247 763 3286 a
799 3231 1041 3303 propriis
1072 3233 1313 3301 clericis,
1356 3250 1498 3307 quos
1541 3246 1663 3295 erat
1706 3240 2081 3295 necessarium

493 3322 735 3378 subdere
771 3331 1032 3395 tanquam
1056 3324 1309 3394 patribus
1332 3327 1629 3394 cervicem,
1654 3336 1711 3384 et
1737 3344 1861 3386 esse
1894 3330 2081 3402 subje-

493 3420 615 3468 ctos
656 3413 960 3469 secundum
999 3414 1265 3484 placitum
1305 3416 1432 3482 Dei,
1474 3426 1531 3474 et
1565 3419 1825 3476 Ecclesia}
1863 3422 2084 3493 regulas

495 3504 625 3559 talia
656 3503 1040 3559 decernentes.
1072 3505 1188 3561 lloc
1214 3520 1345 3577 ergo
1385 3509 1667 3577 praesumi,
1692 3508 1888 3579 quovis
1919 3510 2084 3566 modo

497 3596 881 3666 turpissimum
923 3605 1028 3651 est.
1064 3596 1240 3651 Tanta
1286 3613 1525 3669 namque
1568 3616 1791 3671 passum
1839 3617 1898 3659 se
1946 3581 2110 3660 dicit.

494 3685 997 3744 reverendissimus
1043 3688 1338 3759 episcopus
1386 3689 1757 3760 Athanasius,
1806 3704 1868 3751 ut
1916 3697 2084 3753 etiam

496 3788 827 3849 congregata
856 3778 913 3833 in
944 3779 1093 3851 regia
1124 3779 1345 3836 civitate
1390 3782 1635 3854 synodus
1674 3784 1945 3859 lacrymas
1983 3788 2082 3844 da-

498 3879 603 3924 ret.
633 3870 724 3924 Ait
755 3871 927 3937 enim,
960 3872 1229 3942 quosdam
1258 3873 1490 3930 clericos
1521 3876 1617 3945 qui
1639 3877 1743 3933 sub
1773 3895 1842 3936 eo
1873 3883 2081 3937 consti-

501 3959 602 4014 tuti
634 3968 784 4025 sunt,
822 3960 879 4014 in
910 3970 1115 4016 tantam
1156 3962 1444 4020 audaciam
1482 3967 1811 4037 prosiliisse,
1850 3980 1910 4026 ut
1935 3973 2083 4042 quod

498 4050 700 4104 attinet
731 4050 798 4104 ad
828 4053 1274 4122 praesumptionis
1302 4054 1435 4122 vim,
1464 4066 1520 4112 et
1543 4060 1881 4131 expellerent
1903 4079 2028 4119 eum
2053 4080 2084 4120 a

498 4139 832 4207 sacerdotio,
865 4150 921 4197 et
943 4158 1110 4213 super
1131 4159 1257 4200 eum
1279 4147 1445 4218 209
1470 4149 1839 4211 damnationis
1858 4165 2085 4213 senten-

2180 2967 2397 3039 Δόμνῳ,
2429 2964 2699 3037 Κύριλλος
2729 2963 2788 3016 ἰν
2815 2960 3011 3032 Κυρίῳ
3031 2959 3259 3031 χαίρειν.

2252 3058 2547 3128 Συναλγεῐν
2600 3057 2750 3128 ἡμᾶς
2789 3052 3042 3122 ἀδελφοῖς
3092 3051 3390 3120 ἀναγκαῖον
3434 3052 3530 3105 καὶ
3560 3053 3765 3117 οἵτινες

2180 3152 2291 3206 τῶν
2318 3147 2749 3221 συλλειτουργῶν
2773 3143 3104 3199 πεπονθέναι
3122 3162 3175 3198 τι
3203 3143 3645 3217 διῖσχυρίζονται,
3671 3146 3769 3199 καὶ

2180 3242 2342 3299 τοῦτο
2376 3241 2531 3313 παρὰ
2566 3238 2849 3311 κληρικῶν
2890 3238 3071 3303 ἰδίων,
3100 3235 3197 3300 οὓς
3228 3232 3298 3308 ἦν
3325 3237 3624 3305 ἀναγκαῖον
3654 3237 3764 3290 ὑπ-

2183 3335 2351 3407 έχειν,
2384 3334 2479 3388 ἆτε
2507 3332 2699 3401 πατρὶ,
2720 3331 2813 3385 τὸν
2833 3330 3058 3402 αὐχένα,
3085 3328 3179 3383 καὶ
3202 3328 3599 3383 ὑποτάττεσθαι
3622 3329 3772 3384 κατὰ

2181 3427 2245 3481 τὸ
2272 3426 2462 3481 δοκοῦν
2492 3424 2571 3497 τῷ
2598 3424 2720 3495 Θεῷ
2738 3462 2754 3487 ,
2805 3423 2903 3478 καὶ
2928 3424 3042 3487 τοῖς
3068 3421 3168 3493 τῆς
3204 3420 3528 3491 Ἑκκλησίας
3574 3421 3771 3475 κανόσι

2182 3517 2629 3590 διηγορευμένον.
2666 3514 2842 3570 Τοῦτο
2892 3515 3012 3579 πῶς
3053 3512 3116 3567 ού
3147 3512 3258 3568 τῶν
3302 3513 3597 3584 αἰσχίστων
3647 3514 3773 3567 ἐστὶ

2182 3610 2564 3682 τολμώμενον;
2593 3606 2834 3662 Τοιαῦτά
2858 3620 2992 3676 φησι
3009 3603 3335 3659 πεπονθέναι
3352 3603 3541 3658 ἑαυτὸν
3563 3606 3591 3658 ό
3605 3604 3768 3658 εύλα‹

2184 3701 2443 3765 δέστατος
2463 3700 2759 3763 ἐπίσκοπος
2786 3697 3104 3760 Ἀθανάσιος
3124 3711 3140 3727 ·
3158 3751 3161 3755 _
3178 3695 3345 3749 ἔδωκε
3370 3695 3464 3749 καὶ
3502 3695 3564 3749 τδ
3608 3695 3710 3767 τῆς
3748 3709 3771 3731 ο

2188 3791 2549 3862 συναχθείσης
2599 3789 2743 3843 κατὰ
2770 3787 2870 3858 τὴν
2913 3784 3301 3857 βασιλεύουσαν
3331 3783 3774 3840 Κωνσταντινού-

2185 3884 2341 3938 πολιν
2373 3883 2594 3938 συνόδου
2624 3878 3019 3951 κατενεχθῆναι
3045 3877 3299 3948 δάκρυον.
3320 3877 3458 3947 Φησὶ
3480 3876 3587 3947 γάρ
3614 3892 3774 3940 τινας

2186 3977 2294 4032 τῶν
2317 3977 2415 4031 ἀπ’
2437 3975 2618 4029 αὐτῶν
2645 3985 2672 4025 P
2692 3974 2863 4028 όντων
2891 3971 3169 4044 κληρικῶν
3196 3969 3628 4041 καταυθεντῆσαι
3652 3986 3775 4023 τοσ-

2185 4066 2364 4134 οῦτον,
2392 4066 2490 4131 ὡς,
2515 4066 2577 4120 τό
2597 4082 2657 4135 γε
2683 4060 2819 4139 ἧκον
2852 4063 2932 4127 εἰς
2955 4061 3376 4134 ἐγχειρημάτων
3399 4060 3649 4132 δύναμιν,
3675 4063 3774 4113 καὶ

2190 4157 2393 4222 ἐξῶσαι
2452 4156 2554 4226 τῆς
2589 4154 2891 4228 ἱερωσύνης
2926 4154 3109 4219 αὐτὸν,
3136 4154 3231 4207 καὶ
3260 4152 3633 4224 καθαιρέσεως
3662 4150 3775 4221 ψῆο

500 4232 635 4287 tiam
666 4231 895 4288 ferrent.
931 4234 1133 4290 Volunt
1157 4238 1307 4293 enim
1336 4255 1654 4300 meonomos
1680 4245 1963 4315 Ecclesiae,
1987 4258 2083 4306 aut

2189 4267 2290 4322 φον
2315 4250 2405 4303 ἐπ’
2449 4249 2617 4303 αὐτὸν
2666 4248 2993 4317 ἐξενεγκεῖν.
3029 4245 3318 4300 Βούλονται
3349 4245 3460 4318 γὰρ
3509 4246 3637 4308 τοὺς
3668 4244 3773 4313 μὲν

499 4330 649 4378 certe
681 4325 1180 4383 ecclesiasticarum
1208 4347 1393 4387 rerum
1423 4334 1833 4406 dispensatores
1853 4341 2077 4412 ejicere,

498 4422 556 4471 et
586 4416 855 4487 quosdam
902 4418 1040 4475 alios
1085 4421 1190 4477 sibi
1236 4425 1461 4497 prOpria
1510 4429 1837 4486 auctoritate
1871 4433 2080 4489 consti-

500 4513 657 4562 tuere
676 4526 696 4583 3
719 4524 886 4579 super
915 4510 1033 4566 haec
1064 4521 1251 4571 autem
1289 4519 1456 4574 etiam
1485 4519 1554 4575 de
1593 4522 1765 4577 sacris
1806 4524 2083 4597 diptychis

500 4613 702 4654 nomen
754 4601 875 4673 ejus
908 4603 1148 4672 auferre,
1179 4615 1236 4662 et
1280 4610 1388 4665 alia
1439 4612 1691 4683 quaedam
1736 4615 1998 4683 absurda,
2026 4626 2085 4674 et

501 4689 809 4747 sceleribus
861 4693 1027 4764 plena
1084 4707 1446 4768 perpetrare,
1518 4718 1642 4773 qua:
1705 4706 2082 4780 subjectorum

503 4780 814 4838 libellorum
843 4787 1020 4843 virtus
1051 4790 1301 4846 noscitur
1332 4795 1636 4854 continere.
1661 4798 1800 4866 Quia
1830 4815 1962 4857 vero
1993 4802 2081 4858 ni-

502 4871 606 4926 mis
633 4873 996 4947 incongruum
1024 4888 1129 4945 est,
1158 4886 1415 4952 przesumi
1448 4888 1577 4943 talia
1601 4905 1632 4945 a
1656 4890 1873 4949 clericis
1893 4894 2090 4952 adver-

499 4978 602 5056 sus
621 4966 908 5040 episcopos
932 4973 1207 5042 proprios,
1229 4982 1287 5031 et
1310 4977 1427 5034 haec
1450 4980 1732 5052 despicere
1755 5000 1856 5042 nos
1887 4986 2090 5056 impos-

501 5054 663 5112 sibile
704 5067 789 5113 est
816 5078 829 5114 :
858 5062 1116 5133 dignetur
1141 5074 1234 5122 tua
1260 5070 1524 5126 sanctitas
1557 5073 1644 5144 (si
1683 5075 1754 5130 ab
1794 5054 2087 5134 Antiochia

503 5145 665 5218 longe
700 5159 785 5206 est
814 5153 1029 5222 civitas,
1063 5158 1221 5229 cujus
1250 5160 1705 5231 gubernationem
1738 5167 1970 5223 sortitus
2000 5177 2090 5224 est

503 5249 841 5299 memoratus
885 5247 1332 5320 religiosissimus
1377 5256 1671 5328 episcopus
1713 5259 2087 5331 Athanasius)

575 5386 625 5421 ⁵⁸
647 5389 694 5447 ιι
720 5394 849 5451 Cor.
874 5414 930 5464 ι,
961 5401 1046 5457 is.

2185 4342 2506 4414 οἰκονόμους
2537 4341 2637 4412 τῆς
2679 4340 3027 4411 Ἐκκλησίας,
3049 4340 3169 4409 ἤτοι
3191 4340 3320 4404 τοὺς
3340 4343 3448 4394 τῶν
3476 4337 3778 4407 ἐκκλησια-

2190 4432 2393 4487 attitth
2428 4430 2773 4503 πραγμάτων
2826 4428 3107 4503 χειριστὰς
3155 4429 3443 4493 ἐκϐαλεῖν,
3481 4427 3679 4497 στῆσαι
3712 4428 3777 4482 δὲ

2188 4524 2347 4579 αὐτοὶ
2377 4524 2505 4587 τοὺς
2527 4524 2672 4578 κατὰ
2692 4522 2920 4594 γνώμην
2946 4522 3083 4576 ἰδίαν
3101 4538 3116 4553 ·
3149 4523 3243 4576 καὶ
3274 4521 3411 4594 πρὸς
3444 4518 3654 4582 τούτοις
3690 4518 3779 4572 ἔτι

2191 4618 2286 4671 καὶ
2315 4618 2379 4670 ὲκ
2406 4616 2513 4670 τῶν
2537 4616 2698 4687 ἱερῶν
2720 4614 2995 4686 διπτύχων
3020 4614 3292 4685 περιελεῖν
3308 4612 3547 4667 αὐτοῦτὸ
3574 4612 3776 4683 ὄνομα,

2188 4708 2356 4780 ἕτερά
2388 4709 2448 4762 τέ
2486 4725 2609 4762 τινα
2642 4708 2831 4778 ἁπηχῆ
2876 4708 2969 4761 καὶ
2999 4706 3343 4777 ἀνοσιότητος
3366 4706 3607 4776 γέμοντα
3641 4704 3781 4776 δρᾶ-

2192 4817 2315 4855 σαι·
2352 4800 2389 4856 ἃ
2414 4801 2510 4855 καὶ
2532 4801 2566 4871 ἠ
2604 4800 2714 4854 τῶν
2743 4799 3189 4870 συνεζευγμένων
3235 4797 3491 4852 λιδέλλων
3523 4798 3779 4869 περιέχει

2190 4892 2442 4964 δύναμις.
2482 4892 2699 4965 Ἐπειδὴ
2732 4892 2789 4947 δέ
2831 4893 2948 4947 ἐστι
2972 4893 3082 4946 τῶν
3122 4892 3360 4959 ἀτόπων,
3394 4890 3624 4945 τοιαῦτα
3655 4892 3781 4944 το).-

2194 4985 2404 5057 μᾶσθαι
2438 4984 2592 5056 παρὰ
2625 4984 2903 5056 κληρικῶν
2934 4984 3076 5041 κατὰ
3106 4984 3216 5040 τῶν
3255 4985 3400 5039 ἰδίων
3432 4984 3779 5049 ἐπισκόπων,

2191 5079 2288 5132 καὶ
2337 5078 2601 5149 περιϊδεῖν
2656 5078 2938 5149 ἀμήχανον
2970 5077 3144 5144 αὐτὰ,
3202 5077 3602 5144 καταξωσὰτω
3643 5077 3678 5146 ἡ
3706 5078 3780 5148 σὴ

2190 5170 2411 5242 ὁσιότης
2450 5171 2522 5241 (εἰ
2551 5171 2652 5241 τῆς
2688 5170 3012 5241 Ἀντιοχέων
3039 5170 3157 5226 ἐστὶ
3187 5171 3408 5243 μακρὰν
3438 5173 3473 5243 ἠ
3503 5171 3678 5237 πόλις,
3705 5172 3783 5241 ἢν

2190 5264 2412 5319 διοικεῖν
2442 5263 2638 5335 ἔλαχεν
2663 5266 2692 5319 ό
2729 5266 3129 5339 μνημονευθείς
3182 5265 3604 5331 θεοσεϐέστατος
3654 5264 3784 5320 tari-

1592 5515 1768 5579 Varize
1797 5522 2063 5584 lectiones
2088 5524 2296 5585 codicis
2329 5526 2696 5602 Seguieriani.

578 5620 609 5653 ⁸
639 5614 746 5671 ἀπδ
769 5619 885 5695 τῆς.
963 5634 990 5674 Ρ
1027 5625 1114 5681 ὑπ’
1144 5629 1330 5686 αὐτόν.

3894 5364 3929 5371 ..-
