4044 6212
345 229 428 288 36!

1616 212 1950 280 ΕΡιδτοιΑ
2002 207 2283 278 LXXVI“.

3486 210 3591 276 $62

349 355 533 410 σκοπος
569 341 908 410 ’Δθανάὲιοῄ
932 338 1042 397 τισ⁴ι
1069 341 1134 396 δι’
1165 336 1381 397 οἰκείων
1411 345 1757 416 γραμμάτων
1789 344 1906 397 ἐπι-

2032 336 2340 408 [uibusdam
2374 338 2471 406 per
2504 327 2755 406 preprias
2795 335 3008 393 litteras
3051 328 3389 392 audientiam
3437 330 3591 395 dele-

345 439 530 511 τρέψαι
555 438 656 508 τὴν
677 435 966 506 ἀκρόασιν,
989 433 1130 488 ὥστε
1153 434 1452 506 κληθέντας
1475 436 1602 501 τοὺς
1625 435 1723 508 τὴν
1745 435 1913 490 αἰτία-

349 549 420 584 σιν
444 540 472 580 ιι
495 528 893 600 ὑπομένοντας,
924 525 1393 598 ἀπολογήσασθαι,
1423 528 1518 582 καὶ
1552 529 1600 582 εί
1641 527 1912 599 εὑρεθεῖεν

349 625 507 694 ἔνοχοι
532 624 645 686 τοῖς
675 622 1018 691 αἰτιάμασιν,
1062 618 1428 690 ἀπολισθῆσαι
1479 619 1579 691 τῆς
1613 619 1763 690 ἱερᾶς
1800 618 1912 672 λει-

348 715 609 787 τουργίας.
652 715 719 766 ’0
737 712 852 783 γὰρ
874 711 1030 765 αὐτοὶ
1069 711 1442 782 τετολμήκασι
1479 710 1621 765 κατά
1653 710 1748 765 τοῦ
1785 711 1914 765 ίδίου

349 806 562 876 πατρὸς,
591 803 750 858 τοῦτο
778 802 1002 857 πάθοιεν
1030 802 1097 856 ἂν
1125 801 1370 868 δικαίως,
1403 803 1585 873 πάσης
1611 802 1912 874 ἀλογήσανέ

345 915 424 961 τες
451 894 799 957 ἀκολουθίας,
834 894 931 948 καὶ
961 891 1138 947 πάντα
1174 891 1377 964 θεσμὸν
1421 892 1780 967 ὑπερϐάντες,
1823 892 1916 947 καὶ

344 985 466 1056 παρ’
493 983 648 1037 οὐδὲν
671 980 1034 1053 ποιησάμενοι
1057 979 1120 1033 τὸ
1153 981 1423 1052 ἀτιμάσαι
1452 981 1685 1053 πατέρα.
1718 980 1918 1049 Λέγον-

342 1092 426 1128 ται
454 1073 510 1127 δὲ
545 1073 641 1126 καὶ
663 1071 726 1124 οὐ
757 1069 854 1125 νύν
897 1069 1166 1141 πρότερον
1206 1077 1228 1106 τ
1259 1067 1530 1141 ἄρξασθαι
1563 1062 1704 1122 εἶναι
1742 1066 1915 1122 τοιοῦ-

341 1185 439 1231 τοι,
482 1165 598 1220 ἀλλ’
642 1165 743 1235 ἤδη
781 1161 1159 1231 κατεγνῶσθαι
1204 1163 1299 1216 καί¹
1340 1162 1435 1214 ἐπὶ
1460 1161 1675 1225 πολλοῖς
1705 1160 1786 1214 ἔτι
1810 1159 1919 1231 χεί-

346 1274 455 1328 ροσι
506 1257 604 1313 καὶ
652 1254 908 1326 θρασέσιν
937 1253 1322 1324 ἐγχειρήμασι.
1356 1253 1562 1307 Φάσκει
1590 1251 1647 1305 δὲ
1677 1250 1918 1305 ὕποπτον

343 1348 480 1420 ἔχειν
503 1357 526 1385 ⁸
550 1340 642 1400 τὸν
670 1345 906 1414 λαχόντα
926 1344 1022 1397 νύν
1048 1344 1127 1405 είς
1147 1343 1208 1396 τὸ
1232 1341 1689 1413 μητροπολιτικὸν
1710 1341 1918 1396 δίκαιον

343 1440 435 1510 τῆς
461 1436 698 1508 ὲνορίας,
724 1435 784 1500 ἐξ
806 1429 876 1506 ἧς
900 1435 1036 1487 ἐστι·
1068 1433 1184 1499 καὶ,
1204 1433 1280 1497 ὡς
1315 1433 1450 1504 ἔφην
1474 1433 1597 1505 ήδη,
1625 1433 1687 1486 τὸ
1714 1433 1918 1488 λυποῦν

343 1530 514 1596 οὐδὲν,
546 1527 748 1594 ἐξεῖναι
802 1525 930 1589 τούς
970 1527 1026 1578 ἐν
1065 1524 1272 1595 ὑποψίᾳ
1327 1524 1402 1597 μὴ
1457 1524 1699 1590 δικάζειν
1746 1525 1915 1596 αὐτῷ.

345 1624 608 1696 Πρόσειπε
637 1620 737 1692 τὴν
767 1618 923 1691 παρά
953 1619 1037 1672 σοί⁸
1061 1618 1429 1688 ἀδελφότητα·
1462 1618 1521 1670 σὲ
1569 1619 1602 1690 ἡ
1645 1619 1742 1672 σὺν
1794 1621 1920 1688 ἐμοὶ
1961 1643 1967 1651 ·

1947 1709 1995 1769 Β
2023 1708 2284 1775 salutem;
2320 1709 2522 1764 salutat
2541 1715 2595 1764 te
2615 1707 2670 1762 in
2694 1708 2950 1776 Domino,
2973 1724 3096 1781 quae
3115 1709 3407 1772 nobiscum
3432 1721 3536 1768 est.

342 1718 399 1769 ιν
417 1714 606 1787 Κυρίῳ
637 1711 1062 1784 προσαγορεύει.

2013 443 2168 499 gare;
2203 436 2476 498 quatenus
2501 427 2715 483 evocati
2741 427 2798 480 hi
2819 427 2913 498 qui
2934 428 3178 483 accusati
3198 439 3347 494 sunt,
3366 429 3596 500 respoiié

2015 517 2208 582 deant;
2243 516 2373 572 etsi
2419 514 2629 571 inventi
2682 513 2892 570 fuerint
2940 515 3389 572 accusationibus
3426 519 3529 585 rei,
3564 536 3597 576 a

2015 622 2172 664 sacro
2197 607 2508 664 ministerio
2537 606 2817 662 decidant.
2843 605 3002 673 Quod
3029 607 3179 663 enim
3203 607 3310 679 ipsi
3331 608 3600 667 adversus

2016 706 2228 772 patrem
2257 697 2547 772 proprium
2569 707 3067 770 praesumpserunt,
3106 699 3217 756 hoc
3241 701 3390 772 juste
3427 702 3598 758 susti-

2016 800 2205 858 neant,
2244 791 2467 863 quando
2495 805 2716 846 omnem
2745 792 3200 862 consequentiam
3227 793 3599 863 praetermise-

2018 893 2170 950 runt,
2186 890 2243 939 et
2259 897 2479 938 omnem
2500 883 2676 954 legem
2694 883 3093 963 transcendere
3109 895 3600 956 praesumpserant,

2019 983 2076 1030 et
2109 989 2212 1044 pro
2243 973 2420 1029 nihilo
2453 986 2576 1029 esse
2601 973 2995 1045 judicavenunt
3038 983 3382 1032 senectutem
3428 979 3602 1035 e'xbo-~

2019 1082 2219 1122 norare
2250 1066 2443 1138 patris.
2486 1065 2757 1122 Dicuntur
2795 1076 2980 1122 autem
3011 1082 3122 1122 non
3169 1069 3333 1124 modo
3362 1071 3603 1140 primum

2020 1158 2157 1214 tales
2186 1173 2308 1214 esse
2341 1157 2597 1229 cmpisse,
2619 1157 2717 1213 sed
2747 1158 2859 1230 jam
2905 1157 2963 1214 in
3005 1159 3194 1215 multis
3237 1160 3444 1231 culpati
3477 1173 3609 1224 sunt

2019 1252 2202 1310 adhuc
2231 1252 2392 1308 valde
2411 1253 2697 1324 pejoribus
2730 1253 3240 1326 asperioribusquc.
3272 1256 3484 1312 Asserit
3511 1271 3611 1312 au-

2021 1352 2133 1399 tem
2166 1358 2294 1399 eum
2325 1358 2384 1398 se
2426 1350 2744 1414 suspectum
2781 1343 3004 1410 habere,
3052 1343 3148 1416 qui
3187 1361 3338 1406 nunc
3365 1345 3455 1418 jus
3489 1358 3608 1404 mea

2023 1434 2396 1505 tropolitiCum
2417 1434 2718 1505 provinciae
2744 1434 2979 1502 obtinet,
3008 1443 3077 1491 ex
3097 1449 3206 1505 qua
3225 1443 3343 1504 est;
3363 1444 3441 1502 et,
3463 1438 3612 1494 sicut

2017 1528 2129 1598 jam
2151 1527 2288 1592 dixi,
2310 1527 2450 1582 nihil
2472 1525 2692 1581 molesti
2711 1533 2817 1592 est,
2837 1526 2883 1581 si
2907 1526 2976 1582 iis
2996 1527 3092 1597 qui
3112 1526 3168 1583 ei
3195 1529 3438 1598 suspecti
3456 1538 3606 1594 sunt,

2018 1619 2268 1690 judicare
2286 1634 2397 1673 non
2419 1617 2604 1673 liceat.
2625 1617 2725 1673 Dic
2743 1617 3102 1684 fraternitati,
3120 1633 3243 1689 qua:
3265 1619 3412 1690 apud
3433 1629 3485 1674 te
3501 1630 3606 1686 est,

1489 2062 1826 2126 EPISTOLA
1864 2069 2121 2124 LXXVIII
2164 2071 2254 2141 (οι.
2300 2063 2460 2142 LIX).

429 2367 540 2428 Τοῦ
578 2368 769 2426 αὑτοῦ
806 2370 1111 2438 Κυριλλου
1150 2365 1479 2437 Ἐπιστολὴ
1520 2369 1832 2432 κανονική.

415 2484 665 2538 Ἕκαστα
703 2481 814 2535 τῶν
868 2480 990 2534 καθ’
1035 2481 1183 2551 ἡμᾶς
1233 2479 1578 2550 πραγμάτων
1619 2479 1747 2533 ὅταν
1793 2475 1923 2532 εὐθῦ

346 2575 577 2645 φέρηται
599 2569 897 2640 κανονικῆς
924 2569 1213 2635 εὐταξίας,
1265 2568 1460 2621 οὐδένα
1497 2565 1596 2637 μὲν
1625 2569 1757 2639 ἡμῖν
1789 2568 1930 2619 ὲντί-

347 2677 458 2720 κτει
483 2662 732 2736 θόρυϐον,
769 2654 1098 2717 ἀπαλλάττει
1130 2654 1188 2714 δὲ
1209 2658 1306 2714 καὶ
1321 2659 1419 2730 τῆς
1443 2659 1592 2732 παρά
1618 2677 1780 2714 τινων
1805 2659 1929 2714 δυσ-

348 2757 573 2827 φημίας,
612 2743 887 2825 μᾶλλονδὲ
913 2753 1008 2808 καὶ
1035 2755 1133 2816 τάς
1164 2748 1316 2821 παρά
1344 2753 1453 2805 τῶν
1491 2747 1552 2805 εὖ
1585 2749 1930 2822 φρονούντων

348 2850 624 2922 εὐφημίας
646 2845 782 2919 ἡμῖν
817 2841 1085 2917 προξενεῖ.
1117 2836 1214 2908 Τίς
1239 2843 1350 2917 γὰρ
1379 2844 1481 2897 οὐκ
1513 2839 1580 2898 ἂν
1607 2839 1929 2910 ἀποδέξαιτο

346 2943 521 3013 ψῆφον
548 2930 912 3013 ἀπροσκλινῆ,
938 2939 1093 3008 εῐπερ
1122 2937 1188 2991 ἀν
1218 2937 1421 3005 γίνοιτο
1451 2931 1601 3007 παρά
1627 2953 1826 3001 τινων;
1857 2936 1929 2989 Ἦ

350 3036 464 3098 πῶς
491 3035 553 3087 τὸ
576 3035 784 3104 κρίνειν
803 3029 980 3102 ὀρθῶς
1007 3030 1102 3082 καὶ
1130 3026 1371 3099 ἐννόμως
1401 3023 1498 3081 οὐκ
1525 3026 1928 3098 ἀνεπίπληκτον

349 3123 520 3192 ἔσται,
555 3125 756 3196 μᾶλλον
783 3123 841 3178 δὲ
867 3122 1066 3186 παντὸς
1089 3121 1308 3176 ἐπαίνου
1343 3116 1570 3192 μεστὸνς

419 3304 539 3358 Καὶ
565 3301 734 3356 ταῦτα
768 3299 966 3372 γράφω
1009 3299 1128 3351 νυνὶ
1167 3301 1232 3369 τῇ
1268 3300 1334 3369 σῇ
1369 3296 1680 3369 θεοσεϐείᾳ,
1725 3300 1782 3350 ἐν
1815 3299 1927 3361 τοῖς

348 3395 550 3466 ἑαυτῆς
576 3395 866 3466 γράμμασι
894 3393 1006 3455 τοίς
1041 3381 1282 3446 σταλεῖσι
1315 3385 1450 3460 πρὸς
1479 3389 1578 3460 ἐμέ
1616 3406 1675 3442 τε
1718 3389 1810 3442 καὶ
1838 3388 1929 3442 τὸν

346 3488 649 3543 ὁσιώτατον
671 3481 767 3541 καὶ
792 3484 1208 3546 θεοσεὸέστατον
1234 3475 1462 3552 άδελφδν
1491 3481 1649 3554 ήμῶν
1678 3479 1774 3535 καὶ
1803 3499 1931 3536 συν-

348 3583 651 3635 επξσκοπον
706 3577 984 3650 Πρόκλον,
1044 3570 1344 3632 ἐπίσκοπον
1393 3575 1494 3646 μὲν
1555 3568 1932 3645 ὀνομαζούσης

347 3669 434 3724 τὸν
465 3669 863 3724 εὐλαϐέστατον
888 3668 980 3720 καὶ
1003 3661 1414 3736 Θεοφιλέστατον
1437 3659 1642 3736 Πέτρον
1660 3681 1672 3693 ·
1693 3664 1858 3718 αὐτοῦ
1876 3665 1932 3717 δὲ

348 3764 651 3826 κλαίοντος,
698 3761 794 3814 καὶ
833 3759 934 3828 τῆς
975 3757 1373 3828 ὲκνεμηθείσης
1419 3756 1566 3829 αὐτῷ
1604 3751 1935 3827 Ἐκκλησίας

349 3854 684 3928 παραλόγως
712 3851 1032 3922 κεκινῆσθαι
1056 3849 1323 3918 λέγοντος.
1355 3835 1463 3904 Ἦν
1492 3841 1536 3903 δ’
1571 3842 1862 3902 ἀκόλουθον
1899 3848 1934 3919 ἦ

346 3949 408 4001 τὸ
443 3947 546 4016 τῆς
577 3943 882 4016 ἱερωσύνης
922 3940 1099 4014 ὄνομα
1139 3938 1280 4012 μετά
1306 3931 1404 3997 τοῦ
1433 3935 1762 4013 πράγματος
1791 3940 1935 4012 ἔχειν

346 4039 536 4101 αὐτὸν,
555 4040 728 4108 ἧτουν
757 4037 914 4106 εἴπερ
934 4024 1011 4106 μή
1038 4023 1105 4106 ἦν
1134 4028 1283 4102 ἄξιος
1308 4033 1402 4088 τοῦ
1427 4035 1759 4104 προεστάναι
1788 4033 1934 4087 θείου

345 4111 780 4199 θυσιαστηρίου,
821 4125 946 4197 μηδ’
992 4125 1128 4197 αὐτῇ
1163 4121 1424 4195 τιμᾶσθαι
1470 4129 1536 4198 τῇ
1586 4127 1777 4194 κλήσει
1835 4123 1937 4194 τῆς

348 4218 685 4288 ἐπισκοπῆς.
738 4215 879 4268 Ἀλλ’
931 4216 1062 4279 ἴσως
1097 4214 1298 4281 δόξειεν
1345 4215 1412 4270 ἂν
1449 4219 1514 4287 τῇ
1553 4219 1618 4287 σῇ
1663 4212 1938 4284 θεοφιλείᾳ

353 4308 590 4380 σκληρὸς
636 4302 778 4360 εἷναί
806 4322 888 4369 τις
918 4305 1014 4359 καὶ
1056 4296 1420 4376 ἀφιλάλληλος
1456 4307 1485 4358 ό
1512 4305 1641 4375 παρ’
1678 4303 1814 4374 ἐμοῦ
1849 4303 1939 4356 λόε-

351 4416 469 4471 γος.
509 4401 669 4471 Ἔχει
699 4398 757 4451 δὲ
797 4397 895 4469 οὐχ
927 4397 1098 4460 οὕτως
1139 4397 1282 4452 κατὰ
1327 4399 1390 4450 τὸ
1420 4396 1638 4467 ἀληθές.
1689 4397 1939 4466 Ἐλεῆσαι

349 4493 461 4562 γὰρ
489 4492 633 4560 τάχα
664 4505 768 4545 που
796 4488 1093 4558 νομίζομεν
1124 4488 1217 4541 τὸν
1247 4488 1564 4559 πρεσϐύτην
1593 4489 1762 4560 μόνην
1791 4487 1939 4558 αὐτῷ

1985 2231 2082 2248 αρσια

2300 2363 2553 2440 Ejusdem
2585 2364 2776 2442 σιμ-ἰαί
2808 2368 3028 2444 epistola
3053 2378 3328 2430 canonica.

2106 2483 2454 2552 Unaqumque
2501 2498 2590 2538 res
2621 2493 2830 2549 nostra,
2864 2486 3084 2556 quando
3117 2488 3311 2545 ordine
3350 2491 3615 2548 canonico

2030 2586 2180 2632 recta
2205 2574 2488 2644 procedit,
2526 2574 2738 2630 nulium
2767 2575 2991 2646 quidem
3037 2578 3092 2632 in
3126 2579 3288 2635 nobis
3321 2582 3615 2641 tumultqu

2033 2655 2340 2735 ingenerat,
2387 2672 2444 2718 et
2473 2681 2504 2720 a
2541 2666 2935 2720 nonnullorum
2969 2660 3352 2724 maledicentia
3378 2671 3614 2737 liberat,

2031 2756 2117 2812 vel
2150 2756 2336 2828 potius
2361 2768 2556 2811 eorum
2602 2757 2695 2828 qui
2724 2758 2944 2828 sapiunt
2985 2760 3205 2815 laudem
3240 2762 3400 2817 nobis
3433 2765 3618 2819 conci-

2029 2843 2147 2899 liat.
2173 2844 2309 2911 Quis
2335 2837 2486 2899 enim
2514 2860 2623 2899 non
2647 2844 2826 2901 obviis
2851 2887 2865 2909 ,
2894 2856 2953 2902 ut
2986 2848 3162 2915 aiunt,
3202 2850 3349 2906 ulnis
3380 2853 3618 2923 excipiat

2031 2936 2099 2991 de
2132 2932 2408 3005 aliquibus
2461 2929 2729 3006 prolatam
2797 2937 3158 3006 sententiam,
3208 2958 3329 3012 qua;
3364 2959 3466 2998 nec
3512 2945 3621 2999 huc

2031 3040 2135 3080 nec
2175 3017 2307 3080 illuc
2342 3025 2680 3081 inclinetur?
2710 3025 2804 3083 Vel
2835 3029 3111 3098 quomodo
3137 3047 3247 3086 non
3278 3032 3350 3087 sit
3374 3033 3443 3088 ab
3469 3028 3620 3090 omni

2033 3118 2462 3193 reprehensione
2497 3119 2761 3180 alienum.
2799 3121 2885 3176 vel
2925 3122 3110 3192 potius
3137 3138 3469 3197 magnopere
3507 3129 3622 3183 lati-

1957 3221 2000 3277 c
2035 3204 2299 3277 dandum,
2326 3209 2372 3265 si
2403 3220 2552 3266 recte
2586 3222 2642 3268 et
2663 3212 2811 3282 juste
2839 3213 3156 3284 judicetur?

2102 3302 2170 3356 Et
2190 3303 2305 3357 hzec
2319 3301 2543 3372 quidem
2569 3319 2717 3358 nunc
2740 3304 2922 3360 scribo
2941 3305 3009 3360 ad
3029 3307 3288 3376 pietatem
3312 3315 3481 3371 tuam,
3501 3325 3622 3378 qu:e

2033 3393 2194 3462 210
2225 3391 2282 3446 in
2311 3392 2514 3447 litteris
2559 3393 2627 3448 ad
2668 3409 2754 3448 me
2787 3401 2843 3448 et
2875 3395 3348 3466 religiosissimum
3396 3397 3617 3455 fratrem

2034 3491 2279 3538 nostrum
2302 3492 2358 3538 et
2379 3483 2762 3554 coepiscopum
2797 3483 3046 3538 Proclum
3070 3483 3272 3551 missis,
3303 3486 3623 3557 episcopum

2034 3575 2256 3644 quidem
2305 3574 2594 3635 nominet,
2643 3573 2914 3643 impIimis
2973 3575 3125 3645 pium
3185 3585 3247 3632 ac
3305 3575 3621 3648 religiosum

2036 3664 2256 3718 Petrum
2292 3681 2305 3715 :
2348 3678 2474 3717 cum
2515 3662 2631 3732 ipse
2664 3663 3016 3730 lamentetur,
3066 3673 3232 3734 seque
3274 3657 3343 3721 ab
3376 3661 3622 3731 Ecclesia

2036 3753 2142 3808 sibi
2173 3752 2437 3808 attributa
2467 3759 2665 3822 praeter
2712 3751 2984 3810 rationem
3024 3754 3260 3824 ejectum
3292 3772 3412 3813 esse
3455 3757 3621 3822 dicat.

2037 3846 2168 3900 Erat
2193 3849 2375 3899 autem
2417 3851 2847 3900 consentaneum
2876 3853 2939 3899 ut
2968 3846 3051 3900 vel
3080 3846 3376 3903 sacerdotii
3421 3859 3623 3905 nomen

2038 3950 2163 3990 cum
2183 3951 2242 3989 re
2258 3933 2506 3997 haberet,
2533 3934 2641 3999 vel,
2667 3933 2712 3988 sl
2735 3949 2843 3988 non
2871 3946 2990 3990 erat
3006 3935 3203 4015 dignus
3226 3945 3286 3992 ut
3304 3939 3463 3994 altari
3488 3947 3627 4011 prata

2039 4039 2206 4094 esset,
2227 4043 2330 4083 nec
2354 4028 2470 4099 ipsa
2490 4027 2715 4098 quidem
2737 4027 3088 4108 episcopatus
3107 4023 3395 4086 vocatione
3427 4031 3625 4107 dignus

2041 4120 2362 4176 haberetur.
2396 4119 2502 4175 Sed
2531 4120 2583 4174 id
2614 4119 2846 4180 fortasse
2877 4120 3023 4192 quod
3046 4120 3190 4184 dico,
3215 4121 3414 4178 durum
3432 4133 3553 4180 esse
3570 4129 3626 4180 et

2040 4212 2328 4268 charltatis
2352 4227 2553 4289 expers
2588 4212 2887 4268 videbitur.
2921 4210 3032 4273 Res
3060 4221 3245 4271 autem
3277 4231 3469 4272 revera
3513 4233 3624 4273 non

2043 4306 2117 4360 ita
2141 4321 2200 4360 se
2237 4305 2422 4360 habet.
2456 4305 2566 4360 Nos
2590 4304 2736 4360 enim
2774 4305 2924 4360 senis
2955 4307 3146 4377 utique
3183 4305 3434 4364 misereri
3464 4315 3624 4378 pata-

2043 4413 2188 4462 mus,
2213 4396 2257 4450 si
2297 4397 2474 4452 solum
2510 4396 2559 4450 ei
2594 4411 2794 4450 nomen
2835 4395 3222 4465 reliquerimus
3255 4414 3271 4462 ξ
3314 4397 3410 4452 sed
3450 4400 3624 4454 multo

2044 4491 2242 4546 melius
2263 4499 2385 4544 erat
2416 4487 2562 4542 aliud
2591 4502 2808 4558 quoque
2828 4487 3196 4542 considerare.
3225 4488 3367 4542 Dicit
3394 4490 3541 4543 enim
3568 4507 3625 4546 sc

350 4585 451 4652 τὴν
480 4582 676 4650 κλῆσιν
703 4579 935 4648 ἀφέντες
956 4594 970 4606 ·
1011 4577 1208 4649 μακρῷ
1235 4578 1293 4631 δὲ
1320 4574 1388 4648 ἦν
1431 4579 1655 4648 ἄμεινον
1689 4579 1930 4648 ἐννοῆσαι

2045 4596 2200 4636 suam
2221 4579 2442 4650 quidem
2476 4593 2637 4649 posse
2661 4593 2882 4633 causam
2911 4577 3163 4649 probare,
3198 4587 3253 4633 at
3296 4578 3632 4641 defensionis

350 4675 446 4725 καὶ
475 4673 538 4725 τὸ
557 4671 769 4742 ἕτερον.
818 4669 1020 4722 Φάσκει
1046 4669 1152 4739 γὰρ
1178 4669 1240 4720 οὐ
1261 4667 1526 4721 δύνασθαι
1557 4669 1656 4738 μὲν
1676 4669 1938 4738 συστῆναι

455 4763 640 4833 οἰκείᾳ
664 4759 931 4829 ὑπολήψει
957 4776 970 4789 ·
1001 4761 1064 4813 οὐ
1091 4759 1276 4813 λαϐεῖν
1306 4760 1362 4813 δὲ
1387 4759 1580 4830 καιρὸν
1617 4760 1937 4828 ἀπολογίας,

351 4854 484 4907 οὐτε
520 4855 630 4925 μὴν
669 4851 938 4923 ἀκρόασιν
984 4851 1132 4922 αὐτῷ
1169 4851 1505 4922 προτεθῆναι
1534 4853 1851 4923 κανονικήνε
1876 4853 1942 4906 Ei

353 4944 398 4998 δ⁴
431 4947 681 5015 ἐγεγόνει
730 4961 782 4996 τι
822 4941 1087 5005 τοιοῦτον,
1128 4943 1267 5013 αὐτὴ
1319 4943 1428 4997 τῶν
1459 4943 1867 5015 ὑπομνημάτων
1907 4945 1942 5016 ή

357 5038 621 5100 τᾶστασις
640 5033 925 5106 διήλεγξεν
949 5032 1016 5086 ἂν
1030 5033 1192 5087 αὐτὸν
1211 5034 1245 5106 ἢ
1260 5035 1459 5089 ἁλόντα
1476 5036 1590 5099 τοῖς
1601 5035 1941 5106 αἰτιάμασιν,

357 5129 390 5198 ἢ
413 5128 604 5200 ἔνοχον
627 5124 1092 5194 ἀποπεφασμένον
1121 5125 1217 5179 καὶ
1243 5127 1395 5183 οὐδὲν
1431 5127 1626 5198 ἔχοντα
1652 5126 1838 5182 λοιπὸν
1868 5127 1947 5180 εί-

357 5225 484 5274 πείν
516 5224 593 5286 ὡς
637 5219 992 5291 ἠδικημένον,
1037 5219 1208 5290 ἦγουν
1251 5214 1536 5291 ἐλεύθερον
1575 5219 1902 5291 ἀποφήνασα
1927 5259 1942 5282 ,

362 5314 521 5366 πάλιν
556 5313 727 5365 ἐδίδου
772 5311 834 5364 τὸ
865 5307 1198 5381 προεστάναι
1229 5310 1329 5380 τῆς
1368 5311 1730 5382 Ἐκκλησίας,
1772 5311 1806 5381 ἣ
1851 5312 1946 5364 καὶ

362 5406 466 5460 ὕπο
488 5409 644 5476 χεῖρα
679 5404 874 5471 γέγονε
913 5402 1012 5474 τὴν
1055 5401 1239 5456 αὐτοῦ.
1273 5403 1503 5466 οὐδενὸς
1527 5403 1587 5456 δὲ
1627 5404 1949 5474 πεπραγμέο

2049 4681 2266 4742 tempus
2288 4670 2394 4726 sibi
2420 4686 2529 4725 non
2565 4685 2686 4726 esse
2709 4669 2897 4725 datum
2925 4712 2939 4737 ,
2965 4684 3068 4724 nec
3099 4667 3434 4723 auditionem
3461 4686 3630 4726 cano-

2047 4763 2232 4816 nicam
2273 4759 2379 4815 sibi
2426 4759 2595 4815 fuisse
2634 4775 2970 4816 concessam.
3004 4757 3103 4814 Sin
3143 4768 3325 4814 autem
3362 4760 3469 4814 tale
3496 4762 3629 4830 quid

2049 4853 2256 4908 factum
2302 4860 2471 4916 esset,
2504 4852 2623 4923 ipsa
2660 4861 2904 4908 actorum
2947 4851 3237 4922 productio
3284 4868 3411 4908 eum
3440 4854 3631 4908 convi-

2050 4945 2225 5020 cisset‘
2248 4961 2404 5000 reum
2445 4945 2824 5015 impositorum
2856 4945 2958 5014 ipsi
2995 4931 3288 5000 criminum
3310 4985 3324 5010 ,
3352 4959 3456 5000 nec
3488 4954 3634 5000 esset

2053 5036 2561 5108 quod-se-injuria
2611 5036 2872 5091 ati'ectum
2930 5043 3295 5106 quereretur;
3347 5037 3429 5091 vel
3483 5043 3633 5090 certe

2053 5128 2363 5198 absolutum
2390 5144 2517 5182 eum
2544 5127 2847 5190 declarans,
2863 5141 3053 5180 rursus
3074 5126 3400 5181 concederet
3424 5135 3484 5181 ut
3499 5143 3637 5197 pra:-

2053 5230 2199 5277 esset
2244 5212 2502 5290 Ecclesiae
2539 5235 2660 5291 qua:
2693 5219 2770 5273 illi
2814 5219 3058 5289 subjecta
3099 5220 3220 5274 fuit.
3270 5219 3408 5276 Cum
3451 5233 3633 5278 autem

2043 5312 2192 5366 'nihil
2227 5313 2429 5367 factum
2462 5313 2533 5367 sit
2567 5309 2837 5384 ejusmodi
2864 5351 2877 5374 ,
2908 5309 2976 5364 de
3008 5326 3066 5365 re
3102 5311 3326 5380 quidem
3365 5313 3470 5368 alta
3502 5327 3636 5368 voce

2055 5403 2327 5473 queritur,
2345 5411 2399 5456 et
2416 5400 3088 5482 intolerabileminjuriam
3111 5415 3168 5456 se
3182 5400 3316 5456 dicit
3333 5402 3634 5472 accepisse,

1416 5557 1594 5614 Variae
1628 5558 1894 5615 lectiones
1929 5557 2136 5616 codicis
2172 5557 2532 5628 Seguieriani.

433 5663 468 5708 ει
500 5654 699 5708 αίτίαν.
779 5663 804 5691 τ
833 5653 1068 5723 πρῶτον.
1148 5661 1169 5689 ³
1197 5652 1359 5710 εἶναι.

610 5745 886 5808 PATROL:
931 5748 1046 5808 GR.
1090 5749 1372 5809 LXXVII.

3249 5739 3322 5806 12
