4044 6212
411 279 519 337 363

1448 262 1504 319 S.
1536 252 1812 317 CYRILLI
1850 248 2318 310 ALEXANDle
2357 244 2676 307 ARCHIEP.

3572 238 3677 299 364

413 405 469 452 et
492 394 679 462 imque
702 396 935 461 ejectum
964 397 1105 446 esse,
1138 378 1403 449 adjiciens
1437 392 1554 431 rem
1590 387 1810 429 omnem
1845 368 2001 425 fami-
2031 377 2052 433 Α

2128 387 2192 424 νου
2224 367 2488 431 τοιούτου,
2522 361 2771 433 καταδοᾷ
2799 358 2896 415 τοῦ
2926 356 3262 429 πράγματος
3284 396 3299 421 ,
3329 357 3425 410 καὶ
3463 359 3679 413 ἀδικίαν

413 488 607 543 liarem
630 497 787 539 suam
809 479 1117 546 ademptam
1139 471 1243 528 sibi
1278 470 1445 524 fuisse

487 770 605 828 Tua
626 768 813 837 itaque
841 761 1125 826 sanctitas,
1158 757 1519 817 considerans
1538 764 1597 811 et
1623 752 1772 826 quod
1796 752 2005 809 divinis

418 863 723 922 canonibus
749 857 1022 916 sancitum
1046 862 1152 919 est,
1178 860 1236 909 et
1270 850 1415 921 quod
1440 848 1700 905 Ecclesiae
1722 845 2001 909 convenit,

406 926 597 1028 liisque
626 952 721 1025 qui
761 957 891 1008 sunt
940 947 997 1005 in
1037 961 1193 1002 sacro
1232 941 1544 999 ministerio
1573 938 2000 1004 initiati,etno-

420 1058 656 1107 strarum
680 1048 941 1115 praeterea
970 1039 1278 1094 litterarum
1302 1032 1573 1091 rationem
1591 1030 1820 1093 ducens,
1844 1028 2003 1084 sistat

420 1137 571 1196 senis
604 1136 873 1205 lacrymas
899 1148 914 1197 ;
944 1138 1003 1184 et
1041 1127 1089 1184 si
1128 1126 1261 1181 velit
1285 1122 1510 1194 quidem
1543 1135 1671 1176 cum
1700 1120 1771 1175 iis
1795 1117 2005 1188 judicio

421 1224 754 1286 contendere
771 1221 867 1292 qui
888 1218 1120 1275 erimina
1144 1217 1200 1270 in
1223 1229 1351 1270 eum
1380 1210 1692 1274 intendunt,
1718 1206 1863 1278 apud
1884 1221 2009 1261 san-

423 1323 670 1378 ctitatem
703 1324 855 1371 tuam
901 1326 1004 1384 pro
1038 1323 1193 1365 more
1230 1307 1443 1377 litiget,
1479 1319 1588 1358 una
1616 1301 1827 1357 scilicet
1866 1296 2007 1353 assi-

424 1411 699 1471 stentibus
726 1406 822 1481 qui
852 1404 955 1461 tibi
985 1401 1223 1457 subsunt
1253 1396 1559 1468 episcopis,
1587 1393 1698 1448 nisi
1732 1391 1873 1446 forte
1904 1389 2006 1443 ali-

426 1516 566 1576 quos
594 1475 891 1555 recusatut
926 1499 1231 1562 suspectos.
1263 1486 1492 1541 Nullum
1528 1483 1678 1539 enim
1709 1475 2009 1548 religiosis-

427 1597 691 1652 simorum
714 1589 1099 1660 episcoporum
1116 1581 1170 1636 in
1190 1580 1414 1635 fratrem
1438 1575 1659 1634 inimico
1680 1587 1801 1629 esse
1825 1574 2008 1625 animo

428 1685 731 1742 credimus.
774 1680 854 1734 Ne
893 1684 1080 1731 autem
1108 1671 1202 1727 hic
1228 1677 1529 1743 praetextus
1564 1666 1814 1721 futurum
1851 1660 1918 1716 de
1943 1676 2011 1715 eo

431 1960 603 2034 specti
633 1966 764 2014 sunt
784 1956 1018 2026 aliquos.

502 2151 799 2211 Pecuniam
821 2157 1003 2203 autem
1021 2159 1143 2215 quae
1166 2158 1265 2213 per
1293 2139 1548 2211 iniuriam
1571 2122 1887 2207 ipsi'erepta
1910 2137 2015 2193 est,

435 2252 641 2325 duplici
662 2249 885 2305 nomine
914 2247 969 2302 ei
989 2243 1145 2299 reddi
1162 2251 1378 2310 aequum
1400 2242 1503 2289 est.
1531 2230 1776 2286 Primum
1793 2222 2017 2294 quidem

435 2315 583 2417 quod
603 2358 707 2398 nec
729 2342 835 2396 tale
855 2338 986 2409 quid
1015 2335 1241 2392 omnino
1268 2328 1382 2385 fieri
1413 2322 1703 2396 oportebat
1731 2336 1743 2371 :
1773 2315 1930 2386 211
1965 2322 2021 2367 et

436 2404 584 2508 quod
630 2434 789 2490 valde
831 2404 975 2523 male
1028 2425 1196 2480 habet
1242 2430 1549 2491 magnaque
1592 2409 1822 2467 tristitia
1855 2404 2024 2460 atiicit

437 2527 815 2587 sanctissimos
852 2506 1144 2593 episcOpos
1189 2512 1283 2584 qui
1312 2518 1442 2565 sunt
1470 2506 1675 2575 ubique
1710 2510 2020 2560 terrarum,

438 2619 586 2691 quod
639 2624 961 2687 sumptuum
1003 2586 1099 2679 qui
1153 2605 1263 2660 illis
1294 2599 1556 2656 eveniunt
1597 2586 2025 2663 dispensationis

441 2713 582 2767 ratio
616 2710 685 2766 ab
717 2708 800 2764 eis
824 2704 1076 2774 exigatur
1095 2740 1110 2765 ,
1141 2697 1257 2753 sive
1286 2710 1354 2749 ex
1381 2685 1771 2746 ecclesiasticis
1798 2678 2027 2736 redditi-

439 2804 566 2866 bus,
610 2799 725 2854 sive
761 2812 829 2850 ex
855 2771 1039 2848 fructu
1071 2787 1291 2845 aliunde
1316 2788 1596 2854 percepto.
1636 2771 2028 2842 Unusquisque

441 2890 591 2952 cnim
631 2899 884 2947 nostrum
944 2884 1100 2939 dabit
1158 2890 1385 2935 suorum
1432 2872 1706 2925 malorum
1754 2864 2029 2921 rationem

2104 462 2375 531 ἀφόρητον
2401 454 2698 525 ὑποστῆναι
2726 470 2883 525 φησι,
2902 451 2997 505 καί
3016 450 3272 520 ἀθέσμως
3297 449 3679 519 ὲκδεϐλῆσθαι,

2104 550 2471 624 προσεπάγων
2518 549 2603 602 ὅτι
2655 548 2754 601 καὶ
2780 543 3007 617 ἡρπάγη
3056 540 3235 594 πάντα
3283 539 3355 595 τά
3409 541 3687 612 προσόντα

2105 642 2253 714 αὐτῷ
2279 642 2560 714 χρήματα.

2190 738 2254 791 Ἦ
2277 734 2345 806 σὴ
2363 730 2653 805 τοιγαροῦν
2663 728 2900 800 ὁσιότης,
2918 725 3172 780 ἐννοοῦσα
3183 723 3279 777 καὶ
3299 722 3361 775 τὸ
3380 724 3491 787 τοῖς
3520 722 3687 787 θείοις

2109 828 2299 885 κανόσι
2326 825 2535 890 δοκοῦν,
2565 824 2660 878 καὶ
2684 820 2747 875 τὸ
2776 819 2987 893 πρέπον
3016 819 3084 888 τῇ
3128 813 3426 884 Ἐκκλησία
3458 814 3552 867 καὶ
3577 816 3689 875 τοῖς

2108 921 2463 991 τεταγμένοις
2493 920 2572 982 εἰς
2610 914 2762 988 ἱερὰν
2784 910 3129 982 λειτουργίαν
3155 924 3168 938 ·
3202 908 3281 960 ἔτι
3309 924 3367 960 τε
3399 907 3535 977 πρὸς
3566 905 3689 958 τοὺο

2106 1030 2243 1078 τοις,
2277 1012 2373 1064 καὶ
2410 1009 2482 1062 τὰ
2530 1009 2661 1077 παρ’
2716 1003 2874 1075 ἡμῶν
2920 998 3306 1070 δυσωπηθεῖσα
3351 996 3689 1067 γράμματα,

2112 1104 2366 1174 στησάτω
2411 1097 2504 1152 τοῦ
2552 1094 2868 1168 πρεσϐύτου
2926 1091 2987 1144 τὸ
3038 1090 3295 1160 δάκρυον.
3342 1087 3453 1140 Καὶ
3491 1088 3539 1140 εἰ
3594 1086 3693 1156 μὲν

2111 1196 2286 1250 ἕλοιτο
2328 1189 2656 1246 δικάσασθαι
2715 1186 2852 1258 πρὸς
2886 1186 3011 1248 τοὺς
3051 1184 3358 1250 ἐπάγοντας
3391 1178 3542 1249 αὑτῷ
3595 1179 3693 1242 τὰς

2112 1287 2315 1352 αἰτίας,
2339 1281 2646 1347 δικαζέσθω
2668 1278 2811 1333 κατά
2830 1278 2891 1330 τὸ
2908 1274 3098 1338 εἰωθὸς
3118 1273 3212 1328 ἐπὶ
3233 1272 3332 1341 τῆς
3358 1270 3691 1331 θεοσεϐείας·

2116 1376 2514 1449 συμπαρόντων
2566 1369 2811 1442 δηλονότι
2855 1368 2963 1421 τῶν
3023 1365 3127 1418 ὑπὸ
3160 1362 3258 1432 τὴν
3316 1360 3486 1428 αὑτῆς
3536 1362 3697 1430 χεῖρα

2115 1468 2552 1527 θεοσεὸεστάτων
2587 1463 2907 1518 ἐπισκόπων
2931 1474 2945 1489 ⁸
2975 1456 3133 1519 ὲκτδς
3164 1456 3213 1507 εἰ
3254 1454 3331 1527 μὴ
3377 1449 3703 1523 παραιτοῖτό

2040 1560 2081 1615 Β
2109 1581 2263 1627 τινας
2291 1563 2366 1626 ὡς
2397 1560 2692 1619 ὑπόπτους.
2725 1553 2930 1608 Οὐδένα
2958 1551 3058 1620 μὲν
3081 1546 3189 1619 γὰρ
3214 1546 3324 1601 τῶν
3348 1544 3700 1599 θεοσεὸεστά-

2113 1675 2221 1711 των
2268 1652 2582 1707 ἐπισκόπων
2631 1645 2802 1719 ἐχθρὰ
2832 1644 3049 1715 φρονεῖν
3094 1639 3308 1709 ἀδελφῷ
3348 1636 3695 1705 πιστεύομει.

2119 1930 2450 1999 πεποιῆσθαι
2482 1927 2681 1988 δοκεῖν,
2722 1920 2874 1976 οὐδέν
2903 1921 3020 1973 ἐστι
3045 1916 3109 1971 τδ
3127 1914 3336 1969 λυποῦν
3362 1914 3580 1965 ἀπεῖναι
3609 1908 3704 1961 τοῦ

2121 2022 2400 2095 συνεδρίου
2431 2018 2540 2072 τῶν
2570 2020 2626 2070 ὲν
2653 2014 2861 2083 ὑποψίᾳ
2886 2010 3062 2072 τινάς.

2191 2093 2354 2169 Τάῖδὲ
2382 2112 2585 2174 ἀδίκως
2606 2093 2880 2179 ληφθέντά
2900 2103 3032 2175 παρ’
3063 2098 3229 2154 αὑτοῦ
3257 2098 3535 2168 χρήματα,
3571 2095 3706 2147 ἀνα-

2120 2209 2340 2277 δοθῆναι
2374 2205 2584 2259 δίκαιον
2615 2201 2755 2255 κατὰ
2798 2199 2891 2252 δύο
2934 2195 3190 2266 τρόπους.
3227 2190 3453 2260 Πρῶτον
3486 2187 3582 2253 μὲν
3622 2188 3711 2239 ὅτι

2122 2302 2243 2355 οὑδὲ
2273 2302 2439 2370 ἐχρῆν
2467 2298 2603 2359 ὅλως
2637 2291 2893 2364 γενέσθαι
2923 2307 2976 2343 τι
3008 2284 3245 2341 τοιοῦτον
3270 2300 3282 2313 ·
3318 2282 3411 2335 καί
3443 2278 3711 2333 ὅτιλυπεί

2127 2394 2331 2466 σφόδρα
2386 2391 2482 2447 καὶ
2531 2391 2610 2452 είς
2656 2384 2891 2457 ἐσχάτην
2938 2378 3169 2451 ἀκηδίαν
3226 2372 3527 2443 καταφέρει
3577 2371 3709 2431 τοὺς

2127 2461 2474 2556 ἁπανταχόσε
2494 2482 2596 2552 γῆς
2623 2480 2783 2540 ὄντας
2805 2469 3258 2530 θεοσεϐεστάτους
3280 2464 3341 2519 τὸ
3361 2461 3711 2518 ἀπαιτεῖσθαι

2127 2577 2319 2647 λόγους
2361 2575 2459 2646 τῆς
2498 2567 2812 2639 οἰκονομίας
2860 2562 2973 2617 τῶν
3020 2554 3481 2630 παραπιπτὸντων
3525 2550 3711 2611 αὐτοῖς

2129 2642 2526 2738 ἀναλωμάτων,
2558 2663 2668 2716 εἴτε
2695 2660 2759 2712 ἐκ
2788 2654 3069 2727 προσόδων
3094 2644 3581 2718 ἐκκλησιαστικῶν,
3611 2642 3713 2695 εἴτ’

2130 2755 2223 2814 οὖν
2249 2731 2342 2812 καῖ
2377 2754 2484 2809 ἀπὸ
2528 2752 2628 2819 τῆς
2660 2764 2824 2802 τινων
2856 2739 3258 2815 καρποφορίας.
3298 2737 3570 2796 Ἕκαστος
3601 2731 3716 2799 γὰρ

2132 2849 2289 2921 ἡμῶν
2306 2846 2415 2901 τῶν
2434 2844 2579 2900 ἰδίων
2600 2838 2783 2895 κακῶν
2809 2835 2970 2890 δώσει
2999 2834 3155 2899 λόγον
3180 2829 3256 2901 τῷ
3290 2828 3504 2881 πάντων
3527 2825 3712 2894 κριτῇ.

442 2915 587 2952 cnim
632 2915 884 2947 ιιυδιῐυιιι
944 2915 1100 2939 uauu
1158 2915 1385 2935 auu-u-u
1434 2915 1598 2925 ...ι-ιν.
1617 2915 1706 2923 κ---
1755 2915 1962 2921 ---η---

442 2984 689 3043 omnium
715 2977 907 3051 iudici.
941 2975 1082 3029 Vasa
1110 2970 1255 3025 enim
1290 2962 1531 3035 pretiosa
1558 2970 1615 3015 et
1649 2956 2027 3029 possessiones

2134 2938 2412 3011 Κειμήλια
2455 2936 2553 3006 μὲν
2585 2931 2691 3002 γὰρ
2723 2931 2817 2983 καὶ
2859 2929 3080 2997 κτήσεις
3113 2921 3402 2992 ἀκινήτους
3423 2919 3549 2979 ταῖς
3598 2915 3720 2966 Ἐκ-

2174 3034 2191 3051 ιι
2260 3032 2388 3051 γυνη
2451 3025 2712 3051 -.ιμ’---οη
2753 3022 2856 3051 ..λιι
2885 3037 2898 3051 .
2956 3014 3270 3051 Ωηηκετκηηι
3315 3012 3369 3051 δὲ
3418 3012 3530 3051 «erit
3571 3007 3719 3051 γνιτᾷ

444 3073 755 3134 immobiles
788 3074 1008 3139 Oportet
1049 3061 1256 3118 servari
1291 3054 1593 3119 Ecclesiis;
1624 3048 1900 3120 episcopis
1933 3061 2028 3100 au-

447 3181 557 3226 tem
586 3165 681 3236 qui
714 3170 846 3216 tunc
872 3154 1137 3226 temporis
1178 3151 1425 3207 divinum
1455 3141 1825 3201 sacerdotium
1855 3137 2031 3193 admi-

446 3264 706 3321 nistrant,
727 3250 1088 3308 incidentium
1114 3232 1435 3314 sumptuum
1459 3233 1924 3307 dispensationem
1947 3243 2031 3282 se-

449 3368 581 3410 cure
618 3346 791 3406 credi.

521 3432 966 3499 Renuntiationis
986 3438 1171 3485 autem
1203 3424 1419 3481 libellos
1448 3436 1562 3477 non
1586 3433 1686 3473 sua
1723 3414 2030 3475 voluntate,

452 3535 546 3593 sed
573 3529 741 3587 veluti
774 3527 829 3582 vi
866 3540 931 3579 ac
963 3527 1136 3583 metu,
1162 3526 1219 3574 et
1248 3515 1559 3585 aliquorum
1586 3506 1753 3563 minis
1772 3518 1831 3559 se
1860 3499 2033 3556 tradi-

453 3628 599 3685 disse
638 3621 791 3678 dicit.
827 3616 948 3675 Jam
988 3626 1121 3668 vero
1153 3610 1259 3665 alia
1289 3619 1509 3678 quoque
1542 3616 1635 3656 res
1655 3606 1761 3663 est,
1793 3609 1914 3666 qua:
1946 3608 2038 3648 ec-

454 3712 773 3775 clesiastica:
801 3699 1187 3765 consuetudini
1228 3713 1339 3753 non
1377 3694 1583 3767 placet,
1623 3686 1821 3744 offerre
1860 3697 2039 3739 sacer-

456 3810 615 3865 dotes
661 3804 879 3873 aliquos
901 3790 1334 3854 renuntiationis
1376 3784 1618 3843 libellos.
1651 3780 1790 3836 Nam
1821 3776 1868 3832 si
1909 3782 2040 3831 sunt

458 3898 608 3971 digni
644 3895 739 3966 qui
774 3907 930 3949 sacra
973 3886 1235 3961 mysteria
1270 3882 1473 3938 obeant
1501 3917 1518 3942 ,
1548 3875 1606 3929 in
1635 3874 1705 3928 iis
1738 3874 2038 3933 maneant;

460 3991 545 4044 sin
576 3993 758 4042 autem
783 3958 1147 4054 indignipnec
1180 3989 1278 4046 per
1310 3964 1782 4027 renuntiationem
1812 3958 2041 4031 quidem

460 4089 689 4144 exeant,
726 4078 821 4135 sed
854 4052 1042 4148 potius
1079 4080 1307 4142 propter
1363 4072 1515 4138 gesta
1550 4054 1941 4120 condemnati,
1972 4052 2043 4109 de

462 4173 663 4244 quibus
680 4144 970 4242 quisquam
991 4167 1326 4233 conquestus
1341 4155 1501 4212 fuerit
1523 4153 1602 4209 uti
1625 4167 1658 4207 a
1680 4156 1831 4205 recto
1849 4144 2047 4202 ordine

463 4237 869 4320 aberrantibus.
895 4255 1083 4313 Saluta
1105 4249 1509 4309 fraternitatem
1538 4257 1661 4316 qua:
1683 4237 1832 4312 apud
1861 4245 1915 4292 te
1935 4241 2042 4301 est;

466 4368 588 4422 qua:
610 4357 697 4406 est
737 4345 883 4420 apud
910 4360 1037 4411 nos,
1066 4349 1121 4399 te
1151 4340 1209 4397 in
1234 4337 1470 4401 Domino
1501 4333 1723 4391 salutat.

2136 3007 2389 3103 κλησίαις
2447 3025 2717 3091 σώζεσθαι
2753 3022 2858 3093 χρή
2885 3037 2898 3051 ·
2956 3014 3276 3088 θαρσεῖσθαι
3315 3012 3372 3065 δὲ
3418 3012 3530 3071 τοῖς
3571 3007 3719 3061 κατὰ

2137 3126 2327 3196 καιρὸν
2356 3123 2455 3193 τὴν
2502 3119 2652 3173 θείαν
2685 3116 2962 3170 διέπουσιν
3001 3107 3301 3182 ἱερωσύνην
3332 3105 3441 3158 τῶν
3469 3117 3711 3174 παραπι·

2138 3220 2381 3284 πτόντων
2417 3210 2791 3281 ἀναλωμάτων
2814 3208 2912 3276 τὴν
2939 3199 3250 3272 οἰκονομίαν
3274 3239 3287 3252 .

2211 3392 2349 3457 Τοὺς
2375 3392 2431 3445 δὲ
2466 3390 2565 3459 τῆς
2602 3386 2983 3457 παραιτήσεως
3026 3376 3298 3438 λιϐέλλους
3326 3373 3388 3425 οὑ
3421 3368 3562 3424 κατά
3597 3384 3724 3437 προσ

2143 3487 2353 3560 αίρεσιν
2391 3458 2615 3544 οἰκείαν,
2652 3477 2767 3533 ἀλλ’
2806 3476 2879 3537 ὡς
2912 3472 2969 3537 ἐξ
3012 3470 3257 3539 ἀνάγκης
3296 3464 3390 3521 καὶ
3422 3462 3585 3533 φόϐου
3628 3458 3728 3511 καὶ

2142 3551 2241 3650 τῆς
2287 3592 2451 3630 τινων
2501 3570 2731 3639 ἀπειλῆς
2782 3562 3058 3619 ἐπιδοῦναί
3099 3578 3253 3630 φησι.
3291 3556 3403 3611 Καὶ
3449 3554 3635 3624 ἕτερον
3668 3551 3729 3604 δὲ

2146 3645 2380 3743 πρᾶγμά
2434 3666 2579 3718 ἐστιν
2634 3660 2757 3715 οὔτε
2796 3660 2906 3723 τοῖς
2953 3656 3050 3726 τῆς
3115 3648 3439 3719 Ἑκκλησίας
3492 3645 3732 3718 ἀρέσκον

2148 3738 2367 3831 θεσμοῖς
2394 3797 2409 3823 ,
2438 3755 2497 3809 τὸ
2522 3750 2798 3812 λιϐέλλους
2826 3745 3213 3819 παραιτήσεων
3245 3738 3543 3810 προσάγειν
3576 3741 3733 3795 τινας

2146 3828 2261 3905 τῶν
2292 3844 2613 3918 ἱερουργῶν.
2652 3842 2716 3899 Εἰ
2747 3840 2852 3910 γάρ
2888 3841 3023 3892 εἰσιν
3067 3835 3207 3899 ἄξιοι
3235 3831 3329 3891 τοῦ
3368 3828 3733 3898 λειτουργεῖν.

2149 3944 2391 3997 ἔστωσαν
2433 3940 2490 3992 έν
2534 3936 2743 4006 τούτῳ·
2784 3934 2832 3987 εἰ
2864 3932 2908 3985 δ’
2940 3927 3171 3994 ἀνάξιοι,
3206 3925 3284 3998 μὴ
3321 3922 3431 3978 ἀπὸ
3458 3919 3735 3994 ἰταραιτή⁵

2153 4052 2289 4098 σεως
2320 4032 2606 4097 ὲξίτωσαν,
2661 4020 3107 4092 κατεγνωσμένοι
3150 4017 3207 4071 δὲ
3242 4013 3441 4088 μᾶλλον
3472 4012 3564 4063 ἐπὶ
3591 4013 3737 4077 πρά·
3766 4077 3773 4085 η

2152 4143 2375 4198 γμασιν,
2403 4116 2476 4177 ὧν
2504 4122 2569 4176 ἄν
2607 4136 2691 4182 τις
2742 4115 2944 4188 πολλὴν
2985 4112 3270 4181 ποιήσαιτο
3298 4105 3396 4177 τὴν
3436 4100 3739 4171 καταϐοὴν,

2259 4215 2362 4283 ἔξω
2390 4214 2691 4286 τρεχόντων
2726 4209 2908 4279 πάσης
2939 4202 3282 4265 ἀκολουθίας.
3314 4197 3586 4270 Πρόσειπε
3636 4192 3740 4263 τὴν

2077 4289 2123 4344 D
2152 4312 2304 4384 παρά
2330 4310 2413 4363 σοὶ
2438 4305 2774 4376 ἀδελφότητα
2794 4318 2807 4333 ο
2843 4302 2901 4356 σὲ
2931 4302 2965 4372 ἠ
2997 4300 3093 4353 σὺν
3120 4299 3251 4369 ἡμῖν
3273 4296 3330 4349 ὲν
3348 4292 3536 4364 Κυρίῳ
3569 4302 3740 4361 προσο

2157 4400 2434 4474 ἀγορεύει.

2076 4618 2146 4629 -σ-

1664 4743 2005 4805 EPISTOL'A
2041 4738 2261 4797 LXXIX
2301 4734 2395 4809 (οί.
2437 4728 2573 4799 LX).

1287 4931 1498 4974 ονιιιιι
1533 4930 1599 4969 ΑΙ)
1638 4920 2043 4968 ενιεεοιιοερρυι
2073 4916 2205 4957 SUNT
2238 4914 2291 4954 IN
2329 4912 2483 4952 ιιιιυ
2504 4908 2577 4949 λετ
2616 4902 2927 4946 PBN'I'M‘OLI.

1574 5079 1650 5133 De
1679 5075 1949 5145 monachis
1982 5065 2323 5135 in,Thebaide
2346 5057 2669 5131 degentibus.

549 5252 857 5327 CujUslibet
885 5250 986 5316 rei,
1034 5263 1155 5321 qua:
1185 5247 1251 5304 ad
1286 5246 1618 5318 populorum
1645 5239 2063 5320 aedificationem

482 5348 638 5403 utilis
665 5356 769 5411 est,
801 5353 857 5400 et
876 5342 1207 5409 necessaria,
1237 5349 1294 5397 et
1317 5339 1385 5396 ad
1424 5346 1735 5394 sanctarum
1761 5334 1928 5389 etiam
1951 5332 2062 5386 Ec—

486 5437 783 5492 clesiarum
838 5434 1298 5490 existimationem
1344 5414 1592 5495 confert,
1642 5443 1773 5484 cura
1828 5424 2063 5497 gerenda

486 5536 588 5583 est.
622 5526 899 5594 Scriptum
937 5532 1021 5578 est
1050 5524 1198 5578 enim
1229 5541 1241 5577 :
1282 5543 1300 5573 ι
1338 5522 1569 5578 Sanctos
1611 5519 1775 5575 facite
1818 5517 1961 5571 filios
1988 5515 2065 5570 ls—

486 5616 597 5673 rael
630 5616 667 5666 '.
700 5632 717 5663 ι
759 5613 950 5667 Patres
987 5611 1170 5683 itaque
1199 5613 1659 5669 monasteriorum
1697 5624 1819 5681 qua:
1852 5607 2065 5665 sunt-in

560 5733 576 5763 ¹
619 5730 783 5787 Josue
810 5739 903 5794 vn,
934 5723 1023 5780 15.

2246 5226 2458 5291 Παντὸς
2487 5222 2582 5278 τοῦ
2614 5220 2887 5294 χρησίμου
2916 5216 3012 5269 καὶ
3044 5212 3348 5283 ἀναγκαίου
3382 5210 3519 5283 πρὸς
3551 5209 3752 5263 οἰκοδο-

2176 5324 2281 5395 μὴν
2315 5320 2426 5373 τῶν
2475 5317 2646 5383 λαῶν,
2683 5312 2966 5373 τελοῦντος
3014 5308 3070 5362 δὲ
3100 5308 3196 5363 καὶ
3240 5308 3319 5369 εἰς
3346 5303 3613 5373 ὑπόληψιν
3648 5302 3766 5354 τῶν

2173 5420 2345 5489 ἁγίων
2394 5410 2761 5483 Ἐκκλησιῶν,
2792 5406 3049 5479 φροντίδα
3081 5402 3353 5458 ποιεῖσθαι
3387 5399 3515 5471 χρή.
3550 5397 3763 5465 Γέγρα-

2173 5488 2303 5566 πται
2326 5508 2560 5581 γὰρ,,ὃτι
2590 5524 2607 5556 ι
2637 5500 2900 5562 Εὑλαὸεῐς
2919 5500 3121 5551 ποιεὶτε
3140 5497 3265 5559 τοὺς
3287 5494 3437 5555 υἱοὺς
3469 5488 3709 5561 Ἰσραήλ.
3740 5507 3758 5538 ι

2171 5600 2565 5671 Μοναστηρίων
2592 5596 2769 5649 τοίνυν
2802 5590 3042 5661 Πατέρες
3075 5589 3181 5641 τῶν
3219 5588 3358 5640 κατά
3386 5583 3483 5653 τὴν
3509 5580 3768 5653 Θηὸαὶων
