4044 6212
353 276 446 333 5ίὸ
1689 260 1912 331 EPIB’N

2017 315 2023 328 .
2066 265 2274 328 LXXX.

3494 267 3599 323 5138

355 392 632 463 ἐπαρχίαν,
649 391 844 464 ἄνδρες
866 392 1112 456 εὐλαδεῖς
1146 393 1237 446 καὶ
1266 393 1368 447 οὐκ
1393 392 1744 464 ἀθαύμαστον
1774 393 1912 464 ἔχον-

2027 391 2414 446 Thebanorum
2454 387 2771 459 provincia,
2804 387 2907 442 viri
2936 387 3010 457 pii
3042 398 3104 442 ac
3133 385 3328 449 sancti,
3362 395 3428 440 ac
3467 386 3600 439 satis

353 503 433 549 τες
450 485 752 550 πολιτείαν,
780 484 1028 548 ἐλθόντες
1057 488 1113 538 ὲν
1148 485 1547 556 Ἀλεξανδρείᾳ,
1579 485 1921 556 ἐρωτώμενοι

357 577 472 645 παρ’
499 576 634 646 ἐμοῦ
667 579 765 646 τὴν
789 577 1127 631 κατάστασιν
1151 577 1258 630 τῶν
1286 578 1482 634 αὐτόσε
1523 577 1919 647 μοναστηρίων,

353 669 641 733 ἐδίδασκον,
677 667 761 720 δτι
796 667 1241 732 σκανδαλίζονται
1267 667 1453 722 πολλοὶ
1488 668 1576 721 διὰ
1602 671 1701 737 τὴν
1738 669 1923 720 τοιαύ-

349 778 439 831 την
467 753 668 813 αἰτίαν.

409 850 626 903 Νεωστὶ
650 851 1039 922 γεγαμηκότες
1071 852 1216 916 τινὲς
1249 854 1343 906 καὶ
1367 847 1480 906 οἷον
1507 853 1567 917 ἐξ
1596 852 1780 905 αὐτῶν
1821 870 1922 908 κα-

344 944 607 1007 ταϐάντες
650 944 762 997 τῶν
794 943 1124 1015 νυμφὼνων,
1179 945 1590 1015 συναρπάζουσί
1621 962 1776 1008 τινας
1807 945 1919 999 τῶν

344 1035 766 1103 ὑεοφιλεστάτων
802 1036 1140 1099 ἐπισκόπων,
1175 1037 1270 1089 καὶ
1298 1035 1511 1099 οὐδενὸς
1542 1035 1684 1105 τάχα
1714 1050 1814 1089 που
1852 1034 1922 1088 τὰ

345 1126 456 1178 κατ’
490 1126 692 1187 αὐτοὺς
739 1123 1204 1192 καταπέλλοντος
1223 1167 1236 1190 ,
1270 1123 1702 1195 χειροτονοῦνται
1732 1123 1922 1194 κληρι-

341 1219 446 1279 κοί,
481 1215 652 1286 ἤγουν
683 1215 1068 1287 πρεσϐύτεροι.
1109 1216 1328 1286 Ἕτεροι
1373 1215 1432 1269 δέ
1462 1233 1606 1279 τινες
1647 1215 1704 1282 ἐξ
1739 1215 1920 1270 αὐτῶν

339 1307 444 1357 τῶν
486 1305 873 1376 μοναστηρίων
921 1307 1000 1368 ὡς
1035 1305 1262 1358 ἄτακτοι
1293 1304 1713 1376 ἐκϐαλλόμενοι,
1754 1303 1918 1359 πάλιν

341 1395 700 1466 ὑποτρέχουσι
721 1398 821 1458 τὰς
842 1395 1191 1466 χειροτονίας,
1221 1396 1317 1448 καὶ
1336 1397 1618 1468 γενόμενοι
1642 1395 1916 1468 κληρικοὶ,

342 1487 678 1557 εἰσέρχονται
721 1477 820 1539 καὶ
860 1488 920 1539 ὲν
971 1486 1152 1550 αὐτοῖς
1204 1488 1319 1550 τοῖς
1372 1487 1755 1558 μοναστηρίοις
1793 1486 1918 1543 ὅθεν

339 1577 713 1647 ίκῦἐόληνται,
739 1577 838 1630 καὶ
864 1575 1144 1646 βούλονται
1170 1577 1523 1648 προσφέρειν,
1551 1579 1647 1632 καὶ
1663 1579 1765 1634 ὅσα
1786 1579 1919 1651 κληι

341 1670 511 1738 prmi;
541 1669 665 1731 ἔθος
690 1666 966 1740 πληροῦν,
1009 1668 1102 1721 καὶ
1126 1667 1301 1723 ταῦτα
1323 1669 1456 1741 δρᾷν
1477 1708 1494 1734 ,
1534 1669 1610 1734 ὡς
1639 1670 1732 1725 καί
1763 1687 1917 1736 τινας

2025 481 2404 539 admirabilem
2444 482 2570 536 vitae
2599 481 2833 537 formam
2870 490 2927 535 et
2958 479 3358 534 institutionem
3393 477 3601 530 haben-

2023 585 2141 641 tes,
2175 589 2298 631 cum
2330 575 2716 631 Alexandriam
2745 574 3045 637 venissent,
3085 587 3117 626 a
3143 583 3230 625 me
3276 567 3596 639 interrogati

2024 667 2092 722 de
2116 667 2576 721 monasteriorum
2607 679 2728 735 quae
2757 664 2871 718 illic
2898 670 3026 718 sunt
3051 659 3468 724 constitutione,
3499 657 3570 712 do
3596 691 3601 696 ι

2023 767 2257 814 cuerunt
2282 759 2482 811 multos
2513 757 2717 811 oti‘endi
2749 761 2971 825 propter
2999 755 3141 808 hanc
3179 765 3421 806 causam.

2092 849 2328 918 Quidam
2366 851 2460 920 qui
2497 862 2698 904 uxores
2734 857 2987 906 recenter
3015 845 3313 908 duxerunt,
3339 851 3394 898 et
3415 859 3484 898 ex
3514 859 3593 913 lp-

2021 945 2099 1000 sis
2134 943 2306 998 veluti
2339 942 2592 997 thalamis
2622 942 2850 1013 egressi,
2899 941 3112 1011 aliquos
3137 953 3206 995 ex
3233 937 3594 994 sanctissimi:

2019 1032 2292 1102 episcopis
2310 1031 2662 1101 arripiunt,et
2673 1031 2829 1085 nullo
2846 1031 2916 1085 de
2929 1031 3012 1086 eis
3025 1043 3058 1084 u
3068 1031 3216 1100 tique
3226 1028 3595 1095 renuntiante

2020 1123 2357 1177 ordinantur
2385 1122 2571 1176 clerici
2603 1135 2700 1176 seu
2727 1121 3052 1193 presbyteri.
3090 1119 3276 1198 Aliqui
3303 1127 3489 1175 autem
3507 1120 3601 1174 alii

2019 1225 2089 1270 ex
2122 1214 2259 1285 ipsis
2311 1214 2696 1279 monasteriis,
2741 1222 2803 1268 ut
2837 1213 3149 1268 immodesti
3188 1211 3603 1280 insolentesque

2018 1305 2206 1377 ejecti,
2238 1320 2431 1362 rursus
2461 1305 2837 1370 ordinationes
2862 1305 3114 1376 captanti;
3147 1312 3204 1359 et
3233 1303 3361 1358 facti
3389 1301 3599 1365 clerici,

2021 1397 2077 1450 in
2108 1409 2174 1450 ea
2207 1397 2321 1466 ipsa
2346 1395 2676 1449 monasteria
2704 1393 3090 1466 ingrediuntur
3117 1407 3186 1448 ex
3211 1393 3416 1464 quibus
3439 1392 3600 1463 eiecti

2019 1495 2172 1551 sant,
2209 1496 2266 1540 et
2289 1488 2482 1542 volunt
2501 1485 2835 1542 oblationem
2877 1500 3038 1558 agere
3057 1493 3115 1540 et
3145 1500 3210 1541 ea
3231 1487 3392 1556 312
3415 1485 3600 1541 omnia

2023 1577 2202 1633 facere
2239 1593 2361 1650 quae
2390 1593 2509 1634 mos
2534 1588 2621 1634 est
2646 1578 2888 1644 clericis,
2917 1585 2978 1632 u'.
3002 1577 3170 1634 etiam
3202 1578 3372 1647 aliqui
3398 1593 3596 1633 eorum

2020 1669 2116 1739 qui
2147 1671 2296 1740 ipsos
2324 1678 2546 1735 norunt,
2576 1681 2805 1742 synaxes
2828 1671 3098 1734 devitem,
3119 1680 3177 1726 et
3194 1669 3601 1724 communicare

337 1759 443 1811 τῶν
472 1759 689 1813 εἰδότων
717 1760 916 1822 αὐτοὺς
944 1760 1328 1832 παραιτεῖσθαι
1362 1764 1462 1816 καὶ
1492 1761 1593 1826 τὰς
1627 1763 1879 1829 συνάξεις
1898 1806 1912 1831 ,

2022 1766 2078 1820 in
2116 1763 2364 1821 animum
2389 1779 2501 1820 non
2527 1765 2793 1820 inducant
2814 1765 2926 1820 illis
2954 1763 3422 1820 ministrantibus.

339 1852 430 1904 καὶ
462 1849 538 1919 μὴ
568 1849 856 1919 ἀνέχεσθαι
878 1853 1158 1904 κοινωνεῖν
1182 1851 1644 1920 λειτουργούντων
1663 1854 1912 1907 δκείνων.

418 1941 636 2013 Ἐπειδὴ
657 1942 837 1996 τοίνυν
855 1944 994 2014 πρὸς
1013 1944 1328 2016 οἰκοδομὴν,
1352 1945 1430 2009 ὼς
1447 1944 1606 2016 ἔφην,
1629 1945 1740 2000 τῶν
1768 1945 1916 2000 λαῶν

336 2035 512 2090 πάντα
539 2034 648 2105 χρὴ
670 2033 1009 2105 πράττεσθαι
1030 2035 1162 2106 παρ’
1179 2036 1359 2108 ἡμῶν,
1386 2037 1720 2110 ἑπιτηρείτω
1739 2037 1916 2092 ταῦτα

333 2127 366 2196 ἠ
394 2127 677 2179 θεοσέϐεια
707 2126 863 2198 ὑμῶν
887 2141 899 2156 °
945 2127 1043 2181 καὶ
1076 2129 1124 2180 εἰ
1163 2127 1347 2198 μέλλει
1373 2144 1461 2192 τις
1488 2129 1914 2198 χειροτονεῖσθαι

333 2215 613 2286 κληρικὺς,
651 2216 1109 2287 περιεργαςέσθω
1136 2217 1228 2272 τὸν
1262 2217 1376 2288 βίον
1404 2217 1593 2282 αὐτοῦ,
1627 2218 1722 2272 καὶ
1750 2219 1908 2272 πότε-

336 2307 426 2376 ρόν
453 2324 588 2360 ποτε
621 2309 869 2380 γαμετὴν
897 2308 1008 2378 ἔχει
1035 2309 1068 2380 ἢ
1091 2308 1177 2374 οὓ,
1218 2310 1311 2363 καὶ
1334 2310 1452 2374 πῶς
1489 2307 1586 2364 καὶ
1619 2311 1748 2364 πότε
1771 2311 1913 2380 ἠγά-

334 2414 481 2464 γετο,
518 2400 617 2452 καὶ
637 2403 686 2453 εί
718 2402 792 2470 μή
820 2401 906 2464 τίς
932 2402 1048 2456 ἐστι
1074 2403 1186 2454 τῶν
1216 2402 1660 2472 ἐκϐαλλομένων,
1703 2403 1738 2473 ἢ
1777 2403 1913 2473 παρ’

335 2493 518 2561 ιτέρου
548 2490 972 2546 θεοσεὸεστάτου
1000 2494 1323 2556 ἐπισκόπου,
1351 2495 1385 2563 ἢ
1418 2495 1482 2547 εκ
1519 2493 1911 2566 μοναστηρίου,

334 2583 422 2635 καὶ
471 2582 595 2635 τότε
641 2582 1054 2652 χειροτονείτω,
1091 2583 1415 2655 ἀδιάϐλητον
1445 2583 1758 2654 εὑρεθέντα.
1803 2585 1914 2654 Τηδ

339 2677 575 2745 φήσομεν
603 2675 713 2745 γὰρ
743 2674 886 2728 οὕτω
912 2675 1090 2728 καὶτὸ
1124 2676 1335 2729 ἑαυτῶν
1371 2675 1610 2740 συνειδὸς
1643 2675 1908 2746 καθαρὸν,

337 2770 428 2818 καὶ
468 2765 795 2836 ἀδιάϐλητον
839 2765 939 2835 τὴν
973 2766 1123 2836 ἱερὰν
1164 2767 1262 2819 καὶ
1293 2767 1496 2838 σεπτὴν
1546 2767 1908 2836 λειτουργίαν.

347 2855 469 2909 Ἐὰν
513 2855 572 2910 δὲ
608 2855 890 2928 χωρισμὸν
924 2856 1260 2927 ὑπομείνωσι
1301 2874 1447 2922 τινες
1495 2856 1912 2928 ἐπιτιμηθέντες

335 2950 692 3019 πταισμάτων
717 2951 898 3015 ἕνεκα,
925 2947 1047 3004 εἷτα
1077 2949 1317 3021 μέλλωσι
1346 2951 1605 3022 τελευτᾷν
1641 2949 1912 3023 κατηχούει-

335 3057 485 3110 μενοι
509 3043 684 3106 ὄντες,
719 3041 1186 3111 βαπτιζέσθωσαν,
1214 3044 1310 3098 καὶ
1341 3044 1416 3115 μὴ
1456 3043 1912 3114 ἁττοδημείτωσαν

2091 1944 2365 2012 Quoniam
2390 1959 2520 2015 ergo
2553 1943 2622 1998 ad
2649 1941 3091 2006 aedificationem,
3116 1947 3179 1996 ut
3199 1941 3335 2007 dixi,
3364 1942 3598 2023 populo:-

2021 2051 2167 2102 rum,
2199 2035 2383 2091 omnia
2410 2048 2442 2090 a
2467 2035 2630 2089 nobis
2666 2033 2914 2089 facienda
2947 2043 3110 2098 sunt,
3140 2034 3257 2089 [nec
3283 2042 3466 2088 vestra
3500 2035 3601 2089 ob—

2022 2136 2206 2185 servet
2233 2127 2438 2198 pietas;
2469 2133 2528 2180 et
2550 2126 2594 2180 si
2622 2134 2706 2180 est
2731 2125 2954 2195 quidem
2981 2123 3598 2191 ordinandusclerleus,

2021 2221 2090 2276 de
2115 2221 2230 2275 vita
2256 2221 2378 2290 ejus
2406 2219 2668 2289 inquirut,
2692 2226 2749 2273 et
2777 2233 2847 2272 an
2870 2231 3096 2272 uxorem
3117 2218 3337 2282 habeat,
3368 2234 3439 2272 an
3467 2233 3598 2282 non,

2019 2323 2075 2370 et
2101 2328 2340 2385 quonam
2380 2312 2544 2367 modo
2571 2312 2747 2377 duxit,
2787 2320 2844 2366 et
2875 2311 3179 2376 abstinuit,
3211 2319 3269 2366 et
3302 2312 3349 2366 si
3377 2327 3486 2369 non
3516 2323 3602 2367 est

2020 2405 2221 2476 aliquis
2247 2421 2318 2461 ex
2348 2405 2416 2460 iis
2449 2405 2543 2475 qui
2567 2403 2730 2476 ejecti
2758 2412 2887 2459 sunt
2915 2421 2945 2459 a
2974 2404 3321 2459 sanctissimo
3341 2405 3600 2475 episcopo

2021 2497 2105 2551 vel
2130 2512 2197 2550 ex
2226 2495 2558 2550 monasterio
2586 2512 2600 2548 :
2627 2504 2757 2549 tunc
2781 2495 2828 2549 si
2857 2494 3168 2564 inculpatus
3194 2496 3450 2549 inVcntus
3477 2495 3600 2549 fue-

2021 2587 2114 2648 rit,
2139 2586 2376 2641 ordinet.
2419 2587 2495 2641 lta
2530 2588 2678 2641 enim
2711 2595 2769 2643 et
2800 2597 3045 2642 nostram
3079 2589 3472 2644 conscientiam
3493 2603 3599 2658 pu-

2019 2692 2137 2732 ram
2170 2678 2643 2742 conservabimus,
2683 2687 2741 2733 et
2778 2679 3119 2747 inculpatum
3162 2688 3378 2733 sacrum
3405 2693 3470 2733 ac
3507 2693 3602 2733 ve-

2019 2770 2264 2828 nerabile
2285 2770 2627 2841 mysterium.
2648 2769 2742 2824 Sin
2759 2779 2945 2825 autem
2974 2770 3405 2840 segregationem
3429 2769 3598 2840 aliqui

2019 2863 2384 2920 sustinuerint
2412 2871 2640 2933 propter
2664 2864 2852 2933 lapsus
2876 2864 3079 2934 puniti,
3108 2864 3308 2920 deinde
3345 2865 3454 2920 sint
3478 2880 3598 2919 mo—

2019 2955 2181 3010 rituri
2210 2955 2536 3011 exsistentes
2557 2954 2960 3020 catechumeni,
2976 2955 3344 3026 baptizentur,
3362 2965 3418 3011 et
3446 2971 3512 3010 ne
3529 2956 3601 3022 ab

2019 3045 2280 3101 humanis
2313 3045 2587 3101 excedant
2634 3046 2830 3116 gratiae
2871 3061 2983 3100 non
3023 3047 3319 3126 participes
3344 3087 3358 3112 ,
3387 3047 3601 3102 scilicet

331 3133 441 3186 τῶν
467 3133 826 3203 ἀνθρωπίνων
865 3137 1124 3208 ἀμέτοχοι
1148 3137 1247 3208 τῆς
1292 3111 1537 3207 χάριτος,
1566 3111 1734 3208 {if—0w
1755 3138 1908 3191 ἀκοι-

2017 3138 2403 3195 communione
2447 3144 2718 3193 carentes.
2762 3137 2996 3193 Videtur
3037 3117 3330 3194 enim'hoc
3375 3153 3600 3210 quoque

331 3228 583 3298 νὼντγτοι.
615 3230 773 3280 Δοκεῖ
797 3231 908 3299 γὰρ
933 3229 1222 3300 προσέχειν
1248 3223 1346 3282 καὶ
1369 3228 1528 3287 τοῦτο
1542 3232 1656 3292 τοῖς
1678 3223 1782 3301 τῆς
1795 3229 1917 3282 Ἐκ-

329 3319 570 3389 ιλησίας
605 3319 845 3391 θεσμοῖς.
882 3320 1226 3392 Προσείπατε
1271 3320 1370 3391 τὴν
1409 3323 1544 3392 παρ’
1583 3322 1712 3390 ὑμῖν
1756 3321 1913 3376 ἀδελ-

328 3415 544 3484 φότητα
568 3430 582 3442 ο
620 3414 762 3483 ὑμᾶς
789 3415 824 3484 ἡ
871 3413 968 3469 σὺν
998 3416 1129 3486 ἡμῖν
1180 3416 1238 3467 ἐν
1267 3414 1462 3484 Κυρίῳ
1491 3413 1915 3486 προσαγορεύει.

2013 3231 2273 3286 Ecclesia:
2299 3229 2686 3286 consuetudini
2724 3229 3026 3288 adharere.
3048 3231 3294 3287 Salutate
3323 3246 3444 3286 eam
3477 3247 3601 3302 quae

2014 3332 2098 3379 est
2127 3323 2272 3393 apud
2313 3337 2414 3377 vos
2442 3322 2845 3380 fraternitatem
2878 3338 3044 3396 aqua
3065 3323 3354 3380 nobiscum
3378 3332 3462 3380 est
3501 3339 3599 3380 vos

2017 3414 2073 3467 in
2108 3413 2341 3468 Domino
2373 3413 2598 3468 salutat.

1684 3720 2018 3787 EPISTOLA
2057 3729 2245 3786 LXXX
2258 3767 2270 3784 .

1645 3880 1710 3916 Δυ
1746 3879 1980 3920 ορτιιιωι
2009 3874 2319 3917 ειιιθοονυκ.

968 3983 1031 4046 In
1065 3991 1161 4046 illa
1193 3994 1347 4046 verba
1375 4011 1391 4048 :
1421 4015 1437 4046 ι
1468 3988 1649 4050 Omnis
1671 3998 1761 4067 qui
1788 3998 2032 4054 occiderit
2067 3995 2220 4061 Cain,
2252 3994 2548 4066 septuplum
2571 3991 2819 4064 punietur
2844 3988 2942 4062 (-l).
2979 4007 2995 4040 ι

393 4127 511 4184 Καὶ
542 4129 724 4194 ἄλλως
747 4131 926 4201 ,ἡδέως
949 4131 1091 4201 δρῶν
1123 4133 1249 4194 τοὺς
1277 4132 1517 4200 ἀγαθοὺς
1560 4134 1752 4196 παῖδας
1774 4176 1790 4199 ,
1821 4134 1911 4190 διά

326 4239 386 4276 τε
417 4223 480 4276 τὸ
503 4223 646 4292 ὑπὲρ
676 4223 775 4292 τὴν
803 4222 1017 4293 ἠλικίαν
1039 4221 1148 4275 τῶν
1177 4223 1324 4292 ἠθῶν
1363 4224 1622 4288 εὐσταθὲς
1646 4263 1660 4291 ,
1692 4225 1787 4280 καὶ
1821 4225 1911 4282 διὰ

328 4317 390 4368 τὸ
408 4316 549 4384 πρὸς
572 4315 671 4386 τὴν
698 4315 796 4385 σὴν
813 4313 1102 4368 εὐλάϐειαν
1117 4316 1338 4380 οἰκεῖον,
1360 4316 1454 4384 ἀφ’
1481 4311 1543 4370 οὗ
1569 4334 1618 4370 τι
1646 4318 1742 4370 καὶ
1765 4317 1911 4387 μέγα

332 4407 640 4477 προσδοκᾷν
686 4407 834 4460 ἐστιν
858 4408 944 4459 ἐπ’
976 4408 1183 4470 αὐτοῖς.
1227 4408 1443 4478 Ἐπειδὴ
1477 4409 1617 4480 μετὰ
1641 4410 1909 4480 γραμμά-

327 4514 436 4550 των
469 4498 580 4551 σῶν
607 4493 750 4552 εἶδον
779 4499 978 4562 αὐτοὺς
1025 4498 1352 4570 προσιόντας
1395 4515 1485 4569 μοι
1509 4541 1525 4566 ,
1552 4499 1910 4558 ἐδιπλασίασα

328 4591 390 4641 τὺ
420 4592 509 4643 ἐπ’
539 4589 726 4654 αὐτοῖς
753 4591 991 4661 φίλτρον.
1025 4591 1156 4644 Ὅτε
1191 4591 1250 4644 δὲ
1295 4593 1534 4662 ἀνέγνων
1566 4593 1664 4664 τὴν
1690 4595 1911 4648 ἐπιστοο

329 4679 451 4750 λὴν,
482 4686 581 4735 καὶ
602 4682 710 4736 ἴδον
744 4684 800 4735 ὲν
827 4683 966 4753 αὐτῇ
993 4682 1128 4754 ὁμοῦ
1162 4682 1263 4752 μὲν
1299 4681 1359 4736 τὸ
1391 4677 1520 4755 περὶ
1548 4685 1647 4749 τὰς
1682 4686 1910 4755 Ἐκκλη-

331 4770 454 4834 eis;
483 4771 844 4843 προνοητικὴν
883 4773 985 4843 τῆς
1010 4771 1326 4841 διαθέσεως,
1375 4776 1512 4845 ὁμοῦ
1552 4775 1610 4829 δὲ
1644 4779 1776 4848 περὶ
1807 4778 1910 4849 τὴν

327 4861 640 4929 ἀνάγνωσιν
660 4863 768 4918 τῶν
791 4863 950 4918 θείων
971 4865 1206 4935 Γραφῶν
1223 4866 1504 4936 ἐπιμελὲς,
1529 4869 1910 4940 ηὑχαρίστησα

322 4954 398 5020 τῷ
429 4955 646 5026 Κυρίῳ,
690 4955 787 5009 καὶ
810 4954 1135 5028 ἐπηυξάμην
1164 4957 1232 5010 τὰ
1260 4956 1441 5026 ἀγαθὰ
1467 4962 1576 5023 τοῖς
1597 4961 1664 5013 τὰ
1686 4960 1912 5019 τοιαῦτα

324 5043 457 5109 ἡμῖν
500 5044 858 5116 διακομίσασι
891 5047 1232 5118 γράμματα,
1269 5049 1365 5102 καὶ
1395 5050 1500 5121 πρὸ
1529 5068 1593 5119 γε
1622 5053 1804 5108 αὐτῶν
1832 5053 1910 5124 τῷ

323 5133 602 5202 γράψαντι
617 5139 650 5206 ἡ
660 5140 773 5206 μῖν,
793 5139 1168 5209 Ἐπεζήτησας
1181 5139 1242 5192 τὸ
1260 5139 1697 5214 πολυθρύλλητον
1709 5146 1906 5212 ὲκεῖνο,

323 5223 418 5273 καὶ
446 5226 600 5294 παρὰ
621 5229 791 5280 πᾶσιν
819 5229 932 5282 ἄνω
961 5229 1055 5282 καὶ
1084 5231 1234 5283 κάτω
1259 5233 1688 5303 περιφερόμενον
1722 5236 1904 5306 ῥητὸν,

324 5313 445 5371 τίνα
478 5317 577 5386 τὴν
605 5317 762 5371 λύσιν
806 5318 919 5388 ἔχει
951 5321 1031 5384 τὸ,
1079 5341 1096 5373 ι
1145 5323 1204 5376 '0
1242 5327 1350 5388 πᾶς
1378 5326 1701 5387 ἀποκτείνας
1740 5327 1897 5392 Καῒν,

323 5399 467 5457 ἑπτὰ
501 5408 867 5477 ὲκᾶκούμενα
895 5413 1234 5482 παραλύσει;
1286 5436 1304 5466 ι
1331 5417 1429 5469 Διὰ
1461 5416 1517 5469 δὲ
1546 5416 1736 5470 τούτου
1757 5418 1901 5482 ’τέως

392 5542 417 5570 ⁸
443 5542 580 5596 Gen.
614 5560 688 5608 iv,
723 5545 808 5602 15.

2086 4135 2157 4188 Et
2196 4132 2503 4203 prmsertim
2544 4137 2732 4200 gratus
2763 4127 2899 4182 mihi
2942 4125 3049 4182 fuit
3083 4133 3338 4197 aspectus
3391 4128 3596 4186 liberm

2019 4242 2142 4282 rum
2189 4226 2482 4289 bonorum,
2513 4235 2642 4278 cum
2668 4230 2896 4292 propter
2923 4231 3142 4279 morum
3184 4235 3351 4291 supra
3375 4229 3592 4278 aetatem

2017 4318 2366 4390 elegantiam,
2407 4325 2522 4370 tum
2544 4324 2771 4385 propter
2791 4313 3257 4369 necessitudinem
3281 4330 3445 4384 quam
3492 4315 3591 4370 lia-

2016 4410 2150 4466 bent
2181 4423 2307 4464 cum
2335 4418 2428 4463 tua
2452 4406 2674 4478 pietate,
2716 4421 2785 4460 ex
2803 4422 2910 4475 qua
2937 4405 3155 4460 nonnisi
3177 4405 3438 4461 eximium
3459 4407 3590 4475 quid

2018 4503 2222 4557 abillis
2252 4500 2590 4571 sperandum
2621 4505 2726 4554 est.
2761 4497 3056 4566 Postquam
3080 4511 3204 4551 cum
3242 4496 3442 4550 litteris
3483 4497 3589 4551 tuis

2015 4593 2140 4648 illos
2158 4592 2228 4647 ad
2252 4607 2342 4647 me
2361 4591 2628 4646 adeuntes
2647 4587 2783 4652 vidi,
2807 4586 3079 4658 geminari
3093 4603 3222 4657 erga
3242 4587 3364 4641 illos
3385 4588 3590 4642 amoris

2015 4687 2290 4742 affectum.
2315 4686 2506 4749 Porro,
2539 4699 2664 4738 cum
2694 4682 2906 4737 litteras
2926 4690 3048 4736 tuas
3075 4679 3448 4750 perlegissem,
3491 4681 3590 4737 de-

2016 4777 2542 4850 prehendissemque
2591 4775 2648 4830 in
2687 4774 2798 4830 illis
2829 4783 2886 4829 et
2926 4781 3076 4828 tuam
3109 4784 3238 4842 erga
3285 4771 3592 4827 Ecclesiam

2015 4867 2416 4941 providentiam
2449 4881 2513 4921 ac
2539 4881 2763 4931 curam,
2787 4873 2845 4920 et
2872 4864 3116 4920 studium
3151 4877 3430 4918 sacrarum
3474 4861 3588 4916 Lit--

2011 4971 2252 5018 terarum
2274 4977 2290 5027 ;
2309 4958 2533 5014 meritas
2552 4959 2666 5014 Deo
2687 4957 2926 5026 persolvi
2945 4956 3169 5026 gratias,
3191 4954 3425 5023 vovique‘
3444 4954 3580 5008 bon‘

2009 5052 2341 5122 sempiterna
2383 5051 2451 5105 iis
2474 5049 2570 5118 qui
2595 5048 2732 5102 mihi
2769 5048 2906 5101 tales
2933 5047 3147 5101 litteras
3182 5052 3560 5114 porrexerunt

2007 5153 2172 5214 atque
2210 5143 2480 5212 imprimis
2529 5141 2634 5211 ipsi
2681 5141 2996 5194 litterarum
3040 5138 3275 5192 auctori.
3330 5136 3587 5202 Quaesisti

2006 5234 2137 5306 quid
2170 5235 2237 5290 ad
2278 5235 2413 5290 illud
2441 5233 2687 5288 omnium
2737 5247 2832 5286 ore
2869 5233 3137 5300 jactatum
3182 5230 3390 5284 dictum
3441 5238 3600 5284 esset

2007 5327 2473 5398 respondendum,
2503 5324 2845 5394 quomodovc
2874 5323 3309 5392 intelligendum,
3348 5341 3366 5373 ι
3395 5321 3586 5376 Omnis

2009 5419 2102 5488 qui
2139 5417 2404 5472 occiderit
2435 5416 2592 5480 Cain,
2622 5415 2932 5484 septupluni
2975 5413 3235 5482 punietur
3261 5413 3319 5466 ’ί
3355 5432 3371 5462 ι
3407 5411 3582 5480 Atque

394 5684 474 5757 (1)
518 5687 598 5744 Ex
634 5687 910 5743 Chronico
957 5688 1200 5743 Paschali
1238 5704 1332 5744 seu
1374 5690 1758 5756 Alexandrino,
1808 5691 1896 5746 ed.
1941 5692 2079 5747 Lnd.
2120 5691 2402 5758 Dindortii,
2433 5693 2633 5748 Bonna:
2670 5694 2822 5758 1852,
2853 5695 2993 5747 iii-8.
3041 5694 3193 5746 Tom.
3222 5691 3262 5756 l,
3297 5708 3348 5766 p.
3391 5690 3513 5746 45οι
