4044 6212
447 243 553 305 367

1483 240 1539 295 s.
1579 206 1854 296 crium
1890 238 2359 295 ALEXANDRINI
2396 239 2713 296 ARCHIEP.

3600 247 3700 307 36!

449 381 551 436 per
593 366 698 419 hoc
738 361 961 433 quidem
1023 360 1256 429 teipsum
1291 358 1561 429 imprimis
1591 358 1987 414 commendasti
2012 398 2024 422 ,

2139 356 2238 427 μὲν
2267 356 2429 421 αὐτὸς
2472 358 2666 411 ἑαυτὸν
2703 357 3059 427 συνέστησας,
3096 357 3159 411 τδ
3192 358 3483 428 τιμοθέου,
3520 360 3709 432 ὥσπερ

450 454 583 509 dum
615 458 868 507 accurate
895 447 1213 509 observasti
1233 445 1371 501 illud
1393 447 1540 517 quod
1571 447 1864 505 Timotheo
1885 449 2029 503 Pau-

449 547 537 601 lus
595 540 1019 598 custodiendum
1058 538 1440 605 tradiderat';
1484 547 1637 609 patet
1672 539 1821 595 enim
1861 547 1915 594 te
1946 540 2029 594 le-

449 637 621 694 ctioni
653 650 877 704 operam
904 633 1054 688 dare.
1077 632 1285 689 Deinde
1315 648 1418 689 nos
1449 642 1580 689 natu
1614 633 1849 706 grandes
1869 642 2032 689 etse-

447 733 539 784 nio
564 726 1052 795 invaletudineque
1081 725 1305 790 fractos,
1339 734 1396 781 et
1428 725 1692 782 arumnis
1718 724 2028 785 innumeris

454 820 679 875 aﬂlictos
711 818 1013 890 (malorum
1032 816 1181 871 enim
1203 817 1360 887 c0pia
1382 816 1438 871 in
1458 832 1559 872 nos
1578 816 1834 881 excitata,
1858 817 2028 871 vitam

457 921 688 968 instram
728 908 1127 980 propemodum
1171 907 1508 979 oppressit),
1564 907 1761 963 ardore
1800 907 2028 977 spiritus

448 1006 526 1059 tui
561 1004 774 1059 amatos
808 1016 873 1057 ac
901 1000 1209 1072 permulsos
1230 1039 1245 1066 ,
1285 1000 1459 1055 veluti
1501 999 1743 1055 ferarum
1772 999 1941 1054 cubili
1971 1007 2028 1053 et

444 1100 697 1171 sepulcro
723 1097 1008 1153 conditum
1041 1095 1111 1150 ad
1136 1094 1492 1166 vigilandum,
1519 1093 1754 1162 vitaeque
1785 1091 2026 1161 vigorem

444 1191 823 1264 recipiendum
841 1188 1115 1245 excitasti.
1145 1188 1332 1243 Potest
1349 1200 1480 1261 ergo
1517 1184 1791 1240 sententia
1821 1183 1933 1247 illa,
1967 1192 2027 1237 ut

443 1286 610 1341 verba
642 1291 859 1346 sonant,
890 1280 1125 1350 simplici
1162 1278 1444 1333 intellectu
1482 1276 1721 1345 exponi,
1752 1283 1808 1331 et
1847 1282 2027 1345 potest

443 1378 655 1431 varium
684 1373 976 1429 admittere
1006 1368 1397 1442 signiﬁcatum.
1427 1369 1560 1436 Qua:
1588 1385 1719 1440 ergo
1759 1368 1938 1423 cuivis
1968 1368 2025 1422 in

444 1476 698 1540 promptu
720 1481 840 1522 esse
864 1464 1037 1535 possit
1058 1461 1351 1533 explicatio
1374 1462 1490 1517 hate
1508 1470 1613 1526 est,
1631 1462 1801 1516 Caino
1822 1461 2026 1531 septies

441 1558 826 1632 geminandum
874 1570 995 1611 esse
1019 1569 1237 1624 poenam
1268 1553 1340 1607 ob
1367 1553 1575 1608 scelera
1609 1568 1731 1622 quae
1766 1552 2020 1623 patravit.

440 1652 630 1721 Neque
650 1649 798 1704 enim
818 1647 958 1716 ωᾳυί
988 1660 1108 1701 esse
1126 1644 1329 1716 judicis
1350 1660 1512 1714 pares
1528 1661 1626 1715 pro
1650 1645 1875 1714 paribus
1900 1660 2025 1713 pec-

440 1739 577 1793 catis
600 1752 793 1807 pmnas
821 1736 1085 1805 irrogare,
1121 1733 1216 1789 sed
1247 1750 1347 1803 par
1377 1743 1461 1788 est
1516 1742 1578 1787 ut
1612 1740 1893 1788 auctorem
1923 1732 2022 1787 de-
2055 1704 2098 1758 Β

439 1830 554 1884 licti
580 1827 927 1899 gravioribus
970 1825 1172 1896 afﬂigat
1202 1824 1506 1895 suppliciis,
1544 1832 1604 1878 ut
1642 1832 1698 1879 et
1744 1824 1858 1893 ipse
1900 1839 2024 1878 cor-

442 1920 672 1988 rigatur,
707 1926 765 1972 et
805 1917 1047 1985 reliquos
1073 1915 1325 1984 exemplo
1360 1930 1461 1969 suo
1498 1914 1769 1969 tardiores
1798 1913 1865 1967 ad
1904 1914 2023 1967 cul-

440 2025 567 2080 pam
596 2008 810 2063 reddat.
845 2008 987 2077 Ergo
1016 2005 1146 2075 quia
1180 2006 1470 2061 decretum
1509 2015 1629 2059 erat
1681 2013 1743 2059 ut
1771 2004 1906 2059 Cain
1932 2019 2021 2059 se-

438 2101 790 2175 ptemplicem
816 2099 993 2154 lueret
1015 2113 1230 2168 pmnam
1260 2097 1535 2152 scelerum
1552 2112 1801 2163 suorum,
1824 2096 2019 2159 solvet,

439 2189 649 2261 inquit,
679 2188 823 2242 hanc
857 2187 1032 2256 ipsam
1064 2186 1142 2239 illi
1184 2201 1403 2256 pmnam
1445 2202 1474 2239 a
1508 2186 1694 2239 divina
1746 2186 2019 2240 sententia

439 2286 720 2341 decretam
762 2281 856 2351 qui
905 2280 1175 2336 occiderit
1214 2278 1469 2333 Cainum.
1513 2277 1613 2331 Hic
1650 2276 1862 2346 primus
1915 2276 2021 2330 hoc

436 2378 561 2432 loco
592 2373 835 2431 occurrit
863 2370 1119 2427 lectionis
1150 2370 1482 2427 intellectus.
1543 2368 1683 2435 Quia
1718 2383 1851 2423 vero
1899 2378 2017 2422 stu-

437 2469 724 2523 diosorum
764 2464 986 2519 animus
1032 2463 1175 2518 solet
1215 2461 1379 2516 altius
1434 2475 1619 2513 rerum
1658 2474 1853 2513 causas
1895 2474 2020 2528 per-

436 2558 746 2627 vestigare,
804 2554 1002 2625 quaerit
1049 2552 1119 2607 de
1167 2552 1402 2623 justitia,
1451 2549 1728 2619 quomodo
1776 2564 1875 2619 per
1898 2564 2021 2619 sep-

436 2649 751 2719 templicem
792 2661 1010 2717 pmnam
1056 2644 1134 2699 illi
1163 2642 1428 2698 satisﬁat?
1463 2650 1650 2695 utrum
1682 2641 2019 2710 septemplex

436 2742 508 2795 sit
555 2738 841 2802 delictum,
870 2752 940 2790 an
976 2750 1109 2789 vero
1136 2772 1150 2797 ,
1185 2733 1346 2802 culpa
1393 2731 1624 2801 simplex
1663 2741 1759 2786 aut
1789 2747 1929 2795 una,
1964 2738 2021 2785 et

436 2834 776 2904 scptemplex
805 2845 966 2901 pmna
983 2844 1083 2900 pro
1107 2844 1217 2883 uno
1238 2826 1477 2881 delicto?
1497 2826 1704 2881 Divina:
1722 2825 2021 2895 Scriptum

436 2930 523 2982 lex
558 2938 854 2980 numerum
890 2920 1232 2976 remissionis
1265 2929 1615 2990 peccatorum
1640 2933 1859 2988 semper
1890 2932 2017 2987 scp-

436 3018 650 3074 tcnario
684 3014 897 3071 deﬁnit.
940 3032 958 3065 ι
1002 3012 1250 3078 Quoties,
1293 3011 1508 3081 inquit,
1534 3010 1786 3080 peccabit
1831 3009 1886 3063 in
1930 3024 2017 3064 me

437 3110 609 3163 frater
636 3119 813 3169 meus,
858 3112 916 3159 et
942 3074 1216 3157 remittam
1239 3074 1323 3156 illi
1362 3074 1566 3171 verba
1615 3101 1762 3156 Petri
1799 3110 1927 3155 sunt
1948 3098 2016 3154 ad
2044 3074 2089 3134 (ἶ

437 3197 788 3266 Dominum)?
811 3211 984 3265 usque
1000 3194 1245 3265 septies?
1277 3193 1484 3249 Deinde
1509 3193 1806 3263 respondet
1837 3192 2022 3248 Domi-

436 3307 541 3346 nus
583 3309 595 3344 :
640 3309 657 3340 ι
692 3289 813 3345 Non
847 3287 973 3343 dico
1006 3286 1105 3341 tibi
1139 3285 1365 3355 septies,
1391 3285 1486 3340 sed
1512 3301 1685 3355 usque
1709 3286 2021 3356 septuagies

437 3380 640 3452 septies
667 3380 685 3408 ⁸
709 3396 725 3446 ;
765 3397 782 3430 ι
816 3393 921 3432 nec
961 3378 1111 3432 enim
1142 3376 1409 3431 Dominus
1436 3375 1504 3430 ad
1532 3391 1824 3431 numerum
1848 3377 2018 3430 alium

437 3472 676 3536 transiit,
703 3470 820 3537 sed,
850 3470 1160 3541 septenario
1175 3468 1559 3538 multiplicato,
1581 3468 1637 3523 in
1666 3468 1860 3524 eodem
1884 3484 2017 3524 con-

436 3567 597 3630 stitit,
617 3575 673 3620 et
695 3564 851 3635 quasi
878 3562 1175 3618 terminum
1194 3560 1310 3615 fixit
1327 3561 1761 3617 remissionis.Et
1786 3561 2020 3631 septimo

436 3675 581 3715 anno
620 3658 884 3713 Hebraeus
915 3656 1174 3711 libertate
1206 3655 1537 3713 donabatur.
1589 3654 1811 3725 Septem
1842 3670 2018 3709 anno-

436 3771 558 3811 rum
590 3748 965 3808 hebdomades
991 3748 1126 3804 illud
1144 3746 1639 3803 celebratissimum
1671 3746 1913 3817 antiquis
1932 3748 2021 3817 ju-

437 3846 655 3900 bilaeum
675 3850 865 3898 exacte
891 3840 1186 3904 faciebant,
1203 3855 1314 3910 quo
1330 3838 1715 3909 requieseebat
1736 3848 1901 3903 terra,
1921 3837 2020 3893 de-

436 3918 677 3993 bitorum
700 3934 926 3989 nomina
947 3931 1427 3998 rescindebantur,
1441 3932 1678 3988 servitus
1701 3932 2019 3998 tollebatur,

437 4040 492 4083 et
520 4030 673 4098 quasi
729 4041 933 4081 novum
974 4025 1102 4080 vita?
1150 4038 1323 4095 genus
1371 4022 1427 4076 in
1461 4023 1696 4093 septimo
1747 4038 2018 4077 annorum

437 4118 833 4190 quinquaginta
867 4131 1123 4178 numero,
1149 4115 1336 4186 priore
1365 4122 1422 4170 et
1455 4114 1628 4169 veteri
1666 4114 1821 4184 quasi
1851 4113 1921 4169 ad
1953 4114 2022 4169 ﬁ-

438 4228 564 4267 nem
595 4211 888 4282 perducto,
929 4206 1341 4265 instaurabatur
1370 4207 1414 4260 ’.
1448 4205 1580 4272 Quae
1606 4206 1792 4262 omnia
1822 4205 2021 4261 adum-

440 4304 673 4357 brabant
712 4301 818 4356 hoc
854 4308 1104 4355 nostrum
1133 4314 1310 4353 aavum
1332 4340 1345 4364 ,
1382 4298 1530 4367 quod
1560 4306 1771 4368 septem
1804 4297 2021 4354 dierum

2133 449 2335 503 ἔδωκεν
2375 450 2588 514 Παῦλος
2625 449 2809 520 αὐτῷ,
2852 449 3098 520 ἀκριϐῶς
3141 451 3487 519 φυλάσσοντα
3512 470 3526 484 ⁸
3553 454 3711 524 δῆλος

2131 544 2240 614 γὰρ
2280 539 2332 597 εἴ
2364 545 2648 614 προσέχων
2687 547 2755 615 τῇ
2799 544 3125 613 ἀναγνώσει.
3160 546 3392 598 Ἔπειτα
3442 548 3536 599 καὶ
3566 550 3711 617 ἡμᾶς

2131 634 2257 697 τοὺς
2294 635 2557 704 γέροντας
2586 636 2991 707 νεναρκηκότας
3016 635 3117 706 ήδη
3154 638 3249 689 καὶ
3276 637 3356 706 τῷ
3391 638 3587 709 χρόνῳ,
3618 639 3708 691 καὶ

2129 727 2196 796 τῇ
2227 725 2483 797 ἀσθενείᾳ
2524 726 2620 780 τοῦ
2667 725 2921 797 σώματος
2943 768 2959 795 ,
3000 730 3096 781 καὶ
3123 727 3202 799 τῷ
3230 728 3424 800 πλήθει
3465 730 3573 783 τῶν
3599 730 3715 783 θλί-

2128 817 2275 887 ψεων
2321 820 2412 891 (αἱ
2442 818 2635 873 πολλαὶ
2665 821 2845 874 τοίνυν
2892 824 3020 893 περὶ
3052 822 3199 893 ἡμᾶς
3237 820 3545 892 κινηθεῖσαι
3577 821 3707 876 ἐϐά-

2131 928 2304 981 ρησαν
2329 907 2487 981 ἡμῶν
2518 911 2616 984 τὴν
2643 911 2835 983 ζωὴν),
2867 914 3018 983 ὅμως
3045 913 3430 985 διανέστησας,
3455 916 3549 967 καὶ
3570 912 3709 977 ζέων

2127 1004 2207 1073 τῷ
2237 1007 2508 1074 πνεύματι
2532 1006 2974 1075 κατεψυγμένους
3002 1008 3173 1077 ἡμᾶς,
3193 1006 3269 1070 ὡς
3306 1008 3374 1060 τά
3398 1007 3709 1077 φωλεύοντα

2129 1092 2239 1147 τῶν
2260 1092 2416 1158 ζώων
2436 1096 2515 1157 είς
2541 1096 2870 1166 ἐγρήγορσιν
2910 1095 3140 1165 μετρίαν
3166 1096 3263 1147 καὶ
3288 1094 3527 1165 ζωτικὴν
3558 1094 3709 1166 ἐνέρ-

2131 1200 2287 1251 γειαν
2336 1185 2655 1253 ἐπανάγεις.
2705 1186 2895 1240 Ἔστιν
2928 1181 3022 1239 οὖν
3062 1185 3123 1238 τὸ
3162 1185 3346 1258 ῥητὸν,
3382 1187 3476 1240 καὶ
3523 1186 3708 1250 ἁπλῶς

2126 1274 2269 1327 οὕτω
2288 1275 2549 1345 νοηθῆναι
2582 1275 2899 1345 δυνάμενον,
2930 1277 3023 1329 καὶ
3047 1276 3328 1330 ἀποίκιλον
3354 1276 3707 1342 ἐπιδέξασθαι

2127 1367 2306 1435 λόγον.
2350 1368 2416 1420 Ἠ
2457 1368 2556 1438 μὲν
2591 1363 2684 1421 οὖν
2710 1368 3074 1439 ἁπλουστέρα,
3115 1369 3209 1422 καὶ¹
3246 1369 3409 1421 παντὶ
3431 1368 3705 1439 δυναμένη

2128 1462 2191 1513 ἐκ
2222 1458 2317 1512 τοῦ
2346 1460 2644 1531 προχείρου
2675 1461 3031 1532 παραστῆσαι
3073 1460 3282 1515 διάνοια
3302 1503 3317 1529 ,
3360 1462 3499 1533 αῦτη
3537 1462 3703 1514 ἐστίν·

2127 1551 2209 1603 ὅτι
2239 1550 2320 1603 δεῖ
2347 1551 2439 1603 τὸν
2468 1550 2606 1606 Καῒν
2635 1551 3064 1606 ἐπταπλασίωνα
3092 1551 3273 1606 δοῦναι
3294 1553 3391 1623 τὴν
3434 1553 3707 1623 τιμωρίαν

2128 1640 2270 1713 ὑπὲρ
2312 1634 2388 1695 ὧν
2425 1643 2693 1713 ἥμαρτεν.
2737 1643 2813 1694 Οὐ
2861 1642 2970 1713 γάρ
3018 1643 3133 1694 ἐστι
3176 1642 3539 1713 δικαιοκρίτου
3585 1645 3707 1707 ἴσας

2128 1733 2264 1803 πρὸς
2310 1734 2431 1798 ἴσας
2465 1732 2670 1803 ὁρίζειν
2700 1734 3087 1797 ἀνταποδόσεις
3118 1750 3129 1762 ·
3182 1735 3298 1787 ἀλλ’
3349 1735 3568 1804 ἀνάγκη
3613 1735 3707 1787 τὸν

2126 1824 2473 1894 κατάρξαντα
2529 1825 2700 1880 κακοῦ
2756 1826 2895 1896 μετά
2956 1826 3274 1897 προσθήκης
3323 1827 3582 1879 ἀποτῖσαι
3636 1827 3705 1879 τά

2123 1914 2471 1987 ὀφειλόμενα,
2511 1917 2545 1987 ἢ
2579 1917 2762 1987 μέλλει
2803 1918 2963 1981 αὐτὸς
2998 1918 3220 1988 βελτίων
3246 1921 3367 1982 ταῖς
3410 1919 3706 1989 τιμωρίαις

2124 2006 2402 2075 γενέσθαι,
2437 2009 2679 2072 καὶτοὺς
2707 2007 2929 2071 λοιποὺς
2966 2011 3445 2079 σωφρονεστέρους
3476 2009 3705 2078 ποιῆσαι

2122 2104 2200 2173 τῷ
2234 2104 2614 2175 ὑποδείγματι.
2663 2104 2872 2159 Οὐκοῦν
2914 2105 3103 2176 ἐπειδὴ
3169 2105 3431 2159 τέτακται
3471 2104 3705 2167 ἑπτάκις

2124 2195 2524 2266 ἀποπληρῶσαι
2554 2196 2653 2268 τὴν
2677 2198 2833 2268 δίκην
2854 2197 2964 2250 τῶν
2988 2198 3394 2268 ἡμαρτημένων
3417 2196 3509 2249 τὸν
3540 2194 3703 2259 Κατν,

2123 2287 2445 2358 παραλύσει,
2468 2290 2653 2360 φησιν,
2684 2290 2856 2361 τούτῳ
2878 2289 2955 2361 τῷ
2985 2290 3003 2325 ί
3035 2288 3138 2342 ὑπὸ
3168 2289 3267 2359 τῆς
3291 2289 3438 2352 θείας
3469 2290 3704 2360 κρίσεως

2122 2380 2209 2431 ἐπ’
2248 2380 2399 2451 αὐτῷ
2448 2382 2792 2453 δεδογμένον,
2838 2384 2868 2436 ό
2916 2383 3243 2447 ἀποκτείνας
3294 2384 3477 2437 αὐτόν.
3534 2378 3705 2446 Οὗτός

2121 2474 2268 2526 ἐστιν
2297 2472 2326 2523 ὁ
2355 2473 2479 2537 νοῦς
2510 2477 2537 2527 ὁ
2564 2474 2811 2528 ἐντεῦθεν
2833 2475 2941 2529 ἀπὸ
2968 2476 3066 2545 τῆς
3090 2474 3313 2547 πρώτης
3344 2473 3705 2543 ἀναγνώσεως

2122 2565 2468 2619 ὑποπίπτων.
2516 2567 2733 2639 Ἐπειδὴ
2763 2568 2819 2621 δὲ
2846 2569 3075 2639 ἐρευνᾷν
3098 2568 3308 2636 πέφυκε
3339 2567 3408 2621 τά
3431 2566 3571 2638 βάθη
3593 2566 3704 2619 τῶν

2123 2656 2631 2727 φιλοπονωτέρωνή
2668 2658 2897 2723 διάνοια,
2936 2657 3189 2729 ἐπιζητεί
3222 2658 3282 2710 τὸ
3313 2658 3541 2719 δίκαιον,
3580 2656 3703 2719 πῶς

2122 2748 2180 2800 ἐν
2206 2747 2283 2817 τῷ
2311 2748 2541 2812 ἑπτάκις
2572 2749 2874 2821 πληροῦται
2902 2750 2997 2802 καὶ⁵
3027 2749 3098 2802 τά
3127 2749 3487 2818 ἑκδικούμενα
3508 2767 3523 2813 ;
3548 2748 3703 2801 πότε-

2124 2856 2216 2910 ρον
2237 2840 2305 2892 τά
2333 2840 2723 2911 ἁμαρτηθέντα
2746 2842 2887 2895 ἑπτά
2912 2843 3077 2906 ἐστιν,
3100 2841 3157 2894 ἒν
3180 2842 3280 2913 μὲν
3300 2842 3358 2895 τὸ
3374 2840 3703 2911 ἁμάρτημα,

2125 2934 2267 2987 ἑπτὰ
2314 2933 2372 2985 δέ
2411 2934 2505 2987 ἐπὶ
2553 2932 2631 3004 τῷ
2676 2933 2757 2988 ἑνὶ
2800 2934 2856 2987 αἱ
2893 2933 3182 2999 κολάσεις;
3248 2934 3359 2986 Ἀεὶ
3391 2932 3491 3002 μὲν
3531 2929 3623 2986 οὖν
3670 2933 3704 3001 ἠ

2124 3026 2316 3096 Γραφὴ
2354 3026 2447 3079 τὸν
2492 3028 2593 3096 τῆς
2624 3026 2871 3094 ἀφέσεως
2901 3026 3009 3078 τῶν
3058 3024 3343 3097 ἁμαρτιῶν
3374 3024 3607 3093 ἀριθμὸν
3647 3024 3706 3075 ὲν

2122 3121 2236 3182 τοῖς
2284 3118 2422 3173 ἑπτὰ
2457 3117 2782 3191 περιορίζει.
2822 3137 2841 3170 ι
2883 3118 3143 3181 Ποσάκις,
3187 3118 3321 3188 φησι
3346 3158 3360 3182 ,
3392 3118 3705 3187 ἁμαρτήσει

2124 3210 2205 3272 είς
2244 3208 2344 3279 ἐμὲ
2374 3209 2403 3261 ὁ
2433 3208 2663 3277 ἀδελφός
2695 3226 2797 3279 μου
2826 3248 2841 3273 ,
2874 3208 2968 3261 καὶ
2994 3209 3193 3279 ἀφήσω
3220 3208 3367 3278 αὐτῷ
3399 3210 3417 3277 (
3441 3211 3469 3261 ὁ
3496 3208 3704 3278 Πέτρος

2123 3300 2240 3355 ἐστὶ
2272 3301 2448 3370 λέγων
2491 3300 2569 3371 τῷ
2601 3301 2850 3372 Κυρίῳ);
2883 3301 2989 3363 ἓως
3015 3301 3243 3363 ἑπτάκις
3272 3317 3285 3364 ;
3324 3319 3342 3350 ι
3397 3297 3530 3352 Εἶτα
3564 3299 3706 3351 ἀπό-

2125 3413 2308 3467 κρισις
2331 3395 2427 3448 τοῦ
2458 3394 2684 3465 Κυρίου⁸
2719 3412 2737 3445 ι
2775 3393 2851 3447 Οὐ
2882 3392 3027 3462 λέγω
3050 3410 3130 3445 σοι
3162 3392 3267 3455 ἕως
3302 3392 3554 3455 ἑπτάκις,
3584 3389 3705 3442 ἀλλ’

2124 3486 2227 3550 ἕως
2261 3483 2724 3555 ἑϐδομηκοντάκις
2760 3484 2921 3538 ἑπτά·
2960 3503 2977 3535 ι
3013 3484 3075 3537 οὐ
3105 3482 3213 3554 γὰρ
3265 3483 3351 3537 ἐπ’
3384 3482 3542 3537 ἄλλον
3573 3484 3700 3552 ἀρι-

2124 3576 2259 3648 θμὸν
2286 3576 2487 3648 μετέϐη
2505 3580 2533 3631 ὁ
2555 3576 2778 3647 Κύριος,
2801 3576 2935 3631 ἀλλὰ
2966 3576 3057 3628 τὸν
3074 3576 3213 3630 ἑπτὰ
3235 3574 3700 3639 πολυπλασιάσας,

2124 3669 2182 3721 ἐν
2213 3668 2362 3740 αὐτῷ
2382 3670 2474 3722 τὸν
2495 3669 2619 3740 ὂρον
2648 3668 2818 3722 ἔθετο.
2845 3666 2957 3722 Καὶ
2986 3668 3052 3721 δι’
3077 3667 3217 3720 ἑπτά
3241 3666 3376 3719 ἐτῶν
3396 3667 3424 3718 ὁ
3450 3665 3705 3737 Ἐϐραῖος

2124 3755 2393 3815 ἀπελύετο
2416 3763 2515 3832 τῆς
2543 3761 2807 3824 δουλείας.
2860 3760 3031 3815 Ἑπτὰ
3060 3760 3118 3814 δέ
3160 3758 3451 3830 ἑϐδομάδες
3479 3758 3618 3811 ἑτῶν
3644 3758 3709 3811 rb

2124 3850 2424 3922 ὀνομαστὸν
2459 3850 2750 3905 Ἰωϐίλαιον
2777 3849 2994 3904 ἐποίουν
3014 3852 3126 3914 τοῖς
3157 3850 3344 3913 πάλαι,
3375 3852 3432 3902 ἐν
3461 3843 3505 3915 ᾧ
3537 3847 3708 3901 ἑσαϐε

2125 3943 2343 4008 ϐάτιζεν
2372 3945 2405 4015 ή
2437 3942 2530 4013 γῆ,
2557 3941 2733 4015 χρεῶν
2754 3942 2812 3995 δέ
2840 3937 2981 4013 ἦσαν
3008 3941 3306 4004 ἀποκοπαὶ,
3336 3940 3429 3994 καὶ
3456 3939 3707 4003 δουλείας

2123 4034 2436 4105 ἀπαλλαγὴ,
2464 4034 2560 4088 καὶ
2597 4036 2760 4088 οἱονεὶ
2781 4034 2899 4097 νέος
2932 4034 3139 4088 ἀνωθεν
3171 4033 3465 4088 καθίστατο
3500 4032 3614 4102 βίος
3646 4033 3708 4086 ὲν

2123 4124 2202 4196 τῷ
2230 4122 2574 4195 ἑϐδοματικῷ
2603 4122 2846 4196 ἀριθμῷ,
2877 4120 2972 4175 τοῦ
2995 4121 3226 4175 παλαιοῦ
3248 4122 3447 4192 τρόπον
3463 4119 3585 4171 τινὰ
3604 4118 3706 4188 τὴν

2127 4217 2436 4271 συντέλειαν
2472 4217 2783 4287 δεχομένου.
2833 4215 3020 4269 Ταῦτα
3059 4214 3117 4268 δὲ
3166 4212 3327 4267 τύποι
3373 4211 3467 4264 τοῦ
3508 4211 3707 4273 αἰῶνικ

2125 4311 2315 4365 τούτου
2338 4351 2353 4376 ,
2391 4310 2448 4374 ὃς
2494 4310 2583 4364 διὰ
2617 4309 2725 4363 τῶν
2771 4310 2913 4363 ἑπτά
2953 4305 3182 4379 ἡμερῶν
3229 4300 3708 4374 ἀνακυκλούμενος

439 4398 618 4452 orbita
648 4396 892 4452 revoluta
921 4410 1023 4450 nos
1052 4393 1267 4458 transit,
1298 4407 1410 4463 quo
1435 4393 1721 4463 culparum
1753 4392 2021 4447 humana-

2125 4404 2271 4474 ἡμᾶς
2301 4403 2670 4474 παρατρέχει’
2716 4402 2775 4454 ἑν
2804 4394 2849 4469 ᾧ
2887 4400 3129 4469 γίνονται
3161 4400 3217 4452 αἱ
3251 4398 3359 4451 τῶν
3410 4394 3711 4467 μετριωτέ-

439 4507 562 4545 rum
604 4506 704 4560 pro
748 4486 1041 4543 clementia
1082 4494 1138 4541 et
1176 4500 1309 4541 cura
1352 4484 1485 4539 boni
1526 4484 1622 4539 Dei
1672 4484 1848 4540 nostri
1891 4500 2018 4557 erga

438 4599 560 4646 nos,
593 4596 768 4653 pugna:
788 4586 1176 4651 reposcuntur,
1196 4578 1370 4647 culpa:
1398 4577 1774 4645 remittuntur,
1799 4593 1870 4633 ne
1888 4593 2020 4649 sup.

439 4674 622 4744 pliciis
658 4670 1009 4743 sempiternis
1039 4671 1097 4726 in
1138 4683 1356 4724 omnem
1386 4669 1753 4726 aeternitatem
1802 4670 2021 4726 addica-

440 4782 583 4820 mur.
622 4765 759 4820 illud
800 4764 988 4837 igitur,
1030 4761 1233 4833 septies
1256 4802 1271 4827 ,
1303 4770 1530 4833 propter
1552 4762 2020 4833 pr0pinquitatem

440 4872 535 4911 scu
566 4856 851 4911 hominum
882 4854 1231 4915 affectionem
1260 4868 1390 4924 erga
1421 4853 1691 4909 mundum
1720 4855 1868 4910 hunc
1891 4896 1907 4921 ,
1932 4854 2020 4910 di-

440 4948 603 5013 citur,
634 4958 695 5003 ut
720 4950 813 5019 qui
847 4964 973 5004 cum
1005 4946 1271 5001 mundum
1311 4946 1437 5016 plus
1467 4961 1625 5017 aequo
1661 4946 1913 5018 diligant,
1952 4947 2022 5003 ab

443 5042 573 5108 ipsis
634 5042 982 5097 debitoribus
1006 5083 1021 5107 ,
1062 5058 1299 5112 quorum
1334 5056 1500 5096 causa
1538 5051 1852 5098 statuerunt
1896 5058 2023 5113 pec-

441 5150 566 5187 caro.
589 5176 601 5194 ,
646 5136 878 5190 maxima
923 5136 1253 5191 detrimenta
1286 5134 1579 5205 accipiant.
1616 5135 1821 5190 Delicta
1857 5152 2022 5205 porro

441 5226 595 5281 Calui
641 5227 683 5279 si
725 5229 811 5282 cui
852 5246 1116 5299 exponas,
1167 5238 1376 5299 septem
1416 5228 1698 5299 reperias;
1740 5228 1783 5282 si
1817 5228 2023 5298 judicis

2127 4510 2236 4565 ρων
2269 4493 2685 4564 ἁμαρτημάτων
2718 4490 2975 4554 ἐκτίσεις,
3021 4491 3162 4543 κατά
3194 4488 3292 4560 τὴν
3321 4486 3708 4557 φιλάνθρωπον

2122 4586 2441 4656 ἐπιμέλειαν
2461 4585 2555 4639 τυῦ
2576 4584 2781 4654 ἀγαθοῦ
2801 4583 3096 4647 Δεσπότου,
3119 4581 3196 4644 ὼς
3218 4582 3293 4653 μὴ
3313 4579 3390 4651 τῷ
3413 4578 3710 4650 ἀπεράντῳ

2123 4675 2279 4729 αίῶνι
2329 4674 2704 4746 παραδοθῆναι
2757 4674 2904 4745 ἡμᾶς
2953 4672 3034 4735 εἰς
3073 4672 3316 4725 κόλασιν.
3368 4670 3441 4721 Τὸ
3484 4669 3583 4738 μὲν
3612 4666 3713 4722 οὖν

2124 4767 2376 4831 ἑπτάκις,
2417 4766 2506 4820 διὰ
2535 4766 2631 4837 τὴν
2654 4764 2790 4838 πρὸς
2819 4765 2911 4818 τὸν
2934 4764 3140 4834 κόσμον
3168 4761 3358 4817 τοῦτον
3382 4760 3713 4829 συγγένειαν

2124 4861 2199 4924 ὡς
2229 4860 2337 4913 τῶν
2364 4858 2708 4927 φιλοκόσμων
2739 4856 3040 4928 ἀνθρώπων
3061 4856 3155 4909 ἀπ’
3181 4854 3361 4908 αὐτῶν
3380 4853 3714 4923 ὀφειλόντων

2130 4954 2367 5024 μάλιστα
2412 4950 2771 5024 ζημιοῦσθαι,
2822 4943 2898 5003 ὧν
2938 4950 3103 5004 ἑνεκα
3153 4948 3357 5001 εἴλοντο
3404 4944 3709 5015 πονηρεύε-

2128 5045 2273 5100 σθαι.
2318 5045 2711 5116 Ἐκδικούμενα
2734 5046 2790 5098 δὲ
2827 5044 2880 5097 εἴ
2909 5061 2989 5113 τῳ
3030 5041 3183 5113 παρά
3214 5040 3292 5111 τῷ
3321 5040 3461 5093 Καῖν
3493 5040 3675 5105 λέγοις
3697 5077 3712 5099 ,

2126 5138 2382 5209 εὑρήσεις
2424 5137 2598 5190 ἑπτά·
2648 5135 2797 5189 είτά
2847 5135 2999 5207 παρά
3044 5134 3140 5187 τοῦ
3174 5131 3375 5203 κριτοῦ
3432 5129 3521 5183 ἐπ’
3558 5127 3715 5198 αὐτῷ

2125 5229 2450 5298 ὁρισθέντα,
2493 5228 2586 5282 καὶ
2630 5228 2803 5291 οὕτως
2861 5226 2961 5279 οὐκ
3008 5221 3284 5294 ἀποτεύξῃ
3321 5219 3422 5289 τῆς
3480 5216 3713 5298 ἐννοίας.

519 5476 575 5527 al
612 5476 752 5529 Tim.
784 5493 854 5539 IV,
890 5474 975 5528 l3.
1039 5476 1273 5531 ‘Matth.
1315 5490 1463 5540 xvm,
1500 5474 1590 5593 ἓξ,
1649 5474 1738 5528 29.
1816 5475 1835 5505 ⁸
1889 5472 2063 5529 Levit.
2114 5444 2238 5538 xiv,
2266 5436 2345 5529 ¹54
2396 5488 2549 5544 seqq.

519 5724 535 5759 ³
574 5719 730 5774 scito
756 5718 836 5772 τό.
