4044 6212
330 373 442 430 369

1690 374 2028 444 EPISTDLA
2066 386 2280 446 LXXX.

3512 407 3618 463 370

344 488 439 545 Ἑν
451 487 553 559 μὲν
565 480 662 543 οὖν
684 491 799 553 τοῖς
812 493 945 564 παρ’
959 493 1127 549 αὐτοῦ
1147 495 1288 551 Καῖν
1308 499 1543 573 τιτολμη
1551 501 1756 573 μένοις,
1776 503 1898 576 πρῶ

2023 521 2217 577 ρωηιιε
2247 507 2328 564 illi
2357 508 2647 582 irrogatas,
2680 520 2891 584 septem
2932 515 3124 573 itidem
3152 520 3487 592 cogitatione
3520 530 3615 579 tua

272 580 279 583 ‘
329 595 429 632 τον
461 578 789 652 ἁμάρτημα,
808 581 1026 651 φθόνος,
1058 586 1151 640 ἐπὶ
1175 590 1243 659 τῇ
1264 591 1598 664 προτιμήσει
1613 592 1707 647 τοῦ
1732 595 1921 652 Ἅϐελ.

330 666 619 736 Δεύτερον,
640 669 796 735 δόλος
817 672 940 743 μεθ’
960 669 1024 730 οὗ
1049 675 1300 751 διελέχθη
1333 679 1413 751 τῷ
1446 682 1687 756 ἀδελφῷ,
1715 684 1888 739 είπών
1906 704 1922 721 ο

2025 599 2433 672 deprehendes.
2460 604 2708 661 Primum
2732 623 2863 680 ergo
2891 610 3039 680 quod
3068 609 3274 669 Cainus
3296 613 3414 685 ipse
3435 627 3618 686 patra-

2023 693 2127 761 vit,
2158 702 2245 750 est
2274 695 2505 761 invidia,
2536 699 2685 768 quod
2722 700 2829 755 sibi
2858 716 2890 755 a
2925 701 3040 757 Deo
3068 701 3298 759 Abelem
3330 707 3616 776 prmlatum

337 776 358 809 ι
381 758 693 830 Διέλθωμεν
712 764 794 827 εἰς
808 764 872 818 τὸ
885 767 1091 823 πεδίον.
1113 788 1133 821 ι
1152 771 1370 842 Τρίτον,
1390 774 1573 845 φόνος.
1594 777 1874 849 Τέταρτον
1896 792 1898 801 '

2023 785 2281 841 senserit.
2301 785 2553 842 Alterum
2566 788 2778 845 crimen
2793 800 2877 846 est
2892 791 3044 848 fraus
3058 808 3154 848 seu
3179 793 3362 861 dolus,
3380 811 3491 867 quo
3508 798 3618 853 cir-

327 851 620 961 τρρσθήκη
635 853 733 909 τοῦ
751 857 947 925 κακοῦ,
978 861 1059 915 ὅτι
1078 864 1171 917 καὶ
1205 863 1442 937 ἀδελφοῦ
1462 866 1641 938 φόνος
1665 870 1868 942 μείζων
1889 891 1898 925 1

2022 878 2305 933 cumvenit
2319 877 2568 947 fratrem,
2586 895 2714 937 cum
2733 882 2872 939 dixit
2891 902 2905 936 :
2928 884 3229 943 «Exeamus
3249 887 3302 942 in
3330 851 3519 961 agi‘um
3533 889 3576 944 ‘.
3589 910 3607 941 ι

326 940 603 1007 ἐπίτασις.
627 946 888 1018 Πέμπτον
911 959 963 1018 ν,
1005 952 1128 1007 Ὅτι
1162 956 1380 1027 πρῶτος
1416 960 1611 1028 φονεὺς
1640 940 1782 1016 Καῒν
1818 980 1898 1016 πο

2553 940 2565 947 ,
3048 940 3099 941 κν
3174 940 3519 961 “tam
3562 940 3599 944 ,,

2027 968 2300 1036 Tertium,
2343 971 2542 1029 caedes.
2580 972 2848 1041 Quartum
2893 977 3202 1034 auctarium
3236 980 3463 1036 sceleris
3513 997 3612 1038 seu

321 1034 498 1129 νηρὺν
515 1034 919 1129 ὑπόδειγματῷ
948 1043 1050 1116 βίῳ
1075 1048 1625 1110 καταλιπώνέΈκτον
1647 1056 1915 1129 ἀδίκημα,

320 1126 407 1216 δτι
439 1128 698 1195 γονεῦσιν
732 1133 931 1200 πένθος
960 1138 1300 1211 ἐνεποίησεν.
1329 1142 1619 1216 Ἐϐδομον,
1667 1148 1749 1202 ὅτι
1783 1126 1917 1203 Θεὸν

320 1214 621 1309 ἐψεύσατο.
641 1221 971 1294 Ἐρωτηθεὶς
991 1225 1118 1300 γὰρ,
1146 1229 1230 1283 ὅτι
1263 1249 1281 1282 ι
1304 1231 1416 1291 Ποῦ
1435 1214 1602 1288 ’Ᾰόελ
1618 1239 1648 1291 6
1682 1237 1917 1309 ἁδελφός

321 1323 529 1402 οουςηι
559 1306 737 1377 εἶπεν,
772 1331 794 1365 ι
832 1315 949 1369 οὐκ
973 1314 1111 1373 οἶδα.
1149 1339 1169 1373 ι
1214 1321 1387 1378 Ἑπτὰ
1415 1321 1509 1380 οὖν
1552 1306 1915 1402 ὲκδικούμενα

320 1397 639 1467 παρέλυσεν
665 1403 725 1455 έν
760 1403 839 1474 τῷ
874 1405 1232 1498 ἀναιρεθῆναι
1263 1413 1357 1467 τὸν
1397 1416 1559 1471 Καῖν.

2014 1060 2500 1131 complementum,
2545 1064 2695 1134 quod
2744 1071 2801 1120 et
2844 1064 3069 1123 fratrem
3125 1069 3397 1133 mactarit,
3456 1071 3607 1140 quod

2013 1151 2372 1222 parricidium
2411 1162 2576 1226 auget
2597 1155 2832 1213 facinus.
2863 1157 3129 1226 Quintum
3163 1175 3290 1215 cum
3313 1168 3370 1216 et
3396 1160 3609 1231 primus

2012 1244 2246 1301 sicarius
2263 1245 2471 1301 Cainus
2493 1249 2790 1315 exstiterit,
2816 1259 2873 1306 et
2899 1253 3199 1322 pessimum
3222 1254 3536 1325 exemplum
3554 1253 3610 1309 in

2012 1336 2399 1407 posteritatem
2445 1342 2783 1413 propagarit.
2836 1342 3064 1400 Sextum
3116 1344 3381 1401 delictum
3408 1386 3423 1411 ,
3457 1346 3607 1416 quod

2011 1429 2339 1498 parentibus
2362 1447 2584 1503 gravem
2610 1433 2822 1488 luctum
2844 1434 3113 1491 attulerit.
3133 1435 3437 1507 Septimum
3459 1436 3606 1506 quod

322 1489 431 1561 ipsi
472 1493 586 1549 Deo
627 1496 700 1551 sit
739 1489 1025 1592 mentitus.
1070 1504 1443 1579 interrogatus
1485 1513 1633 1567 enim
1679 1516 1774 1571 ubi
1812 1528 1960 1576 esset
2004 1489 2207 1591 frater,
2253 1489 2424 1594 dixit,
2472 1546 2492 1582 ι
2522 1528 2720 1585 Nescio
2756 1530 2799 1584 ’.
2847 1550 2867 1582 ι
2916 1530 3139 1602 Septem
3177 1489 3309 1606 e‘rgo
3367 1531 3603 1589 erimina

323 1590 383 1643 in
416 1592 569 1648 caede
600 1591 756 1649 Caini
780 1578 972 1667 punita
1001 1610 1133 1658 sunt
1159 1613 1370 1676 septem
1399 1609 1600 1678 poenis.

653 1686 763 1761 γὰρ
791 1684 947 1745 εἶπεν
973 1695 1002 1747 ό
1031 1695 1255 1766 Κύριος,
1291 1700 1373 1754 ὅτι
1404 1720 1426 1753 ι
1474 1704 1910 1781 Ἐπικατάρατος

322 1777 357 1834 ἡ
386 1773 488 1842 γῆ,
518 1777 552 1847 ἢ
583 1776 774 1847 ἔχανεν
801 1781 1060 1848 δέξασθαι
1101 1787 1164 1841 τὺ
1196 1786 1337 1862 αἷμα
1383 1797 1479 1849 τοῦ
1513 1773 1908 1870 ἀδελφοῦ-σου,

2087 1708 2307 1765 Etenim
2341 1711 2607 1771 Dominus
2633 1714 2775 1771 dixit
2801 1732 2822 1782 :_
2847 1735 2867 1767 ι
2887 1715 3209 1774 Maledictus
3233 1719 3347 1777 eris
3378 1723 3433 1777 in
3458 1733 3604 1781 terra

2016 1816 2139 1872 quae
2165 1801 2341 1859 hiavit
2364 1812 2426 1859 ut
2447 1805 2697 1864 hauriret
2726 1809 3050 1882 sanguinem
3076 1809 3266 1868 fratris
3283 1815 3388 1882 tui,
3413 1825 3471 1872 et
3491 1819 3606 1877 eris

321 1867 421 1918 καὶ
461 1869 686 1931 στένων,
722 1873 815 1926 καὶ
842 1876 1064 1948 τρέμων
1092 1878 1190 1953 ἔσῃ
1229 1884 1321 1937 ἐπὶ
1350 1885 1451 1956 τῆς
1475 1888 1600 1960 γῆς,
1704 1894 1733 1946 ὁ
1762 1867 1898 1948 Καῖν

2006 1867 2232 1962 gemens
2252 1901 2311 1949 et
2342 1904 2588 1953 tremens
2628 1913 2797 1970 super
2820 1867 3025 1957 tct'ram
3048 1899 3093 1956 ⁸.
3123 1920 3142 1955 ι
3160 1901 3231 1958 Et
3257 1867 3398 1962 dixit
3418 1905 3554 1964 Cain
3585 1927 3600 1966 :

321 1973 462 2053 φησι
489 1974 505 1988 ο
531 1979 567 2053 ξι
602 1960 662 2013 Ei
696 1962 983 2030 έκὸἁλλεις
1012 1984 1078 2038 με
1108 1972 1351 2045 σήμερον
1379 1976 1488 2053 duo
1518 1978 1619 2050 τῆς
1649 1981 1775 2052 γῆς,
1814 1986 1911 2038 καὶ

318 2049 432 2102 (irai:
460 2051 557 2145 τού
592 2054 884 2125 προσώπου
915 2076 1012 2113 σου
1033 2049 1404 2136 κρυϐήσομαι,
1442 2073 1539 2126 καὶ
1563 2049 1759 2145 ἔσομαι
1791 2078 1910 2132 στέ-

318 2158 430 2239 νων
470 2144 566 2196 καὶ
597 2146 816 2217 τρέμων
862 2151 957 2204 ἐπὶ
988 2153 1087 2223 τῆς
1144 2156 1248 2227 γῆς
1272 2197 1288 2221 ,
1321 2160 1417 2214 καὶ
1444 2165 1553 2228 πᾶς
1584 2167 1613 2220 ό
1639 2144 1910 2239 εὑρίσκων

321 2235 621 2331 ἀποκτενεῖ
667 2256 756 2309 με.
807 2261 826 2291 ι
878 2243 1022 2315 Πρὸς
1068 2246 1133 2318 δὴ
1180 2249 1341 2305 τοῦτο
1385 2255 1413 2308 ὁ
1463 2255 1663 2328 Κύριός
1705 2235 1908 2331 ιρησινο

328 2344 348 2377 ι
393 2327 508 2396 Οὐχ
555 2328 762 2394 οὕτως’
821 2335 930 2399 πᾶς
978 2337 1008 2389 ό
1041 2338 1372 2407 ἀποκτείνας
1404 2327 1731 2405 Καϊνὲπτα
1762 2327 1908 2408 έκδι-

321 2417 566 2510 κούμενα
595 2423 919 2493 παραλύσει.
962 2447 980 2479 ι
1028 2430 1248 2505 Ἐπειδὴ
1278 2434 1386 2507 γὰρ
1416 2437 1667 2510 ἐνόμισεν
1696 2443 1903 2500 εὐάλω-

319 2527 407 2574 τος
439 2508 583 2567 εἷναι
617 2518 782 2572 παντὶ
810 2520 981 2587 Καῖν,
1012 2524 1102 2578 διὰ
1129 2526 1189 2580 τὸ
1215 2528 1279 2582 ὲκ
1318 2529 1421 2599 τῆς
1452 2508 1558 2601 γῆς
1602 2535 1702 2608 τὴν
1729 2539 1904 2609 ἀσφά-

318 2605 471 2660 λειαν
507 2609 586 2680 μὴ
620 2609 786 2681 ἔχειν·
822 2615 1229 2688 ὲπικατάρατος
1259 2622 1369 2691 γὰρ
1400 2627 1431 2692 ἡ
1474 2627 1541 2698 γῆ
1572 2605 1668 2683 ἀπδ
1698 2605 1866 2686 αὐτοῦ
1886 2675 1902 2699 ,

318 2700 413 2751 καὶ
440 2699 542 2769 τῆς
571 2702 682 2755 ἀπὸ
713 2702 850 2785 θεοῦ
891 2706 1142 2777 βοηθείας
1183 2714 1522 2786 ἠρημᾶσθαι,
1559 2720 1904 2790 ὀργισθέντος

318 2792 484 2845 αὑτοῦ
516 2795 613 2846 ἐπὶ
642 2795 722 2866 τῷ
752 2799 915 2869 φόνῳ,
945 2799 1020 2865 ὡς
1048 2801 1171 2856 οὔτε
1201 2806 1309 2860 ἀπὸ
1346 2809 1477 2878 γῆς,
1520 2813 1643 2865 οὗτε
1677 2815 1785 2869 ἀπὸ
1806 2815 1901 2888 τοῦ

316 2884 549 2951 ούρανοῦ
569 2887 910 2959 ἀντιλήψεως
940 2893 1088 2964 αύτῷ
1108 2895 1454 2973 λειπομένης,
1480 2923 1497 2954 ι
1522 2905 1722 2972 Έσται,
1744 2884 1897 2976 φησὶ,

319 2977 423 3039 πᾶς
464 2978 495 3028 ὁ
533 2980 805 3061 εὑρίσκων
842 3002 911 3063 με
949 2988 1242 3065 ἀποκτενεί
1283 3009 1352 3062 με
1376 3009 1389 3021 ·
1435 3013 1453 3046 ι
1483 2995 1693 3068 ἐλέγχει
1733 3000 1899 3054 αὑτοῦ

315 3064 377 3117 τὸ
405 3067 636 3139 οφάλμα
679 3073 709 3124 ὀ
755 3073 928 3141 Λόγος
952 3114 967 3137 ,
1000 3064 1174 3147 λέγων
1202 3097 1217 3113 ’
1256 3100 1274 3132 ι
1324 3082 1435 3154 Οὐχ
1472 3064 1679 3152 οὕτως,
1721 3106 1741 3140 ι
1777 3106 1900 3143 του-

316 3157 517 3223 τέστιν,
541 3161 643 3225 οὒκ
677 3166 1035 3241 ἀναιρεθήοῃ.
1100 3171 1158 3225 '0
1196 3172 1250 3226 δὲ
1278 3173 1340 3228 οὐ
1374 3175 1534 3246 μόνον
1575 3178 1807 3250 κρύπτει
1836 3184 1899 3236 τὸ

313 3250 495 3316 ἑλκοῖ,
532 3254 667 3309 ἀλλᾶ
699 3256 796 3311 καί
840 3259 1029 3334 ἕτερον
1065 3267 1504 3337 προσεργάζεται
1532 3272 1610 3342 τῷ
1653 3272 1799 3347 φόνῳ
1836 3275 1897 3330 τὸ

311 3342 556 3409 $5M,
594 3348 1012 3414 ἑπισυνάπτων·
1052 3375 1071 3406 ι
1109 3359 1225 3412 Οὐκ
1270 3358 1390 3417 οἶδα
1417 3379 1431 3393 ⁶
1467 3363 1542 3435 μὴ
1575 3342 1750 3435 φύλαξ
1774 3342 1894 3422 τοῦ

313 3435 550 3505 ἀδελφοῦ
580 3440 696 3511 εξμι
726 3443 869 3512 ἐγώ;
908 3462 928 3497 ›
977 3447 1255 3513 Ἐντεῦθεν
1283 3438 1477 3507 λοιπὸν
1498 3456 1895 3530 ἀπαριθμεῖται

310 3527 410 3590 τὰς
455 3531 753 3602 τιμωρίας.
813 3553 831 3587 ι
886 3533 1318 3610 Ἐπικατάρατος
1369 3544 1510 3615 ἠγῆ
1553 3527 1661 3600 ἀπὸ
1708 3527 1826 3604 σοῦ.
1869 3570 1888 3603 ι

312 3618 423 3673 Μία
459 3619 708 3686 κόλασις.
752 3642 771 3678 ι
815 3625 995 3697 Ἔργα
1035 3629 1136 3703 τὴν
1166 3630 1291 3701 γῆν.
1347 3652 1365 3685 ι
1421 3636 1661 3707 Δευτέρα
1710 3639 1850 3711 αὕτη
1877 3656 1890 3671 ·

312 3708 529 3800 ανάγκη
562 3713 676 3785 γάρ
713 3732 798 3777 τις
825 3716 1063 3791 ἄρῤητος
1097 3721 1247 3793 αὐτῷ
1273 3724 1628 3790 συνέζευκται
1660 3731 1797 3800 πρὸς
1831 3708 1895 3786 τὸ

311 3797 470 3868 ἔργον
496 3801 603 3872 τῆς
629 3803 734 3873 γῆς
758 3807 922 3860 αὑτὸν
951 3811 1381 3880 κατεπείγουσα,
1427 3814 1566 3869 ὥστε
1601 3797 1736 3889 μηδὲ
1768 3819 1892 3891 βου-

312 3889 521 3965 λομένῳ
574 3894 728 3966 αὐτῷ
765 3897 968 3964 ἐξεῖναι
998 3901 1410 3971 ἀναπαύεσθαι,
1462 3907 1578 3962 ἀλλ’
1607 3910 1695 3963 ἀεὶ
1730 3889 1893 3966 αύτδν

311 3985 442 4055 πρὸς
465 3985 528 4038 τὺ
554 3987 1024 4059 ταλαιπωρεῖσθαι
1059 3996 1125 4065 τῇ
1158 3994 1330 4068 ἐχθρᾷ
1360 3998 1526 4053 αὐτοῦ
1549 4005 1642 4073 γῇ,
1672 4003 1739 4074 ἢν
1773 4005 1894 4058 ἐπι-

308 4077 621 4146 κατὰρατον
660 4079 832 4152 αὐτὴν
865 4083 1143 4154 ἐποίησεν,
1177 4089 1377 4159 μιάνας
1402 4091 1764 4166 ἀδελφότητος
1802 4097 1891 4151 αἴ-

307 4182 457 4234 ματι.
492 4169 657 4241 Δεινὴ
685 4170 795 4244 γὰρ
818 4177 1060 4247 τιμωρία
1083 4178 1117 4248 ή
1151 4179 1291 4249 μετὰ
1331 4181 1443 4236 τῶν
1468 4184 1772 4254 μισούντων
1815 4188 1893 4244 δι-

305 4259 523 4331 αγωγὴ,
554 4261 806 4317 σύνοικον
842 4265 988 4338 ἔχειν
1016 4269 1295 4339 πολέμιον,
1328 4274 1607 4331 ἄπαυστον
1651 4279 1798 4351 ἔχειν
1831 4283 1892 4336 τὸ

310 4350 485 4419 μῖσος.
527 4368 548 4402 ι
593 4352 778 4423 Ἔργα
824 4356 925 4427 τὴν
976 4357 1119 4428 γῆν,
1179 4379 1199 4413 ι
1232 4362 1535 4429 τουτέστιν,
1568 4350 1887 4425 κατατεινό-

312 4455 468 4507 μενος
502 4444 618 4506 τοῖς
649 4442 834 4515 ἔργοις
874 4448 990 4513 τοῖς
1041 4456 1421 4518 γεωπονικοίς,
1458 4456 1648 4512 οὐδένα
1692 4461 1886 4533 χρόνον

2023 2000 2043 2033 ι
2071 1982 2129 2038 Si
2160 1985 2316 2056 ejicis
2348 2002 2438 2043 me
2464 1988 2629 2045 hodie
2652 2004 2685 2046 a
2713 1997 2882 2058 terra,
2911 2000 2969 2049 et
2999 2008 3031 2049 a
3066 1993 3207 2053 facie
3234 2003 3329 2053 tua
3361 1998 3601 2059 abscon-

2013 2073 2133 2141 dar,
2157 2084 2214 2131 ει
2236 2091 2333 2133 ero
2358 2093 2584 2149 gemens
2601 2089 2659 2137 Cl
2680 2090 2923 2140 tremens
2948 2099 3117 2156 super
3146 2094 3372 2156 terram,
3401 2098 3458 2147 et
3484 2107 3603 2148 om-

2011 2165 2100 2220 nis
2127 2166 2221 2236 qui
2272 2183 2361 2223 me
2396 2169 2708 2238 invenerit,
2737 2173 2956 2229 occidet
3009 2190 3099 2231 me
3134 2178 3176 2232 ’.
3210 2195 3229 2229 ι
3264 2178 3345 2234 Ad
3382 2180 3488 2236 hoc
3518 2199 3605 2263 re-

2010 2257 2245 2329 spondet
2266 2259 2531 2317 Dominus
2556 2282 2569 2316 :
2602 2282 2620 2315 ι
2645 2263 3005 2337 Nequaquam
3036 2265 3114 2324 ita
3136 2266 3250 2335 ilet,
3277 2271 3375 2326 sed
3414 2257 3599 2330 omnis

2009 2349 2105 2421 qui
2148 2351 2591 2420 occideritCain,
2624 2356 2937 2427 septuplum
2978 2358 3243 2429 punietur
3265 2361 3311 2394 ¹⁸
3373 2381 3393 2415 ι
3455 2363 3596 2431 Quia

2007 2457 2140 2515 ergo
2171 2442 2307 2499 Cain
2343 2444 2679 2502 existimavit
2706 2462 2765 2503 se
2791 2463 2821 2503 a
2843 2449 3039 2525 quovis
3062 2449 3223 2508 facile
3250 2462 3468 2525 captum
3499 2455 3593 2523 iri,

2008 2535 2155 2605 quod
2198 2551 2299 2592 nec
2345 2541 2400 2592 in
2442 2538 2607 2594 terris
2644 2539 2818 2596 ullum
2855 2541 3025 2598 sciret
3072 2543 3391 2614 pnesidtum
3415 2586 3432 2612 ,
3465 2563 3589 2603 cum

2009 2633 2152 2681 terra
2177 2635 2324 2684 esset
2367 2629 2437 2683 ab
2482 2629 2575 2685 illo
2623 2632 2932 2699 maledicta,
2966 2648 3069 2689 nec
3102 2647 3134 2689 a
3166 2635 3279 2692 Deo
3319 2638 3588 2695 atmiium

2005 2728 2366 2790 exspectaret,
2403 2721 2499 2792 qui
2530 2723 2708 2780 iratus
2740 2724 2821 2779 illi
2850 2735 2971 2779 erat
3001 2734 3228 2796 propter
3254 2730 3483 2795 caedem,
3514 2731 3589 2787 ita

2006 2818 2067 2877 ut
2099 2809 2222 2867 cceli
2247 2818 2515 2884 terraque
2539 2828 2635 2884 spe
2660 2830 2872 2886 opeque
2894 2816 3048 2871 illum
3082 2816 3369 2876 deserente
3397 2822 3584 2885 exclu-

2004 2916 2099 2957 sus
2129 2901 2332 2967 dixerit
2366 2922 2381 2955 :
2437 2923 2455 2957 ι
2506 2897 2698 2974 Omnis
2735 2898 2832 2978 qui
2872 2922 2961 2964 me
3006 2909 3314 2978 invenerit,
3370 2914 3589 2971 occidet

2001 3008 2123 3066 me;
2154 3012 2174 3046 ι
2211 2995 2441 3069 corrigit
2473 2996 2620 3052 illius
2647 3013 2893 3054 errorem
2931 3001 3203 3068 Verbum,
3232 3019 3356 3059 cum
3389 3004 3526 3061 dicit
3568 3023 3582 3061 :

2010 3103 2029 3137 ι
2062 3084 2418 3157 Nequaquam
2441 3087 2515 3142 ita
2541 3087 2669 3144 flet:
2702 3108 2721 3141 ι
2755 3089 2862 3145 hoc
2887 3102 2993 3157 est,
3027 3108 3137 3148 non
3155 3095 3447 3152 occideris.
3474 3095 3590 3152 Sed

1923 3220 1968 3280 α
2002 3176 2093 3232 ille
2121 3193 2233 3233 non
2260 3178 2440 3234 solum
2470 3179 2627 3235 ulcus
2660 3181 2828 3253 tegit,
2865 3181 2962 3238 sed
2991 3185 3226 3242 alterum
3260 3204 3482 3259 quoque
3514 3190 3583 3245 ad

2000 3267 2203 3324 caedem
2235 3268 2408 3338 addit,
2439 3271 2570 3326 dum
2598 3272 2947 3329 mendacium
2973 3279 3288 3346 concinnat,
3324 3290 3381 3337 et
3403 3280 3539 3335 dicit
3566 3299 3580 3334 :

2005 3378 2025 3411 ι
2064 3360 2295 3429 Nescio;
2328 3363 2584 3434 nunquid
2625 3372 2814 3421 custos
2852 3365 3040 3423 fratris
3063 3370 3173 3424 mei
3201 3386 3324 3426 sum
3367 3372 3515 3441 ego?
3554 3391 3573 3422 ι

1997 3451 2137 3507 llinc
2162 3454 2275 3524 jam
2304 3470 2497 3524 pmnas
2516 3471 2807 3512 numerare
2830 3458 2975 3513 Deus
2996 3459 3208 3529 incipit.
3239 3478 3257 3511 ι
3292 3460 3580 3515 Maledicta

1995 3545 2104 3601 erit
2134 3555 2278 3601 terra
2316 3548 2416 3603 abs
2436 3558 2506 3604 te.
2547 3568 2564 3600 ι
2593 3550 2777 3606 Prima
2811 3550 3238 3606 animadversio.
3281 3570 3299 3602 ι
3339 3550 3581 3620 Operam

1994 3644 2220 3691 terram.
2257 3655 2276 3688 ι
2310 3637 2437 3693 llaec
2461 3639 2632 3695 altera
2659 3656 2820 3712 poma
2845 3650 2930 3697 est
2966 3660 2978 3696 :
3005 3641 3404 3712 inexplicabilis
3429 3642 3579 3699 enim

1994 3729 2244 3798 quadam
2277 3730 2380 3800 ipsi
2419 3731 2722 3787 ne‘cessitas
2761 3731 2923 3788 allisa
2959 3740 3109 3800 erat,
3159 3750 3282 3805 quae
3315 3735 3469 3790 illum
3508 3735 3579 3792 ad

1995 3835 2134 3890 opus
2163 3821 2240 3881 ita
2276 3822 2544 3893 urgebat,
2581 3823 2662 3877 uti
2692 3838 2872 3895 neque
2899 3826 3105 3881 volenti
3136 3825 3361 3896 quidem
3386 3826 3580 3883 liceret

1996 3911 2163 3966 ullam
2184 3912 2388 3983 quietis
2412 3922 2624 3983 partem
2651 3928 2871 3985 capere,
2909 3915 3006 3972 sed
3027 3915 3403 3973 assiduissime
3444 3932 3576 3988 pre-

1994 4001 2199 4067 mcbat,
2230 4014 2379 4058 terra
2416 4001 2497 4057 illi
2528 4001 2727 4059 infesta
2747 4012 2805 4060 et
2831 4004 3077 4071 inimim,
3102 4020 3265 4076 quam
3294 4005 3400 4061 sibi
3421 4020 3580 4061 exse-

1994 4090 2257 4147 crabilem
2293 4076 2501 4149 fecerat
2527 4134 2543 4160 ,
2570 4109 2697 4149 cum
2725 4110 2848 4151 eam
2878 4094 3123 4152 fraterno
3156 4097 3422 4169 sanguine
3449 4098 3575 4167 pol-

1992 4183 2205 4240 luisset.
2252 4184 2529 4241 Accrbum
2575 4186 2725 4243 enim
2761 4202 2935 4260 genus
2964 4189 3221 4261 supplicii
3258 4198 3344 4245 est
3389 4189 3576 4246 vivere

1993 4293 2119 4334 cum
2151 4278 2220 4334 iis
2245 4280 2340 4350 qui
2373 4288 2426 4335 te
2457 4279 2698 4349 oderint,
2723 4288 2781 4336 et
2800 4280 3017 4337 hostem
3043 4281 3406 4338 domesticum
3438 4281 3573 4336 reti-

1992 4386 2146 4437 nere,
2182 4371 2445 4428 etodium
2462 4382 2733 4428 aeternum
2763 4372 2931 4429 alere.
2971 4393 2991 4424 ‹
3022 4372 3264 4445 Operarc
3292 4384 3516 4437 terram,
3547 4391 3566 4424 ›

1993 4462 2101 4518 hoc
2122 4473 2225 4529 est,
2278 4464 2435 4519 nullo
2468 4479 2714 4535 unquam
2755 4474 3005 4536 tempore
3053 4480 3085 4521 a
3124 4474 3286 4522 terra:
3326 4465 3573 4520 colenda:

307 4532 528 4602 ἀνήσεις
552 4573 569 4599 ,
595 4533 723 4588 οὔτε
762 4537 956 4602 νυκτὸς
980 4579 998 4606 ,
1029 4540 1155 4595 οὔτε
1189 4543 1406 4616 ἡμέρας
1444 4547 1776 4621 ἐκλυόμενος
1820 4555 1886 4609 ὲκ

2001 4565 2049 4611 et
2095 4556 2369 4612 fodienda:
2409 4532 2611 4613 sudore
2656 4532 2914 4623 remitte,
2947 4556 3026 4611 uti
3062 4571 3239 4627 neque
3278 4556 3346 4612 de
3390 4567 3570 4616 nocte.

307 4622 408 4677 τῶν
437 4625 640 4690 πόνων,
679 4627 953 4685 Δεσπότου
998 4633 1147 4698 τινὸς
1172 4636 1564 4712 χαλεπωτέραν
1611 4642 1754 4716 ἔχων
1783 4647 1886 4720 τὴν

2001 4664 2161 4720 neque
2188 4649 2258 4705 de
2279 4649 2369 4705 die
2390 4650 2632 4721 respires
2659 4666 2690 4706 a
2716 4650 2923 4716 labore,
2951 4651 3047 4706 sed
3075 4659 3135 4705 ut
3162 4650 3350 4706 ultima
3376 4665 3571 4706 neces—

306 4713 553 4811 ανάγκην
571 4718 667 4770 ἐπὶ
696 4720 767 4773 τὰ
793 4720 932 4792 ἔργα
965 4739 1025 4777 σε
1056 4723 1462 4799 διεγείρουσαν,
1499 4735 1596 4789 καὶ
1712 4713 1886 4811 προσ-

307 4803 456 4875 θήσει
480 4807 667 4863 δοῦναι
714 4811 1093 4902 ίσχὺνῌαύτῆς.
1143 4819 1339 4874 Καίτοι
1361 4824 1411 4876 εί
1441 4825 1536 4879 καὶ
1568 4826 1630 4880 τὸ
1654 4803 1768 4901 τῆς.
1792 4832 1884 4902 ἐρ-

308 4897 500 4962 «gnata;
528 4899 814 4955 ἄπαυστον
837 4897 953 4974 εἶχέ
975 4923 1095 4961 τινα
1117 4909 1350 4980 καρπὸν,
1383 4913 1547 4978 αὐτὸς
1577 4919 1607 4972 6
1636 4897 1796 4985 πόνος
1821 4897 1882 4975 bo

309 4991 499 5061 μετρία
534 4990 774 5062 βάσανος
799 4995 879 5067 τῷ
907 4997 997 5051 ἀεὶ
1022 5004 1460 5077 κατατεινομένῳ
1481 5008 1578 5062 καὶ
1601 5013 1882 5069 κοπιῶντι*

306 5082 483 5154 ἐπειδὴ
508 5085 703 5140 dli-aeui
742 5090 777 5157 ἡ
804 5090 1041 5161 ἐργασία
1083 5094 1384 5163 ἄπαυστος,
1430 5099 1526 5154 καὶ
1563 5101 1812 5176 ἄκαρπος
1851 5109 1886 5180 ἡ

308 5176 427 5240 περὶ
445 5176 552 5246 γῆν
569 5177 944 5252 ταλαιπωρία,
966 5184 1001 5255 ἠ
1030 5184 1280 5257 ἀκαρπία
1296 5188 1406 5244 τῶν
1432 5191 1629 5249 πόνων.
1642 5176 1884 5251 «Στένων

310 5264 393 5355 κει
420 5265 649 5337 τρέμων
680 5268 782 5342 ἔσῃ
801 5272 896 5327 ἐπὶ
926 5276 1027 5345 τῆς
1046 5276 1318 5348 γῆς.ιΔύο
1346 5283 1690 5355 προσέθηκεν
1715 5286 1885 5353 ἄλλας

307 5354 414 5416 ui;
440 5358 625 5427 τρισὶ,
667 5363 975 5435 στεναγμὸν
1004 5363 1249 5439 διηνεκῆ,
1291 5371 1388 5426 καὶ
1423 5354 1624 5447 τρόμον
1653 5377 1746 5432 τοῦ
1779 5379 1884 5434 σώ-

1984 4740 2144 4796 sitate
2171 4780 2186 4806 ,
2233 4756 2357 4811 quae
2386 4756 2607 4797 omnem
2659 4742 2915 4797 servilem
2959 4743 3280 4797 servitutem
3311 4750 3570 4812 superet,

1981 4840 2234 4904 cogente,
2259 4849 2477 4904 semper
2517 4833 2587 4889 ad
2628 4849 2769 4906 opus
2798 4833 3068 4906 urgearis,
3107 4849 3211 4890 nec
3233 4833 3459 4891 assiduo
3490 4842 3570 4889 ta-

1982 4940 2110 4980 men
2153 4926 2305 4980 cultu
2351 4926 2501 4981 illam
2543 4927 2829 4983 meliorem
2883 4925 3102 4982 reddas.
3137 4926 3277 4982 Nam
3318 4927 3572 4996 quamvis

1982 5013 2309 5071 continuum
2348 5031 2489 5088 opus
2542 5018 2742 5074 habeat
2773 5017 3008 5074 subinde
3053 5033 3238 5095 Opera:
3289 5019 3569 5085 fructum,

1985 5116 2168 5163 tamen
2190 5107 2309 5179 ipse
2331 5109 2489 5165 labor
2521 5110 2798 5183 ingentem
2835 5109 2997 5165 affert
3027 5110 3335 5169 molestiam
3363 5119 3421 5167 et
3451 5119 3569 5166 tor-

1982 5209 2229 5256 mentum
2259 5217 2479 5274 semper
2496 5203 2760 5270 distento,
2792 5220 3011 5277 semper
3031 5212 3301 5276 occupato
3332 5212 3390 5261 et
3421 5220 3568 5260 nun-

1981 5306 2145 5362 quam
2179 5293 2250 5349 ab
2286 5310 2454 5367 opere
2477 5297 2738 5362 cessanti.
2775 5297 2883 5352 Sed
2908 5304 2964 5353 tu
2984 5313 3112 5366 cum
3140 5299 3350 5370 ingenti
3376 5298 3569 5381 labore

1982 5382 2123 5439 nihil
2154 5384 2431 5455 proficies,
2464 5402 2567 5444 nec
2595 5403 2778 5459 opera:
2807 5390 3046 5460 pretium
3086 5390 3255 5462 facies
3277 5432 3291 5460 ,
3318 5407 3424 5449 nec
3450 5391 3568 5456 fru-

357 5589 376 5619 ⁸
416 5594 554 5653 Gen.
587 5615 665 5667 ιν,
690 5600 743 5656 8.
823 5602 843 5636 ⁷
871 5604 1007 5662 ibid.
1033 5606 1086 5664 9.
1161 5610 1182 5642 ⁸
1212 5610 1347 5669 ibid.
1376 5613 1462 5681 10,
1499 5616 1581 5672 Η.
1660 5621 1680 5651 ⁹
1734 5621 1866 5676 ibid.

2070 5625 2112 5657 ¹⁶
2139 5624 2273 5682 ibid.
2306 5627 2390 5685 l5.

376 5833 483 5897 ιε’.
563 5846 589 5878 '
621 5838 680 5904 ι’.
