4030 6212
433 333 531 391 ὅῗί

1468 336 1521 389 S.
1563 338 1837 393 CYBILLI
1876 338 2344 397 ALEXANDRINI
2384 344 2701 398 AliClllEP.

3589 350 3695 413 579

431 463 581 510 ctum
607 454 759 508 iflum
782 454 1103 525 reportahis.
1134 454 1359 524 insuper
1396 474 1411 502 ι
1438 471 1662 525 gemens
1683 467 1738 510 et
1771 464 2012 511 tremens

2126 476 2287 528 ματος
2310 500 2324 523 ,
2362 463 2451 514 τὸν
2478 465 2543 524 Eur
2576 463 2673 531 τῆς
2705 462 2886 532 ἰσχύος
2923 462 3224 532 στηριγμὸν
3252 462 3360 516 τῶν
3392 462 3571 530 μελῶν
3596 463 3699 516 οὐκ

432 547 545 603 eris
566 560 734 614 super
758 554 982 599 terram.
1027 564 1045 595 ι
1083 545 1225 599 Duas
1255 544 1503 613 adjunxit
1525 546 1662 602 alias
1694 562 1886 617 pmnas
1910 547 2013 601 tri--

433 639 557 702 bus,
583 636 804 691 assidua
824 636 1084 707 suspiria,
1109 644 1165 693 et
1192 638 1440 711 corporis
1474 646 1788 705 tremorem,
1816 640 2014 697 amissa

431 729 829 793 membrorum,
856 743 1023 796 quam
1054 742 1123 785 ex
1150 727 1473 783 fortitudine
1506 745 1601 785 seu
1643 730 1841 787 robore
1865 730 2011 786 acci-

432 822 688 892 piebant,
738 819 1097 875 ﬁrmitudine.
1140 820 1278 875 Cum
1314 821 1465 876 enim
1501 824 1750 891 corporis
1801 823 2015 879 viribus

431 914 638 968 abusus
682 920 865 976 esset,
898 916 1105 969 nerVus
1136 913 1203 968 ab
1234 914 1327 968 illo
1360 914 1562 980 cessit,
1598 922 1661 969 ut
1686 926 1928 988 paveret,
1957 925 2015 973 et

431 1004 652 1059 assidua
688 1002 925 1075 quadam
954 1003 1321 1075 trepidatione
1349 1013 1757 1061 concuteretur.
1790 1006 1871 1061 uti
1909 1022 2015 1062 nec

431 1096 615 1152 cibum
648 1102 766 1150 tuto
790 1097 872 1150 ori
900 1096 1217 1161 admovere,
1245 1111 1350 1152 nec
1374 1105 1587 1168 gestare
1616 1098 1872 1168 poculum
1895 1098 2016 1153 sine

434 1196 671 1244 tremore
710 1198 929 1261 posset,
963 1204 1128 1245 manu
1160 1189 1325 1258 impia
1356 1230 1370 1253 ,
1402 1198 1525 1259 post
1553 1189 1781 1261 impium
1809 1201 1859 1246 et
1892 1206 2017 1259 par-

434 1279 661 1334 ricidale
692 1280 917 1343 factum,
944 1296 1105 1336 usum
1127 1280 1449 1335 necessaria:
1469 1280 1717 1351 corporis
1744 1279 2016 1335 tunctioni

433 1371 797 1427 subducente.
832 1372 952 1427 Alia
989 1387 1151 1442 pmna
1182 1380 1285 1436 est,
1317 1388 1482 1442 quam
1520 1372 1765 1441 prodidit
1787 1372 2013 1437 Cainus,
2035 1368 2055 1385 ⁴

433 1479 558 1519 cum
585 1463 721 1516 dixit
748 1481 761 1518 :
802 1482 820 1516 ι
861 1462 917 1517 Si
946 1462 1099 1533 ejicis
1133 1477 1220 1515 me
1251 1462 1414 1517 hodie
1440 1479 1470 1517 a
1502 1463 1638 1519 facie
1683 1472 1864 1525 terrae,
1896 1471 1951 1517 et
1986 1476 2019 1515 a

433 1556 570 1611 facie
603 1565 695 1609 tua
719 1555 1045 1609 abscondar.
1076 1573 1094 1607 ι
1117 1554 1513 1609 Gravissimum
1547 1555 1651 1607 hoc
1684 1554 2014 1624 supplicium

434 1647 821 1718 prudentibus,
859 1646 1079 1717 repulsa
1108 1661 1139 1699 a
1169 1645 1306 1701 facie
1327 1655 1382 1701 et
1404 1652 1705 1715 conspectu
1735 1644 1853 1699 Dei.
1888 1662 1907 1692 ι
1950 1643 2018 1699 Et

435 1738 561 1802 erit,
590 1738 791 1806 inquit,
823 1738 1004 1794 omnis
1027 1737 1123 1807 qui
1166 1752 1251 1793 me
1286 1736 1578 1800 invenerit,
1615 1733 1830 1791 occidet
1854 1748 1961 1788 me.
1992 1750 2009 1782 ι

434 1829 718 1901 ConjeCtat
741 1846 807 1885 ex
836 1828 1113 1905 prioribus
1125 1828 1325 1901 pinnis,
1348 1835 1757 1884 consecuturus.
1787 1824 1842 1879 Si
1865 1824 2019 1895 ejicis

436 1939 523 1981 me
556 1939 585 1978 a
621 1921 762 1977 facie
796 1930 955 1985 terra:
977 1961 991 1987 ,
1021 1920 1067 1977 si
1101 1936 1132 1978 a
1163 1919 1298 1977 facie
1342 1929 1437 1974 tua
1477 1934 1563 1975 me
1598 1916 1852 1988 repellis,
1884 1915 2018 1985 quid

436 2023 689 2091 superest
720 2014 830 2073 nisi
856 2022 915 2073 ut
946 2014 1290 2088 proscriptus
1315 2028 1345 2073 a
1378 2011 1574 2083 quovis
1613 2008 1818 2081 possim
1865 2008 2025 2063 tolli“!

435 2107 578 2176 Quid
592 2122 722 2178 ergo
736 2105 1003 2163 Dominus
1029 2122 1043 2160 :
1076 2124 1093 2156 ι
1123 2104 1244 2161 Non
1264 2104 1338 2159 ita
1366 2120 1379 2155 :
1414 2122 1430 2154 ι
1470 2102 1562 2158 sed
1587 2101 1771 2173 posuit
1803 2100 2020 2171 signum

436 2199 494 2255 in
523 2199 617 2254 illo
657 2215 672 2251 :
712 2196 947 2266 septima
972 2196 1090 2251 haec
1114 2202 1198 2251 est
1224 2209 1405 2265 poena.
1438 2191 1594 2257 Quod
1629 2199 1816 2245 autem
1847 2189 2021 2243 anim-

435 2289 688 2359 adversio
722 2304 835 2344 non
865 2288 1100 2352 occulta,
1128 2285 1223 2341 sed
1261 2293 1451 2354 aperto
1479 2283 1633 2354 signo
1656 2281 2021 2353 prmnuntiata

434 2381 527 2445 sit,
560 2381 710 2437 hunc
742 2396 867 2437 esse
892 2394 1089 2448 nempe
1124 2378 1278 2433 illum
1308 2376 1809 2432 consceleratorum
1845 2373 2019 2428 facto-

436 2489 559 2529 rum
588 2473 974 2538 architectum,
1000 2471 1308 2545 sapientum
1326 2468 1556 2539 judicio,
1590 2482 1877 2539 poenarum
1905 2481 2023 2520 om-

434 2567 586 2623 nium
618 2566 942 2637 gravissima
973 2571 1059 2619 est
1098 2563 1169 2618 ob
1214 2561 1568 2633 ignominiam
1631 2574 1797 2630 quam
1835 2574 1903 2612 ex
1940 2559 2025 2614 ul-

435 2660 570 2714 timo
600 2674 820 2731 quoque
840 2657 1050 2730 judicio
1095 2655 1412 2712 existimare
1446 2667 1763 2725 possumus,
1803 2650 2022 2722 quando

435 2751 493 2807 hi
517 2759 810 2825 resurgent
830 2750 886 2805 in
906 2750 1075 2821 vitam
1096 2757 1357 2804 aeternam
1382 2786 1396 2811 ,
1422 2753 1478 2801 et
1498 2745 1575 2799 illi
1594 2745 1650 2799 in
1668 2743 2024 2815 ignominiam

434 2844 850 2915 sempiternam.
887 2842 1149 2913 Sequitur
1186 2839 1316 2896 huic
1356 2852 1569 2893 annexa
1605 2835 1856 2905 quaistio,
1889 2833 2025 2904 quid

434 2936 527 3000 sit,
550 2934 699 3006 quod
730 2933 1037 3000 Lamechus
1060 2930 1327 2985 uxoribus
1348 2929 1464 2982 suis
1489 2927 1627 2982 dixit
1655 2944 1667 2979 :
1701 2944 1719 2972 ι
1754 2923 2024 2991 Quoniam

434 3025 617 3080 virum
643 3022 917 3085 interfeci,
949 3021 1284 3090 etjuvenem
1318 3019 1374 3073 in
1398 3016 1775 3071 livorem”-".
1812 3034 1830 3066 ι
1861 3013 2024 3069 Aliud

2054 1800 2096 1856 Β

2115 553 2370 622 ἐχόντων.
2442 553 2660 624 Ἐπειδὴ
2698 554 2806 625 γὰρ
2846 554 3031 616 κακῶς
3069 555 3343 625 ἐχρήσατο
3371 556 3436 622 τῇ
3464 552 3700 623 δυνάμει

2114 644 2210 697 τοῦ
2242 644 2513 714 σώματος,
2557 646 2803 716 ὑφῃρέθη
2835 645 3000 701 αὑτοῦ
3031 646 3060 699 ὁ
3096 646 3245 709 τόνος
3266 685 3281 708 ,
3327 644 3469 697 ὥστε
3498 646 3701 697 κλονεῖο

2117 737 2241 793 σθαι
2269 738 2429 792 αὑτὸν
2474 740 2567 791 καὶ
2608 738 3011 801 κατασείεσθαι,
3039 738 3164 792 οὒτε
3206 739 3372 810 ἄρτον
3398 738 3702 807 δυνάμενον

2118 829 2450 901 προσφέρειν
2490 830 2662 892 ἀδεῶς
2697 829 2777 899 τῷ
2810 831 3076 900 στόματι,
3112 828 3234 882 οὔτε
3268 828 3433 883 ποτὸν
3457 846 3701 899 προσκο‹

2119 918 2295 987 μίζειν
2325 919 2423 988 τῆς
2447 920 2689 990 πονηρᾶς
2716 920 2898 990 χειρὸς
2928 918 3065 989 μετά
3094 919 3195 987 τὴν
3216 918 3438 972 ἀνοσίαν
3471 918 3695 988 πρᾶξιν,

2115 1006 2238 1060 οὑτε
2274 1012 2392 1072 ταῖς
2421 1009 2575 1072 ἰδίαις
2603 1009 2701 1062 καὶ
2724 1009 3051 1077 ἀναγκαίαις
3080 1008 3170 1062 τοῦ
3198 1007 3447 1079 σώματος
3482 1008 3699 1078 χρείαις

2116 1100 2300 1154 λοιπὸν
2322 1100 2775 1173 ὲξυπηρετεῖσθαι
2801 1102 3285 1171 συγχωρουμένης.
3320 1100 3491 1169 ⁸’Δλλη
3516 1117 3696 1169 τιμωο

2121 1191 2206 1261 ρία
2228 1231 2242 1255 ,
2283 1191 2350 1261 ἣν
2384 1191 2735 1260 ἀπεκάλυψεν
2769 1194 2797 1246 ὁ
2826 1191 2969 1247 Καῒν
3016 1190 3215 1246 εἰπών’
3260 1211 3279 1242 ι
3317 1192 3379 1244 Εἰ
3412 1191 3699 1253 ἐκϐάλλεις

2120 1300 2188 1352 με
2223 1282 2317 1336 νῦν
2361 1284 2468 1338 ἀπὸ
2506 1285 2606 1353 τῆς
2640 1285 2775 1353 γῆς,
2827 1285 2924 1338 καὶ
2966 1284 3075 1337 ἀπὸ
3119 1284 3214 1336 τοῦ
3258 1283 3551 1352 προσώπου
3600 1300 3701 1337 σου

2118 1376 2483 1447 κρυϐήσομαι.
2527 1397 2545 1427 ι
2595 1378 2657 1431 Ἦ
2686 1377 2964 1449 βαρυτάτη
2998 1377 3217 1438 κόλασις
3246 1379 3358 1437 τοῖς
3387 1374 3702 1444 σωφρονοῦ-

2120 1486 2204 1523 σιν
2243 1470 2271 1521 ὁ
2299 1469 2407 1536 ἀπὸ
2431 1468 2566 1522 Θεοῦ
2600 1470 2897 1542 χωρισμός.
2940 1488 2959 1521 ι
3003 1470 3115 1525 Καὶ
3152 1468 3328 1530 ἔσται.
3362 1468 3549 1535 φησὶν,
3590 1469 3703 1529 πᾶς

2118 1563 2145 1613 ὁ
2174 1560 2443 1630 εὑρίσκων
2478 1577 2544 1630 με
2577 1562 2868 1617 ἀποκτενεῖ
2906 1578 2994 1631 με.
3031 1580 3050 1613 ι
3088 1557 3311 1622 Εἰκάζει
3343 1560 3407 1610 ὲκ
3442 1557 3535 1610 τοῦ
3568 1558 3703 1609 ἀκοο

2118 1651 2311 1704 λοὺθου
2346 1650 2454 1703 τῶν
2488 1651 2855 1721 προαγόντων.
2884 1651 2946 1704 Εἰ
2967 1651 3075 1704 ἀπὸ
3106 1652 3203 1719 τῆς
3232 1650 3333 1718 γῆς
3360 1648 3703 1713 ἐκϐέϐληκας

2125 1762 2213 1815 με,
2257 1746 2303 1798 εἰ
2333 1744 2439 1798 ἀπὸ
2473 1744 2566 1798 τοῦ
2596 1742 2889 1814 προσώπου
2922 1760 3015 1796 σου
3040 1741 3419 1812 κρυϐήσομαι,
3450 1738 3705 1797 λείπεται

2121 1837 2227 1889 ἀπὸ
2276 1836 2475 1895 παντὸς
2520 1834 2882 1905 ἀναιρεῖσθαι.
2925 1833 2990 1887 Τί
3028 1828 3122 1886 οὖν
3164 1833 3195 1884 ὁ
3234 1829 3480 1899 Κὺριοςς
3528 1847 3547 1879 ι
3586 1828 3711 1897 06x.

2120 1928 2311 1990 οὑτως.
2367 1947 2383 1978 ι
2444 1926 2583 1980 Ἀλλ’
2640 1925 2790 1979 ἔθετο
2839 1925 3061 1994 σημεῖον
3105 1921 3196 1976 ἐπ’
3254 1919 3447 1973 αὐτόν·
3496 1917 3704 1987 ἑϐδόμη

2121 2020 2258 2091 αῦτη
2291 2020 2550 2091 τιμωρία.
2582 2018 2655 2072 Τὸ
2685 2018 2741 2073 δὲ
2788 2016 2862 2087 μὴ
2897 2015 3238 2087 κρύπτεσθαι
3272 2014 3371 2083 τὴν
3405 2011 3704 2082 τιμωρίαν,
3752 2028 3759 2037 τ

2120 2110 2255 2164 ἀλλά
2281 2110 2490 2182 σημείῳ
2513 2108 2764 2181 προδήλῳ
2794 2105 3267 2180 προκεκηρὺχθαι,
3289 2104 3368 2158 ὅτι
3387 2098 3538 2167 οὗτός
3555 2102 3711 2154 ἐστιν

2120 2204 2148 2254 ὀ
2179 2202 2287 2255 τῶν
2317 2202 2547 2256 ἀνοσίων
2569 2200 2746 2271 ἔργων
2776 2197 3111 2269 δημιουργὸς
3146 2197 3261 2267 (καὶ
3312 2195 3421 2265 γὰρ
3442 2194 3504 2247 τὸ
3526 2191 3713 2263 ὀρθῶς

2120 2291 2465 2362 λογιζόμενον
2500 2292 2542 2361 ),
2575 2290 2854 2362 βαρυτάτη
2884 2288 3161 2342 κολάσεων
3204 2284 3470 2354 αἰσχύνη,
3501 2283 3566 2353 ἣν
3609 2282 3713 2335 καί

2122 2384 2253 2454 περὶ
2295 2384 2394 2452 τῆς
2429 2382 2661 2454 κρίσεως
2708 2381 3130 2452 μεμαθήκαμεν,
3172 2378 3261 2430 ὅτε
3294 2369 3439 2429 οὑτοι
3471 2375 3710 2442 ἀναστή·

2126 2490 2310 2527 σονται
2340 2475 2418 2535 εἰς
2466 2471 2611 2542 ζωὴν
2642 2471 2883 2535 αἰώνιον,
2917 2470 3009 2523 καὶ
3037 2463 3179 2522 οὗτοι
3211 2468 3289 2530 εἰς
3317 2465 3579 2535 αἰσχύνην
3614 2466 3713 2515 καὶ

2122 2566 2426 2636 ὀνειδισμὸν
2466 2565 2702 2618 αἰώνιον.
2762 2562 3071 2616 ’Λκολουθεῖ
3101 2560 3275 2630 τούτῳ
3318 2559 3537 2628 ζήτημα
3572 2572 3715 2622 συγ-Δ

2124 2660 2279 2726 γενὲς
2310 2659 2369 2713 τὸ
2412 2658 2563 2729 παρὰ
2592 2657 2687 2712 τοῦ
2722 2656 2918 2727 Λάμεχ
2947 2657 3067 2718 ταῖς
3093 2653 3342 2722 γυναιξὶν
3376 2650 3670 2721 εἰρημένον
3694 2665 3707 2677 ·

2132 2768 2149 2800 ι
2192 2750 2312 2801 Ὅτι
2336 2748 2503 2818 ἄνδρα
2527 2746 2844 2809 ἀπέκτεινα,
2862 2745 2959 2799 καὶ
2978 2743 3261 2797 νεανίσκον
3289 2742 3367 2804 εἰς
3390 2739 3653 2810 μώλωπα.
3688 2756 3708 2788 ι

2145 2840 2309 2893 Ἀλλο
2332 2835 2423 2892 οῦν
2451 2837 2694 2909 τραῦμα,
2729 2835 2822 2889 καὶ
2853 2835 2982 2890 ἄλλο
3006 2831 3230 2903 μώλωψ,
3260 2832 3353 2885 καὶ
3394 2828 3522 2883 ἄλλο
3542 2827 3712 2897 ἀνὴρ,

2126 2934 2221 2986 καὶ
2251 2930 2378 2984 ἄλλο
2404 2929 2703 2991 νεανίσκος.
2742 2928 2865 2979 Ὅτι
2892 2928 2940 2979 εἰ
2979 2927 3042 2977 ὲκ
3070 2924 3211 2978 Καῖν
3241 2922 3585 2991 ὲκδεὸίκηται
3610 2918 3714 2973 ἐνπ-

2125 3024 2303 3087 τάικις,
2331 3024 2395 3075 ὲκ
2419 3021 2475 3074 δὲ
2496 3022 2686 3092 Λάμεχ
2701 3018 3161 3089 ἑϐδομηκοντάκις
3184 3016 3322 3071 ἐπτά
3349 3012 3715 3085 τετρακοσίας

433 3131 565 3188 ergo
592 3114 795 3169 vulnus
821 3153 835 3176 ,
866 3120 922 3167 et
949 3111 1100 3167 aliud
1132 3111 1300 3173 livor,
1338 3118 1395 3164 et
1439 3108 1588 3177 aliud
1631 3109 1739 3173 vir,
1784 3116 1840 3163 et
1872 3104 2023 3161 aliud

2129 3115 2224 3173 καὶ
2262 3117 2615 3185 ἐννενήκοντα
2649 3112 2920 3183 τιμωρίας
2946 3110 3223 3179 ὑποσχεῖν.
3258 3109 3320 3163 Εἰ
3361 3107 3435 3176 μὴ
3472 3106 3709 3164 δίκαιος.

436 3206 779 3269 adolescens.
816 3202 974 3270 Quod
1019 3203 1065 3265 si
1098 3202 1169 3258 ob
1209 3200 1441 3257 Cainum
1488 3201 1827 3271 septemplex
1864 3214 2027 3268 pmna

437 3299 663 3355 decreta
711 3305 827 3362 est,
866 3312 935 3353 ex
966 3294 1231 3351 Lamechi
1276 3293 1424 3348 caede
1458 3292 1771 3363 septuagies
1804 3299 2031 3361 septena

439 3389 791 3444 decernetur.
817 3384 873 3440 Si
900 3384 1104 3455 impius
1124 3383 1230 3438 fuit
1249 3382 1478 3444 Cainus,
1500 3380 1545 3436 si
1572 3378 1724 3449 pium
1742 3386 2033 3446 etzequum

436 3479 706 3552 judicium
733 3478 831 3532 Dei
858 3476 926 3532 de
949 3476 1143 3540 Caino,
1175 3482 1236 3529 ut
1261 3471 1693 3543 septemgemina
1712 3486 1875 3540 pmna
1909 3469 2029 3539 ple-

440 3580 708 3635 cteretur,
743 3570 789 3625 is
820 3569 971 3626 enim
1000 3568 1150 3623 nullo
1174 3566 1424 3635 exemplo
1447 3565 1653 3621 caedem
1689 3562 2027 3633 designavit,

442 3667 546 3722 iste
578 3678 714 3720 vero
741 3661 884 3718 vidit
929 3660 1093 3717 etiam
1134 3659 1464 3735 parricidam
1498 3674 1717 3729 pinnam
1754 3658 2022 3715 subiisse.

442 3758 558 3829 Ego
584 3772 718 3813 vero
747 3754 820 3810 ob
853 3753 1045 3815 oculos
1074 3752 1212 3808 mihi
1246 3758 1560 3807 versantem
1594 3751 1786 3807 videre
1815 3766 2034 3821 semper

443 3848 636 3905 vrdeor
672 3852 985 3918 gementem
1022 3849 1079 3902 et
1120 3849 1455 3901 trementem.
1490 3840 1757 3906 Cainum,
1796 3841 2031 3898 immen-

446 3954 674 4011 samque
718 3939 816 3994 Dei
844 3938 984 3995 iram
1010 3944 1066 4013 et
1107 3934 1391 3997 furorem,
1416 3950 1520 3991 nec
1548 3942 1733 3990 tamen
1781 3936 2031 4004 exemplo

448 4045 640 4107 sapere
672 4028 843 4084 didici
869 4046 881 4080 :
929 4025 1076 4082 unde
1103 4025 1305 4095 dignus
1332 4038 1455 4085 sum
1484 4024 1902 4095 quadringentis
1931 4039 2031 4079 no-

448 4124 674 4196 nagtnta
704 4121 899 4193 plagis.
930 4118 1166 4186 Quidam
1215 4126 1397 4173 tamen
1427 4118 1494 4172 ad
1525 4117 1906 4189 hujuscemodi
1941 4134 2033 4175 ra-

451 4217 657 4272 tionem
685 4210 963 4284 progressi
992 4220 1142 4275 sunt,
1174 4225 1298 4280 quae
1324 4209 1544 4279 quidem
1574 4208 1642 4264 ab
1664 4208 2035 4272 ecclesiastica

450 4305 703 4375 doctrina
735 4304 961 4361 minime
998 4311 1084 4360 est
1120 4302 1297 4357 aliena
1336 4318 1349 4356 :
1391 4316 1423 4367 α
1444 4299 1616 4356 Caino
1642 4315 1839 4370 nempe
1860 4315 2033 4371 usque

452 4398 520 4455 ad
560 4396 831 4453 diluvium
877 4405 1089 4465 septem
1136 4392 1518 4465 generationes
1562 4392 1924 4465 praeteriisse;
1977 4400 2035 4447 et

2134 3208 2292 3278 εἴπερ
2314 3206 2500 3260 δικαία
2531 3205 2624 3258 τοῦ
2654 3204 2788 3259 Θεοῦ
2829 3205 2863 3271 ἡ
2902 3203 3084 3275 κρίσις
3127 3203 3220 3257 ἐπὶ
3257 3200 3349 3254 τοῦ
3380 3199 3539 3261 Καῖν,
3567 3198 3715 3249 ὥστε

2134 3298 2274 3351 ἑπτά
2308 3295 2468 3350 αὑτὸν
2505 3294 2768 3364 παρέχειν
2815 3294 2912 3357 τὰς
2945 3293 3228 3357 κολάσεις’
3261 3294 3288 3346 ὁ
3320 3291 3417 3362 μὲν
3459 3289 3569 3358 γὰρ
3608 3289 3716 3341 οὑκ

2134 3386 2336 3459 ἔμαθεν
2375 3384 2504 3455 παρ’
2539 3383 2698 3438 ἄλλου
2727 3383 2788 3436 τὸ
2818 3382 3082 3452 φονεύειν,
3111 3375 3264 3443 οὗτος
3293 3379 3349 3431 δὲ
3374 3374 3510 3431 εἶδεν
3539 3394 3717 3445 τιμω-

2135 3476 2257 3549 ρίαν
2282 3475 2554 3546 ὑπέχοντα
2580 3475 2861 3543 φονευτήν.
2905 3470 3046 3541 Ἐγὼ
3074 3472 3130 3525 δὲ
3158 3473 3217 3523 ἐν
3245 3469 3543 3539 ὀφθαλμοῖς
3572 3466 3716 3535 ἔχων

2132 3568 2221 3621 τὸν
2253 3567 2505 3620 στένοντα
2521 3565 2615 3617 καὶ
2644 3563 2933 3635 τρέμοντα,
2966 3563 3058 3615 καί
3082 3561 3141 3614 τὸ
3161 3560 3389 3632 μέγεθος
3417 3558 3515 3627 τῆς
3537 3556 3717 3626 ὀργῆς

2133 3662 2229 3717 τοῦ
2265 3661 2434 3726 Θεοῦ,
2466 3660 2566 3713 οὑκ
2602 3657 3011 3728 ἐσωφρονίσθην
3055 3656 3131 3726 τῷ
3166 3654 3553 3721 ὑποδείγματι,
3586 3647 3717 3702 ὅθεν

2134 3754 2284 3819 ἄξιός
2328 3756 2443 3822 εἰμι
2477 3750 2834 3823 τετρακοσίας
2877 3748 2972 3802 καὶ
3002 3748 3356 3817 ἐννενήκοντα
3387 3742 3573 3796 δοῦναι
3616 3757 3718 3792 κο-

2134 3848 2337 3909 λάσεις.
2372 3845 2544 3898 Ἔνιοι
2579 3843 2634 3897 δὲ
2663 3842 2797 3913 πρὸς
2834 3839 3079 3893 τοιοῦτον
3114 3838 3382 3909 ὥρμησαν
3414 3835 3573 3900 λόγον
3611 3833 3720 3884 οὑκ

2134 3937 2407 4007 ἀπᾴδοντα
2449 3932 2543 3986 τοῦ
2578 3931 3029 4003 ἐκκλησιαστικοῦ
3055 3930 3344 3999 δόγματος,
3372 3928 3454 3980 ὅτι
3479 3924 3587 3978 ἀπὸ
3617 3924 3723 3987 τοῦ,

2134 4026 2274 4083 Καῒν
2322 4026 2427 4089 ἓως
2488 4023 2582 4077 τοῦ
2632 4020 3019 4092 κατακλυσμοῦ
3072 4020 3213 4074 ἑπτὰ
3268 4014 3718 4089 παρεληλύθασιν

2134 4120 2337 4191 γενεαί.
2372 4119 2482 4173 Καὶ
2512 4117 2714 4179 εὑθέως
2748 4113 3025 4185 ὲπηνέχθη
3050 4115 3117 4183 τῇ
3147 4114 3217 4181 γῇ
3266 4113 3299 4179 ἡ
3327 4108 3594 4180 τιμωρία,
3624 4106 3719 4159 διὰ

2133 4213 2193 4267 τὸ
2216 4211 2416 4281 πολλὴν
2437 4207 2692 4278 γενέσθαι
2718 4206 2876 4276 χύσιν
2908 4205 3005 4274 τῆς
3029 4202 3322 4273 ἁμαρτίας.
3357 4200 3430 4252 Τὸ
3450 4198 3505 4250 δὲ
3536 4198 3719 4266 ἁμάρ-

2133 4321 2284 4376 τημα
2312 4302 2406 4356 τοῦ
2441 4302 2634 4371 Λάμεχ
2661 4300 2719 4353 οὑ
2751 4294 3143 4367 κατακλυσμοῦ
3171 4294 3341 4347 δεῖται
3376 4290 3513 4361 πρὸς
3550 4289 3717 4358 θερα-

2134 4398 2315 4459 πείαν,
2370 4396 2484 4450 ἀλλ’
2518 4394 2683 4448 αὑτοῦ
2716 4392 2811 4446 τοῦ
2864 4389 3110 4462 αἴροντος
3142 4386 3245 4459 τὴν,
3285 4382 3560 4455 ἁμαρτίαν
3614 4377 3719 4437 τοῦ

456 4486 582 4543 inde
607 4485 897 4568 confestim
932 4483 1096 4545 terris
1125 4497 1363 4568 prunam-
1384 4491 1610 4555 propter
1638 4480 1883 4534 omnium
1906 4496 2036 4550 pec-
2070 4476 2113 4533 D
2142 4484 2374 4554 κόσμου.

454 4586 702 4633 eatorum
733 4567 1097 4648 colluvionem
1143 4560 1203 4628 et,
1242 4560 1617 4627 conlusionem
1654 4572 1877 4627 illatam.
1912 4570 2169 4645 Lamechi
2227 4590 2392 4646 porro
2432 4573 2693 4645 delictum
2748 4571 2814 4627 ad
2866 4568 3204 4633 curationem
3242 4564 3570 4636 cataclysmo
3602 4571 3719 4621 non

454 4669 758 4747 indigebat,
779 4668 876 4727 sed
900 4668 994 4747 illo
1025 4668 1145 4740 ipso
1174 4666 1268 4743 qui
1303 4664 1445 4733 tollit
1468 4673 1690 4748 peccata
1719 4662 1909 4718 mundi
1966 4664 2033 4747 ".p

1775 4949 2111 5015 EPISTOLA
2151 4944 2389 5004 LXXXI.

1893 5072 2288 5146 (Fragmenta)

739 5197 821 5261 Ad
851 5198 1131 5251 monachos
1166 5198 1219 5249 in
1251 5194 1402 5249 Phua
1428 5196 1754 5248 constitutos.

457 5288 661 5343 Contra
696 5303 792 5342 eos
824 5290 919 5359 qui
953 5287 1226 5342 atiirmant
1261 5301 1554 5356 corporum
1578 5284 2041 5340 resurrectionem

1100 5375 1212 5413 non
1240 5373 1383 5412 esse.

534 5447 702 5501 Aiunt
742 5446 908 5517 igitur
944 5464 1065 5503 esse
1096 5448 1241 5518 apud
1284 5464 1383 5501 vos
1410 5447 1505 5518 qui
1538 5454 1740 5516 negent
1767 5445 2043 5499 humano-

467 5555 591 5593 rum
636 5554 929 5608 corporum
960 5541 1424 5595 resurrectionem
1459 5580 1473 5603 ,
1514 5555 1636 5609 quae
1670 5553 1797 5610 pars
1832 5535 2048 5591 confes—

542 5676 657 5707 ¹¹·¹’
686 5674 821 5730 Gen.
862 5691 936 5739 ιν,
976 5673 1065 5727 εδ.
1145 5675 1361 5729 "Joan.
1392 5692 1429 5738 l,
1460 5674 1545 5728 29.

2347 5188 2505 5256 Πρὸς
2540 5185 2683 5251 τοὺς
2709 5187 2778 5240 ὲν
2809 5179 2973 5247 Φουᾷ
3010 5174 3320 5247 μοναχούς
3350 5172 3448 5241 (ί).

2141 5283 2296 5338 Κατά
2329 5282 2439 5335 τῶν
2466 5277 2733 5347 λεγόντων
2772 5274 2846 5345 μὴ
2886 5268 3027 5326 εἶναι
3058 5270 3355 5323 ἀνάστασιν
3384 5264 3493 5317 τῶν
3526 5262 3718 5334 σωμάο

2859 5360 2989 5395 των.

2213 5442 2350 5494 Φασί
2386 5438 2565 5493 τοίνυν
2594 5436 2700 5487 τῶν
2734 5436 2791 5485 ὲν
2821 5432 2949 5501 ὑμῖν
2988 5445 3142 5490 τινας
3170 5422 3454 5497 ἀρνεῖσθαι
3483 5420 3592 5474 τῶν
3622 5419 3720 5472 ἀνι.

2146 5533 2433 5604 θρωπίνων
2471 5528 2737 5599 σωμάτων
2765 5527 2863 5592 τὴν
2889 5524 3204 5583 ἀνάστασιν,
3240 5519 3377 5586 ὅπερ
3403 5516 3521 5568 ἐστί
3556 5513 3722 5585 μέρος

544 5788 617 5865 (ἰ)
653 5788 861 5856 Labbe,
894 5786 1090 5842 Concil.
1135 5795 1267 5840 tom.
1304 5788 1370 5850 ν,
1410 5804 1459 5858 p.
1503 5788 1626 5849 658.
1664 5803 1730 5840 ex
1774 5784 2065 5846 Justiniani
2102 5782 2237 5850 imp.
2268 5786 2498 5832 tractatu
2532 5781 2721 5829 contra
2747 5781 2962 5822 errores
2986 5762 3259 5834 Origenis.
