4030 6212
339 366 441 420 575

1671 359 2005 416 EPISTOLA
2045 361 2281 416 LXXXI.

3474 354 3582 409 375

337 477 432 545 τῆς
459 473 746 543 ὁμολογίας
791 473 970 542 ἡμῶν,
998 467 1066 544 ἧς
1101 473 1408 544 ποιούμεθα
1452 475 1772 543 προσιόντες
1829 475 1908 547 τῷ

2025 477 2182 531 sionis
2212 484 2412 531 nostra:
2438 483 2520 530 es‘t
2543 515 2558 540 ,
2592 489 2754 544 quam
2795 473 3026 528 fecimus
3055 471 3291 526 salutare
3320 469 3585 525 adeuntes

341 566 589 636 σωτηρίῳ
618 565 979 636 βαπτίσματι.
997 565 1416 635 Ὀμολογοῦντες
1441 567 1547 638 γὰρ
1565 567 1663 638 τὴν
1695 567 1903 634 πίστιν,

341 655 782 726 προσεπάγομεν,
822 656 905 708 ὅτι
935 655 1265 725 πιστεύομεν
1294 657 1389 708 καὶ
1418 658 1498 718 εἰς
1528 657 1735 728 σαρκὸς
1772 659 1906 713 ἀνά-

344 763 545 798 στασιν.
573 747 635 798 Εἰ
655 745 700 796 δ’
723 744 1052 814 ἀναιροῦμεν
1077 744 1363 811 τοῦτο,καὶ
1390 747 1450 798 οὺ
1482 749 1809 818 πιστεύομεν
1827 751 1909 804 ὅτι

339 836 366 884 ὁ
386 831 623 902 Χριστὸς
640 833 704 883 ἐκ
723 832 932 901 νεκρῶν
953 832 1270 903 ἐγήγερται,
1294 833 1380 886 ἵνα
1408 837 1554 906 ἡμᾶς
1585 837 1762 908 ἑαυτῷ
1786 824 1909 892 σὺν-

336 924 655 993 αναστήσῃ,
692 922 1038 992 χωλεύουσαν
1068 924 1267 994 ἔχομεν
1311 927 1410 996 τὴν
1439 929 1647 996 πίστιν,
1684 931 1779 982 καὶ
1811 931 1910 1001 τὴν

335 1014 622 1084 βασιλικὴν
639 1015 868 1082 ἀφέντες
886 1014 1024 1077 ὁδὸν,
1032 1015 1318 1086 βαδίζομεν
1332 1020 1430 1090 τὴν
1449 1019 1524 1072 διε
1533 1021 1908 1092 στραμμένην.

337 1101 500 1154 Ἐστι
527 1104 584 1155 δὲ
613 1106 646 1173 ἡ
682 1104 905 1173 τοιαύτη
935 1105 1224 1170 κακοδοξία
1254 1109 1351 1178 τῆς
1387 1109 1695 1179 Ὤριγένους
1721 1127 1914 1181 φρενο-

331 1193 597 1258 ϐλαϐείας
621 1215 634 1226 -
668 1196 726 1248 ὃν
764 1196 857 1248 καὶ
884 1197 936 1248 οἱ
966 1197 1205 1267 Πατέρες
1233 1201 1264 1269 ἠ
1275 1199 1392 1268 μῶν
1421 1200 1496 1263 ὡς
1522 1201 1916 1270 διαπρέψαντα

329 1282 433 1350 τὴν
464 1284 730 1354 ἀλήθειαν
756 1288 934 1358 ἁπεκὴ
945 1291 1111 1358 ρυξαν
1138 1293 1234 1346 καὶ
1257 1294 1674 1364 ἀνεθεμάτισαν.
1709 1296 1785 1349 Οὐ
1806 1295 1915 1366 γὰρ

330 1375 644 1444 ἐφρόνησεν
681 1377 756 1442 ὡς
789 1381 1132 1450 Χριστιανὸς,
1169 1384 1303 1439 ἀλλὰ
1331 1388 1449 1451 ταῖς
1480 1387 1752 1459 Ἑλλήνων
1785 1389 1910 1442 ἀκο-

331 1463 611 1532 λουθήσας
636 1466 931 1538 φλυαρίαις
963 1473 1326 1544 πεπλάνηται.
1346 1475 1410 1528 Ἡ
1434 1475 1490 1528 δὲ
1521 1477 1664 1548 ἀρχὴ
1693 1478 1788 1531 τοῦ
1830 1495 1918 1531 νο·-

332 1555 587 1622 σήματος
634 1558 885 1614 ἐντεῦθεν
934 1561 1091 1632 αὐτῷ·
1125 1565 1462 1636 συμϐέϐηκε.
1508 1569 1647 1639 Φησὶ
1688 1569 1798 1640 γὰρ
1835 1570 1917 1624 ὃτι

333 1647 792 1716 πῳῦπάρχουσιν
833 1653 888 1704 at
939 1652 1106 1724 ψυχαὶ
1155 1655 1264 1708 τῶν
1309 1658 1601 1728 σωμάτων,
1663 1660 1760 1713 καὶ
1809 1661 1918 1714 ἀπὸ

290 1773 312 1785 -
332 1738 614 1808 ἁγιασμοῦ
643 1743 1062 1814 παρηνέχθησαν
1092 1748 1172 1810 είς
1195 1749 1490 1820 ἐπιθυμίας
1531 1753 1792 1824 πονηρὰς,
1827 1754 1920 1806 καὶ

2009 568 2302 638 baptisma.
2361 565 2552 620 Fidem
2619 565 2772 620 enim
2824 562 3186 634 proﬁtentes,
3239 561 3588 632 adiungimus

2010 659 2236 735 credere
2266 672 2366 712 nos
2397 667 2452 712 et
2482 655 2664 712 carnis
2689 655 3173 710 resurrectionem.
3203 651 3260 707 Si
3299 651 3406 705 hoc
3439 649 3588 704 tolli-

2010 768 2153 817 mus,
2195 765 2298 804 nec
2327 749 2607 804 credimus
2651 747 2930 802 Christum
2977 742 3342 799 resurrexisse
3371 755 3403 793 a
3438 754 3591 794 mor—

2012 842 2143 906 tuis,
2169 848 2230 894 ut
2267 855 2368 894 nos
2402 839 2507 893 sibi
2538 836 3029 896 conresuscitarct;
3061 831 3461 887 claudicantem
3487 826 3586 881 ha-

2012 936 2208 990 bemus
2248 933 2410 988 ﬁdem
2433 973 2446 996 ,
2485 947 2550 985 ac
2579 945 2610 984 a
2641 930 2730 984 via
2769 928 2919 998 regia
2952 925 3328 986 deﬁectentes,
3359 929 3590 991 pravum

2011 1026 2118 1084 iter
2140 1025 2440 1094 sequimur.
2470 1019 2794 1092 Hujusmodi
2827 1027 3014 1073 autem
3039 1013 3291 1084 improba
3310 1009 3497 1081 opinio
3523 1002 3593 1061 ab

2013 1117 2266 1187 Origenis
2294 1114 2572 1170 dementia
2603 1119 2688 1166 est
2731 1127 2745 1164 ι
2780 1125 2941 1180 quem
2976 1115 3033 1163 et
3071 1108 3264 1163 Patres
3296 1101 3504 1164 nostri,
3532 1107 3595 1152 ut

2014 1208 2133 1264 veri
2161 1208 2576 1277 depravatorem
2597 1242 2612 1267 ,
2643 1201 3040 1256 abdicaverunt
3072 1206 3130 1252 et
3157 1191 3591 1250 anathematiza-

2016 1308 2232 1357 verunt.
2265 1299 2386 1354 Non
2426 1297 2574 1354 enim
2607 1296 2778 1352 sensit
2802 1301 2862 1348 ut
2882 1291 3249 1353 Christianus,
3279 1285 3395 1352 sed,
3427 1296 3593 1354 paga-

2017 1407 2214 1447 norum
2256 1399 2480 1447 secutus
2512 1387 2746 1458 ineptias
2773 1393 2831 1440 et
2857 1399 3050 1454 nugas,
3086 1381 3141 1436 in
3172 1391 3423 1436 errorem
3454 1374 3595 1430 inci-

2019 1486 2120 1541 dit.
2147 1485 2286 1540 liiuc
2307 1493 2492 1539 autem
2520 1481 2571 1537 ei
2593 1479 2822 1548 contigit
2845 1475 3025 1532 morbi
3047 1473 3399 1544 principium.
3431 1470 3596 1523 Asse-

2018 1584 2174 1633 verat
2201 1577 2413 1630 animas
2447 1583 2573 1629 ante
2611 1586 2844 1640 corpora
2871 1583 3024 1632 esse,
3065 1574 3121 1620 et
3157 1581 3187 1618 a
3235 1559 3596 1618 sanctimonia

2019 1671 2284 1726 abductas
2322 1668 2490 1724 fuisse
2519 1667 2577 1720 in
2605 1661 2934 1735 cupiditates
2952 1676 3017 1716 ac
3052 1645 3376 1728 nequitiam,
3417 1652 3596 1708 desci—

2019 1763 2275 1834 visscque
2305 1776 2335 1815 a
2379 1761 2522 1824 Deo,
2558 1775 2589 1812 a
2615 1772 2725 1827 quo
2763 1753 2906 1809 hanc
2942 1751 3013 1806 ob
3060 1762 3284 1804 causam
3326 1746 3598 1800 damnatae

331 1831 664 1903 ἀπέστησαν
686 1835 850 1890 Θεοῦο
881 1840 975 1893 καὶ
1000 1841 1202 1913 ταύτης
1233 1843 1398 1899 ἕνεκα
1426 1847 1528 1916 τῆς
1578 1819 1759 1912 αἰτίας
1789 1867 1922 1903 κατ-

2025 1862 2172 1918 sunt,
2185 1819 2246 1908 et
2266 1849 2485 1922 corpori
2498 1819 2800 1914 obstricta},
2822 1850 3058 1914 suntque
3082 1841 3139 1896 in
3154 1852 3319 1896 carne
3341 1843 3599 1908 tanquam

329 1922 596 1977 εδίκασεν
627 1925 815 1991 αὑτὰς,
862 1933 957 1984 καὶ
1000 1934 1384 2004 ἐσωμάτωσεν,
1439 1927 1532 1991 καὶ
1577 1940 1716 1994 εἰσὶν
1758 1941 1834 2005 ὡς
1868 1943 1925 1995 ὲν

327 2013 703 2086 δεσμωτηρίῳ
727 2019 785 2070 ὲν
815 2021 1006 2091 σαρκί.

414 2104 527 2202 Ταῦ
547 2106 740 2159 αὐτοῦ
761 2108 829 2202 ἐκ
861 2110 972 2202 τῆς
998 2111 1329 2184 ἐπιστολῆς
1367 2115 1478 2186 τῆς
1505 2119 1654 2186 πρὸς
1681 2120 1822 2185 τοὺς
1857 2121 1928 2176 ἐν

329 2196 505 2260 Φουᾷ
527 2199 856 2266 μοναχούς.
890 2201 954 2254 Ἣ
985 2202 1042 2255 δὲ
1074 2205 1390 2276 Ἐκκλησία,
1407 2211 1528 2272 ταῖς
1553 2209 1926 2277 θεοπνεύστοις

333 2285 585 2356 ἑπομένη
628 2289 894 2358 Γραφαῖς,
922 2295 1021 2346 οὐκ
1053 2289 1160 2348 οἵδε
1199 2296 1308 2349 τῶν
1338 2300 1608 2369 σωμάτων
1642 2304 1926 2374 προϋπάρ-

339 2390 548 2442 χουσαν
585 2375 688 2446 τὴν
729 2377 932 2450 ψυχὴν,
984 2383 1099 2435 ἀλλ’
1127 2385 1248 2438 οὐδὲ
1283 2391 1792 2461 προαμαρτήσασαν
1823 2394 1928 2465 πρὸ

336 2465 548 2519 αὐτῶν.
577 2468 706 2532 Πῶς
738 2471 848 2541 γὰρ
879 2473 912 2542 η
943 2473 1019 2544 μὴ
1053 2476 1344 2545 ὑφεστῶσα
1369 2481 1463 2533 καὶ
1503 2483 1769 2554 ἁμαρτεῖν
1799 2485 1928 2554 ἡδύ-

335 2570 508 2619 νατο;
549 2557 737 2627 Φαμὲν
775 2559 832 2613 δὲ
880 2570 904 2596 ³
946 2564 1028 2616 ὅτι
1079 2563 1282 2618 ἔπλασε
1317 2567 1417 2636 μὲν
1455 2569 1484 2620 ὁ
1519 2565 1626 2622 τῶν
1670 2571 1808 2624 ὅλων
1833 2571 1928 2641 δη-

341 2648 610 2716 μιουργὸς
641 2649 704 2702 τὸ
740 2652 900 2722 σῶμα
959 2656 1022 2707 ἐκ
1067 2656 1200 2726 γῆς,
1239 2656 1488 2727 ὲψύχωσε
1530 2659 1586 2713 δὲ
1614 2661 1748 2714 αὐτὸ
1778 2662 1924 2734 ψυχῇ

341 2741 527 2809 νοερᾷ.
565 2742 682 2794 Καὶ
718 2741 857 2815 αὕτη
891 2745 1039 2800 ἐστὶν
1066 2747 1099 2818 ἡ
1128 2746 1223 2800 τοῦ
1261 2749 1551 2820 ἀνθρώπου
1587 2756 1923 2825 κατασκευή.

345 2831 456 2881 Καὶ
477 2834 609 2898 μεθ’
637 2833 830 2902 ἕτεραο
865 2836 989 2890 Ὀτι
1016 2837 1117 2891 οὐκ
1148 2837 1212 2892 ὲκ
1240 2842 1702 2913 προγενεστέρων,
1725 2842 1801 2907 ὥς
1826 2861 1928 2911 φα-

345 2937 454 2983 σιν,
492 2923 916 2995 ἁμαρτημάτων
961 2930 1415 2985 καταδεδίκασται
1444 2934 1476 3002 ἡ
1506 2932 1600 2985 τοῦ
1635 2933 1925 3004 ἀνθρώπου

345 3013 515 3082 ψυχὴ,
551 3016 648 3067 καὶ
684 3018 763 3079 είς
803 3019 993 3071 τοῦτον
1034 3022 1396 3091 κατεπέμφθη
1427 3022 1520 3074 τὸν
1567 3023 1791 3095 κόσμον,
1832 3042 1926 3078 πι-

351 3102 621 3156 στώσεται
656 3105 883 3176 γράφων
923 3109 1016 3160 καὶ
1059 3111 1088 3162 ὁ
1117 3110 1391 3180 πάνσοφος
1434 3111 1646 3176 Παῦλος
1672 3131 1684 3143 ο
1725 3131 1744 3164 α
1788 3113 1928 3175 Τοὺς

351 3193 460 3262 γὰρ
492 3194 702 3257 πάντας
731 3197 892 3265 ίήμᾶς
932 3198 1012 3250 δεῖ
1056 3201 1434 3271 φανερωθῆναι
1485 3202 1794 3272 ἔμπροσθεν
1834 3203 1929 3256 τοῦ

353 3285 599 3352 βήματος
625 3284 719 3337 τοῦ
747 3287 1007 3357 Χριστοῦ,
1036 3290 1124 3342 ἴνα
1152 3292 1449 3362 κομίσηται
1481 3292 1708 3357 ἕκαστος
1736 3293 1807 3347 τὰ
1844 3293 1933 3347 διὰ

353 3372 451 3426 τοῦ
479 3374 748 3443 σώματος,
785 3377 922 3447 πρὸς
949 3378 982 3431 ἃ
1007 3379 1262 3451 ἔπραξεν,
1287 3381 1396 3434 εἴτε
1421 3366 1644 3451 ἀγαθὸν,
1665 3385 1775 3437 εἴτε
1797 3384 1934 3455 φαῢν

352 3465 460 3517 λον.
503 3482 522 3516 ι
553 3465 656 3518 Διὰ
676 3467 732 3519 τί
766 3468 876 3539 γὰρ
908 3470 1044 3538 μόνα
1069 3470 1137 3524 τὰ
1162 3471 1252 3525 διὰ
1279 3472 1373 3525 τοῦ
1407 3472 1659 3544 σώματος
1687 3492 1934 3548 φανερω-

355 3557 616 3627 θήσεσθαι
654 3577 787 3630 φησι
811 3602 827 3626 ,
864 3563 960 3616 καὶ
986 3564 1106 3636 οὐχὶ
1149 3563 1214 3636 δὴ
1245 3565 1449 3636 μᾶλλον
1475 3568 1569 3621 καὶ
1595 3569 1662 3623 τὰ
1697 3570 1803 3640 πρὸ
1836 3569 1932 3624 τοῦ

356 3645 628 3715 σώματος,
659 3649 818 3718 εἴπερ
852 3651 968 3722 ᾔδει
993 3652 1265 3724 προοῦσαν
1297 3654 1390 3708 καὶ
1421 3661 1929 3730 προαμαρτήσασιν

352 3739 445 3809 τὴν
465 3740 656 3811 ψυχήν
681 3759 696 3807 ;
723 3743 786 3795 Et
827 3743 883 3796 δὲ
914 3745 1007 3797 ἐπὶ
1038 3746 1221 3816 μόνοις
1259 3748 1558 3819 κρινόμεθα
1586 3751 1698 3812 τοῖς
1717 3748 1806 3802 διὰ
1837 3750 1933 3803 τοῦ

357 3831 642 3902 σώματος,
691 3835 792 3888 οὐκ
831 3836 1027 3908 ἔχομεν
1071 3838 1312 3908 δηλονότι
1357 3841 1793 3914 προγενεστέραν
1838 3841 1935 3895 τοῦ

360 3922 610 3993 σώματος
657 3926 964 3996 ἁμαρτίαν.’
999 3930 1060 3983 οὐ
1107 3931 1212 4001 γὰρ
1244 3932 1551 4004 ὑφέστηκεν
1595 3934 1732 3998 ὃλως
1765 3937 1797 4006 ἡ
1838 3935 1935 3989 τοῦ

357 4014 646 4085 ἀνθρώπου
667 4017 814 4089 ψυχὴ
854 4019 955 4089 πρὸ
972 4021 1160 4076 αὑτοῦ.
1185 4024 1528 4096 Πληροφορεῖ
1545 4025 1603 4078 δὲ
1621 4025 1758 4098 πρὸς
1777 4025 1938 4081 τοῦτο

357 4103 500 4174 ἡμᾶς
526 4107 680 4176 καὶὴ
709 4106 803 4160 τοῦ
837 4111 1061 4179 νομικοῦ
1085 4113 1413 4184 γράμματος
1445 4113 1692 4186 δύναμις.
1721 4118 1782 4170 Et
1805 4116 1934 4188 γὰρ,

359 4193 428 4258 ὥς
463 4214 634 4266 φησιν
664 4198 692 4249 δ
720 4199 1139 4272 πεπλανημένος
1175 4204 1482 4278 Ὦριγένης,
1514 4208 1580 4260 ἐκ
1606 4207 1714 4262 τῶν
1739 4225 1938 4280 προγε-

363 4289 626 4359 νεστέρων
667 4291 1086 4364 ἁμαρτημάτων
1115 4294 1260 4366 λόγῳ
1288 4297 1564 4361 κολάσεως
1608 4299 1726 4370 ἦτοι
1764 4318 1936 4370 τιμω-

370 4377 480 4448 ρίας
525 4380 754 4445 ἐδέξατο
803 4381 866 4435 τὸ
913 4382 1074 4454 σῶμα
1108 4386 1142 4456 ἡ
1189 4385 1377 4458 ψυχὴ,
1437 4387 1524 4441 διὰ
1570 4389 1731 4443 ποίαν
1757 4390 1939 4443 αἰτίαν

2025 1945 2082 2000 in
2109 1957 2349 2000 carcere.

2097 2118 2354 2189 Ejusdem
2401 2132 2464 2170 ea:
2497 2113 2718 2186 epistola
2764 2113 2962 2182 scripta
3002 2109 3071 2163 ad
3102 2123 3186 2161 eos
3223 2105 3314 2177 qui
3351 2105 3408 2158 in
3451 2101 3602 2155 Phua

2027 2216 2210 2274 eram,
2256 2206 2557 2261 monachos.
2631 2202 2876 2258 Ecclesia
2899 2214 3056 2264 vero,
3092 2192 3397 2266 Scripturis
3437 2192 3603 2246 obse-

2025 2315 2202 2371 quens
2227 2314 2257 2354 a
2282 2299 2396 2354 Deo
2427 2295 2729 2366 inspiratis,
2761 2307 2864 2350 nec
2887 2291 3125 2347 animam
3151 2285 3307 2342 novit
3329 2293 3456 2338 ante
3485 2289 3609 2337 cor"-

2025 2407 2160 2462 pora
2192 2391 2391 2456 fuisse,
2430 2404 2534 2445 nec
2571 2397 2698 2443 ante
2729 2400 2794 2440 ea
2820 2396 3098 2455 peccasse.
3130 2375 3420 2445 Quomodo
3454 2373 3605 2428 enim

2026 2499 2149 2554 quse
2179 2497 2290 2538 non
2324 2481 2693 2544 subsistebat,
2724 2490 2952 2548 peccare
2980 2471 3203 2544 potuit?
3238 2469 3308 2524 At
3329 2483 3432 2522 nos
3463 2465 3610 2521 afﬁr-

2027 2587 2242 2626 mamns
2267 2613 2282 2638 ,
2317 2569 2693 2626 universitatis
2733 2565 2987 2637 opiﬁcem
3016 2574 3219 2632 corpus
3238 2575 3270 2614 c
3321 2568 3473 2614 terra
3498 2555 3608 2608 ﬁne

2027 2661 2192 2725 xisse,
2219 2661 2384 2730 idque
2408 2650 2678 2714 animasse
2703 2655 3043 2726 intelligente
3067 2649 3269 2706 anima.
3294 2649 3364 2704 Et
3387 2647 3506 2701 haec
3526 2651 3612 2699 est

2027 2753 2268 2808 hominis
2293 2758 2592 2807 structura.
2630 2750 2701 2804 Et
2737 2756 2853 2820 post
2879 2746 2992 2802 alia
3030 2763 3050 2800 :
3084 2743 3338 2799 Animam
3370 2737 3612 2795 hominis

2027 2858 2131 2899 nec
2147 2844 2219 2898 ob
2243 2843 2540 2914 praeterita,
2567 2850 2627 2896 ut
2652 2839 2828 2905 aiunt,
2849 2836 3053 2908 ﬂagitia
3076 2843 3242 2904 atque
3261 2831 3471 2887 scelera
3491 2842 3613 2884 esse

2028 2937 2362 3000 damnatam,
2390 2949 2493 2990 nec
2515 2934 2573 2989 in
2597 2934 2744 2988 hunc
2760 2929 3055 2986 demissam
3077 2925 3366 2990 mundum,
3397 2921 3615 2992 sapien-.-

2030 3029 2276 3084 tissimus
2299 3027 2501 3082 Paulus
2528 3025 2690 3081 ﬁdem
2729 3022 2900 3088 facit,
2931 3023 3006 3076 ita
3034 3019 3320 3076 scribens:
3359 3035 3378 3068 ι
3411 3015 3616 3072 Omnes

2031 3119 2179 3175 enim
2219 3133 2322 3173 nos
2349 3116 2688 3172 manifestari
2718 3120 2940 3187 oportet
2968 3121 3096 3167 ante
3124 3108 3365 3165 tribunal
3385 3106 3614 3174 Christi,

2033 3218 2095 3266 ut
2124 3209 2323 3265 referat
2351 3209 2728 3278 unusquisque
2758 3206 2980 3278 propria
3003 3202 3270 3273 corporis,
3300 3207 3467 3271 prout
3490 3214 3614 3270 ges-

2033 3303 2125 3367 sit,
2169 3303 2281 3357 sive
2308 3301 2536 3365 bonum,
2566 3301 2683 3357 sive
2709 3300 2915 3354 malum
2943 3297 3007 3350 “.
3047 3313 3065 3349 ι
3093 3294 3206 3351 Cur
3230 3308 3362 3365 ergo
3390 3299 3619 3363 propter

2032 3393 2145 3448 sola
2163 3393 2382 3463 propria
2404 3392 2650 3462 corporis
2661 3389 3000 3445 manifestari
3013 3402 3113 3443 nos
3127 3393 3383 3456 oportere
3399 3384 3495 3448 ait,
3517 3396 3619 3446 nec

2032 3485 2218 3555 potius
2241 3493 2468 3555 propter
2483 3499 2550 3538 ea
2573 3482 2741 3538 etiam
2763 3496 2884 3552 qua:
2902 3492 3028 3534 ante
3051 3492 3275 3548 corpus,
3301 3474 3347 3529 si
3377 3472 3618 3527 animam

2034 3585 2158 3631 ante
2184 3576 2351 3631 fuisse
2379 3583 2571 3637 norat,
2611 3582 2667 3628 et
2713 3581 2838 3626 ante
2863 3569 3163 3642 peccasse?
3203 3567 3261 3622 Si
3283 3579 3417 3620 vero
3441 3563 3512 3618 ob
3550 3579 3616 3618 ea

2035 3666 2149 3720 sola
2159 3681 2280 3735 quae
2297 3665 2353 3718 in
2367 3679 2599 3733 corpore
2623 3661 2892 3734 gessimus
2913 3659 3240 3715 adducimur
3254 3657 3308 3711 in
3319 3655 3615 3727 judicium,

2033 3772 2146 3812 non
2177 3756 2367 3824 utique
2408 3754 2677 3808 habemus
2709 3751 2991 3825 antiquius
3028 3763 3258 3820 corpore
3285 3754 3572 3818 peccatum
3600 3763 3614 3800 :

2035 3865 2162 3904 nam
2193 3849 2419 3904 omnino
2455 3855 2582 3902 ante
2617 3846 2672 3900 id
2712 3860 2823 3900 non
2868 3842 3118 3900 constitit
3148 3840 3391 3896 hominis
3413 3838 3614 3894 anima.

2036 3941 2151 3996 Hoc
2188 3955 2351 4012 porro
2394 3939 2617 4010 planum
2663 3936 2800 3992 facit
2843 3942 2900 3991 et
2942 3933 3133 4005 legalis
3173 3932 3374 3987 littera:
3417 3931 3523 3986 vis.
3561 3929 3618 3985 Si

2035 4035 2205 4100 enim,
2245 4043 2308 4090 ut
2344 4033 2480 4088 dicit
2514 4027 2866 4087 errabundus
2903 4025 3190 4096 Origenes,
3223 4023 3295 4079 ob
3335 4022 3620 4093 superiora

2037 4129 2326 4185 commissa
2359 4129 2414 4182 in
2447 4124 2703 4195 supplicii
2727 4138 2791 4178 ac
2830 4137 3009 4192 poena:
3044 4119 3168 4174 loco
3211 4116 3392 4171 anima
3417 4129 3620 4183 corpus

2037 4222 2270 4292 accepit,
2303 4235 2468 4290 quam
2509 4217 2581 4273 ob
2622 4231 2740 4272 rem
2780 4211 3065 4285 ﬂagitiosis
3085 4225 3149 4264 ac
3171 4206 3454 4264 sceleratis
3474 4219 3619 4258 mor-

2039 4324 2148 4370 tem
2181 4312 2512 4371 comminata
2549 4309 2668 4364 est?
2707 4305 2876 4376 Magis
2908 4303 3056 4358 enim
3091 4304 3412 4371 oportuerat
3444 4295 3619 4351 bonos

2041 4421 2104 4461 ac
2124 4407 2303 4476 justos
2325 4405 2474 4458 viros
2495 4411 2730 4457 mortem
2751 4406 3042 4470 oppetere,
3066 4405 3128 4449 ut
3144 4390 3380 4447 vinculis
3409 4395 3465 4444 et
3486 4401 3618 4456 sup-

367 4467 622 4570 ἠπείλησε
660 4471 904 4570 ’θάνατον
963 4476 1076 4537 τοῖς
1124 4475 1564 4546 ἀμαρτάνουσιν;
1622 4480 1769 4534 Ἔδει
1825 4482 1925 4552 γὰρ

2041 4499 2206 4570 plicio
2229 4498 2602 4553 liberarentur
2642 4512 2657 4548 :
2698 4494 2884 4548 vivere
2911 4497 3104 4545 contra
3142 4485 3406 4541 scelestos
3436 4497 3500 4537 ac
3521 4496 3620 4535 ne~

373 4560 560 4627 μᾶλλον
591 4563 720 4626 τοὺς
757 4563 1001 4628 δικαίους
1029 4567 1417 4640 ἀποθνήσκειν,
1445 4569 1530 4624 ἵνα
1563 4571 1947 4628 ἀπαλλάττων-

373 4666 450 4702 ται
470 4652 574 4704 τῶν
603 4652 817 4724 δεσμῶν
842 4655 935 4707 καὶ
964 4655 1064 4726 τῆς
1093 4659 1381 4730 τιμωρίας,
1409 4659 1506 4732 ζῇν
1526 4662 1581 4715 δὲ
1605 4665 1730 4726 τοὺς
1755 4664 1942 4736 ἀλιτη-

378 4740 537 4844 ρίους,
584 4743 673 4797 ἶνα
720 4743 1057 4809 κολάζωνται
1099 4749 1172 4820 μὴ
1204 4750 1668 4824 ἀπαλλαττόμενοι
1702 4755 1810 4810 τῶν
1853 4756 1939 4816 δε·

383 4848 536 4901 cursv.

445 4995 482 5023 “
508 4994 549 5048 ll
583 4993 710 5049 Cor.
747 5010 801 5060 ν,
838 4994 924 5049 10.

443 5158 463 5185 κ
485 5151 565 5204 Ic.
583 5150 673 5222 δή.

2048 4590 2247 4652 farios,
2284 4595 2345 4643 ut
2379 4602 2542 4658 pcena
2576 4583 2926 4640 aﬁicerentur
2950 4620 2965 4647 ,
2989 4592 3093 4635 nec
3122 4574 3233 4633 ulla
3271 4571 3620 4629 vinculorum

2046 4687 2191 4736 esset
2214 4677 2487 4736 liheratio.
