4062 6202
566 304 703 359 i187

1792 293 1848 350 S.
1888 250 2159 349 CYRILLI
2203 290 2288 345 ET
2330 288 2637 345 ALIORUM

3719 286 3853 341 MSS

568 420 733 475 hamo
765 424 821 471 et
857 415 927 469 iis
954 414 1226 483 quierant
1254 411 1346 465 illo
1369 418 1614 479 tempore
1642 426 1654 461 :
1685 408 1948 463 missione
1970 418 2154 463 autem

2275 403 2438 471 τέλιον
2482 402 2709 473 ὕστερον
2755 397 2849 452 τοῦ
2912 399 3078 469 νόμου
3136 396 3363 452 δέδοται.
3438 398 3752 469 ’Υπερέχει
3804 401 3855 454 δὲ

568 518 627 564 et
666 506 972 562 ministerio
992 511 1076 557 est
1101 502 1394 571 posterior,
1433 499 1877 570 quandoquidem
1912 488 2191 570 Evangea

568 600 706 655 lium
733 598 920 650 datum
948 594 1053 647 fuit
1098 602 1223 662 post
1243 593 1439 662 legem.
1469 592 1735 647 Ternario
1762 600 1946 646 autem
1981 608 2153 646 anno-

564 695 694 743 ‘rum
730 694 956 755 superat
992 684 1193 738 Aaron.
1226 684 1363 738 Nam
1403 682 1658 737 Christus
1683 698 1903 752 quoque
1933 691 2157 751 superat

569 780 861 835 divinitate
900 777 1160 831 ternaria.
1192 777 1259 829 Et
1296 775 1503 844 alioqui
1534 774 1793 829 Christus
1814 774 2037 844 quidem
2070 781 2157 827 est

569 869 860 933 vetustior,
889 868 933 922 si
958 874 1235 936 spectetur
1259 866 1537 921 divinitas.
1572 866 1853 921 Posterior
1882 874 2084 930 autem,
2108 864 2155 919 si

574 961 888 1017 humanitas
916 958 1339 1032 etdispensatio.

643 1048 807 1117 Virga
842 1061 966 1117 quae
995 1046 1197 1100 cecidit
1225 1060 1293 1099 ex
1322 1060 1484 1098 manu
1517 1044 1699 1107 Mosis,
1727 1052 1783 1098 et
1820 1050 2027 1097 mutata
2052 1042 2157 1098 fuit

574 1140 633 1194 in
654 1148 989 1208 serpentem,
1018 1147 1074 1192 et
1104 1152 1298 1191 rursus
1326 1138 1383 1191 in
1402 1152 1623 1190 manum
1652 1138 1772 1206 ejus
1805 1151 1902 1205 per
1926 1135 2154 1189 caudam

574 1240 821 1300 accepta,
862 1240 919 1285 et
958 1231 1013 1283 in
1045 1229 1256 1299 virgam
1282 1229 1615 1294 restituta“,
1641 1227 1984 1299 signiﬁcabat
2009 1227 2157 1296 quod

575 1323 968 1393 protoplastus,
988 1335 1111 1374 cum
1129 1320 1184 1372 in
1203 1335 1367 1373 manu
1397 1320 1491 1373 Dei
1510 1327 1655 1373 esset
1672 1320 1725 1372 in
1744 1320 2036 1389 principio,
2065 1319 2161 1374 de-

576 1414 713 1468 cidit
739 1413 807 1467 ad
839 1427 928 1466 res
954 1421 1201 1465 terrenas
1223 1410 1539 1465 mandatum
1557 1420 1952 1480 transgressus,
1985 1420 2043 1465 et
2063 1425 2161 1480 per

576 1506 771 1558 vitium
800 1501 1022 1572 irrepsit
1044 1502 1111 1555 ad
1149 1501 1487 1555 mortiferam
1532 1504 1805 1572 serpentis
1835 1503 2157 1573 improbita-

579 1605 709 1651 tem.
737 1594 930 1663 Opifex
956 1602 1140 1647 autem
1165 1607 1293 1645 eum
1316 1608 1510 1647 rursus
1536 1594 1903 1664 apprehendit
1928 1610 2025 1663 per
2050 1594 2159 1647 hu-

579 1686 902 1740 manitatem
955 1694 1121 1753 atque
1167 1685 1225 1738 in
1266 1686 1502 1754 primam
1545 1685 1793 1740 restituit
1842 1684 2154 1754 imaginem,

2258 497 2450 567 Τριάδι
2471 495 2609 548 ἐτῶν
2638 497 2667 548 6
2705 491 2938 564 Ἀαρὼν,
2972 492 3096 544 ἐπεὶ
3130 492 3225 545 καλ⁸
3253 493 3282 545 6
3310 491 3544 561 Χριστὸς
3573 494 3732 545 κατὰ
3764 493 3857 554 τὴν

2258 590 2506 659 θεότητα.
2538 587 2648 640 Καὶ
2673 584 2872 656 ἑτέρως
2900 582 2958 637 δὲ
2992 581 3367 654 πρεσσύτερος
3396 583 3495 652 μὲν
3524 585 3554 636 6
3583 585 3856 654 Χριστος,

2258 680 2400 734 κατὰ
2435 680 2534 751 τὴν
2574 662 2825 748 θεότηταο
2877 674 3396 746 ύστερογενέστερος
3445 675 3503 729 δὲ
3551 676 3707 731 κατὰ
3759 692 3859 746 την

2254 771 2652 842 ἀνθρωπότητα
2686 767 2780 821 καὶ
2809 766 3146 822 οίκονοαίαν.

2340 1042 2717 1098 Ἀποπεσοῦσα
2745 1041 2845 1111 τῆς
2872 1040 3057 1111 χειρὸς
3104 1040 3199 1094 τοῦ
3239 1040 3485 1105 Μωσέως
3516 1043 3548 1112 ὴ
3602 1032 3815 1111 ρἀὃος
3844 1081 3863 1109 υ

2258 1136 2352 1188 καὶ
2379 1137 2458 1199 είς
2491 1136 2615 1204 ὅφιν
2658 1131 3266 1203 μετασχηματισθεῖσα,
3298 1134 3394 1186 καὶ
3424 1134 3588 1187 πάλιν
3616 1139 3677 1191 ἐν
3701 1138 3865 1207 χειρὶ

2258 1227 2422 1298 αὑτοῦ
2450 1228 2718 1298 ληφθεῖσα
2742 1227 2838 1296 τῆς
2861 1227 3085 1297 κέρκου,
3113 1225 3207 1279 καὶ
3234 1228 3312 1288 είς
3341 1226 3536 1297 ῥάϐδον
3561 1227 3863 1279 ἀποκατας-

2261 1294 2455 1382 στῶα,
2489 1294 2895 1389 ἐσήμανεν,ήὼς
2984 1294 3408 1387 πρωτόπλαστος
3435 1319 3493 1370 ἐν
3530 1320 3675 1387 χειρὶ
3707 1319 3859 1373 Θεοῦ

2261 1413 2397 1468 κατ’
2416 1413 2587 1483 ἀρχὰς
2618 1410 2692 1463 ὣν
2716 1410 2992 1464 ἀπέπεσεν
3022 1410 3101 1471 είς
3132 1408 3202 1462 τὰ
3229 1411 3413 1479 γήϊνα,
3443 1411 3703 1480 παραϐὰς
3749 1413 3860 1481 τὴν

2260 1503 2502 1573 ἐντολὴν,
2538 1502 2635 1555 καὶ
2654 1500 2743 1554 διὰ
2768 1501 2871 1570 τῆς
2896 1500 3113 1562 κακίας,
3151 1501 3231 1562 εἰς
3271 1499 3649 1570 θανατηφόρον
3676 1519 3861 1571 πονηο

2263 1593 2386 1664 ρίαν
2426 1592 2605 1660 ὄφεως
2652 1591 2901 1661 εῐρπυσε.
2940 1588 3109 1642 Πάλιν
3159 1588 3215 1639 δὲ
3261 1588 3289 1640 6
3334 1586 3665 1659 δημιουργὸς
3713 1588 3859 1642 Θεὸς

2262 1682 2654 1753 ἐπιλαϐόμενος
2687 1679 2855 1734 αὑτοῦ
2883 1679 2972 1733 διὰ
3002 1680 3099 1749 τῆς
3126 1678 3590 1748 ἐνανθρωπήσεως
3622 1680 3705 1740 εἰς
3751 1680 3859 1746 τὴν

579 1776 923 1847 pristinoque
959 1775 1160 1829 decore
1199 1775 1379 1829 induit
1411 1791 1508 1845 per
1530 1776 1971 1830 observationem
1999 1791 2157 1830 man-

2275 1774 2486 1845 πτρώτην
2508 1771 2949 1840 ἁπεκατέστησεν
2976 1771 3183 1836 εἰκόνα,
3204 1770 3379 1823 καὶτὸ
3395 1770 3620 1840 ἀρχαῖον
3650 1769 3857 1831 κάλλος

581 1868 856 1923 datorum.
890 1866 1075 1920 Cauda
1096 1875 1280 1921 autem
1312 1881 1437 1920 cum
1466 1866 1537 1921 sit
1558 1882 1684 1936 pars
1702 1876 1966 1931 extrema,
1995 1867 2163 1937 signi-

581 1959 779 2014 ﬁcabat
810 1958 1207 2013 humanitatem
1255 1948 1572 2029 susceptain
1606 1959 1663 2013 in
1694 1959 1904 2014 ultimis
1945 1959 2159 2014 diebus.

651 2132 712 2186 In
745 2132 928 2186 sinum
953 2133 1121 2187 Mosis
1149 2132 1395 2188 immissa
1410 2149 1608 2188 manus
1630 2135 1771 2204 ejus',
1798 2143 1854 2188 et
1875 2133 2006 2188 dum
2030 2133 2164 2188 edu-

582 2230 807 2278 ceretur
821 2224 1018 2278 effecta
1061 2225 1299 2294 Ieprosa,
1322 2233 1378 2280 et
1404 2240 1601 2279 rursus
1626 2225 1868 2279 immissa
1888 2232 1945 2278 et
1966 2224 2165 2279 educta

583 2312 820 2377 munda,
860 2312 1205 2383 signiﬁcabat
1255 2315 1404 2383 quod
1453 2314 1548 2383 qui
1602 2314 1669 2367 ad
1715 2314 1811 2369 Dei
1870 2315 2166 2384 imaginem

582 2403 760 2457 factus
788 2411 873 2457 est
894 2403 1079 2469 homo,
1106 2403 1355 2473 quandiu
1398 2403 1621 2473 quidem
1652 2403 1757 2458 fuit
1788 2404 1845 2457 in
1873 2404 1971 2457 Dei
2006 2412 2163 2473 tegu-

582 2502 791 2560 mento,
820 2502 1078 2564 tanquam
1115 2496 1169 2548 in
1204 2495 1349 2559 sinu,
1385 2503 1504 2549 erat
1552 2495 1792 2549 mundus
1823 2504 1882 2549 et
1910 2494 2168 2563 pulcher-

583 2585 780 2639 rimus.
817 2585 957 2639 Dum
997 2592 1183 2640 autem
1219 2602 1318 2655 per
1341 2585 1629 2639 libidinem
1652 2595 1709 2639 et
1736 2584 2167 2639 inobedientiam

582 2691 653 2731 ex
666 2692 734 2731 eo
757 2676 1109 2742 educeretur,
1139 2677 1321 2732 factus
1341 2687 1427 2732 est
1464 2678 1717 2746 leprosus
1744 2675 2091 2730 deformitate
2112 2682 2170 2728 et

583 2766 994 2822 abominatione
1034 2768 1265 2837 peccati.
1313 2769 1526 2823 Rursus
1559 2775 1743 2821 autem
1782 2781 2039 2821 reversus
2066 2765 2170 2819 sub

585 2857 683 2913 Dei
718 2866 1093 2928 tegumentum
1142 2874 1241 2928 per
1269 2858 1666 2912 continentiam
1702 2865 1759 2911 et
1797 2854 2169 2911 obedientiam

586 2956 644 3001 et
678 2948 735 3000 in
770 2948 946 3001 lilium
994 2948 1383 3016 adoptionem,
1424 2948 1715 3001 restitutus
1761 2946 1867 2999 fuit
1923 2944 2170 3014 pristina:

587 3039 1012 3108 pulchritudini,
1040 3047 1096 3093 et
1123 3040 1381 3107 apparuit
1408 3038 1649 3093 mundus
1684 3048 1740 3093 et
1768 3037 1998 3092 nitidus.

659 3130 947 3183 Desertum
971 3136 1155 3181 autem
1201 3144 1269 3180 cx
1307 3142 1417 3196 quo
1455 3128 1695 3181 mittitur
1723 3128 1897 3182 Moses
1922 3128 1977 3180 in
2005 3127 2171 3198 .Egy-
2197 3144 2241 3202 ο

588 3229 765 3292 ptum,
800 3228 885 3274 est
907 3219 997 3273 hic
1025 3218 1286 3284 mundus,
1319 3226 1416 3273 aut
1440 3219 1679 3273 humana
1705 3230 1922 3282 natura,
1954 3230 2047 3274 aut
2075 3220 2171 3273 lia-

589 3312 741 3367 bitus
771 3319 827 3366 et
865 3319 1042 3365 status
1080 3311 1326 3379 privatus
1368 3310 1539 3374 vitiis,
1575 3309 1669 3364 ubi
1702 3324 1800 3379 per
1835 3310 2170 3379 contempla-

593 3404 799 3459 tionem
848 3418 1005 3456 mcns
1037 3401 1196 3455 docta
1240 3416 1434 3455 eorum
1472 3417 1593 3470 quae
1627 3410 1755 3455 sunt
1781 3400 2169 3472 cognitionem,

586 3494 813 3566 iubetur
835 3509 867 3547 a
891 3494 1005 3547 Deo
1030 3508 1130 3563 per
1176 3493 1361 3547 cordis
1387 3493 1803 3557 obscuritatem,
1843 3493 2078 3549 educere
2106 3510 2171 3549 ex

592 3600 757 3639 carne
784 3594 841 3639 et
872 3599 1061 3648 sensu,
1101 3591 1361 3653 tanquam
1387 3599 1456 3637 ex
1478 3582 1731 3655 Egypto,
1773 3584 1930 3653 quasi
1963 3584 2177 3639 lsraeli-

595 3686 697 3742 tas,
724 3676 940 3730 divinas
973 3691 1161 3729 rerum
1203 3676 1594 3746 intelligentias
1625 3691 1746 3746 quae
1772 3676 2085 3746 afﬂiguntur
2119 3676 2177 3731 in

591 3767 710 3821 luto
741 3765 1024 3821 vitiorum.
1054 3765 1137 3819 Ad
1171 3766 1278 3820 hoc
1308 3776 1491 3821 autem
1516 3769 1875 3837 progrediens
1900 3784 2025 3822 cum
2052 3768 2178 3823 vitae

593 3873 706 3913 suae
736 3867 992 3913 consorte
1019 3858 1312 3928 sapientia,
1344 3868 1400 3913 et
1424 3875 1546 3928 qua:
1587 3876 1656 3914 ex
1682 3876 1749 3915 ea
1783 3870 1869 3915 est
1891 3870 2178 3929 procreata

594 3950 739 4004 bona
765 3959 820 4005 et
846 3966 967 4020 quae
1000 3960 1084 4008 est
1116 3967 1185 4007 ex
1214 3952 1420 4006 virtute
1452 3952 1804 4021 cogitatione,
1847 3962 1903 4007 et
1935 3953 2179 4008 honestis

595 4042 864 4108 moribus,
897 4043 1118 4112 quando
1156 4044 1447 4098 diverterit
1479 4055 1535 4098 et
1565 4060 1596 4099 a
1627 4060 1792 4099 cursu
1827 4045 2041 4099 steterit
2070 4046 2180 4098 vir-

596 4135 750 4199 tutis,
783 4136 940 4206 cujus
974 4142 1151 4189 slatus
1182 4145 1267 4189 est
1297 4145 1478 4191 motus
1505 4137 1644 4200 vitii,
1683 4146 1945 4207 occupata
1982 4138 2038 4191 in
2075 4136 2177 4190 ali-

596 4247 705 4301 qua
731 4246 798 4283 ex
840 4230 1009 4284 rebus
1032 4230 1413 4284 materialibns
1432 4246 1555 4299 quae
1586 4231 1847 4300 utrinque
1879 4231 1934 4285 in
1970 4230 2072 4285 hac
2092 4231 2180 4285 via

597 4326 851 4396 adjacent
885 4341 896 4375 :
928 4331 1059 4376 tunc
1103 4336 1227 4376 cum
1265 4321 1576 4376 declaratus
1606 4321 1709 4376 fuit
1753 4323 1872 4391 ejus
1917 4322 2061 4377 illius
2087 4323 2181 4377 ha-

598 4419 737 4473 bens
776 4415 1107 4486 praaputium
1146 4423 1203 4468 ct
1231 4414 1513 4484 profanus,
1549 4414 1699 4468 videt
1737 4420 1992 4484 tanquam
2021 4430 2183 4486 ange-

2266 1862 2480 1914 ἐνέδυσε
2512 1861 2600 1914 διὰ
2625 1861 2725 1930 τῆς
2747 1860 2994 1930 φυλακῆς
3019 1859 3128 1912 τῶν
3154 1859 3408 1914 ἐντολῶν.
3463 1859 3527 1911 Ἦ
3556 1858 3617 1911 δέ
3650 1860 3857 1929 κέρκος

2266 1950 2491 2021 ἔσχατον
2518 1952 2684 2023 μέρος
2716 1949 2882 2017 οὖσα,
2909 1951 3005 2022 τὴν
3036 1952 3123 2004 ἐπ’
3146 1952 3394 2021 ἐσχάτων
3424 1951 3650 2022 ἡμερῶν
3692 1952 3854 2004 ἐναν-

2267 2042 2296 2095 θ
2302 2044 2459 2112 ρώπη
2467 2060 2549 2095 σιν
2582 2042 2904 2114 παρεδήλου.

2340 2133 2720 2203 Εἰσενεχθείσα
2759 2135 2840 2196 εἰς
2869 2134 2963 2186 τὸν
3011 2132 3213 2185 κόλπον
3246 2132 3493 2195 Μωσέως
3531 2134 3564 2203 ἡ
3596 2132 3724 2203 χεὶρ
3758 2134 3853 2187 αύ-

2266 2224 2381 2288 τοῦ,
2435 2226 2530 2277 καὶ
2567 2226 2624 2278 ἐν
2664 2224 2741 2294 τῷ
2792 2224 3083 2291 ἐξάγεσθαι
3130 2223 3475 2293 λεπρωθεῖσα
3500 2263 3514 2287 ,
3558 2225 3655 2276 καὶ
3691 2221 3852 2287 αὖθις

2267 2314 2642 2385 εἰσενεχθεῖσα
2664 2354 2679 2377 ,
2711 2316 2806 2367 καὶ
2827 2314 3171 2384 ἐξενεχθεῖσα
3205 2314 3447 2384 καθαρὰ,
3470 2316 3753 2384 ἐσήμανεν
3776 2315 3851 2377 ὡς

2266 2409 2295 2459 6
2324 2407 2442 2459 κατ’
2482 2406 2665 2460 εἰκόνα
2697 2405 2833 2459 Θεοῦ
2872 2406 3241 2477 πεποιημένος
3263 2405 3581 2477 ἄνθρωπος,
3604 2407 3715 2468 ἕως
3757 2408 3854 2476 μὲν

2265 2493 2337 2568 ἦν
2367 2500 2432 2568 τῇ
2471 2496 2648 2567 σκέπῃ
2675 2494 2769 2549 τοῦ
2802 2495 2961 2562 Θεοῦ,
2996 2495 3251 2566 καθάπερ
3285 2497 3343 2547 ἐν
3367 2496 3572 2566 κόλπῳ,
3609 2495 3856 2567 καθαρὸς

2270 2589 2364 2642 καὶ
2402 2588 2687 2653 κάλλιστος
2718 2585 2806 2659 ἦν.
2853 2588 2940 2640 Ἐν
2970 2587 3027 2641 δὲ
3060 2587 3138 2658 τῷ
3180 2586 3475 2654 ἐξάγεσθαι
3516 2586 3727 2657 ταύτης
3768 2588 3858 2639 διὰ

2270 2683 2579 2754 φιληδονίας
2621 2686 2715 2737 καὶ
2764 2682 3051 2755 παρακοῆς
3076 2722 3090 2748 ,
3130 2679 3417 2752 ἐλεπρὼθη
3468 2682 3535 2750 τῇ
3580 2678 3858 2749 είδεχθείᾳ

2271 2773 2365 2827 καὶ
2393 2773 2649 2845 βδελυρία
2695 2774 2797 2843 τῆς
2835 2774 3134 2845 ἁμαρτίας.
3164 2769 3331 2836 Αὖθις
3366 2773 3423 2826 δὲ
3465 2773 3523 2824 ἐν
3561 2773 3629 2840 τῇ
3672 2770 3856 2841 σκέπη

2270 2864 2366 2917 τοῦ
2396 2865 2554 2931 Θεοῦ,
2582 2866 2648 2918 δι’
2673 2868 2998 2936 ἐγκρατείας
3029 2866 3123 2919 καὶ
3153 2864 3423 2933 ὑπακοῆς,
3457 2862 3553 2917 καὶ
3572 2862 3861 2924 υἱοθεσίας

2271 2958 2565 3025 γενόμενος
2591 2996 2607 3019 ,
2648 2957 3004 3027 ἀποκατέστη
3037 2957 3173 3027 πρὸς
3204 2954 3305 3026 τὴν
3340 2954 3400 3019 ἐξ
3427 2952 3601 3025 ἀρχῆς
3651 2953 3862 3023 ὡραιό-

2273 3063 2433 3116 τητα,
2461 3048 2558 3099 καὶ
2582 3048 2756 3117 ἐφάνη
2784 3047 3023 3118 καθαρὸς
3050 3047 3147 3101 καὶ
3174 3046 3445 3117 λαμπρός.

2358 3137 2419 3189 Ἦ
2446 3137 2650 3208 ἕρημος
2684 3140 2775 3208 ἀφ’
2796 3135 2866 3211 ἧς
2897 3140 3172 3209 πέμπεται
3204 3138 3411 3204 Μωσῆς
3437 3137 3519 3199 εἰς
3551 3136 3859 3203 Αἴγυπτον,

2272 3225 2421 3280 ἐστιν
2445 3227 2472 3277 6
2501 3227 2705 3297 κόσμος
2737 3223 2914 3292 οὗτος,
2950 3229 2983 3298 ἠ
3016 3226 3333 3297 ἀνθρωπίνη
3384 3224 3566 3294 φύσις,
3601 3225 3632 3294 ἢ
3682 3226 3716 3292 ή
3746 3224 3862 3276 τῶν

2273 3317 2462 3372 παθῶν
2496 3320 2836 3390 ἐστερημένη
2884 3321 2997 3387 ἕξις
3046 3321 3141 3373 καὶ
3184 3320 3552 3379 κατάστασις,
3594 3316 3736 3368 ὅπου
3770 3316 3864 3367 διὰ

2274 3408 2508 3481 θεωρίας
2544 3410 2644 3481 τὴν
2683 3412 2791 3465 τῶν
2837 3412 3007 3465 ὄντων
3042 3412 3246 3481 γνῶσιν
3284 3408 3595 3471 παιδευθεὶς
3625 3410 3654 3460 6
3691 3406 3821 3471 νοῦς
3842 3447 3858 3471 ,

2281 3503 2568 3556 κελεύεται
2598 3503 2753 3574 παρὰ
2770 3503 2865 3557 τοῦ
2895 3502 3032 3557 Θεοῦ
3060 3503 3278 3557 κατὰτὸ
3314 3502 3416 3571 τῆς
3448 3500 3675 3571 καρδίας
3712 3501 3862 3567 ἁφα-

2275 3597 2386 3659 νές,
2415 3597 2707 3665 ἐξαγαγεῖν
2734 3598 2833 3669 τῆς
2848 3597 3060 3667 σαρκὸς
3084 3596 3182 3650 καὶ
3215 3598 3313 3665 τῆς
3336 3594 3669 3665 αἰσθήσεως,
3693 3592 3769 3653 ὡς
3799 3589 3861 3655 ἐξ

2276 3686 2578 3755 Αἰγύπτου,
2620 3688 2872 3759 καθάπερ
2926 3687 3268 3759 Ἰσραηλίτας
3298 3686 3367 3739 τὰ
3394 3685 3512 3738 θεῖα
3542 3684 3650 3737 τῶν
3684 3683 3861 3735 ὄντων

2277 3780 2547 3849 νοήματα,
2595 3779 2726 3849 περὶ
2774 3780 2867 3833 τὸν
2909 3779 3080 3849 πηλὸν
3133 3777 3240 3831 τῶν
3289 3775 3475 3830 παθῶν
3526 3774 3858 3843 πονούμενα.

2278 3870 2424 3940 Πρὸς
2442 3869 2674 3924 τοῦτοδὲ
2707 3870 2938 3940 βαδίζων
2966 3870 3104 3940 μετὰ
3132 3869 3228 3922 καὶ
3250 3870 3351 3940 τῆς
3380 3867 3609 3937 συμϐίου
3641 3864 3861 3932 σοφίας,

2278 3962 2374 4016 καὶ
2406 3962 2502 4015 τοῦ
2546 3962 2607 4027 ἐξ
2646 3963 2815 4033 αὐτῆς
2843 3962 2992 4033 αὐτῷ
3027 3962 3379 4034 γεννηθέντος
3422 3959 3679 4029 ἐναρέτου
3714 3956 3864 4023 λογι-

2283 4051 2445 4124 σμοῦ,
2480 4053 2575 4106 καὶ
2603 4053 2809 4124 τρόπου
2844 4052 3064 4124 σεμνοῦ,
3097 4054 3184 4105 ὅτε
3213 4049 3494 4121 καταλύσῃ
3522 4047 3618 4101 καὶ
3639 4048 3737 4115 στῇ
3763 4044 3863 4097 τοῦ

2278 4145 2479 4215 δρόμου
2533 4145 2634 4214 τῆς
2662 4145 2916 4216 ιάρετῆς,
2956 4139 3027 4217 ἦς
3070 4147 3103 4215 ή
3159 4144 3347 4206 στάσις
3396 4141 3610 4210 κίνησις
3658 4137 3867 4197 κακίας

2281 4238 2449 4301 ἐστὶν,
2486 4237 2811 4309 ἀσχοληθεὶς
2842 4236 2969 4305 περί
3015 4254 3066 4290 τι
3117 4236 3225 4289 τῶν
3260 4231 3600 4304 ἑκατέρωθεν
3636 4232 3705 4299 τῇ
3754 4228 3869 4297 ὁδῷ

2279 4328 2451 4400 ταύτῃ
2481 4330 2906 4399 παρακειμένων
2938 4327 3140 4382 ὑλικῶν
3160 4342 3175 4357 ο
3220 4325 3525 4397 τηνικαῦτα
3558 4322 3653 4375 τοῦ
3684 4321 3865 4391 δηλω·

2284 4416 2468 4481 θέντος
2509 4419 2625 4472 υἱοῦ
2663 4418 2830 4473 αὐτοῦ
2864 4419 3151 4490 γινομένου
3192 4417 3535 4487 ἀκροὸύστου
3566 4415 3662 4467 καὶ
3692 4411 3865 4481 βεϐή-

598 4510 714 4564 lum
752 4506 991 4577 rigidum
1017 4513 1074 4559 et
1099 4519 1375 4569 severum,
1414 4511 1733 4574 arguentem
1758 4503 2027 4558 rationem
2052 4520 2172 4559 con-

2286 4510 2402 4576 λου,
2442 4476 2544 4581 δρᾷ
2592 4511 2846 4582 καθάπερ
2876 4476 3115 4582 ¹ἄγγελον
3147 4476 3425 4580 ἀπότομον
3450 4507 3541 4560 τὸν
3569 4476 3869 4573 ἐλέγχοντα

600 4599 867 4662 scientiae,
896 4604 1131 4651 mortem
1189 4594 1558 4649 minitantem.
1596 4594 1768 4661 Quem
1800 4596 2035 4665 placavit
2064 4611 2172 4666 qua

2286 4602 2446 4671 λόγον
2493 4605 2594 4675 τῆς
2642 4605 3000 4675 συνειδήσεως
3030 4603 3359 4658 ἀπειλοῦντα
3398 4601 3643 4655 θάνατον.
3684 4599 3784 4650 Ὃν
3832 4597 3867 4664 ἡ

601 4707 727 4747 cum
754 4706 820 4746 eo
851 4689 1065 4742 habitat
1112 4686 1403 4755 sapientia,
1453 4688 1793 4742 materialem
1840 4690 2185 4759 phantasiam

602 4784 847 4839 innatam
875 4781 1008 4843 ﬁlio,
1037 4792 1236 4847 nempe
1268 4778 1491 4844 rationi,
1527 4779 1952 4845 circumcidens,
1982 4789 2041 4835 et
2066 4788 2185 4835 tan-

601 4891 765 4945 quam
818 4872 1025 4928 fluxum
1056 4869 1340 4940 sanguinis
1372 4871 1660 4927 exsiccans
1693 4882 1901 4928 motum
1930 4872 2056 4929 vitae
2092 4888 2187 4942 pa-

604 4965 794 5021 tibilis.
1785 5036 1796 5044 .

674 5061 851 5115 Moses
906 5060 1128 5129 quidem
1176 5060 1244 5114 ad
1298 5058 1664 5130 apostolatum
1711 5073 1809 5112 seu
1863 5057 2181 5111 missionem

604 5161 898 5226 provectus
936 5153 1296 5216 subveretur,
1333 5162 1389 5206 et
1425 5166 1537 5205 non
1580 5158 1730 5204 recta
1774 5148 1953 5218 pergit
1979 5150 2046 5212 ",
2087 5148 2181 5202 sed

604 5246 749 5301 etde
773 5244 1213 5315 peregrinatione
1235 5242 1605 5298 communicat
1632 5256 1757 5294 cum
1779 5239 1848 5295 iis
1865 5240 1958 5309 qui
1981 5254 2185 5310 genere

607 5338 674 5391 ad
715 5351 841 5391 eum
885 5336 1230 5402 attinebant,
1278 5346 1335 5389 et
1379 5334 1539 5390 simul
1589 5333 1820 5388 assumit
1864 5346 2091 5387 uxorem
2130 5340 2188 5386 ct

609 5427 771 5482 illius.
823 5427 1004 5480 Aaron
1047 5435 1229 5482 autem
1277 5428 1415 5481 nihil
1459 5442 1524 5480 ex
1567 5424 1635 5479 iis
1673 5424 1880 5478 faciens
1933 5424 2188 5493 protinus

611 5515 997 5584 proficiscitur.
1023 5516 1157 5571 Nam
1190 5518 1303 5587 qui.
1323 5528 1453 5572 sunt
1481 5514 1704 5585 quidem
1742 5515 1877 5586 legis
1915 5515 2184 5577 Mosaicaa,

692 5698 737 5731 ’δ
759 5698 930 5752 Exod.
960 5716 1050 5766 vn,
1091 5700 1123 5754 9
1155 5717 1306 5770 seqq.
1386 5702 1429 5733 ²⁸
1456 5701 1625 5755 Exod.
1653 5717 1701 5753 tv
1721 5742 1733 5765 ,
1766 5698 1853 5752 20.

2290 4695 2538 4759 σύνοικος
2589 4696 2757 4749 αὐτοῦ
2807 4696 3051 4749 δυσωπεῖ
3091 4695 3289 4764 σοφία,
3340 4692 3439 4760 τὴν
3499 4686 3871 4757 ἐγγενομένην

2291 4787 2484 4858 ὑλικὴν
2516 4788 2818 4856 φαντασίαν
2861 4787 2940 4858 τῷ
2971 4787 3122 4841 παιδὶ
3171 4784 3418 4854 λογισμῷ
3454 4778 3831 4851 περιτεμοῦσα
3853 4817 3871 4840 9

2290 4880 2386 4933 καὶ
2433 4878 2689 4949 καθάπερ
2743 4879 2975 4949 αἵματος
3004 4878 3161 4949 ῥύσιν
3204 4877 3303 4947 τὴν
3333 4875 3549 4937 κίνησιν
3585 4867 3874 4941 ἐμπαθοῦς

2291 4970 2435 5039 ζωῆς
2462 4966 2876 5040 ἁποξηράνασα.

2361 5050 2569 5129 Μωσῆς
2602 5059 2698 5129 μὲν
2744 5060 3149 5131 προχειρισθεὶς
3192 5059 3272 5123 εἰς
3303 5054 3607 5123 ἀποστολὴν
3653 5050 3871 5104 ὑποδει-

2292 5149 2381 5218 λιᾷ
2416 5149 2512 5202 καὶ
2548 5151 2648 5225 οὐκ
2699 5151 3042 5223 εὐθυδρομεῐ,
3074 5150 3215 5212 ἀλλὰ
3243 5150 3337 5203 καὶ
3385 5149 3497 5209 τοῖς
3538 5144 3681 5199 κατὰ
3714 5142 3876 5211 γένος

2296 5240 2633 5309 προσήκουσι
2664 5242 3057 5310 κοινολογεῖται
3092 5241 3222 5313 περὶ
3258 5240 3361 5310 τῆς
3388 5235 3698 5305 ἀποδημίας
3722 5276 3738 5299 ,
3774 5234 3877 5287 καὶ

2300 5331 2841 5403 ουρ-παραλαμϐάνει
2903 5335 3003 5405 τὴν
3068 5337 3306 5403 γυναῖκα
3368 5330 3466 5386 καὶ
3530 5330 3601 5381 τὰ
3663 5324 3873 5379 παιδία.

2308 5423 2520 5494 Ἀαρὼν
2566 5425 2623 5479 δὲ
2678 5426 2844 5497 μηδέν
2875 5443 2928 5479 τι
2964 5425 3209 5480 τοιοῦτον
3249 5423 3456 5493 δράσας
3493 5419 3658 5484 εὐθὺς
3704 5417 3876 5488 ὁρμᾷ.

2298 5517 2359 5567 ΟΞ
2392 5517 2490 5586 μὲν
2534 5517 2644 5589 γὰρ
2669 5518 2762 5572 τοῦ
2790 5519 3089 5575 Μωσαῖκοῦ
3114 5519 3281 5589 νόμου
3308 5513 3475 5570 δειλοί
3504 5512 3566 5567 τέ
3594 5514 3702 5565 είσι
3740 5508 3879 5579 πρὸς
