4062 6202
253 217 396 276 ηιδθ

1633 212 2157 274 COLLECTANEA.

3385 218 3445 273 Η
3458 218 3528 275 θο

252 297 605 408 ’πειρασμοὺς
620 332 1095 398 καὶιόκὶάζοντες,
1126 331 1222 388 καὶ
1245 331 1591 404 μεριζόμενοι
1621 332 1759 402 πρός
1780 348 1839 385 τε

1945 343 2075 390 sunt
2114 332 2293 390 timidi
2333 332 2400 391 ad
2444 332 2810 399 tentationes,
2849 341 2907 389 et
2945 331 3259 402 labascunt,
3288 341 3346 391 et
3385 336 3530 391 divi-

244 424 355 489 ’τάς
388 425 540 489 θείας
567 422 812 489 ἐντολὰς,
850 423 946 478 καὶ
974 424 1111 495 πρὸς
1136 421 1235 486 τάς
1271 421 1591 495 σωματικὰς
1630 422 1727 476 καὶ
1756 439 1841 475 κο-

258 516 468 587 σμικάς
493 516 730 588 σχέσεις.
760 518 829 569 υἱ
854 514 913 568 δὲ
935 513 1032 568 τοῦ
1061 514 1423 583 Εὐαγγελίου,
1454 513 1551 567 καὶ
1574 506 1649 567 ὧν
1672 511 1841 576 τύπος

240 603 284 655 τό
326 603 559 676 Ἀαρὼν,
585 601 847 675 τολμηροί
875 619 935 657 τε
961 601 1097 673 πρὸς
1121 601 1400 665 κινδύνους
1416 600 1510 655 καὶ
1544 600 1840 672 πρόθυμοι,

248 693 351 748 καὶ
388 695 738 767 μεριζόμενοι
776 692 914 766 πρὸς
955 693 1089 751 Θεὸν
1138 693 1234 748 καὶ
1267 693 1472 765 κόσμον
1492 731 1511 758 ,
1560 691 1740 763 μόνων
1785 691 1843 747 δὲ

255 785 365 840 τῶν
390 785 552 840 θείων
581 784 812 839 ἐντολῶν
841 784 1176 855 ἐξεχόμενοι.
1204 783 1482 854 Σεπφώρα
1516 785 1551 855 ἠ
1575 783 1844 838 Μαδιανῐ-

240 892 340 942 ’τις
364 878 534 941 τύπος
574 871 649 948 ἦν
686 876 788 947 τῆς
826 876 889 942 ἐξ
943 876 1117 931 ἐθνῶν
1160 875 1529 947 Ἐκκλησίας,
1562 874 1693 946 ἧτις
1742 875 1847 929 ύπ-

258 967 490 1040 αχθείσα
520 969 643 1031 τοῖς
682 970 1131 1039 σπερματισμοῑς
1153 965 1422 1030 Μωσέως,
1447 965 1568 1036 ἦτοι
1596 967 1718 1041 ταῖς
1746 964 1842 1018 τοῦ

245 1055 553 1112 ’Μωσαῑκοῦ
588 1057 757 1129 νόμου
798 1059 931 1130 περὶ
967 1060 1066 1130 τῆς
1101 1058 1264 1128 ἀγίας
1298 1057 1530 1131 Τριάδος
1572 1057 1842 1130 ἀμυδραϊς

245 1148 559 1218 ’θεολογίαις
594 1148 690 1202 τοῦ
726 1148 1206 1219 παιδαγωγοῦντος
1229 1149 1323 1204 ἐπὶ
1344 1148 1404 1202 τὸ
1438 1148 1580 1204 κατά
1607 1148 1843 1223 Χριστὸν

249 1239 613 1309 Εὐαγγέλιον,
647 1241 764 1294 υίὸν
798 1239 924 1312 ἔσχε
962 1241 1024 1294 τὸ
1065 1240 1271 1311 πλῆθος
1295 1240 1406 1294 τῶν
1433 1240 1523 1294 διὰ
1543 1238 1639 1293 τοῦ
1676 1239 1841 1318 ᾀγίου

251 1329 579 1401 Πνεῦματος
620 1332 1087 1403 ἀναγεννωμένων
1112 1331 1250 1402 αὐτῇ
1276 1348 1290 1362 ·
1321 1331 1380 1385 δν
1428 1332 1522 1387 καλ⁸
1546 1330 1841 1404 περιέτεμε

251 1420 490 1493 ’πετρίνῃ
523 1420 794 1492 μαχαίρᾳ,
836 1414 1165 1493 περιελοῦσα
1189 1422 1373 1474 πᾶσαν
1398 1421 1711 1493 φιληδονίαν
1745 1421 1845 1475 καὶ

250 1511 536 1583 ἁμαρτίαν
568 1510 733 1566 αὑτοῦ
766 1510 845 1582 τῷ
883 1512 1025 1566 κατά
1052 1512 1289 1583 Χριστὸν
1320 1510 1486 1582 λόγῳ,
1514 1511 1576 1575 ὃς
1616 1511 1841 1580 λέγεται

250 1605 436 1676 ’πέτρα
465 1605 562 1675 μὲν
596 1603 684 1659 διὰ
711 1604 772 1658 τὸ
796 1602 1046 1676 στερρὸν,
1090 1604 1337 1675 μάχαιρα
1369 1603 1428 1657 δὲ
1449 1642 1465 1669 ,
1497 1603 1589 1657 διά
1619 1603 1681 1657 τὸ
1702 1603 1842 1657 διαι-

261 1667 379 1767 ρεῖν
401 1667 478 1750 τὸ.
492 1680 742 1767 κρεῖττον
772 1667 1000 1749 ἀπὸτοῦ
1033 1667 1303 1766 χείρονος.
1336 1667 1508 1765 Ἔστη
1544 1693 1602 1747 δὲ
1625 1735 1641 1759 ,
1682 1693 1839 1765 φησι,
1870 1667 1918 1727 Β

259 1783 321 1839 τὺ
346 1779 486 1857 αἷμα
515 1787 617 1857 τῆς
649 1786 976 1858 περιτομῆς,
1014 1786 1136 1840 ἀντὶ
1156 1785 1275 1852 τοῦ,
1311 1784 1676 1855 πεπλήρωται
1699 1785 1846 1853 ἐντε-

259 1875 366 1943 λῶς
398 1879 432 1949 ὴ
459 1878 763 1950 δηλωθεῖσα
789 1877 1134 1949 πνευματικὴ
1161 1877 1456 1948 περιτομή.
1488 1876 1582 1930 Διὸ
1606 1876 1703 1930 καὶ
1750 1877 1847 1931 ἀν·

261 1968 539 2040 εχώρησεν
584 1970 614 2022 ὁ
649 1969 742 2022 τὸν
764 1967 994 2024 θάνατον
1028 1967 1516 2037 ἐπανατεινόμενος
1546 1966 1624 2039 τῷ
1655 1967 1846 2021 Μωσεῖ

261 2058 510 2127 ἄγγελος.
575 2058 668 2122 Ὠς
704 2053 847 2111 εἶναι
891 2057 1054 2128 δῆλον
1075 2100 1090 2125 ,
1147 2058 1229 2112 ὅτι
1281 2056 1530 2113 κινδύνου
1582 2058 1841 2122 πολλάκις

197 2192 205 2207 .
264 2149 585 2214 διδάσκαλος
604 2149 1011 2221 ἐλευθεροῦται,
1039 2149 1317 2221 καθαίρων
1342 2149 1434 2204 τὸν
1457 2149 1727 2222 μαθητὴν,
1750 2128 1845 2205 καὶ

265 2243 370 2313 τῆς
401 2241 673 2312 ὠφελείας
708 2240 903 2297 τούτου
938 2242 1218 2315 σωτηρίαν
1251 2242 1390 2297 ίδίαν
1423 2241 1734 2314 κομίζεται.

334 2439 550 2511 Ὠσπερ
588 2440 619 2493 ό
906 2438 1106 2510 ἀπῄτει
1152 2439 1252 2511 μὶν
1295 2439 1691 2512 ἀπαραιτήτως
1716 2443 1844 2507 τοὺς

275 2527 571 2600 Ἐϐραίους.
588 2527 689 2599 τὴν
715 2528 1018 2594 πλινθείαν,
1048 2527 1149 2583 οὐκ
1173 2529 1344 2584 ἐδίδου
1373 2531 1431 2585 δὲ
1462 2531 1649 2603 ἄχυρα
1667 2532 1739 2585 δι’
1766 2525 1844 2588 ὧν

263 2610 404 2692 αὐτὴ
446 2618 691 2688 γίνεται·
740 2619 886 2674 οὕτω
940 2621 1039 2675 καὶ
1082 2622 1111 2674 ό
1158 2620 1409 2683 διάὃολος
1461 2623 1688 2685 ἀπαιτεῖ
1740 2624 1844 2695 μέν

263 2707 681 2777 ἀναγκαστικῶς
709 2708 837 2773 τοὺς
855 2709 1004 2780 αὐτῷ
1025 2710 1372 2773 δουλεύοντας
1404 2712 1723 2784 ἀνθρώπους
1751 2715 1844 2768 τὸν

269 2800 564 2871 μολυσμὸν,
625 2803 718 2855 καὶ
767 2802 868 2874 τὴν
922 2802 1289 2873 ἀκαθαρσίαν,
1351 2804 1593 2858 ἐκκαίων
1641 2805 1844 2869 αὐτοὺς

264 2890 471 2962 ἀγρίως
492 2892 572 2956 είς
604 2890 897 2957 λυσσώδεις
924 2892 1254 2964 ἐπιθυμίας·
1298 2893 1656 2966 δυσπόριστον
1687 2895 1746 2950 δέ
1781 2894 1845 2949 τὸ

1944 427 2154 483 duntur
2187 428 2256 484 ad
2292 427 2481 484 divina
2513 428 2791 492 mandata,
2824 436 2883 482 et
2910 427 2980 482 ad
3012 416 3329 499 corporales
3366 442 3530 486 mun-

1944 519 2226 591 danasque
2262 520 2637 577 habitudines.
2666 519 2770 586 Qui
2824 529 2956 574 sunt
3003 525 3188 574 autem
3221 519 3528 591 Evangelii,

1942 616 2001 665 et
2019 625 2255 681 quorum
2297 619 2457 682 typus
2493 617 2579 665 est
2603 610 2811 675 Aaron,
2842 617 2974 665 sunt
2997 608 3063 663 ad
3095 608 3348 664 adeunda
3376 608 3529 679 peri-

1944 702 2070 756 cula
2101 701 2343 757 audaces
2375 710 2434 757 et
2470 702 2707 766 alacres,
2732 709 2791 756 et
2823 700 3150 757 dividuntur
3171 700 3243 756 ad
3265 700 3442 756 Deum
3471 709 3537 757 es

1944 793 2238 861 mundum,
2272 793 2478 849 divinis
2517 801 2702 848 autem
2736 792 2871 847 solis
2898 792 3183 847 adhaerent
3229 791 3529 847 mandatis.

1946 882 2193 954 Sephora
2227 893 2411 939 autem
2456 882 2769 938 Madianitis
2802 890 2924 937 erat
2959 892 3118 955 typus
3157 883 3421 938 Ecclesia:
3457 899 3529 938 ex

1944 976 2221 1045 gentibus,
2252 990 2373 1045 quae
2412 974 2576 1029 Mosis
2614 974 2776 1044 jactis
2808 974 3135 1041 seminibus,
3170 989 3267 1030 seu
3289 975 3531 1031 exilibus

1944 1066 2081 1136 legis
2109 1066 2358 1121 Mosaicae
2399 1066 2467 1121 de
2497 1074 2687 1120 sancta
2726 1065 2997 1121 Trinitate
3032 1066 3355 1138 theologieis
3388 1080 3528 1122 con-

1944 1156 2417 1227 templationibus,
2449 1157 2623 1212 instar
2645 1156 2924 1228 paedagogi
2950 1157 3205 1213 ducentis
3227 1158 3295 1212 ad
3317 1157 3527 1215 Christi

1943 1247 2323 1321 Evangelium,
2354 1248 2539 1304 filium—
2558 1248 2754 1303 habuit
2775 1248 3189 1305 multitudinem
3218 1264 3412 1306 eorum
3429 1251 3527 1320 qui

1943 1340 2047 1411 ipsi
2064 1349 2461 1412 regenerantur
2476 1356 2576 1411 per
2589 1350 2838 1396 sanctum
2862 1339 3153 1410 Spiritum.
3169 1340 3342 1408 Quem
3358 1342 3527 1397 etiam

1943 1433 2293 1489 circumcidit
2333 1433 2519 1505 gladio
2552 1433 2804 1503 petrino,
2848 1448 3069 1489 omnem
3118 1435 3238 1505 ejus
3272 1434 3527 1491 auferens

1942 1524 2232 1580 libidinem
2276 1533 2333 1579 et
2360 1532 2651 1595 peccatum
2684 1524 2857 1579 verbo
2885 1523 3112 1591 Christi,
3152 1516 3299 1594 quod
3324 1524 3529 1580 dicitur

1944 1616 2168 1687 quidem
2209 1624 2365 1686 petra
2411 1625 2640 1686 propter
2680 1615 2944 1671 duritiem
2988 1634 3001 1670 :
3044 1615 3260 1687 gladius
3316 1624 3524 1681 autem,

1945 1718 2239 1779 propterea
2272 1707 2422 1778 quod
2454 1707 2666 1763 dividat
2713 1708 2915 1765 melius
2961 1724 2994 1762 a
3032 1707 3320 1763 deteriori.
3364 1707 3528 1762 Stetit

1946 1809 2153 1867 autem,
2189 1801 2391 1872 inquit,
2427 1802 2651 1873 sanguis
2683 1800 3141 1864 circumcisionis,
3167 1815 3271 1870 pro
3294 1814 3360 1854 eo
3379 1798 3526 1869 quod

1944 1903 2028 1951 est
2063 1913 2077 1949 :
2112 1882 2357 1966 perfecte
2383 1902 2470 1950 est
2505 1893 2781 1964 completa
2820 1907 2945 1963 quae
2981 1900 3202 1948 ostensa
3231 1889 3337 1946 fuit
3359 1890 3525 1960 spiri-

1944 1988 2112 2043 tualis
2131 1987 2498 2043 circumcisio.
2531 1985 2900 2053 Quamobrem
2928 1984 3160 2039 recessit
3188 1983 3236 2037 is
3255 1982 3351 2053 qui
3374 1996 3526 2036 mor-

1946 2088 2061 2134 tem
2081 2077 2389 2134 intentabat
2415 2076 2551 2131 Mosi
2572 2076 2817 2146 angelus.
2838 2074 2960 2141 Quo
2984 2074 3047 2129 fit
3066 2083 3128 2128 ut
3155 2074 3286 2129 hinc
3303 2071 3375 2128 sit
3403 2087 3531 2142 per-

1944 2168 2219 2239 spicuum,
2260 2167 2410 2238 quod
2443 2181 2475 2222 a
2506 2166 2756 2237 periculo
2789 2179 2934 2235 saepe
2973 2163 3243 2219 liberatur
3265 2163 3528 2235 magister

1943 2258 2038 2329 qui
2065 2266 2264 2329 purgat
2295 2257 2654 2327 discipulum,
2687 2267 2745 2313 et
2768 2270 2885 2327 pro.
2903 2255 2956 2309 ei
2986 2254 3114 2310 data
3142 2254 3381 2310 utilitate
3400 2270 3530 2325 pro-

1943 2350 2120 2421 priam
2149 2349 2348 2420 recipit
2378 2349 2632 2405 salutem.

2013 2441 2302 2510 Quomodo
2342 2442 2556 2498 Pharao
2594 2439 2667 2494 ’ab
2712 2438 2960 2494 Hebreis
3010 2437 3234 2508 quidem
3277 2436 3529 2507 exigebat

1944 2533 2361 2591 inexorabiliter
2382 2534 2623 2590 laterum
2647 2532 3073 2595 confectionem,
3102 2545 3214 2585 non
3235 2529 3401 2585 dabat
3425 2544 3530 2583 au—

1945 2634 2057 2680 tem
2082 2624 2269 2695 paleas
2288 2638 2392 2691 per
2412 2636 2551 2691 quas
2583 2620 2723 2675 fiunt
2744 2621 2790 2652 "
2817 2638 2831 2674 ε
2862 2621 2938 2675 ita
2965 2620 3133 2675 etiam
3160 2619 3417 2674 diabolus
3455 2618 3537 2673 ab-

1944 2714 2014 2770 iis
2043 2714 2138 2785 qui
2173 2712 2277 2783 ipsi
2304 2711 2553 2767 servinnt
2575 2710 2897 2765 necessario
2929 2709 3099 2780 exigit
3140 2708 3527 2778 inquinamen-

1946 2815 2064 2859 tum
2096 2811 2154 2858 et
2193 2801 2620 2866 immunditiam,
2662 2815 2760 2863 eos
2807 2799 3067 2856 ferociter
3116 2797 3417 2855 incendens
3458 2797 3535 2851 add

1946 2895 2139 2951 rabida
2163 2892 2456 2950 desideria.
2500 2891 2704 2947 Reddit
2729 2899 2914 2946 autem
2952 2907 3071 2946 rem
3095 2898 3292 2962 paratu
3322 2887 3523 2943 didici-

265 2984 505 3054 πρᾶγμα
523 2981 759 3054 τίθησιν,
794 2983 882 3037 ἵνα
904 2982 980 3055 μὴ
1008 2983 1087 3055 τῷ
1116 2983 1286 3056 ῥᾳδίῳ
1313 2985 1526 3055 ταχέως
1562 2986 1644 3051 είς
1682 2985 1843 3057 κόρον

1945 2986 2076 3052 lem,
2106 3001 2176 3041 ne
2215 2983 2476 3040 facilitate
2507 2981 2617 3037 cito
2646 2981 2835 3037 veniat
2864 2981 2922 3034 in
2961 2981 3270 3035 satietatem
3298 2985 3355 3033 et
3390 2990 3529 3032 con-

266 3075 337 3130 ῐοι
370 3077 464 3130 καὶ
488 3077 919 3149 καταφρόνησιν.

335 3161 471 3220 Εἴπε
520 3168 726 3240 Μωσῆς
775 3168 914 3240 πρὸς
950 3166 1169 3239 Φαραὼ·
1219 3189 1238 3222 r
1289 3160 1678 3242 Πορευσόμεθα
1721 3170 1840 3225 ὁδὸν

263 3260 432 3332 τριῶν
461 3261 706 3334 ἡμερῶν,
742 3262 822 3326 εἰς
858 3259 958 3333 τὴν
996 3259 1228 3333 ἔρημον,
1255 3256 1411 3327 ὅπως·
1438 3263 1690 3335 θύσωμεν
1722 3263 1839 3317 Κυ-

268 3351 366 3423 ρίῳ
394 3350 473 3423 τῷ
491 3352 611 3424 Θεῷ
643 3352 830 3422 ἡμῶνο
865 3352 1076 3424 μήποτε
1106 3354 1410 3425 συναντήσῃ
1445 3354 1576 3425 ἡμῖν
1609 3353 1838 3416 θάνατος

262 3443 311 3515 ἦ
333 3443 514 3512 φόνος.
558 3462 577 3495 ι
623 3442 843 3514 Ἐπειδὴ
875 3444 983 3515 γὰρ
1006 3439 1299 3515 Αἰγύπτιοι
1333 3443 1393 3495 ἐν
1440 3441 1520 3514 τῷ
1558 3440 1708 3495 θύειν
1735 3442 1842 3494 ἀπ-

263 3534 650 3606 ετροπιάζοντο
677 3535 803 3599 τοὺς
827 3533 1075 3607 νεκρούς
1109 3533 1385 3605 πρόφασιν
1408 3533 1436 3587 ό
1463 3535 1669 3605 Μωσῆς
1684 3528 1842 3587 τοῦτο

263 3627 498 3679 ποιεῖται
540 3626 643 3696 τῆς
690 3627 773 3690 είς
826 3625 1045 3697 μακρὰν
1095 3625 1526 3695 ἀποχωρήσεως.
1573 3625 1837 3696 Μήποτε,

263 3717 420 3788 φησὶ,
461 3717 558 3770 καὶ
595 3716 703 3770 τῶν
733 3717 1048 3786 ἀλλοφύλων
1077 3715 1295 3780 θύοντες
1341 3715 1726 3787 περιτύχωμεν
1755 3726 1843 3770 νε-

263 3807 416 3879 κρῷ,
454 3808 549 3861 καὶ
582 3807 980 3878 καταλύσωμεν
1018 3806 1117 3878 τὴν
1174 3806 1384 3859 θυσίαν.
1433 3807 1677 3861 Θάνατον
1722 3809 1841 3878 ’μὲν

262 3898 461 3969 λέγων,
505 3898 600 3953 τὸν
647 3898 897 3970 φυσικῶς
935 3896 1313 3950 ἀποθανόντα·
1365 3895 1523 3964 φόνον
1554 3896 1611 3949 δὲ
1644 3899 1737 3950 τὸν
1782 3897 1844 3962 ἐξ

263 3991 559 4061 ἐπιϐουλῆς
587 3989 938 4060 φονευθέντα.
964 3987 1085 4059 Χρὴ
1119 3986 1175 4041 δέ
1201 3986 1297 4041 καὶ
1328 3988 1476 4058 ἡμᾶς
1504 3988 1843 4058 πορρωτάτω

212 4108 220 4114 -
261 4085 367 4154 τῆς
395 4081 672 4154 ἀμαρτίας
697 4078 1051 4150 γινομένους,
1080 4077 1229 4131 θύειν
1249 4076 1387 4148 Θεῷ,
1416 4078 1511 4130 καὶ
1538 4079 1844 4151 ἀποτρεπο-

267 4174 464 4245 μένους
499 4173 569 4226 τά
597 4171 907 4243 νεκρωτικά
940 4170 1037 4225 καὶ
1066 4168 1357 4241 φονευτικά
1386 4168 1534 4241 πάθη
1561 4169 1670 4223 τῶν
1708 4172 1845 4243 ἡμε-

261 4263 441 4335 τέρων
467 4262 677 4333 ψυχῶν.

1949 3087 2243 3134 temntum.
2814 3109 2821 3115 -

2016 3094 2059 3132 m
2105 3094 2243 3132 tum.
2814 3109 2821 3115 -

2016 3094 2165 3223 Dfxit
2190 3166 2405 3239 Moyses
2424 3161 2700 3221 Pharaoni
2728 3179 2743 3216 :
2776 3179 2797 3212 ι
2823 3160 3035 3217 Ibimus
3062 3159 3168 3215 iter
3195 3158 3364 3214 trium
3405 3156 3531 3212 dic-

1949 3277 2070 3316 rum
2120 3260 2179 3315 in
2225 3257 2600 3322 solitudinem,
2641 3263 2703 3310 ut
2744 3252 3121 3309 sacrificemus
3152 3250 3385 3306 Domino
3416 3249 3530 3304 Deo

1948 3362 2170 3409 nostro:
2202 3366 2272 3406 ne
2300 3351 2443 3405 forte
2463 3354 2720 3403 occurrat
2738 3345 2900 3400 nobis
2926 3358 3076 3398 mors
3094 3350 3189 3396 aut
3215 3340 3395 3395 caedes
3410 3340 3476 3394 ".
3502 3358 3521 3390 ι

1946 3445 2083 3501 Nam
2114 3441 2373 3513 quoniam
2396 3436 2636 3510 Egyptii
2659 3437 2716 3491 in
2748 3432 3108 3490 sacrificando
3130 3430 3529 3486 aversabantur

1949 3545 2219 3599 mortuos,
2255 3532 2434 3588 Moses
2470 3530 2620 3584 hunc
2655 3527 2818 3583 affert
2844 3532 3168 3595 praetextum
3213 3538 3314 3578 cur
3337 3520 3530 3593 procul

1949 3624 2191 3681 recedat.
2219 3622 2299 3678 Ne
2325 3620 2488 3686 forte,
2512 3617 2713 3688 inquit,
2741 3612 3118 3671 sacrificantes
3140 3611 3449 3667 incidamus
3472 3610 3529 3664 in

1949 3715 2175 3788 aliquod
2211 3728 2412 3784 corpus
2441 3718 2723 3766 mortuum
2750 3706 3204 3777 alienigenarum,
3231 3710 3288 3760 et
3327 3701 3527 3757 dissol-

1948 3823 2141 3865 vamus
2166 3804 2518 3863 sacriﬁcium.
2542 3801 2771 3857 Mortem
2805 3799 2998 3854 dicens
3024 3797 3145 3869 ejus
3174 3794 3270 3867 qui
3290 3793 3545 3869 moritur.

1949 3900 2311 3965 naturaliter;
2342 3896 2546 3953 caedem
2567 3901 2752 3949 autem
2790 3892 2912 3963 ejus
2937 3889 3037 3960 qui
3058 3887 3313 3946 consulto
3345 3893 3442 3941 aut
3460 3900 3529 3941 ex

1951 3993 2175 4050 insidiis
2197 4000 2283 4049 est
2303 3989 2541 4047 occisus.
2571 3986 2803 4057 Oportet
2830 3991 3016 4039 autem
3040 3996 3143 4037 nos
3158 3993 3383 4051 quoque
3415 3978 3531 4033 Deo

1951 4083 2262 4140 sacriﬁcare
2299 4080 2616 4153 longissime
2657 4083 2900 4133 remotos
2936 4090 2970 4130 a
3005 4080 3254 4144 peccato,
3283 4085 3349 4128 ae
3375 4083 3527 4124 aver-

1951 4184 2136 4230 santes
2179 4174 2402 4229 morbos
2442 4173 2757 4227 animarum
2797 4173 3113 4224 nostrarum
3159 4162 3255 4235 qui
3296 4169 3543 4217 mortem.

1951 4275 2009 4323 ct
2030 4266 2234 4322 eadem
2263 4265 2524 4321 afferunt.

334 4356 446 4410 Kal
495 4351 617 4409 εἶπε
659 4354 866 4426 Μωσῆς
918 4354 1055 4426 πρὸς
1099 4352 1335 4426 Φαραὼο
1395 4373 1413 4406 ι
1459 4355 1844 4427 Πορευσόμεθα

2022 4358 2092 4413 Et
2130 4357 2269 4412 dixit
2310 4356 2525 4429 Moyses
2569 4353 2637 4410 ad
2686 4352 3027 4409 Pharaonem
3060 4365 3073 4402 :
3107 4365 3125 4399 ι
3152 4344 3364 4401 Ibimus
3404 4356 3543 4397 cum‘

266 4448 365 4501 σὺν
397 4450 507 4511 τοῖς
548 4446 853 4510 νεανίσκοις
896 4445 1090 4517 ἡμῶν,
1129 4446 1227 4499 καὶ
1255 4447 1367 4511 τοῖς
1410 4447 1840 4520 πρεσὸυτέροις,

265 4539 365 4593 σὺν
398 4541 511 4602 τοῖς
549 4540 684 4602 υίοίς
710 4536 871 4609 ἡμῶν
905 4536 1000 4591 καὶ
1046 4535 1382 4608 θυγατράσι,
1420 4539 1517 4592 καὶ
1551 4539 1845 4609 προϐάτοις

261 4630 358 4683 καὶ
408 4627 594 4699 βουσὶν
639 4626 834 4699 ἡμῶνο
881 4627 996 4680 ἐστι
1051 4627 1162 4698 γὰρ
1188 4626 1348 4698 ἑορτὴ
1390 4626 1579 4699 Κυρίῳ
1611 4627 1689 4700 τῷ
1726 4630 1845 4701 Θεῷ

201 4764 213 4771 _
258 4717 443 4788 ἡμῶν.
506 4736 525 4769 ι
562 4715 683 4789 Χρὴ
720 4717 849 4780 τοὺς
893 4717 994 4787 τῆς
1028 4714 1139 4769 τῶν
1180 4716 1454 4787 δαιμόνων
1502 4718 1597 4772 καὶ
1654 4719 1845 4773 παθῶν

259 4804 575 4877 ἐλευθερίας
596 4804 1017 4877 ἐπιθυμοῦντας,
1049 4804 1250 4875 φεύγεν
1273 4806 1569 4878 πειρᾶσθαι
1597 4808 1840 4872 τελείως,

270 4896 440 4969 μηδὲν
464 4913 515 4950 τι
546 4880 797 4968 λείψανον
832 4896 934 4968 τῆς
980 4896 1188 4951 ἐαυτῶν
1215 4896 1416 4969 ,ψυχῆς
1461 4898 1558 4953 καὶ
1608 4899 1846 4965 διανοίας

264 4986 506 5055 ἀφέντας
541 4985 748 5053 ὀπίσω,
778 4987 846 5043 δι’
880 4981 942 5043 οῦ
976 4988 1218 5060 μέλλοιεν
1256 4980 1618 5061 ὑπενεχθῆναι
1658 4991 1843 5057 πάλιν,

263 5078 363 5131 καὶ
394 5078 596 5133 ἁλῶναι
629 5081 744 5142 τοῖς
773 5084 1059 5155 προτέροις
1084 5081 1295 5143 κακοῖς.
1333 5075 1460 5134 Εἶεν
1489 5080 1533 5134 δ’
1556 5078 1622 5134 ἂν
1646 5081 1696 5134 οἱ
1723 5099 1846 5134 νεα-

262 5167 440 5222 νίσκοι
466 5168 564 5238 μέν
610 5170 691 5232 είς
718 5169 889 5222 τύπον
912 5169 1184 5239 ἀνδρείας,
1213 5170 1263 5223 οί
1293 5169 1656 5242 πρεσϐύτεροι
1676 5171 1731 5225 δὲ
1765 5173 1846 5236 είς

262 5253 532 5325 σύμϐολον
564 5257 900 5328 φρονήσεως,
952 5258 1002 5310 oi
1054 5257 1111 5310 δέ
1150 5259 1255 5312 υίοὶ
1294 5259 1389 5312 κοιλ⁵
1427 5259 1726 5331 θυγατέρες
1761 5263 1839 5327 εἰς

261 5345 452 5401 εἰκόνα
498 5348 598 5419 τῆς
644 5348 704 5402 ἐν
737 5340 959 5420 Χριστῷ
1001 5348 1329 5421 νηπιότητος
1375 5350 1471 5404 καὶ
1509 5351 1838 5424 ἁπλότητος.

261 5438 370 5492 Σὺν
399 5437 625 5511 ἀνδρείᾳ
657 5438 768 5509 γάρ
796 5438 891 5494 καὶ
919 5438 1178 5509 φρονήσει
1208 5438 1304 5493 καὶ
1341 5439 1482 5494 κατὰ
1510 5440 1643 5497 Θεὸν
1671 5443 1842 5498 ἁπλό-

336 5610 381 5644 ¹⁶
404 5611 576 5668 Ετοιι.
607 5627 660 5677 v,
689 5613 740 5667 7.
824 5614 869 5647 ⁸⁷
891 5612 1030 5670 ibid.
1054 5612 1106 5667 5.
1182 5614 1227 5646 ³⁸
1251 5612 1422 5670 Exod.
1450 5630 1504 5682 Χ,
1529 5616 1583 5670 9.

1945 4450 2394 4508 adolescentibus
2416 4446 2624 4503 nostris
2647 4456 2704 4501 et
2740 4444 2987 4508 senibus,
3015 4454 3143 4497 cum
3175 4437 3304 4493 ﬁliis
3325 4435 3546 4492 nostris

1944 4553 2003 4601 et
2044 4542 2284 4617 filiabus,
2330 4550 2387 4596 et
2415 4540 2636 4605 ovibus,
2672 4547 2729 4593 et
2761 4535 2940 4591 bobus
2970 4529 3220 4589 nostris:
3253 4534 3338 4584 est
3381 4525 3530 4582 enim

1946 4636 2151 4693 festum
2177 4634 2409 4691 Domino
2437 4633 2552 4689 Deo
2581 4640 2772 4687 nostro
2793 4629 2859 4682 ".
2904 4646 2922 4680 ι
2951 4624 3183 4696 Oportet
3201 4635 3297 4676 eos
3318 4619 3413 4689 qui
3436 4618 3532 4673 de-

1946 4727 2195 4783 siderant
2240 4723 2470 4780 liberari
2515 4739 2548 4778 a
2598 4719 2941 4778 dmmonibus
2982 4714 3241 4783 vitiisque
3271 4719 3329 4766 et
3360 4708 3541 4765 animi

1946 4815 2495 4889 perturbationibus,
2553 4819 2767 4869 tentare
2809 4807 3055 4881 perfecte
3094 4803 3315 4874 fugere,
3364 4798 3534 4854 nullis

1947 4907 2121 4964 animi
2153 4914 2250 4963 aut
2282 4905 2631 4977 cogitationis
2669 4917 2782 4958 suae
2818 4909 2971 4956 retro
3008 4894 3217 4953 relictis
3256 4890 3535 4962 reliquiis,
3618 4952 3624 4957 η

1948 5015 2048 5070 per
2070 5013 2208 5071 quas
2242 4996 2449 5055 reversi
2479 5011 2513 5051 a
2546 4993 2824 5067 prioribus
2852 4987 3013 5045 malis
3034 4994 3220 5041 essent
3252 4980 3533 5054 capiendi.

1947 5091 2089 5147 Sunt
2118 5100 2304 5147 autem
2330 5088 2710 5145 adolescentes
2745 5081 2973 5155 quidem
3000 5079 3059 5135 in
3091 5086 3281 5151 typum
3304 5075 3534 5131 fortitu—

1948 5178 2095 5235 dinis
2116 5194 2215 5235 seu
2231 5178 2412 5251 magni
2432 5175 2603 5234 animi
2617 5174 2837 5232 virtutis
2856 5190 2872 5240 ;
2898 5188 3063 5230 senes
3077 5185 3210 5227 vero
3232 5169 3288 5224 in
3312 5168 3531 5239 signum

1945 5270 2278 5340 prudentiae,
2310 5269 2412 5325 filii
2468 5277 2654 5324 autem
2679 5274 2738 5323 et
2776 5264 2900 5321 filiae
2925 5264 2995 5320 ad
3033 5261 3333 5334 imaginem
3355 5258 3547 5314 infan-

1951 5359 2041 5415 tiae
2073 5367 2132 5415 et
2157 5360 2528 5431 simplicitatis
2548 5360 2605 5415 in
2627 5358 2867 5414 Christo.
2892 5354 3028 5412 Nam
3050 5369 3179 5412 cum
3206 5350 3535 5408 fortitudine

1950 5460 2004 5507 et
2032 5451 2330 5522 prudentia
2369 5460 2426 5508 et
2458 5450 2764 5511 secundum
2796 5449 2969 5506 Deum
3005 5444 3358 5517 simplicitate
3382 5456 3533 5499 rece-
