4062 6202
450 245 585 301 1191

1645 240 1703 297 S.
1743 239 2018 298 CYRILLI
2057 241 2145 297 ET
2183 241 2491 299 ALIORUM

3558 247 3717 304 “id

450 356 695 413 dendum
723 365 807 414 est
831 372 863 413 a
883 362 1108 429 peccato
1131 354 1201 411 ad
1223 354 1734 411 sanetilicationem.
1764 378 1781 407 ‹
1811 358 2018 423 Estote,

2130 374 2245 428 τητι
2264 352 2660 425 ἀποφοιτητέον
2688 351 2749 417 ὲξ
2773 352 3047 425 ἁμαρτίας
3072 353 3151 418 είς
3178 354 3468 427 ἀηιοιασμόν.
3504 378 3524 410 ι
3578 360 3713 413 ’Δν-

451 448 664 518 inquit,
702 446 871 501 fortes
910 454 967 500 et
996 445 1356 500 confirmetur
1391 462 1488 500 cor
1526 456 1770 502 vestrum
1791 451 1871 515 '9;
1911 468 1930 499 ι
1971 460 2027 504 et

458 558 478 592 ι
516 540 702 594 Estote
728 538 1029 607 prudentes
1050 537 1195 591 sicut
1220 546 1524 606 serpentes,
1560 546 1616 593 et
1639 540 1922 609 simplices
1946 539 2023 594 si-

451 638 548 684 cut
571 627 841 684 eolumbaa
862 628 926 681 ³⁸.
966 646 985 679 ι
1009 627 1163 683 .Oves
1198 638 1383 683 autem
1411 637 1467 683 et
1511 630 1681 685 boves
1707 639 1834 685 sunt
1869 640 2027 701 typus

451 720 819 790 corporalium
856 728 1105 775 motuum
1129 728 1185 773 et
1215 734 1247 772 a
1272 721 1481 774 ratione
1512 721 1892 785 remotiorum,
1930 719 2022 790 qui

452 825 555 865 nec
575 808 680 880 ipsi
702 809 925 879 quidem
942 816 1071 863 sunt
1094 808 1405 865 dimittendi
1430 811 1664 867 diabolo.
1686 812 1792 867 Sed
1812 812 2026 866 Pharao

449 900 675 970 quidem
715 900 865 955 viros
905 900 1072 955 etiam
1122 899 1329 955 invitus
1372 901 1631 967 dimittit,
1672 902 2025 966 mulierculas

450 998 635 1045 autem
668 998 725 1045 et
751 1004 952 1059 pueros
983 989 1316 1060 impuberes,
1342 1002 1399 1045 et
1426 990 1731 1048 imbecillos
1765 1006 1944 1057 senes,
1970 1001 2027 1048 et

452 1081 614 1135 bruta
630 1080 931 1134 animantia
948 1089 1183 1134 conatur
1200 1080 1458 1135 retinere.
1479 1082 1613 1136 Nam
1633 1083 1788 1138 timet
1802 1083 2024 1153 quidem

453 1176 659 1228 virtute
700 1173 891 1234 fortes,
917 1180 979 1226 ut
1002 1172 1096 1241 qui
1124 1173 1341 1241 possint
1377 1174 1655 1229 resistere.
1688 1174 1803 1230 Sibi
1839 1186 2026 1231 autem

452 1265 697 1320 vindicat
731 1265 946 1319 animos
994 1264 1341 1320 effeminatos
1372 1274 1430 1320 et
1457 1266 1672 1330 molles,
1700 1274 1757 1321 et
1795 1267 2027 1337 spiritus

456 1355 704 1411 infirmos
755 1364 813 1410 et
873 1371 1068 1425 pugnae
1119 1371 1230 1409 non
1280 1366 1438 1426 aptos
1474 1373 1489 1410 :
1523 1366 1582 1412 et
1621 1357 1729 1412 sibi
1781 1357 2027 1413 vindicat

454 1455 725 1519 quotquot
770 1457 899 1501 sunt
952 1447 1311 1518 intelligentia
1350 1448 1605 1516 infantes,
1647 1456 1705 1505 et
1755 1449 2025 1520 quidquid

453 1547 539 1595 est
560 1554 804 1595 crassum
828 1549 884 1593 et
906 1553 1103 1609 expers
1140 1539 1391 1595 rationis.

2125 447 2371 516 δρίζεσθε
2398 446 2531 517 γὰρ,
2559 445 2711 516 φησὶ,
2731 444 2825 498 καὶ
2849 446 3225 514 κραταιούσθω
3246 448 3443 518 καρδία
3461 448 3648 519 ὑμῶν·
3682 466 3705 499 ι

2127 538 2244 601 καὶ,
2296 554 2315 588 ι
2351 536 2572 590 Γίνεσθε
2616 536 2869 606 φρόνιμοι
2908 536 2984 601 ὡς
3014 538 3065 589 οἱ
3099 536 3253 607 ὄφεις
3275 580 3291 603 ,
3320 539 3415 592 καὶ
3446 540 3715 609 ἀκέραιοι

2124 627 2202 690 ὡς
2232 627 2287 679 αἱ
2328 627 2672 699 περιστεραί.
2722 644 2742 678 ι
2781 624 2865 680 Τὰ
2910 625 3161 697 πρόϐατα
3200 626 3258 680 δὲ
3303 627 3400 681 καὶ
3442 630 3495 681 οἱ
3543 628 3715 697 βόες.

2125 718 2295 783 τύπος
2328 719 2437 772 τῶν
2473 717 2805 788 σωματικῶν
2831 735 2893 770 τε
2938 717 3034 771 καὶ
3058 717 3413 788 ἀλογωτέρων
3457 719 3713 790 κινημά-

2125 824 2267 864 των*
2317 808 2353 863 ἀ
2393 808 2529 879 μηδὲ
2576 807 2717 861 αύτά
2766 807 3021 878 μεθετέον
3060 807 3139 878 τῷ
3181 807 3432 878 διαϐόλῳ.
3489 808 3640 862 Ἀλλ’
3676 810 3713 860 6

2125 901 2324 974 Φαραὼ
2353 901 2479 963 τοὺς
2507 899 2605 970 μὲν
2632 899 2830 970 ἀνδρας
2857 900 3042 971 ἀνίησι
3078 899 3173 953 καὶ
3193 899 3372 954 ἄκωνο
3398 898 3467 953 τά
3500 899 3712 967 γύναια

2124 995 2183 1049 δὲ
2218 996 2459 1057 καὶτοὺς
2498 993 2729 1064 ἀνήϐους
2764 993 2994 1058 παῖδας,
3025 992 3119 1046 καὶ
3155 992 3284 1057 τοὺς
3312 993 3559 1057 ἀσθενεῖς
3605 993 3705 1062 γέ-

2128 1102 2321 1157 ροντας
2345 1125 2359 1149 ,
2394 1084 2489 1138 καὶ
2517 1085 2585 1138 τὰ
2628 1084 2764 1138 ἄλλα
2792 1083 2906 1148 ζῶα
2925 1125 2939 1149 ,
2973 1084 3233 1155 πειρᾶται
3269 1085 3703 1155 παρακατέχειν.

2126 1175 2274 1229 Δέδιε
2314 1176 2414 1246 μὲν
2447 1174 2557 1246 γὰρ
2587 1174 2715 1237 τοὺς
2747 1173 3023 1243 ἀνδρείους
3058 1174 3139 1237 είς
3169 1174 3372 1244 ἀρετὴν
3395 1213 3411 1238 ,
3458 1173 3535 1236 ῶς
3567 1173 3703 1225 ἀνθ-

2130 1264 2381 1320 ίστασθαι
2412 1262 2773 1334 δυναμένους’
2805 1264 3160 1316 ἀντιποιεῖται
3187 1263 3245 1316 δὲ
3282 1264 3393 1315 τῶν
3420 1263 3705 1333 θηλυπρε-

2128 1354 2246 1408 πῶν
2273 1371 2336 1409 τε
2369 1353 2466 1407 καὶ
2502 1352 2795 1423 μαλθακῶν
2817 1351 3029 1422 ψυχῶν,
3057 1352 3151 1406 καὶ
3179 1352 3287 1405 τῶν
3315 1353 3707 1422 ἠσθενηκότων

2127 1444 2220 1498 καὶ
2250 1444 2552 1515 ἀπομάχων
2600 1443 2961 1514 φρονημάτων
2984 1481 3000 1506 ,
3034 1443 3128 1497 καὶ
3164 1446 3525 1514 περιποιεῖται
3571 1445 3706 1497 ὅσον

2127 1534 2394 1605 νηπιῶδες
2421 1536 2500 1598 είς
2537 1533 2772 1597 σύνεσιν,
2801 1534 2895 1587 καὶ
2922 1533 3047 1586 ὅσον
3072 1534 3218 1604 παχὺ
3256 1533 3350 1586 καὶ
3374 1534 3590 1602 ἄλογον.

455 1650 1329 1749 θίῗὶίιῗξῗῖἷῗῗξ.⁸¹9ἒ¹³ξξηξῖἒξ¹ἝῨΡῘ
1355 1651 2025 1749 ε.ἕ,είξ,ς.ξ-εαηιέιέέιὲ,ηιένξξ

2130 1641 2391 1749 εῖῖῑῖξὲς
2402 1642 3703 1749 ἕείῑᾱείιῑὲεε.ῖὲ⁵ξξξώ;ηξῆξέξηῑαέςξῖὺηξίὲῖ

526 1722 834 1776 holocausta
878 1713 938 1776 etv
959 1724 1156 1776 hostias
1192 1740 1324 1793 quas
1366 1723 1617 1792 faciemus
1658 1722 1881 1777 Domino
1915 1724 2026 1778 Deo

2197 1731 2329 1779 σεις
2353 1713 2500 1791 ἠμῖῖ
2531 1713 3139 1793 ῥεὶοθςαυςώέιατα-και
3167 1714 3385 1779 θυσίας
3416 1713 3490 1779 ἀς
3529 1714 3709 1779 zoni-

525 1801 705 1845 nostro
724 1794 791 1845 ³¹.

523 1901 739 1971 Accipit
780 1901 978 1972 aliquis
1001 1917 1068 1957 ex
1104 1900 1336 1974 Egypto
1368 1910 1424 1958 et
1443 1904 1749 1970 Pharaone,
1774 1914 1829 1961 et
1864 1905 2029 1961 oﬂert

455 1990 587 2055 Deo,
631 1990 909 2060 accipiens
948 1991 1017 2045 ab
1043 1991 1211 2061 impia
1250 1992 1598 2063 philosophia
1630 2010 1694 2049 ac
1715 1995 2029 2053 eruditione

455 2080 623 2136 veluti
655 2081 862 2137 hostias
884 2082 1085 2153 lingua:
1113 2082 1428 2138 facundiam
1467 2092 1524 2140 et
1554 2085 1951 2155 eloquentiam,
1972 2096 2030 2142 et

455 2170 766 2225 admiscens
788 2171 1137 2241 dogmatibus
1170 2173 1409 2242 pietatis,
1444 2183 1500 2229 et
1533 2190 1631 2244 per
1652 2190 1717 2231 ea
1746 2192 1868 2246 qua:
1900 2188 2030 2234 sunt

454 2260 770 2327 artiﬁciosa,
799 2262 991 2331 pietati
1025 2270 1081 2318 et
1115 2263 1303 2317 divino
1342 2264 1516 2318 cultui
1552 2280 1711 2334 opem
1736 2265 1942 2333 ferens,
1973 2276 2031 2324 et

455 2370 524 2409 ex
562 2354 730 2409 armis
772 2354 1045 2409 mendacii
1078 2353 1320 2410 efﬁciens
1344 2371 1494 2410 arma
1520 2358 1789 2413 veritatis.
1832 2358 1939 2415 Sed
1974 2368 2031 2415 et

455 2443 863 2513 contemplandi
894 2457 958 2497 ac
985 2442 1334 2497 examinandi
1364 2443 1705 2509 facultatem,
1744 2446 2028 2502 discendi-

457 2548 565 2603 que
608 2534 855 2588 studium
892 2540 949 2588 et
988 2533 1331 2604 diligentiam
1354 2573 1369 2598 ,
1413 2544 1469 2589 et
1509 2535 1556 2589 si
1594 2536 1893 2607 quidquam
1944 2546 2032 2594 est

455 2624 749 2695 ejusmodi,
773 2640 804 2679 a
828 2624 1007 2680 noxiis
1032 2624 1428 2680 transferentes
1455 2625 1523 2680 ad
1550 2627 1937 2696 conducibilia,
1963 2644 2031 2686 ex

456 2714 690 2788 [Egypto
721 2724 777 2771 et
800 2715 1083 2772 Pharaone
1103 2716 1171 2772 ad
1191 2717 1364 2773 Deum
1388 2716 1751 2774 traducimus.

458 2891 639 2969 Neque
665 2910 749 2948 eos
781 2893 997 2947 deduxit
1028 2894 1168 2948 Deus
1199 2912 1292 2965 per
1313 2896 1885 2969 uiamrlg’liilistworum,
1905 2915 2035 2969 quo-

532 2965 677 3043 niam
714 2973 1045 3043 erat__prope,
1074 2980 1137 3043 ne
1167 2965 1391 3043 populus
1426 2966 1603 3043 videns
1643 2968 1837 3043 belium
1865 2965 2036 3024 move-

530 3038 679 3084 retur
703 3033 1007 3101 pwnitentia
1036 3040 1086 3085 et
1111 3033 1305 3086 rediret
1337 3036 1390 3087 in
1417 3033 1703 3104 Egyptum
1728 3037 1792 3091 “.

532 3207 632 3263 Est
663 3207 812 3263 enim
844 3221 1015 3279 prope
1058 3215 1115 3262 et
1140 3207 1299 3264 facile
1336 3208 1695 3279 conspicuum
1720 3210 1788 3266 de
1812 3210 2038 3269 Christo

463 3298 806 3371 mysterium.
857 3299 1004 3353 Deus
1041 3307 1225 3354 autem
1248 3314 1360 3354 non
1394 3300 1581 3355 statim
1615 3300 1684 3355 ad
1724 3301 1779 3357 id
1810 3302 2039 3358 deduxit

460 3385 720 3451 Iudaeos,
770 3385 868 3441 sed
917 3400 1015 3456 per
1067 3386 1246 3457 legem
1288 3388 1579 3457 prolixam,
1623 3397 1680 3445 et
1723 3406 1822 3461 per
1866 3393 2039 3448 multa

461 3477 769 3549 enigmata,
816 3485 1077 3547 tanquam
1128 3492 1227 3547 per
1264 3479 1559 3548 quamdam
1611 3480 1830 3553 longam
1870 3482 2036 3550 viam,

461 3584 561 3626 eos
599 3568 668 3624 ad
706 3568 761 3623 id
804 3567 1052 3632 deduxit,
1099 3584 1168 3624 ne
1204 3569 1250 3623 si
1287 3568 1431 3625 forte
1463 3580 1649 3627 essent
1685 3576 1981 3646 oppugnati
2008 3592 2040 3631 a

461 3657 890 3729 cogitationibus
918 3658 1248 3729 hyperboles
1272 3666 1329 3713 et
1361 3663 1824 3733 exsuperationis,
1844 3681 2040 3722 rursus

462 3751 714 3806 redirent
735 3749 803 3804 ad
826 3750 1165 3820 impietatem
1189 3742 1584 3822 IEgyptiacam,
1608 3754 1705 3809 sed
1734 3765 1793 3811 ut
1823 3758 2041 3812 eminus

463 3842 522 3896 in
566 3841 765 3896 umbra
803 3842 1055 3897 veritatis
1092 3842 1423 3898 meditantes
1451 3853 1508 3899 et
1559 3847 1867 3914 exercitati,
1903 3857 2041 3904 tem-

463 3950 599 4006 pore
659 3936 1012 3991 convenienti
1060 3936 1220 3992 facile
1266 3938 1522 3995 venirent
1568 3939 1638 3994 ad
1680 3941 1735 3996 id
1772 3944 1919 4012 quod
1956 3954 2042 4000 est

464 4029 793 4101 perfectum.
836 4029 1016 4099 Atque
1059 4029 1372 4085 Philistzeus
1399 4031 1622 4100 quidem
1649 4032 2043 4104 interpretatur

464 4119 824 4184 admirabilis,
842 4118 931 4173 via
968 4126 1153 4174 autem
1189 4120 1510 4176 admirablis
1537 4130 1623 4177 est
1645 4125 1732 4178 via
1771 4124 1955 4182 brevis
1978 4144 2043 4183 ac

464 4209 873 4282 compendiosa,
902 4210 1213 4282 cuiusmodi
1241 4219 1326 4266 est
1348 4211 1436 4266 via
1459 4212 1764 4284 Evangelii.

467 4326 606 4406 Deus
637 4334 814 4379 autem
837 4341 934 4406 leas
973 4323 1319 4406 pracedebat,
1354 4325 1585 4406 interdiu
1624 4327 1836 4406 quidem
1863 4331 1918 4383 in
1946 4346 2036 4406 co-

538 4395 721 4449 lumna
757 4394 904 4447 nubis
939 4394 1012 4448 eis
1047 4394 1189 4448 viam
1219 4395 1495 4449 ostendens
1518 4435 1533 4461 ,
1579 4394 1734 4451 noctu
1765 4408 1942 4453 autem
1982 4401 2038 4454 in

534 4464 779 4519 columna
799 4466 933 4534 ignis
952 4464 1017 4517 ³³.

530 4572 797 4629 Columna
825 4580 1008 4627 autem
1035 4573 1283 4630 veritatis
1301 4583 1385 4629 est
1407 4574 1552 4631 Deus
1579 4591 1611 4631 a
1640 4585 1787 4633 terra
1811 4580 2040 4637 trahens

462 4664 531 4720 ad
558 4664 777 4719 caelum.
802 4664 871 4718 Et
910 4678 1018 4717 nox
1041 4663 1265 4733 quidem
1294 4674 1379 4720 est
1402 4674 1615 4736 tempus
1638 4670 1785 4739 quod
1812 4670 1917 4726 fuit
1937 4688 2039 4727 an-

465 4764 684 4826 tequam
729 4754 982 4811 Christus
1037 4754 1335 4809 humanam
1384 4757 1691 4827 susciperet
1746 4770 2038 4828 naturam,

461 4850 685 4913 propter
704 4842 912 4897 erroris
950 4842 1207 4898 tenebras
1233 4851 1289 4899 et
1322 4848 1825 4915 supereminentem
1867 4852 2036 4907 vitio-

462 4952 583 4991 rum
607 4937 881 5006 animique
912 4936 1392 5006 perturbationum
1418 4940 1727 5011 caliginem.
1764 4943 1893 4999 Dies
1935 4959 2039 4998 au-

463 5035 573 5082 tem
602 5033 720 5092 est,
745 5036 964 5096 tempus
1000 5028 1120 5099 ejus
1156 5028 1443 5095 adventus,
1472 5046 1583 5099 quo
1621 5042 1779 5088 ortus
1830 5043 1917 5089 est
1959 5037 2040 5091 sol

2198 1798 2389 1853 σομεν
2415 1782 2497 1848 τῷ
2524 1782 2722 1851 Κυρίῳ
2757 1782 2878 1847 Θεῷ
2906 1782 3098 1851 ἡμῶν.

2199 1892 2483 1965 Λαμϐἀνει
2514 1910 2597 1956 τις
2627 1892 2686 1959 ἐξ
2720 1891 2997 1961 Αἰγύπτου
3022 1891 3115 1945 καὶ
3146 1890 3362 1962 Φαραὼ,
3398 1893 3505 1945 καὶ
3534 1909 3707 1961 προσ-

2130 1986 2288 2057 φέρει
2321 1984 2398 2055 τῷ
2426 1984 2546 2055 Θεῷ
2572 2022 2589 2049 ,
2618 1982 2909 2053 λαμϐάνων
2938 1984 3004 2036 ὲκ
3047 1984 3146 2054 τῆς
3181 1982 3342 2037 ἀθέου
3383 1984 3573 2051 σοφίας
3608 1984 3709 2036 καὶ

2130 2078 2227 2147 τῆς
2260 2075 2600 2139 παιδεύσεως
2635 2075 2744 2128 τῶν
2773 2074 2878 2141 ἔξω
2900 2115 2915 2140 ,
2952 2073 3209 2145 καθάπερ
3253 2075 3427 2144 ίερεῖα
3469 2075 3570 2145 τὴν
3608 2075 3706 2127 £6-

2133 2167 2403 2237 γλωττίαν
2433 2166 2528 2221 καὶ
2551 2165 2927 2233 καλλιέπειαν,
2949 2165 3045 2218 καὶ
3066 2164 3413 2236 ἀναμιγνύων
3431 2165 3568 2218 αὑτά
3588 2168 3706 2229 τοῖς

2129 2257 2229 2327 τῆς
2278 2256 2571 2320 εὐσεϐείας
2604 2255 2857 2327 δόγμασι,
2911 2256 3008 2309 καὶ
3039 2255 3129 2309 διὰ
3175 2256 3285 2310 τῶν
3321 2257 3589 2327 ἐντέχνων
3634 2261 3707 2329 τῇ

2132 2348 2410 2420 θεοσεϐείᾳ
2447 2346 2679 2421 βοηθῶν,
2717 2348 2815 2401 καὶ
2852 2346 2921 2401 τά
2958 2347 3103 2425 »ὅπλα
3135 2346 3245 2425 τοῦ,
3281 2346 3513 2417 ψεύδους
3558 2348 3707 2401 ὅπλα

2130 2441 2230 2512 τῆς
2268 2439 2525 2513 ἀληθείας
2554 2438 2874 2512 ποιούμενος
2896 2455 2910 2468 ’
2953 2422 3090 2494 ἀλλά
3131 2422 3326 2494 καὶ-τὸ
3367 2440 3708 2511 θεωρητικόν

2130 2549 2190 2585 τε
2217 2531 2312 2585 καὶ
2345 2529 2710 2598 ἐξεταστικὸν,
2741 2530 2915 2583 καὶτὸ
2939 2530 3237 2601 φιλομαθὲς
3260 2530 3355 2584 καὶ
3379 2530 3443 2583 τὸ
3469 2530 3712 2601 φερέπο-

2131 2638 2221 2677 νον
2261 2622 2355 2677 καὶ
2391 2622 2445 2675 εί
2468 2638 2523 2675 τι
2551 2619 2814 2688 τοιοῦτον,
2859 2618 2968 2674 ἀπὸ
3017 2621 3125 2674 τῶν
3167 2619 3444 2692 βλαϐερῶν
3490 2622 3582 2673 ἐπὶ
3636 2620 3710 2671 τὰ

2132 2712 2385 2785 ὠφέλιμα
2424 2711 2953 2784 μεταλαμϐάνοντες,
2990 2712 3051 2775 ἐξ
3079 2712 3356 2782 Αἰγύπτου
3378 2714 3473 2766 καὶ
3503 2710 3711 2784 Φαραὼ

2134 2802 2272 2875 πρὸς
2296 2803 2428 2858 Θεὸν
2460 2801 2793 2875 μετάγομεν.

2135 2914 2245 2985 Καί
2275 2916 2388 2984 οὐχ
2410 2913 2724 2985 ὡδήγησεν
2749 2911 2970 2985 αὐτοὺς
2993 2913 3136 2979 Θεὸς
3160 2911 3307 2985 6667f
3334 2915 3714 2985 Φυλιρντιειμ,

2208 2982 2300 3054 ὅτι
2337 2981 2517 3054 ἐγγὺς
2545 2981 2643 3053 ’ἦν
2666 3023 2681 3050 ,
2729 2983 2966 3054 μήποτε
2995 2983 3389 3052 μεταμελήσῃ
3428 2983 3516 3054 τῷ
3556 2981 3713 3052 Julii,

2061 3033 2111 3098 C
2214 3033 2399 3106 ea};
2414 3033 2427 3054 '
2441 3033 2713 3124 ἇεξςλὲίιοῖν
2729 3033 2889 3121 ζ’
2908 3033 3297 3123 Maiam
3309 3033 3418 3119 ἐ’ἱς
3435 3033 3450 3037 ⁷
3462 3033 3717 3123 alii?

2208 3136 2458 3194 γυπτον.

2219 3234 2417 3304 Ἐγγύς
2456 3235 2553 3306 μὲν
2586 3234 2695 3306 γὰρ
2732 3236 2828 3290 καὶ
2861 3235 3187 3290 εὐσύνοπτον
3226 3236 3288 3290 τὸ
3317 3235 3448 3308 περὶ
3472 3220 3719 3307 Χριστοῦ

2142 3327 2460 3399 μυστήριον.
2490 3326 2603 3380 Ούκ
2634 3326 2795 3392 εὐθὺς
2819 3327 2876 3382 δὲ
2909 3327 3045 3399 πρὸς
3070 3325 3228 3381 τοῦτο
3256 3330 3381 3392 τοὺς
3427 3328 3718 3392 Ἰουδαίους

2138 3419 2168 3471 ὀ
2210 3416 2343 3482 Θεὸς
2384 3418 2592 3488 ἧγαγε,
2643 3418 2732 3473 διὰ
2773 3418 2831 3472 δὲ
2866 3419 2961 3473 τοῦ
3007 3420 3218 3491 μακροῦ
3259 3420 3424 3491 νόμου
3464 3421 3561 3473 καὶ
3602 3421 3723 3475 τῶν

2139 3507 2351 3565 πολλῶν
2378 3508 2739 3579 αἰνιγμάτων,
2780 3510 2855 3574 ὡς
2878 3510 2966 3565 διὰ
2992 3514 3211 3582 μακρᾶς
3230 3529 3378 3575 τινος
3403 3512 3524 3566 όδοῦ
3544 3552 3560 3577 ,
3590 3513 3723 3566 τού-

2139 3617 2263 3665 τους
2295 3599 2495 3672 ῶδήγει
2524 3601 2662 3672 πρὸς
2684 3600 2843 3655 τοῦτο
2864 3616 2879 3631 °
2911 3604 3123 3673 μήποτε
3178 3604 3580 3675 πολεμηθέντες
3602 3608 3723 3668 τοῖς

2143 3690 2423 3762 λογισμοῖς
2451 3692 2551 3763 τῆς
2572 3691 2896 3765 ὑπερϐολῆς,
2920 3694 3302 3765 ἀποστρέψωσι
3332 3694 3490 3748 πάλιν
3512 3696 3592 3757 είς
3618 3695 3724 3760 τὴν

2141 3783 2518 3854 Αἰγυπτιακὴν
2550 3783 2828 3851 ἀσέϐειαν,
2870 3783 2986 3837 ἀλλ’
3038 3785 3126 3839 ἶνα
3159 3785 3442 3858 πόρρωθεν
3479 3785 3723 3856 ἐμμελε-

2139 3873 2341 3937 τῶντες
2364 3876 2431 3945 τῇ
2456 3876 2584 3945 σκιᾷ
2608 3875 2709 3945 τῆς
2728 3874 3005 3946 ἀληθείας,
3039 3876 3137 3930 καὶ
3155 3875 3552 3946 γυμναζόμενοι
3575 3876 3726 3931 κατά

2146 3962 2238 4015 τὸν
2270 3962 2551 4033 πρέποντα
2592 3966 2813 4037 καιρὸν,
2858 3968 3115 4038 εὐμαρῶς
3147 3968 3243 4022 ἐπὶ
3285 3968 3348 4022 τὸ
3382 3968 3588 4021 τέλειον
3629 3968 3726 4021 ελ-

2142 4053 2304 4107 θοιεν.
2334 4054 2653 4127 Φυλιστιεὶμ
2676 4058 2774 4127 μὲν
2802 4052 2893 4112 οὖν
2923 4059 2957 4127 ἡ
3006 4058 3295 4131 θαυμαστὴ
3333 4058 3720 4131 ῑρμηνεύεται,

2140 4137 2256 4199 ὁδὸς
2286 4138 2343 4193 δὲ
2393 4138 2682 4213 θαυμαστὴ
2716 4145 2749 4214 ἡ
2784 4143 3077 4216 σύντομος,
3119 4147 3281 4200 ὁποία
3331 4148 3479 4201 ἐστὶν
3526 4148 3563 4218 ἡ
3619 4145 3723 4201 τοῦ

2143 4224 2287 4278 θείου
2319 4227 2677 4297 Εὑαγγελίου.

2071 4374 2115 4431 ι)
2155 4337 2504 4431 ὀηέᾕέείές
2531 4340 2983 4431 genere.
3013 4345 3238 4431 We“?
3272 4345 3390 4431 μέν
3409 4346 3727 4431 errem

2212 4409 2491 4485 τερέλης,
2520 4409 2713 4485 δεῖξαι
2741 4413 2947 4479 αὐτοῖς
2969 4409 3084 4483 τὴῖσ·
3105 4409 3410 4485 ὄδόνίτὴν
3436 4416 3506 4469 δὲ
3524 4409 3726 4471 vineti;

2212 4478 2283 4530 ἐν
2314 4481 2521 4545 στύλφ
2543 4482 2755 4549 πυρός.

2217 4585 2414 4651 Στύλος
2439 4588 2557 4642 ἐστὶ
2586 4590 2684 4661 τῆς
2721 4591 2977 4662 ἀληθείας
2999 4635 3014 4657 ,
3049 4596 3078 4647 6
3106 4594 3237 4659 Θεὸς
3266 4596 3376 4650 ἀπὸ
3401 4596 3504 4667 γῆς
3540 4596 3729 4653 ἕλκων

2143 4677 2224 4741 είς
2257 4678 2507 4750 οὐρανόν.
2540 4683 2651 4736 Καὶ
2681 4683 2777 4750 νὺξ
2806 4684 2906 4755 μὲν
2928 4687 2957 4738 6
3002 4687 3107 4758 πρὸ
3130 4689 3231 4758 τῆς
3251 4688 3730 4761 ὲνανθρωπήσεως

2142 4769 2236 4823 τοῦ
2272 4772 2475 4842 Κυρίου
2508 4774 2699 4845 καιρός
2722 4791 2739 4806 ·
2772 4775 2861 4830 διὰ
2888 4777 2980 4833 τὸν
3016 4779 3207 4832 σκότον
3238 4781 3338 4850 τῆς
3371 4780 3602 4851 πλάνης,
3626 4784 3735 4835 καὶ

2141 4861 2235 4915 τὸν
2262 4863 2659 4927 ἐπιπολάζοντα
2692 4867 2855 4937 ζόφον
2878 4869 2989 4923 τῶν
3018 4870 3207 4925 παθῶν
3227 4888 3241 4902 ·
3274 4872 3457 4943 ἡμέρα
3480 4872 3540 4927 δὲ
3568 4875 3597 4925 6
3622 4875 3731 4944 τῆς

2141 4950 2437 5022 ἐπιδημίας
2461 4954 2626 5008 αὐτοῦ
2644 4995 2659 5021 ,
2680 4957 2804 5011 καθ’
2825 4958 2885 5013 ὃν
2911 4961 3183 5014 ἀνέτειλεν
3207 4962 3371 5026 αὐτὸς
3390 4965 3418 5016 ό
3442 4964 3593 5034 ἣλιος
3622 4964 3735 5034 τῆς

2140 5042 2523 5115 δικαιοσύνης,
2559 5047 2811 5116 φωτίζων
2858 5051 2952 5105 καὶ
2986 5051 3320 5123 λαμπρύνων
3352 5054 3451 5117 τάς
3484 5035 3594 5106 τῶν
3632 5072 3736 5107 πι-

457 5117 684 5189 justitia:
716 5117 1032 5173 illuminans
1071 5119 1282 5173 animas
1323 5120 1687 5177 credentium.
1732 5123 1851 5178 Jam
1900 5141 2032 5181 vero

2143 5135 2439 5191 στευόντων
2463 5138 2658 5211 ψυχάς.
2706 5144 2905 5199 Λοιπὸν
2932 5140 3027 5198 οὖν
3194 5144 3484 5208 Ἰουδαίους
3520 5146 3734 5215 ῶδήγει

461 5209 679 5265 ,ἰιιιιωοε
691 5208 914 5278 quidem
936 5208 1244 5265 deducebat
1259 5210 1377 5281 lege
1397 5213 1662 5280 puniente
1683 5232 1696 5267 :
1726 5214 1868 5286 ignis
1886 5217 2032 5273 enim

2144 5224 2224 5296 τῷ
2278 5208 2571 5295 κολάζοντι⁷
2613 5234 2793 5305 νόμῳσ
2850 5208 3128 5298 κολάσεως
3175 5236 3287 5307 γάρ
3340 5208 3737 5307 σύμϐολον-*τὸ

463 5309 548 5355 est
582 5300 890 5371 symbolum
917 5299 1241 5371 punitionis.
1278 5301 1511 5356 Deducit
1538 5312 1723 5359 autem
1760 5306 2032 5364 Christia-

2146 5315 2279 5388 πῦρ.
2314 5318 2455 5383 Τοὺς
2501 5299 2859 5394 Χριστιανοὺς
2886 5326 2942 5379 δὲ
2972 5327 3157 5397 ὁδηγεῖ
3188 5299 3269 5398 τῇ.
3306 5326 3393 5380 διά
3414 5299 3528 5380 ’τοῦ
3563 5328 3738 5396 ἀγίου

466 5404 565 5444 nos
590 5390 659 5445 ad
682 5391 913 5446 salutem
939 5406 1038 5461 per
1059 5398 1309 5447 sanctum
1334 5392 1689 5463 baptismum.
1713 5396 1869 5467 Aqua
1889 5402 2032 5456 enim

2148 5405 2526 5478 βαπτίσματος
2554 5390 2842 5485 σωτηρίᾳ.
2899 5390 3093 5484 ’Υδωρ
3136 5390 3262 5485 γάῥ⁷
3294 5415 3329 5483 ἡ
3385 5412 3583 5483 νεφέλη
3613 5390 3743 5466 ’καὶ

466 5483 551 5531 est
590 5476 762 5532 nubes
802 5488 859 5534 et
888 5479 1105 5550 signum
1138 5481 1309 5537 sancti
1344 5479 1708 5551 baptismatis.
1748 5486 1867 5543 Non
1912 5489 2032 5546 licet

2149 5476 2419 5567 σύμϐολον
2443 5499 2537 5561 τοῦ
2569 5476 2939 5568 θείουήῦδατος
2967 5476 3065 5558 τού
3091 5476 3488 5574 βαπτίσματος.
3519 5476 3594 5557 Ού
3620 5506 3742 5575 γὰρ

542 5631 587 5663 ⁸³
610 5632 893 5701 Joan.x1v,
922 5637 1009 5691 27.
1088 5640 1132 5672 ³⁰
1164 5639 1351 5695 Matth.
1395 5657 1466 5707 xi,
1504 5642 1592 5695 27.
1672 5644 1713 5680 ³³
1755 5646 1925 5701 Exod.
1965 5664 2015 5713 χ,

2208 5654 2251 5683 ³²
2289 5655 2457 5709 Exod.
2502 5674 2613 5721 xm,
2646 5661 2727 5715 i7.
2806 5663 2849 5694 ³³
2889 5663 3025 5719 Ibid.
3062 5664 3151 5721 21.
