4062 6202
398 264 535 321 1133

1752 274 2066 322 ρυυιιριιιλι
2082 274 2288 325 ΛΝΕΑ.

3500 285 3642 342 4194

399 379 548 430 ἔστιν
578 375 660 438 είς
684 372 784 443 τὴν
822 374 933 427 ἀνω
955 390 1015 427 τε
1046 374 1142 428 καὶ
1163 373 1328 443 ἀγίαν
1356 370 1653 443 ἀῲικέσθαι
1687 376 1860 438 πόλιν.
1894 377 1968 447 μὴ

2072 378 2217 433 enim
2240 380 2428 436 venire
2455 382 2510 437 in
2534 398 2831 454 supernam
2854 377 3183 443 et‘sanetam
3210 390 3511 460 civitatem,
3534 395 3642 454 nisi

391 465 868 536 καθοδηγουμένου
895 465 1154 536 Χριστοῦ,
1181 466 1277 521 καὶ
1298 466 1398 536 τὴν
1421 465 1540 520 ὁδὸν
1567 466 1666 537 τῆς
1693 468 1967 540 σωτηρίας

393 564 852 627 ὑποδεικνύοντος.

405 676 615 753 Ἐξῆρε
650 674 720 729 δὲ
738 674 847 753 -κιξὶ
943 673 1171 753 στύλρς
1196 671 1307 753 τῆς
1332 673 1751 753 νεςρέληςιάπὸ
1780 689 1969 753 κροσ-

461 742 627 801 ώδέου
683 743 917 807 αὐτῶν-,ί
954 743 1054 803 καί
1092 744 1242 811 ἔστη
1271 744 1339 797 ἐκ
1369 742 1490 798 τῶν
1516 744 1710 798 ὀπίσω
1744 742 1965 810 αὐτῶν,

466 817 562 889 καί
601 813 894 889 είσῇλθεν
1067 813 1265 889 “suo?
1303 812 1414 880 τῆς
1434 813 1819 889 πμρεμϐολῆς
1848 814 1968 889 τῷν

465 881 830 954 Ανιγυπτίων,
874 884 976 954 καί
1020 881 1138 939 ἀνὰ
1171 881 1371 954 μέσον
1422 881 1551 954 τῆςῄ
1574 881 1967 954 παρεμϐολῆς

460 950 579 1010 rdii-
604 952 753 1008 υἱῶν
786 953 1057 1022 Ἰσραὴλ,
1087 950 1187 1008 καί
1214 956 1289 1009 οὑ
1306 950 1643 1021 συνέμιξαν
1671 950 1969 1020 ἀλλήλοις

460 1025 616 1093 ὅλην
646 1023 764 1093 τὴν
795 1024 1010 1078 νύκτα.

462 1137 677 1201 Νυκτὸς
702 1137 812 1209 γάρ
838 1134 1029 1205 οὔσης,
1060 1135 1180 1206 ἦτοι
1213 1133 1409 1207 καιροῦ
1438 1133 1643 1199 δειλίαν
1675 1136 1790 1198 τοῖς
1816 1133 1971 1189 εύσεν-

388 1228 543 1282 σέσιν
574 1226 875 1293 ἐπάγοντος
897 1264 912 1290 ,
945 1222 1159 1283 ἵσταται
1208 1222 1375 1293 μέσον
1401 1222 1587 1279 αὐτῶν
1631 1239 1691 1277 τε
1724 1223 1819 1276 καί¹
1860 1221 1969 1275 τῶν

382 1315 842 1389 ριαταδιωκόντων
873 1314 1101 1377 αὐτοὺς,
1132 1313 1346 1386 ὁρατῶν
1375 1314 1408 1386 ἢ
1438 1313 1688 1383 ἀοράτων
1733 1312 1967 1384 ἐχθρῶν,

386 1413 426 1485 ὴ
451 1408 549 1465 τοῦ
590 1406 793 1477 Κυρίου
821 1404 1085 1475 δύναμις·
1119 1406 1222 1459 οὐκ
1255 1404 1405 1458 ἐῶσα
1428 1404 1841 1485 συρρήγνυσθαι
1871 1404 1970 1475 μέ-

392 1518 515 1573 χρις
535 1500 601 1554 ἂν
617 1501 646 1552 6
673 1496 839 1567 φόϐος
858 1495 1131 1567 παρέλθῃ.
1161 1498 1233 1549 Ἦ
1258 1497 1354 1551 καὶ
1374 1498 1506 1568 περὶ
1526 1495 1634 1551 τῶν
1686 1497 1812 1569 ἄρτι
1832 1513 1969 1549 κατ-

385 1590 708 1666 ,ηχουμένων
747 1588 839 1642 τὸν
884 1591 985 1660 τῆς
1040 1587 1323 1653 εύσεὸείας
1369 1588 1528 1659 λόγον
1576 1589 1606 1641 6
1648 1588 1804 1657 λόγος
1825 1628 1840 1652 ,
1888 1581 1969 1650 οἷς

2071 466 2309 539 deducat
2337 469 2590 527 Christus
2616 482 2672 528 ct
2707 474 2962 531 ostendat
2983 476 3128 545 viam
3151 480 3361 537 salutis.

2069 664 2237 720 Elata
2259 675 2336 725 est
2356 678 2536 723 autem
2553 670 2800 746 columna
2824 673 2973 746 nubis
2990 692 3023 730 α
3048 675 3180 746 facie
3199 693 3401 746 eorum,
3429 690 3478 735 et
3507 686 3648 738 stetit

2142 752 2276 821 pene
2298 753 2384 821 eos
2400 755 2419 793 :
2442 749 2491 793 et
2520 743 2662 821 stetit
2684 744 2739 796 in
2763 744 2930 821 medio
2952 743 3247 821 castrorum
3276 743 3649 821 [Egyptiorum

2140 814 2513 931 ῗὲεέαέᾍιῇἓηιηι
2545 810 2782 878 ﬁliorum
2803 813 2999 881 Israel,
3022 824 3072 885 et
3101 833 3204 873 non
3235 810 3370 873 sunt"
3382 810 3650 889 commisti

2140 1132 2285 1187 Dum
2321 1143 2408 1189 est
2449 1135 2672 1204 quidem
2715 1152 2844 1202 nox,
2890 1154 2987 1194 seu
3032 1149 3250 1213 tempus
3271 1145 3379 1215 piis
3411 1146 3647 1205 aﬂ'crens

2071 1224 2348 1290 timorem,
2367 1232 2475 1280 stat
2506 1226 2651 1281 inter
2680 1242 2777 1283 eos
2808 1238 2864 1283 et
2896 1246 2992 1288 eos
3010 1233 3104 1302 qui
3130 1234 3277 1303 ipsos
3301 1251 3646 1308 persequun-

2064 1324 2185 1381 tur,
2222 1332 2422 1387 nempe
2459 1318 2647 1373 hostes
2680 1321 3044 1390 aspectabiles
3084 1330 3140 1377 et
3178 1324 3371 1381 hostes
3414 1329 3508 1398 qui
3545 1330 3647 1391 sub

2069 1416 2349 1478 aspectum
2378 1425 2488 1464 non
2512 1411 2737 1478 cadunt,
2754 1413 2960 1470 Christi
2978 1415 3173 1483 virtus,
3200 1433 3308 1472 non
3344 1418 3533 1474 sineus
3554 1436 3647 1484 eos

2070 1501 2362 1574 conﬂigere
2381 1504 2558 1561 donec
2603 1507 2767 1562 timor
2807 1511 3158 1580 prasterierit.
3205 1512 3317 1568 Aut
3362 1514 3543 1586 agitur
3580 1517 3648 1572 de

2070 1609 2248 1664 nuper
2270 1598 2703 1670 catechumenis,
2735 1599 2841 1656 hoc
2869 1609 2954 1656 est
2983 1603 3214 1659 initiatis
3237 1605 3290 1659 in
3333 1606 3505 1664 verbo
3531 1606 3650 1678 μίαν

392 1684 675 1745 ἀσθενέσιν
704 1677 856 1737 οὖσιν
896 1680 978 1735 ἔτι
1018 1680 1429 1751 συμπλέκεσθαι
1476 1679 1678 1737 κωλύει
1711 1680 1840 1743 τοὺς
1871 1696 1968 1734 πο-

2074 1683 2223 1749 tatis,
2250 1700 2376 1739 cum
2401 1688 2621 1756 quibus,
2648 1696 2710 1742 ut
2732 1690 2825 1760 qui
2859 1691 2971 1746 sint
3000 1692 3182 1751 adhuc
3210 1694 3493 1765 imbecilli,
3523 1677 3645 1772 pro-

390 1775 634 1846 λεμίους.
674 1772 810 1828 Μεθ’
843 1771 873 1826 ὃ
905 1772 962 1825 δὲ
1002 1770 1259 1842 καθάπερ
1288 1770 1375 1824 διὰ
1401 1770 1706 1842 θαλάσσης,
1754 1769 1845 1827 διὰ
1870 1768 1968 1824 τοῦ

2074 1772 2230 1827 hibet
2262 1773 2451 1830 hostes
2478 1777 2792 1850 conﬂigere.
2829 1779 3126 1850 Postquam
3166 1792 3352 1838 autem
3390 1768 3648 1858 tanquam

393 1868 539 1923 θείου
577 1865 956 1938 βαπτίσματος
1006 1862 1247 1927 ἔλθοιεν,
1285 1860 1482 1934 ἀφίησι
1533 1862 1841 1934 μάχεσθαι,
1871 1861 1971 1931 τὴν

391 1955 596 2015 δειλίαν
634 1953 1031 2020 ἀποθεμένους.
1085 1953 1200 2022 Τὴν
1243 1952 1354 2025 γάρ
1387 1951 1657 2024 Ἐρυθρὰν
1693 1951 1972 2007 θάλασσαν

384 2047 678 2117 ,διαϐάντες
702 2045 753 2099 οἱ
795 2043 1145 2114 Ἰσραηλῖται,
1189 2043 1563 2116 μαχιμώτατοι
1607 2044 1703 2100 καὶ
1738 2043 1972 2111 δυσκατ.

393 2122 684 2209 αγὼνιστοι
713 2137 1021 2206 γεγόνασιν.

474 2231 541 2284 Ἦ
595 2228 1004 2301 προσγενομένη
1060 2227 1189 2297 δίψα
1233 2229 1345 2291 τοῖς
1405 2226 1771 2298 Ἰσραηλίταις
1821 2225 1964 2283 κατά

394 2320 494 2392 τὴν
535 2322 742 2392 ἔρημον
782 2320 952 2383 τύπος
1002 2315 1070 2394 ἦν
1120 2319 1230 2372 τῶν
1263 2320 1321 2372 ὲν
1348 2320 1579 2389 ἀσκήσει
1621 2319 1821 2385 πόνων,
1876 2319 1972 2400 καὶ

393 2410 704 2480 γυμνασίας
758 2410 1065 2481 προοίμιον.
1100 2409 1241 2481 Ὅρα
1280 2408 1412 2485 γὰρ,
1459 2409 1541 2462 ὅτι
1597 2409 1697 2461 οὐκ
1738 2410 1796 2462 ὲν
1826 2409 1966 2479 ἀρχῇ

394 2501 731 2574 προσέϐαλεν
763 2502 947 2567 αὐτοῖς
979 2500 1213 2571 πόλεμος
1255 2500 1484 2571 ἐχθρῶν·
1522 2498 1675 2553 οῦπω
1706 2500 1816 2570 γάρ
1843 2502 1970 2568 ἐγυ-

352 2606 356 2611 ·
398 2591 715 2665 μνάσθησαν
762 2593 843 2656 είς
880 2592 943 2646 τὸ
988 2594 1318 2663 ἀριστεύειν.
1374 2592 1475 2645 Διά
1506 2590 1666 2653 τοῦτο
1712 2593 1825 2655 τοῖς
1868 2590 1971 2661 τῆς

396 2684 595 2755 σαρκὸς
627 2685 892 2756 πρότερον
935 2682 1320 2753 δοκιμάζονται
1352 2683 1553 2747 πόνοις.
1598 2685 1693 2747 Είς
1736 2682 1969 2737 τοῦτοδὲ

395 2776 583 2850 βλέπει
625 2777 721 2830 καὶ
751 2775 834 2842 τό·
872 2794 891 2827 ι
932 2773 1244 2846 Πειρασμδς
1266 2775 1414 2845 ὑμᾶς
1441 2772 1594 2829 οὔπω
1642 2772 1965 2837 κατέλαϐεν,

390 2853 446 2924 ἐί
474 2870 550 2940 μὴ
578 2866 938 2939 ἀνθρώπινος.
972 2886 996 2923 ι
1700 2896 1709 2901 -

464 2960 619 3031 Ξύλῳ
650 2957 1062 3029 κατεγλυκάνθη
1094 2956 1158 3011 τὸ
1196 2957 1295 3028 τῆς
1337 2957 1528 3029 Μερᾶς
1571 2956 1768 3028 πικρὸν
1797 2955 1965 3027 ὕδωρ.

2072 1879 2173 1934 per
2200 1880 2350 1933 mare
2382 1882 2482 1937 per
2507 1883 2726 1924 sacrum
2748 1871 3007 1931 venerint
3028 1872 3383 1943 baptismum,
3403 1877 3535 1933 sinit
3556 1895 3650 1936 eos

2072 1971 2338 2027 pugnare,
2372 1974 2605 2016 excusso
2644 1961 2863 2017 timore.
2899 1961 3035 2017 Nam
3065 1979 3191 2019 cum
3227 1966 3477 2022 Rubrum
3504 1985 3651 2027 mare

2074 2049 2721 2119 transiissentlsraelita',
2747 2064 3046 2111 evaserunt
3071 2057 3463 2128 pugnacissimi
3486 2070 3653 2123 ctex-

2068 2152 2313 2213 pugnatu
2349 2143 2677 2198 diﬂicillimi.

2072 2220 2075 2221 ν
2143 2232 2277 2290 Sitis
2299 2250 2422 2305 qum
2440 2233 2706 2291 lsraelitis
2727 2235 2912 2291 evenit
2936 2237 2993 2291 in
3038 2237 3261 2294 deserto
3296 2239 3362 2307 ³³,
3398 2251 3522 2308 erat
3567 2252 3646 2317 ty—

2070 2340 2175 2395 pus
2203 2326 2455 2381 laborum
2479 2326 2574 2396 qui
2608 2327 2926 2384 subeuntur
2946 2329 3003 2384 in
3026 2330 3442 2400 exercitatione,
3465 2342 3523 2389 et
3544 2335 3653 2391 ini-

2073 2415 2209 2470 tium
2238 2416 2668 2481 exercitationis.
2716 2418 2853 2475 Vide
2892 2420 3040 2475 enim
3086 2421 3232 2490 quod
3273 2422 3330 2476 in
3378 2424 3654 2496 principio

2070 2522 2181 2563 non
2225 2508 2426 2563 invasit
2449 2524 2544 2564 eos
2575 2510 2781 2564 bellum
2825 2511 3196 2581 inimicorum.
3224 2512 3481 2570 Nondum
3505 2517 3652 2572 enim

2069 2605 2230 2655 erant
2255 2598 2538 2663 exercitati
2573 2598 2641 2652 ad
2665 2613 2724 2655 se
2743 2598 2965 2667 fertiter
2993 2597 3323 2669 gerendum.
3350 2601 3653 2671 PrOpterea

2069 2696 2401 2748 exercentur
2435 2688 2677 2758 primum
2744 2689 2925 2744 carnis
2969 2688 3274 2759 laboribus.
3326 2690 3408 2746 Eo
3465 2701 3651 2749 autem

2071 2787 2283 2849 spectat
2302 2786 2359 2834 et
2383 2779 2547 2833 illud:
2574 2799 2591 2830 ι
2604 2779 2856 2835 Tentatio
2881 2795 2981 2836 vos
2998 2778 3246 2850 nondum
3264 2782 3650 2858 apprehendit,

2071 2868 2175 2923 nisi
2209 2869 2447 2935 humana
2466 2870 2532 2936 “_.
2559 2888 2575 2923 ι
3330 2858 3336 2866 ’

2140 2959 2316 3031 Ligno
2340 2960 2520 3017 dulcis
2566 2961 2709 3017 facta
2753 2970 2838 3017 est
2872 2978 3059 3018 amara
3108 2978 3253 3034 aqua
3302 2966 3536 3024 Marath.
3584 2968 3648 3038 In

408 3051 497 3106 Ἐν
542 3049 763 3124 Χριστῷ
810 3050 920 3124 γὰρ
956 3048 1034 3121 τῷ
1075 3048 1177 3120 τῆς
1203 3048 1349 3119 ζωῆς
1399 3048 1538 3119 ξύλῳ
1599 3047 1968 3117 καταγλυκαί-

2075 3046 2296 3103 Christo
2317 3050 2489 3115 enim,
2510 3050 2602 3119 qui
2626 3050 2932 3121 estlignum
2955 3049 3105 3117 vitae,
3148 3051 3474 3109 dulcescunt
3526 3058 3651 3128 qui-

389 3160 576 3198 νονται
603 3144 700 3217 μὲν
729 3143 800 3199 τά
825 3141 1017 3213 πικρά·
1049 3140 1266 3214 φορητά
1294 3140 1353 3195 δὲ
1384 3140 1451 3194 τὰ
1479 3139 1739 3193 δύσοιστα
1787 3138 1965 3207 γίνον-

393 3251 507 3290 ται.

468 3327 680 3398 Ὥσπερ
726 3328 775 3385 οἱ
827 3324 1158 3395 Ἰσραηλῖται
1186 3323 1293 3377 τῶν
1325 3321 1502 3393 κρεῶν
1529 3318 1969 3391 ὑπομνησθέντες

396 3418 747 3491 ἐπεθύμησαν
796 3418 853 3470 ἐν
908 3415 1169 3485 Αἰγύπτῳ
1213 3413 1500 3483 γενέσθαι,
1561 3414 1655 3466 καὶ
1698 3410 1968 3466 δουλεύειν

396 3511 556 3567 πάλιν
601 3510 742 3563 ὥστε
801 3506 1179 3580 ἐμπλησθῆναι
1237 3504 1417 3559 αὐτῶν
1443 3544 1459 3570 ,
1507 3501 1651 3562 οὕτω
1700 3503 1797 3556 καλ⁸
1844 3501 1969 3564 τοὺς

388 3601 777 3674 ἀνοητοτέρους
821 3602 878 3655 ὲν
904 3602 1034 3672 ἡμῖν
1074 3600 1315 3671 δριμεῖαι
1346 3596 1604 3659 πολλάκις
1643 3592 1971 3648 ἀναπείθου-

390 3712 481 3755 σιν
519 3694 703 3766 ὴδοναὶ
728 3692 937 3758 παθῶν,
981 3685 1512 3763 φορητὴν-ἡγεῖσθαι
1543 3685 1642 3757 τὴν
1674 3683 1767 3739 τοῦ
1792 3683 1969 3739 διαϐόο

394 3789 488 3845 λου
515 3784 783 3849 δουλείαν,
831 3786 1019 3839 ἕνεκεν
1046 3781 1140 3835 τοῦ
1173 3778 1471 3836 ἀπολαύειν
1513 3776 1712 3832 αὐτῶν.
1750 3776 1967 3849 Ἐφίησι

394 3878 450 3932 δὲ
473 3876 681 3939 τούτοις
723 3876 752 3928 ὁ
790 3873 944 3938 Θεὸς,
972 3867 1296 3931 ἀκαθέκτως
1327 3866 1529 3937 έχουσι.
1576 3867 1749 3923 Τοῦτο
1791 3867 1902 3938 γὰρ
1933 3869 1968 3938 ἡ

394 3970 494 4041 τῆς
524 3966 945 4041 ὀρτυγομήτρας
976 3959 1232 4024 εἰκονίζει
1261 3957 1579 4029 μετάληψις.
1618 3958 1758 4012 Ἀλλ’
1779 3957 1970 4029 ὥσπερ

395 4058 622 4120 ἐκείνοις
654 4053 1031 4124 προτιμήσασι
1061 4047 1155 4103 τοῦ
1205 4049 1382 4119 μάννα
1416 4048 1476 4101 τὸ
1515 4048 1680 4119 κρέας
1707 4049 1789 4112 είς
1816 4047 1971 4119 χολέ-

397 4167 496 4221 ραν
528 4144 822 4217 κατέληξεν
864 4147 898 4216 ἡ
932 4141 1153 4214 βρῶσις⁹
1197 4140 1341 4196 οὕτω
1377 4142 1472 4195 καὶ
1521 4140 1731 4207 τούτοις
1777 4158 1970 4213 προτι-

401 4240 540 4313 μῶσι
596 4238 695 4308 τῆς
742 4236 993 4307 οὐρανίου
1039 4232 1253 4304 τρυφῆς
1299 4231 1397 4303 τὴν
1445 4232 1672 4304 γεηρὰν.
1727 4231 1824 4287 καὶ
1866 4232 1969 4303 τῆς

389 4327 772 4401 πνευματικῆς
798 4325 992 4398 ἡδονῆς
1032 4325 1131 4395 τὴν
1166 4324 1453 4395 σαρκικὴν,
1492 4326 1571 4388 είς
1597 4323 1826 4395 ψυχικὸν
1850 4323 1969 4377 ὄλε-

396 4428 521 4496 θρον
552 4423 585 4494 ἡ
625 4418 921 4493 μετάληψις
946 4417 1259 4490 καταλήξει.

900 4532 1037 4601 Περὶ
1071 4531 1178 4585 τοῦ
1218 4530 1436 4601 μάννα.

461 4651 536 4704 Τὸ
585 4650 681 4720 μὲν
723 4650 893 4720 μάννα
953 4645 1100 4719 πρωῒ
1154 4646 1474 4716 κατήρχετο,
1511 4643 1827 4711 προτυποῦν
1873 4643 1965 4697 τὸν

395 4742 649 4814 Χριστὸν,
681 4742 739 4804 ὃς
772 4741 917 4794 ἐστιν
959 4737 1206 4812 οὐράνιος
1235 4735 1397 4805 ἄρτος
1422 4733 1635 4805 τρέφων
1661 4734 1759 4797 τὰς
1786 4734 1965 4804 ψυχάς

392 4835 499 4889 τῶν
554 4832 723 4886 πινῶν
752 4849 766 4864 ·
803 4832 861 4895 ὃς
902 4832 995 4884 καί⁵
1052 4823 1287 4898 ἀνατολὴ
1325 4824 1477 4897 ἡλίου
1513 4827 1627 4889 τοῖς
1680 4827 1737 4879 ὲν
1781 4826 1965 4879 σκότει

391 4924 718 4995 καθημένοις
759 4921 1187 4992 έπιδεδήμηκεν·
1224 4919 1258 4988 ἡ
1300 4916 1357 4970 δὲ
1396 4916 1782 4987 ὀρτυγομήτρα
1834 4916 1969 4988 πρὸς

391 5017 649 5086 ἑσπέραν,
680 5013 915 5084 δηλοῦσα
942 5015 1042 5084 τῆς
1088 5010 1319 5082 νομικῆς
1347 5008 1607 5080 λατρείας
1633 5009 1733 5078 τὴν
1766 5009 1968 5073 ζωοθυ-

393 5106 550 5165 σίαν.
597 5104 718 5175 ἥτις
768 5108 825 5158 ὲν
878 5105 1057 5166 σκιαῖς
1108 5118 1169 5153 τε
1223 5101 1318 5153 καὶ
1364 5100 1630 5171 ἀμυδροῖς
1665 5100 1834 5171 ἴχνεσι
1858 5100 1967 5170 τῆς

390 5196 645 5267 ἀληθείας
673 5195 996 5257 ὲπετελεῖτο,
1022 5192 1117 5247 καὶ
1142 5190 1314 5262 πέρας
1332 5190 1525 5260 ἔμελλε
1554 5190 1827 5261 δέξασθαι.
1862 5193 1965 5249 Πέ-

394 5306 494 5360 ρας
529 5288 640 5358 γὰρ
669 5287 763 5357 τῆς
792 5286 1002 5355 ἡμέρας
1026 5285 1061 5353 ὴ
1093 5284 1324 5356 ἑσπέραο

474 5376 879 5445 Ἐντειλάμενος
921 5374 950 5425 6
996 5373 1201 5444 Μωσῆς
1230 5373 1409 5443 Ἰησοῦ
1450 5374 1544 5429 τοῦ
1584 5375 1740 5446 Ναυῆ
1787 5375 1970 5428 ἐπιλέ-

393 5466 584 5534 ξασθαι
628 5466 826 5539 ἄνδρας
858 5465 1114 5528 δυνατοὺς
1168 5466 1264 5519 καὶ
1309 5463 1542 5532 ἐξελθεῖν
1583 5467 1679 5521 καὶ
1715 5468 1965 5537 παρατά-

463 5608 513 5639 ²⁶
536 5607 707 5666 Exod.
742 5627 864 5677 xlv,
908 5609 995 5677 i9,
1035 5607 1123 5664 20.

1224 5610 1270 5642 “
1296 5609 1468 5665 Exod.
1497 5626 1627 5676 xvn,
1660 5612 1684 5665 1
1732 5626 1884 5690 εεᾳᾳ.

394 5691 529 5755 σοςίι

724 5768 991 5830 ΡΔτιιοι.
1038 5765 1133 5831 Gtt
1204 5764 1509 5831 LXXVI].

1993 4390 2047 4450 D

1969 5614 2061 5670 ³⁸1
2094 5610 2216 5667 Cor.
2260 5623 2312 5669 κ,
2353 5607 2435 5660 15.

2071 3138 2196 3193 dem
2230 3154 2352 3209 qua
2378 3148 2504 3195 sunt
2544 3155 2753 3207 amara,
2779 3141 2918 3196 ﬁunt
2963 3150 3149 3197 autem
3191 3134 3498 3201 tolerabilia
3527 3165 3651 3219 quas

2071 3237 2201 3284 sunt
2239 3230 2475 3285 toleratu
2503 3230 2762 3287 dilﬁcilia.

2141 3319 2612 3388 Quemadmodum
2628 3324 2892 3390 Israelita:
2926 3326 3201 3386 recordati
3231 3328 3481 3383 carnium
3504 3330 3651 3385 desi-

2071 3411 2339 3467 derarunt
2366 3428 2490 3469 esse
2514 3413 2572 3467 in
2598 3412 2832 3484 Egypto
2858 3414 2924 3477 ³⁷,
2950 3425 3007 3468 et
3031 3431 3224 3477 rursus
3243 3418 3455 3474 servire
3482 3429 3544 3474 ut
3565 3422 3649 3479 eis

2071 3504 2434 3575 implerentur
2464 3520 2478 3557 :
2515 3503 2590 3558 ita
2605 3504 2771 3558 etiam
2798 3519 2897 3565 eos
2923 3505 3019 3574 qui
3059 3505 3204 3560 inter
3231 3522 3334 3563 nos
3355 3517 3486 3564 sunt
3514 3510 3650 3567 insi.

2072 3580 2392 3665 pientiores,
2434 3608 2589 3648 acres
2619 3593 2788 3647 animi
2838 3601 3092 3654 motuum
3132 3596 3445 3675 voluptates
3502 3615 3646 3672 saepe

2071 3683 2407 3755 persuadent
2438 3684 2752 3739 existimare
2774 3683 3120 3739 tolerabilem
3159 3685 3364 3741 diaboli
3406 3689 3645 3745 servitu-

2072 3783 2205 3838 tem,
2231 3782 2293 3827 ut
2317 3772 2399 3827 eis
2422 3771 2695 3826 fruantur.
2728 3772 2838 3836 Eos
2863 3782 3048 3827 autem
3084 3774 3315 3830 dimittit
3347 3777 3494 3833 Deus
3519 3794 3644 3834 cum

2072 3879 2182 3919 non
2217 3864 2428 3934 possint
2459 3862 2728 3918 cohiberi.
2756 3864 2932 3934 Hujus
2952 3864 3107 3919 enim
3139 3866 3219 3920 rei
3243 3866 3412 3923 habet
3457 3869 3647 3942 imagi-

2070 3971 2198 4011 nem
2225 3962 2608 4027 ortygometra‘.
2636 3955 3007 4025 participatio.
3045 3955 3151 4012 Sed
3212 3961 3490 4028 quomodo
3536 3961 3647 4025 illis

2071 4044 2166 4117 qui
2193 4060 2415 4100 carnem
2444 4059 2658 4100 manna:
2681 4046 3054 4116 praetulerant,
3084 4046 3242 4103 cibus
3273 4049 3327 4103 in
3367 4049 3535 4105 bilem
3563 4062 3648 4108 est

2072 4149 2373 4189 conversus
2400 4151 2413 4188 :
2449 4134 2523 4189 ita
2549 4133 2617 4188 iis
2645 4134 2739 4205 qui
2770 4134 3090 4201 coelestibus
3106 4136 3320 4192 deliciis
3344 4139 3647 4209 praeferunt

2073 4236 2342 4293 terrenas,
2364 4235 2422 4282 et
2437 4226 2712 4297 spirituali
2734 4226 3003 4296 voluptati
3022 4229 3292 4298 carnales,
3325 4231 3394 4287 ad
3416 4231 3646 4289 exitium

2071 4317 2266 4372 animae
2297 4318 2440 4373 redit
2466 4332 2654 4373 earum
2680 4316 3046 4388 participatio.

2684 4524 2762 4579 De
2787 4542 3005 4579 manna.

2144 4640 2339 4695 Manna
2362 4639 2584 4708 quidem
2606 4655 2766 4695 mane
2786 4641 2953 4709 coepit
2979 4641 3045 4707 ³⁸,
3075 4640 3356 4698 Christum
3392 4646 3650 4720 prcﬁgu-

2074 4747 2225 4797 rans,
2251 4731 2346 4801 qui
2394 4740 2480 4786 est
2521 4731 2761 4788 caelestis
2795 4733 2954 4803 panis
2985 4734 3241 4791 nutriens
3263 4736 3479 4793 animas
3517 4753 3641 4794 esu-

2073 4821 2361 4876 rientium:
2396 4820 2679 4891 quietiam
2698 4822 2919 4878 advenit
2944 4822 3141 4879 Oriens
3169 4824 3237 4879 iis
3256 4825 3348 4894 qui
3379 4827 3649 4893 sedebant

2066 4914 2124 4969 in
2159 4911 2423 4967 tenebris.
2478 4910 2858 4983 Ortygometra
2896 4922 3080 4969 autem
3120 4915 3191 4969 ad
3224 4931 3532 4985 vesperam,
3564 4920 3643 4975 si-

2065 5004 2329 5078 gniﬁcans
2379 5004 2562 5059 cultus
2605 5006 2793 5077 legalis
2831 5006 3151 5060 animalium
3192 5007 3485 5076 sacriﬁcia,
3519 5026 3644 5082 qua:

2064 5096 2472 5171 peragebantur
2519 5097 2574 5151 in
2614 5096 2824 5151 umbris
2855 5104 2912 5151 et
2950 5097 3186 5152 exilibus
3217 5098 3465 5171 vestigiis
3493 5101 3643 5157 veri-

2065 5188 2213 5253 tatis,
2238 5196 2294 5241 et
2326 5185 2488 5242 ﬁnem
2532 5193 2691 5241 erant
2719 5193 3032 5256 acceptura.
3058 5185 3380 5243 Finisenim
3420 5189 3531 5247 diei
3558 5201 3645 5247 est

2076 5295 2325 5349 vespera.

2144 5371 2284 5427 Cum
2324 5371 2575 5444 iussisset
2605 5370 2781 5425 Moses
2833 5368 2964 5426 Jesu
3007 5369 3123 5426 ﬁlio
3142 5371 3299 5427 Nave
3339 5373 3671 5445 uteligeret’

2076 5465 2226 5519 viros
2264 5470 2537 5532 potentes,
2571 5470 2627 5517 et
2672 5463 2852 5518 exiret
2896 5472 2953 5519 et
3008 5465 3128 5521 acie
3184 5466 3477 5523 dimicaret
3513 5481 3640 5523 cum

3317 5607 3362 5640 ³⁸
3403 5605 3542 5666 ibid.
3574 5605 3643 5672 15

3246 5770 3322 5841 38

2536 5607 2578 5639 ³⁷
2610 5606 2783 5661 Exod.
2833 5623 2944 5672 xvi,
2977 5608 3012 5662 2
3051 5624 3206 5680 seqq.
