4062 6202
578 267 593 319 l
611 266 709 324 l95

1757 260 1811 316 S.
1853 260 2124 315 CYRILLI
2166 260 2250 316 ET
2282 259 2594 343 .ALIORUM

3668 253 3803 309 119(-

567 383 793 442 Amalec
811 383 878 450 “,
896 378 1324 453 subsigniﬁcavit
1372 381 1520 452 quod
1558 381 1715 437 Jesus
1733 382 1984 436 Christus
2008 382 2132 435 sub-

2245 382 2440 447 ξασθαι
2475 379 2740 450 Ἀμαλήκ,
2778 376 3141 447 ύπεσήμαινεν
3172 374 3253 427 ὅτι
3294 371 3495 444 Ἰησοῦς
3526 372 3553 423 ὁ
3578 372 3815 441 Χριστὸς

564 478 787 552 jicietur
819 475 1092 529 mandatis
1108 473 1244 545 legis
1270 474 1537 529 Mosaicae.
1565 494 1583 525 ι
1616 474 1735 528 Νοιι
1757 475 1904 539 veni,
1935 473 2135 542 inquit,

566 569 637 624 ad
668 566 985 621 solvendam
1010 566 1207 636 legem,
1249 565 1347 621 sed
1366 565 1698 636 implendam
1727 564 1790 617 ⁸ο.
1853 584 1870 615 ι
1911 565 1978 618 Et
2013 579 2135 617 cum

572 658 824 727 adegisset
844 671 912 711 ex
952 657 1211 711 universo
1242 656 1442 711 lsraele
1473 667 1527 711 et
1559 672 1627 711 ex
1668 656 1926 710 universa
1977 665 2138 725 gente

565 746 717 800 viros
744 754 1019 816 potentes,
1041 762 1246 810 sacros,
1277 746 1522 816 inquam,
1544 746 1819 817 apostolos
1864 755 1919 799 et
1944 759 2137 798 eorum

565 852 934 902 successores,
961 838 1029 891 ad
1059 837 1463 908 conﬂigendum
1481 838 1596 893 acie
1627 854 1752 892 cum
1769 837 1987 892 diabolo
2010 852 2136 907 rege

562 929 688 985 vitii
715 940 771 985 et
797 930 1028 999 peccati,
1066 945 1194 985 eum
1229 931 1583 1001 expugnabit.
1629 930 1900 985 Postridie
1949 938 2133 982 autem

560 1020 725 1093 jussit
764 1022 900 1075 strui
938 1021 1132 1085 aciem,
1160 1020 1475 1090 signiﬁcans
1491 1022 1635 1091 quod
1660 1030 1850 1090 postea
1884 1029 2134 1075 secutum

566 1120 651 1167 cst
662 1119 877 1181 tempus
890 1120 1155 1181 susceptze
1172 1112 1549 1177 humanitatis,
1564 1112 1707 1181 quod
1728 1120 1811 1166 est
1828 1121 1949 1182 post
1965 1112 2137 1165 adim-

560 1200 860 1271 pletionem
899 1201 1160 1270 temporis
1203 1200 1414 1269 legalis.
1456 1198 1717 1253 Ascendit
1744 1209 1925 1253 autem
1961 1197 2137 1251 Moses

567 1308 628 1347 su
637 1293 1008 1362 pervcrticem
1029 1292 1281 1356 collis,jut
1294 1301 1480 1362 posset
1498 1292 1697 1347 intueri
1719 1291 1985 1361 prmlium.
1999 1289 2134 1343 Nam

566 1395 687 1449 qua:
698 1390 862 1434 estex
876 1381 989 1450 lege
1004 1380 1354 1452 mystagogia,
1371 1380 1692 1435 conscendit
1710 1380 1777 1433 ad
1791 1378 2134 1433 altitudinem

554 1470 893 1540 cognitionis
949 1486 1245 1542 congruam
1266 1482 1322 1525 et
1362 1472 1661 1527 habentem
1716 1470 2090 1542 symmetriam
2117 1510 2131 1536 ,

567 1564 713 1618 unde
731 1563 943 1633 possint
965 1563 1137 1619 Judaei
1159 1564 1361 1618 intueri
1409 1563 1848 1619 Christianorum
1878 1572 2137 1633 stratage-

564 1663 712 1709 mata
733 1673 744 1707 :
770 1663 824 1710 ct
841 1655 1019 1727 Moyse
1036 1655 1256 1725 quidem
1272 1655 1601 1710 extendente
1622 1671 1817 1709 manus
1834 1654 2134 1709 invalesce-

564 1745 658 1800 bat
693 1745 879 1810 Israel,
909 1747 1220 1801 remittente
1262 1755 1444 1800 autem
1483 1747 1856 1821 invalescebat
1889 1745 2130 1799 Amalec.

563 1838 700 1892 Nam
729 1852 921 1891 manus
941 1838 1161 1907 quidem
1194 1838 1247 1891 in
1282 1854 1466 1892 aerem
1492 1854 1764 1907 expansze,
1811 1838 2135 1893 describunt

566 1928 794 1998 ﬁguram
817 1931 1001 1984 crucis
1019 1947 1031 1982 ε
1047 1930 1217 1984 vincit
1234 1938 1415 1983 autem
1431 1930 1748 2000 quicunque
1764 1929 1874 1985 fert
1889 1943 2130 1984 crucem:

563 2019 838 2088 quomodo
860 2035 1051 2075 rursus
1097 2021 1412 2090 quicunque
1460 2037 1571 2076 non
1589 2023 1697 2076 fert
1736 2038 1978 2087 crucem,
2038 2020 2134 2075 sed

564 2108 769 2164 Christi
803 2108 965 2164 ﬁdem
985 2111 1191 2175 amisit,
1224 2110 1368 2165 bello
1387 2112 1677 2182 premitur.
1713 2112 1919 2167 Graves
1951 2120 2135 2166 autem

567 2215 762 2255 manus
785 2200 968 2266 Mosis,
995 2214 1052 2258 et
1076 2217 1199 2273 qua:
1217 2203 1310 2257 vix
1333 2204 1661 2257 attolluntur
1690 2205 1744 2258 in
1770 2204 1970 2258 dictam
1997 2203 2133 2277 θεη-

567 2306 685 2346 ram
716 2308 729 2344 :
770 2292 1027 2360 quoniam
1051 2301 1106 2347 et
1125 2294 1220 2363 qui
1240 2294 1351 2348 sint
1366 2295 1499 2365 legis
1532 2310 1656 2349 raro
1681 2295 1747 2348 ad
1774 2295 1877 2349 hoc
1908 2295 2135 2350 veniunt

567 2391 627 2437 ut
654 2381 834 2436 ferant
880 2397 1102 2437 crucem
1146 2384 1373 2439 Christi.
1428 2386 1496 2439 Et
1534 2385 1886 2455 accipientes,
1934 2385 2131 2455 inquit,

564 2471 799 2541 lapidem
821 2471 873 2525 ei
914 2481 1339 2541 supposuerunt.
1372 2474 1441 2528 Et
1465 2474 1644 2527 Aaron
1660 2483 1716 2528 et
1745 2474 1820 2529 Or
1859 2476 2136 2530 suﬁulcie—

564 2564 718 2629 bant,
742 2564 940 2633 inquit,
964 2563 1014 2617 ei
1046 2580 1241 2619 manus
1262 2566 1391 2620 hinc
1421 2582 1561 2621 unus
1580 2576 1635 2621 et
1662 2567 1789 2621 inde
1834 2584 1995 2622 unus.
2030 2568 2133 2622 La-

564 2658 650 2727 pis
672 2656 821 2711 enim
860 2656 1134 2726 pretiosus
1177 2664 1233 2710 et
1272 2656 1485 2712 electus
1531 2666 1615 2712 est
1658 2658 1908 2713 Christus
1942 2650 2009 2722 “,
2043 2659 2133 2712 cui

567 2747 864 2801 innitentes
890 2746 1184 2815 quiescunt
1210 2746 1303 2815 qui
1338 2748 1574 2802 credunt
1611 2764 1679 2803 ex
1709 2749 1926 2804 lsraele.
1986 2750 2135 2805 Idem

551 2848 748 2893 autem
782 2836 1381 2907 Cliristusintelligitur
1407 2848 1463 2893 ct
1487 2838 1665 2893 Aaron
1691 2848 1747 2895 et
1771 2838 1866 2906 Or,
1901 2848 1962 2895 ut
1996 2856 2135 2911 pon-

566 2930 697 2985 tifex
719 2939 773 2982 et
802 2929 988 2997 judex.
1014 2928 1150 2982 Nam
1173 2928 1355 2982 Aaron
1380 2930 1604 2997 quidem
1632 2941 1716 2985 est
1739 2933 2003 3001 pontifex,
2060 2933 2135 2989 Or

2242 474 2645 542 ὑποταγήσεται
2694 471 2813 532 ταῖς
2856 467 3091 530 ἐντολαῖς
3138 464 3232 518 τοῦ
3287 462 3582 518 Μωσαῖκοῦ
3621 462 3815 531 νόμου.

2249 584 2265 615 ι
2311 566 2423 618 Οὐκ
2451 559 2613 633 ἦλθον
2643 561 2772 631 γὰρ,
2814 560 2967 630 φησὶ,
3004 555 3302 612 καταλῦσαι
3334 555 3424 608 τὸν
3456 555 3639 624 νόμον,
3669 553 3810 619 ἀλλρ

2239 655 2546 727 πληρῶσαι.
2619 673 2636 704 ι
2703 654 2812 707 Καὶ
2870 650 3256 718 ἐπιλεξάμενος
3317 648 3380 699 ὲκ
3453 646 3654 708 παντὸς
3714 645 3813 697 τοῦ

2251 746 2488 817 Ἰσραήλ,
2525 747 2619 799 καὶ
2662 747 2726 797 ἐκ
2782 742 2980 805 παντὸς
3036 740 3245 803 ἔθνους,
3298 738 3496 808 ἄνδρας
3526 735 3809 797 δυνατούς

2239 840 2382 910 φημὶ
2418 838 2482 908 δὴ
2506 838 2631 899 τοὺς
2684 834 2859 905 ἱεροὺς
2891 831 3218 893 ἀποστόλους
3251 828 3344 882 καὶ
3379 828 3505 890 τοὺς
3533 827 3810 895 διαδόχους

2236 926 2811 997 αὑτῶν·παρατάξεται
2832 924 2908 995 τῷ
2930 923 3158 993 διαϐόλῳ
3172 920 3251 992 τῷ
3270 919 3479 990 βασιλεῖ
3494 918 3588 987 τῆς
3609 917 3809 980 κακίας

2239 1022 2335 1075 καὶ
2368 1019 2660 1089 ἁμαρτίας,
2690 1016 2784 1070 καὶ
2830 1012 3267 1082 καταπολεμήσει
3301 1008 3479 1061 αὐτόν.
3518 1006 3811 1077 Είσαύριον

2235 1114 2291 1166 δὲ
2313 1112 2413 1182 τὴν
2459 1110 2764 1180 παράταξιν
2799 1106 3089 1175 διωρίσατο
3119 1101 3467 1171 ποιήσασθαι·
3500 1098 3675 1169 δηλῶν
3717 1097 3811 1149 τὸν

2239 1203 2533 1274 μετέπειτα
2561 1198 2753 1270 καιρὸν
2785 1201 2885 1268 τῆς
2944 1194 3406 1265 ὲνανθρωπήσεως
3436 1190 3525 1243 τὸν
3569 1189 3708 1259 μετὰ
3746 1189 3809 1240 τὺ

2236 1294 2507 1363 πλήρωμα
2540 1289 2635 1343 τοῦ
2665 1289 2889 1360 νομικοῦ
2944 1285 3155 1356 χρόνου.
3203 1283 3411 1334 ΙἈνεισι
3466 1280 3522 1332 δὲ
3562 1281 3658 1331 ἐπὶ
3708 1277 3809 1348 τὴν

2236 1384 2478 1455 κορυφὴν
2521 1381 2616 1436 τοῦ
2668 1379 2854 1450 βουνοῦ
2888 1378 3114 1447 Μωσῆς,
3158 1375 3223 1427 ἵν’
3265 1374 3364 1445 ἔχῃ
3414 1374 3656 1442 κβθορᾷν
3707 1371 3808 1441 τὴν

2240 1477 2437 1546 μάχην.
2467 1470 2808 1536 Ἀναϐιὸάζει
2837 1470 2944 1542 γὰρ
2974 1470 3069 1522 καὶ
3096 1471 3129 1538 ὴ
3162 1466 3305 1519 κατά
3324 1466 3485 1536 νόμον
3510 1480 3808 1534 μυσταγω-

2236 1569 2328 1637 γία
2377 1567 2508 1637 πρὸς
2560 1565 2691 1635 ὕψος
2745 1564 3054 1632 σύμμετρον
3082 1558 3366 1628 γνώσεωςο
3413 1556 3536 1608 ὃθεν
3564 1555 3633 1607 ἂν
3677 1555 3810 1607 Ἰου-

2235 1660 2373 1713 δαῖοι
2396 1658 2639 1711 δύναιντο
2675 1655 2911 1726 καθορᾷν
2940 1654 3009 1706 τά
3042 1652 3149 1704 τῶν
3182 1650 3309 1721 περὶ
3347 1648 3580 1719 Χριστὸν
3612 1663 3807 1718 στρατ-

2237 1752 2498 1822 ηγήματα
2516 1766 2529 1781 ·
2575 1748 2667 1801 καὶ
2698 1747 3071 1808 ἀνατείναντος
3100 1744 3197 1814 μὲν
3230 1741 3475 1804 Μωσέως
3493 1740 3595 1803 τὰς
3619 1743 3808 1811 χεῖρας

2236 1844 2523 1913 κατίσχυεν
2555 1840 2799 1912 Ἰσραήλ·
2822 1838 3100 1900 καθιέντος
3132 1836 3189 1890 δὲ
3202 1835 3491 1905 κατίσχυεν
3531 1834 3807 1903 Ἀμαλήκ.

2235 1936 2428 2004 Χεῖρες
2457 1933 2555 2004 μὲν
2579 1934 2684 2003 γὰρ
2698 1931 2969 2001 ἀποτάδην
2989 1930 3068 1992 είς
3082 1928 3216 2001 ἀέρα
3235 1928 3604 1997 δεικνύμεναι,
3621 1925 3685 1977 τὸ
3714 1924 3806 1976 τοῦ

2237 2023 2471 2095 σταυροῦ
2499 2022 2687 2093 σχῆμα
2728 2020 3022 2092 γράφουσι,
3052 2021 3161 2082 πᾶς
3187 2018 3243 2071 δὲ
3266 2016 3637 2088 σταυροφόρος
3657 2017 3804 2085 νικῷ

2235 2114 2483 2185 καθάπερ
2529 2109 2595 2167 αὖ
2650 2114 2756 2176 πᾶς
2791 2114 2867 2184 μὴ
2912 2111 3002 2164 τὸν
3044 2110 3275 2179 σταυρὸν
3300 2108 3498 2177 φέρων,
3528 2108 3671 2161 ἀλλὰ
3709 2106 3807 2176 τὴν

2234 2206 2377 2261 κατὰ
2399 2205 2632 2278 Χριστὸν
2664 2205 2844 2257 πίστιν
2876 2203 3197 2275 προέμενος,
3227 2200 3561 2271 πολεμεῖται.
3585 2200 3810 2269 Βαρεῖαι

2233 2299 2291 2351 δὲ
2326 2301 2381 2352 αί
2412 2300 2591 2368 χεῖρες
2632 2295 2894 2361 Μωσέως,
2928 2296 3023 2349 καὶ
3069 2294 3221 2365 μόλις
3264 2294 3623 2364 ἐπαιρόμεναι
3672 2290 3810 2362 πρὸς

2235 2390 2324 2444 τὸν
2352 2389 2642 2460 εἰρημένον
2674 2387 2862 2441 τύπον.
2900 2386 3021 2440 Ὀτι
3072 2388 3164 2439 καὶ
3207 2387 3257 2438 οἱ
3310 2386 3405 2439 τοῦ
3437 2385 3605 2455 νόμου
3655 2384 3810 2454 μόλις

2238 2480 2466 2548 ἥκουσιν
2514 2478 2594 2541 εἰς
2622 2477 2684 2529 τὸ
2716 2476 2944 2547 φορέσαι
2996 2474 3088 2528 τὸν
3145 2473 3373 2543 σταυρὸν
3403 2472 3498 2525 τοῦ
3540 2470 3810 2542 Χριστοῦ.

2237 2569 2351 2622 Καὶ
2384 2568 2661 2632 λαϐόντες,
2691 2566 2845 2637 φησὶ,
2871 2564 3017 2618 λίθον
3065 2564 3342 2634 ὑπέθηκαν
3374 2562 3462 2615 ὑπ’
3495 2561 3681 2624 αὑτὸν,
3717 2562 3813 2614 καὶ

2235 2660 2469 2730 ἐκάθητο
2508 2660 2594 2711 ἐπ’
2626 2657 2814 2711 αὐτοῦ·
2844 2658 2936 2709 καὶ
2990 2654 3198 2725 Ἀαρὼν
3230 2656 3324 2708 καὶ
3359 2655 3478 2724 Ὧρ,
3516 2651 3813 2723 ὲστήριζον

2233 2754 2333 2817 τὰς
2356 2756 2544 2824 χεῖρας
2562 2750 2747 2815 αὐτοῦ,
2771 2742 3137 2813 ὲντεῦθενεῖς,
3160 2747 3254 2801 καὶ
3270 2746 3515 2800 ἐντεῦθεν
3529 2742 3631 2809 εἷς.
3651 2746 3815 2807 Λίθος

2238 2845 2337 2915 μὲν
2376 2844 2502 2915 γάρ’
2515 2842 2692 2914 τίμιος
2712 2841 2807 2895 καὶ
2833 2839 3085 2903 ἐκλεκτὸς
3106 2841 3134 2891 ό
3156 2838 3409 2909 Χριστὸς,
3431 2836 3590 2907 ἐφ’ὃν
3604 2837 3815 2908 ἐρειδόο

2239 2956 2389 3010 μενοι
2432 2936 2834 3001 ἀναπαύονται,
2870 2935 2919 2987 οἱ
2955 2934 3012 3000 ἐξ
3065 2932 3275 3005 Ἰσραήλ
3327 2933 3694 2997 πιστεύοντες.
3757 2934 3818 2987 'O

549 3035 697 3074 'vero
719 3019 885 3088 judex
916 3035 928 3070 ε
960 3016 1055 3086 qui
1080 3017 1331 3072 Christus
1346 3035 1444 3087 per
1468 3032 1761 3090 utrumque
1785 3023 2128 3093 intelligitur,

2237 3029 2397 3094 αὐτὸς
2427 3029 2485 3083 δὲ
2521 3028 2752 3100 Χριστὸς
2808 3029 3009 3081 νοεῖται
3056 3026 3149 3079 καὶ
3199 3023 3407 3096 Ἀαρὼν
3458 3025 3549 3077 καὶ
3580 3027 3701 3096 "Op,
3738 3025 3817 3089 ὡς

450 3186 461 3191 ἣ
562 3106 811 3165 sull'ulcit
846 3108 1035 3164 ﬁdeles
1074 3122 1141 3160 ex
1185 3106 1386 3161 lsraele
1448 3109 1506 3163 in
1565 3109 1727 3165 ﬁdem
1756 3120 1811 3166 et
1841 3114 2130 3170 victoriam

563 3216 684 3273 qua)
710 3209 795 3255 est
820 3215 917 3270 per
946 3211 1187 3260 crucem.
1222 3213 1401 3270 neque
1430 3215 1525 3258 cos
1553 3200 1686 3257 sinit
1712 3205 1924 3274 gravari
1959 3215 2015 3262 et
2033 3207 2130 3264 de-

562 3308 745 3364 primi.

632 3555 811 3612 Moses
858 3564 1041 3611 autem
1075 3569 1106 3609 a
1148 3554 1266 3609 Deo
1292 3553 1590 3610 institutus
1623 3557 1788 3631 jussit
1835 3559 2039 3629 pOpulo
2074 3568 2133 3614 ut

561 3649 772 3705 lavaret
792 3649 1119 3705 vestimenta
1147 3661 1266 3711 sua,
1292 3656 1349 3701 et
1389 3647 1689 3703 abstineret
1717 3666 1748 3704 a
1772 3652 2036 3718 muliere,
2076 3662 2133 3708 et

564 3741 640 3796 ita
667 3742 770 3797 sub
791 3750 974 3796 monte
1001 3740 1149 3795 Sinai
1175 3756 1234 3796 se
1261 3742 1373 3795 Deo
1393 3742 1612 3795 sisteret
1637 3741 1700 3795 “.
1726 3741 1953 3812 Oportet
1985 3747 2133 3800 enim

560 3848 766 3890 exuere
818 3832 1214 3904 turpitudinem
1240 3833 1403 3899 vitii,
1447 3841 1504 3888 et
1530 3833 1763 3890 induere
1828 3838 2134 3908 pulchritu-

562 3923 751 3979 dinem
809 3924 1075 3987 virtutis,
1125 3932 1181 3978 et
1230 3940 1431 3994 purum
1488 3940 1610 3979 esse
1664 3941 1695 3978 a
1752 3928 2032 3998 voluptate
2078 3940 2134 3985 et

555 4014 981 4085 inquinamento
1052 4016 1319 4084 corporis.
1380 4014 1497 4069 Hoc
1553 4023 1736 4070 autem
1784 4018 1873 4072 lex
1936 4020 2129 4090 jubet,

559 4109 719 4181 cujus
778 4108 951 4178 ﬁgura
996 4108 1207 4178 Moyses
1261 4107 1484 4163 Christo
1540 4109 1652 4163 Deo
1702 4108 1847 4164 sistit
1896 4125 1993 4165 eos
2038 4112 2133 4182 qui

560 4198 814 4263 credunt,
855 4199 1032 4253 instar
1066 4197 1351 4269 paedagogi
1376 4199 1657 4265 erudiens,
1687 4209 1744 4255 et
1775 4216 2128 4271 componens,

558 4300 617 4349 et
644 4291 924 4347 adducens
943 4289 1011 4344 ad
1036 4290 1452 4361 perfectionem.
1478 4292 1772 4348 Descendit
1787 4302 1969 4349 autem
1985 4296 2132 4351 Deus

2241 3122 2530 3193 ἀρχιερεὺς
2582 3120 2678 3174 καὶ
2714 3119 2927 3193 κριτήςο
2971 3116 3180 3186 Ἀαρὼν
3215 3117 3312 3187 μὲν
3343 3116 3449 3188 γὰρ
3494 3119 3817 3189 ἀρχιερεὺς,

2240 3215 2434 3286 κριτὴς
2478 3215 2550 3293 δὲ’
2571 3200 2697 3286 Ὠρ.
2740 3216 2837 3277 Ὃς
2868 3214 3100 3285 Χριστὸς
3141 3212 3205 3266 δι’
3231 3213 3553 3284 ἀμφοτέρων
3589 3214 3823 3285 νοούμε-

2241 3320 2351 3369 νος,
2387 3301 2659 3373 ύπερείδει
2687 3303 2813 3366 τοὺς
2858 3301 2919 3365 ἐξ
2958 3300 3176 3373 Ἰσραὴλ
3206 3302 3448 3364 πιστοὺς,
3482 3302 3561 3363 είς
3596 3302 3700 3372 τὴν
3730 3303 3821 3355 διὰ

2239 3393 2334 3447 τοῦ
2368 3391 2603 3463 σταυροῦ
2651 3392 2743 3445 καὶ
2783 3391 2987 3457 πίστιν,
3017 3390 3112 3444 καὶ⁸
3142 3389 3321 3461 νίκην,
3359 3390 3454 3444 καὶ
3495 3390 3597 3443 οὐκ
3630 3393 3696 3462 ἐᾷ
3729 3392 3822 3462 βα-

2244 3483 2452 3555 ρεῖσθαι
2480 3482 2575 3535 καὶ
2597 3481 2994 3535 κατασπᾶσθαι.

2325 3572 2640 3643 Ἐνηχηθεὶς
2695 3571 2877 3626 θεόθεν
2928 3575 2957 3627 ὁ
3003 3573 3207 3643 Μωσῆς
3240 3572 3538 3644 προσέταξε
3578 3572 3662 3643 τῷ
3704 3574 3820 3644 λαῷ

2246 3664 2442 3719 πλῦναι
2467 3664 2539 3717 τὰ
2577 3663 2767 3733 ἱμάτια
2798 3663 3025 3729 ἑαυτῶν,
3053 3666 3147 3720 καὶ
3179 3664 3511 3735 ἀποσχέσθαι
3529 3667 3819 3732 γυναικὸς,

2240 3758 2332 3810 καὶ
2358 3756 2530 3820 οὕτως
2576 3757 2679 3810 ὑπὸ
2702 3756 2763 3809 τὸ
2799 3755 2923 3828 ὅρος
2978 3756 3110 3810 Σινᾶ
3160 3757 3505 3828 παραστῆναι
3555 3758 3643 3828 τῷ
3671 3758 3818 3829 Θεῷ.

2242 3848 2364 3920 Χρὴ
2402 3848 2510 3918 γὰρ
2564 3846 2972 3901 ἀποπλύνασθαι
3029 3848 3090 3901 τὸ
3128 3843 3317 3918 αἶσχος
3357 3850 3454 3918 τῆς
3484 3851 3690 3915 κακίας
3725 3853 3821 3904 καὶ

2240 3939 2560 3993 ἐνδύσασθαι
2590 3938 2650 3991 τὸ
2679 3937 2871 4001 κάλλος
2912 3939 3011 4007 τῆς
3058 3939 3286 4011 ἀρετῆς,
3343 3940 3435 3993 καὶ
3481 3941 3819 4011 καθαρεύειν

2241 4026 2559 4096 σωματικῆς
2584 4025 2777 4095 ἡδονῆς
2808 4028 2900 4079 καὶ
2935 4026 3233 4096 μολυσμοῦ.
3261 4028 3429 4081 Τοῦτο
3454 4028 3511 4081 δὲ
3536 4033 3823 4101 προστάτ-

2238 4133 2344 4169 των
2371 4118 2399 4169 ό
2429 4115 2609 4187 νόμος,
2647 4110 2707 4170 οὗ
2738 4116 2907 4179 τύπος
2939 4118 2967 4168 ὁ
3000 4118 3221 4187 Μωσῆς,
3258 4121 3553 4191 παρίστησι
3590 4122 3822 4194 Χριστῷ

2238 4208 2323 4280 τῷ
2335 4209 2454 4280 Θεῷ
2478 4210 2603 4273 τοὺς
2628 4208 2982 4278 πειθομένους
3003 4211 3364 4281 παιδαγωγῶν
3393 4214 3486 4266 καὶ
3504 4213 3818 4284 ῥυθμίζων,

2239 4301 2333 4354 καὶ
2364 4301 2660 4370 προσάγων
2697 4305 2762 4373 τῇ
2798 4302 3111 4375 τελειότητι.
3160 4305 3381 4374 Κατέθη
3409 4305 3465 4357 δὲ
3497 4308 3526 4358 ό
3569 4307 3709 4370 Θεὸς
3758 4309 3821 4360 ού

558 4399 671 4439 non
696 4382 763 4437 ad
785 4381 1069 4452 populum,
1096 4382 1193 4437 sed
1224 4382 1282 4437 in
1328 4390 1589 4438 montem.
1620 4384 1755 4439 Nam
1783 4385 1870 4439 lex
1909 4386 2129 4455 quidem

2243 4392 2376 4462 πρὸς
2414 4392 2504 4446 τὸν
2552 4392 2697 4456 λαὸν,
2724 4392 2857 4446 ἀλλά
2888 4396 3025 4465 πρὸς
3057 4394 3116 4447 τὸ
3150 4394 3294 4464 ὅρος.
3332 4396 3390 4447 ’0
3417 4394 3517 4464 μὲν
3552 4396 3666 4467 γάρ
3706 4396 3823 4450 τῶν

560 4474 918 4530 Hebraeorum
947 4480 1035 4529 est
1056 4474 1305 4540 humilis,
1333 4474 1545 4545 abjecta
1590 4484 1647 4530 et
1696 4478 1989 4532 terrestris.
2022 4478 2134 4534 Lex

559 4573 743 4618 autem
763 4562 1201 4618 Christianorum
1224 4573 1309 4618 est
1338 4572 1521 4620 mente
1546 4566 1778 4633 excelsa,
1811 4576 1864 4622 et
1881 4569 2133 4625 sublimis

561 4655 1052 4726 contemplatione,
1081 4664 1137 4711 et
1169 4672 1333 4727 super
1360 4658 1649 4713 terrestria
1672 4658 1727 4713 in
1759 4661 1928 4715 altum
1967 4662 2129 4728 elata,

557 4746 626 4801 ad
651 4761 772 4815 qua:
806 4747 952 4801 Deus
979 4761 1198 4817 quoque
1229 4747 1454 4803 advenit
1492 4751 1870 4819 corporaliter,
1922 4761 1977 4808 et
2005 4770 2129 4809 cum

553 4835 761 4909 quibus
786 4843 870 4890 est
907 4845 1264 4892 conversatus
1307 4837 1471 4893 homo
1523 4837 1720 4894 factus.
1754 4839 1907 4895 Mons
1946 4853 2128 4897 autem

552 4932 673 4979 erat
705 4925 846 4995 ignis
873 4926 940 4980 ad
980 4933 1245 4982 terrorem
1293 4928 1513 4998 quidem
1563 4930 1735 4984 crassi
1782 4932 1989 5002 p0puli,
2042 4934 2131 4987 cui

556 5032 668 5071 non
700 5024 817 5072 erat
851 5018 1077 5088 spiritus
1100 5018 1337 5074 ﬁliorum
1381 5021 1708 5091 adoptionis,
1752 5025 1846 5079 sed
1894 5026 2132 5080 servitu-

555 5106 647 5173 tis,
688 5108 754 5161 ad
781 5117 1046 5162 terrorem
1069 5109 1185 5179 ejus
1211 5110 1303 5179 qui
1330 5111 1599 5167 violenter
1621 5121 1676 5167 et
1696 5129 1806 5167 non
1828 5116 2133 5172 voluntarie

556 5198 732 5254 Deum
768 5199 929 5254 colit:
963 5199 1030 5254 ad
1079 5201 1529 5271 expurgationem
1573 5212 1755 5257 autem
1782 5206 2129 5274 juventutis;

557 5299 642 5347 est
665 5291 811 5345 enim
846 5292 1069 5362 quidam
1112 5293 1253 5364 ignis
1300 5295 1668 5365 purgatorius,
1720 5296 1898 5353 l‘umus
1943 5308 2124 5354 autem

560 5381 722 5435 tacite
778 5384 1042 5438 innuebat
1076 5400 1336 5440 arcanum
1371 5386 1569 5441 divinae
1608 5398 1837 5444 natura}.
1894 5410 1911 5441 ι
1936 5391 2126 5448 Posuit

559 5469 728 5535 enim,
784 5472 982 5542 inquit,
1044 5476 1296 5532 tenebras
1360 5477 1649 5533 latibulum
1691 5495 1852 5535 suum
1907 5481 2015 5536 ⁸³.»
2055 5484 2122 5538 Ει

2249 4484 2514 4555 Ἐϐραίων
2566 4484 2691 4549 λαὸς
2748 4486 3083 4557 χαμαίζηλος
3136 4487 3231 4541 καὶ
3277 4487 3503 4560 γεώδης,
3536 4491 3567 4541 ὁ
3613 4489 3670 4542 δὲ
3708 4491 3824 4543 τῶν

2236 4576 2598 4645 Χριστιανῶν,
2639 4578 2876 4647 ύψίνους,
2902 4580 2996 4632 καὶ
3028 4582 3095 4650 τῇ
3131 4578 3332 4652 θεωρίᾳ
3375 4581 3669 4651 μετέωρος,
3722 4586 3826 4637 καὶ

2234 4666 2341 4719 τῶν
2393 4669 2598 4736 γηίνων
2653 4669 3054 4745 ὑπερηρμένος.
3096 4663 3191 4733 Οἷς
3244 4672 3338 4722 καὶ
3402 4673 3743 4740 σωματικῶς
3796 4677 3826 4726 ό

2234 4756 2366 4821 Θεὸς
2400 4759 2711 4830 ἐπεδήμησε
2756 4763 2847 4813 καὶ
2885 4761 3295 4832 συνανεστράφη
3355 4762 3824 4833 ὲνανθρωπήσας.

2234 4850 2353 4919 Πῦρ
2385 4850 2441 4902 δὲ
2470 4853 2594 4921 περὶ
2622 4851 2679 4904 τὸ
2710 4851 2852 4923 ὅρος,
2884 4854 2963 4915 είς
2992 4852 3154 4922 φόϐον
3179 4852 3277 4922 μὲν
3300 4852 3390 4905 τοῦ
3427 4854 3634 4923 παχέος
3655 4855 3828 4921 λαοῦ,

2231 4935 2276 5008 ᾧ
2312 4941 2412 4994 οὐκ
2450 4936 2518 5012 ἦν
2566 4940 2781 5012 πνεῦμα
2813 4942 3105 5009 υἱοθεσίας,
3137 4943 3271 4997 ἀλλὰ
3301 4943 3542 5007 δουλείας
3600 4946 3682 5008 είς
3726 4949 3827 5014 φό-

2231 5030 2346 5091 ϐον,
2384 5030 2571 5100 βιαίως
2600 5030 2823 5101 ἡγμένῳ
2861 5030 2955 5084 καὶ
2986 5031 3083 5084 οὐκ
3116 5032 3435 5094 ἐθελουσίως
3468 5033 3821 5088 εὐσεϐοῦντι·

2232 5123 2310 5185 είς
2343 5120 2605 5192 κάθαρσιν
2636 5123 2692 5175 δὲ
2717 5123 2808 5175 τοῦ
2853 5122 2971 5175 νέου
2991 5140 3005 5154 ο
3042 5123 3154 5176 ἔστι
3186 5123 3294 5193 γὰρ
3320 5124 3411 5176 καὶ
3444 5123 3561 5195 πῦρ
3599 5126 3827 5199 καθαρ-

2231 5212 2296 5282 τὴ
2308 5229 2442 5283 ριον.
2476 5212 2535 5264 '0
2557 5212 2612 5264 δὲ
2644 5213 2845 5273 καπνὸς
2860 5213 2920 5265 τὸ
2938 5213 3253 5285 ἀπόκρυφον
3271 5214 3513 5285 ᾐνίττετο
3532 5217 3634 5288 τῆς
3658 5216 3828 5283 θείας

2236 5300 2469 5370 φύσεως.
2510 5320 2528 5353 ι
2567 5301 2757 5354 Ἐθετο
2778 5301 2905 5371 γὰρ,
2945 5304 3098 5373 φησὶ,
3132 5304 3324 5367 σκότος
3363 5305 3691 5378 ἀποκρυιρὴν
3717 5311 3829 5363 αὐ-

2232 5393 2346 5447 τοῦ.
2388 5412 2407 5445 ι
2445 5394 2515 5447 Ἢ
2545 5394 2637 5446 καὶ
2667 5394 2861 5461 ἄλλως,
2889 5398 2916 5447 ὁ
2950 5396 3049 5466 μὲν
3078 5397 3283 5461 καπνὸς
3310 5399 3389 5461 είς
3412 5397 3683 5468 σύμϐολον
3710 5401 3830 5472 τῆς

2231 5484 2449 5556 ἀχλύος,
2477 5486 2511 5557 ή
2545 5486 2914 5557 καεακέχυται
2964 5489 3061 5560 τῆς
3088 5489 3331 5553 διανοίας
3355 5489 3463 5543 τῶν
3509 5490 3824 5559 Ἰουδαίων,

629 5654 674 5687 ³⁸
700 5656 875 5715 Exod.
899 5661 1097 5726 xvu,9.
1174 5663 1216 5695 ⁸ο
1248 5662 1439 5719 Matth.
1464 5681 1518 5732 ν,
1555 5665 1641 5721 17.
1719 5668 1761 5701 ⁵⁸
1789 5669 1807 5724 l
1831 5669 1955 5726 Cor.
1987 5688 2039 5739 κ,
2072 5673 2120 5727 4.

2237 5675 2243 5703 ¹
2276 5672 2447 5730 Exod.
2476 5690 2585 5744 xxx,
2612 5676 2697 5743 Η,
2736 5676 2818 5733 15.
2896 5676 3101 5736 “Psal.
3128 5695 3256 5746 xvu,
3291 5679 3378 5736 ια
