4062 6202
395 265 536 316 1197

1764 252 2293 312 (ξυιιειὶΤΑΝΕΑ.

3510 246 3650 304 H98

397 375 476 445 μὴ
532 367 895 441 συγχωροῦσα
935 369 1268 438 ἐντρανίζειν
1302 373 1420 434 ταῖς
1463 371 1559 440 τῆς
1591 370 1846 441 ἀληθείας
1877 372 1974 424 αὐ-

2089 368 2283 439 alioqui
2330 366 2514 421 fumus
2545 366 2767 434 quidem
2812 372 2900 419 est
2945 364 3006 418 in
3051 355 3355 435 symbolum
3395 362 3653 434 caliginis

400 464 544 530 γαῖς.
578 459 727 514 Τὸδέ
751 458 862 529 πῦρ
895 460 974 522 είς
1009 459 1194 511 εἰκόνα
1226 461 1320 512 τοῦ
1362 461 1539 528 φωτὸς
1572 460 1600 512 6
1629 461 1973 530 καταλάμπει

401 552 489 604 τὸν
522 550 646 603 νοῦν
679 547 788 602 τῶν
833 548 913 610 είς
939 547 1174 616 Χριστὸν
1207 549 1591 605 πιστευόντων.
1645 549 1975 621 Προὸαίνου-

403 660 493 696 σαι
522 643 578 696 δέ
616 645 671 695 αἱ
689 642 868 711 φωναὶ
889 643 988 711 τῆς
1013 641 1313 709 σάλπιγγος
1345 642 1583 708 ἐγίνοντο
1609 643 1973 714 ἰσχυρότεραιο

402 735 837 804 ἐπιδημήσαντος
857 733 966 804 γάρ
984 732 1078 786 τοῦ
1107 733 1344 803 Χριστοῦ
1370 734 1523 804 ἡμῖν,
1558 734 1861 806 τρανότερα
1882 735 1978 788 καὶ

403 825 797 896 γνωριμώτερα
822 825 1086 892 γεγόνασι
1123 823 1195 876 τὰ
1227 825 1356 895 περὶ
1390 823 1556 878 αὐτοῦ
1581 825 1660 895 τῷ
1694 826 1842 896 νόμῳ
1894 826 1974 878 δι-

398 917 790 990 ἀγορευόμενα.
833 935 852 968 ι
905 916 1194 970 Ἀκούσατε
1238 918 1346 986 γὰρ
1383 916 1574 980 ταῦτα,
1617 918 1770 989 φησὶ,
1800 919 1978 972 πάντα

402 1008 466 1063 τὰ
494 1008 644 1079 ἔθνη.
682 1027 700 1060 ι
751 1006 890 1060 Ἀλλ’
935 1026 954 1059 ι
1014 1007 1073 1060 '0
1119 1008 1219 1077 μὲν
1257 1009 1462 1078 Μωσῆς
1503 1009 1702 1073 ἐλάλει,
1734 1010 1919 1079 φησιν,
1951 1011 1980 1062 6

401 1099 456 1152 δὲ
483 1097 617 1161 Θεὸς
663 1096 992 1167 ἀπεκρίνετο
1020 1097 1170 1166 αὐτῷ
1217 1099 1391 1167 φωνῇ.
1449 1115 1468 1148 ›
1508 1097 1567 1150 '0
1599 1098 1698 1168 μὲν
1727 1097 1837 1168 γὰρ
1869 1091 1980 1150 οἷον

402 1188 749 1256 παιδαγωγὸς
803 1188 986 1258 ἐζήτει
1020 1187 1110 1240 τὸν
1139 1187 1303 1257 νόμον
1350 1181 1393 1255 ᾧ
1445 1187 1804 1259 βελτιωθῆναι
1855 1187 1982 1259 μέλε

402 1280 566 1334 λοιενο
591 1281 620 1332 6
667 1280 725 1332 δέ
766 1277 897 1342 Θεὸς
947 1277 1277 1348 ἐνομοθέτει.
1305 1279 1462 1348 Φωνὴ
1505 1279 1562 1332 δὲ
1593 1278 1686 1331 τοῦ
1715 1278 1928 1349 Πατρὸς
1953 1280 1982 1331 6

405 1370 556 1432 Υἱὸς,
595 1368 673 1432 ὡς
716 1368 908 1436 Λόγος.
949 1367 1036 1434 Ἐξ
1070 1367 1235 1420 αὑτοῦ
1287 1367 1395 1440 γὰρ
1437 1369 1466 1422 6
1507 1369 1690 1439 νόμος,
1721 1371 1770 1422 εἰ
1797 1369 1890 1422 καὶ
1913 1368 1981 1421 δι’

403 1459 650 1528 ἀγγέλων
693 1457 770 1529 τῷ
798 1460 989 1512 Μωσεῖ
1015 1457 1322 1530 λελάληται.
1371 1459 1747 1524 Κελεύσαντος
1796 1459 1857 1513 δὲ
1885 1460 1980 1512 τοῦ

403 1549 562 1616 Θεοῦ,
593 1549 772 1603 ἄνεισι
809 1551 1014 1620 Μωσῆς
1035 1551 1114 1614 είς
1148 1549 1248 1620 τὴν
1276 1551 1522 1623 κορυφήν
1548 1552 1643 1606 τοῦ
1666 1552 1842 1622 ὅρους·
1881 1569 1981 1605 κα-

397 1638 656 1701 λέσαντος
679 1637 788 1708 γὰρ
825 1639 918 1692 τοῦ
932 1638 1168 1710 Χριστοῦ
1193 1639 1284 1692 τὸν
1301 1640 1488 1694 πιστὸν
1520 1640 1668 1707 λαὸν,
1699 1641 1788 1695 τὸν
1810 1642 1983 1712 ὑπερ-

2075 476 2197 531 quze
2218 470 2303 516 est
2328 458 2506 514 infusa
2539 458 2817 514 mentibus
2845 457 3180 522 Iudaeorum,
3208 472 3316 510 non
3341 457 3654 512 concedens

2080 563 2140 606 ut
2160 567 2292 607 vere
2319 551 2593 622 aspiciant
2626 550 2980 620 splendorem
3003 549 3276 604 veritatis.
3304 547 3450 618 lgnis
3467 555 3655 602 autem

2076 655 2162 700 est
2189 645 2368 714 imago
2394 643 2556 709 lucis,
2579 658 2700 712 quae
2729 642 3002 696 illuminat
3050 649 3290 699 mentem
3339 653 3533 693 eorum
3559 638 3656 708 qui

2078 735 2380 791 creduntin
2401 733 2702 789 Christum.
2727 734 3096 788 Procedentes
3119 740 3300 786 autem
3327 729 3472 784 tubae
3495 744 3659 785 voces

2080 823 2288 880 ﬁebant
2319 824 2780 879 vehementiores.
2805 823 2942 878 Nam
2969 837 3096 877 cum
3119 821 3188 876 ad
3217 835 3319 875 nos
3345 819 3660 875 advenisset

2076 915 2354 980 Christus,
2381 915 2611 970 fuerunt
2631 914 2793 969 nobis
2822 914 3056 968 certiora
3085 920 3141 967 et
3161 913 3379 966 notiora
3427 927 3550 982 qua:
3592 912 3660 967 dc

2081 1007 2202 1078 ipso
2217 1007 2545 1061 dicebantur
2557 1021 2654 1076 per
2668 1006 2866 1075 legem.
2880 1004 3286 1067 «Auditeenim,
3303 1005 3433 1073 inqu
3443 1005 3504 1065 it,
3521 1004 3658 1069 haec,

2081 1113 2274 1152 omnes
2295 1107 2490 1168 gentes
2505 1095 2750 1150 “.lSedr
2777 1095 2955 1150 Moses
2979 1095 3225 1165 quidem,
3250 1095 3450 1164 inquit,
3468 1095 3661 1164 loque-

2083 1188 2247 1242 batur
2283 1204 2297 1241 :
2329 1189 2474 1242 Deus
2494 1193 2679 1240 autem
2707 1185 2759 1239 ei
2787 1185 3154 1255 respondebat
3208 1199 3345 1240 voce
3369 1187 3434 1239 ⁸⁸.
3463 1205 3480 1237 ι
3522 1186 3660 1240 Nam

2082 1280 2259 1335 Moses
2291 1279 2515 1348 quidem
2541 1286 2802 1348 tanquam
2830 1276 3157 1348 paedagogus
3189 1278 3660 1350 quarebatlegem

2083 1385 2190 1440 qua
2215 1369 2389 1425 futuri
2408 1368 3008 1424 erantmeliores.Deus
3029 1377 3211 1423 autem
3237 1367 3659 1440 ferebatlegem.

2086 1459 2211 1515 Vor
2236 1469 2419 1515 autem
2441 1459 2618 1514 Patris
2642 1460 2834 1524 Filius,
2868 1466 3128 1528 tanquam
3163 1458 3424 1513 Verbum.
3451 1459 3563 1514 Lex
3579 1470 3664 1516 est

2083 1555 2230 1609 enim
2265 1569 2331 1608 ex
2357 1553 2497 1623 ipso,
2529 1552 2751 1608 etiarnsi
2788 1567 2888 1622 per
2921 1551 3148 1621 angelos
3181 1551 3400 1606 locutus
3421 1560 3508 1606 est
3535 1566 3663 1607 cum

2085 1646 2292 1716 Moyse.
2320 1645 2458 1700 Cum
2493 1652 2680 1699 autem
2699 1643 2864 1714 jussit
2893 1643 3058 1708 Deus,
3095 1642 3346 1698 ascendit
3370 1644 3583 1715 Moyses
3607 1645 3664 1700 in

404 1729 656 1799 κείμενον
681 1728 774 1782 τοῦ
807 1728 938 1782 λαοῦ
969 1729 1079 1783 τῶν
1127 1730 1416 1796 Ἰουδαίων,
1437 1733 1532 1785 καὶ
1558 1732 1866 1803 θεράποντα
1883 1732 1977 1786 τοῦ

2089 1739 2343 1793 verticem
2363 1737 2566 1792 montis
2589 1738 2654 1789 ⁸⁸.
2678 1737 2814 1791 Nam
2849 1751 2976 1791 cum
3004 1745 3256 1791 vocasset
3271 1735 3527 1791 Christus
3559 1753 3662 1808 po-

400 1820 560 1886 Θεοῦ,
595 1819 801 1874 ἄνεισιν
824 1814 977 1884 οὗτος
1023 1820 1116 1873 ἐπὶ
1143 1821 1240 1890 τὴν
1267 1819 1609 1892 ὑψηλοτάτην
1629 1821 1976 1890 θεογνωσίαψ

405 1915 434 1964 6
468 1911 525 1965 δὲ
554 1912 681 1975 λαὸς
724 1912 974 1983 εἴργεται
1006 1912 1269 1982 ἐγγίζειν,
1304 1912 1393 1965 ἵνα
1441 1913 1515 1984 μὴ
1541 1913 1812 1986 ἀποθάνῃ.
1856 1913 1982 1976 Τοῖς

403 2002 515 2073 γὰρ
537 2005 822 2073 κοσμικοίς
848 2003 943 2056 καὶ
980 2003 1332 2074 φιλοσάρκοις
1357 2001 1694 2066 ἐπικίνδυνος
1721 2003 1755 2073 ή
1785 2001 1984 2072 ὑψηλο-

405 2094 542 2165 τέρα
568 2093 792 2164 Θεωρία,
819 2093 953 2146 άλλά
977 2095 1205 2156 καὶτοῖς
1227 2093 1480 2162 ἀνάγνοις
1505 2093 1741 2163 ἱερεῦσιν
1759 2111 1772 2124 ·
1799 2093 1983 2162 ⁹Αγια-

408 2188 694 2259 σθήτωσαν
718 2189 848 2258 γὰρ,
883 2187 1040 2259 φησὶ,
1093 2188 1304 2256 μήποτε
1345 2184 1630 2259 ἀπαλλάξῃ
1669 2186 1765 2241 ἀπ’
1804 2187 1982 2240 αὐτῶν

406 2281 435 2332 6
474 2281 699 2352 Κύριος
747 2279 893 2333 τοῦτ’
944 2279 1110 2343 ἔστιν,
1167 2279 1350 2351 ἀνέλῃ,
1377 2281 1410 2350 ἢ
1441 2280 1536 2333 καὶ
1571 2281 1982 2351 ἀπαναχωρήσῃ

406 2371 494 2426 διὰ
514 2371 611 2442 τὴν
657 2369 999 2442 ἀκαθαρσίαν
1042 2370 1242 2423 αὐτῶν.
1271 2370 1622 2435 Καταϐάντος
1658 2370 1713 2424 δὲ
1741 2371 1986 2434 Μωσέως

406 2463 504 2517 καὶ
528 2463 1042 2536 διαμαρτυραμένου
1077 2461 1154 2534 τῷ
1187 2462 1322 2534 λαῷο
1361 2463 1847 2533 συγκαταϐατικῶς
1875 2462 1986 2532 γὰρ

408 2556 505 2611 καὶ
535 2555 698 2608 οἱονεὶ
743 2554 959 2623 γεωδῶς
983 2554 1078 2607 καὶ
1113 2555 1441 2626 σωματικῶς
1465 2557 1494 2608 6
1517 2556 1680 2627 νόμος
1713 2555 1986 2618 Ἰουδαίοις

407 2647 736 2716 διαλέγεται·
779 2647 1083 2700 συνάνεισιν
1111 2645 1259 2717 αὐτῷ
1301 2648 1397 2700 καὶ
1436 2645 1673 2718 Ἀαρὼν,
1715 2646 1810 2700 τοῦ
1850 2645 1985 2700 Θεοῦ

410 2739 786 2802 κελεύσαντος.
821 2737 1064 2807 Ἔγγίζει
1096 2737 1204 2809 γὰρ
1233 2738 1312 2809 τῷ
1341 2738 1462 2809 Θεῷ
1496 2739 1760 2810 πρότερος
1791 2739 1821 2791 6
1859 2739 1990 2792 Μω-

419 2831 607 2894 σαῖκὸς
650 2829 814 2900 νόμος
841 2829 915 2894 ὡς
959 2829 1142 2898 ἅγιος,
1177 2828 1402 2900 ὓστερον
1427 2828 1484 2881 δὲ
1517 2831 1612 2882 καὶ
1649 2831 1678 2882 ὁ
1707 2828 1991 2898 εὐαγγελι-

409 2919 526 2988 κὸς,
546 2919 621 2985 ὡς
660 2917 970 2992 ἱερώτατος,
1004 2917 1098 2973 καὶ
1120 2917 1505 2987 συζεύγνυνται
1535 2919 1676 2974 κατὰ
1698 2918 1850 2985 Θεὸν,
1871 2920 1990 2990 ἦτοι

413 3011 554 3067 κατά
580 3011 680 3082 τὴν
706 3007 1080 3080 πνευματικὴν
1101 3007 1333 3081 Θεωρίαν
1351 3023 1365 3038 ο
1400 3007 1685 3080 συνᾴδουσι
1711 3011 1818 3081 γὰρ
1848 3009 1992 3064 κατά

412 3121 476 3174 γε
520 3103 581 3156 τὸ
627 3099 1014 3173 πνευματικῶς
1069 3098 1459 3171 θεωρούμενον.
1508 3100 1792 3154 κωλύεται
1828 3100 1884 3154 δέ
1929 3101 1991 3154 τὸ
2017 3085 2062 3144 C

413 3196 598 3249 λοιπὸν
630 3193 908 3264 ἱερατικὸν
939 3191 1096 3260 γένος
1133 3190 1378 3246 ἀνελθεῖν
1393 3193 1473 3256 είς
1495 3192 1593 3264 τὴν
1621 3194 1868 3263 κορυφὴν
1899 3191 1993 3246 τοῦ

412 3289 594 3356 ὅρους.
622 3287 749 3350 Τοῖς
774 3283 884 3355 γὰρ
922 3283 1005 3338 ἐτι
1042 3282 1141 3354 τὴν
1189 3285 1247 3338 ἐν
1286 3287 1466 3350 σκιαῖς
1493 3284 1706 3339 τελοῦσι
1739 3278 1995 3357 λατρείαν

415 3379 476 3432 οὐ
510 3378 713 3432 δίδοται
742 3375 893 3447 παρὰ
917 3373 1078 3440 Θεοῦ,
1111 3374 1172 3428 τὸ
1206 3373 1342 3447 πρὸς
1380 3374 1512 3444 ὕψος
1547 3374 1846 3443 ἀνάγεσθαι
1873 3375 1996 3443 δογ-

417 3471 636 3542 μάτων,
677 3470 972 3540 τετήρηται
1003 3466 1061 3522 δὲ
1089 3469 1202 3532 τοῖς
1233 3467 1292 3520 ἐν
1335 3465 1609 3537 πνεύματι
1643 3467 1737 3520 καὶ
1765 3463 1997 3536 ἀληθείᾳ

413 3563 736 3635 λατρευταίς
785 3559 880 3613 τοῦ
930 3557 1087 3613 Θεοῦ.
1143 3576 1163 3611 ι
1199 3556 1361 3629 Ὑμῖν
1398 3556 1528 3628 γὰρ,
1580 3556 1737 3626 φησὶ,
1783 3555 1995 3609 δέδοται

415 3654 616 3724 γνῶναι
670 3651 740 3705 τὰ
792 3650 1067 3722 μυστήρια
1111 3648 1212 3718 τῆς
1260 3645 1535 3717 βασιλείας
1574 3646 1684 3700 τῶν
1725 3645 1992 3716 οὐρανῶν,

413 3746 644 3809 ἐκείνοις
668 3743 726 3797 δὲ
763 3743 825 3796 οὐ
853 3741 1083 3796 δέδοται.
1125 3757 1145 3789 ι

427 4051 490 4106 '0
522 4047 748 4116 Μωσῆς
777 4043 951 4116 ἀφεὶς
973 4039 1089 4108 τὴν
1109 4039 1379 4116 πεᾷιάὸα,
1411 4042 1655 4116 καὶπερὶ
1684 4042 1827 4110 τοὺς
1860 4046 1994 4116 πρό-

486 4120 678 4184 ποδας
697 4110 836 4184 ’τοῦί
851 4114 1027 4184 ὄρους
1057 4110 1396 4184 γενόμενος,
1431 4110 1701 4181 ἀνῆλθεν
1718 4117 1806 4180 εις
1820 4110 1990 4184 αὐτὸ,

486 4191 584 4242 καὶ
631 4179 900 4254 διασχὼὼ
931 4179 1044 4248 τὴν
1080 4179 1365 4248 νεφέλην,
1421 4179 1807 4252 λαμπρότητα
1844 4183 1993 4238 Θεοῦ

485 4255 608 4312 εἶδε
630 4257 731 4310 καὶ
761 4257 965 4309 ἔπαθε.

489 4368 684 4433 Πεδιάς
731 4367 1089 4438 ἀναγωγικῶς
1133 4371 1161 4422 ὀ
1193 4369 1446 4440 ἐνάρετος
1499 4365 1627 4436 βίον
1679 4368 1844 4421 παντὶ
1885 4368 1992 4438 γάρ

418 4463 617 4537 ῥᾴδιος.
671 4459 948 4531 Πρόποδες
976 4459 1034 4513 δὲ
1072 4458 1166 4514 τοῦ
1205 4437 1363 4530 ὅρους
1416 4458 1450 4528 ή
1484 4457 1759 4530 πρακτικὴ
1799 4437 1991 4531 ἀρετή,
2027 4437 2071 4493 D

417 4554 641 4614 καὶτοῖς
693 4549 1089 4623 ἀνδρειοτέροις
1126 4549 1559 4621 εὐεπιχείρητος,
1599 4549 1666 4603 δι’
1705 4545 1772 4622 ἦς
1799 4551 1892 4603 ἐπὶ
1932 4549 1993 4603 τὸ

415 4647 510 4716 τῆς
543 4643 776 4715 θεωρίας
809 4641 940 4712 ὕψος
969 4641 1474 4714 χειραγωγούμεθα.
1510 4643 1672 4715 Ὄρος
1713 4642 1856 4696 δὲτὸ
1898 4660 1996 4695 πε-

418 4739 639 4810 ρίοπτον
671 4736 765 4788 καὶ
785 4736 1081 4804 κορυφαῖον
1102 4734 1199 4804 τῆς
1221 4731 1563 4804 θεωρητικῆς
1593 4734 1812 4806 ἀρετῆς,
1831 4733 1858 4786 ὃ
1879 4737 1994 4798 τοῖς

374 4844 380 4900 ς
416 4828 645 4892 τελείοις
670 4826 765 4880 καὶ
797 4825 980 4896 μόνοις
1015 4824 1266 4896 βάσιμον.
1302 4825 1444 4879 Ἀλλ’
1475 4824 1601 4878 οὐδὲ
1637 4825 1869 4879 ἐνταῦθα
1904 4843 1994 4894 γε-

365 4903 376 4952 -¹
422 4921 661 4990 φάμενος,
699 4918 896 4989 ἴσχυσε,
937 4915 1031 4971 τοῦ
1086 4916 1423 4988 ποθουμένου
1466 4920 1674 4988 τυχεῖνο
1722 4916 1998 4982 ἐνεπόδιξε

415 5011 582 5084 γάρή
615 5011 838 5083 νεφέλη,
870 5008 1016 5063 τοῦτ’
1040 5008 1180 5075 ἔστι,
1212 5009 1272 5063 τὸ
1305 5009 1477 5081 πάχος
1509 5010 1610 5080 τῆς
1645 5008 1868 5081 σαρκός.
1889 5009 2000 5070 Καὶ

415 5100 650 5176 διασχὼν
674 5101 770 5156 καὶ
807 5093 918 5153 οἷον
953 5099 1202 5172 ὑπερϐὰς
1238 5099 1361 5162 ταῖς
1397 5099 1534 5170 πρὸς
1561 5099 1693 5154 Θεὸν
1730 5099 1994 5165 νεύσεσιν,

417 5191 524 5248 εἶδέ
557 5211 616 5248 τε
649 5193 806 5258 δόξαν
832 5191 991 5256 Θεοῦ,
1028 5192 1219 5260 λόγους
1247 5193 1595 5264 ἀπορρήτους
1632 5193 1842 5265 μαθὼν,
1903 5193 1997 5247 καὶ

417 5285 654 5341 πέπονθε
706 5281 1078 5355 λαμπρυνθεὶς
1121 5283 1182 5336 τὸ
1226 5285 1536 5354 πρόσωπον,
1570 5285 1645 5348 ὡς
1689 5285 1994 5356 ἐπικαλύμ-

423 5395 592 5448 ματος
623 5375 848 5440 δεῖσθαι,
889 5373 1026 5446 πρὸς
1067 5375 1158 5429 τὸν
1181 5376 1331 5430 λαόν.
1362 5377 1475 5430 Καὶ
1510 5377 1619 5447 γάρ
1656 5379 1705 5432 οἱ
1750 5395 1992 5450 συγγραα

421 5471 612 5543 φέντες
652 5468 799 5541 αὐτῷ
829 5468 978 5537 λόγοι
1019 5467 1288 5538 κάλυμμα
1321 5470 1417 5541 μὲν
1453 5469 1635 5541 έχουσι
1675 5470 1776 5541 τὴν
1809 5487 1996 5542 σωμα-

2082 1828 2272 1898 pulum
2287 1827 2524 1892 ﬁdelem,
2541 1826 2636 1897 qui
2666 1835 2750 1883 est
2773 1842 2940 1896 supra
2961 1826 3225 1895 populum
3245 1825 3580 1894 Judaeorum,
3608 1839 3666 1884 et

2083 1929 2168 1973 est
2197 1935 2391 1974 servus
2411 1918 2528 1984 Dei,
2562 1919 2677 1988 ipse
2697 1918 2949 1974 ascendit
2973 1918 3029 1972 in
3051 1934 3325 1975 summam
3351 1920 3451 1976 Dei
3480 1923 3667 1993 cogni-

2085 2011 2310 2066 tionem.
2340 2011 2674 2066 Prohibetur
2705 2020 2891 2066 autem
2919 2012 3158 2082 populus
3197 2014 3663 2084 appropinquare,

2085 2119 2156 2159 ne
2185 2104 2472 2158 moriatur.
2515 2103 2806 2158 Mundanis
2844 2103 2992 2158 enim
3029 2113 3086 2159 et
3117 2106 3302 2160 carnis
3353 2107 3666 2164 amantibus

2085 2207 2170 2252 est
2198 2196 2508 2266 periculosa
2533 2196 2826 2251 sublimior
2853 2196 3268 2266 contemplatio.
3313 2197 3422 2253 Sed
3451 2207 3508 2254 et
3555 2215 3666 2256 non

2085 2288 2256 2344 castis
2284 2287 2684 2351 sacerdotibus,
2743 2285 3204 2353 Sanctiﬁcentur,
3250 2287 3451 2358 inquit,
3487 2305 3558 2345 ne
3598 2292 3667 2346 ab

2087 2376 2169 2433 eis
2195 2377 2418 2432 recedat
2442 2377 2731 2442 Dominus,
2767 2375 2876 2432 hoc
2894 2385 3007 2443 est,
3031 2393 3101 2434 ne
3121 2392 3219 2433 eos
3249 2378 3322 2435 de
3365 2380 3548 2435 medio
3569 2381 3673 2436 tol-

2088 2467 2186 2533 lat,
2212 2475 2308 2524 aut
2338 2468 2506 2523 etiam
2528 2468 2598 2524 ab
2631 2468 2715 2524 eis
2754 2468 2918 2524 abeat
2947 2480 3174 2540 propter
3197 2485 3389 2525 eorum
3435 2472 3672 2528 immun-

2091 2558 2306 2614 ditiam.
2327 2558 2465 2614 Cum
2493 2567 2680 2615 autem
2699 2559 3077 2616 descendisset
3099 2560 3312 2632 Moyses
3365 2570 3423 2618 et
3479 2564 3671 2618 testiﬁ-

2091 2660 2248 2707 catus
2268 2658 2415 2705 esset
2439 2650 2705 2720 populum
2755 2649 2905 2720 (nam
2932 2665 2992 2705 se
3021 2650 3366 2706 demittenda
3411 2660 3470 2707 et
3497 2653 3670 2708 veluti

2091 2750 2310 2795 terreno
2326 2748 2382 2794 et
2397 2740 2760 2810 corporaliter
2779 2755 2904 2796 cum
2917 2741 3122 2798 Iudaeis
3142 2743 3228 2796 lex
3246 2743 3514 2815 loquitur)
3524 2759 3671 2810 ,cum

2090 2846 2159 2888 eo
2180 2829 2429 2886 ascendit
2465 2830 2631 2886 etiam
2655 2831 2840 2887 Aaron
2870 2833 2985 2888 Deo
3012 2833 3243 2904 jubente
3273 2835 3338 2890 ⁵⁷.
3377 2837 3492 2892 Deo
3522 2839 3672 2893 enim

2091 2925 2246 2995 prior
2283 2924 2690 2995 apprOpinquat
2729 2925 2818 2979 lex
2851 2925 3108 2992 Mosaica,
3155 2936 3413 2998 tanquam
3462 2937 3672 2996 saneta,

2093 3025 2283 3086 postea
2321 3025 2508 3072 autem
2550 3016 2717 3072 etiam
2759 3017 3075 3088 evangelica
3110 3027 3372 3089 tanquam
3422 3022 3677 3077 sacratis-

2097 3104 2253 3170 sima,
2306 3113 2364 3161 et
2421 3107 2832 3177 conjunguntur
2860 3107 3164 3164 secundum
3214 3111 3387 3165 Deum
3442 3129 3539 3168 seu
3592 3129 3677 3169 se-

2096 3198 2339 3252 cundum
2373 3198 2715 3269 spiritualem
2761 3202 3314 3272 contemplationem:
3373 3215 3677 3261 consonant

2095 3285 2244 3341 enim
2267 3287 2322 3342 in
2351 3302 2419 3343 co
2454 3289 2676 3359 quidem
2702 3299 2854 3346 certe
2905 3291 3055 3362 quod
3094 3293 3480 3350 consideratur
3510 3297 3677 3366 spiri-
3754 3299 3758 3303 ’

2097 3379 2342 3434 tualiter.
2381 3381 2458 3435 De
2487 3390 2691 3436 caetero
2711 3389 2898 3436 autem
2929 3383 3260 3458 prohibetur
3289 3402 3461 3455 genus
3495 3402 3676 3442 sacer-

2096 3469 2277 3525 dotale
2298 3471 2598 3526 ascendere
2629 3471 2686 3524 in
2711 3457 2976 3527 verticem
3015 3474 3240 3529 montis.
3277 3475 3348 3529 lis
3397 3476 3545 3529 enim
3581 3478 3675 3546 qui

2095 3563 2154 3618 in
2179 3562 2394 3618 umbris
2424 3563 2522 3618 Dei
2538 3562 2747 3618 cultum
2779 3563 2962 3618 adhuc
2994 3574 3287 3636 peragunt,
3311 3581 3424 3620 non
3446 3566 3610 3622 datur
3645 3585 3675 3624 a

2095 3655 2210 3710 Deo
2235 3653 2449 3709 sustolli
2477 3653 2546 3708 ad
2569 3652 2918 3708 altitudinem
2947 3653 3298 3726 dogmatum:
3331 3656 3427 3710 sed
3457 3657 3511 3711 id
3554 3672 3676 3712 ser-

2096 3755 2284 3802 vatum
2315 3755 2401 3801 est
2436 3745 2504 3800 iis
2529 3745 2625 3815 qui
2655 3745 2829 3800 Deum
2848 3744 3082 3800 adorant
3111 3746 3169 3800 in
3217 3747 3419 3817 spiritu
3445 3758 3502 3803 et
3524 3749 3668 3803 veri-

2095 3845 2207 3892 tate
2241 3835 2339 3890 ⁸³.‹
2361 3835 2531 3891 Vobis
2551 3835 2718 3900 enim,
2746 3834 2943 3905 inquit,
2979 3835 3167 3890 datum
3178 3847 3264 3892 est
3293 3854 3454 3894 nosse
3475 3851 3677 3911 myste-

2095 3927 2178 3982 ria
2206 3927 2358 3998 regni
2386 3926 2673 3990 caelorum,
2707 3925 2817 3981 illis
2837 3933 3020 3980 autem
3063 3941 3175 3982 non
3204 3935 3290 3982 est
3335 3928 3524 3985 datum
3552 3932 3616 3987 δ’.
3647 3951 3664 3983 ι

2095 4038 2322 4110 Moyses,
2352 4039 2541 4095 relicta
2567 4041 2741 4111 campi
2774 4039 3018 4110 planitie,
3054 4056 3172 4093 cum
3195 4040 3417 4095 venisset
3433 4043 3502 4095 ad
3530 4044 3676 4097 radi-

2174 4129 2256 4169 ces
2286 4111 2750 4175 mantis,uscendit
2773 4113 2829 4165 in
2857 4127 2994 4174 eum,
3029 4118 3078 4164 et
3109 4111 3326 4166 discissa
3364 4112 3519 4178 nube,
3545 4115 3673 4168 vidit

2165 4185 2261 4240 Dei
2295 4181 2627 4254 splendorem
2645 4190 2693 4235 et
2721 4198 2908 4253 passus
2943 4190 3037 4235 est.

2168 4366 2431 4422 Planities
2451 4363 2748 4435 anagogice
2795 4370 2881 4418 est
2935 4363 3040 4418 vita
3085 4378 3207 4432 qua:
3240 4362 3420 4433 agitur
3447 4377 3516 4416 ex
3554 4362 3671 4418 vir-

2097 4469 2234 4523 tute,
2264 4468 2350 4513 est
2384 4456 2530 4512 enim
2555 4455 2731 4511 cuivis
2771 4453 2967 4508 facilis.
3028 4453 3205 4508 Radix
3249 4461 3434 4508 autem
3469 4453 3674 4507 montis

2095 4561 2180 4609 est
2206 4553 2381 4606 virtus
2405 4549 2606 4614 activa,
2630 4556 2687 4604 et
2725 4562 2890 4618 quam
2943 4545 3161 4617 aggredi
3205 4553 3437 4615 possunt
3485 4544 3524 4598 ii
3575 4545 3672 4614 qui

2097 4654 2226 4701 sunt
2253 4643 2416 4714 paulo
2445 4641 2722 4706 fortiores,
2752 4654 2853 4711 per
2875 4653 3040 4710 quam
3087 4636 3415 4693 deducimur
3436 4636 3504 4690 ad
3545 4636 3674 4691 alti-

2096 4736 2347 4791 tudinem
2370 4733 2868 4804 contemplationis.
2899 4732 3060 4786 Mons
3085 4741 3271 4786 autem
3309 4738 3395 4786 est
3423 4729 3478 4784 id
3526 4728 3673 4799 quod

2093 4837 2179 4884 est
2201 4826 2562 4898 conspicuum
2595 4833 2654 4881 et
2674 4839 2950 4880 summum
2982 4823 3672 4892 virtutiscontemplativae,

2100 4920 2250 4992 quod
2274 4919 2429 4975 adire
2458 4923 2692 4990 possunt
2723 4916 2826 4972 soli
2879 4913 3132 4986 perfecti.
3181 4912 3290 4990 Sed
3333 4928 3514 4984 neque
3547 4929 3672 4968 cum

2097 5012 2190 5068 hic
2210 5011 2426 5076 fuisset,
2453 5008 2634 5080 potuit
2648 5007 2813 5078 potiri
2835 5005 3141 5061 desiderio:
3179 4993 3674 5072 impediebatenim

2095 5103 2295 5168 nubes,
2329 5101 2436 5157 hoc
2457 5108 2541 5156 est
2560 5096 2872 5154 crassitudo
2907 5095 3110 5152 carnis.
3136 5095 3345 5151 Etcum
3373 5095 3673 5161 divisisset,

2096 5193 2570 5267 etquodammodo
2592 5190 2928 5264 pervasisset
2950 5189 3180 5244 nutibus
3205 5189 3273 5244 ad
3295 5189 3554 5255 Deum,et
3576 5189 3672 5244 Dei

2097 5286 2503 5357 viditgloriam,
2527 5291 2589 5338 ut
2623 5281 2718 5352 qui
2745 5280 2913 5336 verba
2937 5278 3194 5335 didicerit
3222 5288 3512 5345 arcana,et
3545 5294 3674 5350 pas-

2101 5391 2195 5431 sus
2217 5385 2300 5432 est
2325 5391 2452 5430 cum
2470 5373 2775 5429 refulsisset
2795 5371 2915 5442 eius
2941 5369 3128 5435 facies,
3157 5369 3295 5425 adeo
3317 5379 3376 5424 ut
3408 5385 3546 5441 opus
3577 5370 3674 5424 ha-

2103 5471 2258 5526 beret
2284 5470 2543 5540 operculo
2577 5482 2673 5524 seu
2701 5466 2826 5523 velo
2856 5464 2925 5521 ad
2945 5464 3231 5536 p0pulum.
3259 5465 3393 5521 Nam
3418 5466 3514 5536 qui
3536 5464 3674 5520 scri-

489 5671 534 5704 “
563 5670 701 5726 Psal.
738 5686 914 5736 srvm,
951 5668 1005 5722 2.
1085 5669 1128 5701 “
1152 5668 1325 5724 Exod.
1360 5684 1470 5735 xu,
1508 5669 1592 5724 l9.
1675 5669 1718 5701 ⁸⁸
1747 5668 1884 5723 Ibid.
1921 5668 1990 5724 «20

2089 5668 2131 5698 ⁸⁷
2164 5666 2302 5722 Ibid.
2335 5667 2424 5722 Ἦ.
2501 5668 2548 5701 ⁸⁸
2588 5668 2745 5725 Joan.
2800 5684 2870 5735 IV,
2929 5666 3020 5723 23.
3097 5667 3142 5700 δ’
3178 5663 3368 5724 Matth.
3413 5639 3534 5732 ixm,
3579 5661 3665 5716 Η.
