4062 6202
482 227 619 283 “99

1681 229 1734 283 S.
1776 225 2050 283 CYRILLI
2089 227 2179 282 ET
2227 225 2531 284 ALIORUM

3591 221 3744 278 ιτοο

481 342 562 413 pti
587 349 717 398 sunt
744 342 812 397 ab
831 356 900 398 eo
918 341 1068 405 libri,
1090 343 1410 410 operculum
1429 341 1650 412 quidem
1682 317 2051 408 habent,cor-

2162 345 2321 415 τικὴν
2355 345 2556 413 γνῶσιν
2581 360 2593 372 ·
2632 340 2988 412 λαμπρότητα
3023 337 3111 403 δὲ,
3145 337 3214 391 τά
3247 337 3325 400 είς
3364 338 3597 408 Χριστὸν
3644 342 3746 394 ἀν-

481 434 723 505 poralem
758 434 1158 503 cognitionem:
1204 432 1552 503 splendorem
1570 434 1791 500 'autem,
1823 451 1886 489 ea
1931 452 2054 506 quae

481 525 549 579 ad
579 524 858 578 Christum
910 523 1245 577 referuntur.
1295 523 1609 578 Transitum
1659 525 1714 579 in
1764 526 1901 580 mari
1955 541 2055 597 per

477 615 709 678 aridam,
749 629 1014 683 aquarum
1041 630 1140 684 per
1159 614 1366 684 virgam
1386 617 1820 686 percussionem,
1846 620 2056 674 colum-

479 721 605 760 nam
628 705 792 760 nubis
815 715 871 760 et
905 706 1065 777 ignis,
1093 715 1149 761 et
1195 723 1537 779 quaecunque
1561 719 1689 765 sunt
1715 711 2051 782 hujusmodi,

479 799 839 869 corporaliter
861 797 1085 870 quidem
1131 799 1447 872 intelligunt
1489 801 1686 858 Judaei.
1725 803 1922 858 Ablato
1949 819 2052 858 au-

481 902 589 945 tem
612 891 757 955 velo,
784 892 1037 946 veritatis
1063 891 1414 962 splendorem
1444 893 1646 949 intueri
1663 909 1774 949 non
1801 897 2049 951 valentes

479 981 802 1042 concidunt,
838 982 948 1037 nisi
977 981 1437 1054 iueritquispiam
1479 985 1660 1038 Aaron
1692 994 2048 1039 consecratus

479 1071 772 1127 chrismate
795 1072 1160 1142 baptismatis,
1187 1079 1245 1128 et
1275 1073 1344 1128 ad
1378 1073 1476 1128 Dei
1522 1076 1732 1130 cultum
1763 1082 1818 1130 et
1872 1075 2049 1131 servi-

478 1164 615 1218 tium
640 1163 946 1218 dedicatus.

480 1299 585 1352 Lex
620 1298 759 1351 dedit
795 1297 1102 1365 Sabbatum,
1142 1310 1197 1351 ut
1233 1303 1487 1370 quiescat,
1525 1302 1715 1371 inquit,
1744 1305 2048 1372 junmztum

915 1379 1061 1423 tuum
1104 1380 1152 1422 et
1182 1387 1360 1423 servus
1385 1380 1503 1423 tuus
1533 1372 1597 1424 ⁵ο.

548 1543 725 1598 Ambo
757 1544 876 1600 haec
896 1546 1058 1600 tacite
1091 1561 1291 1616 corpus
1310 1547 1636 1618 signiﬁcant.
1685 1551 1901 1620 Corpus
1921 1554 2050 1623 qui-

479 1637 603 1692 dem
657 1647 742 1694 est
782 1639 1091 1708 jumentum
1135 1640 1365 1748 mentiK
1395 1641 1604 1708 activa},
1638 1645 1784 1713 quod
1836 1646 2050 1717 cogitur

481 1737 740 1799 tanquam
774 1745 914 1784 onus
935 1731 987 1784 ei
1011 1730 1154 1785 ferre
1175 1730 1445 1798 action‘es,
1476 1733 1680 1787 mentis
1709 1742 1892 1789 autem
1918 1751 2048 1790 con-

483 1820 810 1889 templativa
832 1830 917 1876 est
940 1835 1152 1887 servus,
1187 1823 1308 1893 ejus
1351 1825 1520 1894 jussis
1552 1826 1802 1880 serviens
1841 1842 1908 1881 ex
1960 1845 2050 1882 ra—

481 1909 648 1968 tione.
678 1911 820 1967 lluic
842 1919 1026 1968 autem
1053 1914 1224 1967 menti
1247 1922 1304 1968 et
1347 1915 1425 1969 illi
1472 1931 1691 1986 quoque
1731 1927 1814 1972 est
1839 1917 2052 1974 Subba-

481 2013 619 2068 tunt,
643 2003 789 2072 quod
811 2003 972 2059 ﬁnem
1003 2021 1195 2061 eorum
1221 2023 1342 2077 quae
1367 2007 1436 2062 ab
1453 2008 1588 2078 ipsis
1614 2009 1752 2064 ﬁunt
1777 2010 2048 2065 bonorum

476 2095 535 2146 in
563 2093 780 2149 actione
803 2104 860 2150 et
905 2098 1392 2167 contemplatione,
1445 2101 1866 2156 convenientem
1927 2103 2054 2156 uni-

477 2183 682 2253 cuique
727 2185 938 2253 prazbet
983 2187 1252 2256 requiem.
1296 2189 1595 2243 Sabbatuln
1646 2192 1935 2262 mysticum
1967 2202 2053 2248 est

477 2273 739 2329 vitiorum
785 2283 841 2329 et
869 2277 1036 2330 animi
1061 2287 1310 2332 motuum
1347 2281 1582 2334 cessatio
1601 2321 1616 2346 ,
1641 2297 1763 2351 qua:
1788 2299 1888 2352 per
1911 2285 2051 2338 aeti-

477 2381 603 2420 vam
641 2375 791 2422 recte
833 2377 1124 2424 exercetur
1171 2371 1598 2442 philosophiam.
1636 2374 1936 2429 Sabbatum
1969 2386 2055 2432 est

479 2455 710 2512 libertas
726 2457 922 2512 animae
947 2457 1162 2514 ratione
1190 2460 1452 2530 praedita),
1476 2477 1598 2532 quae
1622 2478 1721 2532 per
1744 2466 2050 2519 naturalem

480 2546 538 2600 in
569 2548 768 2617 spiritu
790 2550 1334 2620 contemplationem,
1369 2552 1554 2608 amisit
1604 2555 1780 2624 ipsam
1821 2563 2050 2610 natura-

479 2637 586 2692 lem
616 2637 684 2692 ad
710 2638 934 2694 sensilia
963 2640 1363 2709 operationem.
1403 2641 1641 2697 Sabbata
1685 2643 2050 2700 Sabbatorum

479 2738 609 2784 sunt
641 2730 945 2801 spiritualis
977 2731 1140 2801 quies
1156 2732 1373 2798 animae,
1404 2747 1526 2802 qure
1565 2742 1804 2788 mentem
1835 2744 2055 2790 contra-

478 2821 560 2877 xit
585 2822 655 2876 ab
675 2823 935 2878 erunibus
959 2823 1166 2879 divinis
1202 2840 1323 2894 qua:
1344 2832 1477 2879 sunt
1523 2824 1578 2878 in
1627 2827 1792 2880 rebus
1820 2826 2053 2880 rationi-

478 2913 606 2978 bus,
654 2921 712 2970 et
763 2914 865 2969 soli
897 2915 1010 2969 Deo
1063 2922 1163 2984 per
1197 2915 1522 2969 amatoriam
1561 2918 1824 2971 exstasim
1873 2917 2046 2987 ipsam

478 3005 706 3061 omnino
745 3006 996 3076 illigavit,
1021 3015 1079 3060 et
1102 3021 1200 3075 per
1243 3006 1532 3078 mysticam
1563 3008 1895 3079 theologiam
1925 3024 2046 3063 eam
2078 3035 2120 3092 ο

477 3095 548 3151 ab
573 3096 666 3150 illo
694 3095 937 3149 reddidit
970 3095 1191 3164 penitus
1211 3095 1563 3150 immobilem.

550 3186 690 3240 Eum
721 3184 815 3254 qui
847 3184 991 3254 ligna
1019 3185 1316 3255 collegerat
1353 3185 1409 3239 in
1435 3184 1694 3251 Sabbato,
1722 3187 1866 3241 Deus
1888 3188 2052 3257 jussit

477 3277 638 3331 obrui
661 3276 938 3346 lapidibus
958 3277 1024 3329 ⁸¹.
1049 3276 1183 3330 Nam
1210 3275 1470 3347 quoniam
1489 3277 1697 3348 lignum
1720 3278 1942 3349 quidem
1967 3286 2053 3334 est

477 3367 798 3423 alimentum
827 3368 970 3438 ignis
1001 3369 1239 3433 sensilis,
1293 3379 1580 3440 peccatum
1620 3381 1802 3425 autem
1833 3382 1918 3425 est
1946 3371 2050 3425 ali-

477 3469 722 3514 mentum
764 3459 905 3529 ignis
945 3459 1138 3514 mterni
1169 3477 1182 3513 :
1222 3459 1292 3514 ab
1325 3475 1393 3515 eo
1430 3461 1521 3531 qui
1546 3477 1645 3531 per
1676 3462 1925 3516 divinum
1953 3463 2051 3517 ba-

478 3551 740 3622 ptismum
773 3560 868 3606 aut
909 3552 1289 3622 pmnitentiam
1324 3553 1508 3609 fuerat
1537 3554 1593 3608 in
1615 3554 1802 3625 quiete
1826 3571 1855 3610 a
1895 3555 2054 3612 malis

477 3644 760 3714 operibus,
797 3652 854 3699 et
877 3645 933 3698 in
965 3644 1070 3699 hoc
1110 3654 1255 3700 statu
1294 3654 1515 3715 peccata
1546 3647 1917 3717 persequitur,
1949 3647 2054 3704 hoc

475 3747 784 3794 extremum
817 3737 996 3806 poscit
1033 3738 1386 3808 supplicium,
1419 3746 1478 3792 ut
1505 3738 1598 3807 qui
1636 3749 1921 3809 postquam
1948 3739 2053 3796 fuit

475 3828 745 3884 liberatus
765 3843 795 3882 a
817 3827 1060 3898 pondere
1091 3829 1324 3898 peccati,
1355 3845 1413 3883 se
1449 3829 1500 3884 ei
1525 3844 1717 3884 rursus
1740 3846 1838 3885 sua
1859 3838 2052 3901 Sponte

477 3920 750 3990 subjiciat.
786 3919 958 3975 Porro
979 3928 1163 3975 autem
1184 3919 1348 3992 jussit
1373 3919 1540 3975 etiam
1560 3936 1658 3990 per
1680 3936 1872 3976 vocem
1893 3922 2049 3978 Jere-

478 4011 600 4065 mia:
616 4012 916 4082 prOpheue,
940 4027 1048 4068 non
1072 4013 1264 4068 tollere
1285 4026 1452 4067 onera
1474 4012 1527 4066 in
1553 4012 1641 4068 die
1661 4012 2046 4079 Sabbatorum,

477 4117 656 4173 neque
703 4117 842 4173 opus
875 4104 1075 4167 facere,
1122 4117 1302 4172 neque
1330 4103 1603 4172 proﬁcisci
1639 4113 1793 4160 extra
1825 4107 2050 4162 Jerusa-

478 4195 584 4250 lem
638 4197 705 4248 δ’.
748 4193 978 4263 Oportet
1013 4194 1159 4249 enim
1189 4209 1284 4249 eos
1303 4196 1396 4265 qui
1421 4196 1764 4252 sabbatizant
1795 4199 2052 4270 spiritua-

477 4285 624 4349 litcr,
667 4299 779 4338 non
819 4283 1009 4338 tollere
1050 4299 1243 4340 rursus
1283 4286 1530 4355 pondera
1569 4290 1777 4357 peccati
1813 4310 1824 4344 :
1869 4307 2049 4363 neque

2156 439 2420 508 αγόμενα.
2454 437 2566 508 Τὴν
2597 434 2685 488 διὰ
2729 433 2899 505 ξηρᾶς
2928 433 2986 485 ὲν
3009 431 3256 503 θαλάσσῃ
3296 428 3488 496 δίοδον,
3516 430 3618 503 τὴν
3647 432 3748 486 διὰ.

2158 528 2356 598 ράϐδου
2387 527 2494 582 τῶν
2521 527 2728 582 ὑδάτων
2765 525 2996 595 πληγὴν,
3028 523 3117 576 τὸν
3146 522 3335 576 στύλον
3367 522 3470 590 τῆς
3501 522 3745 595 νεφέλης

2157 622 2251 674 καὶ
2281 619 2376 674 τοῦ
2403 620 2592 692 πυρδς,
2622 619 2716 672 καὶ
2740 618 2809 670 τά
2859 614 3085 670 τοιαῦτα
3127 615 3343 669 ἅπαντα
3401 614 3744 685 σωματικῶς

2158 711 2258 780 μὲν
2286 710 2499 764 νοοῦσιν
2522 708 2782 764 Ἰουδαῖοι.
2823 705 2930 759 Τοῦ
2961 706 3016 759 δὲ
3051 703 3540 774 περικαλύμματος
3567 704 3746 773 ἀφαι-

2157 803 2447 874 ρουμένου,
2487 804 2554 872 τῇ
2583 799 2931 871 λαμπρότητι
2972 797 3075 866 τῆς
3103 795 3363 867 ἀληθείας
3398 795 3739 867 ὲντρανίζειν

2153 897 2214 948 οὐ
2260 895 2540 957 σθένοντες
2577 891 3031 946 καταπίπτουσιν·
3064 891 3112 942 εί
3170 889 3244 960 μή
3288 906 3373 952 τις
3403 887 3612 959 Ἀαρὼν
3643 888 3736 959 εἴη

2153 987 2230 1058 τῷ
2258 989 2523 1058 χρίσματι
2560 986 2656 1038 τοῦ
2685 983 3060 1055 βαπτίσματος
3099 981 3415 1052 ίερωμένος,
3453 979 3548 1034 καὶ
3592 978 3738 1051 πρὸς

2153 1078 2408 1150 λατρείαν
2435 1077 2512 1148 τῷ
2542 1076 2662 1146 Θεῷ
2683 1074 3060 1144 ἀνακείμενος.

2165 1293 2225 1343 '0
2253 1293 2434 1361 νόμος
2494 1293 2558 1366 τό
2595 1295 2897 1347 Σάϐϐατον
2919 1294 3206 1366 δέδωκεν,
3241 1296 3343 1348 ἵνα
3372 1297 3729 1366 ἀναπαύσῃ-

2228 1379 2356 1425 ται,
2409 1363 2592 1432 φησὶ,
2659 1365 2760 1419 τὸ.
2789 1363 3104 1435 ὐποζύγιόν
3158 1379 3275 1420 σου
3329 1367 3427 1419 καὶ
3489 1371 3522 1420 ό
3585 1363 3735 1435 παῖς

2223 1448 2361 1485 σου.

2236 1547 2547 1617 ’Λμφότερα
2581 1547 2637 1599 δὲ
2681 1547 2852 1600 ταῦτα
2884 1547 2944 1598 τὸ
2977 1547 3136 1618 σῶμα
3178 1549 3526 1604 αἰνίττονται.
3559 1549 3739 1604 Τοῦτο

2153 1636 2261 1706 γάρ
2287 1627 2381 1689 τοῦ
2416 1637 2514 1706 μὲν
2550 1637 2854 1708 πρακτικοῦ
2879 1637 2995 1702 νοὸς
3026 1638 3316 1705 ύποζύγιόν
3357 1641 3526 1706 ἐστιν,
3570 1641 3740 1712 ἀχθο-

2159 1731 2344 1798 φορεῖν
2387 1726 2535 1796 αὐτῷ
2586 1728 2684 1793 τὰς
2746 1727 2969 1799 πράξεις
3021 1729 3483 1801 ἀναγκαζόμενον,
3537 1733 3626 1786 τοῦ
3675 1733 3739 1786 δὲ

2159 1817 2494 1890 θεωρητικοῦ
2523 1820 2637 1882 νοὸς
2668 1822 2796 1882 παῖς
2828 1822 2965 1884 ἐστι,
3017 1820 3251 1888 λογικῶς
3294 1822 3739 1892 ύπηρετούμενον

2157 1913 2278 1975 ταῖς
2313 1913 2599 1978 ἐπιταγαῖς
2622 1910 2809 1965 αὐτοῦ.
2835 1911 2946 1965 Καὶ
2978 1911 3153 1982 τούτῳ
3180 1912 3237 1966 δὲ
3271 1912 3347 1983 τῷ
3375 1913 3457 1968 νοῒ
3497 1914 3743 1983 κάκείνῳ

2159 2004 2436 2057 Σάϐϐατόν
2477 2006 2594 2057 ἐστι
2646 2005 2709 2056 τὸ
2746 2003 2920 2074 πέρας
2959 2004 3067 2058 τῶν
3103 2005 3511 2076 ἐνεργουμένων
3549 2008 3740 2070 αὐτοῖς

2159 2093 2338 2146 καλῶν
2370 2093 2512 2147 κατά
2536 2111 2594 2146 τε
2637 2092 2836 2164 πρᾶξιν
2866 2095 2960 2146 καὶ
2996 2093 3250 2164 θεωρίαν,
3301 2096 3400 2165 τὴν
3427 2097 3744 2167 πρόσφορον

2158 2184 2464 2237 ἀνάπαυσιν
2487 2185 2702 2254 ἑκάστῳ
2737 2185 2996 2255 παρέχον.
3025 2185 3302 2242 Σάϐϐατόν
3328 2189 3443 2240 ἐστι
3474 2189 3741 2257 μυστικδν

2157 2276 2397 2346 ἀπραξία
2451 2276 2638 2329 παθῶν
2677 2276 2876 2340 τελεία,
2918 2277 3003 2330 διά
3045 2277 3144 2346 τῆς
3175 2279 3487 2348 πρακτικῆς
3521 2279 3744 2348 φιλοσο-

2159 2369 2287 2436 φίας
2318 2366 2742 2437 κατορθωθεῖσα.
2773 2367 3048 2420 Σάϐϐατόν
3073 2369 3218 2421 ἐστιν
3246 2367 3523 2442 ἐλευθερία
3552 2370 3743 2442 ψυχῆς

2157 2455 2381 2526 λογικῆς
2415 2458 2507 2510 καὶ
2535 2457 2704 2528 αὐτὴν
2720 2457 3098 2528 ἀποϐαλούσης
3124 2458 3220 2530 τὴν
3247 2459 3380 2530 πρὸς
3405 2459 3471 2513 τὰ
3495 2462 3742 2532 αἰσθητά

2158 2550 2392 2621 φυσικὴν
2447 2550 2746 2620 ἐνέργειαν,
2780 2549 2869 2603 διὰ
2921 2550 3020 2621 τῆς
3067 2555 3126 2604 ἑν
3175 2551 3442 2622 πνεύματι
3501 2556 3742 2626 φυσικῆς

2157 2639 2410 2714 θεωρίας.
2444 2641 2700 2695 Σάϐϐατα
2729 2641 3024 2695 Σαϐϐάτων
3073 2644 3219 2697 ἐστὶν
3252 2646 3455 2718 ἠρεμία
3493 2664 3746 2717 πνευμα-

2156 2733 2282 2803 τικὴ
2314 2733 2510 2803 ψυχῆς,
2547 2733 2636 2786 τὸν
2680 2733 2803 2788 νοῦν
2860 2736 3240 2806 συστειλάσης,
3283 2739 3376 2792 καὶ
3415 2742 3509 2793 ἀπ’
3553 2742 3740 2794 αὐτῶν

2155 2823 2375 2876 ’πάντων
2403 2824 2508 2878 τῶν
2535 2826 2593 2877 ὲν
2643 2828 2755 2889 τοῖς
2798 2822 2915 2880 οὖσι
2959 2828 3244 2901 θειοτέρων
3276 2830 3472 2899 λόγων,
3511 2834 3606 2886 καὶ
3637 2833 3742 2904 μό-

2157 2933 2234 2986 νῳ
2269 2916 2345 2987 τῷ
2373 2916 2493 2986 Θεῷ
2545 2917 2666 2971 κατ’
2718 2919 2987 2990 ἐρωτικὴν
3036 2919 3290 2975 ἔκστασιν
3321 2923 3516 2988 όλικῶς
3567 2925 3742 2978 αὐτὸν

2157 3007 2476 3079 ὲνδησάσης,
2528 3009 2624 3063 καὶ
2675 3009 2952 3074 παντελῶς
2990 3011 3391 3083 ἀμετακίνητον
3423 3015 3605 3070 τοῦτον
3635 3019 3739 3070 ἀπ’

2154 3100 2363 3153 ἐκείνου
2393 3101 2478 3153 διὰ
2515 3101 2612 3172 τῆς
2639 3105 2903 3173 μυστικῆς
2935 3104 3209 3175 θεολογίας
3234 3109 3554 3178 ποιησάσης.

2225 3191 2329 3243 Τὸν
2378 3195 2436 3245 ὲν
2477 3194 2740 3267 Σαϐϐάτῳ
2787 3195 3112 3265 συλλέγοντα
3160 3197 3292 3264 ξύλα
3323 3200 3657 3254 λιθόλευστον
3704 3205 3738 3256 ὁ

2153 3281 2285 3346 Θεὸς
2337 3285 2596 3352 γενέσθαι
2646 3286 3170 3373 προσέτμξεν.Ἐπεὶ
3207 3288 3314 3361 γάρ
3338 3291 3398 3345 τό
3431 3291 3585 3359 ξύλον
3632 3295 3739 3361 μὲν

2154 3374 2327 3446 τροφὴ
2370 3375 2465 3428 τοῦ
2522 3376 2780 3447 αἰσθητοῦ
2828 3379 3032 3450 πυρὸς,
3082 3382 3114 3450 ἡ
3162 3381 3219 3434 δὲ
3266 3383 3506 3454 ἁμαρτία
3558 3384 3737 3456 τροςρῆ

2153 3467 2248 3520 τοῦ
2278 3468 2497 3522 αἰωνίου
2550 3469 2742 3541 πυρός’
2797 3471 2889 3524 τὸν
2940 3472 2996 3525 ἐν
3045 3475 3387 3528 καταπαύσει
3416 3474 3522 3527 τῶν
3563 3494 3733 3546 πονη-

2157 3558 2267 3630 ρῶν
2302 3559 2477 3630 ἔργων
2503 3561 2812 3631 γενόμενον,
2844 3561 2932 3615 διὰ
2970 3563 3060 3616 τοῦ
3117 3563 3259 3617 θείου
3293 3564 3666 3636 βαπτίσματος
3697 3567 3733 3637 ἦ

2155 3651 2255 3721 τῆς
2281 3652 2588 3721 μετανοίας,
2619 3653 2710 3705 καὶ
2729 3653 2786 3704 ὲν
2808 3656 2873 3724 τῇ
2897 3653 3229 3707 καταστάσει
3260 3655 3432 3727 ταύτῃ
3459 3656 3524 3709 τά
3552 3657 3736 3726 ἀμαρ-

2154 3745 2377 3814 τὴματα
2410 3744 2828 3815 μετερχόμενον,
2865 3745 2964 3815 τὴν
2999 3745 3233 3817 ἐσχάτην
3283 3746 3483 3816 ταύτην
3514 3748 3738 3800 ἀπαιτεῖ

2154 3835 2328 3903 δίκην,
2363 3835 2438 3898 ὡς
2493 3836 2630 3906 μετὰ
2686 3836 2747 3889 τὸ
2807 3837 3181 3907 ἀπαλλαγῆναι
3238 3839 3330 3891 τοῦ
3393 3839 3591 3910 βάρους
3633 3842 3737 3910 τῆς

2154 3926 2466 3994 ἁμαρτίας,
2529 3921 2686 3987 αὖθις
2733 3926 2872 3996 αὐτῇ
2928 3926 3378 3997 καθυπαγόμενον
3449 3929 3729 3993 ἑκουσίως.

2169 4015 2497 4069 Ἐνετείλατο
2547 4017 2604 4069 δὲ
2660 4018 2754 4070 καὶ
2783 4015 2872 4070 διὰ
2904 4021 3086 4088 φωνῆς
3130 4018 3412 4088 Ἱερεμίου.
3451 4020 3525 4090 μὴ
3554 4019 3736 4090 αἴρειν

2157 4105 2520 4177 βαστάγματα
2547 4109 2602 4159 ἐν
2623 4111 2689 4180 τῇ
2718 4109 2900 4182 ἡμέρᾳ
2920 4109 3026 4162 τῶν
3053 4110 3366 4173 Σαϐϐάτων,
3397 4111 3527 4181 μηδὲ
3555 4117 3732 4165 ποιεῖν

2155 4195 2335 4266 ἔργον,
2373 4199 2506 4268 μηδὲ
2536 4199 2930 4269 ἐκπορεύεσθαι
2964 4200 3024 4264 ἐξ
3061 4201 3439 4271 Ἰερουσαλήμ.
3472 4203 3592 4274 Χρὴ
3619 4203 3732 4274 γὰρ

2155 4290 2280 4352 τοὺς
2326 4289 2709 4359 πνευματικῶς
2761 4290 3184 4354 σαϐϐατίςοντας
3229 4290 3302 4361 μὴ
3347 4292 3510 4346 πάλιν
3556 4294 3732 4364 αἴρειν

475 4378 679 4432 malum
706 4392 844 4448 opus
864 4376 1066 4441 facere,
1088 4392 1266 4449 neque
1292 4377 1424 4433 ferri
1446 4390 1600 4435 extra
1620 4383 2046 4440 sacratissimum

2156 4377 2292 4450 βάρη
2325 4379 2620 4452 ἁμαρτίας,
2658 4380 2734 4452 μὴ
2784 4381 2840 4432 δὲ
2881 4385 3054 4435 ποιεῖν
3103 4382 3263 4454 ἔργον
3314 4384 3569 4454 πονηρόν’
3602 4385 3730 4454 μηδ’

475 4469 733 4539 piamque
780 4483 845 4523 ac
894 4467 1205 4540 religiosam
1252 4469 1379 4524 vitae
1427 4471 1848 4528 institutionem.
1891 4475 2047 4542 Quod

477 4570 660 4616 autem
693 4560 899 4614 malum
927 4575 1066 4630 opus
1090 4560 1458 4630 prohibuerit,
1485 4573 1568 4618 est
1596 4566 1948 4634 perspicuum
1982 4585 2050 4624 ex

477 4663 546 4702 eo
580 4647 729 4718 quod
757 4649 1072 4704 sacerdotes
1105 4649 1161 4703 in
1201 4648 1441 4705 Sabbato
1479 4661 1533 4706 et
1558 4663 1795 4710 mactent
1817 4658 2047 4723 hostias,

477 4746 533 4794 et
553 4754 750 4794 carnes
769 4739 1124 4805 distribuant,
1148 4749 1205 4796 et
1243 4743 1657 4810 circumcidunt,
1680 4757 1735 4801 et
1759 4749 1940 4805 omnia
1966 4750 2048 4805 fa-

474 4829 624 4884 ciant
661 4845 783 4898 quae
813 4831 1093 4899 pertinent
1117 4829 1184 4885 ad
1208 4831 1303 4886 Dei
1337 4832 1564 4888 cultum.
1597 4835 1716 4890 1am
1740 4854 1872 4894 vero
1893 4839 2053 4898 Jesus

473 4937 695 4993 quoque
710 4923 854 4976 Nave
866 4923 958 4992 qui
976 4921 1031 4977 in
1049 4921 1286 4979 sabbato
1307 4925 1522 4982 obsedit
1542 4927 1762 4986 Jericho
1780 4931 1845 4998 ”,
1873 4934 2051 5004 typice

457 5012 777 5068 declaravit
812 5013 960 5081 quod
997 5021 1216 5084 oportet
1247 5030 1342 5070 eos
1377 5016 1472 5087 qui
1499 5018 1842 5074 sabbatizant
1883 5023 2048 5092 Spiri-

474 5104 732 5169 tualiter,
787 5103 1004 5160 fortiter
1053 5120 1112 5161 se
1160 5121 1352 5177 gerere
1397 5108 1658 5165 adversus
1703 5111 2046 5170 adversario:

476 5195 772 5252 daemones.

542 5286 719 5341 Porro
755 5295 940 5342 autem
985 5286 1045 5342 in
1085 5287 1513 5344 Deutcronomio
1556 5306 1773 5361 quoque
1811 5292 1947 5348 dixit
1969 5295 2050 5350 lo-

477 5390 650 5444 quens
687 5378 756 5434 de
787 5394 951 5435 servo
983 5378 1212 5436 Hebraeo
1259 5390 1316 5436 et
1353 5381 1580 5438 llebrzea
1623 5382 1878 5440 venditis.
1939 5405 1956 5438 ‹
1987 5386 2047 5440 ln

475 5481 620 5522 anno
663 5479 847 5526 autem
899 5471 1135 5542 septimo
1174 5473 1390 5528 emittes
1431 5489 1556 5529 cum
1607 5475 1876 5541 liberum,
1935 5493 2045 5533 non

2151 4469 2257 4534 ἔξω
2289 4471 2387 4541 τῆς
2421 4471 2720 4541 ἱερωτάτης
2769 4471 2863 4525 καὶ
2910 4471 3191 4536 θεοσεϐοῦς
3246 4472 3519 4537 πολιτείας
3563 4475 3730 4545 φέρε-

2153 4563 2296 4616 σθαι.
2332 4564 2453 4615 Ὅτι
2491 4563 2546 4616 δὲ
2593 4563 2652 4615 τὸ
2693 4581 2825 4634 πονη
2838 4563 2924 4634 ρον
2955 4563 3111 4635 ἔργον
3141 4563 3377 4617 ἐκώλυσε
3396 4606 3410 4630 ,
3442 4565 3597 4633 δῆλον
3622 4567 3734 4618 ἀπ’)

2151 4651 2244 4705 τοῦ
2267 4655 2392 4717 τοὺς
2426 4655 2589 4726 ίερεῖς
2627 4655 2682 4706 ὲν
2728 4654 2990 4726 Σαϐϐάτῳ
3038 4656 3128 4710 καὶ
3182 4658 3500 4725 σφαγιάζειν
3531 4659 3598 4710 τά
3631 4657 3732 4710 θύ-

2154 4763 2318 4814 ματα,
2368 4745 2462 4798 κα)⁵
2494 4749 2835 4816 κρεανομεῖν,
2869 4749 2960 4799 καὶ
2996 4749 3361 4818 περιτέμνειν.
3409 4749 3502 4802 καὶ
3552 4750 3732 4803 πάντα

2153 4837 2504 4907 ἐργάζεσθαι,
2551 4838 2649 4892 ὅσα
2684 4837 2817 4908 πρὸς
2851 4839 3147 4910 θεραπείαν
3181 4840 3335 4894 Θεοῦ.
3367 4841 3479 4894 Καὶ
3522 4841 3731 4910 Ἰησοῦς

2151 4928 2205 4980 δὲ
2231 4931 2257 4981 ὁ
2289 4929 2382 4981 τοῦ
2418 4929 2571 4998 Ναυῆ
2603 4931 2661 4981 ὲν
2693 4929 2955 5001 Σαϐϐάτῳ
2978 4933 3073 5000 τὴν
3109 4931 3317 5004 Ἰεριχὼ
3340 4933 3726 5004 πολιορκήσας,

2153 5019 2506 5072 ύπετύπωσεν
2543 5021 2622 5073 ὅτι
2654 5023 2920 5091 προσήκει
2950 5025 3062 5086 τοῖς
3094 5025 3479 5094 πνευματικῶς
3517 5023 3724 5078 σαϐϐα-
3787 5039 3808 5056 ⁶

2149 5112 2384 5175 τίζουσιν
2434 5112 2779 5183 ἀνδρίζεσθαι
2829 5116 2970 5169 κατά
3012 5117 3125 5170 τῶν
3171 5117 3562 5187 ἀντικειμένων
3608 5116 3729 5171 δαι-

2158 5201 2352 5271 μόνων.

2228 5295 2336 5348 Καὶ
2371 5296 2428 5348 ὲν
2456 5295 2534 5366 τῷ
2563 5297 2965 5368 Δευτερονομίῳ
2991 5298 3048 5351 δὲ
3080 5300 3208 5370 περὶ
3253 5299 3440 5362 παιδὸς
3477 5297 3728 5371 Ἐϐραίου

2157 5387 2249 5439 καὶ
2305 5386 2560 5456 Ἑϐραίοις
2605 5388 2971 5459 πεπραμένων
3030 5390 3438 5462 διαλεγόμενος,
3484 5391 3704 5461 εζοηκεν

2163 5498 2180 5528 (
2233 5479 2320 5532 Ἐν
2350 5479 2408 5532 δὲ
2435 5479 2512 5548 τῷ
2555 5480 2766 5552 ἑϐδόμῳ
2809 5482 2917 5535 ἔτει
2963 5482 3336 5553 ἐξαποστελεῑς
3384 5488 3567 5554 αὑτὸν,
3619 5487 3721 5538 οὐκ

546 5623 594 5660 δ’
621 5624 790 5680 Exod.
816 5643 903 5687 xx.
934 5628 1019 5682 10.
1098 5625 1443 5698 "-Num..xv,
1483 5631 1673 5687 52-35.
1747 5634 1790 5666 "
1829 5634 2029 5690 Jerem.
2062 5651 2188 5696 xvu.
2221 5635 2312 5701 2i,
2342 5635 2428 5690 ΞΩ.
2509 5635 2554 5669 ⁵³
2581 5636 2746 5693 Iosue
2771 5637 2893 5705 νηί
2922 5652 3072 5709 seqq.
