4062 6202
425 254 557 313 1201

1815 258 2338 321 COLLECTANEA.

3546 264 3681 330 1209

422 361 806 429 ἐξαποστελεῖς
845 364 901 419 δὲ
927 366 1090 422 αὐτὸν
1114 370 1288 423 κενόν’
1332 369 1447 424 ἀλλ’
1481 373 1786 442 ὲιροδιάσεις
1819 378 1993 442 αὐτὸν,

2106 377 2328 433 emittes
2365 385 2550 433 autem
2576 392 2833 444 vacuum,
2862 376 2958 436 sed
2995 379 3124 436 dato
3147 379 3197 435 ei
3228 378 3429 463 viatico
3459 398 3526 437 ex
3560 385 3681 440 ovi-

419 454 534 507 ἀπὸ
565 455 675 507 τῶν
701 456 989 526 προδάτων
1029 475 1143 525 σου,
1180 463 1275 515 καὶ
1306 463 1414 518 ἀπὸ
1452 465 1545 519 τοῦ
1577 468 1726 522 σίτου
1768 487 1881 534 σου,
1912 475 2006 525 καὶ

422 542 535 597 ἀπὸ
591 545 693 618 τῆς
741 545 902 616 ληνοῦ
949 566 1065 604 σου.
1111 569 1130 602 ι
1186 553 1338 607 Ἐπεὶ
1390 555 1500 628 γὰρ
1544 558 1769 631 ἕϐδομον
1804 562 1904 632 μὲν
1945 566 2006 618 τὸ

425 634 723 703 Σάδδατον,
770 640 866 692 καὶ
906 640 1134 712 ἔσχατον
1180 646 1280 716 τῆς
1335 647 1465 718 ὅλης
1516 650 1811 721 ἑϐδομάδος
1836 671 1851 688 ’
1915 657 2007 710 ἐπ’

423 726 670 817 εσχάτων
715 728 773 782 δὲ
825 730 935 783 τῶν
969 733 1192 806 ήμερῶν
1238 737 1268 789 ὁ
1314 735 1614 812 Λυτρωτὴς
1662 742 1794 808 Θεὸς
1843 745 2004 817 ἐνην-

750 820 871 874 τότε
914 822 978 896 δὴ
1026 825 1146 880 τότε
1193 826 1575 892 ἐξαπέστειλεν
1613 835 1762 905 ἡμᾶς
1788 836 1876 890 διὰ
1903 814 2005 907 τῆς

422 906 503 968 είς
531 905 698 961 αὐτὸν
727 906 962 975 πίστεως
990 913 1086 967 καὶ
1138 914 1431 983 υἱοθεσίας,
1462 919 1565 989 τῆς
1588 919 1676 974 διὰ
1711 921 1807 974 τοῦ
1844 905 2002 991 ἁγίου

423 994 825 1068 βαπτίσματος,
850 1002 1171 1076 ἐλευθέρους
1191 1007 1293 1079 τῆς
1321 1009 1566 1075 δουλείας
1585 1013 1687 1084 τῆς
1706 1014 2001 1085 ἁμαρτίας,

353 1138 356 1141 λ
420 1091 813 1160 πεπραμένους
857 1095 1031 1167 αὐτῇ·
1093 1099 1188 1152 καὶ
1239 1101 1539 1169 ὲφωδίασεν
1578 1106 1730 1176 ήμᾶς
1761 1107 1871 1160 ἀπὸ
1895 1107 2003 1160 τῶν

422 1179 716 1250 προσάτων
765 1184 961 1252 αὐτοῦ,
998 1189 1144 1243 τοῦτ’
1171 1190 1337 1256 ἐστιν,
1379 1194 1490 1247 ἀπὸ
1540 1195 1639 1265 τῆς
1684 1198 1806 1251 κατ’
1839 1199 2005 1253 αὐτὸν

420 1268 637 1339 θυσίας,
658 1274 752 1326 καὶ
803 1275 913 1329 ἀπὸ
964 1276 1061 1332 τοῦ
1112 1278 1365 1351 σώματος
1403 1285 1497 1356 καὶ
1540 1285 1771 1356 αἵματος
1812 1288 1998 1341 αὐτοῦ·

417 1360 456 1415 ἃ
491 1361 776 1433 δηλοῦνται
821 1365 908 1420 διὰ
944 1366 1040 1426 τοῦ
1094 1369 1241 1425 σίτου
1273 1372 1367 1425 καὶ
1403 1354 1507 1443 ττῆς
1547 1354 1731 1445 ληνοῦ.
1788 1376 1845 1431 'O
1895 1380 2002 1451 γὰρ

420 1452 683 1520 μυστικὸς
706 1455 871 1526 ἄρτος
902 1457 996 1511 καὶ
1037 1452 1180 1523 οῐνος
1230 1460 1390 1533 σῶμα
1418 1463 1513 1516 καὶ
1537 1460 1678 1535 αἷμα
1699 1466 1795 1519 τοῦ
1823 1467 2003 1539 Σωτῆ-

418 1559 513 1633 ρος
560 1543 809 1614 λέγονται
862 1549 957 1603 καὶ
994 1552 1361 1611 πιστεύονται.
1411 1556 1500 1611 Ἑν
1546 1561 1612 1628 τῇ
1653 1559 1791 1631 αὐτῇ
1835 1560 1892 1613 δὲ
1922 1561 2003 1633 βί-

416 1632 529 1702 ϐλῳ
560 1634 655 1689 καὶ
690 1636 816 1691 τάδε
854 1640 1177 1710 προσέταξεο
1207 1662 1225 1697 t
1279 1646 1358 1699 Δι’
1397 1647 1539 1703 ἑπτά
1577 1649 1715 1702 ἐτῶν
1750 1653 2000 1721 ποιήσεις

2107 467 2212 523 bus
2243 466 2371 534 tuis,
2401 477 2458 526 et
2479 484 2548 524 ex
2563 468 2836 527 frumento
2859 480 2974 537 tuo,
2993 482 3135 527 etex
3155 474 3416 529 torculari
3440 484 3536 531 tuo
3555 478 3622 532 υ.
3656 500 3674 531 ι

2106 555 2243 611 Nam
2276 558 2538 628 quoniam
2561 560 2858 630 septimum
2886 560 3113 630 quidem
3142 568 3229 618 est
3269 562 3591 630 Sabbatum,
3626 575 3684 622 et

2108 649 2364 706 ultimum
2397 653 2567 708 totius
2605 652 2968 709 hebdomadis
2993 672 3005 709 :
3042 654 3100 709 in
3123 655 3335 710 ultimis
3357 664 3542 711 autem
3562 657 3683 713 die-

2105 739 2211 797 bus
2239 742 2575 813 Redemptor
2609 744 2773 800 homo
2802 744 2979 801 factus
3017 752 3143 801 est:
3181 754 3313 802 tunc
3358 762 3458 803 nos
3500 749 3686 804 emisit

2104 848 2206 902 per
2242 833 2407 890 ﬁdem
2442 836 2500 891 in
2537 836 2741 906 ipsum,
2774 846 2833 893 et
2875 836 3115 893 ﬁliorum
3150 838 3526 908 adoptionem,
3562 853 3685 909 qua:

2104 922 2167 977 tit
2189 939 2290 993 per
2319 935 2570 982 sanctum
2599 928 2954 999 baptismum,
2978 930 3187 986 liberos
3212 946 3245 985 a
3270 930 3536 986 servitute
3559 944 3685 1000 pee-

2103 1013 2235 1077 cati,
2283 1016 2379 1083 qui
2417 1032 2642 1073 eramus
2666 1019 2721 1073 ei
2749 1020 3073 1075 venundati.
3104 1021 3172 1076 Et
3204 1022 3365 1076 nobis
3391 1021 3545 1077 dedit
3566 1022 3684 1076 via-

2104 1106 2274 1161 ticum
2295 1122 2363 1162 ex
2388 1110 2588 1165 ovibus
2609 1112 2744 1177 suis,
2785 1111 2892 1168 hoc
2916 1120 3024 1179 est,
3063 1129 3131 1168 ex
3175 1129 3277 1169 suo
3318 1114 3591 1170 sacriﬁcio
3627 1121 3685 1169 et

2104 1210 2334 1265 corpore
2365 1207 2431 1253 et.
2456 1201 2722 1270 sanguine
2747 1217 2870 1269 suo,
2909 1218 3031 1273 qua:
3060 1204 3438 1275 signiﬁcantur
3461 1222 3561 1276 per
3585 1222 3685 1277 pa-

2102 1301 2230 1341 nem
2259 1296 2317 1343 et
2351 1292 2613 1347 torcular.
2656 1293 2916 1364 Mysticus
2940 1294 3089 1349 enim
3117 1296 3276 1365 panis
3309 1304 3366 1352 et
3390 1298 3682 1369 mysticum

2102 1377 2291 1433 vinum
2315 1394 2517 1452 corpus
2544 1391 2601 1439 et
2625 1370 2846 1455 sanguis
2875 1384 3186 1441 Servatoris
3209 1386 3471 1443 dicuntur
3488 1397 3547 1444 et
3566 1404 3681 1444 cre-

2102 1469 2332 1527 duntur.
2374 1474 2432 1528 In
2458 1475 2654 1531 eodem
2682 1486 2867 1532 autem
2899 1476 3046 1533 libro
3080 1478 3198 1533 haec
3226 1495 3447 1550 quoque
3472 1481 3636 1552 jussit
3665 1498 3681 1535 :

2111 1581 2128 1612 ‹
2156 1562 2284 1618 Post
2323 1565 2618 1635 septimum
2658 1584 2935 1639 quemque
2962 1585 3167 1625 annum
3199 1569 3370 1626 facies
3406 1573 3684 1628 remissio-

2103 1668 2229 1708 nem
2251 1655 2589 1712 debitorum.
2622 1660 2692 1715 Et
2718 1676 2750 1715 a
2768 1660 2939 1717 fratre
2966 1661 3191 1731 quidem
3214 1671 3309 1718 tuo
3326 1678 3438 1718 non
3458 1664 3642 1735 exiges
3666 1681 3680 1717 :

412 1724 612 1794 ἄφεσιν
643 1729 838 1800 χρεῶν.
865 1731 977 1785 Καὶ
1004 1732 1097 1787 τὸν
1125 1735 1224 1806 μὲν
1251 1736 1479 1808 ἀδελφόν
1513 1757 1605 1795 σου
1636 1743 1737 1795 οὐκ
1763 1716 1993 1816 άπαιτή-

2101 1743 2287 1815 exiges
2319 1757 2504 1802 autem
2534 1748 2603 1802 ab
2630 1749 2811 1806 alieno
2845 1750 2911 1803 ⁸⁵.
2944 1769 2962 1801 ι
2993 1750 3053 1804 ln
3081 1749 3290 1805 ultimis
3314 1732 3483 1817 enim,
3512 1759 3575 1805 ut
3595 1751 3683 1806 di-

416 1832 552 1881 σεις,
596 1819 689 1873 τὸν
718 1820 772 1875 δὲ
810 1822 1095 1896 ἀλλότριον
1143 1828 1490 1903 ἀπαιτήσεις.
1533 1852 1551 1885 ι
1598 1834 1715 1887 Ἐπ’
1755 1836 1999 1907 ἐσχάτων

412 1908 542 1981 γὰρ,
576 1908 653 1976 ὡς
696 1911 937 1986 εῖρηται,
968 1918 1079 1974 τῶν
1121 1921 1366 1993 ἡμερῶν,
1397 1925 1426 1979 ό
1461 1925 1595 1990 Θεὸς
1644 1926 1999 2002 ὲνανθρωπήο

413 2015 546 2090 σας.
599 2002 780 2075 ἀφῆκε
829 2009 963 2064 πᾶσι
1012 2015 1126 2077 τοῖς
1178 2015 1258 2080 είς
1304 2018 1468 2073 αὐτὸν
1531 2021 1847 2077 πιστεύουσι
1896 2024 1996 2090 τὰς

409 2089 632 2188 όιρειλάς
686 2096 797 2151 τῶν
851 2100 1068 2158 οἰκείων
1127 2105 1561 2179 ἁμαρτημάτων.
1607 2113 1718 2166 Καὶ
1765 2114 1857 2169 τὸν
1898 2115 1997 2188 μὲν

662 2190 828 2246 αὐτοῦ
875 2194 1164 2268 γενόμενον
1198 2199 1285 2253 διὰ
1318 2202 1413 2272 τῆς
1463 2203 1601 2274 πρὸς
1641 2206 1731 2260 τὸν
1773 2183 1997 2281 Πατέρα

409 2277 687 2346 υἱοθεσίας
712 2283 814 2354 τῆς
837 2284 927 2340 διὰ
961 2286 1056 2342 τοῦ
1082 2289 1240 2361 ἁγίου
1272 2290 1675 2367 βαπτίσματος,
1715 2298 1818 2352 οὐκ
1839 2277 1997 2355 ἁπαι-

409 2371 512 2436 τεῖ,
549 2377 915 2447 συγχωρήσας
957 2379 1028 2434 τά
1065 2384 1547 2458 προωφειλημένα.
1593 2389 1698 2445 Τὸν
1746 2391 1804 2445 δὲ
1836 2392 1992 2447 ἀλλό-

408 2476 562 2531 τριον
578 2463 677 2535 τῆς
700 2466 781 2530 είς
809 2468 970 2523 αὑτὸν
1000 2472 1261 2543 πίστεως,
1293 2477 1517 2533 ἀπαιτεῖ
1542 2481 1762 2546 πάντως
1793 2484 1991 2543 πάντα.

421 2551 487 2642 ᾜ
517 2552 649 2626 ἕκτη
680 2556 820 2612 κατὰ
846 2559 945 2632 τὴν
978 2562 1204 2637 Γραφήν
1223 2566 1405 2639 ήμέρα
1424 2569 1522 2641 τήν
1554 2569 1665 2624 τῶν
1700 2572 1806 2627 ὑπὸ
1831 2573 1994 2642 φύσιν

408 2640 581 2697 ὅντων
616 2647 919 2719 είσηγεῖται
968 2656 1389 2728 συμπλήρωσιν.
1544 2662 1762 2734 ,ἑϐδόμη
1808 2640 1866 2718 δὲ
1891 2666 1996 2736 τῆς

407 2737 669 2809 χρονικῆς
722 2740 983 2814 ἰδιότητος
1065 2749 1400 2820 περιγράφει
1440 2751 1537 2823 τὴν
1585 2752 1829 2823 κίνησιν·
1862 2756 1895 2824 ή
1939 2756 1994 2810 δὲ

405 2828 568 2903 ὀγδόη
593 2832 694 2904 τῆς
723 2834 863 2906 ὑπὲρ
892 2837 1056 2906 φύσιν
1085 2842 1181 2894 καὶ
1209 2842 1401 2912 χρόνον
1432 2843 1691 2914 ὑποδηλοί
1719 2846 1994 2899 καταστά-

410 2941 549 2989 σεως
601 2925 692 2980 τὸν
736 2928 957 3000 τρόπον.
1020 2931 1080 2986 'O
1110 2932 1212 3003 τὴν
1243 2932 1410 3000 ἕκτην
1459 2933 1656 2999 θεῖκῶς
1696 2936 1835 3007 μετὰ
1884 2936 1993 2991 τῶν

408 3020 736 3093 προσφόρων
775 3022 953 3095 ἔργων
987 3027 1084 3081 καὶ
1110 3026 1330 3080 ἐννοιῶν
1367 3028 1545 3098 ἑαυτῷ
1587 3028 1993 3121 συμπληρώσας
2019 3062 2063 3121 c

312 3128 331 3144 ·
407 3111 640 3183 ἡμέραν.
683 3115 777 3170 καὶ
818 3116 984 3182 αὐτὸς
1026 3118 1165 3188 μετὰ
1192 3118 1287 3173 τοῦ
1317 3118 1451 3172 Θεοῦ
1480 3119 1663 3184 καλῶς
1691 3119 1760 3174 τὰ
1786 3119 1988 3175 ἑαυτοῦ

409 3203 735 3268 συντελέσας
782 3205 942 3277 ἔργα,
993 3207 1145 3280 διέϐη
1199 3211 1266 3280 τῇ
1328 3212 1654 3280 κατανοήσει
1680 3212 1863 3266 πᾶσαν
1891 3212 1988 3284 τὴν

403 3292 514 3348 τῶν
546 3295 652 3349 ὑπὸ
696 3296 859 3367 φύσιν
891 3298 986 3353 καὶ
1019 3299 1209 3371 χρόνον
1248 3300 1567 3365 ὑπόστασιν,
1611 3302 1707 3357 καὶ
1749 3304 1831 3365 είς
1886 3302 1987 3374 τὴν

404 3387 515 3443 τῶν
541 3387 754 3447 αίὼνων
800 3391 896 3448 καὶ
924 3393 1032 3448 τῶν
1073 3393 1308 3451 αἰωνίων
1343 3394 1682 3468 μετετάξατο
1713 3396 1987 3468 μυστικὴν

406 3479 662 3552 θεωρίαν,
681 3484 1026 3550 σαϐδατίζων
1066 3486 1382 3557 άγνώστως,
1415 3485 1555 3540 κατὰ
1581 3485 1729 3550 νοῦν,
1757 3486 1855 3558 τὴν
1878 3487 1990 3541 ὀλιη

406 3574 509 3642 κὴν
550 3572 662 3628 τῶν
699 3575 869 3630 ὄντων
916 3576 1190 3648 ἀπόληψιν
1217 3595 1279 3630 τε
1323 3577 1422 3631 καὶ⁸
1465 3576 1791 3650 ὑπέρϐασιν.
1838 3579 1899 3632 '0
1930 3579 1989 3634 δὲ

406 3664 502 3718 καὶ
552 3665 653 3734 τῆς
698 3665 892 3738 ὀγδόης
933 3667 1207 3735 ἀξιωθεὶς,
1245 3669 1310 3723 ὲκ
1360 3668 1470 3723 τῶν
1513 3670 1725 3742 νεκρῶν
1763 3672 1986 3746 ἀνέστη,

404 3755 514 3809 τῶν
546 3756 684 3827 μετὰ
712 3757 865 3823 Θεὸν,
889 3758 1055 3827 λέγω,
1078 3757 1319 3825 πάντων,
1349 3759 1625 3832 αἰσθητῶν
1649 3779 1708 3817 τε
1737 3765 1832 3818 καὶ
1860 3782 1988 3836 νοη-

402 3845 531 3914 τῶν,
574 3846 670 3902 καὶ
709 3847 886 3916 λόγων
923 3848 1018 3902 καὶ
1069 3849 1378 3921 νοημάτων,
1429 3851 1526 3906 καὶ
1561 3851 1723 3924 ἔζησε
1756 3853 1855 3926 τὴν
1890 3857 1984 3913 τοῦ

403 3938 538 3993 θεοῦ
565 3939 844 4012 μακαρίαν
863 3939 1031 4012 ζωὴν,
1054 3939 1147 3994 τοῦ
1179 3940 1341 4013 μόνου
1366 3943 1488 3997 κατ’
1509 3944 1766 4016 ἀλήθειαν
1782 3948 1987 4020 κυρίως

343 4009 361 4037 ⁸
404 4029 520 4102 ζωή
568 4009 662 4085 καὶ
694 4009 845 4094 ὄντος
898 4009 993 4087 καὶ
1039 4009 1357 4111 λεγομένου,
1383 4028 1472 4093 οἷα
1505 4009 1611 4091 καὶ.
1635 4038 1797 4104 αὐτὸς
1844 4009 1988 4111 γενόξ

406 4098 569 4191 μενος
617 4124 686 4193 τῇ
729 4120 921 4177 θεώσει
957 4098 1123 4190 Θεόῗς.⁷
1153 4098 1327 4199 δΕκτη
1381 4129 1566 4201 ἡμέρα
1619 4098 1988 4204 ἐστὶννήπῶν

404 4210 728 4283 πρακτικῶν
750 4215 877 4287 περὶ
913 4215 1013 4285 τὴν
1040 4215 1148 4271 τῶν
1177 4216 1321 4272 κατὰ
1342 4217 1505 4289 φύσιν
1527 4219 1818 4293 ἐνεργειῶν
1843 4241 1985 4278 παν-

404 4301 564 4374 τελὴς
589 4302 1000 4378 ἀποπλήρωσις.
1046 4306 1280 4381 Ἑϐδόμη
1312 4307 1370 4363 δέ
1400 4310 1548 4365 ἐστιν
1573 4311 1608 4382 ἢ
1640 4306 1750 4367 τῶν
1778 4312 1986 4388 θεωρη’

2100 1842 2253 1890 ctum
2285 1844 2369 1892 est
2401 1839 2468 1904 ⁸⁸,
2495 1839 2713 1905 diebus,
2738 1840 2887 1896 Deus
2918 1841 3085 1895 homo
3120 1839 3316 1908 factus,
3338 1842 3683 1898 remisitom-

2098 1926 2266 1983 nibus
2282 1929 2376 1999 qui
2406 1930 2462 1984 in
2495 1930 2677 2001 ipsum
2701 1931 2935 1987 credunt
2964 1932 3148 1987 debita
3173 1948 3399 1988 suorum
3424 1942 3682 2003 peccato-

2099 2033 2247 2075 rum.
2284 2021 2353 2077 Et
2385 2021 2456 2077 ab
2491 2038 2559 2079 eo
2592 2023 2813 2094 quidem
2856 2026 2951 2095 qui
3002 2024 3178 2083 factus
3216 2033 3303 2082 est
3339 2027 3459 2097 ejus
3490 2026 3681 2091 frater,

2098 2125 2199 2181 per
2225 2111 2577 2183 adoptionem
2607 2115 2702 2171 ﬁlii
2728 2116 2873 2187 apud
2898 2118 3139 2183 Patrem,
3167 2134 3268 2188 per
3306 2124 3556 2173 sanctum
3584 2117 3682 2174 ba—

2097 2201 2382 2272 ptismum,
2426 2219 2537 2260 non
2563 2206 2734 2277 exigit
2763 2214 2823 2262 ut
2849 2207 2945 2276 qui
2998 2207 3050 2263 ei
3086 2207 3413 2264 condonarit
3434 2224 3557 2279 quae
3581 2208 3681 2265 dc-

2098 2288 2283 2348 bebat.
2308 2292 2392 2348 Ab
2418 2308 2486 2348 eo
2514 2304 2701 2351 autem
2734 2294 2830 2366 qui
2862 2304 2947 2352 est
2965 2295 3185 2352 alienus
3210 2312 3242 2352 a
3269 2296 3375 2352 [ide
3398 2296 3454 2353 in
3475 2298 3680 2367 ipsum,

2096 2381 2324 2437 omnino
2362 2382 2548 2438 omnia
2576 2384 2766 2457 exigit.
2806 2384 3006 2441 Sextus
3047 2386 3168 2442 dies
3187 2402 3257 2441 ex
3290 2385 3574 2458 Scriptura
3599 2388 3683 2442 in-

2096 2471 2251 2529 ducit
2275 2477 2741 2547 complementum
2785 2493 2978 2534 eorum
3011 2494 3133 2549 quae
3159 2487 3290 2533 sunt
3324 2478 3428 2533 sub
3460 2487 3679 2535 natura.

2097 2563 2377 2635 Septimus
2400 2576 2584 2623 autem
2605 2569 3011 2625 circumscribit
3034 2576 3242 2623 motum
3266 2569 3529 2638 temporis
3547 2585 3680 2639 pro-

2061 2648 2064 2652 “
2095 2656 2369 2725 prietatis.
2417 2656 2658 2714 Octavus
2688 2668 2875 2714 autem
2905 2659 3219 2714 subindicat
3250 2659 3473 2714 modum
3505 2667 3677 2715 status

2095 2746 2192 2816 qui
2223 2756 2310 2804 est
2337 2764 2507 2820 supra
2527 2758 2785 2806 naturam
2807 2760 2864 2806 et
2886 2758 3120 2822 tempus.
3159 2749 3264 2818 Qui
3284 2750 3431 2806 diem
3461 2761 3679 2808 sextum

2096 2836 2288 2896 divine
2318 2855 2445 2897 cum
2482 2843 2945 2900 convenientibus
2964 2842 3230 2914 operibus
3248 2851 3304 2898 et
3327 2842 3677 2915 cogitationi-

2095 2930 2202 2986 bus
2226 2932 2331 2987 sibi
2360 2934 2677 3004 complevit,
2718 2934 2837 3006 ipse
2860 2950 3082 3005 quoque
3106 2951 3233 2991 cum
3255 2935 3369 2991 Deo
3389 2940 3539 2990 recte
3565 2934 3681 2993 suis

2096 3019 2364 3077 confectis
2383 3023 2668 3093 operibus,
2691 3025 3023 3095 cogitatione
3046 3041 3110 3082 ac
3128 3025 3487 3096 intelligentia
3502 3034 3683 3083 trans-

2096 3109 2247 3166 misit
2279 3127 2497 3169 omnem
2536 3114 2901 3170 substantiam
2931 3132 3125 3171 eorum
3148 3131 3269 3188 qua:
3296 3126 3424 3171 sunt
3454 3115 3557 3171 sub
3578 3132 3677 3173 na-

2095 3210 2219 3259 tura
2266 3215 2319 3259 et
2358 3214 2627 3277 tempore,
2669 3216 2726 3262 et
2767 3207 2835 3262 ad
2873 3209 3201 3264 saeculorum
3249 3217 3305 3264 et
3342 3217 3678 3265 :eternorum

2094 3307 2385 3365 mysucam
2454 3296 2699 3352 traduxit
2737 3296 3296 3369 contemplationem,
3338 3305 3523 3353 mente
3547 3298 3676 3353 sab-

2092 3381 2341 3440 batizans
2377 3385 2516 3440 citra
2556 3386 2951 3457 cognitionem,
2987 3395 3156 3442 totam
3187 3403 3378 3442 eorum
3398 3404 3519 3458 qua:
3546 3396 3678 3444 sunt

2089 3475 2589 3556 apprehensionem
2645 3486 2702 3533 et
2759 3479 3261 3549 exsuperationcm.
3326 3478 3430 3546 Qui
3489 3488 3675 3535 autem

2090 3573 2286 3622 octavo
2309 3582 2528 3638 quoque
2553 3567 2643 3624 die
2661 3567 2862 3641 dignus
2892 3577 2977 3625 est
3000 3569 3244 3636 habitus,
3275 3569 3324 3626 is
3344 3571 3583 3627 surrexit
3606 3586 3675 3627 ex

2090 3658 2345 3724 mortuis,
2370 3674 2438 3715 ex
2459 3661 2737 3727 omnibus,
2768 3661 3013 3735 inquam,
3036 3678 3159 3732 quae
3186 3672 3318 3719 sunt
3335 3672 3460 3734 post
3477 3665 3670 3729 Deum,

2092 3764 2290 3819 nempe
2328 3751 2705 3817 sensibilibus,
2748 3762 2805 3809 et
2850 3752 2918 3809 iis
2959 3769 3081 3823 qua:
3107 3754 3311 3810 cadunt
3334 3754 3438 3809 sub
3466 3754 3671 3810 intelli—

2091 3838 2353 3908 gentiam,
2371 3839 2790 3910 rationibusque
2807 3851 2865 3896 et
2879 3841 3259 3914 intelligentiis
3282 3862 3295 3898 :
3321 3851 3377 3898 et
3394 3843 3529 3898 vixit
3543 3843 3674 3900 bea-

2094 3938 2203 3983 tam
2227 3930 2323 3986 Dei
2353 3930 2541 3997 vitam,
2564 3932 2659 4003 qui
2683 3933 2834 3989 solus
2870 3949 3000 3989 vere
3027 3935 3249 4005 proprie
3281 3935 3393 3990 vita
3417 3944 3475 3990 et
3510 3943 3593 3992 est
3615 3945 3674 3992 et

2088 4021 2315 4089 dicitur,
2357 4034 2418 4080 ut
2449 4024 2544 4096 qui
2575 4031 2631 4080 et
2663 4025 2779 4096 ipse
2805 4023 2877 4081 sit
2900 4025 3080 4084 factus
3116 4028 3262 4083 Deus
3299 4026 3667 4083 deiﬁcatioue.

2091 4113 2291 4171 Sextus
2325 4115 2446 4172 dies
2468 4124 2554 4173 est
2586 4118 2922 4190 agendarum
2956 4118 3013 4175 in
3042 4120 3248 4177 virtute
3274 4138 3397 4192 qua:
3429 4130 3557 4176 sunt
3580 4136 3667 4177 se-

2088 4208 2332 4264 cundum
2366 4219 2623 4266 naturam
2657 4213 3044 4284 operationum
3078 4214 3321 4285 perfecta
3343 4224 3399 4270 et
3420 4214 3668 4269 absoluta

2086 4298 2424 4372 adimpletio.
2444 4301 2721 4373 Septimus
2736 4305 3382 4376 estcontemplativarum
3409 4305 3463 4359 in
3485 4304 3671 4375 cogni-

402 4391 573 4447 τικῶν
600 4395 728 4467 περὶ
747 4395 848 4467 τήν
874 4394 1115 4468 ἄρρητον
1144 4397 1363 4466 γνῶσιν,
1393 4400 1583 4454 πασῶν
1612 4402 1722 4457 τῶν
1736 4405 1983 4473 φυσικῶν

2094 4390 2237 4446 tione
2286 4391 2553 4448 ineﬂ'abili
2600 4394 2939 4450 naturalium
2978 4395 3226 4450 omnium
3266 4397 3553 4451 notionum
3597 4395 3667 4450 ad

405 4484 626 4540 two:th
654 4487 1075 4562 άποπεράτωσις
1107 4489 1201 4544 καὶ
1237 4491 1571 4559 άπόπαυσις.
1618 4496 1808 4568 Ὀγδόη
1843 4498 1920 4562 δὲ.
1949 4500 1983 4571 ή

402 4578 543 4649 πρὸς
576 4577 773 4634 θέωσιν
819 4580 927 4636 τῶν
953 4582 1119 4650 ἀξίων
1165 4584 1459 4655 μετάταξίς
1496 4603 1555 4640 τε
1596 4588 1691 4641 καὶ
1738 4588 1983 4660 μετάσα-

403 4682 510 4732 σις’
546 4669 639 4724 καὶ
671 4672 883 4744 μήποτε
907 4672 1114 4746 ταύτην
1145 4675 1246 4748 τὴν
1267 4675 1499 4749 ἑϐδόμην
1529 4678 1624 4733 καὶ
1658 4680 1758 4751 τὴν
1788 4680 1983 4755 ὀγδόην

399 4758 566 4829 τυχὸν
607 4762 1017 4839 μυστικώτερον
1040 4766 1355 4838 ὑποφαίνων
1381 4770 1410 4823 ό
1443 4769 1670 4842 Κυρίος,
1703 4773 1978 4843 προσηγό-

401 4865 596 4920 ρευσεν
626 4853 842 4926 ήμέραν
887 4855 1219 4927 συντελείας,
1259 4857 1336 4922 ὠς
1362 4858 1581 4914 πάντων
1614 4861 1978 4934 περιγράφουο

403 4956 504 4994 σαν
528 4940 599 4996 τὰ
636 4945 913 5017 μυστήρια
954 4947 1049 5004 καὶ
1075 4949 1202 5013 τοὺς
1241 4947 1454 5018 λόγους,
1481 4948 1519 5004 ἃ
1549 4950 1703 5004 οὐδὲν
1730 4952 1984 5025 οὐδαμῶς

401 5030 460 5084 τὸ
488 5034 751 5105 παράπαν
774 5037 1247 5114 τῶνἝπουρανίων
1288 5042 1381 5096 καὶ
1418 5041 1677 5112 ἐπιγείων
1702 5042 1985 5116 δυνάμεων

401 5123 603 5190 γνῶναι
641 5128 748 5199 πρὸ
784 5129 978 5203 πείρας
1007 5131 1101 5185 τοῦ
1136 5133 1332 5188 παθεῖν
1365 5133 1678 5205 δυνήσεται,
1716 5135 1859 5207 πλὴν
1891 5139 1984 5192 αὐο

399 5213 503 5285 τῆς
544 5216 648 5287 τῆς
704 5218 878 5274 ταῦτα
925 5223 1231 5293 ποιησάσης
1269 5225 1551 5296 μακαρίας
1603 5226 1873 5297 θεότητος.
1920 5230 1983 5284 'Il

401 5304 536 5376 ἕκτη
568 5308 750 5381 ήμέρα
772 5310 865 5365 τὸν
881 5312 974 5366 τοῦ
1008 5307 1148 5368 εἶναι
1186 5315 1295 5368 τῶν
1318 5315 1487 5371 ὅντων
1515 5317 1670 5386 λόγον
1701 5319 1975 5387 ὐπώηλοῖ.

413 5394 479 5450 Ἦ
523 5398 582 5453 δὲ
618 5399 818 5474 ἑϐδόμη
854 5402 945 5457 τὸν
995 5403 1089 5459 τοῦ
1133 5401 1194 5460 εὖ
1229 5400 1367 5460 εἶναι
1410 5407 1519 5464 τῶν
1564 5408 1736 5462 ὄντων
1779 5412 1977 5481 τρόπον

404 5484 788 5559 ὐωσημαίνει.
834 5494 900 5548 Ἦ
942 5494 1000 5549 δὲ
1043 5495 1202 5569 ὀγδόη
1250 5497 1311 5552 τὸ
1342 5496 1436 5551 τοῦ
1480 5500 1567 5553 ἀεὶ
1596 5495 1655 5553 εὖ
1682 5496 1819 5553 εἶναι
1864 5500 1973 5554 τῶν

368 5682 375 5691 ~
466 5662 512 5694 "
551 5662 711 5719 Deut.
747 5682 833 5733 xv,
866 5667 1046 5725 12-14.
1127 5670 1171 5703 "
1198 5670 1334 5726 ibid.
1374 5671 1490 5727 1-3.
1572 5665 1653 5721 ⁵⁶Ῑ
1694 5672 1840 5729 l‘t‘tr.
1869 5688 1905 5739 Ι,
1932 5670 2022 5729 90-

2088 4479 2252 4535 [iuem
2277 4480 2537 4537 deductio
2555 4491 2611 4538 et
2631 4482 2808 4554 quies.
2831 4483 3069 4542 Octavus
3088 4495 3271 4541 autem
3292 4494 3377 4540 est
3393 4483 3667 4540 traductio

2083 4578 2141 4625 et
2175 4570 2439 4628 transitus
2460 4589 2653 4629 eorum
2685 4575 2781 4647 qui
2804 4586 2935 4633 sunt
2959 4576 3111 4650 digni
3139 4576 3207 4632 ad
3235 4575 3661 4632 deiﬁcationem.

2081 4661 2332 4718 Fortasse
2370 4672 2556 4720 autem
2597 4665 2747 4722 hunc
2779 4669 3077 4739 septimum
3120 4679 3178 4726 et
3221 4677 3477 4724 octavum
3511 4667 3662 4723 diem

2083 4752 2255 4824 magis
2273 4753 2498 4826 mystice
2517 4765 2574 4812 et
2593 4771 2790 4815 arcane
2812 4759 3354 4825 indicansDominus,
3373 4758 3663 4829 appellavit

2083 4843 2228 4899 diem
2251 4848 2742 4904 consummationis
2759 4858 2815 4906 et
2832 4851 3201 4921 perfectionis,
3224 4859 3286 4906 ut
3302 4850 3395 4922 qui
3421 4850 3663 4906 circum-

2083 4935 2290 4991 scribat
2311 4937 2557 4993 omnium
2583 4941 2842 5012 mysteria
2860 4950 2917 4997 et
2944 4942 3207 5008 rationes,
3232 4957 3355 5013 qua:
3374 4941 3512 4996 nihil
3538 4957 3661 4997 om-

2085 5028 2218 5083 nino
2246 5043 2315 5083 ex
2347 5029 2667 5086 caelestibus
2691 5038 2749 5087 et
2780 5032 3139 5088 terrestribus
3173 5031 3528 5088 facultatibus
3560 5046 3661 5101 po-

2088 5116 2217 5171 terit
2252 5117 2363 5174 ullo
2402 5118 2566 5174 modo
2598 5134 2952 5192 cognoscere,
2993 5129 3286 5192 antequam
3311 5119 3572 5192 patiendo
3606 5120 3661 5174 id

2085 5208 2420 5277 experiatur,
2459 5220 2659 5280 praeter
2691 5210 2861 5281 ipsam
2897 5211 3113 5266 beatam
3136 5227 3257 5282 quae
3279 5225 3342 5265 ea
3367 5210 3496 5266 fecit
3518 5210 3661 5264 divi-
3706 5244 3718 5273 ,

2087 5300 2337 5356 nitatem.
2375 5302 2574 5358 Sextus
2611 5303 2731 5357 dies
2768 5303 3080 5359 subindicat
3119 5304 3384 5359 rationem
3409 5301 3663 5359 essentia:

2083 5402 2275 5443 eorum
2306 5406 2427 5460 qua:
2453 5399 2601 5445 sunt.
2626 5389 2907 5461 Septimus
2934 5400 3114 5448 autem
3138 5392 3257 5447 dies
3287 5388 3661 5463 subsigniﬁcat

2088 5500 2311 5557 modum
2350 5518 2459 5573 quo
2487 5501 2625 5561 bene
2657 5512 2785 5563 sunt
2806 5520 2868 5562 ea
2890 5520 3012 5577 qua:
3037 5514 3183 5562 sunt.
3215 5503 3451 5562 Octavus
3472 5511 3656 5559 autem
