4062 6202
554 324 693 383 ΥΞθό
1758 320 1817 388 S.
1856 332 2129 391 CYRILLI

2296 331 2611 391 ALIOKUM
3690 321 3851 373 ΕΝ

551 440 689 496 dicit
725 438 1079 496 ineﬁ‘ahiliter
1099 439 1420 512 mysterium
1451 456 1562 514 quo
1584 457 1803 517 semper
1834 448 1976 505 bene
1996 459 2125 505 sunt
2153 501 2156 510 .

2258 463 2414 511 ντων,
2445 446 2701 517 ἀρρήτως
2751 444 3047 515 μυστήριον
3089 437 3440 509 ὑπαγορεύει.
3476 430 3854 504 παρασκευὴ

550 550 616 590 ca
646 548 768 604 qua:
801 541 950 587 sunt.
988 531 1189 589 Sextus
1218 534 1338 592 dies
1366 535 1572 592 dicitur
1605 538 1924 605 Parasceve,
1953 540 2008 595 id
2041 548 2126 597 est

2258 536 2447 606 exerat
2493 537 2526 606 ἡ
2553 536 2686 606 ἕκτη
2711 534 2915 605 ἡμέρα,
2947 532 3083 587 διότι
3110 533 3167 583 ἐν
3194 529 3332 597 αὐτῇ
3362 521 3857 596 παρασκευάζω-

553 624 897 695 praeparatio,
925 623 1186 694 quoniam
1212 624 1269 681 in
1294 642 1361 682 eo
1388 628 1458 682 ad
1486 628 1784 684 Sabbatum
1816 646 2128 703 praeparau-

2262 645 2317 680 αι
2362 626 2498 698 πρὸς
2534 625 2596 679 τὸ
2650 625 2926 679 Σάϐϐατον
2965 622 3225 677 Ἰουδαῖοι.
3273 616 3383 672 Ἦν
3420 616 3479 670 δὲ
3511 614 3711 676 τύπεος
3754 610 3858 664 τοῦ

551 726 642 771 tur
666 715 863 771 Judmi.
890 716 1022 771 Erat
1048 725 1235 772 autem
1262 726 1423 791 typus
1451 720 1578 775 vita:
1607 723 1911 792 praesentis,
1939 724 1994 778 in
2019 738 2129 793 qua

2258 718 2498 789 παρόντος
2525 716 2664 787 βίου,
2692 718 2751 769 ἐν
2772 709 2816 785 ᾧ
2846 711 3378 787 παρασκευαζόμεθα
3404 708 3544 778 πρὸς
3569 707 3682 759 τὸν
3716 702 3859 775 μέλ-

549 820 923 875 praeparamur
962 807 1031 863 ad
1083 807 1358 876 futuram,
1405 827 1529 882 qua:
1567 822 1652 868 est
1702 815 1862 884 quies
1899 830 2129 886 cperum

2261 826 2412 871 οντα,
2443 808 2783 863 κατάπαυσιν
2811 806 2940 861 ὅντα
2966 806 3074 860 τῶν
3109 807 3167 858 ἐν
3207 802 3287 874 τῷ
3324 800 3556 872 παρόντι
3597 793 3853 865 γινομέ-

548 912 671 968 qute
696 896 835 953 ﬁunt
858 898 914 952 in
938 901 1215 969 praesenti.
1246 902 1364 957 Illic
1385 904 1533 959 enim
1566 905 1705 959 nihil
1734 906 1794 959 lit
1820 921 1887 961 ex
1910 906 1979 961 iis
2008 922 2131 977 qua

2258 918 2337 954 λων
2371 900 2570 971 ἔργων.
2642 899 2791 953 Ἑκεῖ
2826 896 2937 970 γὰρ
2989 896 3143 951 οὐδὲν
3167 894 3278 949 τῶν
3308 886 3411 947 ὧδε
3434 886 3853 977 σπουδαζομέέ

548 1003 749 1061 magno
800 990 984 1046 studio
1041 991 1133 1047 hic
1179 1002 1465 1064 geruntur.
1507 996 1577 1050 Et
1606 997 1885 1066 quomodo
1916 975 2130 1054 Hebraei

2258 1006 2337 1045 ων
2391 990 2742 1044 ἐπιτελεῖται.
2784 990 2897 1043 Καὶ
2938 986 3191 1057 καθάπερ
3244 983 3487 1055 Ἑϐραῖοι
3528 977 3636 1032 τοῦ
3695 975 3852 1031 κατὰ

550 1094 751 1134 manna
799 1081 945 1149 quod
988 1082 1348 1154 colligebatur
1384 1085 1439 1139 in
1465 1086 1763 1143 Paraseeve
1790 1088 1986 1157 partim
2010 1089 2133 1159 qui-

2258 1082 2331 1154 εὴν
2368 1082 2734 1155 Παρασκευὴν
2787 1079 3160 1151 συναγομένου
3210 1077 3383 1148 μάννα
3420 1072 3484 1126 τὸ
3534 1072 3645 1159 μὲν
3685 1067 3852 1159 *κατὰ

551 1172 677 1228 dem
702 1189 769 1228 eo
795 1173 884 1229 die
905 1175 1293 1242 vescebantur,
1315 1178 1513 1247 partim
1537 1188 1721 1235 autem
1748 1156 1982 1251 septimo
2015 1156 2132 1237 {ita

2258 1172 2328 1243 ’ὴν
2353 1171 2564 1244 ἡμέραν
2594 1171 2798 1242 ταύτην
2828 1170 3036 1241 ἤσθιον,
3069 1167 3133 1221 τὸ
3172 1166 3229 1219 δὲ
3257 1164 3398 1219 κατὰ
3424 1162 3524 1233 τὴν
3556 1156 3845 1227 ἑϐδόμην

553 1281 655 1321 nos
693 1282 913 1336 quoque
949 1268 1329 1337 spiritualibus
1357 1287 1480 1341 qua:
1512 1272 1605 1328 hic
1635 1273 1973 1345 colliguntur
1996 1289 2132 1346 ope-

2258 1263 2374 1317 ὓτω
2398 1264 2492 1317 καὶ
2517 1264 2678 1334 ἡμεῖς
2706 1262 2813 1314 τῶν
2842 1259 3075 1314 ἐνταῦθα
3099 1254 3478 1325 συναγομένων
3516 1263 3851 1351 πνευματι-

553 1358 730 1425 rihus,
756 1360 953 1428 partim
977 1361 1202 1430 quidem
1230 1361 1341 1427 hic,
1365 1339 1561 1433 partim
1580 1380 1712 1421 vero
1729 1339 1843 1422 illic
1862 1339 2131 1423 fruemur.

2258 1356 2346 1409 ιῶν
2372 1354 2570 1425 ἔργων.
2602 1354 2713 1407 τῶν
2757 1353 2856 1442 μέν
2883 1350 3140 1413 ἐνταῦθα,
3172 1348 3284 1401 τῶν
3327 1346 3381 1399 δὲ
3416 1345 3536 1397 ἐκεῖ
3576 1339 3847 1441 areola?-

553 1448 873 1505 Sabbatizat
906 1461 1089 1506 autem
1124 1453 1486 1523 spiritualiter
1505 1456 1601 1526 qui
1630 1456 1743 1513 Deo
1772 1458 1982 1514 servire
2011 1474 2134 1530 per—

2258 1463 2422 1518 ιομεν.
2456 1445 2782 1509 Σαϐϐατίζει
2811 1438 2866 1497 δὲ
2906 1438 3346 1530 πνευματικῶςό
3385 1438 3849 1530 προσκαρτερῶν

554 1549 792 1606 severat,
828 1550 885 1597 et
916 1542 1090 1598 otium
1114 1546 1227 1616 agit
1279 1546 1349 1601 ab
1393 1523 1657 1617 operibus
1707 1566 1830 1620 quae
1878 1552 1946 1607 ad
1994 1523 2135 1608 hanc

2345 1536 2486 1607 Θεῷ,
2510 1536 2605 1590 καὶ
2634 1534 2830 1605 σχολὴν
2859 1533 3009 1603 ἄγων
3037 1531 3144 1585 ἀπὸ
3173 1530 3284 1584 τῶν
3315 1525 3590 1599 βιωτικῶν
3623 1523 3845 1593 ἔργων.

554 1631 720 1686 vitam
752 1634 1054 1703 pertinent,
1080 1645 1136 1691 et
1172 1647 1427 1694 versatur
1462 1639 1520 1694 in
1554 1640 1953 1711 spiritualibus.

2258 1630 2333 1683 ιαὶ
2355 1630 2471 1692 τοῖς
2497 1626 2891 1697 πνευματικοῖς
2918 1620 3399 1694 ένασχολούμενος.

644 1743 722 1799 De
758 1745 1019 1802 Paschate
1056 1752 1260 1806 minuta
1300 1768 1392 1823 per
1431 1763 1609 1823 partes
1647 1756 2039 1829 contemplatio.

2420 1737 2559 1808 Περὶ
2595 1737 2702 1793 τοῦ
2750 1735 2965 1806 Πάσχα
2994 1729 3365 1801 λεπτομερὴς
3411 1724 3653 1794 θεωρία.

628 1855 687 1909 In
741 1855 1016 1929 principio
1062 1860 1195 1916 anni
1242 1861 1676 1930 praeﬁniebatur,
1730 1874 1787 1920 et
1850 1866 1906 1921 in
1957 1868 2136 1937 primo

2319 1850 2408 1905 Ἐν
2462 1851 2608 1922 ἀρχῇ
2636 1847 2729 1902 τοῦ
2770 1847 2924 1911 ἔτους
2968 1844 3221 1917 ὡρίζετο,
3268 1841 3364 1895 καὶ
3408 1841 3466 1937 ἐν
3630 1834 3851 1937 πρὼτιρ

557 1959 766 2011 mense,
809 1956 1026 2021 tempus
1071 1952 1325 2009 sacriﬁcii
1376 1954 1456 2021 ⁸⁷,
1498 1957 1758 2027 quoniam
1804 1956 2136 2030 principium

2258 1945 2392 2017 ιηνὶ,
2421 1943 2523 2015 τῆς
2554 1941 2867 2015 ἱερουργίας
2886 1942 2914 1994 ὁ
2944 1938 3158 2011 καιρὸς,
3187 1932 3445 2035 61".pri}
3461 1930 3725 2035 πάντων,
3749 1926 3846 2035 καὶ

558 2039 826 2107 omnium,
876 2051 933 2107 et
972 2044 1028 2098 in
1077 2046 1354 2117 principio
1399 2049 1666 2115 omnium,
1703 2058 1763 2106 et
1791 2058 1919 2105 ante
1954 2051 2139 2106 omnia

2258 2054 2297 2092 ;ν
2319 2038 2462 2109 ἀρχῇ
2497 2035 2715 2089 πάντων
2743 2032 2837 2088 καὶ
2862 2030 3214 2117 πρδγλπάντων
3232 2027 3261 2080 ὀ
3285 2023 3519 2117 Χριστος
3743 2021 3845 2087 τὴν

558 2128 811 2187 Christus
833 2134 981 2203 quod
1002 2110 1200 2192 attinet
1237 2110 1304 2193 ad
1335 2110 1703 2197 divinitatem.
1726 2141 1786 2197 Id
1813 2150 1997 2199 autem
2020 2143 2139 2216 lege

2258 2129 2487 2201 ιεότητα.
2540 2126 2760 2189 Δούλοις
2818 2123 2876 2178 δὲ
2932 2115 3084 2175 οὖσιν
3144 2118 3226 2172 ἔτι
3282 2118 3426 2216 τοῖς.
3457 2110 3846 2216 Ἰσρσζηλίῖαις

567 2225 847 2280 constituit
865 2226 1128 2284 Israelitis
1155 2245 1279 2285 cum
1307 2232 1488 2288 adhuc
1506 2244 1691 2290 essent
1721 2237 1888 2303 servi,
1923 2237 2140 2292 etiamsi

2258 2223 2347 2279 :th
2386 2198 2706 2291 *Αἰγυπτίων
2738 2216 2896 2272 τοῦτο
2917 2213 3356 2304 νενομοθέτηται,
3380 2207 3439 2304 ει.
3454 2198 3843 2304 καῖ-νῦναῦθις

560 2329 680 2368 eam
717 2315 893 2385 legem
924 2332 1118 2373 rursus
1148 2329 1379 2389 repetat.
1414 2320 1602 2391 Neque
1638 2324 1787 2378 enim
1816 2292 1935 2379 ﬁeri
1960 2333 2143 2396 potest

2258 2310 2687 2383 ἑπαναλαμϐάνει
2702 2308 2799 2381 τὴν
2823 2308 2953 2378 περὶ¹
2976 2305 3165 2359 τούτου
3184 2292 3712 2396 νομοθεσίαν..Μηξὲ
3735 2292 3845 2359 γάρ

561 2406 722 2461 aliter
758 2384 819 2461 ut
859 2408 1005 2462 servi
1037 2384 1245 2479 peccati
1275 2384 1541 2481 effugiant
1576 2415 1920 2485 tyrannidem
1942 2384 2143 2473 daemo-

2258 2408 2308 2461 ἰν
2334 2407 2507 2470 ἄλλως
2535 2402 2793 2458 δύνασθαι
2815 2399 2941 2464 τοὺς
2969 2398 3187 2459 δούλους
3217 2393 3319 2464 τῆς
3334 2385 3609 2485 ἁμαρτίας
3632 2384 3844 2485 itaqu:

560 2514 715 2564 num,
759 2500 867 2556 nisi
906 2516 1005 2570 per
1047 2500 1253 2557 Christi
1292 2504 1770 2575 participationem
1804 2514 1861 2562 et
1899 2522 2143 2563 commu-

563 2591 785 2646 nionem
816 2592 935 2647 veri
981 2594 1105 2664 agni
1142 2594 1237 2665 qui
1276 2596 1422 2651 tollit
1456 2608 1744 2667 peccatum
1792 2599 2009 2654 mundi.
2034 2600 2142 2656 Ac-

562 2682 769 2753 cipitur
798 2691 982 2738 autem
1010 2684 1151 2750 ovis,
1179 2700 1292 2741 non
1324 2686 1378 2740 in
1407 2687 1587 2757 primo
1610 2689 1698 2744 die
1724 2690 1949 2756 mensis,
1972 2690 2065 2745 sed
2088 2691 2145 2746 in

562 2774 800 2831 decimo.
838 2775 1088 2832 Fuerunt
1131 2778 1281 2832 enim
1326 2780 1499 2835 multa
1545 2782 1743 2836 saecula
1786 2792 1913 2838 ante
1953 2781 2145 2837 mundi

564 2865 1041 2932 constitutionem,
1077 2867 1135 2922 in
1177 2867 1383 2937 quibus
1417 2869 1673 2926 Christus
1697 2879 1819 2926 erat
1853 2870 1909 2925 in
1940 2870 2146 2925 divini-

567 2963 700 3018 tate,
724 2955 1003 3024 quomodo
1030 2956 1197 3010 etiam
1223 2967 1353 3013 sunt
1374 2959 1533 3014 multi
1557 2959 1677 3015 dies
1699 2968 1826 3015 ante
1848 2961 2144 3017 decimum.

563 3040 938 3098 Conservatur
981 3054 1166 3099 autem
1215 3060 1387 3115 usque
1434 3048 1504 3102 ad
1543 3047 1818 3103 decimum
1865 3058 2146 3120 quartum,

2244 2502 2359 2570 γεῖν
2401 2498 2501 2569 τὴν
2539 2493 2832 2567 τυραννίδα
2871 2491 2979 2545 τῶν
2998 2488 3292 2560 δαιμόνων,
3316 2485 3365 2537 εί
3402 2481 3477 2553 μὴ
3505 2478 3593 2532 διὰ
3611 2476 3727 2547 τῆς
3748 2472 3843 2570 τοῦ

2244 2566 2288 2648 ᾖ(
2298 2566 2482 2665 ριστού
2522 2566 2925 2660 μετουσίαςκαὶ
2940 2580 3221 2643 κοινωνίας
3231 2576 3326 2632 τοῦ
3345 2570 3599 2665 ἀληθινοῦ
3614 2566 3844 2665 άμνοῦ,

2244 2658 2339 2737 τοῦ
2373 2658 2622 2751 αἴροντος
2654 2676 2756 2747 τὴν
2779 2672 3057 2745 ἁμαρτίαν
3084 2667 3181 2722 τοῦ
3210 2667 3442 2737 κόσμου.
3476 2658 3846 2751 Δαμϐάνεται

2245 2775 2302 2828 δέ
2328 2774 2387 2827 τὸ
2421 2748 2713 2843 πρόϐατον,
2742 2765 2843 2819 οὐκ
2876 2765 2935 2816 ἐν
2965 2765 3030 2833 τῇ
3064 2758 3257 2833 πρώτῃ
3285 2754 3472 2829 ἡμέρᾳ
3504 2751 3600 2843 τοί]
3640 2748 3841 2843 μηνὸς,

2248 2865 2363 2921 ἀλλ’
2394 2864 2453 2916 ἐν
2470 2836 2539 2932 τῇ
2559 2858 2780 2929 δεκάτῃ.
2806 2854 2999 2908 Πολλοὶ
3024 2852 3132 2923 γάρ
3160 2866 3305 2912 τινες
3335 2845 3530 2908 αἰῶνες
3556 2838 3707 2914 ἦσαν
3735 2836 3846 2909 πρὸ

2247 2961 2348 3029 τῆς
2381 2955 2475 3010 τοῦ
2520 2954 2727 3023 κόσμου
2757 2947 3087 3017 καταϐολῆς,
3114 2943 3238 2998 καθ’
3263 2941 3359 3006 οὓς
3408 2936 3478 3012 ἦν
3523 2940 3553 2992 ό
3599 2935 3843 3029 Χριστὸς

2250 3026 2315 3121 τῇ
2353 3048 2589 3116 θεότητι,
2630 3042 2818 3113 ῶσπερ
2858 3040 2956 3094 καὶ
2995 3037 3186 3091 πολλαὶ
3216 3033 3419 3107 ἡμέραι
3450 3030 3557 3101 πρὸ
3602 3029 3709 3098 τῆς
3759 3026 3845 3078 δε-

565 3140 793 3201 propter
838 3133 1085 3202 quinque
1140 3143 1387 3204 tempora
1429 3145 1745 3191 nostrorum
1800 3140 2146 3195 saeculorum.

2258 3142 2447 3210 κάτης.
2488 3135 2836 3206 Διατηρεῖται
2858 3131 2915 3186 δὲ
2945 3130 3108 3202 μέχρι
3141 3128 3241 3197 τῆς
3274 3126 3334 3178 ιδ(
3367 3123 3457 3177 διὰ
3491 3121 3619 3183 τοὺς
3650 3124 3693 3173 ε’
3724 3133 3845 3210 κατ’

566 3220 703 3278 Nam
736 3222 975 3293 primum
1003 3224 1224 3294 quidem
1260 3225 1364 3281 fuit
1394 3226 1449 3281 in
1488 3241 1600 3296 quo
1633 3228 1751 3283 erat
1772 3229 1941 3286 Adam
1968 3231 2022 3285 in
2046 3247 2145 3301 pa-

569 3314 775 3372 radiso.
801 3315 1115 3373 Secundum
1141 3328 1321 3375 autem
1345 3320 1424 3393 (iu
1448 3337 1559 3392 quo
1580 3321 1720 3392 erat)
1745 3322 1878 3378 Noe.
1902 3321 2150 3379 Tertium

568 3415 757 3463 autem
800 3409 857 3464 in
898 3425 1009 3481 quo
1031 3420 1149 3467 erat
1178 3412 1473 3468 Abraham.
1503 3414 1771 3481 Quartum
1795 3430 1929 3472 vero
1959 3416 2015 3471 in
2042 3432 2151 3488 quo

568 3496 782 3572 Moyses
807 3510 863 3557 et
892 3503 1196 3573 prophetae.
1226 3502 1488 3571 Quintum
1522 3514 1728 3569 autem,
1761 3506 1817 3562 in
1856 3522 1965 3578 quo
1988 3505 2151 3562 Chri-

570 3598 691 3645 stus
728 3589 906 3646 factus
936 3600 1020 3647 est
1049 3593 1237 3648 homo.
1277 3593 1392 3649 Hoc
1421 3602 1605 3651 autem
1630 3605 1846 3666 tempus
1873 3596 2036 3652 tacite
2066 3597 2152 3651 in-

571 3680 695 3735 nuit
713 3682 879 3737 etiam
901 3682 1035 3738 illud
1061 3702 1073 3738 :
1103 3684 1295 3755 quinta
1317 3695 1499 3742 autem
1521 3688 1874 3759 generatione
1896 3688 2155 3744 ascende-

570 3784 706 3829 runt
745 3774 841 3829 ﬁlii
878 3775 1043 3831 Israel
1067 3793 1133 3833 ex
1166 3777 1420 3851 Egypto.
1458 3779 1516 3834 In
1555 3795 1623 3834 eo
1648 3780 1796 3834 enim
1822 3779 1961 3835 facta
1984 3790 2067 3835 est
2083 3780 2155 3834 li-

575 3868 791 3924 beratio
836 3872 1156 3926 aservitute
1206 3872 1516 3927 dremonum
1572 3882 1627 3927 et
1692 3874 1972 3929 vitiorum.
2032 3874 2158 3931 Haec

576 3957 820 4027 quinque
877 3967 1123 4029 tempora
1176 3960 1450 4025 nonnihil,
1495 3970 1557 4016 ut
1612 3961 1831 4030 opinor,
1887 3959 2157 4031 signiﬁcat

575 4046 742 4102 etiam
764 4050 1024 4119 parabola
1042 4050 1163 4120 ejus
1181 4050 1273 4121 qui
1292 4050 1551 4105 conducit
1565 4051 1852 4121 operarios
1868 4050 1922 4104 in
1938 4050 2156 4106 vineam

578 4155 755 4205 suam,
801 4155 1037 4210 quorum
1080 4142 1223 4196 alius
1259 4141 1485 4212 quidem
1527 4143 1663 4197 exiit
1704 4143 1971 4209 diluculo,
2019 4144 2160 4198 alter

577 4246 709 4285 vero
742 4230 889 4284 circa
920 4230 1111 4285 horam
1135 4230 1374 4297 tertiam,
1405 4231 1547 4286 alius
1570 4232 1714 4287 circa
1737 4241 1967 4297 sextam,
2019 4234 2160 4288 alius

580 4323 725 4378 circa
757 4337 982 4387 nonam,
1020 4319 1162 4377 alius
1182 4322 1327 4379 circa
1362 4324 1735 4388 undecimam,
1772 4340 1880 4395 qua
1907 4324 2160 4381 Christus

580 4413 846 4468 conduxit
885 4423 1075 4485 gentes
1103 4422 1323 4470 vocatas
1359 4415 1426 4469 ad
1452 4416 1828 4485 operationem
1856 4426 2161 4487 prmcepto-

2251 3209 2506 3303 ροῦςτῶν
2527 3226 2650 3281 καθ’
2672 3225 2821 3297 ἡμᾶς
2854 3221 3084 3276 αἰώνων.
3112 3217 3334 3290 Πρῶτος
3362 3214 3462 3287 μὲν
3493 3214 3603 3284 γὰρ
3630 3209 3842 3303 καθ’ῗδν

2248 3302 2318 3395 ἦν
2347 3322 2405 3375 ἐν
2434 3317 2752 3391 παραδείσῳ
2810 3313 3002 3383 Ἀδάμ.
3028 3310 3295 3382 Δεύτερος
3326 3307 3383 3361 δὲ
3406 3306 3529 3359 καθ’
3558 3305 3659 3359 δνό
3682 3302 3837 3395 ,Νῶεῖ

2250 3391 2445 3487 ΙΪ²ρίτος
2466 3410 2525 3465 δὲ
2564 3409 2686 3464 καθ’
2712 3407 2771 3460 ὃν
2790 3407 2819 3460 ὁ
2864 3404 3138 3475 Ἁϐραάμ.
3169 3403 3444 3472 Τέταρτος
3480 3397 3538 3452 δὲ
3568 3391 3840 3487 καθ’ῌὸνᾼό

2251 3483 2455 3577 Μωσῆς
2471 3502 2564 3558 καὶ
2582 3503 2631 3556 οἱ
2646 3498 2945 3573 προφῆται.
2966 3495 3227 3566 Πέμπτος
3252 3492 3309 3546 δὲ
3324 3490 3445 3546 καθ’
3474 3490 3532 3543 δν
3562 3483 3840 3557 ἐνηνθρὼ-

2254 3614 2428 3668 πησεν
2469 3596 2498 3650 ὁ
2543 3591 2798 3664 Χριστός.
2846 3587 3051 3643 Τοῦτον
3100 3586 3157 3639 δὲ
3189 3585 3282 3639 τὸν
3321 3583 3508 3654 καιρὸν
3536 3579 3840 3668 αἰνίττεται

2254 3666 2349 3743 καὶ
2382 3688 2463 3752 τδ,
2494 3686 2730 3756 nem-5
2751 3683 2809 3737 δὲ
2838 3680 3005 3751 γενεᾷ
3026 3678 3299 3747 ἀνέϐησαν
3324 3677 3374 3730 οἱ
3403 3675 3508 3728 υεοι
3538 3668 3757 3742 Ἰσραὴλ
3778 3666 3840 3731 ἐξ

2254 3779 2552 3849 Αἰγύπτου.
2598 3777 2688 3829 Ἔν
2730 3773 2905 3844 τούτῳ
2944 3771 3054 3843 γὰρ
3085 3771 3119 3842 ἡ
3149 3767 3435 3839 ἐλευθερία
3477 3764 3578 3849 τῆς
3622 3760 3840 3821 δουλίας

2255 3873 2362 3927 τῶν
2388 3868 2659 3941 δαιμόνων
2680 3866 2899 3921 καὶτῶν
2933 3863 3122 3917 παθῶν
3150 3861 3361 3931 γέγονε.
3383 3856 3641 3920 Τούτους,
3660 3849 3835 3923 οἶμαι,

2255 3965 2381 4028 τοὺς
2424 3969 2467 4016 ε’
2509 3960 2733 4033 καιροὺς
2781 3957 3147 4026 ὑποσημαίνει
3192 3954 3289 4008 καὶ
3320 3955 3353 4023 ἡ
3405 3946 3699 4020 παραϐολὴ
3746 3942 3835 4033 τού

2261 4032 2677 4125 μισθωσαμένου
2698 4047 2825 4111 τοὺς
2840 4044 3075 4117 ἐργάτας
3104 4043 3184 4105 εἰς
3200 4040 3291 4094 τὸν
3320 4036 3623 4110 ἀμπελῶνα
3650 4032 3836 4089 αὐτοῦ’

2258 4146 2317 4209 δς
2343 4142 2566 4214 ἐξῆλθεν
2595 4140 2713 4212 ἅμα
2729 4136 2997 4210 πρωῖ,καὶ
3031 4134 3161 4205 περὶ
3182 4133 3377 4204 τρίτην
3391 4131 3540 4202 ὤραν
3566 4128 3661 4183 καὶ
3677 4128 3836 4195 ἕκτην

2260 4237 2356 4291 καὶ
2382 4234 2609 4305 ἐννάτην
2649 4232 2739 4287 καὶ
2786 4227 3077 4297 ἑνδεκάτην
3096 4266 3111 4290 ,
3147 4224 3269 4278 καθ’
3292 4223 3361 4295 ἢν
3403 4218 3751 4293 ἐμισθώσατο
3774 4216 3835 4269 τὰ

2262 4329 2387 4400 ἔθνη
2418 4326 2656 4399 Χριστὸς
2691 4322 3004 4395 κεκλημένα
3054 4319 3190 4389 πρὸς
3232 4315 3499 4389 ἐργασίαν
3536 4311 3646 4366 τῶν
3684 4311 3837 4376 εὐαγο

2263 4418 2499 4491 γελικῶν
2534 4416 2784 4470 ἐντολῶν.
2834 4412 3184 4485 Λαμϐάνεται
3229 4409 3327 4478 μὲν
3360 4403 3475 4468 οὖν,
3504 4406 3580 4467 ὡς
3603 4404 3835 4491 εἴρηται,

579 4518 705 4558 rum
742 4505 1206 4575 evangelicorum.
1249 4506 1532 4577 Accipitur
1556 4522 1709 4578 ergo,
1730 4515 1792 4561 ut
1816 4506 1951 4572 dixi,
1982 4508 2101 4561 ovis
2130 4523 2156 4562 a

2268 4488 2330 4564 τὸ
2357 4506 2629 4580 πρόϐατον
2660 4504 2768 4558 ἀπὸ
2810 4510 2839 4557 ι’
2872 4501 2965 4555 τοῦ
3009 4499 3196 4571 μηνὸς,
3242 4496 3339 4550 καὶ
3381 4494 3724 4564 διατηρεῖται
3755 4488 3839 4559 μέο

580 4597 796 4654 decimo
836 4598 1061 4663 mensis,
1102 4608 1159 4654 et
1190 4608 1550 4654 conservatur
1586 4615 1761 4671 usque
1794 4599 1861 4654 ad
1883 4599 2157 4655 decimum

579 4700 861 4761 quartum,
897 4701 959 4747 ut
986 4692 1130 4747 scias
1160 4691 1308 4762 quod
1342 4692 1667 4747 servabatur
1698 4692 1920 4762 quidem
1953 4691 2158 4747 Christi

582 4784 902 4858 mysterium
942 4786 998 4839 in
1024 4785 1371 4856 prtescieutia
1392 4792 1595 4840 sanctae
1624 4784 1929 4851 Trinitatis,
1961 4785 2028 4840 ab
2048 4785 2162 4855 ipsa

584 4877 776 4933 mundi
818 4876 1236 4941 constitutione,
1285 4875 1433 4946 quod
1479 4884 1599 4930 erat
1638 4875 1875 4946 primum
1905 4885 2160 4946 tempus:

581 4970 885 5040 perfectum
910 4976 1093 5023 autem
1140 4966 1244 5022 fuit
1284 4966 1338 5021 in
1367 4967 1582 5037 quinto,
1626 4982 1823 5037 nempe
1859 4967 2078 5030 ultimo,
2111 4975 2169 5020 et

582 5063 926 5119 sacriﬁcatus
962 5061 1066 5118 fuit
1102 5060 1171 5116 ad
1212 5076 1525 5130 vesperam,
1568 5059 1807 5114 tenebris
1847 5057 2168 5128 ignorantia:

581 5167 637 5212 et
671 5156 878 5212 erroris
910 5155 966 5210 in
1004 5162 1209 5211 terram
1247 5154 1459 5209 effusis.
1500 5151 1631 5206 Erat
1659 5161 1841 5205 autem
1874 5158 2006 5203 tunc
2037 5149 2167 5203 luna

586 5248 800 5303 decima
832 5255 1027 5318 quarta
1065 5256 1121 5302 et
1147 5246 1329 5317 plena,
1363 5254 1425 5300 ut
1452 5244 1725 5314 intelligas
1745 5241 1891 5311 quod
1912 5241 2166 5295 tenebra-

588 5353 711 5391 rum
736 5339 992 5408 princeps
1019 5337 1269 5392 diabolus
1286 5337 1505 5406 pleuam
1528 5334 1719 5389 habuit
1740 5350 1893 5389 suam
1916 5334 2165 5404 gloriam.

586 5426 871 5499 Tanquam
929 5431 1058 5485 luna
1099 5431 1247 5485 enim
1310 5429 1525 5499 positus
1565 5436 1651 5483 est
1696 5427 1752 5482 in
1794 5427 2165 5497 principatum

585 5521 785 5584 noctis,
828 5531 884 5575 et
932 5531 1189 5592 tanquam
1241 5521 1603 5585 adulterinam
1648 5520 1939 5591 quamdam
1987 5520 2166 5574 lucem

589 5610 778 5666 mundi
805 5613 1133 5682 sapientiam
1156 5614 1352 5670 indens
1375 5614 1729 5685 deceptorum
1757 5613 2038 5680 cordibus,
2063 5612 2168 5669 sibi

660 5760 701 5789 ⁵⁷
734 5766 902 5820 Exod.
934 5782 1048 5832 xm,
1084 5768 1099 5820 l
1134 5784 1287 5838 seqq.

2264 4620 2357 4675 χρι
2393 4600 2474 4664 ιδ’,
2506 4600 2594 4653 ἴνα
2621 4596 2763 4668 γνῷς
2804 4598 2885 4651 ὅτι
2922 4593 3253 4663 ἐφυλάττετο
3292 4588 3393 4659 μὲν
3437 4586 3500 4639 τὸ
3540 4584 3687 4637 κατὰ
3713 4584 3842 4675 Χριῖ

2268 4670 2393 4748 στὸν
2427 4691 2724 4764 μυστήριον
2756 4692 2813 4742 ἐν
2834 4684 3140 4758 προγνώσει
3177 4682 3273 4750 τῆς
3310 4679 3474 4748 ἁγίας
3506 4675 3757 4747 Τριάδος,
3791 4670 3844 4735 ἐξ

2268 4763 2438 4856 αὐτῆς
2468 4784 2577 4854 ἄρα
2604 4781 2705 4851 τῆς
2732 4779 2827 4834 τοῦ
2860 4779 3064 4848 κόσμου
3102 4772 3429 4841 καταϐολῆς,
3453 4770 3511 4832 ὃς
3532 4764 3600 4838 ἦν
3630 4770 3665 4821 ό
3700 4763 3843 4835 πρῶ-

2268 4894 2361 4941 τος
2402 4874 2611 4945 καιρός.
2655 4870 2943 4941 Ἐτελέσθη
2990 4869 3046 4922 δὲ
3080 4866 3219 4920 κατὰ
3246 4864 3339 4917 τδν
3389 4868 3450 4929 ε’,
3483 4862 3601 4932 ἡτοι
3640 4860 3739 4912 τόν
3770 4873 3844 4909 τεο

2269 4970 2539 5031 λευταῖον,
2580 4965 2674 5018 καὶ
2695 4962 2860 5034 ἐτύθη
2900 4962 3037 5034 πρὸς
3069 4959 3344 5030 ἑσπέραν,
3377 4955 3457 5009 ἐτι
3486 4952 3580 5007 τοῦ
3624 4951 3843 5008 σκότους

2270 5061 2370 5131 τῆς
2411 5058 2659 5127 ἀγνοίας
2690 5056 2786 5110 καὶ
2840 5054 3049 5124 πλάνης
3097 5048 3548 5120 κατακεχυμένου
3576 5044 3682 5113 τῆς
3729 5044 3842 5111 γῆς.

2269 5150 2381 5208 Ἦν
2407 5153 2463 5206 δὲ
2514 5154 2547 5223 ἡ
2588 5151 2788 5221 σελήνη
2821 5148 3089 5219 τέσσαρες
3138 5145 3234 5199 καὶ
3280 5142 3481 5211 δεκάτη
3523 5135 3845 5209 τηνικαῦτα,

2270 5248 2365 5301 καὶ
2391 5244 2729 5315 πληροςιαὴς
2761 5242 2849 5295 ἴνα
2888 5240 3089 5310 νοήσῃς
3128 5238 3204 5300 ὡς
3251 5234 3345 5288 τοῦ
3393 5232 3619 5292 σκότους
3670 5229 3847 5298 ἄρχων

2272 5314 2517 5399 διάϐολος
2548 5334 2728 5403 πλήρη
2759 5331 2858 5402 τὴν
2897 5328 3101 5383 οἰκείαν
3147 5323 3261 5396 εἶχε
3303 5321 3483 5389 δόξαν.
3510 5319 3714 5389 Σελήνη
3748 5314 3847 5383 γάρ

2274 5429 2355 5490 είς
2383 5427 2557 5497 ἀρχὴν
2607 5423 2844 5476 τέθειται
2872 5419 2972 5489 τῆς
3000 5417 3215 5480 νυκτὸς,
3261 5413 3356 5468 καὶ
3397 5412 3588 5481 ῶσπερ
3619 5425 3669 5460 τι
3699 5406 3848 5459 νόθον

2276 5519 2391 5589 φῶς
2412 5519 2511 5589 τὴν
2544 5515 2636 5570 τοῦ
2686 5515 2892 5584 κόσμου
2925 5509 3116 5579 σοφίαν
3170 5509 3290 5571 ταῖς
3334 5504 3444 5559 τῶν
3487 5500 3845 5569 πλανωμένων

2279 5610 2529 5683 καρδίαις
2585 5606 2835 5673 ἐντιθεὶς,
2902 5601 3284 5674 πληρεστάτην
3330 5596 3509 5670 ἐαυτῷ
3559 5595 3658 5663 τὴν
3698 5590 3846 5656 δόξαν
