4062 6202
320 293 347 347 1
357 290 463 348 205

1695 299 1997 353 LULLILC'I
2015 300 2102 351 AN
2111 300 2217 351 EA.

3436 302 3579 356 1906

318 406 783 480 ἐπραγματεύετο·
817 406 1175 473 ἀποθανόντος
1205 408 1263 463 δὲ
1303 408 1393 464 τοῦ
1435 409 1693 482 ἀληθινοῦ
1724 413 1895 484 ἀμνοῦ

2002 414 2377 485 plenissimam
2405 417 2734 487 procurabat
2760 416 3008 489 gloriam.
3042 416 3255 473 Mortuo
3277 432 3458 471 autem
3489 416 3579 472 illo

315 503 385 555 δι’
436 502 609 573 ἡμᾶς,
641 501 841 575 ήρξατο
886 499 1250 555 καταλύεσθαι
1300 501 1362 556 τὸ
1400 503 1642 557 τοιοῦτον
1687 505 1896 559 ἐκείνου

319 590 458 661 φῶς.
500 591 819 662 ’Δπολήγειν
843 591 951 663 γὰρ
998 593 1063 645 ἐκ
1107 592 1229 646 τότε
1260 592 1358 665 τὴν
1392 594 1623 667 σελήνην
1658 597 1894 667 ἀνάγκη,

321 683 416 738 καὶ
445 681 787 739 δαπανᾶσθαι
818 683 880 736 τὸ
929 682 1132 755 ταύτης
1168 683 1305 753 φῶς.
1337 685 1449 740 Καὶ
1488 686 1648 740 τοῦτο
1684 682 1752 758 ἦν
1789 688 1898 758 ἄρα

318 772 380 827 τὸ
410 776 466 829 ἐν
492 774 740 844 Ψαλμοῖς
771 773 1054 845 ᾀδόμενον,
1090 795 1108 827 ι
1131 775 1406 830 Ἀνατελεῖ
1431 777 1490 829 ὲν
1516 778 1635 840 ταῖς
1665 778 1900 848 ἡμέραις

319 864 484 918 αὐτοῦ
528 864 863 935 δικαιοσύνη,
898 865 991 920 καὶ
1028 866 1232 938 πλῆθος
1260 868 1502 939 εἰρήνης,
1540 870 1645 933 ἕως
1669 862 1731 923 οὖ
1769 873 1898 925 ἀντ-

319 951 576 1023 αναιρεθῇ
621 953 654 1023 ή
694 952 914 1023 σελήνη.
957 972 976 1006 ι
1024 953 1288 1007 Ἀνέτειλε
1343 956 1452 1027 7&9
1503 958 1561 1011 ἐν
1597 960 1718 1022 ταῖς
1765 958 1901 1031 me-

322 1058 446 1112 ραις
477 1040 714 1113 Χριστοῦ
758 1041 1072 1113 δικαιοσύνη
1114 1061 1173 1098 τε
1204 1046 1298 1099 καὶ
1346 1046 1562 1118 εἰρήνη,
1600 1048 1693 1101 καί
1729 1051 1758 1102 ό
1800 1051 1900 1118 τῆς

319 1132 515 1197 νυκτὸς
567 1133 751 1204 ἄρχων
829 1134 1193 1208 ἀντανῃρέθη.
1251 1136 1339 1200 Ὠς
1377 1137 1485 1209 γὰρ
1546 1138 1752 1193 ἀνελὼν
1806 1140 1899 1195 τὸν

321 1218 650 1292 ἄνθρωπον,
720 1223 1062 1296 ἀντανῃρέθη
1104 1225 1251 1296 παρᾶ
1292 1226 1552 1296 Χριστοῦ.
1606 1229 1897 1299 Δαμϐάνε-

319 1331 408 1367 ται
438 1313 497 1367 δὲ
549 1314 777 1368 ἐκάστον
808 1315 1075 1386 πρόϐατον
1125 1318 1247 1371 κατ’
1289 1318 1487 1382 οἰκίας.
1515 1321 1608 1373 Δεῖ
1630 1320 1741 1393 7&9
1771 1321 1899 1376 ἑκά-

324 1422 437 1476 στῳ
479 1406 571 1460 τὸν
601 1408 837 1480 Χριστὸν
878 1409 998 1463 ὅλον
1031 1409 1412 1473 ἐνοικίζεσθαι.
1451 1414 1512 1466 Οἱ
1546 1413 1603 1466 δὲ
1636 1413 1711 1486 μὴ
1742 1414 1900 1468 δυνά-

324 1516 476 1568 μενοι
528 1499 648 1553 καθ’
682 1501 908 1565 ἑαυτοὺς
949 1501 1040 1555 τὸν
1086 1503 1321 1573 Χριστὸν
1345 1503 1666 1575 λαμϐάνειν,
1711 1507 1805 1560 καί
1830 1506 1897 1559 δι’

320 1590 530 1646 ἑαυτῶν
553 1593 788 1647 συνιέναι
810 1593 872 1646 τὸ
889 1593 1029 1648 κατά
1052 1595 1287 1665 Χριστὸν
1308 1598 1627 1669 μυστήριον,
1651 1598 1721 1652 δι’
1743 1597 1901 1652 ἀσθέ-

320 1696 473 1733 νειαν
501 1681 597 1735 καὶ
630 1683 818 1736 πενίαν
842 1683 1102 1750 διανοίας,
1155 1685 1437 1740 ποιοῦνται
1473 1689 1765 1753 κοινωνοὺς
1804 1688 1901 1742 καὶ

2004 523 2139 561 vero
2187 524 2326 578 agno
2374 517 2599 579 propter
2640 525 2760 574 nos,
2810 509 2980 579 cmpit
3021 508 3246 564 dissolvi
3305 508 3455 562 illius
3485 509 3578 563 lux

2004 599 2295 668 ejusmodi.
2339 599 2495 655 Tunc
2529 602 2677 656 enim
2716 616 2941 657 necesse
2972 610 3057 656 est
3086 610 3143 656 ut
3183 600 3398 655 desinat
3428 602 3579 667 luna.

2003 698 2058 743 ct
2105 699 2462 745 consumatur
2511 692 2605 746 lux
2652 693 2791 763 ejus.
2837 692 2951 755 Hoc
3006 707 3136 763 ergo
3182 700 3299 746 crat
3338 691 3392 745 id
3436 692 3580 761 quod

2004 782 2305 836 cauebatur
2347 782 2403 837 in
2435 783 2665 838 Psalmis
2692 802 2703 837 :
2760 802 2777 834 ι
2808 783 2996 839 Oritur
3028 783 3083 837 in
3125 782 3320 837 diebus
3353 783 3473 853 ejus
3497 782 3587 850 ju-

2002 870 2173 936 stitia,
2201 878 2257 926 et
2278 870 2612 927 abundantia
2632 872 2801 942 pacis,
2822 872 2999 927 donec
3021 871 3305 927 auferatur
3320 871 3449 925 luna
3465 871 3531 924 ⁸⁸.
3558 888 3576 921 ι

2003 958 2133 1014 Orta
2178 967 2265 1016 est
2306 962 2455 1016 enim
2497 962 2553 1016 in
2585 962 2782 1017 diebus
2810 962 3011 1018 Christi
3036 962 3251 1034 justitia
3274 969 3326 1016 et
3370 977 3494 1031 pax,
3526 967 3578 1016 et

2003 1052 2185 1106 noctis
2235 1052 2491 1123 princeps
2521 1063 2607 1109 est
2644 1054 2880 1110 ablatus.
2925 1055 3062 1109 Nam
3096 1061 3156 1109 ut
3182 1054 3276 1125 qui
3301 1054 3580 1109 hominem

2004 1142 2327 1207 sustulerat,
2376 1158 2408 1196 a
2457 1142 2679 1199 Christo
2720 1144 2963 1200 vicissim
2990 1155 3076 1201 est
3112 1145 3381 1200 sublatus.
3422 1132 3614 1201 Acci--

2002 1232 2233 1302 piuntur
2283 1243 2468 1289 autem
2514 1236 2742 1307 singula:
2785 1251 2916 1291 oves
2958 1252 3058 1307 per
3096 1237 3306 1293 domos.
3354 1233 3577 1308 Oportet

2002 1324 2151 1380 enim
2185 1324 2242 1379 in
2277 1341 2609 1397 unoquoque
2629 1335 2803 1383 totum
2821 1326 3102 1405 Christum
3123 1327 3450 1383 inhabitare.
3478 1327 3585 1395 Qui

2002 1424 2186 1472 autem
2235 1433 2346 1473 non
2388 1426 2621 1489 possunt
2661 1435 2762 1490 per
2806 1435 2864 1475 se
2906 1419 3185 1476 Christum
3240 1436 3478 1487 sumere,
3526 1428 3579 1476 ct

2002 1506 2209 1564 Christi
2236 1509 2559 1581 mysterium
2582 1525 2682 1581 per
2700 1526 2759 1566 se
2781 1511 3106 1582 intelligere,
3131 1520 3358 1582 propter
3380 1511 3582 1567 mentis

2004 1597 2437 1655 imbecillitatem
2465 1608 2522 1656 et
2545 1608 2867 1672 egestatem,
2888 1601 2943 1656 in
2982 1602 3296 1657 societatem
3320 1602 3581 1658 adhibent

2004 1690 2169 1744 etiam
2192 1690 2425 1757 vicinos,
2459 1706 2556 1747 seu
2577 1706 2672 1747 eos
2695 1692 2789 1763 qui
2819 1692 3206 1764 suntcjusdem
3236 1692 3384 1758 ﬁdei,
3407 1701 3468 1749 ut
3484 1709 3582 1763 per

317 1772 446 1837 τοὺς
477 1773 747 1842 γείτονας,
793 1774 914 1845 ἦτοι
963 1776 1090 1840 τοὺς
1135 1776 1487 1849 ὀμοπίστους,
1524 1780 1611 1834 l'va
1645 1781 1712 1835 δι’
1746 1780 1895 1853 ἀλλή-

2000 1792 2061 1832 se
2099 1779 2337 1834 invicem
2374 1781 2443 1836 ad
2484 1782 2722 1853 majores
2770 1782 3138 1838 extendantur
3166 1782 3582 1853 contemplatio-

317 1863 427 1918 λων
479 1865 561 1929 εἰς
614 1864 835 1936 μείζους
892 1865 1126 1939 θεωρίας
1184 1870 1549 1925 ἀναταθῶσιν.
1586 1873 1771 1927 Ἔστω
1814 1872 1895 1937 δὲ,

320 1955 474 2025 φησὶ,
508 1955 569 2010 τὸ
598 1956 872 2029 πρόϐατον
895 1958 1118 2014 τέλειον·
1156 1959 1361 2025 τέλειος
1391 1960 1501 2035 7&9
1521 1964 1550 2016 ό
1581 1962 1814 2034 Χριστὸς
1841 1962 1899 2017 ἐν

317 2065 379 2101 τε
407 2047 621 2119 θεότητι
659 2050 751 2102 καὶ
807 2050 1215 2129 άνθρωπότητι.
1263 2052 1423 2108 Ἀλλά
1452 2055 1547 2109 καὶ
1569 2054 1755 2126 ἄρσεν·
1802 2055 1901 2109 αὑ-

318 2137 411 2201 τὸς
460 2135 568 2209 γάρ
616 2138 765 2192 ἐστιν
803 2140 832 2192 ό
865 2140 1210 2210 πᾶσινήμῖν
1246 2139 1477 2206 ἐντιθεὶς
1520 2143 1619 2214 τῆς
1660 2143 1894 2211 θεογνω-

322 2226 443 2291 σίας
490 2228 558 2281 τὰ
598 2228 910 2301 σπέρματα·
945 2231 1085 2286 ἀλλά
1143 2232 1238 2286 καὶ
1288 2232 1581 2299 ἐνιαύσιον,
1632 2234 1720 2288 ἵνα
1774 2235 1899 2290 καθ’

321 2319 552 2374 ἕκαστον
582 2321 827 2377 ἐνιαυτὸν
852 2323 1168 2396 ἐπιτελῆται
1198 2325 1260 2379 τὸ
1298 2325 1502 2397 πάσχα.
1548 2327 1899 2399 Λαμϐάνεται

318 2410 377 2464 δὲ
407 2411 515 2465 ἀπὸ
545 2411 653 2467 τῶν
677 2414 864 2485 ἀμνῶν
887 2415 982 2469 καὶ
1003 2416 1112 2471 ἀπὸ
1138 2416 1248 2471 τῶν
1275 2417 1501 2488 ἐρίφων,
1533 2418 1610 2482 ὡς
1639 2418 1899 2488 Θεολόγος

320 2503 651 2575 ἡρμήνευσε.
682 2506 940 2577 Χρίονται
968 2507 1028 2561 δὲ
1057 2508 1136 2578 τῷ
1168 2509 1359 2581 αἵματι
1387 2511 1439 2564 οἰ
1477 2510 1709 2582 σταθμοὶ
1738 2512 1832 2565 καὶ
1863 2513 1898 2583 ή

322 2593 636 2663 φλιά,τοῦτ’
673 2596 789 2651 ἔστι
829 2598 890 2652 τὸ
913 2598 1095 2671 σῶμα.
1137 2600 1309 2655 Τοῦτο
1344 2601 1454 2675 7&9
1484 2603 1631 2657 οἰκία
1663 2603 1761 2675 τῆς
1804 2602 1900 2674 ψυ-

320 2685 445 2756 xire.
487 2687 581 2742 καί
611 2688 768 2742 τοῦτο
806 2690 907 2762 τὴν
949 2692 1015 2745 ὲκ
1046 2692 1430 2766 ,παραϐάσεως
1484 2693 1777 2748 ἀπελαύνει
1811 2694 1899 2747 νέ-

322 2794 546 2848 κρωσιν.
608 2780 721 2833 Καὶ
776 2781 937 2852 θύραι
990 2782 1048 2836 δὲ
1099 2784 1200 2854 τῆς
1251 2784 1506 2854 τοιαύτης
1538 2784 1715 2846 οἰκίας
1749 2785 1806 2837 αἰ
1838 2785 1898 2839 ἐν

319 2871 455 2941 ἡμῖν
501 2870 801 2941 αἰσθήσεις
850 2873 920 2927 δι’
972 2868 1048 2929 ὧν
1093 2877 1214 2939 ταῖς
1258 2875 1513 2929 ἀπάντων
1566 2874 1817 2946 καρδίαις
1860 2875 1894 2944 ή

318 2961 431 3016 τῶν
458 2964 801 3034 πραγμάτων
828 2965 1156 3021 διακονεῖται
1183 2967 1427 3039 ποιότης.
1485 2964 1794 3021 Ἐσθίεσθαι
1838 2965 1897 3019 δὲ

318 3053 389 3107 τά
443 3054 584 3126 κρέα
618 3056 949 3127 προστάττει
1009 3055 1183 3130 ταύτῃ
1237 3059 1304 3129 τῇ
1347 3056 1521 3112 νυκτί’
1573 3056 1717 3111 τοῦτ’
1755 3054 1893 3123 ἔστι,

2002 1884 2119 1926 nes.
2150 1870 2464 1941 Sit’autem,
2513 1874 2713 1945 inquit,
2753 1875 2874 1932 ovis
2909 1875 3152 1946 perfecta
3192 1875 3260 1928 δ’.
3299 1875 3584 1931 Perfectus

2002 1970 2088 2017 est
2113 1963 2261 2017 enim
2279 1964 2534 2021 Christus
2570 1966 2857 2023 divinitate
2885 1972 2941 2021 et
2980 1967 3339 2023 humanitate.
3374 1966 3482 2022 Sed
3527 1975 3584 2022 ct

2002 2056 2281 2111 mascula:
2320 2058 2438 2129 ipse
2461 2067 2547 2115 est
2566 2061 2716 2115 enim
2743 2061 2838 2132 qui
2867 2058 3027 2115 nobis
3047 2059 3303 2115 omnibus
3323 2058 3467 2113 indit
3492 2074 3581 2113 sc—

2003 2147 2153 2203 mina
2174 2149 2272 2205 Dei
2304 2151 2655 2222 cognitionis.
2687 2153 2797 2209 Sed
2820 2162 2876 2209 et
2902 2169 3106 2217 annua,
3136 2162 3197 2207 ut
3217 2152 3447 2224 singulis
3484 2170 3584 2209 au-

2000 2236 2091 2293 nis
2121 2248 2416 2311 peragatur
2434 2240 2658 2311 pascha.
2691 2240 2939 2297 Sumitur
2964 2249 3146 2297 autem
3180 2256 3247 2294 ex
3264 2239 3420 2311 agnis
3440 2248 3497 2295 ct
3517 2256 3587 2296 ex

2002 2328 2197 2396 haedis,
2245 2338 2307 2384 ut
2350 2316 2751 2401 interpretatus
2784 2341 2871 2387 est
2910 2331 3244 2402 Theologus.
3294 2330 3586 2402 Unguntur

2000 2427 2188 2475 aulem
2219 2420 2486 2492 sanguine
2510 2432 2695 2494 postes
2722 2432 2779 2478 et
2814 2424 2982 2480 limen
3009 2424 3076 2490 ⁸ο,
3110 2424 3213 2479 hoc
3243 2429 3331 2478 est
3362 2437 3582 2493 corpus.
3631 2443 3646 2475 ι

2001 2511 2061 2568 ld
2097 2521 2184 2569 est
2213 2512 2412 2570 domus
2435 2515 2652 2571 animae.
2683 2517 2873 2587 quue
2897 2516 3119 2586 expellit
3149 2530 3272 2585 quae
3309 2529 3377 2569 ex
3411 2525 3588 2569 trans-

1952 2620 1959 2643 ι
2000 2605 2278 2675 gressione
2293 2606 2503 2661 exstitit
2522 2606 3017 2662 mortiﬁcationem.
3046 2605 3195 2660 Ostia
3213 2612 3394 2659 autem
3423 2604 3588 2675 hujus

2000 2694 2198 2750 domus
2227 2704 2359 2750 sunt
2387 2695 2482 2766 qui
2501 2702 2633 2750 sunt
2660 2699 2717 2750 in
2741 2695 2902 2751 nobis
2927 2710 3144 2760 sensus,
3169 2710 3270 2765 per
3291 2708 3431 2764 quos
3461 2710 3583 2749 om-

1998 2787 2156 2843 nium
2194 2788 2458 2845 cordibus
2494 2789 2840 2846 ministratur
2898 2806 3083 2847 rerum
3125 2791 3380 2861 qualitas.
3420 2790 3586 2847 anet

1998 2888 2183 2935 autem
2214 2895 2410 2936 carnes
2446 2881 2661 2937 comedi
2714 2882 2819 2938 hac
2860 2882 2977 2953 ipsa
3016 2891 3198 2947 nocte,
3242 2883 3348 2939 hoc
3384 2889 3489 2948 est,
3525 2882 3581 2936 in

2002 2978 2249 3042 tempore
2273 2972 2552 3043 praesenti.
2573 2973 2803 3029 Noctem
2837 2975 2983 3029 enim
3021 2974 3204 3045 ipsum
3227 2974 3394 3030 etiam
3420 2988 3584 3029 voca-

1998 3062 2080 3117 vit
2105 3061 2307 3118 Paulus
2333 3061 2561 3120 dicens:
2592 3082 2612 3116 ι
2639 3063 2759 3119 Nox
2782 3064 3081 3135 praecessit,
3117 3066 3238 3121 dies
3275 3072 3457 3120 autem
3495 3079 3592 3135 ap~

319 3146 464 3201 κατὰ
496 3146 589 3201 τὸν
647 3149 919 3203 ἐνεστῶτα
962 3149 1160 3207 αἰῶνα.
1211 3149 1404 3204 Νύκτα
1434 3150 1542 3222 7&9
1592 3149 1756 3205 αὐτὸν
1804 3149 1895 3204 καὶ

2000 3152 2395 3223 propinquavit
2439 3152 2483 3185 οι
2509 3171 2523 3207 :
2551 3173 2570 3206 ι
2622 3153 2771 3210 diem
2798 3169 3002 3211 vocans
3024 3154 3272 3211 futurum
3297 3154 3581 3210 satculum.

321 3235 532 3300 Παῦλος
567 3237 818 3303 ἐκάλεσε,
871 3239 1064 3310 λέγων·
1115 3259 1135 3293 ι
1186 3241 1251 3296 Ἦ
1285 3241 1382 3307 νὺξ
1415 3240 1750 3314 προέκοψεν,
1778 3243 1811 3313 ἡ
1839 3241 1899 3296 δὲ

320 3327 506 3398 ἡμέρα
536 3328 792 3400 ήγγισενο
849 3349 868 3383 ι
904 3331 1118 3405 ἡμέραν
1146 3333 1431 3404 ὀνομάζων
1469 3332 1560 3388 τὸν
1594 3333 1772 3387 αἰῶνα
1804 3332 1899 3388 τὸν

321 3418 602 3489 μέλλοντα.
636 3421 784 3487 Ἕως
829 3427 927 3495 μὲν
951 3419 1046 3479 οῦν
1082 3424 1249 3498 ἐσμεν
1291 3426 1349 3480 ὲν
1383 3425 1519 3497 τῷδε
1552 3425 1630 3498 τῷ
1684 3427 1896 3498 κόσμῳ,

319 3510 570 3585 ἐσθίομεν
598 3513 694 3587 τὴν
720 3515 881 3585 ἁγίαν
903 3516 998 3572 τοῦ
1023 3517 1262 3590 Χριστοῦ
1284 3517 1464 3591 σάρκα
1481 3517 1572 3572 διὰ
1602 3520 1702 3589 τῆς
1729 3535 1898 3588 μετα-

320 3604 555 3676 λήψεωςο
589 3607 1008 3677 μεταϐαίνοντες
1052 3609 1110 3663 δὲ
1155 3608 1426 3674 ἐντεῦθεν,
1467 3607 1670 3681 τρόπον
1708 3608 1897 3680 ἕτερον

318 3696 486 3750 αὑτοῦ
556 3698 999 3770 μεταληψόμεθα.
1056 3700 1199 3771 Πυρὶ
1249 3699 1306 3751 δὲ
1361 3698 1642 3764 ὀπτῶντας
1694 3699 1895 3755 ἐσθίειν

318 3787 529 3841 κελεύει
577 3790 646 3843 τὰ
697 3791 852 3863 κρέα·
903 3789 1104 3861 δηλαδὴ
1156 3788 1236 3860 τῷ
1284 3791 1418 3862 πυρί
1453 3790 1549 3844 τοῦ
1587 3791 1897 3862 πνεύματος

319 3877 549 3950 καὶτῆς
599 3880 820 3951 ἀγάπης
867 3879 1127 3951 Χριστοῦ.
1188 3880 1347 3935 Ἀλλά
1395 3881 1492 3936 καὶ
1529 3883 1725 3954 ἄρτους
1765 3883 1889 3950 ἀζύ-

324 3987 462 4040 μους
489 3972 582 4025 ὲπὶ
622 3971 889 4042 πικρίδων
920 3973 1117 4041 φαγεῖν
1141 3986 1158 4003 ⁸
1204 3971 1373 4043 ἤγουν
1391 3972 1625 4044 ἀζύμοις
1663 3974 1758 4029 καὶ
1791 3993 1896 4030 κα-

320 4058 515 4133 θαραῖς
568 4058 887 4129 ἐπιθυμίαις
916 4058 1017 4130 τὴν
1070 4060 1278 4113 ἑαυτῶν
1323 4059 1502 4132 ψυχὴν
1538 4061 1892 4132 ἀποτρέφειν,

320 4147 415 4202 καὶ
447 4147 673 4218 ἀμιγὲσι
701 4147 1055 4220 φαυλότητος,
1087 4149 1182 4204 καὶ
1210 4150 1533 4221 προσίεσθαι
1555 4151 1652 4216 τὰς
1682 4152 1747 4204 ὲκ
1779 4168 1896 4206 πει-

326 4239 554 4309 ρασμῶν
598 4239 843 4311 πικρίας.
881 4240 995 4295 Οὐκ
1039 4239 1225 4294 ἐδεσθε
1269 4241 1348 4306 δὲ,
1378 4241 1561 4313 φησὶν,
1589 4242 1684 4296 ἀπ’
1712 4243 1894 4298 αὐτῶν

319 4329 490 4402 ὠμόν.
535 4331 660 4385 Ἐπὶ
700 4331 812 4405 7&9
852 4332 914 4387 τὸ
942 4334 1093 4402 ὠμὸν
1118 4333 1179 4387 ού
1213 4334 1411 4404 ῥᾳδίως
1443 4334 1568 4405 ἥκει
1594 4337 1706 4399 τοῖς
1738 4334 1893 4389 ὀδοῦ-

321 4438 425 4489 σιν,
453 4422 562 4477 ούδ’
588 4424 667 4488 εἰς
695 4424 859 4495 πέψιν
886 4424 1145 4479 ἐσθίεται.
1171 4424 1334 4496 Ὠμὸν
1363 4424 1579 4488 πάντως
1622 4424 1893 4481 ἐσθίουσιν

1999 3243 2180 3315 Atque
2206 3245 2450 3317 quandiu
2475 3246 2699 3317 quidem
2725 3263 2918 3303 sumus
2938 3248 2995 3303 in
3017 3247 3123 3303 hoc
3146 3246 3375 3312 mundo,
3402 3260 3585 3300 come-

2000 3335 2183 3392 dimus
2206 3344 2449 3393 sanctam
2475 3337 2684 3395 Christi
2708 3354 2931 3395 carnem
2954 3354 3054 3408 per
3077 3338 3578 3410 participationem,

2000 3428 2133 3484 hinc
2166 3437 2352 3484 autem
2379 3431 2701 3500 migrantes,
2729 3429 2838 3484 alio
2861 3429 3029 3483 modo
3062 3430 3183 3500 ejus
3210 3428 3419 3483 erimus
3450 3444 3578 3498 par-
3619 3493 3622 3497 ἢ

2000 3518 2214 3588 ticipes.
2251 3517 2367 3591 lgni
2409 3528 2593 3574 autem
2635 3526 2913 3574 torrentes
2957 3518 3119 3589 jubet
3160 3532 3352 3573 carnes
3391 3532 3577 3573 come-

1999 3609 2155 3675 dere,
2179 3609 2305 3682 igne
2333 3609 2546 3666 scilicet
2573 3609 2802 3680 spiritus
2820 3616 2877 3665 et
2901 3608 3190 3665 charitatis
3216 3605 3453 3674 Christi;
3482 3608 3578 3662 sed

1998 3709 2056 3757 et
2084 3716 2255 3773 panes
2276 3716 2496 3774 azymos
2510 3698 2802 3757 comedere
2832 3715 2961 3756 cum
2984 3700 3222 3756 lactucis
3244 3699 3574 3772 agrestibus,

1999 3791 2106 3848 hoc
2124 3800 2229 3860 est,
2252 3808 2363 3847 non
2397 3792 2741 3848 fermentatis
2763 3800 2821 3847 et
2859 3792 3082 3848 mundis
3108 3790 3399 3846 desideriis
3421 3806 3577 3846 suam

1999 3881 2152 3938 alere
2183 3881 2443 3948 animam,
2467 3890 2524 3938 et
2552 3896 2663 3936 non
2686 3880 2969 3951 permistis
2994 3879 3263 3951 nequitia,
3302 3887 3359 3936 et
3379 3878 3577 3935 admit-

1999 3978 2117 4027 tere
2150 3986 2433 4027 amarores
2466 3987 2534 4026 ex
2568 3970 2986 4026 tentationibus.
3028 3969 3149 4025 Non
3177 3968 3357 4026 edetis
3381 3978 3570 4026 autem

1997 4076 2067 4117 ex
2088 4061 2171 4117 eis
2191 4060 2448 4117 crudum.
2478 4060 2561 4116 Ad
2599 4060 2833 4116 crudum
2865 4060 3014 4116 enim
3055 4075 3168 4116 non
3211 4058 3390 4116 facilis
3427 4067 3575 4131 patet

1998 4150 2693 4221 aditusdentibus,nequc
2724 4151 3035 4207 comeditur
3058 4150 3292 4209 crudum
3328 4150 3398 4206 ad
3443 4166 3575 4207 con-

1998 4240 2328 4296 coctionem.
2355 4240 2602 4297 Crudum
2636 4242 2862 4298 omnino
2893 4242 3191 4300 comedunt
3222 4242 3318 4313 qui
3358 4257 3457 4313 per
3480 4257 3574 4298 ac-

1996 4339 2244 4388 curatam
2271 4340 2329 4389 et
2357 4342 2604 4389 exactam
2634 4334 3027 4390 scrutationem
3053 4350 3162 4390 non
3193 4334 3576 4390 comminuunt

1995 4422 2200 4478 Christi
2220 4424 2540 4496 mysterium
2559 4425 2819 4481 dentibus
2838 4425 3213 4497 cogitationis;
3245 4426 3368 4497 igne
3387 4434 3579 4482 autem

317 4515 367 4569 οἰ
407 4515 482 4588 μὴ
505 4515 575 4569 δι’
596 4489 822 4588 ἐρεύνης
851 4516 1117 4588 ἀκριϐοῦς
1148 4517 1210 4571 τὸ
1236 4489 1378 4573 κατὰ
1409 4518 1643 4589 Χριστὸν
1683 4519 1890 4591 μυστή-

1998 4521 2272 4569 torrentes
2309 4522 2367 4569 et
2393 4515 2767 4571 examinantes
2790 4516 3186 4572 convenienter
3218 4515 3271 4572 ei
3307 4516 3456 4586 quod
3484 4515 3583 4571 di-

322 4621 444 4675 ριον
477 4606 979 4672 καταλεπτύνοντες
1020 4610 1136 4673 τοῖς
1161 4608 1344 4663 ὀδοῦσι
1371 4609 1470 4680 τῆς
1492 4609 1753 4675 διανοίαςο
1786 4628 1891 4665 πυ-

321 4697 542 4769 ροῦντές
568 4716 628 4753 τε
664 4700 756 4754 καὶ
797 4700 1187 4772 δοκιμάζοντες
1206 4700 1351 4755 κατὰ
1369 4701 1431 4755 τὸ
1458 4702 1564 4756 ὑπὸ
1594 4701 1690 4756 τοῦ
1727 4701 1893 4756 Δαϐὶδ

318 4790 627 4860 εἰρημένον⁹
651 4811 669 4844 ι
683 4791 791 4845 Καὶ
808 4793 866 4845 ὲν
877 4795 942 4864 τῇ
963 4792 1702 4867 μελέτῃνμουεκκαυθήσεται
1720 4790 1852 4864 πῦρ.
1866 4810 1885 4844 ι

318 4879 611 4934 ximus:
642 4880 843 4935 ἐσθίειν
884 4882 981 4935 καὶ
1015 4880 1286 4953 ὲψημένον
1325 4881 1384 4935 ὲν
1419 4879 1593 4942 ὕδατι,
1624 4878 1722 4949 τὴν
1759 4878 1891 4933 ὑδα-

320 4970 585 5042 ρεστέραν
633 4972 730 5026 καὶ
762 4973 1128 5045 ἐκλελυμένην
1170 4972 1298 5044 περὶ
1329 4968 1496 5027 αὐτοῦ
1536 4969 1790 5042 διάληψιν
1825 4968 1887 5024 οὐ

1997 4612 2147 4659 ctum
2169 4613 2254 4660 est
2275 4621 2306 4660 a
2337 4605 2543 4663 Davide
2570 4625 2583 4662 :
2615 4626 2634 4659 ι
2659 4608 2729 4663 Et
2755 4607 2813 4663 in
2849 4608 3207 4665 meditatione
3250 4623 3371 4664 mea
3411 4623 3572 4664 exar-

1997 4694 2186 4752 descet
2210 4696 2352 4767 ignis
2373 4699 2440 4752 ⁶².
2474 4716 2492 4750 ι
2526 4698 2789 4755 Prohibet
2824 4700 2992 4756 etiam
3033 4699 3324 4756 comedere
3362 4698 3571 4756 elixum

1995 4801 2097 4842 seu
2121 4795 2341 4843 coctum
2368 4788 2422 4843 in
2448 4805 2611 4860 aqua,
2640 4791 2989 4862 aquosiorem
3015 4806 3080 4847 ac
3108 4790 3430 4847 dissolutam
3451 4793 3573 4864 ejus

1996 4876 2475 4948 participationem
2507 4896 2619 4936 non
2663 4881 2869 4936 bonum
2897 4881 3013 4937 fore
3055 4880 3379 4937 alimentum
3422 4881 3569 4937 indi-

1994 4982 2145 5023 cans.
2174 4969 2387 5025 Rursus
2411 4981 2594 5026 autem
2616 4980 2780 5043 caput
2801 4988 2927 5028 cum
2945 4972 3179 5042 pedibus
3196 4982 3255 5028 et
3294 4972 3571 5030 intestinis

319 5061 490 5133 καλὴν
515 5062 733 5117 ἔσεσθαι
750 5064 958 5137 τροφὴν
989 5063 1322 5134 ὑποφαίνων.
1352 5062 1611 5134 Κεφαλήν
1638 5062 1695 5117 δὲ
1724 5061 1890 5116 πάλιν

1998 5059 2148 5131 iubet
2189 5062 2503 5129 comedere,
2533 5072 2596 5119 ut
2625 5064 2698 5119 sit
2737 5072 2848 5120 tota
2877 5080 2975 5134 per
3002 5073 3176 5121 totum
3201 5064 3407 5122 Christi
3455 5082 3571 5138 my-

319 5153 417 5206 σὺν
440 5155 555 5217 τοῖς
598 5155 727 5208 ποσὶ
760 5156 855 5208 καὶ
881 5156 996 5218 τοῖς
1034 5153 1327 5217 ἐνδοσθίοις
1367 5154 1642 5208 ἐπιτάττει
1672 5155 1889 5223 φαγεῖν,

317 5241 406 5295 ῖνα
435 5242 531 5314 ὅλη
575 5243 644 5297 δι’
676 5244 800 5297 ὅλου
847 5243 943 5299 τοῦ
990 5244 1133 5298 κατά
1172 5245 1408 5317 Χριστὸν
1442 5242 1742 5316 μυστηρίου
1772 5245 1893 5308 ταῖς

317 5332 577 5397 διανοίαις
608 5333 765 5404 ήμῶν
801 5336 836 5405 ή
875 5335 1091 5403 γνῶσις.
1128 5335 1227 5408 Είη
1268 5337 1312 5390 δ’
1345 5336 1411 5392 ἂν
1454 5336 1664 5408 κεφαλὴ
1711 5336 1810 5407 μὲν
1856 5337 1891 5407 ἠ

318 5423 463 5495 ἀρχῆ
509 5424 603 5477 τοῦ
660 5424 982 5496 μυστηρίου,
1017 5426 1176 5493 πόδες
1205 5427 1284 5495 δὲ,
1313 5427 1375 5482 τὺ
1404 5428 1578 5492 τέλος.
1616 5427 1891 5482 Ἐνδόσθια

318 5510 379 5567 δὲ
406 5515 455 5566 οἰ
487 5515 918 5588 ἀπορρητότεροι
962 5517 1057 5571 καὶ
1106 5519 1566 5591 κρυφιωδέστεροι
1613 5519 1783 5589 λόγοι.
1815 5518 1894 5574 Τδ

1995 5152 2155 5208 sterii
2178 5153 2235 5208 in
2265 5155 2471 5211 nostris
2491 5156 2769 5211 mentibus
2789 5156 3048 5228 cognitio.
3082 5157 3179 5212 Est
3197 5166 3380 5213 autem
3404 5165 3571 5229 caput

1996 5240 2221 5310 quidem
2272 5232 2609 5314 principium
2664 5244 2941 5316 mysterii,
2990 5246 3160 5317 pedes
3202 5256 3386 5303 autem
3419 5247 3571 5304 ﬁnis.

1994 5330 2261 5389 Intestina
2284 5342 2467 5390 autem
2495 5336 2659 5407 paulo
2680 5336 2852 5407 magis
2885 5351 3083 5393 arcana
3116 5347 3172 5393 et
3202 5338 3418 5395 occulta
3440 5354 3567 5394 ver-

1995 5423 2086 5478 ba.
2120 5424 2257 5480 lllud
2284 5435 2466 5481 autem
2496 5443 2510 5480 :
2551 5445 2570 5478 ι
2600 5426 2719 5482 Νοιι
2746 5426 3070 5499 relinquetis
3101 5445 3168 5485 ex
3191 5429 3274 5486 eis
3293 5446 3468 5502 usque
3497 5429 3589 5488 ad!

1995 5533 2177 5586 mane,
2211 5537 2229 5571 ι
2259 5519 2465 5576 indicat
2488 5520 2545 5576 in
2569 5519 2887 5578 dilationem
2914 5537 3026 5579 non
3050 5538 3170 5583 esse
3187 5524 3594 5585 transmittam-

390 5691 439 5725 ⁵⁸
459 5691 601 5749 Psal.
636 5709 778 5764 mu,
803 5697 854 5751 7.
933 5696 979 5731 ⁸⁹
1007 5697 1178 5755 Exod.
1208 5715 1300 5769 χιι,
1329 5700 1379 5755 5.
1459 5698 1502 5731 ‘°
1524 5698 1661 5756 Ibid.
1688 5699 1739 5753 7.
1818 5699 1859 5732 ⁶¹
1889 5700 1895 5755 1

1998 5715 2050 5754 ιι.
2070 5715 2184 5767 xui,
2213 5699 2295 5754 12.
2375 5699 2415 5731 θ’
2448 5700 2591 5757 Psal.
2618 5705 2843 5764 'xxxvm,
2872 5698 2937 5754 4.
