4062 6202
443 264 581 338 ἐξ).οἳ
1227 268 1259 289 ’

1657 284 1714 339 s.
1755 266 2032 340 CYltlLLl
2066 278 2154 339 ET
2195 264 2505 338 ALIORUM

3578 258 3731 332 {eos

444 398 570 452 dam
601 394 899 467 perlectam
926 396 1044 465 ejus
1075 390 1466 466 cognitionem,
1494 398 1589 453 sed
1617 407 1784 454 totam
1809 411 1864 455 et
1889 398 2028 456 inte-

2144 398 2206 464 Ξὲ,
2248 418 2265 449 ι
2300 399 2411 469 Οὐχ
2444 395 2798 466 ὑπολείᾲεσθε
2828 395 2924 448 ἀπ’
2952 393 3134 448 αὐτῶν
3162 393 3240 463 τῷ
3275 393 3438 463 πρωῖ-
3462 413 3481 444 ι
3538 410 3733 465 παρα-

445 503 597 561 gram
634 494 756 543 esse
794 486 1139 542 sumendam.
1185 488 1258 545 Os
1303 500 1488 546 autem
1521 508 1633 547 non
1673 493 2030 564 confringetis

443 598 509 637 ex
544 597 632 645 eo,
678 589 970 652 propterea
1006 583 1153 653 quod
1201 586 1404 641 mentis
1443 585 1706 642 dentibus
1748 604 1860 642 non
1904 594 2031 641 sunt

444 671 745 726 esculenta:
786 671 923 726 albae
946 679 1001 725 et
1030 657 1262 730 occulta}
1289 676 1409 748 ejus
1448 676 1753 732 divinitatis
1790 676 2032 731 rationes

448 772 673 833 propter
689 764 844 818 suam
865 764 1147 820 duritiem.
1173 766 1541 839 Confringunt
1559 779 1743 823 autem
1764 777 2033 840 quantum

447 869 501 909 in
531 869 590 909 se
610 863 695 910 est
727 855 970 913 haeretici
1010 860 1106 927 qui
1138 868 1463 929 pervertunt
1508 869 1658 916 recta
1702 862 2033 916 documenta

446 945 543 1001 Dei
583 947 934 1018 cognitionis.
973 948 1104 1015 Quae
1153 959 1340 1007 autem
1400 968 1468 1007 ex
1525 968 1592 1008 eo
1642 954 2032 1023 relinquuntur

447 1052 621 1106 usque
650 1036 719 1092 ad
741 1054 921 1104 mane,
945 1039 1105 1111 jubet
1128 1041 1251 1113 igne
1284 1042 1557 1109 comburi,
1584 1044 1713 1099 hinc
1735 1044 2035 1099 ostendens

447 1127 503 1181 in
534 1126 782 1182 futurum
805 1131 1066 1185 saeculum
1097 1130 1337 1186 futuram
1362 1132 1819 1186 illuminationem
1840 1147 2033 1187 earum

446 1235 571 1289 qua:
594 1219 663 1275 de
689 1235 755 1274 eo
784 1230 997 1276 restant
1021 1223 1297 1278 rationum
1327 1222 1395 1277 ad
1425 1223 1863 1294 dignoscendum
1890 1222 2031 1276 ditii-

448 1308 657 1366 cilium.
726 1310 797 1367 Et
854 1313 1167 1369 succinctos
1227 1314 1450 1385 quidem
1514 1332 1635 1369 esse
1696 1314 1915 1370 lumbos
1949 1322 2034 1369 est

448 1402 669 1474 signum
696 1401 1000 1459 ferocitatis
1025 1413 1081 1460 et
1104 1405 1367 1476 juvenilis
1395 1406 1638 1461 audaciae
1683 1413 1737 1460 et
1782 1406 2030 1476 spiritus.

458 1504 482 1549 ‹”
504 1495 807 1567 Accingere
869 1499 1039 1559 enim.
1103 1498 1304 1569 inquit,
1360 1507 1619 1569 tanquam
1676 1499 1763 1553 vir
1816 1500 2035 1556 lumbos

450 1590 577 1643 tuos
596 1589 660 1642 ".
694 1608 712 1641 ι
753 1589 823 1643 Et
871 1605 1067 1644 rursus
1112 1589 1181 1644 de
1227 1591 1485 1661 quopiam
1537 1608 1635 1662 per
1664 1591 2031 1662 prophetam:

458 1698 479 1731 ι
510 1679 579 1735 Ει
601 1681 711 1736 erit
734 1681 948 1752 justitia
980 1682 1263 1738 accinctus
1287 1682 1507 1737 lumbos
1534 1682 1749 1747 suos“,
1781 1702 1797 1733 ι
1840 1698 1939 1753 pro
1967 1697 2035 1737 eo

2131 487 2282 559 δηλοῖ
2313 488 2373 541 ’.ὸ
2416 487 2492 559 μὴ
2525 484 2996 558 παραπέμπεσθαι
3046 486 3129 548 είς
3177 481 3469 554 ἀναῦολὴν,
3501 484 3603 554 τὴν
3629 503 3731 538 τε-

2132 580 2282 634 λείαν
2334 581 2464 651 περὶ
2513 579 2677 633 αὐτοῦ
2711 579 2910 648 γνῶσιν
2931 566 3120 644 ,ἀλλὰ
3147 576 3329 646 πάσης
3359 576 3727 648 μεταλαμϐά-

2132 688 2245 724 νειν
2280 672 2361 734 εἰς
2409 650 2720 742 ὀλόκληρον.
2772 669 2995 724 Ὀστοῦν
3027 668 3085 721 δὲ
3110 667 3205 721 ἀπ’
3224 650 3390 722 αὑτοῦ
3410 669 3470 721 ού
3502 669 3731 741 συντρξ⁴

2132 763 2295 832 ψετε,
2324 762 2460 816 διότι
2502 763 2725 835 ἄϐρωτα
2764 765 2876 827 τοῖς
2929 760 3110 815 ὀδοῦσι
3137 758 3235 814 τοῦ
3281 758 3396 827 νοῦ,
3436 762 3487 814 οἱ
3531 761 3731 815 λευκοὶ

2134 859 2229 911 καὶ
2270 860 2647 929 κεκρυμμένοι
2682 858 2780 929 τῆς
2807 857 3060 929 θεότητος
3092 855 3258 910 αὐτοῦ
3296 855 3448 924 λόγοι
3490 854 3581 907 διὸ.
3621 853 3730 923 τὴν

2134 948 2345 1003 οἰκείαν
2381 949 2739 1021 στερρότητα,
2775 948 3129 1020 Συντρίὸουσι
3158 947 3215 1001 δὲ
3250 948 3375 1026 ᾆσον
3407 946 3469 999 τὸ
3499 946 3731 1014 ἐφ’ὲαυο

2132 1043 2267 1106 τοῖς,
2315 1043 2365 1094 οἱ
2402 1039 2471 1094 τά
2513 1040 2651 1111 ὀρθὰ
2699 1040 3119 1109 διαστρέφοντες
3170 1039 3438 1110 αἱρετικοὶ
3481 1037 3582 1108 τῆς
3610 1037 3733 1090 θεο-

2134 1134 2372 1203 γνωσίας
2429 1133 2761 1203 διδάγματα.
2822 1133 2905 1186 Τὰ
2950 1134 3008 1187 δὲ
3048 1131 3571 1202 καταλιμπανόμενα
3623 1130 3728 1184 ἀπ’

2134 1225 2300 1278 αὐτοῦ
2344 1224 2449 1289 ἕως
2486 1223 2632 1294 πρωῒ
2669 1225 2801 1295 πυρὶ
2840 1223 3235 1278 κατακαίεσθαι
3266 1222 3501 1285 κελεύει,
3547 1220 3731 1291 δηλῶν

2134 1312 2385 1369 ἐντεῦθεν
2414 1316 2506 1368 τὸν
2537 1316 2616 1378 εἰς
2648 1315 2741 1367 τὸν
2781 1313 2953 1369 αἰῶνα
2982 1314 3074 1368 τὸν
3122 1313 3383 1384 μέλλοντα
3428 1312 3732 1382 γενησόμε-

2135 1424 2224 1460 νον
2268 1406 2546 1476 φωτισμὸν
2583 1405 2693 1458 τῶν
2723 1402 3251 1476 ῦπολιμπανομὲνων
3279 1405 3409 1477 περὶ
3441 1404 3605 1457 αὑτοῦ
3635 1402 3731 1455 3.6-

2135 1513 2248 1565 γων
2272 1497 2677 1564 ἀδιαγνώστων.
2712 1498 2819 1549 Καὶ
2835 1496 2895 1549 τὸ
2916 1495 3014 1566 μὲν
3034 1495 3400 1567 περιεζῶσθαι
3419 1494 3515 1566 τὴν
3526 1494 3729 1563 ὀσφῦν,

2134 1588 2471 1659 γοργότητος
2512 1587 2576 1640 ἂν
2608 1588 2693 1657 είη
2728 1585 3000 1657 σύμϐολον
3037 1588 3131 1639 καὶ
3158 1585 3407 1640 νεανικοῦ
3437 1586 3730 1656 φρονήμα-

2136 1697 2247 1743 τος.
2285 1698 2303 1730 ι
2340 1679 2520 1732 Ζῶσαι
2548 1678 2679 1750 γὰρ,
2720 1681 2908 1749 φησὶν,
2945 1679 3021 1741 ὡς
3055 1678 3195 1748 ἀνὴρ
3217 1677 3316 1749 τὴν
3346 1677 3516 1747 ὀσφύν
3540 1694 3659 1731 σου.
3700 1696 3723 1728 ι

453 1769 602 1839 quod
626 1779 732 1834 est,
764 1770 1031 1826 terribilis
1064 1780 1120 1826 et
1149 1769 1560 1843 fortisjustitia.
1596 1770 1917 1843 Signiﬁcant
1941 1776 2038 1826 au—

2144 1771 2250 1825 Καὶ
2280 1770 2442 1823 πάλιν
2477 1769 2607 1841 περί
2646 1787 2791 1832 τινος
2818 1769 2907 1823 διὰ
2932 1767 3028 1822 τοῦ
3057 1768 3362 1840 προφήτου,
3393 1787 3411 1819 ι
3440 1768 3550 1820 Καὶ
3570 1766 3733 1819 ἔσται

455 1869 566 1917 tem
606 1861 777 1916 calcei
800 1861 1023 1932 quidem
1054 1871 1370 1933 promptum
1402 1864 1645 1919 animum
1692 1864 1760 1919 ad
1792 1864 2035 1919 eundum

453 1968 564 2024 quo
607 1954 740 2009 velit
782 1950 946 2009 Deus.
998 1954 1141 2010 Dicit
1169 1955 1318 2009 enim
1348 1955 1587 2010 Paulus:
1622 1975 1640 2005 ί
1667 1956 1735 2010 Ει
1763 1954 2038 2009 calceatus

453 2042 624 2116 pedes
670 2045 725 2100 in
772 2047 1174 2117 prteparatione
1221 2047 1506 2118 Evangelii
1548 2048 1698 2118 pacis
1719 2047 1783 2101 ⁸³.
1814 2067 1833 2099 ι
1875 2047 2037 2119 Virga

453 2141 639 2189 autem
672 2150 823 2204 Spem
854 2152 975 2206 quae
1002 2152 1103 2191 nos
1132 2136 1290 2192 fulcit
1318 2145 1375 2191 et
1403 2146 1676 2193 sustentat
1700 2137 1765 2192 ad
1800 2138 2039 2192 toleran-

455 2225 607 2280 tiam.
643 2224 993 2282 Festinantcr
1021 2237 1206 2284 autem
1238 2230 1438 2301 agnum
1478 2231 1788 2296 comedere,
1832 2232 2039 2303 signiﬁ-

453 2324 541 2371 cat
561 2316 767 2372 uullam
792 2317 996 2372 debere
1023 2335 1142 2374 esse
1168 2320 1565 2377 hebetudincm
1595 2338 1774 2392 neque
1805 2322 2042 2376 dissolu-

453 2407 662 2463 tionem
690 2417 747 2464 et
776 2409 1188 2466 enervationem
1216 2412 1272 2467 in
1303 2412 1670 2468 discernenda
1695 2414 1896 2468 Christi
1922 2429 2039 2486 my-

454 2498 644 2553 sterio.
674 2497 967 2572 Subj’ungit
1000 2509 1185 2557 autem
1212 2520 1433 2559 causam
1456 2522 1556 2559 cur
1588 2513 1840 2575 oporteat
1864 2504 2041 2560 videri

457 2590 642 2654 talem,
699 2589 932 2646 dicens:
974 2612 992 2644 ι
1022 2593 1119 2648 Est
1170 2595 1374 2664 pascha
1424 2596 1678 2663 Domino,
1712 2617 1730 2647 ι
1772 2597 1877 2652 hoc
1932 2605 2037 2663 est,

455 2686 730 2738 transitus.
764 2683 1088 2742 Transimus
1105 2687 1253 2741 enim
1300 2704 1329 2741 a
1373 2698 1600 2760 peccato
1647 2690 1713 2744 ad
1758 2689 2038 2744 virtutem.

458 2765 680 2846 Septem
703 2783 889 2832 autem
915 2778 1045 2833 totis
1074 2779 1271 2834 diebus
1292 2779 1449 2851 jubet
1477 2779 1548 2835 ali
1581 2780 1817 2851 panibus
1840 2780 2045 2853 azymis

457 2870 554 2920 eos
572 2867 664 2935 qui
692 2880 909 2921 sacrum
945 2882 1144 2938 agnum
1171 2868 1487 2923 comedunt.
1523 2867 1753 2939 Oportet
1775 2869 1923 2924 enim
1946 2887 2046 2940 pu-

461 2952 539 3007 ris
583 2942 897 3025 dogmat‘um
960 2953 1338 3021 nutrimentis,
1401 2966 1457 3013 et
1514 2958 1649 3013 vitio
1700 2976 1811 3015 non
1844 2961 2040 3027 mistis,

460 3042 615 3098 Suam
643 3043 855 3098 nutrire
884 3044 1126 3098 animam
1151 3061 1247 3101 eos
1271 3045 1364 3116 qui
1392 3047 1509 3100 veri
1531 3044 1670 3119 Agni
1711 3058 1839 3103 sunt
1877 3051 2046 3120 parti-

461 3134 613 3204 Cipes
635 3142 747 3189 toto
767 3136 975 3191 saeculo
999 3136 1386 3193 hebdomatico
1408 3138 1553 3209 quod
1582 3141 1810 3195 metitur
1836 3141 2048 3196 hebdo-

464 3241 601 3281 mas.
637 3225 896 3281 Sanctum
938 3230 1129 3285 autem
1150 3237 1314 3285 vocat
1344 3231 1585 3302 primum
1615 3242 1673 3287 et
1719 3233 2050 3304 septimum;

469 3331 595 3371 nam
619 3325 675 3371 et
704 3326 956 3371 sanctum
982 3327 1066 3375 est
1096 3327 1313 3390 tempus
1343 3319 1491 3389 quod
1523 3329 1643 3375 erat
1665 3322 1720 3376 in
1751 3322 2048 3394 principio,

466 3410 522 3466 in
552 3425 662 3481 quo
684 3409 917 3482 degebat
945 3411 1118 3467 Adam
1145 3413 1200 3467 in
1228 3414 1506 3484 paradiso,
1558 3418 1615 3470 et
1643 3414 1791 3485 quod
1842 3414 1946 3469 fuit
1992 3415 2051 3471 in

465 3503 745 3568 extremis,
778 3502 925 3573 quod
956 3488 1256 3561 adveniens
1274 3505 1529 3562 Christus
1560 3505 1940 3562 sanctiﬁcavit.

2137 1858 2449 1931 δικαιοσύνῃ
2480 1858 2787 1930 ὲζωσμένος
2829 1859 2926 1931 τὴν
2957 1858 3351 1928 ὀσφῦν.αῦτοῦ,
3395 1876 3413 1909 ι
3446 1858 3566 1912 ἀντὶ
3606 1855 3731 1920 τοῦ,

2139 1951 2337 2024 γοργὸς
2385 1950 2483 2005 καὶ
2529 1951 2774 2022 ἀνδρεῖος
2816 1954 2875 2004 ὲν
2917 1949 3256 2022 δικαιοσύνῃ.
3300 1950 3633 2020 Σημαξνουσι
3668 1948 3734 2001 δὲ

2137 2045 2209 2099 τὰ
2247 2044 2345 2115 μὲν
2391 2044 2746 2116 ὑποδήματα,
2778 2043 2878 2113 τὴν
2909 2043 3235 2114 ἑτοιμότητα
3264 2043 3363 2113 τῆς
3388 2041 3616 2113 γνώμης
3648 2044 3737 2105 είς

2139 2136 2201 2190 τὸ
2239 2134 2478 2207 βαδίζειν
2511 2137 2648 2207 πρὸς
2704 2135 2842 2203 ὅπερ
2878 2134 2946 2189 ἂν
2977 2134 3224 2205 βούλοιτο
3260 2134 3415 2198 Θεός.
3447 2133 3585 2203 Φησὶ
3617 2132 3737 2202 γὰρ

2142 2228 2235 2281 κα)⁸
2254 2225 2485 2291 Παῦλος,
2519 2245 2537 2277 ι
2562 2226 2671 2279 Καὶ
2702 2226 3108 2297 ὑποδυσάμενος
3139 2227 3267 2290 τοὺς
3299 2225 3465 2288 πόδας
3497 2225 3555 2277 ὲν
3584 2225 3739 2277 ἑτοι-

2146 2318 2319 2389 μασίᾳ
2350 2317 2443 2371 τοῦ
2475 2317 2809 2386 Εύαγγελίου
2850 2320 2948 2390 τῆς
2972 2318 3219 2390 εἰρήνης.
3276 2337 3296 2371 ι
3340 2318 3405 2371 Ἠ
3438 2317 3495 2369 δὲ
3531 2315 3737 2386 ῥάϐδος

2143 2408 2239 2482 τὴν
2304 2409 2794 2483 ἀντιστηρίζουσαν
2837 2412 2986 2484 ἡμᾶς
3028 2412 3261 2476 ἐλπίδα,
3302 2411 3395 2464 καὶ
3432 2409 3740 2479 ἀνέχουσαν

2144 2501 2281 2573 πρὸς
2302 2500 2601 2571 ὑπομονήν.
2630 2502 2703 2554 Τὸ
2725 2502 2780 2555 δὲ
2807 2502 2945 2574 μετὰ
2964 2502 3201 2572 σπουδῆς
3230 2500 3508 2555 ἐσθίεσθαι
3534 2500 3737 2571 ἀμνὸν,

2143 2591 2203 2644 τὸ
2240 2592 2314 2661 μὴ
2359 2591 2563 2663 νωθρὸν
2597 2592 2672 2663 μὴ
2701 2591 2756 2646 δὲ
2789 2594 3119 2666 παρειμένον
3144 2596 3201 2647 ὲν
3228 2596 3292 2665 τῇ
3321 2593 3609 2661 διαγνώσει
3636 2586 3739 2647 τοῦ

2145 2682 2285 2736 κατὰ
2318 2682 2555 2751 Χριστὸν
2585 2681 2909 2756 μυστηρίου.
2950 2684 3177 2753 Ἐπάγει
3205 2684 3261 2738 δὲ
3290 2686 3385 2738 καὶ
3416 2686 3515 2756 τὴν
3550 2684 3740 2740 αἰτίαν

2145 2772 2238 2827 τοῦ
2265 2772 2373 2828 δεῖν
2402 2774 2631 2845 ὁρᾶσθαι
2661 2775 2923 2841 τοιοῦτον,
2956 2794 2975 2828 ι
3006 2775 3220 2847 Πάσχα,
3253 2776 3449 2846 λέγων,
3479 2777 3596 2830 ἐστὶ
3620 2778 3741 2830 Κυ-

2152 2863 2271 2935 ρίῳ,
2321 2884 2339 2916 ο
2395 2863 2540 2918 τοῦτ’
2581 2865 2747 2928 ἔστιν,
2775 2865 3178 2937 διαϐατήριον.
3222 2868 3579 2939 Διαϐαίνομεν
3634 2868 3743 2939 γάρ

2148 2955 2256 3008 ἀπὸ
2298 2956 2395 3025 τῆς
2446 2952 2719 3027 ἁμαρτίας
2773 2959 2850 3021 εἰς
2906 2959 3006 3027 τὴν
3066 2960 3288 3032 ἀρετήν.
3352 2960 3465 3029 Ἐφ’
3508 2959 3743 3014 ἑπτὰδὲ

2149 3046 2299 3112 ὅλαις
2350 3049 2589 3121 ἡμέραις
2636 3050 2821 3123 ἄρτοις
2876 3049 3103 3122 ἀζύμοις
3163 3052 3460 3123 τρέφεσθαι
3520 3053 3745 3106 κελεύει

2151 3140 2277 3204 τοὺς
2322 3140 2413 3195 τὸν
2460 3140 2603 3213 ἱερὸν
2637 3142 2909 3212 φαγόντας
2940 3144 3135 3212 ἀμνόν.
3176 3143 3297 3214 Χρὴ
3331 3146 3441 3214 γάρ
3470 3141 3745 3213 καθαραῖς

2150 3228 2378 3304 τροφαῖς
2429 3232 2742 3304 δογμάτων,
2790 3235 2883 3287 καὶ
2932 3234 3160 3305 ἀμιγέσι
3202 3234 3571 3306 φαυλότητος,
3604 3237 3748 3288 ἁπο-

2147 3324 2371 3395 τρέφειν
2410 3326 2511 3397 τὴν
2559 3320 2771 3380 ἑαυτῶν
2817 3325 2996 3398 ψυχὴν
3040 3327 3166 3391 τοὺς
3223 3326 3748 3397 μεταλαμϐάνοντας

2148 3415 2242 3470 τοῦ
2266 3412 2520 3487 ἀληθινοῦ
2561 3412 2779 3490 ’Ᾱμνοῦ,
2803 3419 2933 3490 παρ’
2964 3418 3083 3473 ὅλον
3111 3419 3463 3491 ἑϐδοματικὸν
3492 3418 3581 3472 τὸν
3610 3418 3748 3471 αἰῶ-

2150 3528 2236 3576 να,
2290 3509 2380 3564 τὸν
2422 3510 2511 3564 διὰ
2540 3509 2642 3581 τῆς
2692 3509 2988 3582 ἑϐδομάδος
3020 3511 3411 3583 μετρούμενον.
3457 3510 3646 3579 ’Δγίαν
3682 3508 3751 3562 δὲ

465 3595 567 3668 τὴν
603 3596 827 3669 πρώτην
898 3599 993 3653 καὶ
1022 3599 1120 3667 τὴν
1163 3599 1399 3673 ἑϐδόμην
1425 3602 1601 3655 καλεῖο
1641 3601 1795 3671 ἅγιος
1844 3603 1955 3676 γάρ
2017 3605 2045 3658 ὁ
2083 3605 2142 3660 ὲν
2172 3604 2315 3678 ἀρχῇ
2378 3623 2438 3659 τε
2484 3607 2696 3679 χρόνος,
2733 3606 2854 3660 καθ’
2913 3606 2972 3660 δν
3035 3607 3095 3662 ὲν
3150 3606 3462 3678 παραδείσῳ
3521 3606 3751 3676 διῃτᾶτο

480 3686 669 3759 Ἀδὰμ,
704 3690 798 3743 καὶ
821 3690 849 3742 ό
876 3689 962 3744 ἐπ’
996 3692 1262 3762 ἐσχάτων,
1295 3691 1355 3746 δν
1382 3695 1410 3748 δ
1434 3693 1668 3767 Χριστὸς
1697 3694 2044 3766 ἐπιδημήσας
2081 3698 2326 3768 ἡγίασεν.

592 3801 670 3856 De
701 3802 983 3871 Prisc/tate,
1026 3814 1076 3861 et
1106 3801 1433 3873 Pentecoste,
1463 3815 1512 3861 et
1543 3807 1743 3863 cwteris
1783 3807 1947 3879 festis.

544 4012 752 4069 Pascha
783 4014 1009 4085 quidem
1056 4025 1178 4070 erat
1219 4016 1531 4087 symbolum
1584 4018 1778 4073 activa:
1811 4018 2059 4088 philoso.

474 4105 638 4188 phiae,
666 4115 721 4162 et
745 4123 868 4177 qua:
892 4108 1228 4163 trans‘mittat
1289 4123 1320 4162 a
1366 4118 1593 4179 peccato
1646 4110 1713 4165 ad
1774 4111 2058 4165 virtutem.

2154 3814 2295 3881 Περὶ
2324 3813 2432 3869 τοῦ
2466 3811 2706 3882 Πάσχα,
2743 3814 2842 3893 xu}
2889 3809 2998 3896 τῇς
3018 3808 3462 3891 ιζεντηκοστῆς,
3496 3806 3595 3865 καὶ
3618 3806 3757 3862 ,λοι⁴⁵

2746 3900 2877 3937 πων
2907 3898 3150 3951 εορτων.

2234 4017 2311 4069 Τὸ
2355 4017 2547 4087 Πάσχα
2590 4020 2690 4088 μὲν
2746 4014 3017 4086 σύμϐολον
3069 4010 3140 4087 ἦν
3188 4013 3500 4085 πρακτικῆς
3539 4010 3761 4082 φιλοσο-

2162 4108 2311 4177 φίας,
2343 4108 2766 4181 διαδιδαζούσης
2802 4109 2911 4163 ἀπὸ
2939 4109 3039 4180 τῆς
3066 4109 3345 4180 ἁμαρτίας
3370 4107 3451 4171 είς
3477 4104 3575 4177 τὴν
3615 4106 3759 4175 ἀρε-

476 4198 800 4255 Pentecoste
851 4208 1037 4253 autem
1082 4198 1204 4252 erat
1233 4210 1394 4270 typus
1424 4201 1695 4255 naturalis
1743 4218 1800 4257 in
1859 4203 2039 4271 spiritu

2168 4204 2289 4271 τήν.
2321 4201 2388 4255 Ἦ
2437 4202 2785 4273 Πεντηκοστὴ
2827 4201 2885 4255 δὶ
2923 4201 3093 4265 τύπος
3135 4196 3204 4271 ἦν
3235 4200 3337 4270 τῆς
3375 4200 3433 4253 ὲν
3477 4197 3760 4268 πνεύματι

474 4290 979 4361 contemplationis,
994 4291 1109 4346 Deo
1129 4280 1417 4348 offerentis
1434 4301 1693 4364 tauquam
1716 4294 1922 4349 aestatis
1943 4294 2058 4365 pri-

2170 4296 2409 4364 φυσικῆς
2462 4293 2693 4365 θεωρίας
2748 4292 3166 4364 προσφερούσης
3201 4291 3279 4362 τῷ
3329 4289 3452 4362 Θεῷ
3502 4289 3762 4360 καθάπερ

478 4383 664 4439 mitias
686 4384 755 4438 de
779 4383 849 4439 iis
872 4400 996 4454 quae
1025 4393 1157 4440 sunt
1180 4386 1299 4456 pias
1329 4387 1641 4458 Opiniones.
1668 4387 1840 4442 Tubae
1876 4392 2039 4443 auten

2171 4386 2425 4458 ἀπαρχὰς
2458 4386 2652 4455 θέρους
2685 4383 2786 4448 τὰς
2822 4386 2952 4456 περὶ
2976 4385 3084 4438 τῶν
3106 4385 3277 4437 ὅντων
3297 4382 3541 4445 εὐσεϐεῖς
3568 4381 3759 4448 δόξας.

478 4478 609 4529 s'mt
636 4474 944 4546 symbolum
975 4475 1229 4532 humanae
1253 4484 1463 4531 natura
1480 4492 1510 4531 a
1533 4477 1648 4533 Deo
1672 4477 2039 4548 susceptionis

2170 4479 2236 4533 Ai
2266 4479 2323 4532 δὲ
2364 4479 2683 4547 σάλπιγγες,
2721 4478 2989 4549 σύμὼλον
3005 4478 3104 4549 τῆς
3125 4475 3536 4547 κηρυττομένης
3550 4473 3641 4526 διὰ
3659 4472 3765 4526 τοῦ

480 4580 602 4636 qua
623 4545 956 4638 pratdicatur
982 4565 1085 4638 per
1113 4568 1288 4638 legem
1320 4576 1376 4623 et
1406 4569 1723 4649 prophetas.
1761 4545 1938 4624 Hilem
1963 4585 2032 4624 au

2171 4572 2336 4642 νόμου
2363 4572 2458 4624 καὶ
2636 4545 2928 4643 προφητῶν
2963 4545 3435 4641 ἐνανθρωπήσεως
3469 4564 3562 4619 τοῦ
3592 4563 3768 4619 θεοῦ.

483 4665 594 4715 tem
618 4666 705 4714 est
732 4668 894 4730 typus
923 4659 1400 4715 reconciliationis
1434 4660 1531 4715 Dei
1564 4676 1691 4716 cum
1724 4661 2039 4716 hominibus

2180 4663 2238 4718 Ὀ
2271 4664 2328 4717 δὲ
2370 4662 2533 4733 Ἰλὲμ,
2569 4662 2738 4727 τύπος
2783 4663 2881 4733 τῆς
2928 4660 3022 4716 τοῦ
3065 4659 3203 4714 Θεοῦ
3246 4658 3384 4731 πρὸς
3436 4654 3771 4727 ἀνθρώπους

482 4764 647 4821 quam
679 4751 865 4808 eﬂ'ecit
885 4751 983 4808 Dei
1005 4758 1063 4807 et
1092 4751 1402 4809 Senatoris
1440 4752 1643 4809 Christi
1676 4753 2039 4810 huma‘nae‘na

2170 4753 2538 4825 καταλλαγῆς,
2568 4755 2703 4825 ἢνή
2743 4752 2840 4808 τοῦ
2884 4753 3021 4808 Θεοῦ
3077 4753 3170 4807 καὶ
3216 4751 3473 4821 Σωτῆρος
3516 4746 3773 4819 Χριστοῦ

486 4853 624 4898 ιρι-ω
654 4845 953 4914 susceptio.
987 4843 1328 4916 Scenopegia
1360 4855 1544 4902 autem
1587 4854 1706 4902 erat
1750 4848 2037 4918 praeceden

2170 4845 2532 4917 κατώρθωσεν
2571 4845 3006 4919 ὲνανθρώπησις.
3040 4844 3107 4897 Ἥ
3140 4843 3198 4896 δὲ
3232 4840 3589 4913 Σκηνοπηγὶα
3623 4854 3776 4909 προ-

484 4938 787 5010 descriptio
849 4934 1274 4995 resurrectionis
1341 4942 1512 4997 totius
1577 4941 1768 4995 mundi
1826 4956 1856 4995 a
1922 4955 2039 4996 mor

2172 4938 2439 5011 χάραγμα
2492 4932 2563 5010 ἦν
2592 4941 2710 5011 νιῆς
2761 4938 3105 5008 παγκοσμίόυ
3156 4939 3219 4989 ὲκ
3273 4933 3484 5004 νεκρῶν
3522 4929 3777 4985 ἀναστά-

486 5030 616 5087 tuis.

2176 5046 2333 5095 σεως.

1103 5141 1181 5198 De
1216 5142 1445 5200 Sabbato
1467 5176 1488 5213 ,-

557 5253 680 5310 Non
712 5254 831 5311 dies
862 5256 1055 5312 volens
1102 5255 1365 5311 honorari
1418 5254 1488 5310 ab
1522 5252 1860 5319 hominibus,
1910 5254 2039 5326 jussi

2249 5255 2325 5310 Οὐ
2376 5254 2474 5317 τὰς
2521 5252 2733 5326 ἡμέρας
2769 5250 3034 5322 τιμᾶσθαι
3072 5248 3396 5320 βουλόμενος
3426 5247 3456 5300 ό
3495 5244 3631 5307 Θεὸς
3661 5240 3783 5295 ὑπὸ

492 5344 638 5402 Deus
661 5345 926 5401 honorari
948 5346 1269 5412 Sabbatum,
1299 5356 1355 5401 et
1382 5346 1503 5402 dies
1541 5359 1697 5400 novae
1727 5344 1873 5400 lunae
1911 5352 1969 5400 et
1996 5343 2039 5400 ie

2177 5344 2284 5399 τῶν
2323 5341 2662 5418 ἀνθρώπων,
2706 5341 3007 5415 προσέταξε
3046 5340 3310 5412 τιμᾶσθαι
3341 5338 3405 5393 τὸ
3449 5334 3781 5400 Σάδδατον,

493 5437 703 5493 Storum
745 5455 760 5492 :
809 5437 889 5494 sic
934 5439 1082 5494 enim
1139 5438 1483 5511 permisisset
1528 5445 1838 5494 creaturam
1888 5435 2037 5491 coler

2180 5434 2273 5489 καὶ
2300 5434 2395 5497 τὰς
2418 5434 2633 5505 ἡμέρας
2655 5433 2763 5487 τῶν
2779 5431 3078 5504 νεομηνιῶν
3107 5431 3199 5485 καὶ
3231 5430 3339 5485 τῶν
3372 5426 3595 5499 ἑορτῶν·
3622 5425 3788 5479 οὕτω

494 5521 785 5599 plusquam
803 5526 1122 5586 Creatorem
1155 5548 1169 5584 :
1202 5530 1298 5587 sed
1316 5530 1614 5605 symbolice
1638 5546 1736 5601 per
1756 5527 2039 5601 hujusmod

2180 5525 2291 5599 γάρ
2327 5525 2393 5582 ἂν
2422 5525 2688 5597 ὲπέτρεπε
2726 5524 3007 5595 λατρεύειν
3033 5526 3099 5594 τῇ
3131 5523 3302 5578 κτίσει
3335 5519 3484 5594 παρὰ
3513 5519 3604 5573 τὸν
3642 5518 3781 5573 κτί-

2649 5141 2789 5210 Περὶ
2829 5139 2933 5193 τοῦ
2973 5136 3298 5192 Σαϐϐάτου.

569 5698 617 5742 ⁸³
637 5704 741 5767 Job
776 5723 993 5777 mvm,
1024 5708 1077 5763 5.
1158 5711 1204 5744 “
1231 5709 1336 5766 lsa.
1360 5726 1434 5774 XI,
1467 5709 1519 5764 5.
1594 5710 1638 5741 °'
1659 5708 1861 5780 Ephes.
1893 5723 1968 5773 v1,
1999 5705 2091 5762 l5.
