4062 6202
1777 326 1943 382 COLL

2047 326 2180 384 TAN
2188 329 2294 386 EA.
3501 331 3641 388 1210

385 468 572 508 σαντα·
621 449 757 504 ἀλλὰ
791 447 1132 519 συμϐολικῶς
1179 448 1265 502 6:5:
1293 449 1398 502 τῶν
1428 449 1684 502 τοιούτων
1730 448 1943 519 ἡμερῶι

2063 450 2181 507 dies
2209 455 2400 508 statuit
2424 463 2483 508 ut
2513 455 2629 525 ipse
2659 455 3041 509 honoraretur.
3070 451 3190 522 lpse
3210 449 3356 506 enim
3384 458 3472 506 est
3503 448 3642 505 Sab-

385 545 574 598 ὲαυτὸν
605 542 864 612 τιμᾶσθαι
897 540 1303 610 ὲνομοτέθησεν.
1345 541 1513 604 Αὐτὸς
1546 543 1652 613 γάρ
1687 543 1800 594 ἐστι
1822 541 1943 594 Σάϐε

2066 543 2274 610 batum,
2311 547 2362 600 id
2397 555 2482 600 est
2516 547 2737 616 requies
2769 545 3018 600 laborum
3043 543 3236 598 anima:
3257 543 3352 612 qui
3377 551 3558 606 erant,
3585 549 3646 596 et

383 638 710 689 ϐατον.......
757 632 864 684 τῶν
895 634 951 684 ἐν
999 633 1208 702 σώματι
1239 631 1452 702 μόχθων
1486 634 1582 703 τῆς
1611 634 1789 702 ψυχῆς
1829 633 1943 686 ἀνά-

2063 633 2221 700 quies
2251 649 2314 687 ac
2337 632 2554 688 feriatio
2585 650 2616 688 a
2641 633 2921 688 laboribus
2942 633 3036 702 qui
3065 632 3204 686 ﬁunt
3227 646 3326 700 per
3348 631 3637 700 justitiam.

385 741 602 787 παυσις,
629 721 722 774 καὶ
760 721 866 773 τῶν
905 721 1044 775 κατά
1079 723 1424 792 δικαιοσύνην
1462 724 1638 777 πόνων
1675 725 1943 777 κειιτέίιπαυ⁴

2063 723 2214 778 Nova
2238 725 2369 778 luna
2398 735 2582 780 autem
2636 734 2721 780 est
2777 734 3037 793 tauquam
3086 721 3420 792 principium
3474 721 3636 789 primi

383 833 487 879 σις.
518 813 795 883 Νεομηνία
840 813 931 878 δὲ,
977 813 1053 877 ὡς
1093 813 1235 884 ἀρχὴ
1275 815 1373 885 τῆς
1430 813 1651 884 πρώτης
1690 817 1943 885 κινήσεως

2062 821 2247 868 motus
2277 813 2566 868 virtutum.
2595 813 2676 868 Ab
2718 814 2838 882 ipso
2860 813 3009 867 enim
3038 812 3306 866 habemus
3337 824 3528 865 earum
3557 825 3644 864 se-

377 905 486 958 τῶν
528 904 761 976 ἀρετῶν.
792 905 932 976 Παρ’
971 904 1134 958 αὑτοῦ
1172 903 1279 976 γὰρ
1323 904 1518 975 ἔχομεν
1553 904 1625 958 τὰ
1667 906 1943 976 σπέρματα

2059 902 2208 956 mina
2239 902 2295 957 in
2324 912 2568 957 nostram
2596 903 2808 973 dejecta
2844 909 3118 955 naturam.
3154 899 3421 966 Quoniam
3455 906 3637 952 autem

377 998 602 1062 τούτων,
647 1001 714 1069 τῇ
754 997 875 1051 καθ’
933 998 1082 1067 ἡμᾶς
1141 996 1302 1066 φύσει
1371 995 1943 1066 συγκαταϐεϐλημένα⁴

2057 991 2146 1047 lex
2175 995 2329 1047 novit
2362 994 2582 1048 diversa
2610 993 2769 1057 festa,
2796 992 2911 1060 ipse
2939 1007 3130 1045 rursus
3153 992 3296 1044 Deus
3323 998 3407 1044 est
3430 989 3636 1044 Pascha

391 1084 542 1140 Ἐπεὶ
578 1084 635 1138 δὲ
676 1085 966 1156 διαφόρους
998 1081 1103 1137 οἶδε
1143 1084 1241 1148 τὰς
1271 1084 1464 1154 ἑορτὰς
1495 1087 1523 1138 6
1564 1085 1746 1154 νόμος,
1793 1085 1943 1150 αὐτὸς

2056 1083 2302 1150 quidem,
2336 1093 2399 1137 ut
2435 1083 2699 1137 liberator
2751 1096 2946 1136 eorum
3005 1097 3145 1150 quos
3193 1081 3401 1136 detinet
3449 1097 3636 1134 amara

387 325 522 390 4909

376 1177 538 1232 πάλιν
572 1177 598 1228 6
640 1176 771 1240 Θεός
801 1179 914 1229 ἐστι
956 1178 1144 1246 Πάσχα
1181 1177 1298 1248 μὲν,
1342 1176 1416 1239 ὡς
1443 1175 1808 1247 ἐλευθερωτὴς
1847 1176 1952 1231 τῶν

374 1268 437 1336 τῇ
477 1267 650 1337 πικρᾷ
683 1265 896 1336 δουλείᾳ
927 1269 1024 1334 τῆς
1055 1265 1330 1336 ἁμαρτίας
1367 1266 1814 1337 κεκρατημένων,
1857 1266 1954 1319 καὶ

371 1356 622 1420 διάϐασις
656 1356 763 1410 ἀπὸ
797 1356 1070 1426 ἁμαρτίας
1103 1357 1185 1419 είς
1211 1356 1428 1427 ἀρετὴν,
1461 1357 1555 1409 καὶ
1584 1357 1692 1410 ἀπὸ
1727 1357 1952 1420 σκότους

373 1450 454 1513 είς
499 1449 634 1518 φῶς.
667 1447 1041 1519 Πεντηκοστὴ,
1073 1445 1148 1510 ὡς
1193 1448 1416 1519 ἀπαρχὴ
1461 1447 1654 1518 θέρους
1684 1447 1762 1519 τῷ
1805 1448 1949 1519 Θεῷ”

372 1538 792 1610 προσεφέροντο.
846 1538 1016 1609 Θέρος
1045 1539 1102 1592 δὲ
1137 1540 1399 1608 μυστικὸν
1443 1540 1494 1592 oi
1541 1541 1946 1612 γεωργούμενοι

371 1630 459 1684 διά
505 1631 605 1702 τῆς
647 1629 742 1684 τοῦ
785 1629 1039 1700 Σωτῆρος
1080 1629 1572 1702 ὲνανθρωπήσεως,
1620 1624 1695 1684 ὧν
1723 1631 1946 1703 ἀπαρχὴ

370 1720 532 1784 αὐτὸς
571 1721 712 1774 κατά
741 1721 802 1773 τὸ
831 1718 1168 1789 ἀνθρώπινον
1194 1721 1538 1793 προσηνέχθη
1564 1722 1654 1776 6:5:
1682 1721 1778 1777 τοῦ
1812 1722 1948 1786 ζωο-

369 1813 526 1867 ποιοῦ
569 1813 799 1867 θανάτου
830 1785 1012 1867 αὐτοῦ.
1083 1785 1252 1866 Ἐπεὶ.
1286 1785 1484 1866 δὲῑκαλ
1527 1785 1850 1883 ’σαλπίγγων
1876 1811 1945 1884 ἦν
1980 1785 2018 1841 Β

369 1902 550 1977 ἑορτὴ,
590 1904 684 1958 καὶ
736 1903 968 1976 ἱλασμοῦ
1003 1904 1097 1959 καὶ
1133 1907 1528 1976 σκηνοπηγίας,
1583 1907 1745 1970 αὐτὸς
1791 1903 1944 1972 αὖθίς

369 1998 483 2048 ἐστι
511 1993 749 2063 σάλπιγξ
802 1995 921 2065 μὲν,
969 1995 1044 2058 ὡς
1090 1995 1297 2065 ἐνηχῶν
1334 1999 1467 2066 ἡμῖν
1499 1995 1598 2060 τάς
1631 1997 1778 2061 θείας
1807 1997 1946 2066 γνώ-

369 2101 481 2146 σεις
509 2086 604 2138 καὶ
650 2084 750 2148 τὰς
791 2084 900 2137 τῶν
947 2085 1259 2155 μυστηρίων
1289 2085 1679 2156 ἀποκαλύψεις·
1719 2086 1945 2159 ίλασμὸς

365 2177 441 2240 δὲ,
486 2177 561 2239 ὡς
605 2177 897 2248 γενόμενος
928 2177 1067 2248 ὑπὲρ
1103 2177 1261 2248 ἡμῶν
1305 2179 1623 2249 ἄνθρωπος,
1659 2181 1746 2234 ἵνα
1795 2176 1961 2251 ἡμᾶς.

364 2268 428 2320 δι’
461 2269 654 2322 ἑαυτοῦ
691 2269 997 2341 καταλλάξη
1030 2270 1107 2341 τῷ
1152 2270 1343 2342 Πατρί.
1378 2272 1730 2342 Σκηνοπηγία
1773 2273 1829 2326 δὲ
1867 2273 1942 2336 ὡς

367 2361 531 2430 πῆξις
567 2360 660 2415 τοῦ
695 2363 1044 2434 διαλυομένου
1093 2365 1321 2434 σκήνους
1375 2363 1560 2434 ἡμῶν·
1616 2364 1778 2427 αὐτὸς
1834 2366 1940 2436 γάρ

365 2452 532 2515 ὅντως
582 2455 614 2524 ἡ
659 2452 771 2525 ζωὴ
829 2456 923 2508 καὶ
959 2454 1232 2509 ἀθανασία
1263 2455 1370 2507 τῶν
1426 2455 1640 2524 θνητῶν
1672 2457 1938 2526 σωμάτων

365 2543 540 2613 ἡμῶνο

432 2727 602 2796 Θέρος
638 2728 756 2781 ἐστὶ
795 2726 1056 2797 μυστικὸν
1094 2729 1126 2797 ἡ
1171 2725 1277 2779 τῶν
1313 2725 1454 2779 κατά
1495 2725 1592 2796 τὴν
1625 2726 1939 2797 πρακτικὴν

364 2819 685 2887 φιλοσοφίαν
725 2820 819 2873 καὶ
861 2821 960 2889 τὴν
997 2816 1234 2887 φυσικὴν
1277 2817 1513 2885 θεωρίαν
1546 2831 1935 2885 πνευματικωο

361 2911 538 2982 τέρων
567 2910 744 2978 λόγων
790 2910 1024 2980 συλλογὴ
1051 2909 1144 2962 καὶ
1174 2908 1494 2970 ἀπόλαυσις.
1533 2907 1702 2976 Θέρος
1743 2907 1938 2978 θέρους

363 3001 566 3071 Exivi)
598 3001 739 3072 μετά
773 2999 870 3072 τὴν
901 3000 1012 3054 τῶν
1049 2999 1259 3070 νοητῶν
1293 3000 1527 3072 θεωρίαν
1576 2998 1809 3070 συλλογὴ
1840 2998 1937 3051 καὶ

364 3088 654 3159 συναγωγὴ
688 3090 782 3142 τοῦ
828 3089 920 3143 νοῦ
962 3089 1098 3159 πρὸς
1125 3089 1215 3142 τὸν
1245 3087 1400 3153 Θεὸν,
1455 3087 1802 3159 θεριζομένου
1837 3086 1937 3158 μὲν
1963 3130 2006 3189 C

360 3183 424 3252 τῇ
455 3181 830 3250 ἁποδιαιρέσει
858 3183 967 3234 τῶν
995 3181 1168 3234 ἀλλων
1207 3181 1425 3234 πάντων
1463 3181 1563 3234 ὅσα
1600 3179 1738 3250 μετά
1767 3179 1899 3233 Θεόν
1919 3196 1933 3209 ·

361 3273 810 3345 προσφερομένου
842 3272 899 3325 δὲ
929 3273 1076 3342 μόνῳ
1105 3272 1182 3344 τῷ
1198 3272 1334 3344 Θεῷ,
1364 3271 1444 3341 τῷ
1477 3273 1615 3344 πρὸς
1648 3272 1806 3343 μόνον
1835 3272 1935 3325 αὑ-

359 3362 449 3416 τὸν
484 3362 747 3435 διηνεκῶς
779 3361 1179 3416 ἀνατείνεσθαι.

888 3562 1027 3631 Περὶ
1062 3562 1404 3630 περιτομῆς.

429 3673 664 3730 Φυσικὸν
723 3679 756 3747 ἡ
810 3676 1171 3746 ἀκροϐυστία.
1232 3675 1348 3726 Πᾶν
1385 3672 1442 3724 δὲ
1502 3671 1731 3740 φυσικὸν
1785 3672 1938 3735 θείας

360 3765 520 3837 ἔργον
551 3766 914 3837 δημιουργίας
962 3766 1105 3825 ἐστὶ,
1155 3765 1249 3817 καὶ
1279 3763 1367 3816 διὰ
1410 3762 1570 3815 τοῦτο
1603 3761 1720 3816 λίαν
1751 3762 1934 3816 καλόν.

366 3878 384 3910 ι
425 3859 536 3912 Καὶ
583 3853 689 3911 εἶδε
721 3859 849 3927 γὰρ,
898 3857 1084 3926 φησὶν,
1128 3859 1156 3908 6
1183 3855 1314 3918 Θεὸς
1349 3855 1525 3909 πάντα
1553 3857 1655 3910 ὅσα
1690 3855 1937 3926 ἐποίησε,

360 3950 455 4004 καὶ
490 3949 599 4002 ἰδοὺ
631 3947 774 4001 καλὰ
797 3947 939 4000 λίαν.
986 3965 1002 3996 ι
1037 3945 1247 3999 Οὐκοῦν
1276 3945 1304 3996 6
1333 3949 1442 4008 τοῖς
1480 3946 1772 4016 συμϐόλοις
1811 3948 1934 4001 67::-

360 4041 575 4098 ϐάλλων
597 4038 692 4091 τοῦ
716 4038 904 4106 νόμου,
938 4035 1208 4102 γνώσεται
1239 4037 1455 4096 πάντως
1472 4037 1548 4100 ὡς
1571 4036 1633 4090 οὐ
1663 4036 1759 4107 τὴν
1778 4037 1939 4105 φύσιν

357 4136 386 4188 6
418 4133 554 4195 Θεὸς
585 4130 724 4200 μετά
759 4129 1028 4191 τοσαύτας
1064 4127 1256 4197 γενεὰς
1299 4127 1704 4199 διορθούμενος,
1745 4129 1937 4198 ἐνομο-

360 4225 558 4295 θέτησε
585 4220 1012 4294 περιτέμνεσθαι
1041 4223 1140 4291 τὴν
1159 4221 1548 4294 ἀκροϐυστίαν,
1568 4219 1643 4284 ὡς
1666 4219 1938 4291 βλαϐερὰν

360 4319 393 4388 ἢ
425 4317 738 4387 ἀκάθαρτον
760 4332 773 4345 ·
807 4314 942 4368 ἀλλά
973 4315 1061 4368 διὰ
1092 4316 1189 4385 τῆς
1221 4313 1481 4383 τοιαύτης
1523 4311 1830 4383 περιτομῆς
1862 4311 1938 4374 ὠς

361 4407 633 4480 συμϐόλου
675 4407 772 4477 τὴν
825 4405 1048 4477 ἐμπαθῆ
1106 4407 1207 4475 τῆς
1244 4404 1425 4484 ψυχῆς
1469 4403 1722 4458 ἐκέλευσε
1777 4421 1934 4474 περι-

2055 1173 2295 1226 servitus
2318 1172 2602 1236 vitiorum,
2637 1178 2694 1226 et
2719 1171 2980 1225 transitus
3001 1187 3030 1225 a
3057 1169 3194 1224 vitio
3238 1170 3305 1224 ad
3347 1170 3633 1234 virtutem,

2052 1271 2109 1317 et
2142 1278 2172 1317 a
2199 1264 2444 1318 tenebris
2467 1263 2536 1318 ad
2562 1263 2763 1320 lucem.
2793 1268 3112 1322 Pentecoste
3135 1275 3219 1321 est
3242 1274 3497 1332 tanquam
3523 1259 3635 1331 pri-

2052 1356 2223 1411 mitiae
2241 1358 2447 1412 aestatis
2467 1359 2580 1413 Deo
2602 1365 2658 1414 et
2687 1359 2836 1414 Patri
2865 1359 3080 1414 oblata).
3113 1359 3248 1413 Nam
3309 1358 3366 1410 in
3424 1357 3630 1410 Pente-

2051 1456 2202 1503 coste
2228 1449 2340 1504 Deo
2372 1449 2749 1506 otferebantur
2778 1450 3037 1521 primitiae
3067 1451 3290 1506 aestatis.
3325 1448 3507 1502 Estas
3529 1463 3629 1502 au-

2052 1550 2160 1596 tem
2183 1543 2411 1614 mystica
2439 1551 2567 1598 sunt
2590 1544 2626 1598 ii
2654 1545 2749 1614 qui
2778 1545 3036 1599 coluntur
3058 1560 3157 1614 per
3183 1544 3437 1596 humana:
3463 1549 3626 1594 natu-

2049 1649 2124 1688 rae
2173 1650 2204 1688 a
2255 1635 2546 1690 Scrvatore
2608 1637 3036 1707 susceptionem.
3071 1635 3314 1701 Quorum
3370 1631 3628 1703 primitiae

2049 1725 2186 1795 ipse,
2211 1727 2358 1796 quod
2382 1728 2580 1783 attinet
2605 1728 2673 1782 ad
2709 1728 3132 1792 humanitatem,
3173 1727 3390 1781 oblatus
3419 1732 3505 1779 est
3526 1738 3625 1793 per

2049 1818 2320 1873 viviticam
2345 1835 2499 1874 suam
2529 1830 2783 1876 mortem.
2811 1820 3080 1886 Quoniam
3107 1828 3292 1873 autem
3315 1825 3435 1872 erat
3457 1815 3625 1871 etiam

2045 1905 2247 1962 festum
2274 1909 2550 1977 tubarum,
2597 1919 2655 1967 et
2683 1911 3113 1982 propitiationis,
3161 1917 3217 1965 et
3262 1907 3624 1977 scenopegiaa,

2047 1997 2164 2067 ipse
2191 2015 2384 2055 rursus
2410 2010 2495 2056 cst
2520 2002 2744 2072 quidem
2774 2003 2925 2070 tuba,
2960 2010 3022 2057 ut
3057 2002 3153 2071 qui
3193 2002 3248 2054 in
3271 1999 3434 2054 nobis
3461 1998 3626 2053 faciat

2044 2105 2305 2144 resonare
2338 2091 2552 2147 divinas
2585 2094 2832 2158 notitias,
2880 2101 2937 2149 et
2980 2094 3368 2166 mysteriorum
3413 2089 3632 2145 revela-

2045 2180 2241 2236 tiones.
2273 2183 2600 2252 Propitiatio
2623 2193 2830 2250 autem,
2864 2195 2926 2241 ut
2957 2186 3052 2255 qui
3098 2199 3200 2254 pro
3244 2183 3405 2237 nobis
3450 2181 3628 2237 factus

2042 2271 2113 2325 sit
2143 2272 2326 2337 homo,
2357 2283 2416 2328 ut
2439 2290 2539 2329 nos
2566 2291 2666 2344 per
2702 2291 2760 2330 se
2790 2277 3172 2332 reconciliaret
3200 2274 3368 2328 Patri.
3417 2272 3627 2328 Sceno-

2041 2365 2196 2431 pegia
2225 2372 2430 2428 autem,
2467 2365 2520 2419 id
2555 2375 2638 2420 est
2665 2366 3147 2422 tabernaculorum
3180 2365 3328 2428 lixio,
3354 2371 3414 2417 ut
3436 2363 3531 2434 qui
3553 2361 3628 2418 sit

2043 2454 2171 2509 ﬁxio
2202 2457 2538 2512 tabernaculi
2587 2459 2734 2528 quod
2783 2459 3122 2515 dissolvitur.
3157 2459 3276 2526 lpse
3309 2457 3456 2511 enim
3493 2469 3624 2511 vere

2039 2555 2126 2600 est
2157 2547 2266 2600 vita
2292 2555 2348 2601 et
2376 2547 2762 2604 immortalitas
2798 2556 3119 2604 nostrorum
3151 2546 3465 2601 mortalium
3497 2560 3622 2599 cor-

2040 2649 2235 2702 porum
2246 2677 2258 2690 .

2109 2723 2293 2778 [Estas
2343 2726 2570 2794 mystica
2622 2734 2706 2780 est
2753 2726 3008 2781 collectio
3037 2735 3093 2781 et
3121 2725 3312 2780 fruitio
3346 2725 3623 2779 rationum

2039 2813 2408 2881 spiritualium
2436 2831 2558 2883 quae
2578 2824 2708 2869 sunt
2731 2817 2786 2869 in
2810 2817 2987 2870 activa
3014 2817 3363 2887 philosophia
3381 2825 3437 2871 et
3459 2828 3628 2872 natu—

2039 2904 2141 2957 rali
2168 2907 2654 2976 contemplatione.
2690 2909 2880 2963 Messis
2906 2917 3011 2974 est,
3052 2925 3175 2979 qua:
3219 2918 3341 2979 post
3373 2919 3622 2964 contem—

2039 2995 2339 3064 plationem
2381 3013 2577 3052 eorum
2627 3016 2750 3069 quae
2792 2999 2997 3055 cadunt
3045 3002 3147 3056 sub
3181 3001 3620 3072 intelligentiam,

2040 3087 2259 3142 exsistit
2293 3089 2494 3142 mentis
2541 3089 2611 3143 ad
2657 3091 2831 3144 Deum
2873 3091 3127 3147 collectio
3161 3099 3216 3148 et
3250 3091 3622 3163 congregatio,

2038 3193 2161 3248 qua:
2201 3179 2426 3234 metitur
2449 3180 2672 3250 quidem
2703 3195 2802 3251 per
2831 3180 3161 3237 divisionem
3191 3183 3260 3237 ab
3295 3183 3418 3238 aliis
3441 3183 3623 3237 omni-

2037 3269 2162 3335 bus,
2217 3286 2559 3341 quaecunque
2605 3279 2736 3326 sunt
2779 3280 2905 3343 post
2931 3274 3137 3340 Deum;
3171 3273 3275 3329 soli
3300 3282 3482 3329 autem
3511 3274 3624 3329 Deo

2037 3361 2294 3426 oli‘ertur,
2334 3378 2402 3418 eo
2436 3365 2586 3434 quod
2627 3363 2697 3418 ad
2739 3380 2868 3419 eum
2908 3366 3090 3421 solum
3131 3372 3403 3434 perpetuo
3438 3365 3622 3420 inten-

2037 3453 2221 3508 datur.

2560 3517 2574 3536 ν

2563 3564 2643 3620 De
2682 3566 3100 3620 circumcisione.

2110 3678 2445 3749 Praeputium
2477 3685 2561 3734 est
2587 3679 2857 3733 naturale.
2881 3676 3159 3748 Quidquid
3202 3683 3384 3731 autem
3413 3685 3497 3730 est
3519 3690 3621 3729 na-

2041 3771 2238 3835 turale,
2264 3778 2348 3825 est
2373 3785 2510 3840 opus
2549 3770 2750 3824 divinae
2773 3768 3070 3824 creationis
3093 3784 3156 3823 ac
3179 3766 3404 3838 opiﬁcii,
3422 3775 3476 3821 ct
3499 3765 3624 3820 ideo

2038 3870 2123 3917 est
2151 3863 2306 3917 valde
2333 3862 2560 3919 bonum.
2605 3881 2622 3911 ι
2655 3861 2806 3917 Vidit
2839 3861 3009 3924 enim,
3041 3859 3243 3929 inquit,
3269 3860 3415 3914 Deus
3439 3857 3622 3912 omnia

2040 3970 2162 4023 quae
2186 3954 2336 4019 fecit,
2372 3961 2427 4009 et
2454 3969 2582 4008 ecce
2606 3953 2751 4008 bona
2771 3953 2931 4007 valde
2953 3953 3017 4007 ".
3052 3973 3068 4004 ι
3110 3952 3212 4018 Qui
3243 3967 3373 4022 ergo
3403 3951 3622 4022 symbo—

2037 4045 2108 4099 lis
2146 4045 2282 4114 legis
2305 4045 2548 4098 animum
2578 4044 2824 4109 adhibet,
2861 4044 2966 4098 scit
3017 4044 3266 4107 omnino,
3315 4043 3461 4112 quod
3511 4058 3622 4096 non

2040 4141 2294 4186 naturam
2321 4133 2467 4186 Deus
2489 4133 2794 4204 corrigens,
2832 4142 2956 4202 post
2983 4140 3063 4188 tot
3105 4131 3484 4205 generationes
3510 4141 3622 4185 sla-

2041 4222 2486 4277 tuitcircumcidi
2537 4224 2890 4294 prmputium,
2949 4232 3206 4293 tanquam
3265 4222 3488 4278 noxium
3530 4229 3626 4275 aut

2040 4313 2414 4382 immundum;
2442 4314 2538 4370 sed
2563 4331 2660 4385 per
2683 4315 2824 4369 hanc
2845 4315 3342 4372 circumcisionem.
3364 4322 3622 4382 tanquam

2039 4421 2139 4476 per
2181 4406 2510 4477 symbolum,
2546 4407 2713 4478 jussit
2751 4406 3073 4462 circumcidi
3104 4406 3386 4476 patibilem
3428 4404 3624 4460 animae

357 4473 654 4570 τέμνεσθαι
691 4473 954 4553 διάθεσιν.
985 4473 1094 4550 κάει
1145 4473 1268 4549 ἐπεὶ
1293 4473 1694 4568 ήῃάκροϐυστία
1723 4473 1937 4566 ήδυνίτι-

2042 4473 2406 4553 aﬁ'cctionem.
2431 4499 2499 4553 Et
2521 4473 2780 4569 quoniam
2806 4473 3135 4569 praeputium
3162 4505 3248 4552 est
3272 4495 3629 4567 superﬂuitas

360 4588 458 4644 κοῦ
493 4587 682 4659 μορίου
739 4587 858 4639 ἐστὶ
917 4585 1262 4655 περίττωμα,
1310 4583 1408 4654 τὴν
1453 4583 1711 4655 περιττὴν
1741 4583 1934 4653 ἡδονὴν

360 4679 718 4735 ἀποτίθεσθαι
789 4676 1126 4750 προσέταξεο
1179 4677 1411 4749 περιττὴ
1463 4675 1518 4728 δὲ
1575 4675 1736 4746 ἡδονὴ
1786 4677 1936 4729 πᾶσα

359 4770 627 4841 ἁμαρτία.
665 4768 866 4822 Λοιπὸν
907 4763 999 4820 οὖν
1047 4767 1076 4818 ὁ
1118 4767 1216 4837 μὲν
1250 4766 1350 4836 τὴν
1405 4764 1682 4835 ἁμαρτίαν
1729 4763 1932 4835 φέρων,

360 4862 698 4933 ἁκρόϐυστός
731 4864 900 4923 ἐστιν,
937 4862 986 4913 εί
1025 4860 1117 4913 καὶ
1149 4858 1536 4930 περιτέμνεται
1571 4857 1896 4928 σωματικῶς
1919 4873 1930 4886 ·

358 4955 386 5006 6
423 4954 477 5006 δὲ
528 4954 735 5023 ταύτην
780 4952 1140 5022 ἀποθέμενος,
1175 4949 1647 5021 περιτετμημένος
1672 4948 1842 5013 ἐστὶν,
1885 4949 1933 5001 εί

359 5045 454 5100 καὶ
491 5047 552 5098 τὸ
587 5046 744 5116 σῶμα
778 5045 932 5116 φέρει
959 5044 1322 5114 ἀκρόϐυστον.

360 5179 648 5251 Περιτομή
678 5180 810 5233 ἐστι
844 5177 1136 5248 μυστικὴ,
1159 5178 1442 5242 ἑκούσιος
1481 5176 1686 5231 παθῶν
1711 5177 1935 5245 περιαί-

1037 5264 1231 5316 ρεσις.

435 5379 717 5449 Περιτομὴ
752 5379 1056 5449 περιτομῆς
1087 5380 1232 5431 ἐστιν
1264 5382 1296 5448 ἡ
1333 5379 1428 5432 καὶ
1457 5380 1638 5432 αὐτῶν
1669 5380 1775 5432 τῶν
1813 5382 1932 5432 κατ’

360 5470 609 5540 αἴσθησιν
643 5470 738 5523 καὶ
781 5467 927 5535 νοῦν,
979 5470 1108 5539 περὶ
1149 5471 1216 5523 τὰ
1249 5470 1482 5541 αἰσθητά
1514 5472 1606 5523 καὶ
1638 5471 1803 5540 νοητά
1837 5489 1935 5541 φυ-

366 5558 534 5611 σικῶν
563 5559 858 5650 ἐνεργειῶν
893 5559 1152 5624 ἀπόθεσις
1185 5561 1443 5632 γινομένη
1481 5561 1568 5615 διὰ
1597 5561 1693 5631 τῆς
1727 5579 1933 5633 παρου-

429 5715 477 5748 ⁶⁶
506 5714 643 5771 Gen.
669 5733 706 5780 ι,
737 5717 824 5774 51.

2033 4590 2314 4661 particula:
2358 4605 2481 4660 qua:
2526 4591 2810 4662 voluptate
2844 4590 3029 4655 allicit,
3071 4590 3238 4661 jussit
3282 4587 3618 4658 superﬂuam

2033 4681 2235 4751 deponi
2269 4681 2632 4751 voluptatem.
2694 4679 2983 4752 Supcrllua
3029 4689 3220 4735 autem
3244 4679 3494 4748 voluptas
3539 4684 3623 4731 est

2033 4786 2197 4826 omne
2221 4778 2530 4840 peccatum.
2579 4769 2769 4824 Restat
2815 4785 2948 4841 ergo
2991 4777 3050 4823 ut
3096 4767 3190 4838 qui
3242 4766 3348 4821 fert
3397 4765 3618 4836 quidem

2033 4868 2343 4933 peceatum,
2374 4861 2948 4931 habeatprazputium,
2997 4857 3210 4914 etiamsi
3257 4855 3620 4911 circumcida-

2041 4961 2133 5009 tur
2163 4952 2559 5023 corporaliter;
2592 4953 2687 5023 qui
2739 4962 2923 5007 autem
2977 4951 3029 5005 id
3081 4946 3357 5019 deposuit,
3398 4955 3482 5002 est
3509 4946 3620 5002 eir-

2042 5041 2339 5105 cumcisus,
2375 5040 2590 5096 etiamsi
2623 5056 2826 5110 corpus
2848 5039 2987 5094 ferat
3009 5037 3359 5109 praeputium.

2043 5175 2384 5234 Circumcisio
2433 5176 2651 5248 mystica
2698 5183 2774 5248 est
2813 5173 3119 5248 uoluntarie
3167 5172 3334 5248 animi
3384 5178 3620 5226 motuum

2433 5242 2508 5300 αἱ
2531 5245 2985 5317 perturbationum
3021 5242 3234 5298 ablatio.

2109 5378 2470 5436 Circumcisio
2498 5373 2939 5431 circumcisionis
2965 5383 3050 5428 est
3077 5372 3349 5442 depositio
3376 5371 3616 5440 ipsarum

2043 5471 2377 5526 naturalium
2439 5469 2822 5540 operationum
2887 5483 3082 5523 sensus
3135 5477 3192 5522 et
3247 5464 3618 5537 intelligentia:

2045 5563 2190 5616 circa
2218 5578 2280 5616 ea
2308 5577 2428 5630 quae
2472 5569 2599 5616 sunt
2640 5559 2881 5627 sensilia,
2913 5570 2967 5615 et
3005 5559 3149 5615 circa
3175 5575 3239 5615 ca
3270 5575 3390 5630 qua:
3413 5557 3617 5613 cadunt
