4062 6202
476 286 607 346 ﬁll

1674 281 1732 339 S.
1772 278 2045 337 CYRILLI
2084 275 2172 331 ET
2216 276 2522 333 ALIORUM

3581 263 3736 321 1212

474 409 579 466 sub
601 407 1038 479 intelligentiam,
1063 416 1184 476 qua!
1217 404 1278 461 ﬁt
1304 419 1403 476 per
1435 402 1784 474 praesentiam
1807 399 2048 471 Spiritus

2163 395 2273 458 ria;
2304 394 2398 448 τοῦ
2416 394 2573 463 ἀγίου
2601 393 2741 446 [Ινεύ
2750 408 2939 463 ματος,
2964 388 3027 442 τὸ
3046 385 3208 459 σῶμά
3225 403 3282 439 τι
3312 387 3405 439 καὶ
3423 384 3521 457 τὴν
3540 382 3734 453 ψυχὴν

477 499 673 563 sancti,
706 476 865 568 plene
914 506 972 551 et
1018 495 1227 567 integre
1272 493 1712 549 transformantis
1743 507 1948 562 corpus
1989 501 2047 548 et

2163 484 2344 548 δλικῶς
2376 482 2838 556 μεταμορφούσης
2859 480 2995 552 πρὸς
3032 479 3083 532 τὸ
3106 476 3416 549 θειότερον.

478 589 713 644 animam
740 587 807 641 ad
833 587 887 641 id
915 586 1061 657 quod
1089 586 1351 641 divinius.

546 678 730 732 Mensa
754 678 976 747 quidem
1012 694 1214 749 panum
1252 678 1414 734 tacite
1440 676 1786 748 signiﬁcabat
1805 685 1862 731 et
1878 674 2046 745 amig-

477 768 673 822 matice
719 767 1141 838 productionem
1179 786 1300 839 qua:
1344 769 1403 822 ﬁt
1446 784 1477 823 e
1522 780 1666 823 terra
1702 782 1892 822 eorum
1928 781 2050 835 quae

479 857 639 913 nobis
666 866 795 912 sunt
827 867 953 927 apta
993 866 1049 913 et
1075 858 1506 919 accommodata,
1533 866 1628 910 aut
1668 871 1911 910 annuum
1940 856 2051 909 cir-

476 952 687 1015 culum,
711 951 803 1020 qui
846 951 1114 1005 dividitur
1141 959 1377 1021 quatuor
1405 958 1709 1020 temporum
1736 950 2050 1005 conversio-

478 1042 665 1096 nibus.
706 1040 1108 1095 Candelabrum
1163 1052 1345 1096 autem
1382 1042 1561 1096 lucem
1590 1057 1712 1112 qua:
1742 1042 1956 1096 exsistit
1984 1057 2052 1096 ex

479 1134 665 1199 astris,
697 1142 793 1187 aut
821 1133 987 1189 diem.
1025 1134 1181 1189 Unde
1211 1133 1376 1187 etiam
1413 1133 1606 1188 habuit
1642 1142 1850 1203 septem
1886 1132 2050 1186 lumi-

480 1225 658 1290 naria,
686 1235 910 1296 propter
931 1235 1137 1296 septem
1166 1227 1284 1280 dies
1318 1224 1695 1289 hebdomadis,
1724 1234 1819 1278 aut
1842 1233 2053 1293 septem

482 1318 670 1372 stellas
694 1326 963 1372 errantes.
996 1319 1102 1372 Sed
1134 1318 1248 1372 haec
1272 1318 1496 1387 quidem
1526 1326 1656 1371 sunt
1680 1316 1841 1386 primi
1868 1315 2054 1370 taber-

482 1409 687 1472 naculi,
734 1409 791 1462 in
836 1410 1145 1481 symbolum
1210 1418 1385 1464 status
1442 1409 1749 1479 praesentis,
1782 1408 2056 1479 Quomodo

484 1500 713 1555 secundi
745 1501 1103 1565 tabernaculi,
1126 1501 1181 1555 in
1204 1500 1509 1572 symbolum
1539 1500 1749 1556 futuri:
1777 1516 1903 1554 nam
1925 1500 2056 1554 thu-

486 1592 728 1646 ribulum
762 1592 983 1661 quidem
1025 1592 1365 1663 signiﬁcabat
1405 1591 1460 1645 id
1484 1606 1605 1646 esse
1647 1592 1761 1646 Deo
1802 1599 2055 1660 gratum;

486 1696 707 1745 manna,
733 1683 958 1736 cmleste
984 1691 1039 1736 et
1074 1681 1362 1750 spirituale
1391 1680 1539 1750 quod
1572 1689 1703 1733 tunc
1735 1688 1854 1733 erat
1876 1676 2056 1731 nutri-

486 1783 761 1839 mentum;
791 1774 945 1844 virga
988 1784 1172 1829 autem
1204 1774 1387 1828 Aaron
1417 1789 1539 1844 quae
1572 1772 1922 1843 germinant,
1969 1769 2057 1823 fu-

488 1863 599 1917 turi
636 1863 928 1925 sacerdotii
976 1871 1301 1933 perpetuum
1342 1863 1617 1928 virorem;
1652 1861 1852 1916 tabula:
1874 1867 2059 1914 autem

486 1955 845 2018 Testamenti,
870 1956 1087 2010 tabulas
1103 1955 1353 2010 eordium
1380 1956 1436 2010 in
1458 1955 1663 2026 quibus
1686 1954 1890 2024 scripta
1904 1959 2061 2008 erant

485 2047 583 2100 Dei
613 2047 887 2101 mandata.
925 2048 1135 2101 Aurum
1158 2055 1343 2102 autem
1377 2047 1523 2118 quod
1563 2046 1759 2102 eratin
1782 2045 2058 2109 omnibus,

486 2138 758 2208 signiﬁcat
816 2138 1001 2194 futura
1057 2155 1180 2195 esse
1239 2140 1620 2210 praestantiora
1678 2137 2061 2209 praesentibus.

484 2226 787 2282 Cherubim
821 2236 1025 2292 autem,
1052 2230 1147 2299 qui
1170 2238 1300 2284 sunt
1341 2228 1398 2283 in
1436 2229 1843 2299 propitiatorio,
1880 2227 2063 2281 imita-

485 2321 687 2375 bantur
713 2320 1211 2376 administratorias
1240 2329 1542 2391 potestates
1564 2336 1687 2391 quae
1740 2320 1845 2375 sub
1903 2334 2064 2388 aspe-

485 2421 635 2467 ctum
660 2428 768 2466 non
800 2412 1024 2479 eadunt,
1084 2412 1141 2467 in
1201 2428 1437 2483 quarum
1497 2412 1683 2468 medio
1724 2412 1870 2467 Deus
1927 2410 2066 2465 dans

487 2520 750 2574 responsa
802 2504 1141 2574 plaeabatur.
1202 2504 1383 2559 Aurea
1432 2503 1654 2575 quidem
1697 2502 2065 2557 tintinnabula

486 2594 866 2666 signiﬁcabant
890 2595 1016 2650 ﬁdei
1042 2595 1339 2664 puritatem
1362 2603 1419 2650 et
1447 2595 1800 2665 splendorem
1820 2603 1876 2650 et
1912 2609 2066 2649 reso-

485 2680 739 2742 nantiam‘
769 2688 825 2742 in
852 2687 1200 2759 dogmatibus
1253 2697 1309 2743 et
1357 2688 1654 2755 doctrinis;
1685 2688 1829 2743 mala
1881 2696 2066 2742 autem

486 2780 687 2850 punica
707 2780 877 2835 vitam
904 2780 1226 2835 sacerdotis.
1256 2780 1543 2848 Quomodo
1563 2780 1710 2835 enim
1732 2779 1858 2834 mali
1879 2779 2067 2849 punici

488 2871 543 2926 id
580 2871 805 2941 quidem
857 2871 1003 2941 quod
1064 2880 1290 2940 apparet
1318 2878 1404 2927 est
1433 2871 1635 2925 durum
1688 2877 1745 2926 et
1792 2869 2065 2934 densum;

487 2961 700 3016 fruetus
720 2970 902 3016 autem
935 2960 1029 3031 qui
1061 2962 1214 3025 latet,
1237 2970 1321 3016 est
1346 2961 1544 3025 dulcis,
1574 2962 1649 3018 ita
1676 2960 1844 3015 etiam
1871 2975 2067 3015 eorum

2232 681 2299 736 Ἦ
2330 681 2432 752 μὲν
2461 682 2709 752 τράπεζα
2751 680 2860 733 τῶν
2892 680 3073 750 ἄρτων
3114 678 3212 749 τὴν
3254 678 3319 731 ἐκ
3356 678 3455 748 τῆς
3481 677 3586 747 γῆς
3615 675 3735 728 τῶν

2151 772 2283 841 ἡμῖν
2316 771 2646 839 ἐπιτηδείων
2676 770 2931 824 ἀνάδοσιν
2972 769 3314 842 ὑπῃνίττετο,
3346 768 3379 838 ἦ
3411 767 3502 820 τὸν
3545 769 3720 819 ἐνιαυ-

2154 864 2326 915 σιαῖον
2367 862 2589 925 κύκλον,
2614 853 2904 932 τεσσάρων
2943 861 3150 931 καιρῶν
3172 860 3403 931 τροπαῖς
3430 856 3733 928 μεριζομε-

2150 970 2271 1007 νον·
2301 955 2334 1024 ἡ
2385 954 2441 1006 δὲ
2474 953 2703 1023 λυχνία,
2738 952 2799 1005 τὸ
2829 954 2895 1004 ἐκ
2932 952 3039 1005 τῶν
3071 950 3317 1020 ἀστέρων
3368 949 3503 1016 φῶς,
3558 948 3592 1017 ἧ

2152 1044 2367 1113 ἡμέραν
2389 1059 2403 1071 ·
2434 1042 2556 1096 ὃθεν
2588 1045 2681 1096 καὶ
2701 1043 2743 1107 ζ’
2771 1044 2899 1105 τοὺς
2930 1041 3228 1111 φωστῆρας
3257 1034 3369 1108 εἶχε
3392 1078 3406 1101 ,
3434 1037 3522 1090 διὰ
3550 1037 3655 1099 τὰς
3686 1033 3733 1097 ζ’

2153 1136 2252 1203 τῆς
2279 1133 2569 1204 ἑϐδομάδος
2596 1136 2829 1206 ἡμέρας,
2854 1135 2888 1205 ἦ
2916 1136 3041 1198 τοὺς
3071 1134 3115 1196 ζ’
3146 1132 3533 1202 πλανωμένους
3564 1128 3737 1182 ἀστέ-

2160 1240 2278 1293 ρας.
2325 1224 2487 1277 Ἀλλά
2509 1225 2733 1278 τοιαῦτα
2764 1225 2865 1296 μὲν
2898 1225 2968 1279 τά
2997 1226 3095 1295 τῆς
3127 1223 3354 1294 πρώτης
3391 1222 3619 1291 σκηνῆς.
3653 1221 3741 1283 εἰς

2158 1314 2425 1384 σύμϐολον
2464 1316 2564 1386 τῆς
2613 1316 2895 1389 παρούσης
2949 1315 3374 1376 καταστάσεως’
3408 1313 3597 1382 ὥσπερ
3632 1310 3739 1379 τῆς

2156 1404 2419 1480 δευτέρας
2448 1409 2655 1479 σκηνῆς
2692 1409 2771 1472 είς
2818 1406 3090 1476 σύμϐολον
3138 1407 3238 1476 τῆς
3293 1403 3622 1476 μελλούσηςο
3676 1402 3740 1454 τὸ

2161 1503 2259 1574 μὲν
2309 1501 2417 1571 γὰρ
2465 1499 2824 1571 θυμιατήριον
2886 1498 3153 1567 ἐσήμαινε
3205 1496 3267 1549 τὸ
3326 1493 3741 1565 κεχαρισμένην

2160 1588 2300 1645 εἶναι
2324 1588 2530 1660 ταύτην
2557 1587 2699 1657 Θεῷ,
2744 1587 2805 1639 rb
2834 1587 2891 1640 δέ
2935 1587 3132 1657 μάννα,
3164 1585 3267 1654 τὴν
3303 1582 3603 1653 τηνικαῦτα
3646 1581 3743 1634 οὐ·

2166 1684 2347 1756 ράνιον
2368 1681 2463 1735 καὶ
2490 1678 2876 1750 πνευματικὴν
2899 1678 3103 1748 τροφήν
3124 1693 3136 1704 ο
3163 1677 3196 1745 ή
3212 1676 3268 1728 δέ
3300 1673 3491 1745 ῥάϐδος
3523 1671 3748 1744 Ἀαρὼν

2162 1778 2196 1847 ή
2232 1776 2602 1846 βλαστήσασα,
2635 1771 2698 1825 τὸ
2727 1772 2827 1842 τῆς
2859 1769 3160 1840 μελλούσης
3198 1766 3499 1839 ἱερωσύνης
3541 1764 3741 1819 ἀειθα-

2160 1867 2250 1931 λές
2276 1883 2289 1896 ·
2334 1866 2392 1919 αἱ
2428 1865 2487 1919 δὲ
2531 1863 2738 1928 πλάκες
2784 1863 2885 1933 τῆς
2918 1861 3194 1931 Διαθήκης
3236 1860 3333 1923 τὰς
3379 1859 3595 1921 πλάκας
3626 1857 3749 1909 τῶν

2161 1956 2418 2030 καρδιῶν,
2452 1952 2542 2020 αῖς
2569 1955 2949 2026 ἐνεγράφησαν
2986 1954 3044 2008 αἱ
3077 1952 3289 2006 ἐντολαὶ
3325 1950 3421 2005 τοῦ
3473 1948 3639 2003 Θεοῦ.
3685 1948 3748 2002 '0
3780 1948 3783 1949 ⁷

2161 2046 2205 2100 δ’
2244 2048 2302 2100 ὲν
2336 2047 2511 2101 ἅπασι
2568 2046 2792 2117 χρυσὸς,
2839 2044 2901 2098 τὸ
2948 2042 3253 2115 τιμιώτερα
3300 2042 3408 2097 τῶν
3450 2041 3749 2111 παρόντων

2132 2147 2136 2152 ’
2162 2130 2302 2191 εἶναι
2324 2135 2393 2189 τά
2416 2136 2701 2208 μέλλοντα.
2724 2136 2805 2188 Τά
2826 2134 2882 2188 δὲ
2905 2135 2997 2188 ἐπὶ
3014 2134 3092 2205 τῷ
3116 2132 3411 2204 ἱλαστηρίῳ
3431 2133 3503 2184 Χε
3515 2131 3749 2200 ρουεὶμ,

2165 2228 2394 2299 μίμημα
2444 2225 2555 2279 τῶν
2600 2225 2850 2297 ἀοράτων
2888 2222 3281 2302 λειτουργικῶν
3324 2220 3633 2290 δυνάμεων,
3669 2214 3752 2273 ὧν

2163 2320 2223 2372 ἐν
2249 2318 2325 2389 τῷ
2358 2316 2509 2389 μέσῳ
2551 2314 2907 2388 χρηματίζων
2940 2316 2969 2368 ὁ
3006 2314 3135 2376 Θεὸς
3166 2313 3500 2376 ἐξιλάσκετο.
3550 2314 3615 2365 Οἱ
3644 2312 3750 2381 μὲν

2164 2412 2359 2483 χρυσοῖ
2388 2409 2639 2472 κώδωνες
2661 2408 2881 2479 ἐδήλουν
2907 2406 2969 2460 τὸ
2998 2408 3098 2477 τῆς
3119 2406 3355 2468 πίστεως
3377 2404 3617 2475 καθαρὸν
3649 2406 3757 2457 καὶ

2164 2502 2440 2574 λαμπρὸν,
2475 2501 2571 2555 καὶ
2601 2499 2797 2570 εὔηχον
2830 2500 2889 2552 ἐν
2918 2498 3154 2567 δόγμασι
3197 2498 3293 2550 καὶ
3327 2496 3621 2565 διδάγμασι
3647 2512 3662 2524 ⁸
3697 2496 3757 2548 οἱ

2165 2593 2221 2647 δὲ
2254 2594 2461 2665 ροἲσκοι
2488 2592 2583 2645 τὸν
2607 2591 2721 2663 βίον
2733 2590 2825 2644 τοῦ
2850 2588 3040 2660 ἱερέως
3054 2588 3147 2641 καὶ
3166 2586 3509 2642 διδασκάλου,
3526 2587 3753 2653 Ὥσπερ

2166 2684 2274 2756 γάρ
2302 2686 2403 2754 τῆς
2453 2682 2553 2754 μὲν
2602 2683 2755 2753 ῥοιᾶς
2798 2681 2859 2734 τὸ
2897 2681 2995 2751 μὲν
3030 2679 3351 2749 φαινόμενον
3379 2678 3615 2748 σκληρὸν
3654 2679 3762 2732 καὶ

2170 2782 2391 2851 στυφὸν,
2421 2782 2450 2835 ὁ
2471 2780 2516 2832 δ’
2552 2776 3004 2850 ἐγκεκρυμμένος
3038 2776 3249 2847 καρπὸς
3276 2774 3438 2845 ἡδύς·
3469 2772 3613 2826 οὕτω
3653 2773 3760 2826 καὶ

2167 2876 2371 2929 τούτων
2405 2872 2434 2924 ὁ
2466 2872 2579 2942 βίος
2603 2868 2993 2940 κατεσκληκὼς
3025 2869 3123 2940 μὲν
3156 2869 3250 2920 καὶ
3282 2866 3644 2937 δυσπρόσιτος
3688 2864 3762 2918 τὸ

2170 2964 2513 3035 φαινόμενον.
2545 2961 2795 3015 Ἐπειδὰν
2816 2961 2873 3015 δὲ
2903 2963 2931 3015 ὁ
2966 2960 3216 3033 Γεωργδς
3242 2961 3276 3030 ἡ
3287 2958 3403 3030 μῶν
3434 2959 3618 3032 ἀνοίξῃ
3651 2962 3762 3014 καὶ

487 3051 602 3107 vita
636 3061 721 3106 est
764 3052 901 3106 dura
955 3051 1180 3121 quidem
1220 3061 1277 3106 et
1308 3052 1460 3106 aditu
1487 3051 1747 3116 difﬁcilis,
1777 3052 1823 3106 si
1853 3059 2061 3121 spectes

2173 3052 2465 3127 φανερώσῃ
2493 3051 2553 3106 τὸ
2584 3052 2849 3106 ἀπόθετον
2876 3049 3066 3104 τούτου
3104 3049 3323 3113 κάλλος,
3360 3048 3483 3102 τότε
3512 3049 3753 3117 γλυκεῖα

488 3140 635 3208 quod
675 3141 945 3195 cernitur.
1001 3140 1297 3209 Postquam
1335 3148 1521 3196 autem
1576 3150 1765 3195 noster
1818 3140 2069 3211 Agricola

488 3230 768 3300 aperuerit
793 3238 849 3285 et
881 3230 1314 3286 manifestaverit
1333 3231 1626 3302 repositam
1667 3231 1787 3302 ejus
1821 3231 2068 3301 pulchri-

489 3320 740 3376 tudinem
766 3361 779 3385 ,
825 3331 959 3377 tunc
1001 3322 1063 3376 ﬁt
1119 3323 1305 3377 suavis
1331 3323 1450 3394 ejus
1480 3322 1830 3392 participatio
1863 3322 1931 3376 iis
1971 3321 2068 3391 qui

488 3428 611 3468 eam
660 3414 1031 3483 perceperint.
1086 3414 1391 3485 Κροσσούς,
1433 3413 1490 3468 id
1528 3421 1613 3470 est
1648 3413 1870 3479 limbos,
1908 3422 2069 3469 vocat

486 3504 821 3575 appendices
848 3505 1112 3561 rotundas
1133 3521 1256 3577 qua:
1286 3506 1424 3562 citra
1452 3523 1614 3563 usum
1648 3507 1891 3578 pendent
1918 3522 1949 3561 a
1977 3514 2067 3561 tu-

487 3597 634 3661 nica,
670 3605 896 3652 ornatus
917 3600 1113 3670 gratia.
1145 3597 1374 3668 Oportet
1397 3599 1544 3655 enim
1568 3599 1735 3654 vitam
1766 3599 2068 3655 sacerdotis

486 3706 601 3745 non
631 3691 809 3746 solum
841 3691 1033 3747 ornari
1058 3691 1351 3759 mandatis,
1393 3694 1490 3749 sed
1511 3694 1679 3748 etiam
1713 3694 1919 3749 habere
1964 3693 2067 3748 ali-

486 3784 619 3853 quid
653 3799 684 3837 a
712 3784 892 3854 seipso
917 3784 982 3839 ad
1009 3784 1379 3840 accessionem
1412 3795 1658 3840 ornatus.

557 3873 624 3925 Et
665 3873 914 3943 impones
960 3874 1214 3929 rationali
1255 3873 1449 3946 judicii
1482 3874 1982 3930 manifestationem
2011 3882 2068 3930 et

486 3963 796 4019 veritatem.
837 3965 958 4021 Non
996 3976 1116 4021 erat
1148 3968 1373 4022 omnino
1430 3968 1641 4037 aliquid
1693 3976 1812 4023 arte
1861 3967 2065 4023 factum

487 4053 793 4109 declaratio‘
815 4064 871 4110 et
898 4056 1124 4111 veritas.
1160 4058 1372 4113 Revera
1408 4058 1555 4112 enim
1584 4059 1815 4115 dixisset
1838 4076 2068 4131 quomo-

486 4143 558 4198 do
590 4157 655 4198 ea
702 4152 888 4200 essent
912 4153 1228 4200 constructa
1258 4164 1270 4200 :
1299 4145 1395 4201 sed
1430 4155 1551 4202 erat
1599 4146 1775 4201 solum
1824 4147 2065 4217 cognitio

486 4236 735 4305 quaedam
764 4236 1087 4306 spiritualis.
1113 4237 1432 4308 lmponente
1455 4238 1603 4293 Mose
1646 4238 1916 4292 rationale
1965 4249 2063 4309 pe-

485 4328 626 4381 ctori
662 4328 983 4393 sacerdotis,
1034 4329 1194 4384 simul
1254 4330 1664 4401 ingrediebatur
1716 4346 1907 4385 eorum
1942 4348 2063 4402 quae

2173 3146 2386 3215 γίνεται
2409 3146 2522 3208 τοῖς
2547 3143 2927 3199 ἀπολαύσασιν
2948 3144 2981 3213 ή
3012 3143 3274 3213 μετουσία
3298 3140 3408 3195 τῶν
3443 3141 3591 3195 ἱδίων
3619 3158 3771 3213 καρ-

2171 3236 2310 3292 πῶν.
2345 3235 2683 3301 Ὀσσύὅους
2713 3235 2871 3289 καλεῖ
2900 3234 2967 3288 τὰ
2986 3234 3090 3298 ἔξω
3118 3233 3220 3304 τῆς
3260 3234 3450 3305 χρείας
3498 3234 3763 3305 ἀπηρτηο

2173 3328 2312 3399 μένα
2340 3328 2435 3381 τοῦ
2467 3326 2693 3398 χιτῶνος
2716 3327 2878 3397 χάριν
2907 3326 3116 3396 κόσμου
3147 3325 3463 3399 σφαιροειδῆ
3495 3326 3761 3395 ἀπαρτήη

2172 3437 2338 3491 ματα.
2375 3420 2467 3472 Δεῖ
2495 3418 2604 3490 γὰρ
2628 3418 2718 3472 τὸν
2746 3418 2860 3487 βίον
2886 3417 2979 3470 τοῦ
3018 3417 3210 3488 ἱερέως
3240 3418 3313 3488 μὴ
3352 3419 3474 3480 ταῖς
3506 3416 3767 3475 ἐντολαῖς

2168 3511 2495 3582 κοσμεῖσθαι
2530 3511 2715 3583 μόνον,
2748 3510 2864 3564 ἀλλ’
2893 3508 3041 3581 ἔχειν
3070 3527 3124 3563 τι
3148 3508 3361 3563 οἴκοθεν
3392 3510 3471 3573 εἱς
3502 3507 3763 3579 προσθήέ

2168 3621 2273 3676 κην
2298 3604 2529 3675 κόσμου.

2238 3874 2349 3929 Καὶ
2375 3873 2659 3945 ἐπιθήσεις
2680 3874 2758 3946 τῷ
2778 3872 2975 3945 λογείῳ
3006 3871 3110 3942 τῆς
3138 3871 3373 3943 κρίσεως
3392 3871 3492 3940 τὴν
3513 3870 3757 3943 δήλωσιν

2168 3968 2264 4022 καὶ
2297 3967 2398 4038 τὴν
2431 3966 2714 4037 ἀλήθειαν,
2755 3967 2868 4020 Οὐκ
2900 3962 2967 4036 ἦν
2996 3966 3134 4031 ὅλως
3154 3965 3403 4036 τέχνημά
3429 3983 3484 4018 τι
3512 3965 3548 4035 ἡ
3574 3964 3754 4035 δήλωο

2169 4078 2255 4123 σις
2284 4059 2439 4131 καὶὴ
2470 4058 2725 4131 ἀλήθεια·
2758 4054 2794 4130 ἦ
2824 4057 2932 4129 γὰρ
2965 4059 3031 4112 ἂν
3064 4056 3256 4129 εἴρηκε
3285 4058 3380 4111 καὶ
3415 4056 3509 4110 τὸν
3541 4058 3759 4128 τρόπον

2165 4153 2266 4224 τῆς
2296 4153 2646 4223 κατασκευῆς
2687 4151 2866 4207 αὐτῶν
2893 4168 2905 4181 ⁸
2938 4151 3073 4204 ἀλλὰ
3114 4150 3274 4221 μόνον
3321 4149 3521 4220 γνῶσις
3556 4144 3625 4219 ἦν
3663 4167 3757 4213 τις

2168 4246 2518 4316 πνευματική
2536 4262 2551 4277 ο
2576 4243 2914 4307 ἐπιτιθέντος
2935 4242 3180 4306 Μωσέως
3201 4243 3265 4295 τὸ
3280 4242 3489 4311 λογεῖον
3509 4240 3592 4311 τῷ
3615 4241 3757 4310 στή-

2167 4334 2250 4387 θει
2280 4334 2375 4388 τοῦ
2406 4334 2627 4406 ἱερέως,
2644 4336 3034 4405 συνεισήρχετο
3062 4333 3321 4404 νοητῶςὴ
3345 4332 3582 4404 δήλωσις
3596 4333 3697 4383 xci.
3716 4332 3756 4403 ἡ

486 4418 691 4475 cadunt
723 4420 826 4475 sub
858 4421 1275 4493 intelligentiam
1313 4422 1615 4477 deelaratio
1654 4433 1711 4478 et
1737 4424 1961 4489 veritas,
2004 4434 2061 4480 ut

2167 4428 2417 4501 ἀλήθεια,
2455 4428 2578 4484 θεία
2602 4446 2687 4493 τις
2717 4429 3060 4499 ἀποκάλυψις
3090 4422 3247 4489 οὖσα,
3270 4427 3365 4480 καὶ
3384 4426 3483 4497 τὴν
3512 4424 3763 4496 καρδίαν

484 4527 607 4581 quae
638 4512 709 4565 sit
734 4511 917 4566 divina
957 4513 1208 4582 quaedam
1242 4514 1525 4580 revelatio,
1569 4524 1625 4570 et
1669 4514 1940 4570 illuminct
1968 4532 2065 4571 eor

485 4601 806 4656 sacerdotis.
839 4600 1208 4667 Quamobrem
1252 4603 1447 4671 reliqui
1478 4618 1697 4673 quoque
1735 4604 2064 4675 interpretes

483 4707 578 4747 eas
633 4692 992 4747 nominarunt
1040 4692 1471 4749 illuminationes
1521 4702 1577 4749 et
1620 4695 1845 4767 δήλους,
1876 4697 1929 4750 id
1979 4706 2064 4753 est

482 4784 1123 4840 manifestationesznos
1181 4784 1414 4840 docente
1469 4801 1533 4841 ea
1592 4785 1783 4858 ﬁgura,
1815 4788 1961 4858 quod
2015 4789 2061 4844 si

482 4877 773 4947 quisquam
795 4878 939 4934 ferat
966 4877 1255 4943 rationale,
1285 4893 1485 4949 nempe
1511 4880 1819 4952 principem
1864 4882 2062 4939 animm

481 4967 819 5034 facultatem,
849 4985 970 5039 qua:
992 4969 1257 5025 discernit
1280 4970 1479 5026 melius
1507 4986 1539 5027 a
1571 4972 1868 5041 deteriore,
1897 4991 2059 5030 mun-

483 5057 609 5112 dam
635 5066 691 5112 et
722 5058 975 5124 nitidam,
1010 5067 1067 5114 et
1108 5060 1409 5116 virtutibus
1466 5070 1726 5133 tanquam
1783 5063 2062 5133 lapidibus

482 5148 741 5220 pretiosis
764 5150 937 5220 ipsam
966 5163 1217 5219 exornet,
1255 5154 1681 5225 cogitationibus
1724 5155 1779 5209 in
1818 5157 2058 5225 seipsum

480 5242 851 5309 volventibus,
875 5251 933 5299 et
976 5252 1234 5315 tanquam
1269 5246 1582 5316 duplicatis,
1615 5255 1676 5301 ut
1705 5247 1891 5317 lingua
1920 5248 2058 5303 nihil

482 5335 727 5405 proferat
752 5336 899 5406 quod
924 5352 1035 5391 non
1056 5337 1130 5392 sit
1151 5338 1523 5393 examinatum
1557 5338 1695 5409 (hoc
1715 5337 1863 5392 enim
1887 5338 2059 5409 signi-

484 5424 613 5478 ﬁcat
634 5426 789 5492 illud,
815 5426 1143 5498 imperatum
1168 5443 1289 5484 esse
1320 5437 1381 5483 ut
1406 5429 1479 5484 sit
1501 5428 1704 5500 duplex
1727 5430 2055 5500 rationale),

487 5525 639 5582 tunc,
670 5526 801 5573 tunc
828 5519 1089 5590 cvestigio
1123 5528 1180 5575 et
1201 5536 1299 5576 sua
1326 5529 1520 5591 sponte
1548 5522 1727 5578 aderit
1747 5538 1936 5578 eorum
1964 5522 2058 5579 de-

485 5608 712 5665 claratio
734 5618 791 5665 et
817 5611 1019 5665 veritas
1046 5612 1257 5667 lucidas
1284 5612 1522 5667 atlerens
1552 5614 1934 5670 revelationes.

558 5698 842 5757 Rationale
897 5700 1117 5771 quidem
1157 5703 1417 5775 imposuit
1463 5706 1673 5776 pectori
1716 5706 2053 5773 sacerdotis,

2166 4523 2261 4576 τοῦ
2299 4523 2490 4594 ἱερέως
2518 4521 2996 4592 καταφωτίςουσα.
3028 4522 3119 4574 Διὸ
3156 4519 3252 4573 καὶ
3284 4521 3334 4573 οἱ
3356 4519 3534 4573 λοιποὶ
3564 4520 3761 4590 ἑρμηι-

2164 4616 2353 4668 νευταὶ
2384 4615 2699 4685 φωτισμοὺς
2733 4614 2829 4668 καὶ
2860 4614 3053 4684 δήλους
3082 4612 3254 4667 ταῦτα
3298 4612 3593 4683 ὠνόμασαν
3617 4627 3633 4641 °
3672 4610 3763 4665 δι-

2163 4705 2471 4777 δασκούσης
2498 4707 2647 4777 ἡμᾶς
2692 4706 2793 4776 τῆς
2822 4703 3079 4775 τοιαύτης
3129 4703 3541 4769 διατυπώσεως,
3577 4704 3657 4767 ὡς
3706 4708 3763 4758 ει

2164 4815 2249 4860 τις
2271 4798 2334 4851 τὸ
2361 4797 2572 4864 λογεῖον
2591 4798 2712 4869 ἢτοι
2739 4798 2799 4851 τὸ
2831 4796 3161 4868 ἡγεμονικὸν
3186 4799 3285 4868 τῆς
3309 4796 3508 4867 ψυχῆς,
3538 4796 3602 4848 τὸ
3623 4795 3764 4849 δια-

2163 4892 2350 4961 κρῖνον
2377 4890 2437 4942 τὸ
2467 4892 2714 4961 κρεῖττον
2742 4889 2849 4943 ἀπὸ
2882 4889 2976 4943 τοῦ
3008 4888 3276 4960 χείρονος,
3316 4888 3555 4957 καθαρὸν
3587 4887 3761 4957 φέροι

2162 4983 2258 5036 καὶ
2296 4982 2571 5053 λαμπρὸν,
2610 4981 2705 5036 καὶ
2754 4982 2873 5045 ταῖς
2912 4982 3134 5053 ἀρεταῖς
3167 4981 3422 5050 καθάπερ
3465 4979 3634 5042 λίθοις
3666 4998 3763 5033 τι⁴

2164 5069 2309 5140 μίοις
2338 5069 2527 5124 τοῦτον
2560 5071 2991 5141 κατακοσμήσω,
3025 5070 3133 5123 τῶν
3172 5070 3573 5141 ἐνθυμημάτων
3606 5070 3761 5124 ἀνα-

2160 5160 2550 5229 κυκλουμένων
2571 5162 2652 5224 εἰς
2673 5160 2864 5225 ἑαυτά,
2889 5162 2985 5213 καὶ
3000 5159 3191 5231 ὥσπερ
3213 5158 3759 5230 διπλασιαζομένων,

2160 5253 2247 5305 ἵνα
2281 5252 2447 5323 μηδὲν
2476 5251 2855 5315 ἀϐασανίστως
2881 5251 2990 5306 ἀπὸ
3013 5253 3111 5322 τῆς
3137 5251 3385 5321 γλώττης
3412 5252 3763 5323 προφέροιτο

2160 5344 2343 5415 (τοῦτο
2372 5343 2481 5414 γάρ
2526 5343 2679 5414 δηλοῖ
2725 5342 2787 5396 τὺ
2832 5343 3234 5414 προστετάχθαι
3263 5341 3485 5396 διπλοῦν
3511 5338 3653 5396 εἶναι
3684 5343 3765 5397 rb

2158 5434 2416 5503 λογεῖον),
2449 5433 2570 5486 τότε
2616 5433 2702 5504 δὴ,
2739 5434 2863 5486 τότε
2914 5434 3231 5505 παραπόδας
3282 5434 3378 5487 καὶ
3412 5434 3764 5504 αὐτομάτως

2159 5523 2431 5595 παρέσται
2463 5521 2638 5591 τούτῳ
2664 5523 2699 5593 ἡ
2725 5521 2956 5593 δήλωσις
2989 5523 3084 5577 καὶ
3130 5524 3163 5593 ή
3199 5522 3444 5593 ἀλήθεια,
3487 5521 3589 5585 τὰς
3623 5539 3765 5592 φω-

2158 5617 2340 5679 τεινάς
2368 5614 2742 5685 ἀποκαλύψεις
2770 5614 3091 5685 κομίζουσα.

2229 5704 2303 5759 Tb
2339 5704 2438 5776 μὲν
2495 5704 2703 5774 λογεῖον
2740 5702 3021 5756 ἐπετίθετο
3064 5703 3140 5774 τῷ
3194 5702 3383 5775 στήθει
3413 5700 3510 5757 τοῦ
3547 5699 3759 5775 ἀρχιε-
