4062 6202
554 295 690 351 1Ἠ5

1765 291 1819 346 S.
1862 291 2134 347 CYRIIJJ
2176 290 2264 353 ΕΤ
2302 291 2610 349 ALIORUM

3740 280 3893 335 12.6

552 413 701 468 enim
728 417 813 466 est
838 410 954 481 ejus
987 411 1040 465 in
1074 425 1237 479 quem
1262 408 1469 463 cadunt
1505 407 1673 463 animi
1706 416 1889 463 motus
1913 417 1968 464 et
2010 424 2136 478 per-

2250 409 2601 480 Συμϐολικῶς
2628 406 2684 463 δέ
2710 410 2801 462 διὰ
2844 412 3050 463 τούτων
3094 407 3193 469 τὰς
3221 403 3621 475 πνευματικὰς
3666 400 3893 462 θυσίας

555 500 916 553 turbationes.
956 498 1061 551 Per
1108 498 1213 552 hoc
1255 506 1438 551 autem
1493 497 1801 569 symbolice
1847 498 2142 553 constituit

556 589 861 658 spiritualia
901 587 1187 653 sacriﬁcia,
1226 588 1517 655 vitiorum,
1568 590 1813 659 inquam,
1854 598 1911 643 et
1970 589 2139 643 animi

552 688 801 733 motuum
826 678 1324 746 mortiﬁcationem,
1359 682 1454 751 qui
1477 689 1787 737 mactantur
1810 681 1989 752 gladio
2014 681 2135 750 Spi-

551 772 713 834 ritus,
750 771 895 841 quod
935 781 1020 826 est
1058 774 1289 828 verbum
1323 775 1443 839 Dei,
1478 783 1532 829 et
1572 776 1909 829 oblationem
1955 774 2129 828 facul-

553 867 724 914 tatum
754 860 1115 925 naturalium,
1147 878 1269 931 qua:
1299 863 1422 933 igne
1469 863 1697 933 spiritus
1721 872 1982 932 tanquam
2027 864 2128 917 ho-

550 952 794 1005 locausta
828 952 1248 1007 comburuntur.
1275 954 1409 1007 Nam
1435 954 1580 1008 aries
1605 954 1830 1023 quidem
1857 964 1943 1008 est
1979 969 2129 1025 sym-

2241 501 2620 573 ἐνομοθὲτησε,
2662 504 2931 573 νέκρωσιν
2969 501 3116 569 λέγω
3156 497 3346 553 παθῶν
3373 494 3799 565 σφαζομένων
3823 494 3891 563 τῇ

2244 593 2489 665 μαχαίρᾳ
2528 595 2621 647 τοῦ
2667 594 2999 664 Πνεύματος,
3050 593 3079 645 ὃ
3138 592 3255 644 ἐστι
3313 590 3467 660 ῥῆμα
3526 584 3735 647 Θεοῦ,
3791 586 3892 637 καὶ

2242 684 2609 753 προσαγωγὴν
2653 685 2762 738 τῶν
2808 683 3053 753 φυσικῶν
3089 682 3403 752 δυνάμεων,
3442 678 3527 749 τῷ
3567 676 3752 745 πυρὶ
3792 673 3889 726 τοῦ

2240 773 2552 845 πνεύματος
2585 775 3092 845 ὁλοκαυτουμένων.
3151 772 3428 842 Σύμϐολον
3476 770 3602 839 γὰρ
3671 770 3711 820 ὁ
3784 769 3888 835 μὲν

2240 866 2393 936 κριὸς
2438 866 2532 919 τοῦ
2562 866 2898 935 λογιστικοῦ,
2928 866 3018 919 διὰ
3057 865 3118 919 τὸ
3159 864 3514 935 ἡγεμονικὸν,
3554 865 3584 913 ὀ
3616 860 3696 912 δὲ
3741 857 3886 910 ταῦ-

2240 975 2329 1028 ρος
2358 958 2451 1011 τοῦ
2490 959 2747 1029 θυμικοῦ,
2776 961 2807 1030 ἡ
2836 958 2925 1024 αἲξ
2956 958 3014 1010 δὲ
3040 958 3133 1010 τοῦ
3163 953 3603 1026 ἐπιθυμητικοῦ.

548 1043 736 1097 bolum
760 1045 1189 1101 ratiocinatrieis
1215 1047 1515 1113 facultatis,
1551 1058 1844 1118 propterea
1880 1048 2026 1119 quod
2061 1049 2132 1104 sit
2172 1051 2288 1106 dux
2309 1056 2507 1125 gregis,
2548 1065 2737 1109 taurus
2777 1062 2959 1109 autem
3006 1052 3279 1107 irascendi
3319 1050 3649 1113 facultatis,
3698 1061 3879 1115 capra

548 1145 734 1193 autem
766 1139 1042 1195 facultatis
1070 1143 1519 1211 concupiscendi.

620 1232 834 1303 Moyses
878 1232 1080 1303 jubens
1118 1234 1318 1289 hostiis
1358 1250 1520 1290 renes
1552 1234 1795 1291 adimere
1817 1237 1886 1301 ‘9,
1919 1245 1975 1292 et
2012 1237 2133 1291 adi-

548 1340 696 1393 pem,
731 1332 785 1379 et
814 1326 1216 1393 peetusculum,
1249 1333 1304 1380 et
1336 1326 1524 1380 lobum
1571 1328 1806 1398 hepatis,
1833 1343 1933 1398 per
1966 1343 2030 1382 ea
2056 1334 2134 1381 ta-

550 1416 659 1470 cite
680 1414 1007 1485 signiﬁcavit
1036 1417 1250 1473 auferre
1279 1427 1581 1487 potestates
1606 1436 1729 1490 qum
1766 1428 1895 1475 sunt
1931 1429 2134 1490 prazter

551 1513 805 1560 naturam
838 1523 850 1558 :
885 1514 939 1560 et
976 1507 1327 1576 opcrationes
1360 1510 1457 1563 ira:
1480 1524 1543 1563 ac
1571 1508 1892 1578 cupiditatis
1913 1550 1926 1574 ,
1956 1517 2011 1563 et
2038 1523 2133 1563 eas

550 1597 883 1667 liquefaeere
917 1597 1105 1652 divino
1131 1599 1254 1669 igne
1283 1602 1572 1669 potestatis
1598 1580 1719 1670 qua:
1742 1608 1826 1655 est
1854 1601 1908 1654 in
1947 1599 2133 1670 cogni-

552 1692 701 1746 tione
732 1691 1036 1760 spirituali,
1084 1692 1383 1760 cupiditate
1426 1692 1649 1762 quidem
1693 1692 1994 1763 signiﬁcata
2034 1706 2132 1761 per

552 1794 734 1843 renes,
791 1780 912 1849 ejus
960 1788 1143 1833 autem
1184 1782 1527 1850 operatione,
1573 1798 1695 1852 quze
1733 1791 1818 1836 est
1858 1783 2130 1852 voluptas,

550 1884 649 1938 per
683 1869 896 1938 adipem
924 1878 979 1924 et
1011 1887 1203 1925 rursus
1232 1872 1312 1926 ira
1338 1872 1562 1942 quidem
1596 1889 1694 1943 per
1724 1874 2127 1943 pectusculum,

550 1961 671 2030 ejus
711 1970 896 2015 autem
947 1963 1268 2032 operatione
1311 1979 1409 2033 per
1460 1964 1647 2018 lobum
1677 1964 1909 2034 hepatis,
1941 1964 1996 2018 in
2022 1980 2132 2034 quo

552 2052 832 2106 concrevit
861 2070 1043 2108 amara
1080 2063 1136 2109 et
1174 2055 1315 2110 acris
1360 2055 1507 2110 bilis.
1534 2056 1637 2122 Qui
1667 2072 1766 2127 per
1791 2057 1935 2126 piam
1962 2056 2131 2109 ratio-

553 2160 679 2198 nem
724 2146 835 2200 Deo
877 2146 1149 2202 sacriﬁcat
1185 2147 1352 2201 corda
1380 2146 1670 2202 brutorum
1696 2188 1710 2211 ,
1759 2162 1883 2201 cum
1931 2147 2133 2216 quibus

552 2236 965 2305 preportionem
989 2246 1044 2290 et
1064 2234 1503 2290 convenientiam
1528 2234 1696 2288 habet
1726 2234 2129 2303 pectusculum,

552 2335 609 2381 et
646 2327 880 2382 activam
920 2342 1114 2381 eorum
1160 2327 1499 2391 facultatem,
1527 2341 1651 2380 cum
1680 2342 1786 2395 qua
1820 2325 2132 2394 preportio-

552 2435 678 2474 nem
719 2428 773 2473 et
824 2417 1269 2473 convenientiam
1324 2418 1487 2471 habet
1534 2416 1862 2478 brachium,
1917 2421 2135 2484 separat

551 2510 861 2580 operationi
891 2510 1298 2573 mandatorum,
1342 2508 1519 2563 factus
1569 2518 1653 2562 est
1685 2506 1960 2573 sacerdos,
1986 2506 2133 2560 acci-

552 2600 709 2670 piens
733 2598 891 2653 abiis
907 2598 1001 2667 qui
1028 2598 1238 2667 seipsos
1260 2599 1374 2653 Deo
1401 2597 1642 2653 offerunt
1660 2597 1917 2661 hostiam,
1944 2605 2136 2666 pectu-

552 2692 768 2745 sculum
812 2699 867 2745 et
887 2690 1195 2745 brachium.
1226 2690 1307 2744 Ad
1340 2688 1761 2744 sacriﬁcandum
1791 2697 1877 2744 est
1915 2688 2136 2758 ineptus

550 2784 647 2853 qui
690 2792 773 2839 est
812 2792 995 2837 mente
1048 2798 1225 2837 caicus
1257 2790 1312 2837 et
1353 2783 1583 2838 claudus
1601 2782 1671 2847 "°,
1714 2798 1781 2837 eo
1821 2781 1968 2852 quod
2024 2797 2135 2837 non

552 2881 703 2928 recto
746 2876 884 2943 pede
931 2875 1149 2929 incedat
1194 2874 1247 2927 in
1289 2874 1400 2928 vita
1439 2882 1496 2928 et
1530 2874 1913 2944 dogmatibus,
1954 2880 2011 2927 ct
2040 2872 2135 2942 qui

2165 1646 2204 1701 Β

2318 1235 2376 1287 Ὀ
2423 1236 2630 1305 Μωσῆς
2678 1233 2942 1297 κελεύσας
2988 1234 3243 1303 ἀφαιρεῖν
3285 1232 3391 1286 τῶν
3436 1234 3688 1303 ἱερείων
3738 1235 3877 1295 τοῦς

2236 1328 2489 1397 νεφροὺς,
2532 1328 2625 1379 καὶ
2656 1325 2716 1379 τὸ
2763 1326 2948 1397 στέαρ,
3005 1326 3100 1379 καὶ
3149 1326 3209 1378 τὸ
3243 1324 3559 1396 στηθύνιον,
3611 1326 3734 1378 καὶ
3778 1326 3871 1377 τὸν

2234 1418 2391 1472 λοϐὸν
2418 1418 2512 1471 τοῦ
2561 1419 2794 1488 ἥπατος,
2826 1416 3048 1488 ᾐνίξατο
3073 1415 3161 1469 διὰ
3202 1416 3405 1469 τούτων
3439 1418 3737 1487 ἀφαιρεῖν
3770 1417 3873 1478 τὰς

2237 1508 2391 1579 παρά
2422 1507 2584 1577 φύσιν
2629 1508 2892 1577 δυνάμεις
2921 1508 3018 1561 καὶ
3062 1505 3345 1576 ἐνεργείας
3388 1506 3484 1559 τοῦ
3539 1523 3609 1559 τε
3667 1505 3866 1575 θυμοῦ

2238 1602 2331 1654 καὶ
2380 1600 2478 1670 τῆς
2508 1599 2826 1669 ἐπιθυμίας,
2861 1600 2953 1652 καὶ
2992 1598 3070 1667 τῷ
3101 1598 3229 1667 θείῳ
3266 1597 3397 1666 πυρὶ
3423 1597 3524 1666 τῆς
3560 1596 3736 1649 κατὰ

2234 1692 2614 1763 πνευματικὴν
2649 1690 2853 1758 γνῶσιν
2894 1689 3179 1759 δυνάμεως
3210 1688 3462 1758 ἐκτήκειν
3483 1688 3682 1752 αὑτάς
3703 1705 3723 1718 ⁸
3764 1688 3868 1757 τῆς

2237 1785 2336 1855 μὲν
2370 1783 2663 1854 ἐπιθυμίας
2705 1782 2793 1835 διὰ
2830 1782 2937 1833 τῶν
2983 1780 3195 1853 νεφρῶν
3226 1780 3595 1850 δηλουμὲνης,
3642 1781 3768 1849 τῆς
3803 1780 3863 1832 δὲ

2234 1875 2517 1946 ἐνεργείας
2548 1875 2737 1944 αὐτῆς,
2772 1874 2893 1944 ἥτις
2925 1873 3072 1926 ἐστὶν
3102 1873 3134 1943 ὴ
3168 1872 3354 1943 ἡδονὴ,
3383 1871 3472 1925 διὰ
3511 1872 3618 1925 τοῦ
3679 1871 3859 1925 στέα-

2233 1985 2346 2031 τος.
2378 1968 2488 2020 Καὶ
2523 1961 2678 2030 αὖθις
2710 1966 2805 2019 τοῦ
2853 1965 2953 2034 μὲν
2989 1964 3183 2035 θυμοῦ,
3224 1964 3314 2017 διὰ
3354 1964 3661 2033 στηθυνξου
3694 1982 3712 1994 °
3756 1966 3860 2033 τῆς

2233 2057 2291 2111 δὲ
2328 2057 2607 2128 ἐνεργείας
2636 2054 2800 2128 αύοτοῦ
2830 2055 2918 2108 διὰ
2962 2054 3058 2107 τοῦ
3091 2053 3248 2106 λοϐοῦ
3282 2053 3376 2106 τοῦ
3422 2056 3671 2124 ἥπατος,
3720 2055 3787 2105 ἐν
3816 2046 3862 2120 ᾧ

2236 2148 2485 2218 πέπηγεν
2513 2147 2545 2217 ἡ
2572 2146 2745 2217 πικρὰ
2771 2145 2865 2198 καλ⁵
2890 2144 3195 2215 δριμυτάτη
3222 2144 3373 2214 χολή.
3417 2144 3476 2195 'U
3517 2145 3561 2195 ίε
3575 2144 3854 2213 ρουργιῖ,ν

2234 2238 2312 2308 τῷ
2345 2237 2464 2307 Θεῷ
2490 2238 2558 2291 δι’
2598 2235 2859 2300 εὐσεϐοῦς
2896 2236 3057 2304 λόγου
3085 2235 3183 2298 τάς
3216 2234 3327 2287 τῶν
3374 2235 3549 2287 ἄλλων
3596 2234 3856 2303 καρδίας

2236 2323 2327 2391 αἷς
2360 2328 2619 2396 ἀναλογεῖ
2649 2326 2709 2380 τὸ
2761 2325 3047 2397 πηθύνιον
3068 2342 3081 2357 ο
3117 2326 3210 2379 καὶ
3241 2324 3343 2395 τὴν
3374 2326 3706 2396 πρακτικὴν
3742 2326 3833 2377 αύ-

2234 2420 2343 2474 τῶν
2392 2420 2645 2490 δύναμιν,
2766 2418 3020 2486 ἀναλογεῖ
3052 2420 3079 2471 6
3110 2417 3382 2489 βραχίων,
3433 2417 3735 2488 ἀφορίζων
3779 2420 3849 2486 τῇ

2236 2512 2492 2582 ἐνεργείᾳ
2538 2510 2646 2564 τῶν
2692 2510 2947 2574 ἐντολῶν,
2993 2511 3219 2579 γέγονεν
3272 2512 3474 2582 ἱερεὺς,
3524 2511 3847 2582 λαμϐάνων

2238 2602 2389 2668 παρά
2428 2600 2536 2654 τῶν
2571 2602 2798 2663 ἑαυτοὺς
2835 2600 3050 2667 θυσίαν,
3079 2600 3157 2670 τῷ
3183 2599 3303 2669 Θεῷ
3342 2602 3749 2671 προσαγόντων
3782 2602 3848 2654 τὸ

2239 2694 2525 2765 στηθύνιον
2557 2694 2650 2747 καὶ
2691 2692 2782 2746 τὸν
2826 2691 3108 2764 βραχίονα.
3145 2692 3543 2764 Ἀνεπιτήδειος
3582 2696 3677 2757 εἰς
3723 2696 3841 2764 {sp-

2234 2786 2463 2857 ουργίαν
2514 2787 2542 2839 6
2577 2784 2787 2853 ,τυφλὸς
2835 2784 2927 2838 τὸν
2960 2783 3107 2850 νοῦν,
3166 2785 3261 2838 καὶ
3304 2786 3333 2838 6
3386 2785 3559 2854 χωλὸς
3608 2784 3701 2855 τῷ
3760 2784 3841 2855 μὴ

2236 2878 2547 2949 ὀρθοποδεῖν
2575 2878 2631 2930 ἐν
2664 2876 2764 2948 βίῳ
2794 2877 2890 2930 καὶ
2918 2876 3152 2946 δόγμασι
3177 2893 3189 2905 ·
3217 2881 3313 2931 καὶ
3345 2878 3374 2931 6
3403 2877 3737 2948 κολοϐι5ῥριν
3758 2876 3839 2945 τῷ

550 2973 636 3019 est
678 2982 811 3019 nare
854 2967 1084 3030 mutila,
1118 2981 1186 3019 eo
1227 2966 1373 3033 quod
1413 2966 1713 3035 perfectam
1765 2981 1876 3019 non
1939 2964 2136 3018 habeat

2243 2971 2317 3041 μὴ
2342 2969 2551 3024 τελείαν
2583 2969 2727 3041 ἔχειν
2751 2969 3046 3040 διάκρισιν.
3079 2968 3403 3041 Σύντριμμα
3434 2970 3489 3023 δὲ
3512 2972 3703 3041 χειρὸς
3737 2972 3837 3023 καὶ

552 3056 963 3111 discretionem.
1004 3056 1280 3111 Contritio
1311 3065 1494 3111 autem
1534 3072 1730 3111 manus
1774 3065 1831 3110 et
1860 3054 2017 3123 pedis
2048 3061 2133 3109 est

552 3146 854 3200 confractio
892 3146 1167 3201 facultatis
1204 3148 1467 3216 operandi
1506 3148 1670 3201 bona.
1718 3147 1984 3203 Incurvus
2032 3163 2133 3201 au-

554 3247 662 3291 tem
691 3238 736 3292 is
756 3245 840 3291 est
865 3239 959 3307 qui
988 3238 1055 3292 ad
1082 3253 1148 3292 ea
1177 3254 1299 3308 qum
1320 3249 1448 3293 sunt
1481 3238 1737 3294 inferiora
1771 3254 1829 3293 se
1854 3239 2131 3303 incurvat,

552 3338 609 3384 et
645 3346 674 3384 a
723 3328 959 3383 terrenis
999 3345 1109 3384 non
1152 3339 1333 3399 potest
1371 3344 1594 3385 sursum
1639 3329 1905 3398 aspicere.
1956 3328 2136 3383 Macu-

554 3420 704 3474 losus
727 3428 909 3473 autem
932 3426 1017 3473 est
1044 3419 1089 3474 is
1111 3420 1199 3474 cui
1234 3420 1395 3489 pellis
1424 3418 1749 3489 superﬁcies
1775 3425 1860 3473 est
1888 3434 1917 3473 a
1943 3419 2136 3473 morbo

552 3511 819 3565 oﬁuscata
850 3528 862 3563 :
890 3510 1069 3580 qualis
1102 3518 1185 3564 est
1225 3511 1337 3575 ille,
1368 3511 1528 3581 cujus
1561 3508 1742 3562 anima
1783 3518 2009 3577 peccato
2035 3510 2134 3563 ob-

555 3612 776 3657 scurata
823 3609 927 3657 est.
970 3601 1177 3671 Lippus
1220 3609 1407 3656 autem
1453 3600 1630 3655 oculis
1660 3607 1749 3654 est
1789 3599 1839 3653 is
1871 3599 1965 3669 qui
1990 3598 2138 3653 videt

554 3692 809 3762 quidem,
857 3692 953 3747 sed
998 3707 1111 3746 non
1164 3702 1346 3757 recte,
1407 3699 1469 3745 ut
1522 3690 1765 3745 haeretici
1808 3690 1903 3760 qui
1964 3691 2136 3745 Deum

553 3783 778 3852 quidem
803 3798 924 3837 esse
948 3781 1203 3844 credunt,
1230 3796 1342 3835 non
1368 3787 1519 3835 recta
1544 3788 1729 3834 autem
1750 3779 1818 3834 de
1840 3794 1908 3833 eo
1936 3779 2139 3833 habent

555 3875 829 3945 dogmata.
862 3873 1085 3929 Scabies
1127 3880 1312 3928 autem
1340 3872 1575 3941 agrestis
1615 3887 1714 3941 per
1744 3886 2026 3941 anagogen
2051 3877 2135 3926 est

556 3967 700 4022 acris
724 3966 901 4021 ﬁuxus
921 3965 1041 4019 vitii
1070 3981 1134 4019 ac
1162 3972 1347 4019 motus
1373 3964 1541 4018 animi
1569 3978 1636 4017 ex
1660 3964 1845 4017 anima
1866 3962 2135 4027 defluens,

554 4076 586 4114 a
607 4059 887 4129 voluptate
908 4058 1133 4128 quidem
1162 4057 1456 4127 incipiens,
1503 4056 1558 4111 in
1589 4057 1755 4111 ﬁnem
1779 4065 1965 4111 autem
1991 4070 2140 4110 ama-

554 4168 679 4206 rum
712 4151 989 4206 desinens.
1022 4149 1289 4219 lmpetigo
1323 4157 1508 4203 autem
1549 4158 1635 4204 est
1674 4149 1912 4218 quodvis
1940 4148 2137 4202 vitium

553 4258 649 4297 seu
685 4250 868 4297 motus
918 4256 983 4295 ac
1020 4240 1368 4311 perturbatio
1397 4256 1626 4310 serpens
1663 4255 1762 4309 per
1798 4243 2059 4305 animam,
2083 4249 2139 4294 et

552 4349 675 4402 qua:
717 4332 982 4386 dilatatur
1026 4331 1081 4386 in
1129 4331 1398 4386 deterius.
1446 4332 1626 4386 Unum
1683 4339 1869 4386 autem
1927 4331 2137 4386 habens
2171 4322 2214 4377 ι)

554 4426 872 4483 testiculum
909 4434 993 4481 est
1034 4426 1080 4481 is
1104 4426 1201 4495 qui
1229 4443 1297 4480 ex
1331 4424 1566 4479 dimidio
1609 4425 1865 4494 producit
1899 4425 2130 4480 fructus.

552 4562 662 4619 Cur
700 4560 962 4616 Israelita:
993 4563 1289 4615 hostiarum
1329 4559 1537 4629 quidem
1571 4559 1910 4629 vescebantur
1949 4574 2135 4629 corpo-

624 4633 787 4693 ribus,
832 4632 1147 4702 sanguinem
1192 4628 1369 4683 autem
1403 4629 1693 4698 fundebant
1726 4630 1796 4683 ad
1837 4628 2005 4681 basim
2051 4628 2135 4681 al-

622 4702 755 4757 taris
776 4704 843 4756 τί.

618 4817 883 4872 Ιειιιειίιω
920 4831 1047 4873 cum
1080 4814 1190 4870 sint
1219 4814 1463 4884 pueriles
1484 4814 1735 4879 scientia,
1764 4813 2014 4870 ferebant
2042 4824 2127 4886 ty-

550 4931 682 4987 pum
704 4931 897 4969 eorum
932 4915 1025 4984 qui
1050 4914 1103 4967 in
1136 4912 1338 4984 pietate
1371 4912 1754 4967 instituuntur.
1778 4910 1881 4976 Qui
1915 4925 2047 4981 ergo
2074 4912 2129 4964 iu

550 5006 752 5076 pietate
776 5004 1109 5069 instituitur,
1134 5002 1517 5059 mandatorum
1544 5001 1767 5072 quidem
1809 5002 2133 5070 exsequitur

548 5100 846 5163 actionem,
879 5107 1137 5166 tanquam
1179 5112 1377 5151 carnes
1401 5095 1698 5151 comedens
1718 5110 1781 5149 ea
1808 5110 1930 5163 quae
1968 5106 2133 5163 appa-

552 5200 676 5245 rent
699 5205 767 5245 ex
794 5190 1094 5244 virtutibus
1121 5207 1133 5242 :
1164 5190 1450 5253 moralem,
1468 5188 1715 5257 inquam,
1736 5184 2130 5248 eruditionem,

552 5282 665 5337 Deo
706 5291 889 5335 autem
922 5297 1114 5336 eorum
1153 5281 1391 5335 rationes
1424 5279 1571 5334 cedit
1609 5293 1707 5348 per
1731 5277 1914 5340 ﬁdem,
1955 5276 2133 5331 solum

552 5372 788 5427 credens
826 5374 971 5443 quod
1013 5373 1229 5427 divinas
1265 5373 1468 5426 habent
1514 5370 1772 5425 rationes.
1797 5369 1933 5423 Nam
1961 5369 2133 5424 altare

554 5459 779 5526 quidem
821 5470 906 5514 est
936 5463 1032 5516 Dei
1083 5462 1410 5533 symbolum.
1449 5462 1581 5531 Ejus
1628 5471 1811 5515 autem
1861 5459 2008 5513 basis
2048 5466 2136 5512 est

555 5558 717 5619 typus
748 5550 894 5606 fidei.
918 5554 1037 5622 Ipsa
1076 5553 1225 5612 enim
1252 5564 1338 5611 cst
1365 5553 1783 5609 fundamentum
1819 5551 1912 5608 Dei
1941 5551 2132 5622 cogni-

631 5728 672 5760 ⁶¹³
705 5726 878 5783 Levit.
912 5743 1022 5796 vut,
1046 5728 1135 5785 26.
1208 5729 1252 5762 ⁷⁰
1277 5730 1449 5786 chit.
1494 5745 1601 5798 XXI,
1641 5729 1700 5784 18
1727 5746 1876 5799 seqq.
1952 5730 1993 5759 '”
2033 5726 2210 5783 chit.

2236 3060 2418 3123 ποδὸς,
2455 3062 2488 3129 ἡ
2520 3059 2745 3129 θραῦσις
2772 3059 2875 3129 τῆς
2915 3059 3199 3131 δυνάμεως
3248 3061 3341 3114 τοῦ
3382 3060 3721 3132 ἐργάζεσθαι
3764 3063 3834 3115 τὰ

2236 3152 2399 3215 καλὰ,
2435 3151 2527 3204 καὶ
2564 3150 2805 3219 βαδίζειν
2839 3152 2933 3204 ἐπὶ
2967 3152 3036 3205 τὰ
3069 3150 3270 3220 ἀγαθά.
3299 3153 3508 3222 Κυρτὸς
3538 3153 3595 3205 δὲ
3626 3154 3661 3205 6
3692 3151 3835 3223 πρὸς

2236 3244 2306 3296 τὰ
2336 3243 2488 3295 κάτω
2515 3241 2793 3309 κεκυφὼς,
2823 3244 2918 3296 καὶ
2945 3243 3018 3313 μὴ
3044 3243 3339 3313 δυνάμενος
3367 3244 3475 3297 ἀπὸ
3494 3245 3604 3296 τῶν
3617 3246 3833 3312 γηΐνων

2236 3336 2542 3392 ἀνανεύειν.
2591 3336 2831 3406 Ἔφηλος
2875 3336 2952 3400 δὲ,
2983 3337 3011 3389 6
3056 3336 3163 3388 ἀπὸ
3196 3337 3501 3406 νοσήματος
3533 3335 3832 3406 μελανθεὶς

2238 3428 2338 3500 τὴν
2363 3428 2486 3497 ὄψιν
2516 3427 2609 3481 τοῦ
2648 3427 2940 3497 δέρματος,
2968 3426 3152 3487 ὁποῖός
3197 3427 3342 3479 ἐστιν
3370 3428 3398 3479 ὁ
3430 3426 3539 3479 ἀπὸ
3571 3427 3831 3498 ἀμαρτήο

2242 3537 2411 3591 ματος
2429 3518 2699 3590 ζοφωθεὶς
2723 3520 2822 3588 τὴν
2844 3516 3045 3587 ψυχήν.
3077 3516 3332 3580 Πιλλὸςδὲ
3349 3517 3473 3579 τοὺς
3496 3517 3829 3588 ὀφθαλμοὺς

2237 3614 2266 3666 6
2298 3610 2511 3679 βλέπων
2542 3609 2663 3681 μὲν,
2708 3609 2804 3678 οὐχ
2838 3607 3009 3677 ὑγιῶς
3044 3608 3122 3674 δέ,
3158 3607 3231 3672 ὡς
3255 3608 3304 3661 οἱ
3348 3608 3645 3678 αἰρετικοὶ,
3685 3609 3829 3662 Θεὸν

2242 3705 2342 3775 μὲν
2377 3700 2517 3756 εἶναι
2548 3700 2917 3765 πιστεύοντες,
2942 3700 3041 3771 οὐχ
3072 3700 3240 3769 ὑγιῶς
3268 3700 3324 3754 δέ
3350 3700 3475 3771 περὶ
3503 3699 3678 3753 αὐτοῦ
3698 3702 3822 3769 δογ-

2242 3795 2578 3865 ματίζοντες.
2612 3792 2788 3863 Ψῶρα
2813 3790 2871 3844 δέ
2905 3790 3074 3861 ἀγρία
3123 3792 3242 3844 κατ’
3265 3790 3559 3861 ἀναγωγὴν
3612 3792 3821 3851 πάθους

2238 3888 2404 3957 δριμὺ
2424 3885 2604 3957 ῥεῦμα
2632 3883 3034 3953 καταχεόμενον
3060 3884 3159 3952 τῆς
3182 3882 3383 3953 ψυχῆς,
3409 3883 3468 3949 ἐξ
3706 3882 3807 3951 μὲν

2239 3980 2560 4048 ἀρχόμενον,
2600 3978 2680 4040 είς
2711 3975 2906 4047 πικρὸν
2942 3975 2999 4029 δὲ
3045 3975 3218 4047 πέρας
3262 3976 3596 4046 καταλῆγονο
3625 3972 3805 4042 λειχὴν

2240 4071 2318 4133 δὲ,
2349 4072 2457 4124 πᾶν
2491 4069 2670 4123 ὁτιοῦν
2719 4066 2892 4129 πάθος
2938 4067 3107 4137 ἕρπον
3162 4069 3308 4122 κατά
3344 4070 3445 4139 τῆς
3495 4070 3687 4138 ψυχῆς,
3720 4067 3814 4119 καὶ

2243 4161 2604 4233 εύρυνόμενον
2644 4160 2726 4222 εἰς
2758 4158 2819 4211 τὺ
2859 4159 3062 4228 χεῖρον.
3100 4160 3374 4231 Μόνορχις
3415 4160 3492 4226 δὲ,
3526 4163 3555 4215 6
3590 4159 3653 4226 ἐξ
3687 4161 3812 4230 ἡμιο

2245 4254 2393 4317 σείας
2426 4253 2803 4325 καρπογονῶν.

2237 4556 2400 4628 Διατῖ
2423 4558 2478 4611 οἱ
2512 4556 2878 4628 Ἰσραηλῖται
2901 4556 2971 4610 τὰ
2994 4558 3112 4626 μὲν
3130 4557 3377 4628 σώματα
3404 4558 3525 4612 τῶν
3548 4558 3821 4628 θυμάτων

2310 4626 2551 4699 ἤσθιον,
2605 4626 2678 4680 τὰ
2707 4627 2775 4679 δὲ
2797 4628 3016 4697 αἵματα
3059 4626 3227 4697 πρὸς
3254 4628 3368 4697 τὴν
3403 4630 3600 4695 βάσιν
3622 4626 3822 4699 execr

2308 4697 2414 4751 τοῦ
2445 4699 2904 4766 θυσιαστηρίου.

2312 4812 2373 4863 Oi
2411 4809 2745 4881 Ἰσραηλῖται
2777 4809 3070 4879 νηπιώδεις
3105 4809 3247 4863 κατὰ
3296 4809 3498 4879 γνῶσιν
3535 4810 3695 4874 ὄντες
3739 4810 3827 4864 τύ·

2241 4919 2340 4955 πον
2371 4901 2567 4972 ἔφερον
2596 4900 2707 4954 τῶν
2726 4900 3097 4972 εἰσαγομένων
3116 4901 3253 4972 πρὸς
3284 4901 3592 4957 εὐσέϐειαν.
3628 4904 3691 4956 ’0
3714 4902 3825 4956 τοξ-

2240 5011 2334 5047 νυν
2359 4993 2495 5064 πρὸς
2518 4992 2798 5047 εὐσέϐειαν
2821 4992 3197 5063 εἰσαγόμενος,
3225 4993 3325 5065 τὴν
3354 4994 3454 5064 μὲν
3481 4992 3687 5064 πρᾶξιν
3720 4994 3826 5047 τῶν

2240 5082 2474 5137 ἐντολῶν
2504 5082 2778 5150 ἀποτελεῖ,
2806 5082 3059 5148 καθάπερ
3100 5084 3310 5153 σάρκας
3331 5083 3528 5137 ἐσθίων
3557 5083 3670 5137 τῶν
3702 5085 3827 5155 ἀρε-

2241 5176 2350 5229 τῶν
2372 5175 2442 5228 τὰ
2464 5192 2592 5243 φαιν
2602 5177 2768 5245 όμενα
2788 5190 2799 5203 °
2835 5174 2980 5242 λέγω
2994 5173 3059 5244 δὴ
3090 5174 3187 5246 τὴν
3203 5175 3400 5246 ἠθικὴν
3417 5175 3824 5244 παιδαγωγίαν,

2242 5273 2369 5335 τοὺς
2379 5271 2437 5324 δὲ
2457 5270 2648 5338 λόγους
2662 5268 2841 5323 αὐτῶν
2864 5268 2941 5339 τῷ
2961 5267 3079 5338 Θεῷ
3105 5269 3431 5340 παραχωρεῖ
3449 5266 3539 5320 διὰ
3562 5267 3825 5333 πίστεως,

2244 5364 2516 5418 πιστεύων
2551 5362 2708 5433 μόνον
2750 5362 2832 5415 ὅτι
2873 5361 3066 5430 λόγους
3112 5360 3299 5432 ἔχουσι
3351 5358 3551 5423 θείους.
3602 5360 3679 5413 Τὸ
3729 5363 3828 5431 μὲν

2242 5456 2350 5526 γὰρ
2381 5455 2764 5525 θυσιαστήριον
2797 5451 2933 5506 Θεοῦ
2967 5452 3258 5522 σύμϐολον,
3285 5453 3317 5521 ἡ
3340 5450 3396 5504 δὲ
3422 5450 3612 5503 τούτου
3639 5450 3827 5521 βάσις,

2241 5547 2410 5611 τύπος
2443 5547 2543 5617 τῆς
2570 5545 2802 5608 πίστεως
2827 5563 2839 5576 ·
2871 5543 3118 5608 θεμέλιος
3147 5544 3256 5615 γὰρ
3281 5542 3421 5615 αὕτη
3461 5544 3825 5611 θεογνωσίας,

2247 5739 2351 5778 xm
2374 5762 2388 5791 ,
2418 5722 2469 5777 6.
