4062 6202
34 1640 113 1653 ης..

0 1652 55 1681 ηἰιόν
68 1658 111 1681 ιῖ,

30 2763 61 2773 ›ι-·

30 2784 81 2795 ,η

38 2854 79 2887 ιζῗ

30 2950 77 2981 r33

16 3048 34 3059 μ

16 3066 33 3081 ᾗ

2 3142 37 3155 ηις

0 3168 7 3174 ν
25 3164 37 3173 ιι

26 3048 34 3055 ο
48 3044 75 3055 -ο

25 3058 77 3093 Ἷνῦ

28 3122 73 3153 ςηθ

25 3154 75 3181 σς.

39 3214 77 3263 ἓν

0 3307 73 3362 τιέξ·

0 3412 71 3464 ςέιῖ

0 3464 73 3546 έίς

0 3672 72 3737 ε,ςὲ

0 3767 65 3829 ιτὶί

0 3889 19 3937 ς’
36 3880 53 3914 5

4 3964 37 4013 ᾖ.

345 262 481 321 121⁸1
1710 254 2231 315 σοιωοτΑΝΕΑ.
3438 247 3578 305 ιω

342 381 524 436 πᾶσαν
568 378 665 450 τὴν
712 377 1004 449 οἰκοδομὴν
1053 378 1156 449 τῆς

1214 377 1498 442 εὐσεϐείας
1548 375 1912 448 βαστάζουσα.

2033 374 2187 431 .ionis
2215 380 2443 445 portans
2466 370 2785 427 universum
2814 366 3042 439 pietatis
3064 365 3376 423 Mincium.
3416 363 3577 421 Chri-

340 470 578 541 Χριστὸς
606 469 665 522 δὲ
695 466 1142 538 παραγενόμενος
1178 469 1208 523 6
1235 467 1445 540 ἀληθὴς
1479 469 1773 540 ἀρχιερεὺς
1818 467 1913 521 καὶ

2033 474 2136 523 itus
2191 475 2377 521 autem
2433 478 2561 519 cum
2623 460 2940 516 advenisset
2994 472 3162 514 verus
3213 455 3480 527 pontifex,
3526 463 3589 510 et

342 560 514 624 θύσας
541 559 755 623 ἑαυτὸν,
782 557 982 613 δέδωκε
1007 560 1123 629 τοῖς
1139 557 1417 628 ἀνδρικοϊς
1445 561 1525 622 είς
1549 557 1748 627 γνῶσιν
1779 557 1917 628 μιτά

2033 557 2260 628 ιείρδιιω
2298 556 2678 618 sacriﬁcasset,
2719 551 2874 608 dedit
2910 550 2979 606 iis
3010 548 3105 621 qui
3137 557 3266 605 sunt
3298 548 3470 603 fortes
3514 547 3586 608 ad

344 648 449 719 τῆς
479 648 681 720 σαρκὸς
707 648 801 702 καὶ
830 647 891 702 τὸ
922 643 1084 719 αἷμα.
1125 649 1183 704 '0
1212 649 1323 720 γὰρ
1344 648 1550 713 τέλειος
1590 651 1670 712 είς
1694 648 1915 721 ἀρετὴν,

345 740 443 793 καὶ
469 741 598 802 τοὺς
640 737 831 806 λόγους
861 737 973 793 τῶν
1006 738 1237 793 ἐντολῶν
1261 739 1337 804 ὡς
1367 734 1506 810 αἷμα
1535 738 1789 793 πίνειδιά
1818 739 1919 809 τῆς

346 828 622 898 γνώσεως.

739 937 880 1008 Περὶ
904 936 1138 1008 λέπρας
1170 936 1284 1007 τῆς
1317 940 1531 1006 οίκίας.

430 1047 521 1102 Ἐν
543 1046 623 1118 τῷ
650 1047 804 1119 νόμῳ
825 1047 904 1120 τῷ
944 1048 1073 1119 περὶ
1095 1049 1195 1119 τῆς
1224 1049 1402 1113 οίκίας
1434 1049 1665 1122 ἐχούσης
1692 1049 1920 1122 λέπραν,

348 1138 468 1194 ὅλον
494 1139 600 1210 ὅρα
625 1138 689 1193 τὸ
720 1136 817 1192 τοῦ
862 1138 1120 1210 Σωτῆρος
1159 1138 1316 1211 ἡμῶν
1348 1141 1665 1212 μυστήριον,
1705 1143 1800 1196 καὶ
1830 1141 1923 1197 τὸν

348 1230 438 1285 διά
461 1230 555 1283 τοῦ
578 1229 952 1301 βαπτίσματος
986 1230 1385 1302 καθαρισμόν.⁶
1409 1231 1518 1295 Τὰς
1546 1231 1639 1285 δύο
1664 1231 1756 1285 τοῦ
1791 1233 1924 1303 Χρι-

351 1320 478 1375 στοῦ
509 1319 724 1390 φύσεις,
751 1313 826 1375 ὧν
853 1321 888 1393 η
918 1319 1017 1392 μὲν
1036 1318 1245 1375 ἀνωθεν
1271 1320 1565 1393 κατῆλθεν,
1602 1325 1635 1395 ὴ
1664 1322 1721 1377 δὲ
1747 1322 1926 1377 κάτω-

349 1416 444 1471 θεν
488 1415 755 1487 ἀνῆλθεν,
811 1415 949 1488 μετά
992 1415 1093 1487 τὴν
1124 1416 1441 1471 ἀνάστασιν.
1502 1417 1691 1473 Ζῶντα
1735 1417 1794 1472 δὲ
1829 1417 1925 1472 καὶ

349 1507 591 1581 καθαρὰ,
625 1507 758 1562 διότι
788 1507 935 1578 ζωῆς
958 1508 1053 1562 καὶ
1080 1506 1451 1581 καθαρότητος
1481 1500 1640 1563 αὗται
1661 1526 1927 1581 παρεκτι-

349 1596 466 1652 καί.
508 1597 618 1652 Καὶ
648 1595 735 1650 διὰ
768 1596 869 1667 μὲν
898 1595 993 1649 τοῦ
1028 1595 1278 1666 κεδρίνου
1313 1596 1472 1664 ξύλου
1518 1596 1581 1650 τὸ
1605 1596 1928 1667 ἀδιάφθορον

2016 649 2387 720 cognitionem
2411 688 2426 711 ,
2458 662 2585 703 cum
2616 661 2781 701 carne
2839 644 3007 699 etiam
3055 641 3396 712 sanguinem.
3448 639 3588 694 Nam

2017 739 2112 809 qui
2135 748 2220 794 est
2251 738 2307 793 in
2330 739 2534 793 virtute
2557 736 2852 808 perfectus,
2877 733 3262 789 mandatorum
3296 730 3464 785 etiam
3503 743 3592 785 ra-

2018 834 2220 899 tiones,
2247 841 2509 905 tanquam
2539 830 2887 902 sanguinem,
2922 827 3067 883 bibit
3100 841 3201 896 per
3223 822 3534 880 scientiam.

2511 943 2590 998 De
2628 943 2778 1014 lepra
2815 942 2999 996 domus
3018 940 3087 995 "1

2092 1061 2151 1115 In
2175 1061 2293 1131 lege
2313 1059 2383 1114 de
2403 1058 2568 1115 domo
2583 1057 2823 1111 habente
2845 1056 3054 1126 lepram
3069 1052 3195 1108 vide
3220 1059 3396 1107 totum
3417 1047 3594 1109 nostri

2023 1151 2339 1208 Servatoris
2364 1150 2687 1223 mysterium
2712 1189 2726 1211 ,
2759 1156 2816 1203 et
2858 1144 3240 1217 purgationem
3276 1158 3377 1213 per
3412 1140 3596 1212 bapti-

2023 1259 2224 1301 smum.
2259 1243 2397 1299 Nam
2438 1241 2597 1313 jubet
2623 1239 2845 1311 quidem
2890 1235 3033 1291 sumi
3072 1234 3209 1290 duas
3238 1232 3503 1296 aviculas,
3536 1237 3600 1285 ut

2022 1348 2122 1405 per
2151 1332 2289 1387 duas
2332 1330 2576 1386 aviculas
2624 1326 2900 1397 intelligas
2941 1325 3078 1385 duas
3108 1323 3313 1379 Christi
3344 1330 3596 1388 naturas,

2021 1440 2260 1495 quarum
2301 1425 2472 1478 altera
2515 1420 2737 1493 quidem
2781 1416 3067 1475 descendit
3114 1416 3372 1485 desuper,
3425 1416 3597 1469 altera

2025 1524 2207 1571 autem
2244 1514 2313 1569 ab
2360 1514 2485 1569 imis
2526 1520 2653 1585 post
2705 1509 3167 1567 resurrectionem
3204 1505 3475 1563 ascendit.
3499 1503 3599 1560 Vi-

2024 1615 2217 1662 ventes
2252 1614 2436 1661 autem
2477 1612 2534 1660 et
2572 1601 2810 1667 mundae,
2856 1606 3148 1671 propterea
3170 1596 3315 1669 quod
3350 1608 3428 1652 ore
3458 1609 3602 1666 prte-

351 1687 648 1744 αίνίττεται
684 1686 779 1740 τοῦ
813 1685 1066 1757 σώματος
1095 1685 1192 1741 τοῦ
1220 1684 1481 1758 Χριστοῦ,
1504 1686 1594 1740 διὰ
1619 1686 1678 1740 δὲ
1710 1685 1804 1739 τοῦ
1834 1703 1928 1739 κε-

2033 1698 2194 1754 beant
2228 1697 2397 1752 vitam
2439 1703 2496 1752 et
2532 1695 2851 1765 puritatem.
2891 1693 2960 1747 Et
2993 1707 3093 1762 per
3120 1690 3329 1761 lignum
3376 1685 3602 1759 quidem

351 1778 665 1849 κλωσμὲνου
697 1777 951 1832 κοκκίνου
981 1778 1109 1843 τοὺς
1130 1778 1613 1849 ἀναμεμιγμένους
1642 1776 1735 1831 δύο
1758 1794 1925 1849 κρον-

351 1871 475 1935 νοὺς
497 1871 726 1941 αἵματος
754 1871 849 1924 καὶ
886 1869 1156 1942 ὖδατος,ἢ
1196 1869 1289 1924 τδν
1315 1868 1535 1924 διπλοῦν
1560 1869 1717 1939 λόγον
1741 1868 1930 1940 θεότη-

350 1978 443 2025 τος
491 1962 587 2016 καὶ
640 1960 1082 2033 ἀνθρωπότητος.
1122 1960 1226 2017 Διά
1281 1960 1339 2015 δὲ
1388 1959 1483 2017 τοῦ
1531 1960 1785 2015 ὑσσώπου
1829 1958 1929 2031 τὴν

354 2050 504 2115 ζέσιν
530 2050 624 2105 τοῦ
669 2051 828 2121 ἁγίου
868 2051 1207 2123 Πνεῦματος·
1239 2051 1416 2124 θερμὴ
1454 2050 1565 2123 γὰρ
1613 2050 1705 2104 καὶ
1740 2052 1774 2122 η
1820 2050 1930 2104 πόα

355 2145 657 2216 σμηκτική.
709 2143 820 2198 Καὶ
873 2143 961 2200 διά
1010 2145 1109 2216 μὲν
1156 2144 1251 2199 τοῦ
1290 2144 1493 2210 ζῶντος
1541 2143 1804 2216 όρνιθίου,
1837 2142 1930 2199 τὸν

354 2237 534 2301 ζῶντα
564 2236 757 2306 Λόγον⁶
805 2236 894 2290 διὰ
940 2236 997 2290 δὲ
1028 2235 1120 2291 τοῦ
1157 2236 1389 2308 αἵματος
1421 2235 1515 2290 τοῦ
1558 2235 1927 2307 ἐσφαγμένου,

353 2330 414 2384 τὸ
438 2329 622 2401 τίμιον
640 2325 782 2401 αἷμα
795 2330 895 2400 τῆς
912 2328 1358 2400 προσληφθείσης
1383 2330 1605 2400 σαρκός.
1634 2330 1734 2383 Διά
1756 2329 1813 2382 δὲ
1834 2325 1929 2381 τοῦ

353 2418 555 2484 ζῶντος
592 2419 806 2483 ὓδατος,
831 2418 932 2490 τὴν
981 2417 1245 2483 ζωοποιὸν
1282 2419 1443 2491 χάριν
1479 2417 1576 2472 τοῦ
1612 2418 1930 2491 βαπτίσμα-

358 2527 470 2574 τος,
521 2504 567 2579 ᾧ
604 2507 1051 2582 περιρῤαίνεσθαι
1083 2509 1190 2582 χρὴ
1224 2508 1323 2581 τὴν
1351 2509 1551 2577 οίκίαν,
1579 2509 1698 2580 ἦτοι
1726 2509 1825 2581 τὴν
1855 2510 1934 2562 ol-

352 2601 626 2672 κουμένην
651 2601 901 2665 ἑπτάκις*
927 2601 1106 2655 είτουν
1133 2601 1414 2674 μυστικῶς
1446 2602 1504 2655 δέ
1526 2618 1541 2633 ο
1581 2598 1931 2672 μυστικώταὲ

352 2708 443 2755 τος
471 2690 580 2762 γὰρ
624 2685 779 2755 οὗτος
827 2692 857 2744 6
907 2691 1161 2764 ἀριθμός.
1200 2691 1274 2747 Tb
1304 2691 1417 2757 ζῶν
1452 2691 1709 2764 ὀρνίθιον,
1754 2690 1818 2744 τὸ
1843 2690 1933 2754 ἐξ·

355 2781 823 2851 αποστελλόμενου
867 2780 975 2847 ἔξω
1008 2784 1107 2851 τῆς
1137 2782 1346 2848 πόλεως
1384 2786 1465 2846 είς
1499 2782 1561 2835 τδ
1589 2782 1792 2847 πεδίον,
1824 2780 1932 2833 ἐδί-

348 2877 574 2941 δασκεν,
606 2877 691 2931 ὅτι
722 2876 949 2947 ζήσεται
993 2877 1023 2929 6
1054 2875 1345 2929 ἀποθανὼν
1391 2872 1653 2945 Χριστὸς,
1688 2873 1782 2927 καὶ
1825 2870 1933 2937 ἔξω

355 2967 449 3023 τοῦ
508 2968 714 3039 κόσμου
768 2967 1056 3038 γενόμενος
1120 2968 1540 3037 μεταστήσεται,
1592 2965 1687 3018 καὶ
1737 2966 1817 3028 είς
1869 2963 1933 3018 τὸ

2030 1787 2317 1845 cedrinum
2333 1786 2672 1858 aznigmatice
2698 1783 2968 1856 signiﬁcat
2991 1779 3462 1850 incorruptionem
3484 1792 3604 1832 cor-

2028 1881 2180 1963 poris
2211 1881 2438 1937 Christi.
2464 1881 2570 1935 Per
2608 1886 2874 1934 retortum
2914 1886 3097 1932 autem
3123 1873 3430 1937 coccinum,
3462 1870 3604 1926 duos

2028 1972 2210 2033 fontes
2246 1973 2437 2029 mistos
2475 1973 2740 2045 sanguine
2779 1980 2837 2026 et
2865 1985 3026 2040 aqua,
3059 1976 3156 2024 aut
3194 1964 3472 2037 duplicem
3512 1978 3607 2018 ra-

2029 2063 2235 2118 tionem
2275 2061 2584 2117 divinitatis
2625 2070 2683 2115 et
2727 2057 3104 2114 humanitatis.
3156 2056 3262 2112 Per
3307 2054 3605 2126 hyssopum

2030 2162 2249 2217 autem,
2285 2153 2557 2208 fervorem
2594 2151 2835 2222 Spiritus
2872 2147 3092 2205 sancti:
3122 2154 3208 2202 est
3241 2144 3389 2201 enim
3431 2142 3607 2199 herba

2031 2244 2207 2300 calida
2258 2251 2315 2298 et
2356 2243 2467 2297 vim
2504 2241 2717 2297 habens
2759 2239 3133 2312 abstergendi.
3176 2238 3246 2293 Et
3289 2252 3390 2306 per
3425 2236 3607 2293 vivam

2031 2335 2256 2406 quidem
2284 2334 2577 2399 aviculam,
2600 2334 2788 2388 vivum
2813 2332 3089 2397 Verbum;
3116 2345 3218 2400 per
3242 2334 3491 2384 mactatae
3513 2343 3612 2382 au—

2032 2438 2143 2485 tem
2182 2427 2537 2498 sanguinem,
2578 2426 2884 2497 pretiosum
2940 2424 3264 2495 sanguinem
3315 2427 3611 2490 assumpta:

2032 2521 2235 2585 carnis.
2261 2521 2366 2577 Per
2396 2534 2593 2589 aquam
2633 2527 2820 2575 autem
2841 2517 3044 2580 vivam,
3076 2513 3349 2569 vivificam
3376 2511 3609 2583 gratiam

2032 2611 2399 2681 baptismatis,
2416 2624 2527 2679 quo
2547 2615 2768 2678 oportet
2789 2605 3102 2661 domum.“
3126 2612 3210 2659 est
3235 2602 3425 2657 orbem
3445 2610 3611 2656 terra:

2032 2699 2249 2769 aSpergi
2277 2699 2500 2766 septies,
2525 2711 2623 2750 seu
2652 2697 2903 2767 mystice.
2933 2695 3032 2749 Est
3054 2694 3204 2749 enim
3233 2692 3324 2747 hic
3346 2705 3612 2746 numerus

2033 2788 2270 2842 maxime
2285 2787 2566 2858 mysticus.
2585 2786 2812 2842 Avicula
2831 2794 3015 2840 autem
3030 2800 3152 2855 quae
3167 2783 3442 2840 emittitur
3454 2789 3610 2837 extra

2034 2867 2316 2935 civitatem
2342 2879 2401 2934 in
2421 2894 2700 2949 campum,
2729 2878 2965 2934 docebat
2991 2876 3138 2948 quod
3170 2884 3422 2931 mortuus
3448 2873 3614 2931 Chri-v

2036 2976 2157 3025 stus
2179 2968 2348 3033 vivet,
2372 2975 2431 3023 et
2468 2983 2594 3023 cum
2634 2968 2803 3024 fuerit
2828 2976 2986 3023 extra
3013 2966 3302 3031 mundum,
3327 2963 3611 3036 migrabit,

357 3059 531 3115 πλατὺ
563 3061 620 3115 δὲ
664 3059 759 3115 καὶ
810 3060 1052 3131 καθαρὸν
1095 3059 1298 3126 πεδίον,
1327 3059 1419 3113 τὸν
1447 3056 1673 3129 οὐρανὸν
1700 3058 1932 3131 ἀναδρα-

2037 3069 2094 3116 et
2118 3061 2175 3116 in
2205 3061 2376 3116 latum
2408 3069 2466 3115 et
2489 3075 2689 3131 purum
2728 3074 3006 3130 campum,
3045 3072 3246 3129 nempe
3269 3057 3495 3122 coelum,
3519 3071 3614 3111 re-

358 3154 562 3227 μεῖται.

359 3266 625 3334 Εἷρηκεν
656 3266 689 3319 ό
727 3264 933 3334 νόμος·
966 3260 1088 3329 Τὴν
1115 3260 1411 3334 ρυγιατέρα
1452 3273 1572 3315 σου
1605 3262 1679 3334 ot‘l
1724 3259 1937 3334 δώσεις

430 3328 509 3400 τῷ
541 3333 649 3401 υἱῷ
688 3328 1530 3402 τοῦἀλλοτένοῦςίᾷρχοῖτος,
1561 3331 1659 3385 καί
1689 3328 1806 3398 τὴν
1835 3334 1937 3384 θυ-

431 3398 647 3476 γατέρα
670 3401 858 3460 αὐτοῦ
885 3403 958 3456 οὺ
980 3398 1162 3472 ’λήψῃ
1188 3398 1268 3467 τῷ
1296 3398 1402 3466 ι)ίῷ
1431 3416 1568 3455 σου.

430 3516 690 3589 θυγάτηρ
735 3516 836 3588 μὲν
885 3512 995 3588 γὰρ
1029 3512 1123 3568 τοῦ
1151 3512 1495 3576 πιστεύοντος
1541 3512 1683 3576 νοὸς,
1721 3513 1756 3583 ή
1802 3511 1939 3579 ἀγα-

359 3607 429 3680 θὴ
473 3608 701 3672 διάνοια,
734 3607 849 3670 υίὸς
881 3606 939 3659 δὲ
967 3602 1134 3659 αὐτοῦ
1177 3604 1205 3655 6
1232 3602 1434 3672 ἀγαθὸς
1459 3601 1735 3672 λογισμός.
1770 3597 1938 3665 Αὖθις

360 3700 418 3753 δὲ
468 3698 717 3769 θυγάτηρ
772 3698 871 3768 μὲν
918 3694 1012 3749 τοῦ
1053 3693 1377 3762 ἀλλογενοῦς
1410 3692 1691 3764 ἄρχοντος,
1762 3692 1795 3764 ἢ
1843 3690 1937 3747 τοῦ

360 3789 607 3843 διαδόλου
650 3788 743 3842 τοῦ
781 3790 1039 3860 ἄρχοντος
1080 3786 1188 3840 τῶν
1238 3784 1457 3849 παθῶν,
1503 3786 1539 3857 ἡ
1567 3783 1780 3856 πονηρὰ
1826 3783 1941 3838 διά-

362 3898 502 3946 νοια,
539 3881 649 3943 υίὸς
679 3880 737 3933 δὲ
778 3878 943 3934 αὑτοῦ
976 3880 1004 3932 6
1033 3875 1264 3947 πονηρὸς
1307 3876 1587 3947 λογισμός.
1626 3875 1701 3930 Οὐ
1746 3877 1852 3948 χρὴ
1881 3875 1939 3928 δὲ

360 3975 476 4036 τοῖς
505 3969 738 4040 ἀγαθοῖς
767 3969 837 4023 τά
866 3966 1080 4040 ποντιρά
1106 3964 1523 4039 ἀναμίγνυσθαι.

370 4078 442 4135 T6
502 4076 725 4144 κτῆνός
806 4092 955 4145 σου-
993 4077 1065 4129 οὐ
1141 4076 1525 4145 κατοχεύσεις
1592 4076 1938 4145 ἐτεροζύνῳ,

434 4148 533 4202 καὶ
564 4143 672 4200 τόν
723 4143 1048 4216 ἁμπελῶνιί
1098 4161 1215 4199 σου
1262 4143 1333 4200 οὐ
1379 4143 1772 4215 κατασπερὲῖς
1814 4143 1941 4202 61d?-

434 4232 644 4287 φορον-

437 4327 646 4398 Κτῆνος
675 4326 908 4382 ἐνταῦθα
947 4326 1095 4396 λέγει
1134 4327 1196 4381 τὸ
1233 4325 1521 4397 ὑποζύγονο
1565 4328 1655 4382 διὰ
1682 4329 1773 4382 τοῦ
1807 4329 1940 4382 ὐπο-

2034 3158 2302 3209 vertetur.

2033 3264 2143 3321 Leu:
2171 3265 2344 3319 dixit:
2370 3263 2564 3335 Filiam
2595 3272 2742 3319 tuam
2769 3282 2872 3319 non
2890 3265 3038 3319 dabis
3061 3263 3175 3332 ﬁlio
3204 3263 3456 3335 principis
3472 3260 3615 3335 _a_lio~

2105 3336 2329 3406 nigenw,
2362 3343 2412 3388 et
2445 3334 2561 3406 ejus
2592 3335 2765 3405 ﬁliam
2804 3352 2910 3389 non
2952 3336 3181 3405 accipias
3205 3332 3333 3401 ﬁlio
3361 3332 3451 3386 tuo
3470 3332 3540 3387 ".

2106 3508 2240 3563 Nam
2264 3508 2469 3563 mentis
2504 3507 2729 3578 quidem
2765 3507 2946 3564 ﬁdelis
2971 3507 3081 3563 ﬁlia
3107 3515 3193 3563 est
3229 3507 3372 3564 bona
3406 3509 3616 3580 cogita—

2038 3601 2144 3665 tio;
2187 3599 2308 3670 ejus
2330 3606 2514 3653 autem
2540 3598 2686 3655 ﬁlius
2712 3608 2799 3654 est
2825 3599 2972 3653 bona
3000 3598 3369 3655 ratiocinatio.
3399 3600 3614 3658 Rursus

2037 3701 2220 3748 autem
2243 3692 2352 3749 lilia
2373 3689 2597 3761 quidem
2627 3690 2895 3761 principis
2919 3689 3261 3760 alienigenae,
3283 3706 3381 3746 seu
3405 3691 3613 3749 diaboli

2037 3787 2304 3857 principis
2334 3785 2595 3841 vitiorum
2635 3792 2692 3839 et
2730 3793 2977 3839 motuum
3003 3784 3195 3849 animi,
3223 3793 3309 3839 est
3340 3784 3481 3840 mala
3516 3799 3613 3839 co-

2038 3879 2260 3949 gitatio;
2285 3879 2404 3948 ejus
2429 3885 2611 3932 autem
2637 3875 2786 3930 ﬁlius
2814 3883 2900 3939 est
2937 3875 3079 3930 mala
3103 3875 3473 3931 ratiocinatio.
3491 3876 3614 3937 Non

2039 3977 2258 4041 oportet
2283 3978 2466 4025 autem
2494 3968 2634 4023 mala
2668 3966 2890 4023 misceri
2914 3978 3040 4023 cum
3065 3967 3248 4023 bonis.

2038 4083 2343 4139 Iumentum
2368 4091 2515 4135 nium
2538 4097 2642 4134 non
2666 4080 2823 4150 facies
2844 4080 2985 4133 coire
3002 4095 3122 4133 cum
3146 4078 3374 4133 animali
3396 4079 3615 4138 alterius

2112 4155 2424 4236 generis”!
2479 4152 2714 4206 vinetum
2739 4159 2888 4206 tuum
2931 4166 3039 4204 non
3086 4165 3229 4206 seres
3269 4150 3473 4205 diuerso
3522 4165 3617 4207 u-

2113 4239 2272 4277 nune.

2111 4337 2430 4393 Iumentum
2459 4335 2550 4390 hic
2578 4334 2713 4390 dicit
2750 4332 2953 4389 animal
2984 4331 3301 4403 subjugale;
3330 4328 3618 4402 subjugalo

370 4420 559 4490 ζυγίου
611 4419 666 4474 δὲ
707 4419 769 4472 τδ
808 4419 1120 4491 ὑποχείριον
1159 4418 1306 4473 ἅπαν
1349 4419 1664 4484 αἰνίττεται,
1699 4420 1932 4474 κελεύων

2042 4440 2225 4489 autem
2248 4433 2587 4502 aenigmatice
2604 4427 2874 4499 signiﬁcat
2891 4424 3157 4496 quidquid
3175 4434 3261 4480 est
3284 4423 3614 4495 subjectum,

372 4513 481 4574 τοῖς
500 4509 843 4581 ἡγουμένοις,
876 4509 952 4581 μὴ
986 4511 1284 4579 συγχωρεῖν
1305 4509 1612 4577 ὑπάγεσθαι
1643 4514 1753 4573 τοῖς
1777 4527 1940 4584 σιιτερ⁴

373 4603 664 4675 ματισμοῖς
717 4600 828 4655 τῶν
864 4600 1184 4673 ἑτεροδόξων
1211 4601 1339 4664 τοὺς
1366 4601 1470 4654 ὑπὸ
1503 4604 1679 4673 χεῖρα,
1710 4603 1793 4673 ’μή
1820 4619 1938 4666 πως

368 4697 636 4769 ἑτεροφυῆ
672 4694 767 4750 καὶ
802 4693 932 4748 νόθα
968 4692 1169 4745 τέκωσι
1214 4691 1483 4763 δόγματα.
1539 4693 1706 4746 Πάλιν
1736 4694 1791 4746 δὲ
1828 4692 1938 4763 ἀμ-

371 4788 589 4843 πελῶνα
634 4784 792 4841 καλεῖ
820 4784 945 4849 τοὺς
983 4784 1570 4854 καταπεφυτευμένους
1601 4786 1659 4837 ἐν
1698 4787 1769 4856 τῇ
1812 4784 1940 4838 Ἐκ-

366 4882 588 4952 κλησίᾳ,
625 4880 718 4943 οὓς
746 4879 805 4932 οὐ
837 4879 943 4950 χρὴ
976 4879 1223 4950 παρορᾷν
1254 4877 1787 4950 κατασπειρομένους
1825 4878 1938 4933 δια·

366 4972 569 5044 φόρως,
600 4970 776 5024 είτουν
815 4968 1076 5032 ποικίλως
1113 4966 1327 5021 ἀσεϐῶν
1350 4967 1681 5039 σπέρμασιψ
1720 4968 1806 5021 ἵνα
1864 4966 1940 5040 μὴ

366 5062 540 5117 ταῦτα
568 5062 667 5132 τὴν
694 5059 897 5131 ἰκμάδα
933 5059 1025 5112 καὶ
1069 5059 1300 5131 πιότητα
1318 5059 1427 5114 τῶν
1450 5058 1639 5130 ψυχῶν
1663 5059 1842 5115 αὐτῶν
1861 5063 1940 5126 είς

368 5151 538 5206 ἑαυτά
584 5149 991 5221 δαπανήσαντα,
1020 5151 1318 5219 ποιήσωσιν
1342 5146 1511 5211 αὑτάς
1549 5148 1832 5222 ἀκάρπους
1860 5151 1942 5215 είς

367 5243 469 5314 τὴν
500 5242 804 5296 εὐσέϐειαν.

450 5330 880 5403 Ἐξοστρακίζων
914 5329 1015 5401 τὴν
1054 5330 1314 5403 βλακείαν
1363 5335 1392 5386 6
1440 5333 1595 5400 Θεὸς,
1643 5333 1741 5389 καλ⁵
1772 5334 1944 5407 μόνης

371 5423 624 5494 γενέσθαι
660 5423 761 5494 τῆς
791 5422 980 5493 χρείας
1023 5423 1150 5487 τοὺς
1178 5424 1452 5489 ὑπηκόους
1476 5424 1818 5497 βουλόμενος,
1853 5426 1943 5481 διὰ

376 5512 478 5586 μὶν
509 5514 603 5570 τοῦ
632 5515 707 5587 μὴ
757 5513 1101 5584 συνυφαίνειν
1126 5515 1270 5571 λίνον
1306 5517 1402 5571 καὶ
1435 5516 1602 5590 ἔριον,
1632 5518 1731 5590 τὴν
1765 5535 1945 5573 ποικι-

2035 4521 2235 4592 juhens
2257 4518 2579 4573 ductoribus
2606 4533 2676 4572 ne
2701 4516 3025 4587 permittant
3060 4514 3337 4585 subjectos
3359 4512 3616 4585 subjungi

2041 4612 2496 4668 seminationibus
2521 4625 2714 4666 eorum
2755 4609 2850 4681 qui
2882 4618 3013 4664 sunt
3041 4607 3244 4662 diversi
3272 4606 3513 4678 generis,
3544 4620 3617 4663 ne

2040 4698 2348 4755 adulterina
2375 4700 2592 4770 pariant
2619 4699 2892 4771 dogmata.
2921 4699 3134 4753 Rursus
3161 4705 3347 4752 autem
3371 4697 3619 4755 vinetum

2041 4798 2202 4843 vocat
2224 4803 2319 4843 eos
2347 4789 2440 4859 qui
2479 4796 2608 4844 sunt
2641 4787 2869 4858 plantati
2914 4786 2969 4841 in
3009 4785 3283 4849 Ecclesia,
3329 4799 3470 4855 quos
3506 4798 3621 4839 non

2044 4888 2264 4951 oportet
2294 4880 2578 4950 despicere
2620 4879 2836 4935 diverse
2875 4894 2972 4934 seu
2999 4877 3148 4932 varie
3187 4876 3486 4932 semiustos
3514 4875 3625 4931 im-

2045 4972 2264 5046 piorum
2288 4971 2624 5037 seminibus;
2651 4985 2720 5025 ne
2744 4970 2788 5027 si
2817 4985 2882 5025 ea
2907 4984 3129 5025 succum
3152 4976 3211 5023 et
3228 4966 3621 5039 pinguedinem

2045 5082 2236 5125 eorum
2263 5066 2570 5120 animarum
2604 5064 2661 5119 in
2691 5079 2749 5119 se
2777 5059 3238 5132 consumpserint,
3268 5075 3362 5119 eas
3385 5058 3625 5119 efﬁciant

2048 5159 2265 5217 steriles
2284 5157 2353 5215 ad
2377 5157 2655 5230 pietatem.

2122 5337 2268 5393 Deus
2283 5338 2471 5393 volens
2489 5351 2619 5392 suos
2635 5331 3002 5390 exterminare
3023 5329 3306 5386 mollitiem
3327 5345 3392 5385 ac
3410 5328 3622 5393 luxum,

2053 5435 2109 5484 et
2130 5428 2266 5483 nihil
2290 5443 2535 5499 quaerere
2559 5434 2759 5497 prater
2782 5440 2963 5489 usum,
2988 5438 3086 5494 per
3107 5423 3211 5478 hoc
3232 5421 3453 5493 quidem
3477 5416 3622 5495 quod

2048 5519 2208 5591 jubet
2235 5534 2345 5574 non
2376 5527 2668 5575 contexere
2701 5516 2877 5573 linum
2904 5524 2961 5571 et
2999 5515 3198 5580 lanam,
3241 5505 3623 5568 exterminavit

440 5669 489 5703 "
518 5667 691 5724 Levit.
728 5685 813 5737 xv,
840 5670 909 5727 55
938 5646 1093 5742 seqq.
1168 5673 1214 5706 ⁷³
1240 5672 1410 5728 Exod.
1448 5686 1625 5738 xxxxv,
1655 5671 1749 5739 16;
1783 5672 1941 5727 Deut.
1976 5687 2072 5740 vn,
2103 5671 2157 5728 '5.
