  <div class='ocr_page' id='page_1' title='image "/cluster/home/n/w/nwhite01/storage/ocr_20150623/77/hvd.32044052822863/615.png"; bbox 0 0 4062 6202; ppageno 0'>
   <div class='ocr_carea' id='block_1_1' title="bbox 487 243 629 303">
    <p class='ocr_par' dir='ltr' id='par_1_1' title="bbox 487 243 629 303">
     <span class='ocr_line' id='line_1_1' title="bbox 487 243 629 303; baseline 0.014 -2"><span class='ocrx_word' id='word_1_1' title='bbox 487 243 629 303; x_wconf 71' lang='grc'><strong>1219</strong></span> 
     </span>
    </p>
   </div>
   <div class='ocr_carea' id='block_1_2' title="bbox 1721 230 2572 292">
    <p class='ocr_par' dir='ltr' id='par_1_2' title="bbox 1721 230 2572 292">
     <span class='ocr_line' id='line_1_2' title="bbox 1721 230 2572 292; baseline -0.005 -2"><span class='ocrx_word' id='word_1_2' title='bbox 1721 230 1779 290; x_wconf 88' lang='lat' dir='ltr'><strong>S.</strong></span> <span class='ocrx_word' id='word_1_3' title='bbox 1819 230 2097 290; x_wconf 79' lang='lat' dir='ltr'><strong>CYRILLI</strong></span> <span class='ocrx_word' id='word_1_4' title='bbox 2132 230 2225 288; x_wconf 86' lang='lat' dir='ltr'><strong>ET</strong></span> <span class='ocrx_word' id='word_1_5' title='bbox 2262 230 2572 292; x_wconf 79' lang='lat' dir='ltr'><strong>ALlORUM</strong></span> 
     </span>
    </p>
   </div>
   <div class='ocr_carea' id='block_1_3' title="bbox 3616 222 3793 277">
    <p class='ocr_par' dir='ltr' id='par_1_3' title="bbox 3616 222 3793 277">
     <span class='ocr_line' id='line_1_3' title="bbox 3616 222 3793 277; baseline -0.011 0"><span class='ocrx_word' id='word_1_6' title='bbox 3616 222 3793 277; x_wconf 61' lang='lat'><strong>19.20</strong></span> 
     </span>
    </p>
   </div>
   <div class='ocr_carea' id='block_1_4' title="bbox 484 339 2093 426">
    <p class='ocr_par' dir='ltr' id='par_1_4' title="bbox 484 347 2064 426">
     <span class='ocr_line' id='line_1_4' title="bbox 484 347 2064 426; baseline -0.009 -13"><span class='ocrx_word' id='word_1_7' title='bbox 484 358 841 415; x_wconf 84' lang='lat' dir='ltr'><strong>varietatem:</strong></span> <span class='ocrx_word' id='word_1_8' title='bbox 862 367 961 426; x_wconf 88' lang='lat' dir='ltr'><strong>per</strong></span> <span class='ocrx_word' id='word_1_9' title='bbox 983 354 1088 408; x_wconf 90' lang='lat' dir='ltr'><strong>hoc</strong></span> <span class='ocrx_word' id='word_1_10' title='bbox 1107 360 1294 407; x_wconf 83' lang='lat' dir='ltr'><strong>autem</strong></span> <span class='ocrx_word' id='word_1_11' title='bbox 1317 347 1464 420; x_wconf 87' lang='lat' dir='ltr'><strong>quod</strong></span> <span class='ocrx_word' id='word_1_12' title='bbox 1484 360 1595 401; x_wconf 93' lang='lat' dir='ltr'><strong>non</strong></span> <span class='ocrx_word' id='word_1_13' title='bbox 1615 361 1916 417; x_wconf 86' lang='lat' dir='ltr'><strong>purpuram</strong></span> <span class='ocrx_word' id='word_1_14' title='bbox 1938 360 2064 403; x_wconf 89' lang='lat' dir='ltr'><strong>cum</strong></span> 
     </span>
    </p>
   </div>
   <div class='ocr_carea' id='block_1_5' title="bbox 2193 339 3793 426">
    <p class='ocr_par' dir='ltr' id='par_1_5' title="bbox 2193 339 3793 417">
     <span class='ocr_line' id='line_1_5' title="bbox 2193 339 3793 417; baseline -0.003 -20"><span class='ocrx_word' id='word_1_15' title='bbox 2193 344 2286 400; x_wconf 87' lang='grc' dir='ltr'>,ίαν</span> <span class='ocrx_word' id='word_1_16' title='bbox 2310 345 2559 417; x_wconf 56' lang='grc' dir='ltr'>ἐξώρισε</span> <span class='ocrx_word' id='word_1_17' title='bbox 2601 343 2689 398; x_wconf 79' lang='grc' dir='ltr'>διὰ</span> <span class='ocrx_word' id='word_1_18' title='bbox 2717 343 2773 397; x_wconf 85' lang='grc' dir='ltr'>δὲ</span> <span class='ocrx_word' id='word_1_19' title='bbox 2817 343 2911 397; x_wconf 87' lang='grc' dir='ltr'><strong>τοῦ</strong></span> <span class='ocrx_word' id='word_1_20' title='bbox 2956 342 3031 415; x_wconf 79' lang='grc' dir='ltr'>μὴ</span> <span class='ocrx_word' id='word_1_21' title='bbox 3075 340 3361 413; x_wconf 85' lang='grc' dir='ltr'>πορφύραν</span> <span class='ocrx_word' id='word_1_22' title='bbox 3405 342 3515 403; x_wconf 78' lang='grc' dir='ltr'>τοῖς</span> <span class='ocrx_word' id='word_1_23' title='bbox 3562 339 3793 402; x_wconf 83' lang='grc' dir='ltr'>λίνοις,</span> 
     </span>
    </p>
   </div>
   <div class='ocr_carea' id='block_1_6' title="bbox 485 442 2063 514">
    <p class='ocr_par' dir='ltr' id='par_1_6' title="bbox 485 442 2063 514">
     <span class='ocr_line' id='line_1_6' title="bbox 485 442 2063 514; baseline -0.01 -8"><span class='ocrx_word' id='word_1_24' title='bbox 485 450 632 514; x_wconf 86' lang='lat' dir='ltr'><strong>lino,</strong></span> <span class='ocrx_word' id='word_1_25' title='bbox 658 446 1045 504; x_wconf 74' lang='lat' dir='ltr'><strong>exterminavit</strong></span> <span class='ocrx_word' id='word_1_26' title='bbox 1088 442 1319 497; x_wconf 87' lang='lat' dir='ltr'><strong>nimium</strong></span> <span class='ocrx_word' id='word_1_27' title='bbox 1364 447 1642 509; x_wconf 89' lang='lat' dir='ltr'><strong>sumptum</strong></span> <span class='ocrx_word' id='word_1_28' title='bbox 1684 448 1741 492; x_wconf 91' lang='lat' dir='ltr'><strong>et</strong></span> <span class='ocrx_word' id='word_1_29' title='bbox 1774 448 2063 502; x_wconf 87' lang='lat' dir='ltr'><strong>ornatum;</strong></span> 
     </span>
    </p>
   </div>
   <div class='ocr_carea' id='block_1_7' title="bbox 487 529 2067 613">
    <p class='ocr_par' dir='ltr' id='par_1_7' title="bbox 487 529 2067 613">
     <span class='ocr_line' id='line_1_7' title="bbox 487 529 2067 613; baseline -0.009 -18"><span class='ocrx_word' id='word_1_30' title='bbox 487 556 589 613; x_wconf 89' lang='lat' dir='ltr'><strong>per</strong></span> <span class='ocrx_word' id='word_1_31' title='bbox 616 540 722 594; x_wconf 89' lang='lat' dir='ltr'><strong>hoc</strong></span> <span class='ocrx_word' id='word_1_32' title='bbox 761 544 945 592; x_wconf 88' lang='lat' dir='ltr'><strong>autem</strong></span> <span class='ocrx_word' id='word_1_33' title='bbox 976 533 1125 605; x_wconf 86' lang='lat' dir='ltr'><strong>quod</strong></span> <span class='ocrx_word' id='word_1_34' title='bbox 1164 532 1323 605; x_wconf 80' lang='lat' dir='ltr'><strong>jubet</strong></span> <span class='ocrx_word' id='word_1_35' title='bbox 1359 546 1481 586; x_wconf 89' lang='lat' dir='ltr'><strong>esse</strong></span> <span class='ocrx_word' id='word_1_36' title='bbox 1511 529 1778 586; x_wconf 90' lang='lat' dir='ltr'><strong>sollicitos</strong></span> <span class='ocrx_word' id='word_1_37' title='bbox 1806 529 1873 583; x_wconf 91' lang='lat' dir='ltr'><strong>de</strong></span> <span class='ocrx_word' id='word_1_38' title='bbox 1916 529 2067 598; x_wconf 86' lang='lat' dir='ltr'><strong>lepra</strong></span> 
     </span>
    </p>
   </div>
   <div class='ocr_carea' id='block_1_8' title="bbox 488 621 2067 697">
    <p class='ocr_par' dir='ltr' id='par_1_8' title="bbox 488 621 2067 697">
     <span class='ocr_line' id='line_1_8' title="bbox 488 621 2067 697; baseline -0.008 -11"><span class='ocrx_word' id='word_1_39' title='bbox 488 631 726 686; x_wconf 88' lang='lat' dir='ltr'><strong>vestium</strong></span> <span class='ocrx_word' id='word_1_40' title='bbox 759 636 815 683; x_wconf 90' lang='lat' dir='ltr'><strong>et</strong></span> <span class='ocrx_word' id='word_1_41' title='bbox 838 627 1104 697; x_wconf 81' lang='lat' dir='ltr'><strong>lapidum,</strong></span> <span class='ocrx_word' id='word_1_42' title='bbox 1136 623 1420 696; x_wconf 75' lang='lat' dir='ltr'><strong>prohibuit</strong></span> <span class='ocrx_word' id='word_1_43' title='bbox 1450 621 1731 692; x_wconf 86' lang='lat' dir='ltr'><strong>possidere</strong></span> <span class='ocrx_word' id='word_1_44' title='bbox 1758 621 1880 691; x_wconf 88' lang='lat' dir='ltr'><strong>plus</strong></span> <span class='ocrx_word' id='word_1_45' title='bbox 1902 634 2067 690; x_wconf 89' lang='lat' dir='ltr'><strong>quam</strong></span> 
     </span>
    </p>
   </div>
   <div class='ocr_carea' id='block_1_9' title="bbox 486 709 2068 788">
    <p class='ocr_par' dir='ltr' id='par_1_9' title="bbox 486 709 2068 788">
     <span class='ocr_line' id='line_1_9' title="bbox 486 709 2068 788; baseline -0.007 -13"><span class='ocrx_word' id='word_1_46' title='bbox 486 735 623 775; x_wconf 86' lang='lat' dir='ltr'><strong>usus</strong></span> <span class='ocrx_word' id='word_1_47' title='bbox 659 718 918 788; x_wconf 76' lang='lat' dir='ltr'><strong>postulet.</strong></span> <span class='ocrx_word' id='word_1_48' title='bbox 956 715 1234 787; x_wconf 75' lang='lat' dir='ltr'><strong>Repositis</strong></span> <span class='ocrx_word' id='word_1_49' title='bbox 1261 714 1409 768; x_wconf 88' lang='lat' dir='ltr'><strong>enim</strong></span> <span class='ocrx_word' id='word_1_50' title='bbox 1433 712 1681 767; x_wconf 82' lang='lat' dir='ltr'><strong>vestibus</strong></span> <span class='ocrx_word' id='word_1_51' title='bbox 1717 720 1773 765; x_wconf 90' lang='lat' dir='ltr'><strong>et</strong></span> <span class='ocrx_word' id='word_1_52' title='bbox 1814 709 2068 764; x_wconf 89' lang='lat' dir='ltr'><strong>inanibus</strong></span> 
     </span>
    </p>
   </div>
   <div class='ocr_carea' id='block_1_10' title="bbox 485 790 2069 871">
    <p class='ocr_par' dir='ltr' id='par_1_10' title="bbox 485 790 2069 871">
     <span class='ocr_line' id='line_1_10' title="bbox 485 790 2069 871; baseline -0.008 -6"><span class='ocrx_word' id='word_1_53' title='bbox 485 808 743 865; x_wconf 88' lang='lat' dir='ltr'><strong>domibus</strong></span> <span class='ocrx_word' id='word_1_54' title='bbox 768 809 872 863; x_wconf 92' lang='lat' dir='ltr'><strong>hoc</strong></span> <span class='ocrx_word' id='word_1_55' title='bbox 896 807 1116 864; x_wconf 85' lang='lat' dir='ltr'><strong>accidit.</strong></span> <span class='ocrx_word' id='word_1_56' title='bbox 1149 805 1269 860; x_wconf 89' lang='lat' dir='ltr'><strong>Alia</strong></span> <span class='ocrx_word' id='word_1_57' title='bbox 1301 812 1483 859; x_wconf 86' lang='lat' dir='ltr'><strong>autem</strong></span> <span class='ocrx_word' id='word_1_58' title='bbox 1513 802 1724 858; x_wconf 83' lang='lat' dir='ltr'><strong>ratione</strong></span> <span class='ocrx_word' id='word_1_59' title='bbox 1756 790 1857 871; x_wconf 80' lang='lat' dir='ltr'><strong>per</strong></span> <span class='ocrx_word' id='word_1_60' title='bbox 1893 800 2069 854; x_wconf 86' lang='lat' dir='ltr'><strong>linum</strong></span> 
     </span>
    </p>
   </div>
   <div class='ocr_carea' id='block_1_11' title="bbox 484 891 2068 967">
    <p class='ocr_par' dir='ltr' id='par_1_11' title="bbox 484 891 2068 967">
     <span class='ocr_line' id='line_1_11' title="bbox 484 891 2068 967; baseline -0.008 -10"><span class='ocrx_word' id='word_1_61' title='bbox 484 912 545 958; x_wconf 90' lang='lat' dir='ltr'><strong>et</strong></span> <span class='ocrx_word' id='word_1_62' title='bbox 574 902 754 956; x_wconf 89' lang='lat' dir='ltr'><strong>lanam</strong></span> <span class='ocrx_word' id='word_1_63' title='bbox 786 899 1027 955; x_wconf 86' lang='lat' dir='ltr'><strong>ostendit</strong></span> <span class='ocrx_word' id='word_1_64' title='bbox 1053 913 1268 953; x_wconf 91' lang='lat' dir='ltr'><strong>morum</strong></span> <span class='ocrx_word' id='word_1_65' title='bbox 1298 895 1699 967; x_wconf 87' lang='lat' dir='ltr'><strong>duplicitatem,</strong></span> <span class='ocrx_word' id='word_1_66' title='bbox 1727 908 1849 947; x_wconf 89' lang='lat' dir='ltr'><strong>eam</strong></span> <span class='ocrx_word' id='word_1_67' title='bbox 1876 891 2068 962; x_wconf 88' lang='lat' dir='ltr'><strong>prohi-</strong></span> 
     </span>
    </p>
   </div>
   <div class='ocr_carea' id='block_1_12' title="bbox 487 992 646 1049">
    <p class='ocr_par' dir='ltr' id='par_1_12' title="bbox 487 992 646 1049">
     <span class='ocr_line' id='line_1_12' title="bbox 487 992 646 1049; baseline -0.019 1"><span class='ocrx_word' id='word_1_68' title='bbox 487 992 646 1049; x_wconf 81' lang='lat' dir='ltr'><strong>hens.</strong></span> 
     </span>
    </p>
   </div>
   <div class='ocr_carea' id='block_1_13' title="bbox 767 1121 1789 1181">
    <p class='ocr_par' dir='ltr' id='par_1_13' title="bbox 767 1121 1789 1181">
     <span class='ocr_line' id='line_1_13' title="bbox 767 1121 1789 1181; baseline -0.005 -1"><span class='ocrx_word' id='word_1_69' title='bbox 767 1125 887 1181; x_wconf 76' lang='lat' dir='ltr'><strong>Non</strong></span> <span class='ocrx_word' id='word_1_70' title='bbox 910 1126 1088 1180; x_wconf 79' lang='lat' dir='ltr'><strong>ambis</strong></span> <span class='ocrx_word' id='word_1_71' title='bbox 1111 1123 1272 1180; x_wconf 82' lang='lat' dir='ltr'><strong>simul</strong></span> <span class='ocrx_word' id='word_1_72' title='bbox 1293 1125 1349 1180; x_wconf 82' lang='lat' dir='ltr'><strong>in</strong></span> <span class='ocrx_word' id='word_1_73' title='bbox 1370 1121 1534 1179; x_wconf 80' lang='lat' dir='ltr'><strong>vitulo</strong></span> <span class='ocrx_word' id='word_1_74' title='bbox 1550 1130 1599 1176; x_wconf 84' lang='lat' dir='ltr'><strong>et</strong></span> <span class='ocrx_word' id='word_1_75' title='bbox 1617 1122 1789 1177; x_wconf 82' lang='lat' dir='ltr'><strong>asino.</strong></span> 
     </span>
    </p>
   </div>
   <div class='ocr_carea' id='block_1_14' title="bbox 558 1258 2073 1334">
    <p class='ocr_par' dir='ltr' id='par_1_14' title="bbox 558 1258 2073 1334">
     <span class='ocr_line' id='line_1_14' title="bbox 558 1258 2073 1334; baseline -0.007 -14"><span class='ocrx_word' id='word_1_76' title='bbox 558 1264 738 1320; x_wconf 76' lang='lat' dir='ltr'><strong>Vitam</strong></span> <span class='ocrx_word' id='word_1_77' title='bbox 771 1272 922 1319; x_wconf 88' lang='lat' dir='ltr'><strong>tuam</strong></span> <span class='ocrx_word' id='word_1_78' title='bbox 952 1279 1061 1319; x_wconf 91' lang='lat' dir='ltr'><strong>non</strong></span> <span class='ocrx_word' id='word_1_79' title='bbox 1104 1263 1179 1317; x_wconf 88' lang='lat' dir='ltr'><strong>ita</strong></span> <span class='ocrx_word' id='word_1_80' title='bbox 1204 1277 1362 1334; x_wconf 81' lang='lat' dir='ltr'><strong>geres</strong></span> <span class='ocrx_word' id='word_1_81' title='bbox 1396 1268 1458 1316; x_wconf 89' lang='lat' dir='ltr'><strong>ut</strong></span> <span class='ocrx_word' id='word_1_82' title='bbox 1485 1259 1810 1316; x_wconf 84' lang='lat' dir='ltr'><strong>industriam</strong></span> <span class='ocrx_word' id='word_1_83' title='bbox 1842 1258 2073 1329; x_wconf 87' lang='lat' dir='ltr'><strong>conjun-</strong></span> 
     </span>
    </p>
   </div>
   <div class='ocr_carea' id='block_1_15' title="bbox 488 1354 2073 1427">
    <p class='ocr_par' dir='ltr' id='par_1_15' title="bbox 488 1354 2073 1427">
     <span class='ocr_line' id='line_1_15' title="bbox 488 1354 2073 1427; baseline -0.006 -15"><span class='ocrx_word' id='word_1_84' title='bbox 488 1372 584 1427; x_wconf 78' lang='lat' dir='ltr'><strong>gas</strong></span> <span class='ocrx_word' id='word_1_85' title='bbox 610 1372 733 1410; x_wconf 89' lang='lat' dir='ltr'><strong>cum</strong></span> <span class='ocrx_word' id='word_1_86' title='bbox 764 1356 1016 1410; x_wconf 90' lang='lat' dir='ltr'><strong>libidine.</strong></span> <span class='ocrx_word' id='word_1_87' title='bbox 1044 1355 1263 1410; x_wconf 87' lang='lat' dir='ltr'><strong>Statera</strong></span> <span class='ocrx_word' id='word_1_88' title='bbox 1297 1354 1443 1425; x_wconf 85' lang='lat' dir='ltr'><strong>justa</strong></span> <span class='ocrx_word' id='word_1_89' title='bbox 1484 1360 1541 1408; x_wconf 85' lang='lat' dir='ltr'><strong>et</strong></span> <span class='ocrx_word' id='word_1_90' title='bbox 1570 1366 1725 1422; x_wconf 58' lang='lat' dir='ltr'><strong>aqua</strong></span> <span class='ocrx_word' id='word_1_91' title='bbox 1761 1357 1890 1405; x_wconf 89' lang='lat' dir='ltr'><strong>sunt</strong></span> <span class='ocrx_word' id='word_1_92' title='bbox 1932 1364 2073 1420; x_wconf 89' lang='lat' dir='ltr'><strong>pon-</strong></span> 
     </span>
    </p>
   </div>
   <div class='ocr_carea' id='block_1_16' title="bbox 489 1440 2075 1519">
    <p class='ocr_par' dir='ltr' id='par_1_16' title="bbox 489 1440 2075 1519">
     <span class='ocr_line' id='line_1_16' title="bbox 489 1440 2075 1519; baseline -0.005 -16"><span class='ocrx_word' id='word_1_93' title='bbox 489 1449 642 1512; x_wconf 86' lang='lat' dir='ltr'><strong>dera,</strong></span> <span class='ocrx_word' id='word_1_94' title='bbox 680 1449 862 1519; x_wconf 86' lang='lat' dir='ltr'><strong>justus</strong></span> <span class='ocrx_word' id='word_1_95' title='bbox 897 1446 1115 1501; x_wconf 89' lang='lat' dir='ltr'><strong>modius</strong></span> <span class='ocrx_word' id='word_1_96' title='bbox 1163 1460 1463 1515; x_wconf 64' lang='lat' dir='ltr'><strong>requusque</strong></span> <span class='ocrx_word' id='word_1_97' title='bbox 1496 1444 1787 1499; x_wconf 84' lang='lat' dir='ltr'><strong>sextarius.</strong></span> <span class='ocrx_word' id='word_1_98' title='bbox 1832 1440 2075 1496; x_wconf 82' lang='lat' dir='ltr'><strong>Diversis</strong></span> 
     </span>
    </p>
   </div>
   <div class='ocr_carea' id='block_1_17' title="bbox 490 1531 2076 1609">
    <p class='ocr_par' dir='ltr' id='par_1_17' title="bbox 490 1531 2076 1609">
     <span class='ocr_line' id='line_1_17' title="bbox 490 1531 2076 1609; baseline -0.006 -14"><span class='ocrx_word' id='word_1_99' title='bbox 490 1541 578 1595; x_wconf 86' lang='lat' dir='ltr'><strong>his</strong></span> <span class='ocrx_word' id='word_1_100' title='bbox 622 1540 898 1595; x_wconf 85' lang='lat' dir='ltr'><strong>mensuris</strong></span> <span class='ocrx_word' id='word_1_101' title='bbox 933 1537 1276 1609; x_wconf 81' lang='lat' dir='ltr'><strong>aenigmatiee</strong></span> <span class='ocrx_word' id='word_1_102' title='bbox 1308 1534 1579 1607; x_wconf 90' lang='lat' dir='ltr'><strong>signiﬁcat</strong></span> <span class='ocrx_word' id='word_1_103' title='bbox 1602 1535 1852 1590; x_wconf 86' lang='lat' dir='ltr'><strong>diversos</strong></span> <span class='ocrx_word' id='word_1_104' title='bbox 1883 1531 2076 1586; x_wconf 91' lang='lat' dir='ltr'><strong>modos</strong></span> 
     </span>
    </p>
   </div>
   <div class='ocr_carea' id='block_1_18' title="bbox 484 1620 2073 1704">
    <p class='ocr_par' dir='ltr' id='par_1_18' title="bbox 484 1620 2073 1704">
     <span class='ocr_line' id='line_1_18' title="bbox 484 1620 2073 1704; baseline -0.006 -19"><span class='ocrx_word' id='word_1_105' title='bbox 484 1632 741 1704; x_wconf 68' lang='lat' dir='ltr'><strong>justitias‘,</strong></span> <span class='ocrx_word' id='word_1_106' title='bbox 780 1630 1053 1685; x_wconf 79' lang='lat' dir='ltr'><strong>sextarius</strong></span> <span class='ocrx_word' id='word_1_107' title='bbox 1075 1629 1224 1684; x_wconf 89' lang='lat' dir='ltr'><strong>enim</strong></span> <span class='ocrx_word' id='word_1_108' title='bbox 1259 1642 1531 1683; x_wconf 80' lang='lat' dir='ltr'><strong>mensurae</strong></span> <span class='ocrx_word' id='word_1_109' title='bbox 1568 1625 1781 1696; x_wconf 88' lang='lat' dir='ltr'><strong>species</strong></span> <span class='ocrx_word' id='word_1_110' title='bbox 1811 1632 1895 1680; x_wconf 89' lang='lat' dir='ltr'><strong>est</strong></span> <span class='ocrx_word' id='word_1_111' title='bbox 1927 1620 2073 1693; x_wconf 80' lang='lat' dir='ltr'><strong>apud</strong></span> 
     </span>
    </p>
   </div>
   <div class='ocr_carea' id='block_1_19' title="bbox 492 1700 2150 1789">
    <p class='ocr_par' dir='ltr' id='par_1_19' title="bbox 492 1700 2150 1789">
     <span class='ocr_line' id='line_1_19' title="bbox 492 1700 2150 1789; baseline -0.006 -11"><span class='ocrx_word' id='word_1_112' title='bbox 492 1700 773 1778; x_wconf 70' lang='lat' dir='ltr'><strong>Hebraeos.</strong></span> <span class='ocrx_word' id='word_1_113' title='bbox 829 1722 982 1777; x_wconf 87' lang='lat' dir='ltr'><strong>Mens</strong></span> <span class='ocrx_word' id='word_1_114' title='bbox 1029 1728 1179 1776; x_wconf 89' lang='lat' dir='ltr'><strong>recta</strong></span> <span class='ocrx_word' id='word_1_115' title='bbox 1225 1729 1282 1775; x_wconf 92' lang='lat' dir='ltr'><strong>et</strong></span> <span class='ocrx_word' id='word_1_116' title='bbox 1331 1732 1521 1773; x_wconf 89' lang='lat' dir='ltr'><strong>amans</strong></span> <span class='ocrx_word' id='word_1_117' title='bbox 1560 1716 1786 1789; x_wconf 65' lang='lat' dir='ltr'><strong>justitiaa</strong></span> <span class='ocrx_word' id='word_1_118' title='bbox 1834 1714 2074 1786; x_wconf 91' lang='lat' dir='ltr'><strong>quodam</strong></span> <span class='ocrx_word' id='word_1_119' title='bbox 2108 1700 2150 1756; x_wconf 83' lang='grc' dir='ltr'><strong>Β</strong></span> 
     </span>
    </p>
   </div>
   <div class='ocr_carea' id='block_1_20' title="bbox 490 1808 2074 1878">
    <p class='ocr_par' dir='ltr' id='par_1_20' title="bbox 490 1808 2074 1878">
     <span class='ocr_line' id='line_1_20' title="bbox 490 1808 2074 1878; baseline -0.005 -9"><span class='ocrx_word' id='word_1_120' title='bbox 490 1814 655 1869; x_wconf 90' lang='lat' dir='ltr'><strong>modo</strong></span> <span class='ocrx_word' id='word_1_121' title='bbox 679 1814 913 1869; x_wconf 89' lang='lat' dir='ltr'><strong>trutinat</strong></span> <span class='ocrx_word' id='word_1_122' title='bbox 934 1821 991 1869; x_wconf 92' lang='lat' dir='ltr'><strong>et</strong></span> <span class='ocrx_word' id='word_1_123' title='bbox 1013 1811 1241 1867; x_wconf 88' lang='lat' dir='ltr'><strong>metitur</strong></span> <span class='ocrx_word' id='word_1_124' title='bbox 1284 1826 1468 1866; x_wconf 87' lang='lat' dir='ltr'><strong>rerum</strong></span> <span class='ocrx_word' id='word_1_125' title='bbox 1491 1818 1739 1875; x_wconf 90' lang='lat' dir='ltr'><strong>naturas,</strong></span> <span class='ocrx_word' id='word_1_126' title='bbox 1770 1808 2074 1878; x_wconf 87' lang='lat' dir='ltr'><strong>unicuique</strong></span> 
     </span>
    </p>
   </div>
   <div class='ocr_carea' id='block_1_21' title="bbox 492 1901 2075 1975">
    <p class='ocr_par' dir='ltr' id='par_1_21' title="bbox 492 1901 2075 1975">
     <span class='ocr_line' id='line_1_21' title="bbox 492 1901 2075 1975; baseline -0.003 -17"><span class='ocrx_word' id='word_1_127' title='bbox 492 1904 547 1959; x_wconf 89' lang='lat' dir='ltr'><strong>id</strong></span> <span class='ocrx_word' id='word_1_128' title='bbox 581 1904 727 1975; x_wconf 90' lang='lat' dir='ltr'><strong>quod</strong></span> <span class='ocrx_word' id='word_1_129' title='bbox 773 1904 933 1960; x_wconf 87' lang='lat' dir='ltr'><strong>decet</strong></span> <span class='ocrx_word' id='word_1_130' title='bbox 972 1904 1293 1959; x_wconf 83' lang='lat' dir='ltr'><strong>examinans</strong></span> <span class='ocrx_word' id='word_1_131' title='bbox 1322 1918 1386 1957; x_wconf 89' lang='lat' dir='ltr'><strong>ac</strong></span> <span class='ocrx_word' id='word_1_132' title='bbox 1419 1901 1747 1965; x_wconf 83' lang='lat' dir='ltr'><strong>demetiens,</strong></span> <span class='ocrx_word' id='word_1_133' title='bbox 1781 1914 1961 1971; x_wconf 89' lang='lat' dir='ltr'><strong>neque</strong></span> <span class='ocrx_word' id='word_1_134' title='bbox 2007 1913 2075 1955; x_wconf 92' lang='lat' dir='ltr'><strong>eo</strong></span> 
     </span>
    </p>
   </div>
   <div class='ocr_carea' id='block_1_22' title="bbox 490 1990 2075 2067">
    <p class='ocr_par' dir='ltr' id='par_1_22' title="bbox 490 1990 2075 2067">
     <span class='ocr_line' id='line_1_22' title="bbox 490 1990 2075 2067; baseline -0.003 -16"><span class='ocrx_word' id='word_1_135' title='bbox 490 1997 641 2067; x_wconf 88' lang='lat' dir='ltr'><strong>quod</strong></span> <span class='ocrx_word' id='word_1_136' title='bbox 701 1995 920 2062; x_wconf 88' lang='lat' dir='ltr'><strong>deﬁcit,</strong></span> <span class='ocrx_word' id='word_1_137' title='bbox 969 2009 1150 2066; x_wconf 89' lang='lat' dir='ltr'><strong>neque</strong></span> <span class='ocrx_word' id='word_1_138' title='bbox 1193 1994 1340 2065; x_wconf 88' lang='lat' dir='ltr'><strong>quod</strong></span> <span class='ocrx_word' id='word_1_139' title='bbox 1359 1992 1630 2058; x_wconf 87' lang='lat' dir='ltr'><strong>abundat,</strong></span> <span class='ocrx_word' id='word_1_140' title='bbox 1670 1991 1979 2049; x_wconf 86' lang='lat' dir='ltr'><strong>dissolvens</strong></span> <span class='ocrx_word' id='word_1_141' title='bbox 2018 1990 2075 2047; x_wconf 89' lang='lat' dir='ltr'><strong>id</strong></span> 
     </span>
    </p>
   </div>
   <div class='ocr_carea' id='block_1_23' title="bbox 491 2088 1753 2161">
    <p class='ocr_par' dir='ltr' id='par_1_23' title="bbox 491 2088 1753 2161">
     <span class='ocr_line' id='line_1_23' title="bbox 491 2088 1753 2161; baseline -0.003 -17"><span class='ocrx_word' id='word_1_142' title='bbox 491 2088 639 2161; x_wconf 87' lang='lat' dir='ltr'><strong>quod</strong></span> <span class='ocrx_word' id='word_1_143' title='bbox 666 2104 787 2145; x_wconf 89' lang='lat' dir='ltr'><strong>esse</strong></span> <span class='ocrx_word' id='word_1_144' title='bbox 816 2097 1034 2159; x_wconf 90' lang='lat' dir='ltr'><strong>oportet</strong></span> <span class='ocrx_word' id='word_1_145' title='bbox 1052 2096 1306 2144; x_wconf 73' lang='lat' dir='ltr'><strong>exactum</strong></span> <span class='ocrx_word' id='word_1_146' title='bbox 1334 2096 1390 2144; x_wconf 86' lang='lat' dir='ltr'><strong>et</strong></span> <span class='ocrx_word' id='word_1_147' title='bbox 1414 2094 1753 2143; x_wconf 88' lang='lat' dir='ltr'><strong>accuratum.</strong></span> 
     </span>
    </p>
   </div>
   <div class='ocr_carea' id='block_1_24' title="bbox 872 2326 1703 2387">
    <p class='ocr_par' dir='ltr' id='par_1_24' title="bbox 872 2326 1703 2387">
     <span class='ocr_line' id='line_1_24' title="bbox 872 2326 1703 2387; baseline -0.004 0"><span class='ocrx_word' id='word_1_148' title='bbox 872 2331 967 2387; x_wconf 77' lang='lat' dir='ltr'><strong>EX</strong></span> <span class='ocrx_word' id='word_1_149' title='bbox 1004 2328 1209 2386; x_wconf 83' lang='lat' dir='ltr'><strong>LIBRO</strong></span> <span class='ocrx_word' id='word_1_150' title='bbox 1245 2326 1703 2387; x_wconf 81' lang='lat' dir='ltr'><strong>NUMERORUM.</strong></span> 
     </span>
    </p>
   </div>
   <div class='ocr_carea' id='block_1_25' title="bbox 492 2443 2075 2516">
    <p class='ocr_par' dir='ltr' id='par_1_25' title="bbox 492 2443 2075 2516">
     <span class='ocr_line' id='line_1_25' title="bbox 492 2443 2075 2516; baseline -0.004 -13"><span class='ocrx_word' id='word_1_151' title='bbox 492 2445 636 2503; x_wconf 75' lang='lat' dir='ltr'><strong>Iussi</strong></span> <span class='ocrx_word' id='word_1_152' title='bbox 669 2458 791 2499; x_wconf 84' lang='lat' dir='ltr'><strong>sunt</strong></span> <span class='ocrx_word' id='word_1_153' title='bbox 831 2444 1033 2516; x_wconf 84' lang='lat' dir='ltr'><strong>Moyses</strong></span> <span class='ocrx_word' id='word_1_154' title='bbox 1067 2451 1116 2498; x_wconf 80' lang='lat' dir='ltr'><strong>et</strong></span> <span class='ocrx_word' id='word_1_155' title='bbox 1149 2446 1330 2499; x_wconf 84' lang='lat' dir='ltr'><strong>Aaron</strong></span> <span class='ocrx_word' id='word_1_156' title='bbox 1362 2444 1432 2498; x_wconf 86' lang='lat' dir='ltr'><strong>ad</strong></span> <span class='ocrx_word' id='word_1_157' title='bbox 1472 2443 1595 2516; x_wconf 67' lang='lat' dir='ltr'><strong>belli</strong></span> <span class='ocrx_word' id='word_1_158' title='bbox 1640 2445 1804 2516; x_wconf 61' lang='lat' dir='ltr'><strong>aciein</strong></span> <span class='ocrx_word' id='word_1_159' title='bbox 1838 2445 2075 2516; x_wconf 72' lang='lat' dir='ltr'><strong>visitare,</strong></span> 
     </span>
    </p>
   </div>
   <div class='ocr_carea' id='block_1_26' title="bbox 565 2513 2075 2585">
    <p class='ocr_par' dir='ltr' id='par_1_26' title="bbox 565 2513 2075 2585">
     <span class='ocr_line' id='line_1_26' title="bbox 565 2513 2075 2585; baseline -0.003 -14"><span class='ocrx_word' id='word_1_160' title='bbox 565 2520 661 2571; x_wconf 81' lang='lat' dir='ltr'><strong>hoc</strong></span> <span class='ocrx_word' id='word_1_161' title='bbox 684 2526 779 2579; x_wconf 82' lang='lat' dir='ltr'><strong>est,</strong></span> <span class='ocrx_word' id='word_1_162' title='bbox 797 2513 1084 2571; x_wconf 69' lang='lat' dir='ltr'><strong>describere</strong></span> <span class='ocrx_word' id='word_1_163' title='bbox 1105 2530 1259 2568; x_wconf 84' lang='lat' dir='ltr'><strong>omne</strong></span> <span class='ocrx_word' id='word_1_164' title='bbox 1280 2514 1632 2569; x_wconf 82' lang='lat' dir='ltr'><strong>masculinum</strong></span> <span class='ocrx_word' id='word_1_165' title='bbox 1653 2530 1716 2585; x_wconf 81' lang='lat' dir='ltr'><strong>ea:</strong></span> <span class='ocrx_word' id='word_1_166' title='bbox 1736 2514 1863 2585; x_wconf 75' lang='lat' dir='ltr'><strong>ﬁliis</strong></span> <span class='ocrx_word' id='word_1_167' title='bbox 1881 2513 2075 2580; x_wconf 84' lang='lat' dir='ltr'><strong>Israel,</strong></span> 
     </span>
    </p>
   </div>
   <div class='ocr_carea' id='block_1_27' title="bbox 565 2584 2079 2713">
    <p class='ocr_par' dir='ltr' id='par_1_27' title="bbox 565 2584 2079 2713">
     <span class='ocr_line' id='line_1_27' title="bbox 565 2584 2079 2713; baseline -0.002 -72"><span class='ocrx_word' id='word_1_168' title='bbox 565 2605 620 2713; x_wconf 53' lang='grc' dir='ltr'>ειη</span> <span class='ocrx_word' id='word_1_169' title='bbox 632 2588 1009 2712; x_wconf 52' lang='grc' dir='ltr'><strong>υέἵιξὲξῗϐαζιέιοε</strong></span> <span class='ocrx_word' id='word_1_170' title='bbox 1037 2594 1162 2640; x_wconf 78' lang='lat' dir='ltr'><strong>nato</strong></span> <span class='ocrx_word' id='word_1_171' title='bbox 1188 2593 1237 2640; x_wconf 76' lang='lat' dir='ltr'><strong>et</strong></span> <span class='ocrx_word' id='word_1_172' title='bbox 1268 2602 1454 2657; x_wconf 75' lang='lat' dir='ltr'><strong>supra,</strong></span> <span class='ocrx_word' id='word_1_173' title='bbox 1489 2584 1770 2654; x_wconf 73' lang='lat' dir='ltr'><strong>quemlibet</strong></span> <span class='ocrx_word' id='word_1_174' title='bbox 1802 2593 2079 2641; x_wconf 74' lang='lat' dir='ltr'><strong>exeuntem</strong></span> 
     </span>
    </p>
   </div>
   <div class='ocr_carea' id='block_1_28' title="bbox 568 2849 2081 2925">
    <p class='ocr_par' dir='ltr' id='par_1_28' title="bbox 568 2849 2081 2925">
     <span class='ocr_line' id='line_1_28' title="bbox 568 2849 2081 2925; baseline -0.001 -13"><span class='ocrx_word' id='word_1_175' title='bbox 568 2855 758 2913; x_wconf 85' lang='lat' dir='ltr'><strong>Omnis</strong></span> <span class='ocrx_word' id='word_1_176' title='bbox 783 2852 932 2909; x_wconf 89' lang='lat' dir='ltr'><strong>enim</strong></span> <span class='ocrx_word' id='word_1_177' title='bbox 966 2852 1061 2925; x_wconf 90' lang='lat' dir='ltr'><strong>qui</strong></span> <span class='ocrx_word' id='word_1_178' title='bbox 1084 2853 1355 2925; x_wconf 89' lang='lat' dir='ltr'><strong>puerilem</strong></span> <span class='ocrx_word' id='word_1_179' title='bbox 1384 2853 1621 2910; x_wconf 81' lang='lat' dir='ltr'><strong>excessit</strong></span> <span class='ocrx_word' id='word_1_180' title='bbox 1648 2849 2081 2912; x_wconf 63' lang='lat' dir='ltr'><strong>imbecillitatem</strong></span> 
     </span>
    </p>
   </div>
   <div class='ocr_carea' id='block_1_29' title="bbox 501 2944 2081 3017">
    <p class='ocr_par' dir='ltr' id='par_1_29' title="bbox 501 2944 2081 3017">
     <span class='ocr_line' id='line_1_29' title="bbox 501 2944 2081 3017; baseline -0.001 -12"><span class='ocrx_word' id='word_1_181' title='bbox 501 2956 557 3005; x_wconf 81' lang='lat' dir='ltr'><strong>et</strong></span> <span class='ocrx_word' id='word_1_182' title='bbox 578 2946 888 3010; x_wconf 88' lang='lat' dir='ltr'><strong>mollitiem,</strong></span> <span class='ocrx_word' id='word_1_183' title='bbox 913 2954 971 3000; x_wconf 90' lang='lat' dir='ltr'><strong>et</strong></span> <span class='ocrx_word' id='word_1_184' title='bbox 989 2945 1101 3016; x_wconf 85' lang='lat' dir='ltr'><strong>jam</strong></span> <span class='ocrx_word' id='word_1_185' title='bbox 1124 2945 1301 3001; x_wconf 87' lang='lat' dir='ltr'><strong>evasit</strong></span> <span class='ocrx_word' id='word_1_186' title='bbox 1320 2945 1404 3000; x_wconf 86' lang='lat' dir='ltr'><strong>vir</strong></span> <span class='ocrx_word' id='word_1_187' title='bbox 1423 2954 1481 3000; x_wconf 90' lang='lat' dir='ltr'><strong>et</strong></span> <span class='ocrx_word' id='word_1_188' title='bbox 1504 2944 1662 3000; x_wconf 90' lang='lat' dir='ltr'><strong>fortis</strong></span> <span class='ocrx_word' id='word_1_189' title='bbox 1683 2945 1752 3000; x_wconf 92' lang='lat' dir='ltr'><strong>ad</strong></span> <span class='ocrx_word' id='word_1_190' title='bbox 1775 2946 2081 3017; x_wconf 86' lang='lat' dir='ltr'><strong>suscipien-</strong></span> 
     </span>
    </p>
   </div>
   <div class='ocr_carea' id='block_1_30' title="bbox 2168 431 3795 508">
    <p class='ocr_par' dir='ltr' id='par_1_30' title="bbox 2168 431 3795 508">
     <span class='ocr_line' id='line_1_30' title="bbox 2168 431 3795 508; baseline -0.004 -18"><span class='ocrx_word' id='word_1_191' title='bbox 2168 437 2268 508; x_wconf 83' lang='grc' dir='ltr'><strong>τὴν</strong></span> <span class='ocrx_word' id='word_1_192' title='bbox 2296 437 2645 492; x_wconf 78' lang='grc' dir='ltr'><strong>πολυτέλειαν</strong></span> <span class='ocrx_word' id='word_1_193' title='bbox 2671 438 2765 489; x_wconf 76' lang='grc' dir='ltr'><strong>καὶ</strong></span> <span class='ocrx_word' id='word_1_194' title='bbox 2792 436 2884 489; x_wconf 84' lang='grc' dir='ltr'><strong>τὸν</strong></span> <span class='ocrx_word' id='word_1_195' title='bbox 2922 434 3329 505; x_wconf 87' lang='grc' dir='ltr'>καλλωπισμόν·</span> <span class='ocrx_word' id='word_1_196' title='bbox 3349 434 3437 487; x_wconf 80' lang='grc' dir='ltr'><strong>διὰ</strong></span> <span class='ocrx_word' id='word_1_197' title='bbox 3464 433 3523 485; x_wconf 78' lang='grc' dir='ltr'><strong>δὲ</strong></span> <span class='ocrx_word' id='word_1_198' title='bbox 3548 431 3647 485; x_wconf 89' lang='grc' dir='ltr'><strong>τοῦ</strong></span> <span class='ocrx_word' id='word_1_199' title='bbox 3674 431 3795 483; x_wconf 77' lang='grc' dir='ltr'><strong>λέ-</strong></span> 
     </span>
    </p>
   </div>
   <div class='ocr_carea' id='block_1_31' title="bbox 2172 522 3795 600">
    <p class='ocr_par' dir='ltr' id='par_1_31' title="bbox 2172 522 3795 600">
     <span class='ocr_line' id='line_1_31' title="bbox 2172 522 3795 600; baseline -0.004 -19"><span class='ocrx_word' id='word_1_200' title='bbox 2172 547 2316 600; x_wconf 88' lang='grc' dir='ltr'>πραν</span> <span class='ocrx_word' id='word_1_201' title='bbox 2355 530 2590 600; x_wconf 81' lang='grc' dir='ltr'><strong>ἱματίων</strong></span> <span class='ocrx_word' id='word_1_202' title='bbox 2621 530 2716 583; x_wconf 72' lang='grc' dir='ltr'><strong>καὶ</strong></span> <span class='ocrx_word' id='word_1_203' title='bbox 2736 528 2898 581; x_wconf 82' lang='grc' dir='ltr'>λίθων</span> <span class='ocrx_word' id='word_1_204' title='bbox 2922 525 3408 599; x_wconf 77' lang='grc' dir='ltr'>περιεργάζεσθαι,</span> <span class='ocrx_word' id='word_1_205' title='bbox 3439 524 3500 577; x_wconf 75' lang='grc' dir='ltr'>τὸ</span> <span class='ocrx_word' id='word_1_206' title='bbox 3518 522 3795 577; x_wconf 77' lang='grc' dir='ltr'>κτᾶσθαι</span> 
     </span>
    </p>
   </div>
   <div class='ocr_carea' id='block_1_32' title="bbox 2169 614 3795 694">
    <p class='ocr_par' dir='ltr' id='par_1_32' title="bbox 2169 614 3795 694">
     <span class='ocr_line' id='line_1_32' title="bbox 2169 614 3795 694; baseline -0.006 -18"><span class='ocrx_word' id='word_1_207' title='bbox 2169 622 2335 676; x_wconf 80' lang='grc' dir='ltr'>πλέον</span> <span class='ocrx_word' id='word_1_208' title='bbox 2369 622 2466 693; x_wconf 80' lang='grc' dir='ltr'>τῆς</span> <span class='ocrx_word' id='word_1_209' title='bbox 2511 623 2701 694; x_wconf 79' lang='grc' dir='ltr'><strong>χρείας</strong></span> <span class='ocrx_word' id='word_1_210' title='bbox 2741 620 3112 693; x_wconf 86' lang='grc' dir='ltr'>ἀπηγόρευσε.</span> <span class='ocrx_word' id='word_1_211' title='bbox 3167 617 3291 682; x_wconf 84' lang='grc' dir='ltr'><strong>Τοῖς</strong></span> <span class='ocrx_word' id='word_1_212' title='bbox 3318 617 3428 687; x_wconf 82' lang='grc' dir='ltr'>γὰρ</span> <span class='ocrx_word' id='word_1_213' title='bbox 3464 614 3795 676; x_wconf 78' lang='grc' dir='ltr'>ἀποθέτοις</span> 
     </span>
    </p>
   </div>
   <div class='ocr_carea' id='block_1_33' title="bbox 2179 705 3790 784">
    <p class='ocr_par' dir='ltr' id='par_1_33' title="bbox 2179 705 3790 784">
     <span class='ocr_line' id='line_1_33' title="bbox 2179 705 3790 784; baseline -0.005 -17"><span class='ocrx_word' id='word_1_214' title='bbox 2179 714 2417 784; x_wconf 79' lang='grc' dir='ltr'><strong>ἱματίοις</strong></span> <span class='ocrx_word' id='word_1_215' title='bbox 2454 714 2547 767; x_wconf 75' lang='grc' dir='ltr'>καὶ</span> <span class='ocrx_word' id='word_1_216' title='bbox 2587 716 2709 777; x_wconf 91' lang='grc' dir='ltr'>ταῖς</span> <span class='ocrx_word' id='word_1_217' title='bbox 2763 715 2950 775; x_wconf 81' lang='grc' dir='ltr'>κεναῖς</span> <span class='ocrx_word' id='word_1_218' title='bbox 2995 711 3195 773; x_wconf 79' lang='grc' dir='ltr'><strong>οἰκίαις</strong></span> <span class='ocrx_word' id='word_1_219' title='bbox 3241 707 3399 763; x_wconf 89' lang='grc' dir='ltr'>τοῦτο</span> <span class='ocrx_word' id='word_1_220' title='bbox 3426 705 3790 760; x_wconf 73' lang='grc' dir='ltr'>συνέϐαινε.</span> 
     </span>
    </p>
   </div>
   <div class='ocr_carea' id='block_1_34' title="bbox 2172 796 3790 876">
    <p class='ocr_par' dir='ltr' id='par_1_34' title="bbox 2172 796 3790 876">
     <span class='ocr_line' id='line_1_34' title="bbox 2172 796 3790 876; baseline -0.006 -19"><span class='ocrx_word' id='word_1_221' title='bbox 2172 804 2310 857; x_wconf 82' lang='grc' dir='ltr'><strong>Καθ’</strong></span> <span class='ocrx_word' id='word_1_222' title='bbox 2338 804 2524 876; x_wconf 79' lang='grc' dir='ltr'>ἓτερον</span> <span class='ocrx_word' id='word_1_223' title='bbox 2571 803 2629 858; x_wconf 83' lang='grc' dir='ltr'>δὲ</span> <span class='ocrx_word' id='word_1_224' title='bbox 2674 803 2854 873; x_wconf 87' lang='grc' dir='ltr'>λόγον,</span> <span class='ocrx_word' id='word_1_225' title='bbox 2904 802 2994 857; x_wconf 82' lang='grc' dir='ltr'><strong>διὰ</strong></span> <span class='ocrx_word' id='word_1_226' title='bbox 3021 802 3116 856; x_wconf 87' lang='grc' dir='ltr'><strong>τοῦ</strong></span> <span class='ocrx_word' id='word_1_227' title='bbox 3163 801 3308 854; x_wconf 91' lang='grc' dir='ltr'>λίνου</span> <span class='ocrx_word' id='word_1_228' title='bbox 3353 799 3449 852; x_wconf 69' lang='grc' dir='ltr'><strong>καὶ</strong></span> <span class='ocrx_word' id='word_1_229' title='bbox 3481 797 3576 851; x_wconf 82' lang='grc' dir='ltr'><strong>τοῦ</strong></span> <span class='ocrx_word' id='word_1_230' title='bbox 3607 796 3790 867; x_wconf 74' lang='grc' dir='ltr'>ἐρίου</span> 
     </span>
    </p>
   </div>
   <div class='ocr_carea' id='block_1_35' title="bbox 2169 887 3790 970">
    <p class='ocr_par' dir='ltr' id='par_1_35' title="bbox 2169 887 3790 970">
     <span class='ocr_line' id='line_1_35' title="bbox 2169 887 3790 970; baseline -0.007 -18"><span class='ocrx_word' id='word_1_231' title='bbox 2169 899 2268 970; x_wconf 79' lang='grc' dir='ltr'>τὴν</span> <span class='ocrx_word' id='word_1_232' title='bbox 2298 898 2391 952; x_wconf 89' lang='grc' dir='ltr'><strong>τοῦ</strong></span> <span class='ocrx_word' id='word_1_233' title='bbox 2430 897 2631 969; x_wconf 80' lang='grc' dir='ltr'><strong>τρόπου</strong></span> <span class='ocrx_word' id='word_1_234' title='bbox 2676 896 2899 968; x_wconf 75' lang='grc' dir='ltr'><strong>διπλόην</strong></span> <span class='ocrx_word' id='word_1_235' title='bbox 2939 895 3218 967; x_wconf 70' lang='grc' dir='ltr'>ἐνέφηνεν,</span> <span class='ocrx_word' id='word_1_236' title='bbox 3260 888 3627 961; x_wconf 81' lang='grc' dir='ltr'>ἀπαγορεύων</span> <span class='ocrx_word' id='word_1_237' title='bbox 3656 887 3790 942; x_wconf 80' lang='grc' dir='ltr'><strong>αὐ-</strong></span> 
     </span>
    </p>
   </div>
   <div class='ocr_carea' id='block_1_36' title="bbox 2169 990 2291 1063">
    <p class='ocr_par' dir='ltr' id='par_1_36' title="bbox 2169 990 2291 1063">
     <span class='ocr_line' id='line_1_36' title="bbox 2169 990 2291 1063; baseline -0.025 -18"><span class='ocrx_word' id='word_1_238' title='bbox 2169 990 2291 1063; x_wconf 83' lang='grc' dir='ltr'>τήν.</span> 
     </span>
    </p>
   </div>
   <div class='ocr_carea' id='block_1_37' title="bbox 2172 1114 3783 1196">
    <p class='ocr_par' dir='ltr' id='par_1_37' title="bbox 2172 1114 3783 1196">
     <span class='ocr_line' id='line_1_37' title="bbox 2172 1114 3783 1196; baseline -0.009 -14"><span class='ocrx_word' id='word_1_239' title='bbox 2172 1129 2297 1182; x_wconf 80' lang='grc' dir='ltr'><strong>Οὐκ</strong></span> <span class='ocrx_word' id='word_1_240' title='bbox 2324 1124 2706 1196; x_wconf 81' lang='grc' dir='ltr'>ἀροτριὰσεις</span> <span class='ocrx_word' id='word_1_241' title='bbox 2736 1122 2806 1177; x_wconf 78' lang='grc' dir='ltr'>ἐν</span> <span class='ocrx_word' id='word_1_242' title='bbox 2837 1122 3051 1192; x_wconf 74' lang='grc' dir='ltr'>μόσχῳ</span> <span class='ocrx_word' id='word_1_243' title='bbox 3071 1120 3178 1175; x_wconf 79' lang='grc' dir='ltr'><strong>παὶ</strong></span> <span class='ocrx_word' id='word_1_244' title='bbox 3203 1119 3321 1183; x_wconf 66' lang='lat' dir='ltr'><strong>ore)</strong></span> <span class='ocrx_word' id='word_1_245' title='bbox 3358 1116 3457 1171; x_wconf 74' lang='grc' dir='ltr'><strong>ἐπὶ</strong></span> <span class='ocrx_word' id='word_1_246' title='bbox 3480 1116 3545 1171; x_wconf 86' lang='grc' dir='ltr'>τὸ</span> <span class='ocrx_word' id='word_1_247' title='bbox 3580 1114 3783 1169; x_wconf 80' lang='grc' dir='ltr'>αὐτό.</span> 
     </span>
    </p>
   </div>
   <div class='ocr_carea' id='block_1_38' title="bbox 2244 1254 3784 1332">
    <p class='ocr_par' dir='ltr' id='par_1_38' title="bbox 2244 1254 3784 1332">
     <span class='ocr_line' id='line_1_38' title="bbox 2244 1254 3784 1332; baseline -0.005 -18"><span class='ocrx_word' id='word_1_248' title='bbox 2244 1260 2319 1314; x_wconf 88' lang='grc' dir='ltr'>Ού</span> <span class='ocrx_word' id='word_1_249' title='bbox 2351 1258 2644 1332; x_wconf 79' lang='grc' dir='ltr'>πολιτεύσῃ</span> <span class='ocrx_word' id='word_1_250' title='bbox 2675 1256 2938 1324; x_wconf 74' lang='grc' dir='ltr'><strong>συζεύξας</strong></span> <span class='ocrx_word' id='word_1_251' title='bbox 2958 1258 3018 1311; x_wconf 68' lang='grc' dir='ltr'>τὸ</span> <span class='ocrx_word' id='word_1_252' title='bbox 3042 1256 3337 1327; x_wconf 86' lang='grc' dir='ltr'>φιλόπονόν</span> <span class='ocrx_word' id='word_1_253' title='bbox 3361 1271 3454 1309; x_wconf 88' lang='grc' dir='ltr'><strong>σου</strong></span> <span class='ocrx_word' id='word_1_254' title='bbox 3485 1254 3562 1325; x_wconf 79' lang='grc' dir='ltr'>τῷ</span> <span class='ocrx_word' id='word_1_255' title='bbox 3592 1255 3784 1325; x_wconf 83' lang='grc' dir='ltr'>φιλη-</span> 
     </span>
    </p>
   </div>
   <div class='ocr_carea' id='block_1_39' title="bbox 2171 1347 3780 1422">
    <p class='ocr_par' dir='ltr' id='par_1_39' title="bbox 2171 1347 3780 1422">
     <span class='ocr_line' id='line_1_39' title="bbox 2171 1347 3780 1422; baseline -0.004 -18"><span class='ocrx_word' id='word_1_256' title='bbox 2171 1350 2325 1421; x_wconf 85' lang='grc' dir='ltr'>δόνῳ.</span> <span class='ocrx_word' id='word_1_257' title='bbox 2350 1350 2498 1421; x_wconf 88' lang='grc' dir='ltr'>Ζυγὰ</span> <span class='ocrx_word' id='word_1_258' title='bbox 2536 1351 2745 1417; x_wconf 87' lang='grc' dir='ltr'>δίκαια,</span> <span class='ocrx_word' id='word_1_259' title='bbox 2774 1352 2869 1403; x_wconf 77' lang='grc' dir='ltr'><strong>καὶ</strong></span> <span class='ocrx_word' id='word_1_260' title='bbox 2897 1349 3137 1422; x_wconf 81' lang='grc' dir='ltr'><strong>σταθμία</strong></span> <span class='ocrx_word' id='word_1_261' title='bbox 3164 1348 3370 1415; x_wconf 86' lang='grc' dir='ltr'>δίκαια,</span> <span class='ocrx_word' id='word_1_262' title='bbox 3408 1348 3501 1402; x_wconf 71' lang='grc' dir='ltr'>καὶ</span> <span class='ocrx_word' id='word_1_263' title='bbox 3528 1347 3659 1419; x_wconf 87' lang='grc' dir='ltr'>χοῦς</span> <span class='ocrx_word' id='word_1_264' title='bbox 3676 1347 3780 1400; x_wconf 79' lang='grc' dir='ltr'>δί-</span> 
     </span>
    </p>
   </div>
   <div class='ocr_carea' id='block_1_40' title="bbox 2176 1440 3782 1513">
    <p class='ocr_par' dir='ltr' id='par_1_40' title="bbox 2176 1440 3782 1513">
     <span class='ocr_line' id='line_1_40' title="bbox 2176 1440 3782 1513; baseline -0.002 -18"><span class='ocrx_word' id='word_1_265' title='bbox 2176 1460 2330 1507; x_wconf 89' lang='grc' dir='ltr'>καιος</span> <span class='ocrx_word' id='word_1_266' title='bbox 2357 1443 2511 1497; x_wconf 76' lang='grc' dir='ltr'>ἔσται</span> <span class='ocrx_word' id='word_1_267' title='bbox 2539 1461 2642 1497; x_wconf 87' lang='grc' dir='ltr'>σοι.</span> <span class='ocrx_word' id='word_1_268' title='bbox 2670 1443 2797 1506; x_wconf 84' lang='grc' dir='ltr'>Τοῖς</span> <span class='ocrx_word' id='word_1_269' title='bbox 2812 1442 3089 1513; x_wconf 70' lang='grc' dir='ltr'>διαφόροις</span> <span class='ocrx_word' id='word_1_270' title='bbox 3119 1441 3341 1512; x_wconf 83' lang='grc' dir='ltr'>μέτροις</span> <span class='ocrx_word' id='word_1_271' title='bbox 3367 1440 3579 1503; x_wconf 79' lang='grc' dir='ltr'>τούτοις</span> <span class='ocrx_word' id='word_1_272' title='bbox 3631 1440 3782 1501; x_wconf 70' lang='grc' dir='ltr'>τοὺς</span> 
     </span>
    </p>
   </div>
   <div class='ocr_carea' id='block_1_41' title="bbox 2174 1530 3783 1607">
    <p class='ocr_par' dir='ltr' id='par_1_41' title="bbox 2174 1530 3783 1607">
     <span class='ocr_line' id='line_1_41' title="bbox 2174 1530 3783 1607; baseline -0.004 -18"><span class='ocrx_word' id='word_1_273' title='bbox 2174 1536 2468 1607; x_wconf 85' lang='grc' dir='ltr'>διαφόρους</span> <span class='ocrx_word' id='word_1_274' title='bbox 2497 1536 2734 1606; x_wconf 72' lang='grc' dir='ltr'>τρόπους</span> <span class='ocrx_word' id='word_1_275' title='bbox 2780 1534 2881 1606; x_wconf 79' lang='grc' dir='ltr'>τῆς</span> <span class='ocrx_word' id='word_1_276' title='bbox 2905 1533 3256 1604; x_wconf 80' lang='grc' dir='ltr'>δικαιοσύνης</span> <span class='ocrx_word' id='word_1_277' title='bbox 3295 1532 3614 1587; x_wconf 89' lang='grc' dir='ltr'>αίνίττεται.</span> <span class='ocrx_word' id='word_1_278' title='bbox 3649 1530 3783 1583; x_wconf 75' lang='grc' dir='ltr'><strong>Καὶ</strong></span> 
     </span>
    </p>
   </div>
   <div class='ocr_carea' id='block_1_42' title="bbox 2176 1622 3779 1700">
    <p class='ocr_par' dir='ltr' id='par_1_42' title="bbox 2176 1622 3779 1700">
     <span class='ocr_line' id='line_1_42' title="bbox 2176 1622 3779 1700; baseline -0.003 -19"><span class='ocrx_word' id='word_1_279' title='bbox 2176 1629 2205 1681; x_wconf 86' lang='grc' dir='ltr'><strong>ό</strong></span> <span class='ocrx_word' id='word_1_280' title='bbox 2227 1627 2355 1698; x_wconf 92' lang='grc' dir='ltr'>χοῦς</span> <span class='ocrx_word' id='word_1_281' title='bbox 2386 1627 2517 1700; x_wconf 80' lang='grc' dir='ltr'>γὰρ,</span> <span class='ocrx_word' id='word_1_282' title='bbox 2545 1624 2685 1691; x_wconf 73' lang='grc' dir='ltr'>εἶδος</span> <span class='ocrx_word' id='word_1_283' title='bbox 2739 1627 2938 1698; x_wconf 77' lang='grc' dir='ltr'>μέτρου</span> <span class='ocrx_word' id='word_1_284' title='bbox 2967 1626 3098 1697; x_wconf 84' lang='grc' dir='ltr'>παρ’</span> <span class='ocrx_word' id='word_1_285' title='bbox 3133 1624 3428 1696; x_wconf 81' lang='grc' dir='ltr'>Ἑϐραίοις·</span> <span class='ocrx_word' id='word_1_286' title='bbox 3470 1623 3592 1687; x_wconf 89' lang='grc' dir='ltr'>νοῦς</span> <span class='ocrx_word' id='word_1_287' title='bbox 3650 1622 3779 1692; x_wconf 75' lang='grc' dir='ltr'><strong>γὰρ</strong></span> 
     </span>
    </p>
   </div>
   <div class='ocr_carea' id='block_1_43' title="bbox 2181 1714 3781 1790">
    <p class='ocr_par' dir='ltr' id='par_1_43' title="bbox 2181 1714 3781 1790">
     <span class='ocr_line' id='line_1_43' title="bbox 2181 1714 3781 1790; baseline -0.004 -18"><span class='ocrx_word' id='word_1_288' title='bbox 2181 1719 2347 1790; x_wconf 81' lang='grc' dir='ltr'>εύθής</span> <span class='ocrx_word' id='word_1_289' title='bbox 2372 1737 2431 1773; x_wconf 88' lang='grc' dir='ltr'><strong>τε</strong></span> <span class='ocrx_word' id='word_1_290' title='bbox 2459 1719 2553 1773; x_wconf 81' lang='grc' dir='ltr'>καὶ</span> <span class='ocrx_word' id='word_1_291' title='bbox 2579 1718 2931 1790; x_wconf 75' lang='grc' dir='ltr'>φιλοδίκαιος,</span> <span class='ocrx_word' id='word_1_292' title='bbox 2955 1715 3272 1771; x_wconf 86' lang='grc' dir='ltr'>ταλαντεύει</span> <span class='ocrx_word' id='word_1_293' title='bbox 3286 1716 3485 1788; x_wconf 87' lang='grc' dir='ltr'>τρόπον</span> <span class='ocrx_word' id='word_1_294' title='bbox 3519 1714 3645 1768; x_wconf 87' lang='grc' dir='ltr'><strong>τινά</strong></span> <span class='ocrx_word' id='word_1_295' title='bbox 3669 1716 3781 1768; x_wconf 66' lang='grc' dir='ltr'>καὶ</span> 
     </span>
    </p>
   </div>
   <div class='ocr_carea' id='block_1_44' title="bbox 2183 1806 3781 1884">
    <p class='ocr_par' dir='ltr' id='par_1_44' title="bbox 2183 1806 3781 1884">
     <span class='ocr_line' id='line_1_44' title="bbox 2183 1806 3781 1884; baseline -0.003 -21"><span class='ocrx_word' id='word_1_296' title='bbox 2183 1813 2377 1883; x_wconf 80' lang='grc' dir='ltr'>μετρεῖ</span> <span class='ocrx_word' id='word_1_297' title='bbox 2404 1812 2501 1876; x_wconf 82' lang='grc' dir='ltr'><strong>τὰς</strong></span> <span class='ocrx_word' id='word_1_298' title='bbox 2546 1811 2652 1865; x_wconf 80' lang='grc' dir='ltr'><strong>τῶν</strong></span> <span class='ocrx_word' id='word_1_299' title='bbox 2686 1810 3027 1884; x_wconf 81' lang='grc' dir='ltr'>πραγμάτων</span> <span class='ocrx_word' id='word_1_300' title='bbox 3061 1809 3275 1879; x_wconf 87' lang='grc' dir='ltr'>φύσεις,</span> <span class='ocrx_word' id='word_1_301' title='bbox 3299 1806 3612 1879; x_wconf 74' lang='grc' dir='ltr'>δοκιμάζων</span> <span class='ocrx_word' id='word_1_302' title='bbox 3672 1810 3781 1860; x_wconf 77' lang='grc' dir='ltr'>καὶ</span> 
     </span>
    </p>
   </div>
   <div class='ocr_carea' id='block_1_45' title="bbox 2181 1899 3777 1979">
    <p class='ocr_par' dir='ltr' id='par_1_45' title="bbox 2181 1899 3777 1979">
     <span class='ocr_line' id='line_1_45' title="bbox 2181 1899 3777 1979; baseline -0.003 -22"><span class='ocrx_word' id='word_1_303' title='bbox 2181 1904 2493 1979; x_wconf 79' lang='grc' dir='ltr'>ὲπιμετρῶν</span> <span class='ocrx_word' id='word_1_304' title='bbox 2508 1904 2724 1976; x_wconf 80' lang='grc' dir='ltr'><strong>ἑκάστῳ</strong></span> <span class='ocrx_word' id='word_1_305' title='bbox 2750 1904 2812 1958; x_wconf 79' lang='grc' dir='ltr'><strong>τὸ</strong></span> <span class='ocrx_word' id='word_1_306' title='bbox 2848 1902 3079 1977; x_wconf 81' lang='grc' dir='ltr'>πρέπον,</span> <span class='ocrx_word' id='word_1_307' title='bbox 3114 1900 3241 1957; x_wconf 86' lang='grc' dir='ltr'>ούτε</span> <span class='ocrx_word' id='word_1_308' title='bbox 3269 1901 3349 1974; x_wconf 89' lang='grc' dir='ltr'>τῷ</span> <span class='ocrx_word' id='word_1_309' title='bbox 3376 1901 3607 1967; x_wconf 77' lang='grc' dir='ltr'>ἐλλιπεῖ,</span> <span class='ocrx_word' id='word_1_310' title='bbox 3641 1899 3777 1953; x_wconf 72' lang='grc' dir='ltr'>οὕτε</span> 
     </span>
    </p>
   </div>
   <div class='ocr_carea' id='block_1_46' title="bbox 2181 1995 3503 2070">
    <p class='ocr_par' dir='ltr' id='par_1_46' title="bbox 2181 1995 3503 2070">
     <span class='ocr_line' id='line_1_46' title="bbox 2181 1995 3503 2070; baseline 0.002 -19"><span class='ocrx_word' id='word_1_311' title='bbox 2181 1996 2260 2069; x_wconf 82' lang='grc' dir='ltr'>τῷ</span> <span class='ocrx_word' id='word_1_312' title='bbox 2276 1996 2515 2069; x_wconf 82' lang='grc' dir='ltr'>περιττῷ</span> <span class='ocrx_word' id='word_1_313' title='bbox 2539 1997 2639 2070; x_wconf 77' lang='grc' dir='ltr'>τὴν</span> <span class='ocrx_word' id='word_1_314' title='bbox 2660 1995 2946 2069; x_wconf 81' lang='grc' dir='ltr'>ἀκρίόειαν</span> <span class='ocrx_word' id='word_1_315' title='bbox 2979 1996 3297 2067; x_wconf 84' lang='grc' dir='ltr'>παραλύων.</span> <span class='ocrx_word' id='word_1_316' title='bbox 3486 1996 3503 2006; x_wconf 89' lang='grc'><em>”</em></span> 
     </span>
    </p>
   </div>
   <div class='ocr_carea' id='block_1_47' title="bbox 2496 2304 3453 2364">
    <p class='ocr_par' dir='ltr' id='par_1_47' title="bbox 2496 2304 3453 2364">
     <span class='ocr_line' id='line_1_47' title="bbox 2496 2304 3453 2364; baseline -0.006 0"><span class='ocrx_word' id='word_1_317' title='bbox 2496 2310 2634 2364; x_wconf 82' lang='grc' dir='ltr'><strong>ΤΗΣ</strong></span> <span class='ocrx_word' id='word_1_318' title='bbox 2665 2308 2914 2364; x_wconf 84' lang='grc' dir='ltr'><strong>ΒΙΒΛΟΥ</strong></span> <span class='ocrx_word' id='word_1_319' title='bbox 2952 2307 3088 2362; x_wconf 82' lang='grc' dir='ltr'><strong>ΤΩΝ</strong></span> <span class='ocrx_word' id='word_1_320' title='bbox 3122 2304 3453 2360; x_wconf 78' lang='grc' dir='ltr'><strong>ΑΡΙΘΜΩΝ.</strong></span> 
     </span>
    </p>
   </div>
   <div class='ocr_carea' id='block_1_48' title="bbox 2198 2437 3779 2511">
    <p class='ocr_par' dir='ltr' id='par_1_48' title="bbox 2198 2437 3779 2511">
     <span class='ocr_line' id='line_1_48' title="bbox 2198 2437 3779 2511; baseline -0.006 -12"><span class='ocrx_word' id='word_1_321' title='bbox 2198 2445 2689 2511; x_wconf 76' lang='grc' dir='ltr'>Ἐκελεύσθησαν</span> <span class='ocrx_word' id='word_1_322' title='bbox 2714 2442 2938 2511; x_wconf 84' lang='grc' dir='ltr'><strong>Μωσῆς</strong></span> <span class='ocrx_word' id='word_1_323' title='bbox 2966 2441 3066 2496; x_wconf 77' lang='grc' dir='ltr'><strong>καὶ</strong></span> <span class='ocrx_word' id='word_1_324' title='bbox 3090 2440 3307 2511; x_wconf 63' lang='lat' dir='ltr'><strong>‘Aapc‘or</strong></span> <span class='ocrx_word' id='word_1_325' title='bbox 3327 2441 3411 2511; x_wconf 76' lang='grc' dir='ltr'><strong>εἷς</strong></span> <span class='ocrx_word' id='word_1_326' title='bbox 3434 2437 3779 2511; x_wconf 70' lang='grc' dir='ltr'>παράταξιν</span> 
     </span>
    </p>
   </div>
   <div class='ocr_carea' id='block_1_49' title="bbox 2256 2509 3776 2582">
    <p class='ocr_par' dir='ltr' id='par_1_49' title="bbox 2256 2509 3776 2582">
     <span class='ocr_line' id='line_1_49' title="bbox 2256 2509 3776 2582; baseline 0.001 -14"><span class='ocrx_word' id='word_1_327' title='bbox 2256 2514 2355 2569; x_wconf 78' lang='grc' dir='ltr'><strong>καὶ</strong></span> <span class='ocrx_word' id='word_1_328' title='bbox 2391 2509 2659 2582; x_wconf 69' lang='grc' dir='ltr'>πόλεμον</span> <span class='ocrx_word' id='word_1_329' title='bbox 2680 2509 3145 2582; x_wconf 72' lang='grc' dir='ltr'>ἐπισκέψασθαι,</span> <span class='ocrx_word' id='word_1_330' title='bbox 3185 2509 3346 2582; x_wconf 69' lang='grc' dir='ltr'>τοῦτ’</span> <span class='ocrx_word' id='word_1_331' title='bbox 3382 2510 3571 2582; x_wconf 53' lang='grc' dir='ltr'>ἐστιν,</span> <span class='ocrx_word' id='word_1_332' title='bbox 3614 2509 3776 2582; x_wconf 39' lang='lat' dir='ltr'><strong>dior</strong></span> 
     </span>
    </p>
   </div>
   <div class='ocr_carea' id='block_1_50' title="bbox 2256 2577 3777 2655">
    <p class='ocr_par' dir='ltr' id='par_1_50' title="bbox 2256 2577 3777 2655">
     <span class='ocr_line' id='line_1_50' title="bbox 2256 2577 3777 2655; baseline -0.005 -18"><span class='ocrx_word' id='word_1_333' title='bbox 2256 2577 2601 2655; x_wconf 69' lang='grc' dir='ltr'>γράψασθαι</span> <span class='ocrx_word' id='word_1_334' title='bbox 2652 2583 2849 2655; x_wconf 60' lang='lat' dir='ltr'><strong>narra</strong></span> <span class='ocrx_word' id='word_1_335' title='bbox 2877 2577 3124 2655; x_wconf 61' lang='grc' dir='ltr'><strong>Δἄρσε-νοτ</strong></span> <span class='ocrx_word' id='word_1_336' title='bbox 3176 2580 3295 2655; x_wconf 75' lang='grc' dir='ltr'>τῷν</span> <span class='ocrx_word' id='word_1_337' title='bbox 3331 2578 3479 2655; x_wconf 60' lang='lat' dir='ltr'><strong>vitim</strong></span> <span class='ocrx_word' id='word_1_338' title='bbox 3524 2577 3777 2655; x_wconf 60' lang='grc' dir='ltr'>Ἰσραὴλ</span> 
     </span>
    </p>
   </div>
   <div class='ocr_carea' id='block_1_51' title="bbox 2255 2650 3774 2720">
    <p class='ocr_par' dir='ltr' id='par_1_51' title="bbox 2255 2650 3774 2720">
     <span class='ocr_line' id='line_1_51' title="bbox 2255 2650 3774 2720; baseline -0.005 -10"><span class='ocrx_word' id='word_1_339' title='bbox 2255 2650 2780 2719; x_wconf 70' lang='grc' dir='ltr'>ἇπὸεὶκοσαετοῦς</span> <span class='ocrx_word' id='word_1_340' title='bbox 2794 2652 2894 2708; x_wconf 77' lang='grc' dir='ltr'><strong>καὶ</strong></span> <span class='ocrx_word' id='word_1_341' title='bbox 2910 2650 3132 2720; x_wconf 79' lang='grc' dir='ltr'>ἐπάνω,</span> <span class='ocrx_word' id='word_1_342' title='bbox 3161 2650 3361 2705; x_wconf 78' lang='grc' dir='ltr'>πάντα</span> <span class='ocrx_word' id='word_1_343' title='bbox 3377 2651 3774 2719; x_wconf 72' lang='grc' dir='ltr'>ἐκπορευόμε-</span> 
     </span>
    </p>
   </div>
   <div class='ocr_carea' id='block_1_52' title="bbox 2256 2723 2753 2793">
    <p class='ocr_par' dir='ltr' id='par_1_52' title="bbox 2256 2723 2753 2793">
     <span class='ocr_line' id='line_1_52' title="bbox 2256 2723 2753 2793; baseline -0.002 -15"><span class='ocrx_word' id='word_1_344' title='bbox 2256 2741 2370 2780; x_wconf 74' lang='grc' dir='ltr'><strong>νον</strong></span> <span class='ocrx_word' id='word_1_345' title='bbox 2396 2725 2467 2779; x_wconf 76' lang='grc' dir='ltr'>ἐν</span> <span class='ocrx_word' id='word_1_346' title='bbox 2485 2723 2753 2793; x_wconf 79' lang='grc' dir='ltr'>δυνάμει.</span> 
     </span>
    </p>
   </div>
   <div class='ocr_carea' id='block_1_53' title="bbox 2259 2855 3779 2932">
    <p class='ocr_par' dir='ltr' id='par_1_53' title="bbox 2259 2855 3779 2932">
     <span class='ocr_line' id='line_1_53' title="bbox 2259 2855 3779 2932; baseline -0.007 -16"><span class='ocrx_word' id='word_1_347' title='bbox 2259 2862 2377 2925; x_wconf 80' lang='grc' dir='ltr'><strong>Πᾶς</strong></span> <span class='ocrx_word' id='word_1_348' title='bbox 2395 2858 2505 2932; x_wconf 83' lang='grc' dir='ltr'><strong>γὰρ</strong></span> <span class='ocrx_word' id='word_1_349' title='bbox 2527 2858 2773 2931; x_wconf 76' lang='grc' dir='ltr'>ύπερὸὰς</span> <span class='ocrx_word' id='word_1_350' title='bbox 2802 2859 2902 2931; x_wconf 77' lang='grc' dir='ltr'><strong>τὴν</strong></span> <span class='ocrx_word' id='word_1_351' title='bbox 2944 2858 3201 2932; x_wconf 77' lang='grc' dir='ltr'>παιδικὴν</span> <span class='ocrx_word' id='word_1_352' title='bbox 3230 2855 3511 2912; x_wconf 80' lang='grc' dir='ltr'>ἀσθένειαν</span> <span class='ocrx_word' id='word_1_353' title='bbox 3548 2856 3641 2910; x_wconf 74' lang='grc' dir='ltr'><strong>καὶ</strong></span> <span class='ocrx_word' id='word_1_354' title='bbox 3668 2873 3779 2925; x_wconf 82' lang='grc' dir='ltr'><strong>μα-</strong></span> 
     </span>
    </p>
   </div>
   <div class='ocr_carea' id='block_1_54' title="bbox 2190 2945 3779 3021">
    <p class='ocr_par' dir='ltr' id='par_1_54' title="bbox 2190 2945 3779 3021">
     <span class='ocr_line' id='line_1_54' title="bbox 2190 2945 3779 3021; baseline -0.004 -15"><span class='ocrx_word' id='word_1_355' title='bbox 2190 2952 2405 3016; x_wconf 83' lang='grc' dir='ltr'>λακίαν,</span> <span class='ocrx_word' id='word_1_356' title='bbox 2437 2952 2533 3005; x_wconf 73' lang='grc' dir='ltr'><strong>καὶ</strong></span> <span class='ocrx_word' id='word_1_357' title='bbox 2556 2949 2659 3021; x_wconf 76' lang='grc' dir='ltr'>ήδη</span> <span class='ocrx_word' id='word_1_358' title='bbox 2687 2948 2977 3020; x_wconf 88' lang='grc' dir='ltr'>γενόμενος</span> <span class='ocrx_word' id='word_1_359' title='bbox 3006 2946 3258 3019; x_wconf 80' lang='grc' dir='ltr'>ἀνδρικὸς</span> <span class='ocrx_word' id='word_1_360' title='bbox 3296 2947 3375 3010; x_wconf 85' lang='grc' dir='ltr'>εἰς</span> <span class='ocrx_word' id='word_1_361' title='bbox 3402 2945 3591 3008; x_wconf 82' lang='grc' dir='ltr'>πόνους</span> <span class='ocrx_word' id='word_1_362' title='bbox 3640 2946 3779 3008; x_wconf 72' lang='grc' dir='ltr'>τοὺς</span> 
     </span>
    </p>
   </div>
   <div class='ocr_carea' id='block_1_55' title="bbox 502 3036 2093 3118">
    <p class='ocr_par' dir='ltr' id='par_1_55' title="bbox 502 3036 2085 3106">
     <span class='ocr_line' id='line_1_55' title="bbox 502 3036 2085 3106; baseline 0 -11"><span class='ocrx_word' id='word_1_363' title='bbox 502 3040 599 3095; x_wconf 83' lang='lat' dir='ltr'><strong>dos</strong></span> <span class='ocrx_word' id='word_1_364' title='bbox 625 3038 843 3093; x_wconf 85' lang='lat' dir='ltr'><strong>labores</strong></span> <span class='ocrx_word' id='word_1_365' title='bbox 871 3052 972 3106; x_wconf 91' lang='lat' dir='ltr'><strong>pro</strong></span> <span class='ocrx_word' id='word_1_366' title='bbox 1003 3036 1229 3101; x_wconf 88' lang='lat' dir='ltr'><strong>virtute,</strong></span> <span class='ocrx_word' id='word_1_367' title='bbox 1263 3044 1320 3091; x_wconf 90' lang='lat' dir='ltr'><strong>et</strong></span> <span class='ocrx_word' id='word_1_368' title='bbox 1359 3037 1416 3091; x_wconf 94' lang='lat' dir='ltr'><strong>in</strong></span> <span class='ocrx_word' id='word_1_369' title='bbox 1444 3037 1650 3094; x_wconf 86' lang='lat' dir='ltr'><strong>virtute</strong></span> <span class='ocrx_word' id='word_1_370' title='bbox 1672 3046 1730 3092; x_wconf 90' lang='lat' dir='ltr'><strong>et</strong></span> <span class='ocrx_word' id='word_1_371' title='bbox 1757 3036 2085 3095; x_wconf 78' lang='lat' dir='ltr'><strong>fortitudine</strong></span> 
     </span>
    </p>
   </div>
   <div class='ocr_carea' id='block_1_56' title="bbox 2193 3036 3777 3118">
    <p class='ocr_par' dir='ltr' id='par_1_56' title="bbox 2193 3038 3777 3116">
     <span class='ocr_line' id='line_1_56' title="bbox 2193 3038 3777 3116; baseline -0.006 -18"><span class='ocrx_word' id='word_1_372' title='bbox 2193 3043 2336 3116; x_wconf 84' lang='grc' dir='ltr'>ὑπὲρ</span> <span class='ocrx_word' id='word_1_373' title='bbox 2386 3042 2608 3114; x_wconf 84' lang='grc' dir='ltr'>ἀρετῆς,</span> <span class='ocrx_word' id='word_1_374' title='bbox 2642 3041 2736 3097; x_wconf 76' lang='grc' dir='ltr'><strong>καὶ</strong></span> <span class='ocrx_word' id='word_1_375' title='bbox 2768 3040 3204 3113; x_wconf 73' lang='grc' dir='ltr'>ἐκπορευόμενος</span> <span class='ocrx_word' id='word_1_376' title='bbox 3226 3039 3371 3092; x_wconf 86' lang='grc' dir='ltr'><strong>κατά</strong></span> <span class='ocrx_word' id='word_1_377' title='bbox 3420 3038 3693 3107; x_wconf 87' lang='grc' dir='ltr'>δαιμόνων</span> <span class='ocrx_word' id='word_1_378' title='bbox 3718 3039 3777 3089; x_wconf 81' lang='grc' dir='ltr'><strong>ἐν</strong></span> 
     </span>
    </p>
   </div>
   <div class='ocr_carea' id='block_1_57' title="bbox 503 3128 2085 3193">
    <p class='ocr_par' dir='ltr' id='par_1_57' title="bbox 503 3128 2085 3193">
     <span class='ocr_line' id='line_1_57' title="bbox 503 3128 2085 3193; baseline 0.001 -8"><span class='ocrx_word' id='word_1_379' title='bbox 503 3130 614 3186; x_wconf 80' lang='lat' dir='ltr'><strong>exit</strong></span> <span class='ocrx_word' id='word_1_380' title='bbox 642 3130 907 3184; x_wconf 88' lang='lat' dir='ltr'><strong>adversus</strong></span> <span class='ocrx_word' id='word_1_381' title='bbox 942 3128 1240 3193; x_wconf 81' lang='lat' dir='ltr'><strong>daemones,</strong></span> <span class='ocrx_word' id='word_1_382' title='bbox 1265 3128 1600 3184; x_wconf 86' lang='lat' dir='ltr'><strong>describitur</strong></span> <span class='ocrx_word' id='word_1_383' title='bbox 1622 3138 1678 3183; x_wconf 90' lang='lat' dir='ltr'><strong>et</strong></span> <span class='ocrx_word' id='word_1_384' title='bbox 1704 3129 1759 3183; x_wconf 89' lang='lat' dir='ltr'><strong>in</strong></span> <span class='ocrx_word' id='word_1_385' title='bbox 1789 3145 2085 3186; x_wconf 88' lang='lat' dir='ltr'><strong>numerum</strong></span> 
     </span>
    </p>
   </div>
   <div class='ocr_carea' id='block_1_58' title="bbox 505 3220 2089 3287">
    <p class='ocr_par' dir='ltr' id='par_1_58' title="bbox 505 3220 2089 3287">
     <span class='ocr_line' id='line_1_58' title="bbox 505 3220 2089 3287; baseline 0.004 -11"><span class='ocrx_word' id='word_1_386' title='bbox 505 3222 740 3278; x_wconf 83' lang='lat' dir='ltr'><strong>refertur</strong></span> <span class='ocrx_word' id='word_1_387' title='bbox 765 3222 834 3277; x_wconf 88' lang='lat' dir='ltr'><strong>ad</strong></span> <span class='ocrx_word' id='word_1_388' title='bbox 869 3220 967 3276; x_wconf 90' lang='lat' dir='ltr'><strong>Dei</strong></span> <span class='ocrx_word' id='word_1_389' title='bbox 995 3222 1191 3287; x_wconf 86' lang='lat' dir='ltr'><strong>aciem,</strong></span> <span class='ocrx_word' id='word_1_390' title='bbox 1219 3230 1276 3277; x_wconf 91' lang='lat' dir='ltr'><strong>et</strong></span> <span class='ocrx_word' id='word_1_391' title='bbox 1311 3221 1371 3277; x_wconf 89' lang='lat' dir='ltr'><strong>ﬁt</strong></span> <span class='ocrx_word' id='word_1_392' title='bbox 1403 3221 1501 3277; x_wconf 90' lang='lat' dir='ltr'><strong>Dei</strong></span> <span class='ocrx_word' id='word_1_393' title='bbox 1531 3223 1709 3278; x_wconf 89' lang='lat' dir='ltr'><strong>miles.</strong></span> <span class='ocrx_word' id='word_1_394' title='bbox 1738 3223 1874 3279; x_wconf 85' lang='lat' dir='ltr'><strong>Nam</strong></span> <span class='ocrx_word' id='word_1_395' title='bbox 1907 3239 2089 3282; x_wconf 89' lang='lat' dir='ltr'><strong>annus</strong></span> 
     </span>
    </p>
   </div>
   <div class='ocr_carea' id='block_1_59' title="bbox 504 3311 2091 3384">
    <p class='ocr_par' dir='ltr' id='par_1_59' title="bbox 504 3311 2091 3384">
     <span class='ocr_line' id='line_1_59' title="bbox 504 3311 2091 3384; baseline 0.002 -17"><span class='ocrx_word' id='word_1_396' title='bbox 504 3313 725 3384; x_wconf 88' lang='lat' dir='ltr'><strong>quidem</strong></span> <span class='ocrx_word' id='word_1_397' title='bbox 758 3312 1080 3377; x_wconf 84' lang='lat' dir='ltr'><strong>vicesimus,</strong></span> <span class='ocrx_word' id='word_1_398' title='bbox 1118 3311 1186 3367; x_wconf 90' lang='lat' dir='ltr'><strong>iis</strong></span> <span class='ocrx_word' id='word_1_399' title='bbox 1222 3311 1447 3383; x_wconf 85' lang='lat' dir='ltr'><strong>quidem</strong></span> <span class='ocrx_word' id='word_1_400' title='bbox 1489 3313 1584 3383; x_wconf 85' lang='lat' dir='ltr'><strong>qui</strong></span> <span class='ocrx_word' id='word_1_401' title='bbox 1623 3313 1681 3367; x_wconf 92' lang='lat' dir='ltr'><strong>in</strong></span> <span class='ocrx_word' id='word_1_402' title='bbox 1713 3314 1921 3370; x_wconf 90' lang='lat' dir='ltr'><strong>mundo</strong></span> <span class='ocrx_word' id='word_1_403' title='bbox 1946 3314 2091 3369; x_wconf 82' lang='lat' dir='ltr'><strong>mili-</strong></span> 
     </span>
    </p>
   </div>
   <div class='ocr_carea' id='block_1_60' title="bbox 506 3403 2092 3476">
    <p class='ocr_par' dir='ltr' id='par_1_60' title="bbox 506 3403 2092 3476">
     <span class='ocr_line' id='line_1_60' title="bbox 506 3403 2092 3476; baseline 0.003 -16"><span class='ocrx_word' id='word_1_404' title='bbox 506 3413 643 3471; x_wconf 87' lang='lat' dir='ltr'><strong>tant,</strong></span> <span class='ocrx_word' id='word_1_405' title='bbox 662 3403 861 3460; x_wconf 77' lang='lat' dir='ltr'><strong>sufﬁcit</strong></span> <span class='ocrx_word' id='word_1_406' title='bbox 881 3404 950 3459; x_wconf 86' lang='lat' dir='ltr'><strong>ad</strong></span> <span class='ocrx_word' id='word_1_407' title='bbox 974 3404 1388 3476; x_wconf 83' lang='lat' dir='ltr'><strong>intelligentiam</strong></span> <span class='ocrx_word' id='word_1_408' title='bbox 1410 3413 1468 3461; x_wconf 89' lang='lat' dir='ltr'><strong>et</strong></span> <span class='ocrx_word' id='word_1_409' title='bbox 1500 3404 1902 3462; x_wconf 83' lang='lat' dir='ltr'><strong>fortitudinem.</strong></span> <span class='ocrx_word' id='word_1_410' title='bbox 1928 3407 2092 3464; x_wconf 91' lang='lat' dir='ltr'><strong>Tem-</strong></span> 
     </span>
    </p>
   </div>
   <div class='ocr_carea' id='block_1_61' title="bbox 506 3495 2091 3567">
    <p class='ocr_par' dir='ltr' id='par_1_61' title="bbox 506 3495 2091 3567">
     <span class='ocr_line' id='line_1_61' title="bbox 506 3495 2091 3567; baseline 0.001 -14"><span class='ocrx_word' id='word_1_411' title='bbox 506 3513 609 3567; x_wconf 86' lang='lat' dir='ltr'><strong>pus</strong></span> <span class='ocrx_word' id='word_1_412' title='bbox 634 3503 818 3551; x_wconf 88' lang='lat' dir='ltr'><strong>autem</strong></span> <span class='ocrx_word' id='word_1_413' title='bbox 845 3495 992 3566; x_wconf 92' lang='lat' dir='ltr'><strong>quod</strong></span> <span class='ocrx_word' id='word_1_414' title='bbox 1022 3503 1108 3551; x_wconf 92' lang='lat' dir='ltr'><strong>est</strong></span> <span class='ocrx_word' id='word_1_415' title='bbox 1131 3495 1274 3551; x_wconf 90' lang='lat' dir='ltr'><strong>infra</strong></span> <span class='ocrx_word' id='word_1_416' title='bbox 1296 3511 1417 3552; x_wconf 90' lang='lat' dir='ltr'><strong>eam</strong></span> <span class='ocrx_word' id='word_1_417' title='bbox 1440 3503 1679 3563; x_wconf 70' lang='lat' dir='ltr'><strong>aetatem,</strong></span> <span class='ocrx_word' id='word_1_418' title='bbox 1707 3497 2091 3567; x_wconf 90' lang='lat' dir='ltr'><strong>imperfectum</strong></span> 
     </span>
    </p>
   </div>
   <div class='ocr_carea' id='block_1_62' title="bbox 506 3587 2093 3662">
    <p class='ocr_par' dir='ltr' id='par_1_62' title="bbox 506 3587 2093 3662">
     <span class='ocr_line' id='line_1_62' title="bbox 506 3587 2093 3662; baseline 0.003 -18"><span class='ocrx_word' id='word_1_419' title='bbox 506 3598 592 3644; x_wconf 88' lang='lat' dir='ltr'><strong>est</strong></span> <span class='ocrx_word' id='word_1_420' title='bbox 617 3587 685 3643; x_wconf 89' lang='lat' dir='ltr'><strong>ad</strong></span> <span class='ocrx_word' id='word_1_421' title='bbox 719 3596 1037 3657; x_wconf 89' lang='lat' dir='ltr'><strong>utrumque.</strong></span> <span class='ocrx_word' id='word_1_422' title='bbox 1066 3587 1279 3659; x_wconf 81' lang='lat' dir='ltr'><strong>Moyses</strong></span> <span class='ocrx_word' id='word_1_423' title='bbox 1315 3597 1500 3644; x_wconf 87' lang='lat' dir='ltr'><strong>autem</strong></span> <span class='ocrx_word' id='word_1_424' title='bbox 1539 3599 1596 3645; x_wconf 91' lang='lat' dir='ltr'><strong>et</strong></span> <span class='ocrx_word' id='word_1_425' title='bbox 1623 3590 1803 3646; x_wconf 85' lang='lat' dir='ltr'><strong>Aaron</strong></span> <span class='ocrx_word' id='word_1_426' title='bbox 1828 3606 1926 3647; x_wconf 89' lang='lat' dir='ltr'><strong>eos</strong></span> <span class='ocrx_word' id='word_1_427' title='bbox 1953 3607 2093 3662; x_wconf 90' lang='lat' dir='ltr'><strong>quos</strong></span> 
     </span>
    </p>
   </div>
   <div class='ocr_carea' id='block_1_63' title="bbox 506 3679 2092 3752">
    <p class='ocr_par' dir='ltr' id='par_1_63' title="bbox 506 3679 2092 3752">
     <span class='ocr_line' id='line_1_63' title="bbox 506 3679 2092 3752; baseline 0.003 -16"><span class='ocrx_word' id='word_1_428' title='bbox 506 3680 745 3736; x_wconf 82' lang='lat' dir='ltr'><strong>diximus</strong></span> <span class='ocrx_word' id='word_1_429' title='bbox 785 3679 1198 3746; x_wconf 86' lang='lat' dir='ltr'><strong>describentes,</strong></span> <span class='ocrx_word' id='word_1_430' title='bbox 1244 3680 1671 3752; x_wconf 76' lang='lat' dir='ltr'><strong>praeﬁgurabant</strong></span> <span class='ocrx_word' id='word_1_431' title='bbox 1713 3683 1877 3739; x_wconf 89' lang='lat' dir='ltr'><strong>ambo</strong></span> <span class='ocrx_word' id='word_1_432' title='bbox 1918 3700 2092 3740; x_wconf 88' lang='lat' dir='ltr'><strong>unum</strong></span> 
     </span>
    </p>
   </div>
   <div class='ocr_carea' id='block_1_64' title="bbox 507 3772 2095 3843">
    <p class='ocr_par' dir='ltr' id='par_1_64' title="bbox 507 3772 2095 3843">
     <span class='ocr_line' id='line_1_64' title="bbox 507 3772 2095 3843; baseline 0.003 -15"><span class='ocrx_word' id='word_1_433' title='bbox 507 3773 785 3829; x_wconf 87' lang='lat' dir='ltr'><strong>Christum</strong></span> <span class='ocrx_word' id='word_1_434' title='bbox 813 3772 1181 3843; x_wconf 79' lang='lat' dir='ltr'><strong>legislatorem</strong></span> <span class='ocrx_word' id='word_1_435' title='bbox 1225 3772 1388 3828; x_wconf 89' lang='lat' dir='ltr'><strong>simul</strong></span> <span class='ocrx_word' id='word_1_436' title='bbox 1422 3782 1479 3828; x_wconf 90' lang='lat' dir='ltr'><strong>et</strong></span> <span class='ocrx_word' id='word_1_437' title='bbox 1521 3773 1841 3843; x_wconf 88' lang='lat' dir='ltr'><strong>pontiﬁcem</strong></span> <span class='ocrx_word' id='word_1_438' title='bbox 1861 3816 1877 3842; x_wconf 94' lang='lat'><strong>,</strong></span> <span class='ocrx_word' id='word_1_439' title='bbox 1911 3784 1968 3832; x_wconf 90' lang='lat' dir='ltr'><strong>et</strong></span> <span class='ocrx_word' id='word_1_440' title='bbox 1999 3776 2095 3832; x_wconf 87' lang='lat' dir='ltr'><strong>de-</strong></span> 
     </span>
    </p>
   </div>
   <div class='ocr_carea' id='block_1_65' title="bbox 508 3864 1595 3936">
    <p class='ocr_par' dir='ltr' id='par_1_65' title="bbox 508 3864 1595 3936">
     <span class='ocr_line' id='line_1_65' title="bbox 508 3864 1595 3936; baseline 0 -15"><span class='ocrx_word' id='word_1_441' title='bbox 508 3865 834 3935; x_wconf 85' lang='lat' dir='ltr'><strong>scriptorem</strong></span> <span class='ocrx_word' id='word_1_442' title='bbox 856 3880 1050 3920; x_wconf 86' lang='lat' dir='ltr'><strong>eorum</strong></span> <span class='ocrx_word' id='word_1_443' title='bbox 1071 3864 1168 3936; x_wconf 88' lang='lat' dir='ltr'><strong>qui</strong></span> <span class='ocrx_word' id='word_1_444' title='bbox 1202 3865 1305 3936; x_wconf 91' lang='lat' dir='ltr'><strong>ipsi</strong></span> <span class='ocrx_word' id='word_1_445' title='bbox 1337 3865 1595 3921; x_wconf 90' lang='lat' dir='ltr'><strong>militant.</strong></span> 
     </span>
    </p>
   </div>
   <div class='ocr_carea' id='block_1_66' title="bbox 579 3950 2145 4050">
    <p class='ocr_par' dir='ltr' id='par_1_66' title="bbox 579 3950 2145 4050">
     <span class='ocr_line' id='line_1_66' title="bbox 579 3950 2145 4050; baseline 0.004 -19"><span class='ocrx_word' id='word_1_446' title='bbox 579 3978 983 4033; x_wconf 88' lang='lat' dir='ltr'><strong>Describuntur</strong></span> <span class='ocrx_word' id='word_1_447' title='bbox 1022 3988 1229 4043; x_wconf 89' lang='lat' dir='ltr'><strong>autem,</strong></span> <span class='ocrx_word' id='word_1_448' title='bbox 1266 3978 1380 4033; x_wconf 90' lang='lat' dir='ltr'><strong>Deo</strong></span> <span class='ocrx_word' id='word_1_449' title='bbox 1411 3979 1657 4050; x_wconf 88' lang='lat' dir='ltr'><strong>jubente,</strong></span> <span class='ocrx_word' id='word_1_450' title='bbox 1702 3989 1759 4036; x_wconf 91' lang='lat' dir='ltr'><strong>et</strong></span> <span class='ocrx_word' id='word_1_451' title='bbox 1791 3983 2094 4038; x_wconf 88' lang='lat' dir='ltr'><strong>masculina</strong></span> <span class='ocrx_word' id='word_1_452' title='bbox 2140 3950 2145 3957; x_wconf 28' lang='lat'>&#39;</span> 
     </span>
    </p>
   </div>
   <div class='ocr_carea' id='block_1_67' title="bbox 510 4067 2093 4143">
    <p class='ocr_par' dir='ltr' id='par_1_67' title="bbox 510 4067 2093 4143">
     <span class='ocr_line' id='line_1_67' title="bbox 510 4067 2093 4143; baseline 0.004 -20"><span class='ocrx_word' id='word_1_453' title='bbox 510 4067 697 4123; x_wconf 88' lang='lat' dir='ltr'><strong>omnia</strong></span> <span class='ocrx_word' id='word_1_454' title='bbox 727 4069 904 4124; x_wconf 87' lang='lat' dir='ltr'><strong>tribus</strong></span> <span class='ocrx_word' id='word_1_455' title='bbox 930 4068 1213 4132; x_wconf 75' lang='lat' dir='ltr'><strong>Leviticze,</strong></span> <span class='ocrx_word' id='word_1_456' title='bbox 1240 4076 1297 4122; x_wconf 86' lang='lat' dir='ltr'><strong>et</strong></span> <span class='ocrx_word' id='word_1_457' title='bbox 1320 4069 1623 4124; x_wconf 91' lang='lat' dir='ltr'><strong>masculina</strong></span> <span class='ocrx_word' id='word_1_458' title='bbox 1648 4078 1705 4124; x_wconf 90' lang='lat' dir='ltr'><strong>et</strong></span> <span class='ocrx_word' id='word_1_459' title='bbox 1730 4071 2093 4143; x_wconf 86' lang='lat' dir='ltr'><strong>primogenita</strong></span> 
     </span>
    </p>
   </div>
   <div class='ocr_carea' id='block_1_68' title="bbox 511 4160 2096 4233">
    <p class='ocr_par' dir='ltr' id='par_1_68' title="bbox 511 4160 2096 4233">
     <span class='ocr_line' id='line_1_68' title="bbox 511 4160 2096 4233; baseline 0.003 -17"><span class='ocrx_word' id='word_1_460' title='bbox 511 4161 627 4216; x_wconf 87' lang='lat' dir='ltr'><strong>sola</strong></span> <span class='ocrx_word' id='word_1_461' title='bbox 638 4161 869 4215; x_wconf 89' lang='lat' dir='ltr'><strong>aliarum</strong></span> <span class='ocrx_word' id='word_1_462' title='bbox 888 4160 1130 4214; x_wconf 89' lang='lat' dir='ltr'><strong>tribuum</strong></span> <span class='ocrx_word' id='word_1_463' title='bbox 1149 4160 1217 4214; x_wconf 87' lang='lat' dir='ltr'><strong>ab</strong></span> <span class='ocrx_word' id='word_1_464' title='bbox 1229 4174 1340 4214; x_wconf 92' lang='lat' dir='ltr'><strong>uno</strong></span> <span class='ocrx_word' id='word_1_465' title='bbox 1359 4175 1548 4216; x_wconf 88' lang='lat' dir='ltr'><strong>mense</strong></span> <span class='ocrx_word' id='word_1_466' title='bbox 1564 4170 1619 4216; x_wconf 92' lang='lat' dir='ltr'><strong>et</strong></span> <span class='ocrx_word' id='word_1_467' title='bbox 1635 4177 1821 4233; x_wconf 90' lang='lat' dir='ltr'><strong>supra.</strong></span> <span class='ocrx_word' id='word_1_468' title='bbox 1841 4164 1947 4220; x_wconf 89' lang='lat' dir='ltr'><strong>Sed</strong></span> <span class='ocrx_word' id='word_1_469' title='bbox 1964 4174 2096 4221; x_wconf 88' lang='lat' dir='ltr'><strong>tem-</strong></span> 
     </span>
    </p>
   </div>
   <div class='ocr_carea' id='block_1_69' title="bbox 512 4249 2095 4324">
    <p class='ocr_par' dir='ltr' id='par_1_69' title="bbox 512 4249 2095 4324">
     <span class='ocr_line' id='line_1_69' title="bbox 512 4249 2095 4324; baseline 0.001 -16"><span class='ocrx_word' id='word_1_470' title='bbox 512 4268 617 4324; x_wconf 92' lang='lat' dir='ltr'><strong>pus</strong></span> <span class='ocrx_word' id='word_1_471' title='bbox 636 4252 801 4307; x_wconf 91' lang='lat' dir='ltr'><strong>unius</strong></span> <span class='ocrx_word' id='word_1_472' title='bbox 826 4251 1032 4306; x_wconf 89' lang='lat' dir='ltr'><strong>mensis</strong></span> <span class='ocrx_word' id='word_1_473' title='bbox 1050 4260 1135 4305; x_wconf 90' lang='lat' dir='ltr'><strong>est</strong></span> <span class='ocrx_word' id='word_1_474' title='bbox 1169 4258 1225 4305; x_wconf 92' lang='lat' dir='ltr'><strong>et</strong></span> <span class='ocrx_word' id='word_1_475' title='bbox 1246 4249 1333 4304; x_wconf 91' lang='lat' dir='ltr'><strong>his</strong></span> <span class='ocrx_word' id='word_1_476' title='bbox 1364 4259 1420 4305; x_wconf 90' lang='lat' dir='ltr'><strong>et</strong></span> <span class='ocrx_word' id='word_1_477' title='bbox 1451 4251 1559 4305; x_wconf 90' lang='lat' dir='ltr'><strong>illis</strong></span> <span class='ocrx_word' id='word_1_478' title='bbox 1585 4252 1891 4323; x_wconf 77' lang='lat' dir='ltr'><strong>symbolum</strong></span> <span class='ocrx_word' id='word_1_479' title='bbox 1918 4255 2095 4312; x_wconf 86' lang='lat' dir='ltr'><strong>infan-</strong></span> 
     </span>
    </p>
   </div>
   <div class='ocr_carea' id='block_1_70' title="bbox 514 4340 2093 4412">
    <p class='ocr_par' dir='ltr' id='par_1_70' title="bbox 514 4340 2093 4412">
     <span class='ocr_line' id='line_1_70' title="bbox 514 4340 2093 4412; baseline 0.003 -15"><span class='ocrx_word' id='word_1_480' title='bbox 514 4345 605 4400; x_wconf 75' lang='lat' dir='ltr'><strong>tiae</strong></span> <span class='ocrx_word' id='word_1_481' title='bbox 622 4343 925 4399; x_wconf 88' lang='lat' dir='ltr'><strong>secundum</strong></span> <span class='ocrx_word' id='word_1_482' title='bbox 941 4340 1223 4398; x_wconf 89' lang='lat' dir='ltr'><strong>Christum</strong></span> <span class='ocrx_word' id='word_1_483' title='bbox 1244 4341 1299 4396; x_wconf 92' lang='lat' dir='ltr'><strong>in</strong></span> <span class='ocrx_word' id='word_1_484' title='bbox 1321 4342 1671 4412; x_wconf 88' lang='lat' dir='ltr'><strong>simplicitate</strong></span> <span class='ocrx_word' id='word_1_485' title='bbox 1688 4353 1744 4399; x_wconf 88' lang='lat' dir='ltr'><strong>et</strong></span> <span class='ocrx_word' id='word_1_486' title='bbox 1760 4344 2093 4402; x_wconf 89' lang='lat' dir='ltr'><strong>innocentia.</strong></span> 
     </span>
    </p>
   </div>
   <div class='ocr_carea' id='block_1_71' title="bbox 512 4426 2175 4509">
    <p class='ocr_par' dir='ltr' id='par_1_71' title="bbox 512 4426 2175 4509">
     <span class='ocr_line' id='line_1_71' title="bbox 512 4426 2175 4509; baseline 0.002 -17"><span class='ocrx_word' id='word_1_487' title='bbox 512 4438 594 4492; x_wconf 81' lang='lat' dir='ltr'><strong>Ex</strong></span> <span class='ocrx_word' id='word_1_488' title='bbox 626 4436 695 4491; x_wconf 90' lang='lat' dir='ltr'><strong>iis</strong></span> <span class='ocrx_word' id='word_1_489' title='bbox 724 4434 1026 4491; x_wconf 79' lang='lat' dir='ltr'><strong>infantibus</strong></span> <span class='ocrx_word' id='word_1_490' title='bbox 1064 4443 1268 4500; x_wconf 88' lang='lat' dir='ltr'><strong>autem,</strong></span> <span class='ocrx_word' id='word_1_491' title='bbox 1314 4434 1491 4490; x_wconf 88' lang='lat' dir='ltr'><strong>Leviti</strong></span> <span class='ocrx_word' id='word_1_492' title='bbox 1522 4435 1745 4505; x_wconf 88' lang='lat' dir='ltr'><strong>quidem</strong></span> <span class='ocrx_word' id='word_1_493' title='bbox 1787 4437 2098 4509; x_wconf 85' lang='lat' dir='ltr'><strong>signiﬁcant</strong></span> <span class='ocrx_word' id='word_1_494' title='bbox 2130 4426 2175 4482; x_wconf 80' lang='grc' dir='ltr'><strong>Ῑ)</strong></span> 
     </span>
    </p>
   </div>
   <div class='ocr_carea' id='block_1_72' title="bbox 514 4528 2097 4605">
    <p class='ocr_par' dir='ltr' id='par_1_72' title="bbox 514 4528 2097 4605">
     <span class='ocr_line' id='line_1_72' title="bbox 514 4528 2097 4605; baseline 0.003 -21"><span class='ocrx_word' id='word_1_495' title='bbox 514 4545 611 4585; x_wconf 90' lang='lat' dir='ltr'><strong>eos</strong></span> <span class='ocrx_word' id='word_1_496' title='bbox 649 4529 744 4600; x_wconf 90' lang='lat' dir='ltr'><strong>qui</strong></span> <span class='ocrx_word' id='word_1_497' title='bbox 778 4537 906 4584; x_wconf 91' lang='lat' dir='ltr'><strong>sunt</strong></span> <span class='ocrx_word' id='word_1_498' title='bbox 942 4528 1267 4585; x_wconf 88' lang='lat' dir='ltr'><strong>consecrati.</strong></span> <span class='ocrx_word' id='word_1_499' title='bbox 1313 4528 1569 4584; x_wconf 83' lang='lat' dir='ltr'><strong>Mnndani</strong></span> <span class='ocrx_word' id='word_1_500' title='bbox 1600 4539 1786 4586; x_wconf 88' lang='lat' dir='ltr'><strong>autem</strong></span> <span class='ocrx_word' id='word_1_501' title='bbox 1820 4532 2097 4605; x_wconf 88' lang='lat' dir='ltr'><strong>primoge-</strong></span> 
     </span>
    </p>
   </div>
   <div class='ocr_carea' id='block_1_73' title="bbox 515 4619 2098 4695">
    <p class='ocr_par' dir='ltr' id='par_1_73' title="bbox 515 4619 2098 4695">
     <span class='ocr_line' id='line_1_73' title="bbox 515 4619 2098 4695; baseline 0.003 -20"><span class='ocrx_word' id='word_1_502' title='bbox 515 4621 641 4686; x_wconf 89' lang='lat' dir='ltr'><strong>niti,</strong></span> <span class='ocrx_word' id='word_1_503' title='bbox 670 4635 766 4675; x_wconf 89' lang='lat' dir='ltr'><strong>eos</strong></span> <span class='ocrx_word' id='word_1_504' title='bbox 788 4620 882 4690; x_wconf 88' lang='lat' dir='ltr'><strong>qui</strong></span> <span class='ocrx_word' id='word_1_505' title='bbox 916 4635 984 4674; x_wconf 82' lang='lat' dir='ltr'><strong>ex</strong></span> <span class='ocrx_word' id='word_1_506' title='bbox 1012 4619 1124 4674; x_wconf 91' lang='lat' dir='ltr'><strong>vita</strong></span> <span class='ocrx_word' id='word_1_507' title='bbox 1148 4619 1424 4676; x_wconf 88' lang='lat' dir='ltr'><strong>mundana</strong></span> <span class='ocrx_word' id='word_1_508' title='bbox 1443 4637 1573 4677; x_wconf 83' lang='lat' dir='ltr'><strong>vere</strong></span> <span class='ocrx_word' id='word_1_509' title='bbox 1595 4621 1896 4690; x_wconf 89' lang='lat' dir='ltr'><strong>imitantur,</strong></span> <span class='ocrx_word' id='word_1_510' title='bbox 1920 4640 2098 4695; x_wconf 86' lang='lat' dir='ltr'><strong>quan-</strong></span> 
     </span>
    </p>
   </div>
   <div class='ocr_carea' id='block_1_74' title="bbox 521 4711 2109 4787">
    <p class='ocr_par' dir='ltr' id='par_1_74' title="bbox 521 4711 2109 4787">
     <span class='ocr_line' id='line_1_74' title="bbox 521 4711 2109 4787; baseline 0.001 -18"><span class='ocrx_word' id='word_1_511' title='bbox 521 4723 638 4769; x_wconf 90' lang='lat' dir='ltr'><strong>tum</strong></span> <span class='ocrx_word' id='word_1_512' title='bbox 676 4712 1018 4776; x_wconf 90' lang='lat' dir='ltr'><strong>conceditur,</strong></span> <span class='ocrx_word' id='word_1_513' title='bbox 1048 4711 1327 4766; x_wconf 88' lang='lat' dir='ltr'><strong>Christum</strong></span> <span class='ocrx_word' id='word_1_514' title='bbox 1369 4712 1466 4783; x_wconf 91' lang='lat' dir='ltr'><strong>qui</strong></span> <span class='ocrx_word' id='word_1_515' title='bbox 1496 4720 1581 4769; x_wconf 90' lang='lat' dir='ltr'><strong>est</strong></span> <span class='ocrx_word' id='word_1_516' title='bbox 1617 4729 1748 4769; x_wconf 90' lang='lat' dir='ltr'><strong>vere</strong></span> <span class='ocrx_word' id='word_1_517' title='bbox 1776 4715 2109 4787; x_wconf 83' lang='lat' dir='ltr'><strong>primogeni-</strong></span> 
     </span>
    </p>
   </div>
   <div class='ocr_carea' id='block_1_75' title="bbox 519 4803 2109 4863">
    <p class='ocr_par' dir='ltr' id='par_1_75' title="bbox 519 4803 2109 4863">
     <span class='ocr_line' id='line_1_75' title="bbox 519 4803 2109 4863; baseline 0.003 -4"><span class='ocrx_word' id='word_1_518' title='bbox 519 4814 629 4861; x_wconf 89' lang='lat' dir='ltr'><strong>tus.</strong></span> <span class='ocrx_word' id='word_1_519' title='bbox 658 4804 931 4859; x_wconf 80' lang='lat' dir='ltr'><strong>Describit</strong></span> <span class='ocrx_word' id='word_1_520' title='bbox 955 4812 1139 4859; x_wconf 89' lang='lat' dir='ltr'><strong>autem</strong></span> <span class='ocrx_word' id='word_1_521' title='bbox 1168 4812 1225 4859; x_wconf 91' lang='lat' dir='ltr'><strong>et</strong></span> <span class='ocrx_word' id='word_1_522' title='bbox 1253 4804 1354 4860; x_wconf 92' lang='lat' dir='ltr'><strong>hos</strong></span> <span class='ocrx_word' id='word_1_523' title='bbox 1375 4813 1430 4860; x_wconf 91' lang='lat' dir='ltr'><strong>et</strong></span> <span class='ocrx_word' id='word_1_524' title='bbox 1452 4804 1575 4861; x_wconf 91' lang='lat' dir='ltr'><strong>illos</strong></span> <span class='ocrx_word' id='word_1_525' title='bbox 1598 4803 1850 4862; x_wconf 92' lang='lat' dir='ltr'><strong>Christus</strong></span> <span class='ocrx_word' id='word_1_526' title='bbox 1878 4808 1933 4862; x_wconf 93' lang='lat' dir='ltr'><strong>in</strong></span> <span class='ocrx_word' id='word_1_527' title='bbox 1964 4808 2109 4863; x_wconf 88' lang='lat' dir='ltr'><strong>libro</strong></span> 
     </span>
    </p>
   </div>
   <div class='ocr_carea' id='block_1_76' title="bbox 519 4896 2108 4969">
    <p class='ocr_par' dir='ltr' id='par_1_76' title="bbox 519 4896 2108 4969">
     <span class='ocr_line' id='line_1_76' title="bbox 519 4896 2108 4969; baseline 0.001 -16"><span class='ocrx_word' id='word_1_528' title='bbox 519 4912 886 4969; x_wconf 89' lang='lat' dir='ltr'><strong>supernorum</strong></span> <span class='ocrx_word' id='word_1_529' title='bbox 909 4896 1286 4952; x_wconf 90' lang='lat' dir='ltr'><strong>ministrorum</strong></span> <span class='ocrx_word' id='word_1_530' title='bbox 1308 4904 1363 4951; x_wconf 90' lang='lat' dir='ltr'><strong>et</strong></span> <span class='ocrx_word' id='word_1_531' title='bbox 1384 4896 1897 4969; x_wconf 84' lang='lat' dir='ltr'><strong>primOgenitorum.</strong></span> <span class='ocrx_word' id='word_1_532' title='bbox 1922 4898 2108 4955; x_wconf 87' lang='lat' dir='ltr'><strong>Primo</strong></span> 
     </span>
    </p>
   </div>
   <div class='ocr_carea' id='block_1_77' title="bbox 521 4989 2109 5061">
    <p class='ocr_par' dir='ltr' id='par_1_77' title="bbox 521 4989 2109 5061">
     <span class='ocr_line' id='line_1_77' title="bbox 521 4989 2109 5061; baseline 0.003 -16"><span class='ocrx_word' id='word_1_533' title='bbox 521 5000 703 5045; x_wconf 88' lang='lat' dir='ltr'><strong>autem</strong></span> <span class='ocrx_word' id='word_1_534' title='bbox 739 4989 861 5044; x_wconf 87' lang='lat' dir='ltr'><strong>loco</strong></span> <span class='ocrx_word' id='word_1_535' title='bbox 905 4999 991 5044; x_wconf 89' lang='lat' dir='ltr'><strong>est</strong></span> <span class='ocrx_word' id='word_1_536' title='bbox 1042 4989 1369 5045; x_wconf 89' lang='lat' dir='ltr'><strong>collocatum</strong></span> <span class='ocrx_word' id='word_1_537' title='bbox 1417 5005 1588 5061; x_wconf 90' lang='lat' dir='ltr'><strong>genus</strong></span> <span class='ocrx_word' id='word_1_538' title='bbox 1631 4992 2001 5060; x_wconf 86' lang='lat' dir='ltr'><strong>sacerdotale,</strong></span> <span class='ocrx_word' id='word_1_539' title='bbox 2047 5004 2109 5050; x_wconf 89' lang='lat' dir='ltr'><strong>ut</strong></span> 
     </span>
    </p>
   </div>
   <div class='ocr_carea' id='block_1_78' title="bbox 521 5078 2108 5150">
    <p class='ocr_par' dir='ltr' id='par_1_78' title="bbox 521 5078 2108 5150">
     <span class='ocr_line' id='line_1_78' title="bbox 521 5078 2108 5150; baseline 0.004 -15"><span class='ocrx_word' id='word_1_540' title='bbox 521 5082 669 5150; x_wconf 86' lang='lat' dir='ltr'><strong>quod</strong></span> <span class='ocrx_word' id='word_1_541' title='bbox 713 5082 785 5135; x_wconf 90' lang='lat' dir='ltr'><strong>sit</strong></span> <span class='ocrx_word' id='word_1_542' title='bbox 837 5080 939 5136; x_wconf 89' lang='lat' dir='ltr'><strong>soli</strong></span> <span class='ocrx_word' id='word_1_543' title='bbox 977 5081 1091 5136; x_wconf 89' lang='lat' dir='ltr'><strong>Deo</strong></span> <span class='ocrx_word' id='word_1_544' title='bbox 1120 5078 1457 5148; x_wconf 87' lang='lat' dir='ltr'><strong>dedicatum,</strong></span> <span class='ocrx_word' id='word_1_545' title='bbox 1502 5090 1560 5137; x_wconf 85' lang='lat' dir='ltr'><strong>et</strong></span> <span class='ocrx_word' id='word_1_546' title='bbox 1599 5098 1710 5137; x_wconf 92' lang='lat' dir='ltr'><strong>non</strong></span> <span class='ocrx_word' id='word_1_547' title='bbox 1743 5083 2009 5140; x_wconf 84' lang='lat' dir='ltr'><strong>dividitur</strong></span> <span class='ocrx_word' id='word_1_548' title='bbox 2038 5087 2108 5142; x_wconf 90' lang='lat' dir='ltr'><strong>ad</strong></span> 
     </span>
    </p>
   </div>
   <div class='ocr_carea' id='block_1_79' title="bbox 523 5172 2111 5249">
    <p class='ocr_par' dir='ltr' id='par_1_79' title="bbox 523 5172 2111 5249">
     <span class='ocr_line' id='line_1_79' title="bbox 523 5172 2111 5249; baseline 0.004 -22"><span class='ocrx_word' id='word_1_549' title='bbox 523 5174 696 5228; x_wconf 91' lang='lat' dir='ltr'><strong>Deum</strong></span> <span class='ocrx_word' id='word_1_550' title='bbox 742 5180 797 5227; x_wconf 89' lang='lat' dir='ltr'><strong>et</strong></span> <span class='ocrx_word' id='word_1_551' title='bbox 837 5172 1124 5239; x_wconf 89' lang='lat' dir='ltr'><strong>mundum,</strong></span> <span class='ocrx_word' id='word_1_552' title='bbox 1169 5174 1445 5244; x_wconf 91' lang='lat' dir='ltr'><strong>quomodo</strong></span> <span class='ocrx_word' id='word_1_553' title='bbox 1474 5174 1799 5231; x_wconf 82' lang='lat' dir='ltr'><strong>dividuntur</strong></span> <span class='ocrx_word' id='word_1_554' title='bbox 1838 5177 2111 5249; x_wconf 85' lang='lat' dir='ltr'><strong>primoge-</strong></span> 
     </span>
    </p>
   </div>
   <div class='ocr_carea' id='block_1_80' title="bbox 526 5264 2110 5333">
    <p class='ocr_par' dir='ltr' id='par_1_80' title="bbox 526 5264 2110 5333">
     <span class='ocr_line' id='line_1_80' title="bbox 526 5264 2110 5333; baseline 0.006 -17"><span class='ocrx_word' id='word_1_555' title='bbox 526 5264 661 5317; x_wconf 88' lang='lat' dir='ltr'><strong>nita.</strong></span> <span class='ocrx_word' id='word_1_556' title='bbox 687 5264 985 5319; x_wconf 87' lang='lat' dir='ltr'><strong>Masculina</strong></span> <span class='ocrx_word' id='word_1_557' title='bbox 1012 5275 1195 5321; x_wconf 87' lang='lat' dir='ltr'><strong>autem</strong></span> <span class='ocrx_word' id='word_1_558' title='bbox 1221 5274 1350 5321; x_wconf 92' lang='lat' dir='ltr'><strong>sunt</strong></span> <span class='ocrx_word' id='word_1_559' title='bbox 1373 5266 1489 5321; x_wconf 65' lang='lat' dir='ltr'><strong>haec</strong></span> <span class='ocrx_word' id='word_1_560' title='bbox 1513 5275 1569 5321; x_wconf 90' lang='lat' dir='ltr'><strong>et</strong></span> <span class='ocrx_word' id='word_1_561' title='bbox 1596 5266 1706 5333; x_wconf 89' lang='lat' dir='ltr'><strong>illa,</strong></span> <span class='ocrx_word' id='word_1_562' title='bbox 1736 5275 1791 5322; x_wconf 90' lang='lat' dir='ltr'><strong>et</strong></span> <span class='ocrx_word' id='word_1_563' title='bbox 1819 5268 2110 5326; x_wconf 87' lang='lat' dir='ltr'><strong>muliebri-</strong></span> 
     </span>
    </p>
   </div>
   <div class='ocr_carea' id='block_1_81' title="bbox 530 5354 2112 5435">
    <p class='ocr_par' dir='ltr' id='par_1_81' title="bbox 530 5354 2112 5435">
     <span class='ocr_line' id='line_1_81' title="bbox 530 5354 2112 5435; baseline 0.009 -28"><span class='ocrx_word' id='word_1_564' title='bbox 530 5360 641 5409; x_wconf 79' lang='lat' dir='ltr'><strong>tate</strong></span> <span class='ocrx_word' id='word_1_565' title='bbox 672 5354 975 5423; x_wconf 88' lang='lat' dir='ltr'><strong>superiora.</strong></span> <span class='ocrx_word' id='word_1_566' title='bbox 1012 5357 1147 5411; x_wconf 85' lang='lat' dir='ltr'><strong>Nam</strong></span> <span class='ocrx_word' id='word_1_567' title='bbox 1181 5357 1329 5428; x_wconf 88' lang='lat' dir='ltr'><strong>quod</strong></span> <span class='ocrx_word' id='word_1_568' title='bbox 1363 5366 1449 5416; x_wconf 82' lang='lat' dir='ltr'><strong>est</strong></span> <span class='ocrx_word' id='word_1_569' title='bbox 1480 5359 1819 5418; x_wconf 88' lang='lat' dir='ltr'><strong>imbecillum</strong></span> <span class='ocrx_word' id='word_1_570' title='bbox 1855 5373 1912 5420; x_wconf 87' lang='lat' dir='ltr'><strong>et</strong></span> <span class='ocrx_word' id='word_1_571' title='bbox 1951 5379 2112 5435; x_wconf 87' lang='lat' dir='ltr'><strong>supe-</strong></span> 
     </span>
    </p>
   </div>
   <div class='ocr_carea' id='block_1_82' title="bbox 530 5445 1323 5519">
    <p class='ocr_par' dir='ltr' id='par_1_82' title="bbox 530 5445 1323 5519">
     <span class='ocr_line' id='line_1_82' title="bbox 530 5445 1323 5519; baseline 0.013 -23"><span class='ocrx_word' id='word_1_572' title='bbox 530 5451 653 5497; x_wconf 85' lang='lat' dir='ltr'><strong>ratu</strong></span> <span class='ocrx_word' id='word_1_573' title='bbox 680 5445 859 5513; x_wconf 84' lang='lat' dir='ltr'><strong>facile,</strong></span> <span class='ocrx_word' id='word_1_574' title='bbox 894 5454 979 5502; x_wconf 88' lang='lat' dir='ltr'><strong>est</strong></span> <span class='ocrx_word' id='word_1_575' title='bbox 1007 5449 1323 5519; x_wconf 89' lang='lat' dir='ltr'><strong>reprobum.</strong></span> 
     </span>
    </p>
   </div>
   <div class='ocr_carea' id='block_1_83' title="bbox 606 5641 1247 5721">
    <p class='ocr_par' dir='ltr' id='par_1_83' title="bbox 606 5641 1247 5721">
     <span class='ocr_line' id='line_1_83' title="bbox 606 5641 1247 5721; baseline 0.012 -22"><span class='ocrx_word' id='word_1_576' title='bbox 606 5641 656 5676; x_wconf 81' lang='lat'>&quot;</span> <span class='ocrx_word' id='word_1_577' title='bbox 676 5642 838 5700; x_wconf 73' lang='lat' dir='ltr'><strong>Num.</strong></span> <span class='ocrx_word' id='word_1_578' title='bbox 866 5662 1011 5717; x_wconf 74' lang='lat' dir='ltr'><strong>xxvr,</strong></span> <span class='ocrx_word' id='word_1_579' title='bbox 1040 5649 1064 5703; x_wconf 81' lang='lat' dir='ltr'><strong>l</strong></span> <span class='ocrx_word' id='word_1_580' title='bbox 1096 5665 1247 5721; x_wconf 87' lang='lat' dir='ltr'><strong>seqq.</strong></span> 
     </span>
    </p>
   </div>
   <div class='ocr_carea' id='block_1_84' title="bbox 2188 3128 3779 3204">
    <p class='ocr_par' dir='ltr' id='par_1_84' title="bbox 2188 3128 3779 3204">
     <span class='ocr_line' id='line_1_84' title="bbox 2188 3128 3779 3204; baseline -0.005 -15"><span class='ocrx_word' id='word_1_581' title='bbox 2188 3135 2419 3204; x_wconf 86' lang='grc' dir='ltr'>δυνάμει</span> <span class='ocrx_word' id='word_1_582' title='bbox 2444 3132 2539 3188; x_wconf 79' lang='grc' dir='ltr'><strong>καὶ</strong></span> <span class='ocrx_word' id='word_1_583' title='bbox 2561 3133 2924 3203; x_wconf 83' lang='grc' dir='ltr'>γενναιότητι,</span> <span class='ocrx_word' id='word_1_584' title='bbox 2941 3132 3021 3196; x_wconf 87' lang='grc' dir='ltr'><strong>είς</strong></span> <span class='ocrx_word' id='word_1_585' title='bbox 3037 3128 3173 3184; x_wconf 87' lang='grc' dir='ltr'>Θεοῦ</span> <span class='ocrx_word' id='word_1_586' title='bbox 3202 3128 3505 3201; x_wconf 79' lang='grc' dir='ltr'>παράταξιν</span> <span class='ocrx_word' id='word_1_587' title='bbox 3525 3129 3779 3200; x_wconf 83' lang='grc' dir='ltr'>ἀπογρά-</span> 
     </span>
    </p>
   </div>
   <div class='ocr_carea' id='block_1_85' title="bbox 2191 3221 3777 3297">
    <p class='ocr_par' dir='ltr' id='par_1_85' title="bbox 2191 3221 3777 3297">
     <span class='ocr_line' id='line_1_85' title="bbox 2191 3221 3777 3297; baseline -0.001 -18"><span class='ocrx_word' id='word_1_588' title='bbox 2191 3242 2372 3297; x_wconf 85' lang='grc' dir='ltr'>φεται,</span> <span class='ocrx_word' id='word_1_589' title='bbox 2404 3226 2501 3279; x_wconf 78' lang='grc' dir='ltr'><strong>καὶ</strong></span> <span class='ocrx_word' id='word_1_590' title='bbox 2531 3224 2769 3296; x_wconf 83' lang='grc' dir='ltr'>Χριστοῦ</span> <span class='ocrx_word' id='word_1_591' title='bbox 2798 3225 3010 3294; x_wconf 86' lang='grc' dir='ltr'>γίνεται</span> <span class='ocrx_word' id='word_1_592' title='bbox 3041 3221 3399 3296; x_wconf 83' lang='grc' dir='ltr'>στρατιώτης.</span> <span class='ocrx_word' id='word_1_593' title='bbox 3442 3221 3502 3275; x_wconf 90' lang='lat'><strong>&#39;0</strong></span> <span class='ocrx_word' id='word_1_594' title='bbox 3545 3222 3642 3293; x_wconf 86' lang='grc' dir='ltr'>μὲν</span> <span class='ocrx_word' id='word_1_595' title='bbox 3666 3224 3777 3292; x_wconf 78' lang='grc' dir='ltr'><strong>γὰρ</strong></span> 
     </span>
    </p>
   </div>
   <div class='ocr_carea' id='block_1_86' title="bbox 2191 3308 3778 3391">
    <p class='ocr_par' dir='ltr' id='par_1_86' title="bbox 2191 3308 3778 3391">
     <span class='ocr_line' id='line_1_86' title="bbox 2191 3308 3778 3391; baseline -0.005 -16"><span class='ocrx_word' id='word_1_596' title='bbox 2191 3320 2436 3385; x_wconf 72' lang='grc' dir='ltr'>εἰκοστὸς</span> <span class='ocrx_word' id='word_1_597' title='bbox 2469 3320 2713 3384; x_wconf 71' lang='grc' dir='ltr'>ἐνιαυτὸς</span> <span class='ocrx_word' id='word_1_598' title='bbox 2731 3323 2843 3384; x_wconf 89' lang='grc' dir='ltr'>τοῖς</span> <span class='ocrx_word' id='word_1_599' title='bbox 2862 3308 3143 3391; x_wconf 81' lang='grc' dir='ltr'>κόσμικῶς</span> <span class='ocrx_word' id='word_1_600' title='bbox 3165 3316 3618 3390; x_wconf 83' lang='grc' dir='ltr'>στρατευομένοις</span> <span class='ocrx_word' id='word_1_601' title='bbox 3642 3317 3778 3369; x_wconf 83' lang='grc' dir='ltr'>αύτ-</span> 
     </span>
    </p>
   </div>
   <div class='ocr_carea' id='block_1_87' title="bbox 2192 3410 3779 3486">
    <p class='ocr_par' dir='ltr' id='par_1_87' title="bbox 2192 3410 3779 3486">
     <span class='ocr_line' id='line_1_87' title="bbox 2192 3410 3779 3486; baseline -0.003 -18"><span class='ocrx_word' id='word_1_602' title='bbox 2192 3414 2381 3486; x_wconf 88' lang='grc' dir='ltr'>ἀρκως</span> <span class='ocrx_word' id='word_1_603' title='bbox 2426 3415 2509 3478; x_wconf 74' lang='grc' dir='ltr'><strong>εἰς</strong></span> <span class='ocrx_word' id='word_1_604' title='bbox 2557 3413 2809 3486; x_wconf 85' lang='grc' dir='ltr'>ἀνδρείαν</span> <span class='ocrx_word' id='word_1_605' title='bbox 2850 3413 2945 3467; x_wconf 81' lang='grc' dir='ltr'><strong>καὶ</strong></span> <span class='ocrx_word' id='word_1_606' title='bbox 2985 3411 3219 3466; x_wconf 88' lang='grc' dir='ltr'>σύνεσιν.</span> <span class='ocrx_word' id='word_1_607' title='bbox 3258 3412 3319 3465; x_wconf 89' lang='lat'><strong>&#39;0</strong></span> <span class='ocrx_word' id='word_1_608' title='bbox 3354 3411 3414 3465; x_wconf 85' lang='grc' dir='ltr'>δὲ</span> <span class='ocrx_word' id='word_1_609' title='bbox 3484 3410 3779 3482; x_wconf 81' lang='grc' dir='ltr'>κατωτέρω</span> 
     </span>
    </p>
   </div>
   <div class='ocr_carea' id='block_1_88' title="bbox 2194 3503 3781 3580">
    <p class='ocr_par' dir='ltr' id='par_1_88' title="bbox 2194 3503 3781 3580">
     <span class='ocr_line' id='line_1_88' title="bbox 2194 3503 3781 3580; baseline -0.002 -18"><span class='ocrx_word' id='word_1_610' title='bbox 2194 3508 2387 3580; x_wconf 85' lang='grc' dir='ltr'>χρόνος</span> <span class='ocrx_word' id='word_1_611' title='bbox 2411 3507 2607 3579; x_wconf 80' lang='grc' dir='ltr'>ἀτελὴς</span> <span class='ocrx_word' id='word_1_612' title='bbox 2634 3508 2770 3579; x_wconf 76' lang='grc' dir='ltr'>πρὸς</span> <span class='ocrx_word' id='word_1_613' title='bbox 2807 3506 3113 3578; x_wconf 85' lang='grc' dir='ltr'>ἀμφότερα.</span> <span class='ocrx_word' id='word_1_614' title='bbox 3137 3506 3343 3576; x_wconf 78' lang='grc' dir='ltr'>Μωσῆς</span> <span class='ocrx_word' id='word_1_615' title='bbox 3372 3506 3430 3560; x_wconf 86' lang='grc' dir='ltr'>δὲ</span> <span class='ocrx_word' id='word_1_616' title='bbox 3459 3506 3551 3559; x_wconf 77' lang='grc' dir='ltr'><strong>καὶ</strong></span> <span class='ocrx_word' id='word_1_617' title='bbox 3567 3503 3781 3576; x_wconf 80' lang='grc' dir='ltr'>Ἀαρὼν</span> 
     </span>
    </p>
   </div>
   <div class='ocr_carea' id='block_1_89' title="bbox 2196 3595 3783 3670">
    <p class='ocr_par' dir='ltr' id='par_1_89' title="bbox 2196 3595 3783 3670">
     <span class='ocr_line' id='line_1_89' title="bbox 2196 3595 3783 3670; baseline -0.004 -16"><span class='ocrx_word' id='word_1_618' title='bbox 2196 3600 2646 3670; x_wconf 84' lang='grc' dir='ltr'>ἀπογραφόμενοι</span> <span class='ocrx_word' id='word_1_619' title='bbox 2675 3599 2803 3662; x_wconf 81' lang='grc' dir='ltr'>τοὺς</span> <span class='ocrx_word' id='word_1_620' title='bbox 2841 3598 3187 3670; x_wconf 74' lang='grc' dir='ltr'>εἰρημένους,</span> <span class='ocrx_word' id='word_1_621' title='bbox 3226 3595 3568 3667; x_wconf 76' lang='grc' dir='ltr'>προετύπουν</span> <span class='ocrx_word' id='word_1_622' title='bbox 3614 3597 3783 3666; x_wconf 76' lang='grc' dir='ltr'>ἄμφω</span> 
     </span>
    </p>
   </div>
   <div class='ocr_carea' id='block_1_90' title="bbox 2195 3686 3781 3765">
    <p class='ocr_par' dir='ltr' id='par_1_90' title="bbox 2195 3686 3781 3765">
     <span class='ocr_line' id='line_1_90' title="bbox 2195 3686 3781 3765; baseline -0.004 -20"><span class='ocrx_word' id='word_1_623' title='bbox 2195 3692 2288 3746; x_wconf 81' lang='grc' dir='ltr'><strong>τὸν</strong></span> <span class='ocrx_word' id='word_1_624' title='bbox 2326 3692 2425 3745; x_wconf 72' lang='grc' dir='ltr'>ἕνα</span> <span class='ocrx_word' id='word_1_625' title='bbox 2454 3690 2715 3765; x_wconf 83' lang='grc' dir='ltr'>Χριστὸν,</span> <span class='ocrx_word' id='word_1_626' title='bbox 2760 3689 2852 3744; x_wconf 83' lang='grc' dir='ltr'><strong>τὸν</strong></span> <span class='ocrx_word' id='word_1_627' title='bbox 2886 3688 3185 3760; x_wconf 85' lang='grc' dir='ltr'>νομοθέτην</span> <span class='ocrx_word' id='word_1_628' title='bbox 3216 3688 3333 3759; x_wconf 74' lang='grc' dir='ltr'><strong>ἅμα</strong></span> <span class='ocrx_word' id='word_1_629' title='bbox 3378 3688 3472 3742; x_wconf 77' lang='grc' dir='ltr'>καὶ</span> <span class='ocrx_word' id='word_1_630' title='bbox 3498 3686 3781 3759; x_wconf 85' lang='grc' dir='ltr'>ἀρχιερέα,</span> 
     </span>
    </p>
   </div>
   <div class='ocr_carea' id='block_1_91' title="bbox 2197 3781 3459 3855">
    <p class='ocr_par' dir='ltr' id='par_1_91' title="bbox 2197 3781 3459 3855">
     <span class='ocr_line' id='line_1_91' title="bbox 2197 3781 3459 3855; baseline -0.002 -19"><span class='ocrx_word' id='word_1_631' title='bbox 2197 3783 2294 3837; x_wconf 78' lang='grc' dir='ltr'><strong>καὶ</strong></span> <span class='ocrx_word' id='word_1_632' title='bbox 2315 3781 2641 3854; x_wconf 83' lang='grc' dir='ltr'>ἀπογραφέα</span> <span class='ocrx_word' id='word_1_633' title='bbox 2678 3781 2787 3837; x_wconf 86' lang='grc' dir='ltr'>τῶν</span> <span class='ocrx_word' id='word_1_634' title='bbox 2818 3781 3265 3855; x_wconf 81' lang='grc' dir='ltr'>στρατευομένων</span> <span class='ocrx_word' id='word_1_635' title='bbox 3290 3781 3459 3851; x_wconf 81' lang='grc' dir='ltr'>αύτῷ.</span> 
     </span>
    </p>
   </div>
   <div class='ocr_carea' id='block_1_92' title="bbox 2283 3980 3787 4055">
    <p class='ocr_par' dir='ltr' id='par_1_92' title="bbox 2283 3980 3787 4055">
     <span class='ocr_line' id='line_1_92' title="bbox 2283 3980 3787 4055; baseline 0.003 -21"><span class='ocrx_word' id='word_1_636' title='bbox 2283 3981 2722 4053; x_wconf 83' lang='grc' dir='ltr'>Ἀπογράφονται</span> <span class='ocrx_word' id='word_1_637' title='bbox 2749 3981 2826 4046; x_wconf 80' lang='grc' dir='ltr'>δὲ,</span> <span class='ocrx_word' id='word_1_638' title='bbox 2857 3981 2994 4035; x_wconf 84' lang='grc' dir='ltr'>Θεοῦ</span> <span class='ocrx_word' id='word_1_639' title='bbox 3014 3982 3437 4054; x_wconf 82' lang='grc' dir='ltr'>προστάξαντος,</span> <span class='ocrx_word' id='word_1_640' title='bbox 3464 3984 3593 4038; x_wconf 88' lang='grc' dir='ltr'><strong>τάτε</strong></span> <span class='ocrx_word' id='word_1_641' title='bbox 3622 3980 3787 4055; x_wconf 77' lang='grc' dir='ltr'>ἀρσε-</span> 
     </span>
    </p>
   </div>
   <div class='ocr_carea' id='block_1_93' title="bbox 2200 4072 3783 4148">
    <p class='ocr_par' dir='ltr' id='par_1_93' title="bbox 2200 4072 3783 4148">
     <span class='ocr_line' id='line_1_93' title="bbox 2200 4072 3783 4148; baseline 0.003 -21"><span class='ocrx_word' id='word_1_642' title='bbox 2200 4091 2266 4127; x_wconf 91' lang='grc' dir='ltr'>να</span> <span class='ocrx_word' id='word_1_643' title='bbox 2286 4073 2466 4127; x_wconf 86' lang='grc' dir='ltr'>πάντα</span> <span class='ocrx_word' id='word_1_644' title='bbox 2495 4072 2597 4143; x_wconf 81' lang='grc' dir='ltr'>τῆς</span> <span class='ocrx_word' id='word_1_645' title='bbox 2625 4072 2760 4127; x_wconf 77' lang='grc' dir='ltr'>Λευὶ</span> <span class='ocrx_word' id='word_1_646' title='bbox 2780 4073 2976 4144; x_wconf 82' lang='grc' dir='ltr'>φυλῆς,</span> <span class='ocrx_word' id='word_1_647' title='bbox 3010 4076 3104 4128; x_wconf 78' lang='grc' dir='ltr'><strong>καὶ</strong></span> <span class='ocrx_word' id='word_1_648' title='bbox 3131 4076 3201 4128; x_wconf 80' lang='grc' dir='ltr'>τὰ</span> <span class='ocrx_word' id='word_1_649' title='bbox 3225 4074 3430 4147; x_wconf 75' lang='grc' dir='ltr'>ἄρσενα</span> <span class='ocrx_word' id='word_1_650' title='bbox 3452 4078 3547 4130; x_wconf 77' lang='grc' dir='ltr'><strong>καὶ</strong></span> <span class='ocrx_word' id='word_1_651' title='bbox 3567 4080 3783 4148; x_wconf 70' lang='grc' dir='ltr'>πρωτό-</span> 
     </span>
    </p>
   </div>
   <div class='ocr_carea' id='block_1_94' title="bbox 2199 4164 3777 4238">
    <p class='ocr_par' dir='ltr' id='par_1_94' title="bbox 2199 4164 3777 4238">
     <span class='ocr_line' id='line_1_94' title="bbox 2199 4164 3777 4238; baseline 0.001 -18"><span class='ocrx_word' id='word_1_652' title='bbox 2199 4183 2335 4220; x_wconf 88' lang='grc' dir='ltr'>τοκα</span> <span class='ocrx_word' id='word_1_653' title='bbox 2364 4166 2501 4234; x_wconf 86' lang='grc' dir='ltr'>μόνα</span> <span class='ocrx_word' id='word_1_654' title='bbox 2521 4164 2628 4220; x_wconf 87' lang='grc' dir='ltr'><strong>τῶν</strong></span> <span class='ocrx_word' id='word_1_655' title='bbox 2644 4165 2820 4221; x_wconf 82' lang='grc' dir='ltr'>ἄλλων</span> <span class='ocrx_word' id='word_1_656' title='bbox 2836 4165 3038 4236; x_wconf 82' lang='grc' dir='ltr'>φυλῶν,</span> <span class='ocrx_word' id='word_1_657' title='bbox 3066 4166 3173 4227; x_wconf 75' lang='grc' dir='ltr'>ἀπὸ</span> <span class='ocrx_word' id='word_1_658' title='bbox 3190 4167 3446 4238; x_wconf 87' lang='grc' dir='ltr'>μηνιαίου</span> <span class='ocrx_word' id='word_1_659' title='bbox 3463 4171 3556 4224; x_wconf 73' lang='grc' dir='ltr'>καὶ</span> <span class='ocrx_word' id='word_1_660' title='bbox 3574 4170 3777 4223; x_wconf 81' lang='grc' dir='ltr'>ὲπάνω.</span> 
     </span>
    </p>
   </div>
   <div class='ocr_carea' id='block_1_95' title="bbox 2214 4258 3783 4331">
    <p class='ocr_par' dir='ltr' id='par_1_95' title="bbox 2214 4258 3783 4331">
     <span class='ocr_line' id='line_1_95' title="bbox 2214 4258 3783 4331; baseline 0.001 -18"><span class='ocrx_word' id='word_1_661' title='bbox 2214 4258 2354 4313; x_wconf 81' lang='grc' dir='ltr'>Ἀλλ’</span> <span class='ocrx_word' id='word_1_662' title='bbox 2380 4262 2409 4313; x_wconf 89' lang='grc' dir='ltr'><strong>ό</strong></span> <span class='ocrx_word' id='word_1_663' title='bbox 2446 4259 2544 4330; x_wconf 81' lang='grc' dir='ltr'>μὲν</span> <span class='ocrx_word' id='word_1_664' title='bbox 2577 4258 2829 4331; x_wconf 85' lang='grc' dir='ltr'>μηνιαῖος</span> <span class='ocrx_word' id='word_1_665' title='bbox 2883 4261 3075 4331; x_wconf 85' lang='grc' dir='ltr'>χρόνος</span> <span class='ocrx_word' id='word_1_666' title='bbox 3111 4262 3205 4315; x_wconf 82' lang='grc' dir='ltr'><strong>καὶ</strong></span> <span class='ocrx_word' id='word_1_667' title='bbox 3252 4262 3463 4326; x_wconf 88' lang='grc' dir='ltr'>τούτοις</span> <span class='ocrx_word' id='word_1_668' title='bbox 3508 4263 3783 4325; x_wconf 81' lang='grc' dir='ltr'>κάκείνοις</span> 
     </span>
    </p>
   </div>
   <div class='ocr_carea' id='block_1_96' title="bbox 2209 4352 3788 4430">
    <p class='ocr_par' dir='ltr' id='par_1_96' title="bbox 2209 4352 3788 4430">
     <span class='ocr_line' id='line_1_96' title="bbox 2209 4352 3788 4430; baseline 0.002 -22"><span class='ocrx_word' id='word_1_669' title='bbox 2209 4353 2475 4425; x_wconf 81' lang='grc' dir='ltr'>σύμϐολον</span> <span class='ocrx_word' id='word_1_670' title='bbox 2512 4353 2612 4423; x_wconf 82' lang='grc' dir='ltr'><strong>τῆς</strong></span> <span class='ocrx_word' id='word_1_671' title='bbox 2644 4352 2786 4407; x_wconf 84' lang='grc' dir='ltr'>κατὰ</span> <span class='ocrx_word' id='word_1_672' title='bbox 2818 4353 3052 4425; x_wconf 82' lang='grc' dir='ltr'>Χριστὸν</span> <span class='ocrx_word' id='word_1_673' title='bbox 3080 4356 3138 4408; x_wconf 84' lang='grc' dir='ltr'><strong>ὲν</strong></span> <span class='ocrx_word' id='word_1_674' title='bbox 3168 4354 3431 4427; x_wconf 70' lang='grc' dir='ltr'>ἁπλότητι</span> <span class='ocrx_word' id='word_1_675' title='bbox 3464 4357 3559 4411; x_wconf 71' lang='grc' dir='ltr'><strong>καὶ</strong></span> <span class='ocrx_word' id='word_1_676' title='bbox 3577 4358 3788 4430; x_wconf 70' lang='grc' dir='ltr'>ἀκακία</span> 
     </span>
    </p>
   </div>
   <div class='ocr_carea' id='block_1_97' title="bbox 2207 4446 3789 4520">
    <p class='ocr_par' dir='ltr' id='par_1_97' title="bbox 2207 4446 3789 4520">
     <span class='ocr_line' id='line_1_97' title="bbox 2207 4446 3789 4520; baseline 0.001 -18"><span class='ocrx_word' id='word_1_677' title='bbox 2207 4447 2551 4518; x_wconf 87' lang='grc' dir='ltr'>νηπιότητος.</span> <span class='ocrx_word' id='word_1_678' title='bbox 2575 4446 2694 4501; x_wconf 80' lang='grc' dir='ltr'><strong>Τῶν</strong></span> <span class='ocrx_word' id='word_1_679' title='bbox 2722 4447 2780 4501; x_wconf 86' lang='grc' dir='ltr'>δὲ</span> <span class='ocrx_word' id='word_1_680' title='bbox 2811 4446 3021 4517; x_wconf 85' lang='grc' dir='ltr'>νηπίων</span> <span class='ocrx_word' id='word_1_681' title='bbox 3066 4447 3270 4501; x_wconf 88' lang='grc' dir='ltr'>τούτων</span> <span class='ocrx_word' id='word_1_682' title='bbox 3301 4450 3368 4502; x_wconf 81' lang='grc' dir='ltr'>τὰ</span> <span class='ocrx_word' id='word_1_683' title='bbox 3400 4448 3499 4520; x_wconf 82' lang='grc' dir='ltr'>μὲν</span> <span class='ocrx_word' id='word_1_684' title='bbox 3522 4450 3789 4503; x_wconf 66' lang='grc' dir='ltr'>Λευιτικὰ</span> 
     </span>
    </p>
   </div>
   <div class='ocr_carea' id='block_1_98' title="bbox 2205 4538 3791 4614">
    <p class='ocr_par' dir='ltr' id='par_1_98' title="bbox 2205 4538 3791 4614">
     <span class='ocr_line' id='line_1_98' title="bbox 2205 4538 3791 4614; baseline -0.001 -20"><span class='ocrx_word' id='word_1_685' title='bbox 2205 4541 2333 4602; x_wconf 77' lang='grc' dir='ltr'>τοὺς</span> <span class='ocrx_word' id='word_1_686' title='bbox 2367 4539 2699 4611; x_wconf 80' lang='grc' dir='ltr'>ἱερωμένους</span> <span class='ocrx_word' id='word_1_687' title='bbox 2722 4538 3174 4610; x_wconf 86' lang='grc' dir='ltr'>ύποσημαίνουσι·</span> <span class='ocrx_word' id='word_1_688' title='bbox 3197 4539 3266 4594; x_wconf 85' lang='grc' dir='ltr'>τὰ</span> <span class='ocrx_word' id='word_1_689' title='bbox 3293 4541 3349 4594; x_wconf 88' lang='grc' dir='ltr'>δὲ</span> <span class='ocrx_word' id='word_1_690' title='bbox 3370 4542 3608 4612; x_wconf 83' lang='grc' dir='ltr'>κοσμικὰ</span> <span class='ocrx_word' id='word_1_691' title='bbox 3636 4559 3791 4614; x_wconf 78' lang='grc' dir='ltr'>πρω.</span> 
     </span>
    </p>
   </div>
   <div class='ocr_carea' id='block_1_99' title="bbox 2206 4630 3790 4706">
    <p class='ocr_par' dir='ltr' id='par_1_99' title="bbox 2206 4630 3790 4706">
     <span class='ocr_line' id='line_1_99' title="bbox 2206 4630 3790 4706; baseline 0.003 -21"><span class='ocrx_word' id='word_1_692' title='bbox 2206 4632 2425 4697; x_wconf 86' lang='grc' dir='ltr'>τότοκα,</span> <span class='ocrx_word' id='word_1_693' title='bbox 2479 4631 2608 4695; x_wconf 81' lang='grc' dir='ltr'>τοὺς</span> <span class='ocrx_word' id='word_1_694' title='bbox 2670 4632 2733 4685; x_wconf 83' lang='grc' dir='ltr'>ὲκ</span> <span class='ocrx_word' id='word_1_695' title='bbox 2784 4630 2879 4684; x_wconf 88' lang='grc' dir='ltr'><strong>τοῦ</strong></span> <span class='ocrx_word' id='word_1_696' title='bbox 2940 4632 3206 4703; x_wconf 88' lang='grc' dir='ltr'>κοσμικοῦ</span> <span class='ocrx_word' id='word_1_697' title='bbox 3268 4632 3383 4703; x_wconf 84' lang='grc' dir='ltr'>βίου</span> <span class='ocrx_word' id='word_1_698' title='bbox 3431 4635 3523 4688; x_wconf 79' lang='grc' dir='ltr'><strong>τὸν</strong></span> <span class='ocrx_word' id='word_1_699' title='bbox 3568 4634 3790 4706; x_wconf 79' lang='grc' dir='ltr'>ἀληθῶς</span> 
     </span>
    </p>
   </div>
   <div class='ocr_carea' id='block_1_100' title="bbox 2208 4722 3788 4798">
    <p class='ocr_par' dir='ltr' id='par_1_100' title="bbox 2208 4722 3788 4798">
     <span class='ocr_line' id='line_1_100' title="bbox 2208 4722 3788 4798; baseline 0.003 -22"><span class='ocrx_word' id='word_1_700' title='bbox 2208 4723 2555 4796; x_wconf 84' lang='grc' dir='ltr'>πρωτότοκον</span> <span class='ocrx_word' id='word_1_701' title='bbox 2609 4722 2845 4794; x_wconf 73' lang='grc' dir='ltr'>Χριστὸν</span> <span class='ocrx_word' id='word_1_702' title='bbox 2902 4726 3296 4796; x_wconf 83' lang='grc' dir='ltr'>μιμουμένους,</span> <span class='ocrx_word' id='word_1_703' title='bbox 3350 4727 3473 4780; x_wconf 82' lang='grc' dir='ltr'>ὅσον</span> <span class='ocrx_word' id='word_1_704' title='bbox 3530 4729 3788 4798; x_wconf 78' lang='grc' dir='ltr'>ἐγχωρεῖ.</span> 
     </span>
    </p>
   </div>
   <div class='ocr_carea' id='block_1_101' title="bbox 2221 4814 3798 4890">
    <p class='ocr_par' dir='ltr' id='par_1_101' title="bbox 2221 4814 3798 4890">
     <span class='ocr_line' id='line_1_101' title="bbox 2221 4814 3798 4890; baseline 0.001 -20"><span class='ocrx_word' id='word_1_705' title='bbox 2221 4815 2626 4887; x_wconf 80' lang='grc' dir='ltr'>Ἀπογράφεται</span> <span class='ocrx_word' id='word_1_706' title='bbox 2652 4814 2709 4868; x_wconf 84' lang='grc' dir='ltr'>δὲ</span> <span class='ocrx_word' id='word_1_707' title='bbox 2734 4814 2829 4868; x_wconf 72' lang='grc' dir='ltr'><strong>καὶ</strong></span> <span class='ocrx_word' id='word_1_708' title='bbox 2860 4817 3081 4880; x_wconf 87' lang='grc' dir='ltr'>τούτους</span> <span class='ocrx_word' id='word_1_709' title='bbox 3111 4817 3397 4881; x_wconf 86' lang='grc' dir='ltr'>κάκείνους</span> <span class='ocrx_word' id='word_1_710' title='bbox 3426 4819 3455 4870; x_wconf 84' lang='grc' dir='ltr'>ὁ</span> <span class='ocrx_word' id='word_1_711' title='bbox 3475 4819 3708 4890; x_wconf 75' lang='grc' dir='ltr'>Χριστὸς</span> <span class='ocrx_word' id='word_1_712' title='bbox 3731 4821 3798 4873; x_wconf 85' lang='grc' dir='ltr'>ὲν</span> 
     </span>
    </p>
   </div>
   <div class='ocr_carea' id='block_1_102' title="bbox 2209 4906 3793 4979">
    <p class='ocr_par' dir='ltr' id='par_1_102' title="bbox 2209 4906 3793 4979">
     <span class='ocr_line' id='line_1_102' title="bbox 2209 4906 3793 4979; baseline 0.001 -19"><span class='ocrx_word' id='word_1_713' title='bbox 2209 4907 2376 4979; x_wconf 80' lang='grc' dir='ltr'>βίόλῳ</span> <span class='ocrx_word' id='word_1_714' title='bbox 2393 4906 2501 4961; x_wconf 84' lang='grc' dir='ltr'>τῶν</span> <span class='ocrx_word' id='word_1_715' title='bbox 2527 4906 2639 4962; x_wconf 78' lang='grc' dir='ltr'><strong>ἀνω</strong></span> <span class='ocrx_word' id='word_1_716' title='bbox 2663 4906 2992 4978; x_wconf 83' lang='grc' dir='ltr'>λειτουργῶν</span> <span class='ocrx_word' id='word_1_717' title='bbox 3015 4924 3076 4960; x_wconf 90' lang='grc' dir='ltr'><strong>τε</strong></span> <span class='ocrx_word' id='word_1_718' title='bbox 3105 4909 3203 4961; x_wconf 77' lang='grc' dir='ltr'><strong>καὶ</strong></span> <span class='ocrx_word' id='word_1_719' title='bbox 3232 4909 3613 4978; x_wconf 86' lang='grc' dir='ltr'>πρωτοτόκων.</span> <span class='ocrx_word' id='word_1_720' title='bbox 3651 4910 3793 4978; x_wconf 80' lang='grc' dir='ltr'>Προ-</span> 
     </span>
    </p>
   </div>
   <div class='ocr_carea' id='block_1_103' title="bbox 2212 5000 3797 5072">
    <p class='ocr_par' dir='ltr' id='par_1_103' title="bbox 2212 5000 3797 5072">
     <span class='ocr_line' id='line_1_103' title="bbox 2212 5000 3797 5072; baseline -0.001 -15"><span class='ocrx_word' id='word_1_721' title='bbox 2212 5002 2471 5057; x_wconf 87' lang='grc' dir='ltr'>τέτακται</span> <span class='ocrx_word' id='word_1_722' title='bbox 2503 5000 2560 5055; x_wconf 73' lang='grc' dir='ltr'>δὲ</span> <span class='ocrx_word' id='word_1_723' title='bbox 2591 5000 2653 5054; x_wconf 80' lang='grc' dir='ltr'><strong>τὸ</strong></span> <span class='ocrx_word' id='word_1_724' title='bbox 2699 5000 2968 5071; x_wconf 73' lang='grc' dir='ltr'>ἱερατικὸν</span> <span class='ocrx_word' id='word_1_725' title='bbox 3022 5000 3201 5069; x_wconf 83' lang='grc' dir='ltr'>γένος,</span> <span class='ocrx_word' id='word_1_726' title='bbox 3255 5001 3332 5064; x_wconf 81' lang='grc' dir='ltr'>ὡς</span> <span class='ocrx_word' id='word_1_727' title='bbox 3372 5001 3519 5072; x_wconf 84' lang='grc' dir='ltr'>μόνῳ</span> <span class='ocrx_word' id='word_1_728' title='bbox 3566 5001 3646 5072; x_wconf 83' lang='grc' dir='ltr'>τῷ</span> <span class='ocrx_word' id='word_1_729' title='bbox 3675 5001 3797 5072; x_wconf 80' lang='grc' dir='ltr'><strong>Θεῷ</strong></span> 
     </span>
    </p>
   </div>
   <div class='ocr_carea' id='block_1_104' title="bbox 2213 5093 3801 5166">
    <p class='ocr_par' dir='ltr' id='par_1_104' title="bbox 2213 5093 3801 5166">
     <span class='ocr_line' id='line_1_104' title="bbox 2213 5093 3801 5166; baseline -0.001 -17"><span class='ocrx_word' id='word_1_730' title='bbox 2213 5094 2593 5165; x_wconf 85' lang='grc' dir='ltr'>ἀνακείμενον,</span> <span class='ocrx_word' id='word_1_731' title='bbox 2619 5093 2715 5147; x_wconf 75' lang='grc' dir='ltr'><strong>καὶ</strong></span> <span class='ocrx_word' id='word_1_732' title='bbox 2750 5095 2826 5165; x_wconf 84' lang='grc' dir='ltr'>μὴ</span> <span class='ocrx_word' id='word_1_733' title='bbox 2860 5093 3219 5165; x_wconf 78' lang='grc' dir='ltr'>μεριζόμενον</span> <span class='ocrx_word' id='word_1_734' title='bbox 3244 5094 3386 5166; x_wconf 79' lang='grc' dir='ltr'>πρὸς</span> <span class='ocrx_word' id='word_1_735' title='bbox 3418 5094 3553 5148; x_wconf 74' lang='grc' dir='ltr'>Θεὸν</span> <span class='ocrx_word' id='word_1_736' title='bbox 3593 5097 3686 5148; x_wconf 80' lang='grc' dir='ltr'>καὶ</span> <span class='ocrx_word' id='word_1_737' title='bbox 3710 5099 3801 5149; x_wconf 59' lang='grc' dir='ltr'><strong>κόε</strong></span> 
     </span>
    </p>
   </div>
   <div class='ocr_carea' id='block_1_105' title="bbox 2211 5181 3801 5256">
    <p class='ocr_par' dir='ltr' id='par_1_105' title="bbox 2211 5181 3801 5256">
     <span class='ocr_line' id='line_1_105' title="bbox 2211 5181 3801 5256; baseline -0.001 -17"><span class='ocrx_word' id='word_1_738' title='bbox 2211 5202 2370 5256; x_wconf 86' lang='grc' dir='ltr'>σμον,</span> <span class='ocrx_word' id='word_1_739' title='bbox 2398 5182 2651 5255; x_wconf 83' lang='grc' dir='ltr'>καθάπερ</span> <span class='ocrx_word' id='word_1_740' title='bbox 2683 5181 2993 5254; x_wconf 76' lang='grc' dir='ltr'>μερίζονται</span> <span class='ocrx_word' id='word_1_741' title='bbox 3016 5184 3085 5237; x_wconf 85' lang='grc' dir='ltr'>τὰ</span> <span class='ocrx_word' id='word_1_742' title='bbox 3123 5183 3462 5255; x_wconf 87' lang='grc' dir='ltr'>πρωτότοκα·</span> <span class='ocrx_word' id='word_1_743' title='bbox 3496 5184 3701 5256; x_wconf 81' lang='grc' dir='ltr'>ἄρσενα</span> <span class='ocrx_word' id='word_1_744' title='bbox 3736 5185 3801 5237; x_wconf 72' lang='grc' dir='ltr'>δὲ</span> 
     </span>
    </p>
   </div>
   <div class='ocr_carea' id='block_1_106' title="bbox 2211 5273 3802 5349">
    <p class='ocr_par' dir='ltr' id='par_1_106' title="bbox 2211 5273 3802 5349">
     <span class='ocr_line' id='line_1_106' title="bbox 2211 5273 3802 5349; baseline -0.002 -16"><span class='ocrx_word' id='word_1_745' title='bbox 2211 5274 2499 5333; x_wconf 71' lang='grc' dir='ltr'>καὶταῦτα</span> <span class='ocrx_word' id='word_1_746' title='bbox 2525 5275 2774 5342; x_wconf 83' lang='grc' dir='ltr'>κάκεῖνα,</span> <span class='ocrx_word' id='word_1_747' title='bbox 2802 5274 2895 5327; x_wconf 73' lang='grc' dir='ltr'>καὶ</span> <span class='ocrx_word' id='word_1_748' title='bbox 2925 5273 3333 5347; x_wconf 83' lang='grc' dir='ltr'>θηλυπρεπείας</span> <span class='ocrx_word' id='word_1_749' title='bbox 3362 5275 3661 5349; x_wconf 79' lang='grc' dir='ltr'>ὑπέρτερα.</span> <span class='ocrx_word' id='word_1_750' title='bbox 3720 5278 3802 5330; x_wconf 78' lang='grc' dir='ltr'>Τὸ</span> 
     </span>
    </p>
   </div>
   <div class='ocr_carea' id='block_1_107' title="bbox 2209 5364 3471 5439">
    <p class='ocr_par' dir='ltr' id='par_1_107' title="bbox 2209 5364 3471 5439">
     <span class='ocr_line' id='line_1_107' title="bbox 2209 5364 3471 5439; baseline 0.001 -19"><span class='ocrx_word' id='word_1_751' title='bbox 2209 5366 2320 5439; x_wconf 87' lang='grc' dir='ltr'><strong>γὰρ</strong></span> <span class='ocrx_word' id='word_1_752' title='bbox 2352 5366 2543 5423; x_wconf 82' lang='grc' dir='ltr'>ἀναλκι</span> <span class='ocrx_word' id='word_1_753' title='bbox 2573 5364 2665 5421; x_wconf 81' lang='grc' dir='ltr'><strong>καὶ</strong></span> <span class='ocrx_word' id='word_1_754' title='bbox 2688 5364 3151 5436; x_wconf 84' lang='grc' dir='ltr'>ἀκαταγὼνιστον,</span> <span class='ocrx_word' id='word_1_755' title='bbox 3191 5365 3471 5437; x_wconf 85' lang='grc' dir='ltr'>ἀδόκιμον.</span> 
     </span>
    </p>
   </div>
  </div>
