4062 6202
378 257 509 314 tesi
584 331 592 336 _
1753 274 2276 334 COLLECTANEA.
3494 302 3625 356 ηερ

373 368 435 422 Ἀ
443 369 832 425 ποθανόντων
863 373 933 426 δὲ
978 373 1221 430 πάντων
1263 377 1382 448 ἤδη
1417 381 1534 435 τῶν
1581 399 1925 456 προιιπογτρα

443 437 678 479 (θέντων
735 441 832 479 νη)
867 443 1111 479 Λιιίἓουικρ
1149 449 1268 479 η’..γη
1288 451 1618 479 Lunam“---
1647 471 1681 479 ..
1704 455 1806 479 ss.--
1851 457 1924 479 v.1

2030 437 2035 448 _
2063 387 2282 479 Mortuis
2313 395 2903 479 autem'jamhomuibus
2934 402 3200 479 (μίμῳ-ἔμε
3238 404 3484 479 descripti
3517 409 3629 479 fur-

441 437 716 547 ςςνέζτιιζ).ζ
735 441 835 547 ,εἷα
867 443 1127 547 ι)ι3νὸ;ειν’ὸς³
1149 437 1806 547 ῥιπολςιξρίζέντοιίπλὴν
1823 437 1925 510 ’διά

488 526 516 547 c
585 529 622 547 ιιι
648 530 718 547 ιν».
791 528 986 547 orantum:
1034 531 1109 547 un
1196 532 1354 547 Ml'na-
1390 538 1427 547 -.
1459 521 1524 547 ,ιζ
1595 524 1747 547 1...-..τ,
1780 540 1812 547 _.
1833 525 1851 547 ,ζ
1875 532 1913 547 μιν

2030 437 2035 448 ,
2063 437 2280 444 __------
2314 437 2490 446 -πηην
2516 437 2637 464 ιη...
2667 437 2901 451 νυνι-νην
2934 437 3022 470 qm
3057 437 3200 472 μιιιιο
3238 437 3482 478 υτθιιιμιι
3517 437 3627 479 μιν·

2135 469 2279 547 ran't,
2311 471 2358 515 et
2385 462 2538 547 nullo
2573 465 2751 519 relicto
2791 477 2983 547 printer
3017 471 3343 547 Cha-lebﬁlio
3377 477 3627 547 Jephone,

443 511 556 611 ἐεό
585 512 1010 611 υίοῦὶςιεςρωνῆ,
1033 516 1129 595 ita}
1157 511 1524 611 ’1ηςρῦύέοῦ
1555 511 1925 611 Ναυῇίπάλιξ

2315 511 2354 515 ,,
2573 511 2746 519 ---.---
2829 511 2968 522 ,νην
3019 511 3206 526 cum...
3252 511 3343 528 ...υ
3377 511 3436 530 ..ι
3477 511 3508 531 η

2129 537 2179 581 et
2205 530 2338 611 :lesu
2375 531 2542 597 Nave,
2572 551 2751 590 rursus
2774 511 2852 611 fit
2886 539 3162 611 descriptio
3187 511 3421 610 ﬂiiorum
3442 511 3631 606 iam;

441 579 1008 678 ἁπογραςῖὴιγίνεται
1043 584 1164 639 τῶν
1192 579 1348 678 uitur
1381 589 1499 678 nam
1533 579 1925 678 τετελρυτηκῤ

2134 579 2170 581 _,
2213 579 2335 585 -----
2375 579 2542 597 -.ν---ν
2573 579 2751 590 ..ηυντ-ι
2788 579 2849 602 ,η
2886 579 3021 592 wwv-
3038 579 3161 611 ’μιαν
3187 579 3421 610 ιηιυικιιι
3451 579 3630 606 cutura

2125 601 2216 678 qui
2255 601 2616 678 degenerant,
2660 615 2706 658 et
2748 607 3113 663 describuntur
3159 615 3226 666 ad
3274 617 3630 678 Itwreditatem

445 665 582 728 των,
622 651 718 704 καὶ
751 651 1200 723 ἀποῃοάερονταὶ
1253 659 1342 725 είς
1375 663 1789 733 κληρονομίαν
1837 651 1955 734 τῆς
2129 651 2379 724 terreri".

441 735 575 787 της.

443 831 505 884 Οί
529 830 636 884 τῶν
653 831 844 886 ἕνδεκα
874 835 1059 905 φυλῶν
1087 838 1318 909 ἄρσενες
1347 841 1456 896 ἀπὸ
1487 845 1834 911 είκοσαετοῦς
1858 865 1925 902 κα

2124 849 2348 904 Masculi
2379 850 2637 906 undecim
2663 853 2908 910 tribuum
2937 872 2968 912 a
2990 858 3191 930 viginti
3211 875 3388 917 annos
3411 871 3543 918 nato
3571 877 3624 922 et

367 919 573 972 ἐπάνω·
599 919 727 974 οὔτε
753 923 812 976 δὲ
840 929 1122 993 γυναῖκες,
1146 928 1270 984 οὗτε
1301 933 1489 998 παῖδες
1513 937 1596 1000 είς
1622 938 1925 1011 ἀπογραφὴ

2055 955 2224 1010 supra
2245 941 2659 998 describuntur.
2692 943 2798 999 Sed
2829 962 3012 1017 neque
3063 950 3303 1017 feminae,
3333 969 3439 1008 nec
3465 958 3624 1026 pueri

366 1008 755 1080 λαμόόινονται.
788 1015 1004 1088 Κλῆρος
1028 1019 1137 1091 γὰρ
1175 1022 1328 1092 παρά
1354 1024 1491 1079 Θεοῦ
1521 1028 1616 1080 καὶ
1642 1008 1949 1096 ἀπόλαυσις

363 1103 474 1164 τοῖς
501 1102 831 1174 ἐπιτηδείοις
861 1109 941 1171 είς
971 1109 1068 1182 τὴν
1097 1113 1294 1184 νοητὴν
1315 1116 1618 1187 παράταξιν
1645 1119 1753 1175 τῶν
1781 1123 1950 1192 ἀορά-

363 1209 471 1246 των
500 1194 732 1277 ἐχθρῶν,
773 1199 867 1253 καὶ
883 1200 1139 1271 ἀκμαίοις
1169 1207 1248 1267 είς
1275 1211 1653 1282 πνευματικὴν
1674 1213 1949 1284 ἀνδραγα-

363 1285 504 1352 θίαν,
540 1290 633 1342 καὶ
662 1288 950 1362 βεϐηκόσιν
976 1295 1057 1358 είς
1083 1296 1320 1364 σύνεσιν,
1351 1299 1468 1353 ἀλλ’
1490 1303 1552 1355 ού
1584 1306 1697 1368 τοῖς
1725 1304 1947 1376 θηλυνο-

364 1379 546 1448 μένοις
574 1381 631 1432 ἐν
659 1381 878 1450 πάθεσι,
907 1385 1001 1438 καί⁵
1046 1387 1333 1460 άδρανέσιν
1379 1395 1460 1458 είς
1495 1397 1808 1454 ἀντίστασιν
1835 1402 1945 1456 τῶν

359 1469 652 1539 δαιμόνων,
696 1473 819 1527 οὐδὲ
848 1478 960 1540 τοῖς
1014 1480 1352 1556 παιδαριώδη
1409 1487 1668 1559 φρόνησιν
1708 1492 1942 1562 ἔχουσιν.

2052 1033 2374 1087 referuntur
2408 1035 2464 1088 in
2492 1051 2807 1090 numerum.
2841 1037 2977 1094 Sors
3010 1041 3158 1096 enim
3197 1059 3228 1097 a
3258 1044 3373 1099 Deo
3397 1046 3625 1103 fruenda
3689 1059 3706 1068 '

2051 1123 2219 1178 adtur
2250 1122 2319 1178 iis
2340 1124 2435 1193 qui
2471 1134 2600 1180 sunt
2624 1126 2738 1195 apti
2771 1128 2839 1181 ad
2858 1129 3054 1196 aciem,
3087 1148 3208 1202 qua:
3237 1134 3385 1189 cadit
3405 1137 3508 1192 sub
3540 1137 3623 1193 in-

2052 1215 2436 1286 telligentiam,
2463 1217 2817 1273 inimicorum
2842 1221 2936 1290 qui
2962 1223 3066 1276 sub
3087 1235 3371 1294 aspectum
3395 1243 3505 1284 non
3533 1245 3621 1284 ca-

2052 1307 2213 1374 dunt,
2239 1317 2294 1364 et
2319 1310 2562 1380 quisunt
2584 1313 2795 1367 strenui
2842 1313 2912 1368 ad
2940 1316 3249 1385 spiritualia
3277 1321 3496 1376 fortiter
3530 1339 3612 1393 ge-

2049 1400 2222 1454 renda
2259 1400 2532 1468 facinora,
2558 1411 2615 1457 et
2645 1406 2890 1474 provecti
2921 1415 3051 1462 sunt
3072 1409 3140 1464 ad
3163 1411 3584 1482 intelligentiam
3609 1433 3621 1468 :

2045 1507 2156 1546 non
2182 1502 2366 1549 autem
2392 1495 2461 1549 iis
2512 1496 2687 1566 quiin
2714 1499 2845 1552 vitis
2888 1508 2944 1555 et
2995 1501 3166 1557 animi
3220 1505 3464 1562 motibus
3493 1516 3623 1564 sunt

373 1561 813 1656 ’θπογράφονται
870 1571 1152 1626 κάνταῦθα
1197 1575 1360 1630 πάλιν
1401 1578 1584 1645 ίδικῶς
1620 1582 1690 1636 τά
1740 1585 1925 1656 ἄρσενι

2044 1582 2369 1650 effeminati,
2387 1561 2550 1654 atque
2567 1586 2829 1642 imbecilli
2857 1589 2924 1643 ad
2954 1591 3322 1649 resistendum
3355 1597 3621 1653 daemoni-

358 1651 458 1752 τῇς
489 1652 799 1752 ίὶευιτικῆςΔ
814 1658 1007 1752 (ρυλῇς,
1050 1662 1158 1716 ἀπὸ
1192 1666 1441 1735 μηνιαίου
1475 1671 1570 1723 καὶ
1607 1651 1815 1738 ἐπάνω,
1856 1674 1925 1729 διέ

2046 1671 2186 1740 bus;
2250 1689 2430 1743 neque
2462 1651 2538 1729 iis
2562 1676 2659 1744 qni
2681 1677 2954 1746 puerilem
2999 1680 3204 1736 habent
3246 1651 3620 1752 prudentiam.

243 1791 250 1797 _
477 1742 736 1814 ἀνωτέρω
774 1745 1083 1818 δηλωθέντα
1105 1752 1286 1822 λόγον.
1313 1757 1388 1809 Ού
1418 1758 1619 1814 δίδοται
1646 1761 1704 1815 δὲ
1732 1735 1925 1829 τούτοις

2045 1764 2448 1826 Describuntur
2474 1774 2660 1821 autem
2707 1769 2798 1824 hic
2840 1785 3060 1840 quoque
3091 1788 3285 1828 rursus
3323 1778 3619 1845 separatim

358 1831 559 1933 κλῆρος
610 1835 670 1887 ἐν
719 1837 855 1933 uio};
908 1841 1147 1915 Ἰσραήλ·
1197 1846 1386 1919 ἐπειδὴ
1413 1850 1528 1914 τοῖς
1554 1851 1790 1922 ἱερεῦσιν
1842 1857 1925 1910 ού)

2047 1857 2356 1912 masculina
2382 1857 2563 1913 tribus
2582 1857 2862 1928 Leviticae,
2883 1862 2951 1917 ab
2973 1878 3041 1917 eo
3062 1862 3256 1933 quiest
3286 1866 3451 1920 unius
3468 1882 3620 1922 men-

356 1923 503 1978 lcrtv
532 1925 590 1978 ἐν
617 1929 688 1998 γῇ
723 1927 941 2000 κλῆρος,
970 1931 1046 1996 ὡς
1082 1937 1196 1999 τοῖς
1225 1937 1405 2003 ἄλλοις
1432 1940 1771 2012 ἀνθρώποις,
1821 1947 1941 2002 ἀλλ’

354 2013 416 2066 ἐν
438 2013 649 2087 οὐρανῷ
674 2017 834 2083 αὐτὸς
864 2019 893 2071 ὁ
920 2021 1054 2089 Θεὸς
1098 2018 1142 2096 ᾧ
1177 2027 1324 2101 μόνῳ
1352 2029 1676 2104 λατρεύουσὶ
1726 2055 1785 2090 τε
1844 2039 1940 2094 καὶ

355 2106 809 2178 προσεδρεύουσι.

350 2392 796 2485 Κιξὲ-ῖῇηὴμέριι
829 2394 870 2472 ᾗ
921 2401 1147 2485 ἐστᾴθη
1177 2407 1215 2475 ἠ
1267 2411 1496 2485 σκηνὴ,
1548 2410 1864 2485 ἐκάλυψεν
1894 2414 1933 2485 ἠ

417 2465 812 2552 tego-exuti]?
834 2465 1144 2552 ’σκηνὴν-ξ
1186 2465 1284 2552 καί
1338 2465 1661 2552 ﬁfteen"
1687 2465 1935 2540 timavi

417 2539 812 2659 inmanem»
874 2539 1120 2613 ἡμέρας,
1179 2548 1278 2602 καὶ
1338 2539 1523 2618 ἅδος*
1559 2539 1753 2621 “hoc
1817 2539 1933 2626 τήν

418 2695 774 2792 Παγείσηςδὲ
789 2703 888 2775 τῆς
913 2705 1243 2780 Ἐκκλησίας
1268 2711 1379 2767 τῶν
1405 2720 1630 2785 πιστῶν,
1647 2723 1676 2775 ὁ
1696 2723 1932 2792 Χριστὸς

347 2787 553 2845 ἀνωθεν
585 2791 890 2850 ἐσκέπασεν
927 2797 1116 2870 αὐτὴν,
1155 2805 1264 2867 τοίς
1297 2805 1397 2874 μὲν
1422 2807 1525 2877 τῆς
1553 2787 1785 2882 ἡμέρας⁶
1813 2814 1931 2883 ἤως

345 2884 459 2948 τοῖς
486 2887 923 2975 πεφωτισμένοις
947 2889 1292 2965 λαμπρότητι
1319 2896 1436 2966 βίου
1457 2897 1548 2953 καὶ
1579 2903 1688 2957 τῶν
1720 2903 1930 2975 δογμά-

344 2988 454 3027 των
500 2973 857 3042 ἐπισκιάζων,
893 2979 1105 3034 καὶτὸν
1153 2981 1407 3038 καύσωνα
1441 2986 1551 3042 τῶν
1604 2973 1928 3064 πειρασμῶν

2041 1949 2120 2004 sis
2145 1957 2202 2004 et
2224 1964 2412 2021 supra,
2434 1959 2663 2022 propter
2698 1967 2821 2007 eam
2874 1954 3148 2010 rationem
3189 1971 3311 2025 quae
3365 1959 3620 2028 superius

2039 2039 2145 2096 fuit
2164 2047 2404 2096 ostensa.
2423 2042 2544 2096 Non
2568 2042 2732 2097 datur
2757 2053 2946 2099 autem
2981 2045 3052 2100 iis
3077 2047 3374 2104 han-editas
3399 2049 3456 2104 in
3488 2050 3619 2107 ﬁliis

2039 2128 2240 2184 Israel:
2265 2131 2527 2200 quoniam
2567 2133 2953 2190 sacerdotibus
2986 2149 3097 2190 non
3126 2144 3211 2191 est
3235 2137 3530 2194 haereditas
3561 2140 3618 2195 in

2041 2229 2189 2276 terra
2213 2221 2359 2276 sicut
2382 2221 2506 2276 aliis
2529 2222 2871 2291 hominibus,
2897 2226 2994 2281 sed
3035 2226 3093 2281 in
3124 2229 3264 2283 coelo
3302 2229 3421 2298 ipse
3449 2230 3614 2295 Deus,

2037 2327 2204 2384 quem
2227 2313 2407 2368 solum
2434 2313 2626 2370 colunt
2658 2322 2716 2370 et
2750 2317 2840 2371 cui
2863 2318 3114 2374 servlunt
3141 2329 3195 2375 et
3219 2319 3483 2376 assident.

2037 2422 2108 2477 Et
2137 2439 2239 2503 quo
2371 2424 2549 2478 stabat
2585 2424 3014 2503 tabernaculum,
3057 2428 3463 2503 tabernaculum
3486 2448 3614 2503 ope—

2108 2495 2216 2547 ruit
2231 2494 2434 2569 nubes;
2465 2504 2516 2548 et
2558 2495 2718 2569 nubes
2763 2499 3033 2569 operiebat
3070 2501 3244 2569 ipsum
3280 2494 3531 2568 interdiu,
3563 2509 3616 2556 et

2105 2565 2296 2634 species
2313 2565 2448 2635 ignis
2473 2572 2630 2618 noctu
2665 2565 2732 2617 ".

2104 2721 2232 2775 Fixa
2261 2721 2411 2775 enim
2437 2721 2685 2778 ﬁdelium
2711 2721 2984 2788 Ecclesia,
3033 2721 3292 2779 Christus
3321 2737 3443 2779 eam
3477 2725 3616 2780 texit

2033 2811 2274 2882 desuper
2292 2829 2306 2865 ε
2323 2826 2420 2866 eos
2436 2812 2663 2882 quidem
2677 2813 2772 2884 qui
2798 2822 2928 2868 sunt
2943 2814 3063 2881 Dei,
3090 2815 3196 2870 hoc
3222 2825 3308 2870 est
3328 2816 3576 2870 illumina
3593 2847 3609 2857 -

2033 2904 2237 2970 ti,vitac
2259 2903 2636 2976 etdogmatum
2659 2905 2954 2976 splendore
2969 2905 3330 2973 obumbrans,
3347 2917 3607 2963 etaestum

2031 2996 2394 3051 tentationuni
2407 2995 3118 3070 abigens,refrigeriumque
3133 3009 3189 3054 et
3209 3001 3606 3056 recreationem

345 3062 705 3132 ἀπελαύνων,
743 3069 843 3122 καὶ
884 3069 1150 3141 ἀνάψυξιν
1190 3073 1286 3127 καὶ
1331 3062 1713 3151 ψυχαγωγίαν
1740 3062 1922 3148 ἐνιείς·

2030 3086 2196 3142 animi
2226 3087 2309 3142 eis
2327 3087 2664 3143 immittens:
2693 3089 2774 3143 eis
2796 3095 2981 3143 autem
3015 3089 3110 3159 qui
3137 3098 3398 3159 tanquam
3432 3091 3489 3144 in
3508 3107 3609 3146 no-

341 3156 468 3220 τοὺς
492 3155 550 3208 δὲ
586 3157 838 3232 καθάπερ
886 3161 946 3215 ἐν
989 3164 1147 3217 νυκτὶ
1188 3163 1267 3241 τῷ
1304 3167 1486 3225 σκότει
1517 3173 1617 3245 τῆς
1656 3174 1928 3246 ἀμαθείας

345 3250 730 3322 καθεύδοντας,
765 3256 1055 3329 πυρσεύων
1083 3259 1178 3314 καὶ
1230 3262 1480 3331 φωτίζων
1507 3266 1587 3328 είς
1629 3266 1925 3336 ἐπίγνωσιν

343 3344 440 3398 καὶ
483 3345 763 3418 ἀλήθειαν.
809 3349 984 3421 Χρεία
1013 3350 1121 3424 γὰρ
1147 3355 1258 3418 τοῖς
1288 3353 1387 3425 μὲν
1415 3354 1791 3429 ἀτελεστέροις
1820 3375 1926 3427 φω-

341 3435 561 3506 τισμοῦ,
595 3437 732 3509 πρὸς
765 3439 987 3510 όδηγίαν
1015 3441 1107 3496 τοῦ
1142 3443 1468 3516 κρείττονοςο
1492 3448 1608 3510 τοῖς
1635 3445 1692 3500 δὲ
1719 3448 1926 3502 τελειο-

340 3525 521 3600 τέροις
555 3530 898 3604 ἐπικουρίας,
927 3533 1069 3589 ὥστε
1109 3534 1370 3590 δύνασθαι
1409 3537 1708 3608 διενεγκεῖν
1743 3539 1804 3595 τὸ
1828 3541 1924 3613 βά-

341 3637 436 3691 ρος
463 3621 557 3676 καὶ
583 3622 674 3676 τὸν
708 3624 966 3680 καύσωνα
997 3629 1097 3697 τῆς
1123 3627 1359 3697 ἡμέρας.

341 3731 446 3784 Καὶ
472 3732 511 3800 ή
541 3732 785 3814 κιϐωτὸς
803 3735 914 3814 τῇς
935 3735 1228 3814 διαθήκης
1242 3739 1464 3814 Κυρίου
1489 3747 1923 3814 προεπορεύετο

410 3801 669 3926 προῗρα
716 3801 917 3859 αὐτῶν
963 3801 1465 3876 κατασκέψαονθαι
1515 3801 1728 3881 ἆὺτοῑξ
1773 3801 1922 3872 dra;

410 3885 533 3926 παυ
583 3891 662 3928 ιν.

409 3963 660 4027 Κιὸωτδς
690 3965 718 4016 ὁ
741 3963 994 4035 Χριστός.
1034 3965 1243 4038 Ὠσπερ
1268 3968 1377 4041 γὰρ
1415 3971 1598 4044 ἐκείνη
1628 3974 1691 4027 ἐκ
1747 3975 1922 4040 ξύλων

337 4050 599 4122 ἁσήπτων
633 4052 727 4103 καὶ
761 4053 986 4122 χρυσίου
1013 4053 1256 4128 καθαροῦ
1291 4063 1796 4118 κατασκευασθεῖσα
1829 4065 1918 4120 ἐν·

337 4141 448 4206 δον,
480 4142 648 4212 ἔφερε
676 4143 768 4196 τὸν
801 4144 966 4215 νόμον
998 4147 1205 4219 Κυρίου
1227 4165 1240 4179 ’
1267 4149 1418 4204 οὕτω
1438 4153 1530 4206 καὶ
1554 4153 1614 4208 τὸ
1643 4155 1919 4226 ἀνθρώπι-

340 4249 428 4287 νον
460 4233 553 4286 τοῦ
599 4236 835 4306 Χριστοῦ
875 4240 938 4291 ἐκ
989 4238 1238 4310 σώματος
1268 4243 1546 4317 ἀφθάρτου
1578 4247 1701 4302 καθ’
1733 4251 1915 4323 ἀμαρ-

337 4325 480 4391 τίαν,
539 4327 634 4382 καὶ
687 4328 866 4400 ψυχῆς
919 4332 1166 4407 καθαρᾶς
1197 4338 1291 4389 καὶ
1323 4337 1584 4411 λαμπρᾶς
1636 4344 1910 4409 συντεθὲν,

2027 3184 2116 3232 cte
2134 3178 2190 3231 in
2218 3177 2466 3232 tenebris
2490 3177 2701 3247 peccati
2727 3179 3033 3245 dormiunt,
3069 3179 3248 3235 facem
3273 3179 3603 3244 accendens,

2027 3277 2085 3327 et
2112 3284 2210 3325 eos
2239 3269 2562 3324 illuminans
2586 3267 2654 3323 ad
2675 3268 3017 3339 agnitionem
3037 3279 3094 3325 et
3114 3271 3431 3326 veritatem.
3468 3271 3606 3326 Nam

2027 3360 2538 3433 imperfectioribus
2566 3360 2791 3430 quidem
2835 3376 2975 3431 opus
2997 3370 3084 3418 est
3102 3362 3510 3417 illuminatione
3535 3361 3606 3417 ad

2026 3451 2414 3510 deducendum
2440 3451 2508 3506 ad
2535 3451 2590 3505 id
2618 3451 2767 3521 quod
2794 3461 2881 3506 est
2914 3451 3114 3506 melius
3139 3469 3153 3505 :
3175 3451 3606 3522 perfectioribus

2023 3523 2207 3604 autem
2233 3544 2461 3611 auxilio,
2485 3551 2547 3598 ut
2568 3543 2715 3599 ferre
2743 3542 2957 3614 possint
2978 3542 3089 3599 diei
3121 3558 3264 3600 onus
3289 3552 3347 3600 et
3375 3553 3592 3600 aestum.

2095 3764 2169 3821 Et
2204 3781 2332 3820 arca
2362 3765 2664 3818 testamenti
2714 3762 2930 3818 Domini
2962 3763 3289 3835 priet-edebat
3315 3779 3422 3829 eos,
3461 3765 3532 3818 ad

2373 3835 2755 3906 designandum
2801 3835 2873 3887 eis
2911 3835 3145 3904 requiem
3176 3835 3244 3888 ".

2089 3989 2347 4046 Christus
2369 3996 2453 4045 est
2484 4003 2632 4044 arca.
2666 3986 2955 4055 Quomodo
2988 3989 3138 4043 enim
3163 3989 3256 4046 illa
3279 4000 3598 4048 constructa

2019 4097 2088 4138 ex
2143 4082 2346 4155 lignis,
2395 4082 2452 4136 in
2500 4096 2622 4152 quae
2660 4096 2772 4135 non
2829 4080 2978 4136 cadit
3029 4081 3402 4152 putrefactio,
3444 4092 3501 4139 et
3527 4101 3597 4139 ex

2018 4189 2191 4240 auro,
2242 4174 2394 4229 intus
2462 4173 2681 4229 ferebat
2729 4173 2911 4244 legem
2961 4173 3180 4228 Domini
3238 4191 3250 4227 :
3309 4173 3386 4229 ita
3429 4175 3596 4229 etiam

2016 4267 2226 4324 Christi
2273 4265 2586 4322 humanitas
2610 4265 2918 4336 composita
2941 4280 3010 4320 ex
3037 4280 3290 4337 corpore.
3323 4266 3380 4320 in
3423 4267 3593 4336 quod,

2021 4358 2169 4428 quod
2194 4357 2264 4412 ad
2289 4368 2577 4428 peccatum
2605 4357 2825 4423 attinet,
2862 4373 2975 4412 non
3007 4357 3158 4413 cadit
3210 4358 3510 4427 corruptio,
3539 4367 3596 4413 et

337 4419 482 4474 ἔνδον
517 4417 627 4492 εἶχε
653 4422 744 4478 τὸν
771 4424 942 4493 Λόγον
969 4426 1064 4480 τοῦ
1092 4426 1248 4498 Θεοῦ,
1286 4433 1380 4485 καὶ
1408 4434 1560 4498 Θεὸν,
1600 4437 1751 4501 ὅστις
1779 4438 1912 4509 Χρι-

2030 4412 2091 4504 Ex
2114 4412 2306 4504 animi;
2335 4448 2538 4503 munda
2572 4455 2627 4503 et
2658 4447 2853 4513 nitida,
2885 4448 3033 4503 intus
3070 4447 3307 4502 habebat
3347 4446 3592 4502 Verbum

337 4510 461 4572 στὸς
518 4512 962 4583 προεπορεύσατο
1009 4517 1090 4580 είς
1141 4519 1212 4571 τὰ
1265 4523 1564 4594 ἐπουράνια
1613 4529 1750 4597 μετά
1814 4530 1913 4602 τὴν

333 4603 670 4672 οἰκονομίαν,
698 4606 984 4676 ἑτοιμάσαι
1019 4611 1129 4672 τοῖς
1165 4609 1487 4684 λατρευταῖς
1529 4619 1696 4672 αὐτοῦ
1723 4621 1909 4689 τόπον,

332 4693 406 4757 ὡς
431 4694 588 4757 αὐτὸς
618 4695 859 4767 εἴρηκεν,
890 4699 1054 4753 τόπον
1081 4699 1138 4754 δὲ
1153 4701 1252 4771 τῆς
1267 4704 1626 4773 ἀναπαύσεως
1642 4711 1906 4782 δηλονότι.

331 4829 440 4885 Καὶ
462 4832 756 4918 ήιζεεξέλη
789 4829 1066 4918 ἐσκίαζεν
1091 4837 1185 4918 ἀπ’
1223 4842 1448 4918 αὐτοὺς
1473 4845 1697 4918 ἡμέρας
1715 4849 1786 4903 ἐν
1827 4849 1909 4918 τῷ

505 4901 768 4971 ἐξαίρειν
817 4907 1042 4971 αὐτοὺς
1078 4908 1146 4962 ἐκ
1176 4909 1287 4978 τῆς
1324 4901 1726 4986 stag-26.130315}.

411 5011 471 5066 '0
491 5014 725 5084 Χριστὸς
763 5015 896 5089 γὰρ,
944 5018 1004 5082 ὃς
1032 5021 1182 5073 ἐστιν
1235 5025 1444 5096 κεφαλὴ
1470 5036 1493 5064 ι
1519 5028 1610 5082 τὸν
1651 5031 1908 5088 καύσωνα

325 5105 435 5161 τῶν
461 5107 783 5178 πειρασμῶν
829 5111 1296 5177 ἀποσκεδάζουσα,
1345 5117 1440 5171 καὶ
1481 5119 1905 5191 ψυχαγωγοῦσα,

327 5199 636 5263 ἐπισκιάζει
651 5200 744 5252 ἐπὶ
760 5200 885 5264 τοὺς
900 5203 1234 5273 άπαίροντας
1254 5205 1312 5270 ἐξ
1336 5207 1557 5276 ἀγνοίας
1579 5213 1660 5275 είς
1682 5214 1905 5282 γνῶσιν,

326 5291 419 5343 καὶ
447 5291 505 5356 ἐξ
533 5290 791 5354 ἀπιστίας
820 5295 901 5356 εἰς
938 5293 1145 5356 πίστιν,
1180 5296 1276 5350 καὶ
1311 5299 1452 5353 κατὰ
1479 5301 1680 5374 δρόμον
1701 5306 1908 5377 ἀρετῆς

326 5382 756 5451 προκόπτοντας.
789 5401 808 5435 ι
832 5385 1018 5456 Χωρὶς
1043 5386 1172 5458 γὰρ,
1197 5389 1383 5460 φησιν,
1409 5391 1545 5463 ἐμοῦ
1579 5395 1641 5450 ού
1674 5396 1905 5454 δύνασθε

1375 5513 1426 5528 ο

399 5512 424 5542 ι
453 5503 605 5559 Fort.
634 5504 743 5577 leg.
767 5505 801 5575 ἡ
829 5504 1049 5578 νεφέλη.

398 5686 446 5720 ⁷³
474 5685 636 5742 Num.
666 5703 777 5756 xxv,
812 5687 837 5744 1
867 5702 1002 5759 seqq

2018 4535 2118 4590 Dei
2139 4544 2194 4590 ct
2220 4535 2414 4600 Deum,
2441 4535 2536 4604 qui
2571 4534 2824 4590 Christus
2856 4536 3038 4605 praziit
3071 4535 3140 4590 ad
3189 4535 3436 4591 caelestia
3466 4546 3593 4606 post

2018 4625 2515 4696 dispensationem,
2545 4625 2613 4679 ad
2665 4625 2969 4696 parandum
3013 4626 3322 4682 cultoribus
3369 4627 3484 4684 suis
3507 4628 3592 4682 lo-

2014 4733 2164 4782 cum,
2203 4717 2401 4788 utipsc
2433 4716 2594 4782 dixit,
2628 4718 2814 4772 locum
2851 4717 3054 4788 quietis
3073 4718 3305 4772 scilicet.

2087 4856 2158 4912 Et
2181 4858 2340 4912 nubes
2371 4872 2456 4910 eos
2503 4857 2844 4911 obumbrabat
2874 4858 3128 4930 interdiu,
3162 4859 3287 4912 dum
3331 4861 3433 4930 ipsi
3466 4861 3522 4914 id

2460 4936 2726 4982 moverent
2758 4943 2822 4981 ea:
2847 4929 3036 4981 castris
3067 4927 3138 4981 ".

2061 5036 2319 5092 Christus
2343 5043 2428 5089 est
2450 5037 2648 5100 nubes,
2677 5053 2798 5106 qua:
2818 5046 3012 5092 azstum
3035 5037 3402 5093 tentationum
3428 5035 3583 5092 dissi-

2011 5145 2149 5200 pans
2175 5138 2232 5183 et
2251 5129 2489 5183 animam
2519 5143 2795 5193 recreans,
2832 5129 3131 5182 obumbrat
3168 5145 3265 5184 eos
3289 5130 3382 5200 qui
3432 5143 3588 5183 rece-

2012 5221 2152 5275 dunt
2176 5221 2245 5274 ab
2274 5221 2622 5292 ignoratione
2639 5219 2706 5274 ad
2734 5220 3128 5291 cognitionem,
3155 5230 3210 5277 et
3253 5223 3322 5278 ab
3349 5223 3589 5278 infideli-

2012 5320 2122 5368 tate
2147 5311 2216 5366 ad
2245 5311 2433 5378 fidem,
2459 5320 2514 5366 et
2541 5311 2839 5382 proficiunt
2858 5311 2914 5366 in
2938 5327 3102 5368 cursu
3131 5314 3377 5384 pietatis.
3414 5334 3431 5365 ι
3449 5314 3584 5369 Nam

2012 5405 2131 5460 sine
2153 5418 2262 5471 me,
2299 5405 2499 5474 inquit,
2524 5403 2661 5462 nihil
2680 5405 2913 5476 potestis
2941 5404 3123 5461 facere
3146 5407 3214 5461 ".
3245 5425 3263 5459 ι
3292 5406 3584 5479 Adjectum

1099 5687 1148 5722 "
1177 5689 1340 5746 Num.
1397 5691 1566 5760 ix,15
1595 5708 1746 5767 seqq.
1827 5696 2054 5755 "Num.
2089 5717 2143 5768 χ,
2176 5701 2268 5758 55.
2339 5701 2385 5733 "
2413 5699 2552 5756 lbid.
2581 5699 2670 5756 54.
2747 5702 2792 5734 ⁷⁹
2821 5700 2972 5758 Joan.
3009 5715 3098 5768 xv,
3129 5699 3184 5756 5.
