4062 6202
482 239 618 292 ιιικιδ

1672 227 1730 279 S.
1769 224 2043 275 UYlllLLl
2081 224 2159 272 1ιί
2210 222 2516 274 ΑωυιιυΜ

3591 207 3736 275 ιαμ

482 355 567 402 est
593 354 778 401 autem
804 343 1068 403 interdiu,
1093 340 1357 411 quoniam
1399 336 1469 390 iis
1527 335 1621 404 qui
1680 334 1964 389 ambulant
2000 333 2055 387 in

2176 335 2338 387 ποιεῖν
2385 334 2555 387 οὐδέν.
2599 352 2615 385 ι
2665 333 2901 405 Ἡμέρας
2935 332 2991 385 δὲ
3036 330 3379 402 πρόσκειται,
3425 327 3561 382 διότι
3615 333 3732 395 τοῖς

482 440 603 492 luce
625 438 893 491 bonorum
942 447 1169 502 operum
1194 431 1335 484 solet
1379 443 1539 498 opem
1574 428 1720 483 terre
1749 435 1806 481 et
1839 443 1935 481 cos
1962 442 2052 480 re-

482 543 690 583 creare.
714 528 818 579 Per
842 523 1056 577 Domini
1083 531 1267 575 autem
1285 521 1499 590 jussum
1526 526 1705 572 castra
1738 518 2052 580 movebant,

483 617 741 688 quoniam
770 621 826 668 et
887 614 1059 666 vcrho
1107 628 1205 666 seu
1235 612 1447 664 ratione
1470 624 1610 679 opus
1649 617 1754 675 est,
1792 608 2056 663 incitante

482 708 552 763 ad
573 705 901 776 profectum,
960 711 1015 757 et
1047 699 1359 757 obedientia
1398 700 1713 755 divinorum
1764 698 2055 753 mandato-

484 814 629 852 rum.

482 910 555 966 Et
571 905 950 981 eratpopulus
977 921 1317 981 murmurans
1347 914 1396 981 et
1432 903 1646 981 loquens
1686 901 2057 981 malancoram

554 971 804 1041 Domino,
832 988 878 1029 et
900 978 1096 1049 catursit
1126 976 1264 1046 ignis
1300 992 1329 1028 α
1355 971 1600 1039 Domino,
1633 982 1679 1025 et
1730 971 1897 1025 exedit
1922 988 2060 1049 par-

553 1058 657 1102 tem
685 1058 983 1109 castrorum
1017 1047 1084 1098 ⁸⁰.

559 1223 668 1277 Eos
712 1221 861 1275 enim
923 1220 1017 1289 qui
1072 1218 1455 1288 blasphemant
1487 1231 1672 1271 coram
1716 1214 1970 1277 Domino,
2005 1222 2061 1269 et

481 1317 668 1387 ipsum
711 1319 1055 1377 aversantur,
1086 1310 1272 1364 exedit
1324 1309 1466 1378 ignis
1504 1308 1787 1379 gehennae.
1840 1306 2060 1360 Partem

480 1405 649 1469 dixit,
680 1410 974 1473 propterea
1001 1400 1145 1471 quod
1174 1397 1333 1452 multi
1364 1414 1431 1452 ex
1463 1398 1597 1467 ipsis
1619 1394 1892 1463 conversi,
1940 1393 2060 1449 exi-

479 1504 776 1562 ,mentura
803 1492 1097 1562 supplicio.
1122 1491 1293 1545 Porro
1327 1498 1513 1542 autem
1540 1488 1648 1543 alio
1678 1496 1897 1557 quoque
1921 1493 2061 1539 tem-

478 1602 623 1657 pore
648 1591 1059 1651 murmurantes
1096 1582 1363 1636 adversus
1403 1580 1597 1645 Deum,
1631 1587 1688 1634 et
1719 1593 1919 1633 manna
1963 1592 2061 1647 ap-

2157 428 2213 478 ὲν
2241 426 2381 493 φωτὶ
2414 424 2593 479 καλῶν
2618 425 2794 495 έργων
2830 425 3214 496 πορευομένοις
3250 421 3408 474 εἴωθε
3452 424 3737 493 συνεργεῖν

2156 533 2215 569 τε
2237 517 2330 568 καὶ
2355 515 2671 586 ἀναψύχειν.
2708 515 2807 569 Διὰ
2833 514 3251 585 προστάγματος
3279 512 3336 565 δὲ
3373 511 3579 583 Κυρίου
3631 514 3735 576 τὰς

2158 608 2422 679 ἐπάρσεις
2450 606 2751 660 ἐποιοῦντο*
2780 605 2915 658 διότι
2940 604 3101 682 χρεία
3138 603 3234 656 καὶ
3267 602 3427 671 λόγου
3470 601 3565 655 τοῦ
3592 621 3736 675 παρ-

2157 701 2471 771 οτρύνοντος
2490 701 2569 762 είς
2603 696 2909 769 προκοπὴν,
2935 702 3028 753 καὶ
3054 697 3299 767 ὑπακοῆς
3323 695 3431 749 τῶν
3468 696 3627 749 θείων
3648 699 3729 750 ὲν-

2157 792 2345 845 τολῶν.

2159 905 2269 960 Καὶ
2302 902 2381 976 ἦν
2414 909 2448 959 ὁ
2488 904 2639 971 λαὸς
2685 902 2981 976 γογγύζων
3014 902 3110 976 καί
3372 899 3606 976 πονηρὰ
3638 901 3738 953 ἐν-

2220 970 2361 1031 ,ανὲι
2396 970 2638 1039 Κυρίου⁸
2675 970 3111 1039 Καίέξεκαύθη
3147 973 3216 1025 ὲν
3246 970 3450 1039 αὐτοῖς
3478 970 3597 1037 ,πῦρ
3626 987 3737 1023 παι

2226 1046 2340 1167 ιέὰλ
2357 1038 2599 1125 {(vplov,
2656 1046 2755 1100 καὶ
2792 1038 3109 1111 κατέφαγε
3130 1040 3311 1110 μέρος
3361 1038 3470 1108 τῆς
3517 1055 3738 1109 παρεμ-

2269 1136 2300 1167 U
2345 1133 2439 1167 710.

2269 1133 2439 1182 vane.

2231 1227 2371 1290 Τοὺς
2399 1226 2507 1299 γὰρ
2532 1225 2758 1282 ἐνώπιον
2782 1225 2874 1277 τοῦ
2905 1222 3142 1295 Χριστοῦ
3160 1224 3612 1295 βλασφημοῦντας
3642 1226 3742 1281 καὶ,

2162 1318 2673 1389 ἀποστρεφομένους
2721 1317 2907 1381 αὐτὸν,
2960 1314 3337 1384 καταφάγεται
3384 1315 3444 1368 τὸ
3488 1314 3599 1387 πῦρ
3637 1318 3741 1385 τῆς

2164 1409 2405 1478 γεέννης.
2444 1408 2623 1478 Μέρος
2656 1406 2711 1459 δὲ
2733 1403 2872 1469 εἷπε,
2905 1406 3037 1459 διότι
3068 1405 3253 1457 πολλοὶ
3278 1405 3458 1458 αὐτῶν
3484 1407 3737 1476 ἐπιστρέ-

2163 1494 2385 1565 ψαντες,
2410 1494 2855 1566 ὲξαιρεθήσονται
2884 1495 2979 1564 τῆς
3000 1494 3292 1557 κολάσεως.
3326 1496 3437 1548 Καὶ
3473 1495 3596 1548 καθ’
3620 1497 3743 1549 ἓτε-

2170 1603 2260 1658 ρον
2288 1586 2345 1639 δὲ
2373 1587 2563 1656 καιρὸν
2603 1585 2961 1657 γογγύζοντες
2991 1585 3130 1639 κατὰ
3151 1585 3245 1643 τοῦ
3269 1584 3426 1648 Θεοῦ,
3461 1588 3553 1641 καὶ
3577 1588 3743 1657 ἄρτον

486 1678 758 1751 Ρευιηηοε
789 1674 1244 1745 paneminanem,
1279 1672 1582 1727 interibant
1619 1685 1805 1725 morsu
1834 1682 2065 1739 serpen-

2176 1677 2415 1740 διάκενον
2447 1678 2507 1732 τὸ
2558 1680 2734 1750 μάννα
2776 1676 3296 1750 προσαγορεύοντες,
3344 1680 3458 1741 τοῖς
3499 1679 3744 1751 δήγμασι

494 1769 785 1823 tum.Nam
825 1768 921 1836 qui
964 1766 1164 1836 ingrati
1188 1765 1357 1819 animi
1376 1763 1511 1818 vitio
1540 1763 1712 1816 Deum
1748 1759 2067 1815 benefacto-

487 1874 610 1921 rem
641 1856 976 1925 despiciunt,
1010 1854 1267 1908 incidunt
1309 1854 1364 1908 in
1412 1865 1632 1906 morsus
1661 1848 1937 1919 serpentis
1967 1848 2077 1919 qui,

491 1949 639 2005 cadit
657 1948 758 2002 sub
777 1945 1219 2017 intelligentiam.
1249 1946 1393 1998 Duas
1412 1943 1572 1997 tubas
1600 1941 1834 1996 ductiles
1865 1954 2065 2010 argen-

492 2050 610 2097 teas
636 2049 694 2095 ut
721 2040 948 2104 faceret,
969 2038 1114 2093 Deus
1127 2037 1293 2107 jussit
1314 2036 1504 2107 Moysi,
1555 2033 1622 2088 ad
1655 2031 1928 2087 vocandos
1950 2044 2064 2085 cm—

494 2144 603 2199 tus,
639 2141 695 2187 et
717 2132 785 2185 ad
816 2130 1085 2186 movenda
1117 2137 1316 2191 castra,
1345 2136 1399 2182 et
1430 2124 1651 2195 quando
1678 2124 1825 2178 solos
1842 2122 2063 2194 quidem

492 2225 688 2297 populi
732 2224 902 2277 duces
940 2223 1009 2275 ad
1047 2223 1225 2296 ipsum
1265 2225 1549 2289 oporteret
1580 2216 1923 2287 congregari,
1950 2230 2061 2269 una

493 2331 716 2379 canere,
742 2312 963 2383 quando
993 2320 1178 2366 autem
1222 2311 1486 2381 papulum
1509 2350 1524 2375 ,
1569 2309 1801 2363 duabus.
1830 2308 1911 2362 Ad
1945 2323 2065 2361 mo-

492 2406 671 2462 venda
693 2412 877 2458 autem
913 2410 1093 2458 castra
1117 2403 1312 2456 statuit
1331 2416 1454 2456 esse
1477 2408 1717 2470 quatuor
1760 2414 1960 2471 genera
1990 2400 2066 2453 sis-

482 2512 726 2567 gnorum
759 2511 857 2565 per
879 2493 1194 2564 huiusmodi
1245 2493 1425 2547 tubas.
1461 2493 1639 2561 Atque
1670 2491 1791 2545 duae
1846 2490 2067 2561 quidem

491 2587 831 2650 cranttubm,
859 2586 1121 2655 quoniam
1148 2584 1351 2654 duplex
1369 2592 1455 2638 est
1510 2584 1650 2638 ratio
1684 2583 1948 2637 doctrina:
1973 2598 2066 2636 cc-

492 2679 845 2735 clesiasticaz:
869 2678 976 2733 alia
1004 2677 1227 2747 quidem
1257 2677 1427 2731 vitam
1448 2691 1806 2746 componens,
1839 2675 1945 2729 alia
1973 2690 2071 2730 au-

495 2778 607 2823 tem
631 2769 949 2838 dogmatum
980 2781 1168 2821 curam
1217 2782 1436 2837 gerens.
1490 2767 1630 2821 Sunt
1661 2774 1846 2821 autem
1895 2767 2069 2823 ambat

495 2861 730 2915 ductiles
769 2868 825 2914 et
858 2867 1152 2928 argenteae,
1172 2866 1465 2927 propterea
1504 2858 1652 2927 quod
1688 2866 1743 2913 et
1766 2859 1882 2913 haec
1900 2868 1956 2912 et
1978 2860 2068 2915 illa

494 2950 570 3005 sit
594 2963 793 3003 sonora
817 2956 874 3002 et
906 2949 1075 3011 clara,
1097 2948 1227 3002 etin
1257 2963 1421 3017 quam
1441 2964 1552 3001 non
1591 2948 1739 3002 cadit
1767 2950 2070 3018 reprehen-

2166 1769 2274 1823 τῶν
2311 1770 2485 1841 ὄφεων
2505 1772 2887 1844 διεφθείροντο.
2917 1772 2983 1823 Οίη
3009 1771 3117 1842 γὰρ
3132 1773 3253 1834 ταῖς
3285 1771 3625 1842 ἁχαριστίαις
3650 1771 3745 1835 τὶν

2167 1861 2559 1931 εὐεργετοῦντα
2583 1862 2714 1916 Θεὸν
2730 1861 3109 1933 ἀτιμάζοντες,
3132 1864 3243 1926 τοῖς
3270 1862 3364 1915 τοῦ
3390 1863 3582 1931 νοητοῦ
3612 1863 3744 1932 δρά-

2168 1968 2354 2016 κοντος
2378 1953 2616 2024 δήγμασι
2645 1954 3050 2026 περιπίπτουσι.
3083 1953 3187 2015 Δύο
3217 1954 3519 2023 σάλπιγγας
3548 1955 3747 2019 ὲλατὰς

2166 2044 2413 2116 ἀργυρᾶς
2441 2046 2616 2109 ὁΘεὸς
2663 2050 2835 2103 ποιεῖν
2858 2046 3155 2118 προσέταξε
3184 2047 3261 2117 τῷ
3290 2048 3495 2109 Μωσεῖ.
3529 2047 3664 2118 πρὸς
3684 2048 3751 2101 τὸ

2170 2138 2350 2191 καλεῖν
2381 2143 2468 2209 ..ἡν
2486 2139 2827 2208 συναγωγὴν,
2860 2141 2955 2192 καὶ
2972 2138 3207 2209 ἐξαίρειν
3231 2138 3329 2201 τὰς
3362 2138 3745 2208 παρεμϐολάς

2169 2229 2265 2283 καὶ
2297 2229 2387 2281 ὅτε
2438 2230 2535 2300 μὲν
2571 2231 2687 2283 δέον
2722 2230 2912 2300 μόνους
2937 2231 3063 2293 τοὺς
3109 2231 3447 2301 ἡγουμένους
3482 2229 3571 2282 τοῦ
3614 2230 3747 2282 λαοῦ

2171 2319 2497 2387 συνάγεσθαι
2548 2320 2685 2390 πρὸς
2718 2320 2899 2385 αὐτὸν,
2954 2322 3020 2389 τῇ
3069 2320 3167 2389 μιᾷ
3203 2319 3506 2383 σαλπίζειν,
3533 2320 3623 2372 ὅτε
3653 2320 3749 2379 τὸν

2168 2413 2296 2466 λαὸν
2339 2415 2459 2475 ταῖς
2498 2412 2637 2465 δυσί.
2675 2412 2816 2483 Πρὸς
2856 2411 2913 2464 δὲ
2956 2410 3053 2473 τὰς
3084 2410 3334 2481 ἐξάρσεις
3390 2409 3497 2463 τῶν
3531 2427 3751 2481 παρεμέ-

2170 2503 2361 2568 ξολῶν,
2390 2504 2633 2575 τέσσαρα
2658 2502 2939 2574 σημασιῶν
2968 2501 3166 2574 ὥρισεν
3193 2501 3309 2571 εἴδη
3326 2500 3414 2554 διὰ
3440 2501 3545 2553 τῶν
3568 2504 3751 2554 τοιού-

2170 2614 2277 2650 των
2310 2596 2645 2664 σαλπίγγων.
2676 2595 2779 2647 Δύο
2813 2596 2909 2665 μὲν
2950 2592 3044 2648 οὖν
3082 2596 3137 2647 αἱ
3172 2594 3493 2662 σάλπιγγες,
3524 2594 3607 2645 ὅτι
3635 2593 3746 2647 διτ-

2168 2688 2260 2751 τὸς
2314 2688 2469 2755 λόγος
2518 2688 2617 2756 τῆς
2657 2686 3114 2757 ὲκκλησιαστικῆς
3171 2685 3536 2748 διδασκαλίας,
3571 2690 3600 2739 ὀ
3648 2687 3750 2757 μὲν

2174 2780 2287 2851 βίον
2315 2780 2610 2852 ῥυθμίζων,
2633 2781 2660 2832 ό
2685 2779 2741 2831 δὲ
2762 2778 3047 2848 δογμάτων
3070 2776 3514 2847 ἐπιμελούμενος.
3534 2776 3753 2830 Ἐλαταὶ

2171 2872 2231 2924 δὲ
2259 2871 2351 2924 καὶ
2382 2871 2619 2940 ἀργυραῖ
2643 2869 2737 2922 καὶ
2758 2868 2946 2938 ἄμφω,
2968 2867 3056 2921 διὰ
3081 2867 3143 2920 τὸ
3165 2866 3358 2937 εὖηχες
3381 2866 3477 2920 καὶ
3497 2865 3755 2935 λαμπρὸν

2175 2962 2271 3015 καὶ
2315 2961 2612 3031 ἀμώμητον
2644 2960 2738 3014 καὶ
2789 2959 2979 3012 τούτου
3028 2958 3301 3011 κάκείνου.
3339 2958 3447 3011 Καὶ
3489 2959 3612 3021 τοὺς
3650 2959 3755 3028 μὲν

498 3039 687 3094 sio.Et
722 3039 895 3093 duces
948 3040 1176 3107 quidem
1222 3040 1558 3099 convocabat
1600 3055 1704 3093 una
1746 3041 1895 3095 tuba.
1923 3042 2070 3111 Opus

2180 3020 2518 3125 ἡγουμένους
2541 3053 2640 3123 μία
2674 3052 2955 3105 συνεκάλει
2982 3048 3235 3118 σάλπιγξ.
3268 3051 3441 3120 Χρεία
3466 3049 3574 3121 γὰρ
3592 3020 3756 3117 λόγου

460 3136 463 3139 ’
499 3132 651 3186 enim
695 3139 781 3185 est
833 3130 1146 3199 corrigente
1203 3130 1455 3183 oratione
1500 3140 1556 3185 et
1605 3132 2017 3187 institutoribus
2057 3152 2069 3186 :

494 3229 632 3276 sunt
665 3220 813 3275 enim
848 3220 1133 3275 homines:
1161 3220 1256 3273 sed
1280 3220 1514 3285 modica,
1545 3239 1562 3270 ι
1587 3222 1663 3275 Da
1681 3222 1850 3287 enim,
1873 3223 2071 3293 inquit,

497 3313 737 3383 sapienti
771 3313 1139 3377 occasionem,
1184 3319 1242 3365 et
1261 3312 1370 3365 erit
1399 3312 1704 3381 sapientior
1734 3315 1801 3367 εί.
1826 3336 1845 3366 ι
1888 3316 2072 3386 Popu-

499 3407 615 3467 lum
665 3417 852 3461 autem
899 3406 1041 3461 duae.
1071 3405 1241 3460 Multa
1283 3407 1431 3460 enim
1475 3408 1858 3463 exhortatione
1892 3417 1949 3464 ct
1974 3409 2075 3464 ad-

498 3498 805 3561 monitione
857 3514 996 3568 opus
1040 3499 1225 3552 habet.
1262 3496 1510 3563 Quatuor
1551 3508 1735 3553 autem
1790 3499 2072 3570 signorum

502 3610 704 3665 genera
732 3609 854 3663 qua:
873 3594 1022 3647 tubis
1067 3592 1226 3656 ﬁunt,
1264 3592 1687 3661 praeﬁgurabant
1730 3605 1969 3663 quatuor
2011 3597 2075 3649 li-

504 3687 635 3740 bros
659 3685 1153 3754 evangelistarum:
1185 3684 1279 3753 qui
1330 3699 1428 3754 per
1475 3699 1539 3737 ea
1578 3700 1701 3754 qua:
1744 3686 2073 3757 signiﬁcant,

500 3778 695 3848 jubent
723 3792 825 3829 nos
847 3776 1133 3831 discedere
1158 3776 1226 3829 ab
1257 3775 1342 3831 bis
1388 3777 1623 3831 terrenis
1686 3794 1809 3848 qua:
1852 3789 1980 3833 sunt
2016 3779 2072 3834 in

504 3875 744 3937 quatuor
761 3867 1078 3921 climatibus
1100 3867 1251 3921 orbis
1274 3876 1455 3931 teme,
1480 3877 1535 3921 et
1558 3868 1626 3921 ad
1656 3885 1954 3937 supernam
1982 3872 2071 3926 Je-

505 3958 744 4011 rusalem
777 3958 1131 4013 contendere.
1178 3958 1284 4013 Per
1328 3958 1466 4012 duas
1512 3967 1695 4014 autem
1748 3961 1908 4015 tubas
1938 3963 2076 4017 ﬁunt

502 4059 742 4120 quatuor
772 4050 947 4121 signa,
972 4050 1232 4119 quoniam
1255 4065 1354 4121 per
1374 4048 1656 4105 Christum
1678 4052 1851 4105 Deum
1884 4059 1941 4107 et
1979 4053 2075 4107 ho-

504 4142 710 4195 minem
740 4151 1073 4195 resonarunt
1091 4156 1155 4194 ea
1180 4157 1305 4209 qua:
1328 4148 1459 4195 sunt
1477 4142 1780 4211 signiﬁcata
1816 4143 1884 4197 ab
1916 4158 2076 4198 evan-

503 4232 735 4304 gelistis.
762 4232 870 4286 Aut
889 4233 1056 4286 etiam
1088 4232 1271 4298 aliter,
1307 4241 1545 4301 quatuor
1569 4248 1769 4302 genera
1793 4234 2077 4303 signorum

503 4335 665 4379 erant
686 4324 993 4395 symbolum
1022 4332 1258 4393 quatuor
1283 4340 1548 4395 generum
1585 4325 1820 4384 rationis
1852 4326 2074 4382 ethicaa.

502 4418 753 4482 Quorum
774 4431 944 4469 unum
972 4416 1198 4485 quidem
1233 4417 1532 4472 resonatin
1563 4417 1632 4472 iis
1666 4419 1761 4487 qui
1787 4434 1886 4487 per
1926 4430 2078 4474 cate-

506 4512 717 4565 chesim
742 4510 923 4564 adhuc
944 4510 1344 4565 instituuntur:
1372 4512 1477 4565 tria
1502 4520 1682 4566 autem
1733 4512 1800 4566 iis
1821 4512 1915 4582 qui
1951 4522 2080 4569 sunt

510 4602 669 4656 bona;
702 4610 883 4665 teme,
922 4617 1043 4671 qure
1069 4603 1328 4671 produxit
1377 4603 1445 4656 ad
1478 4603 1699 4673 triginta
1721 4613 1777 4658 et
1800 4605 2079 4675 sexaginta

507 4701 564 4746 et
596 4699 816 4746 centum
841 4690 906 4745 ⁸³.
943 4693 1117 4747 Aliter
1146 4694 1368 4748 enimet
1386 4694 1547 4748 aliter
1568 4703 1697 4749 sunt
1728 4695 1784 4749 hi
1818 4696 2076 4753 docendi.

507 4783 641 4837 Nam
667 4783 734 4837 iis
769 4783 991 4853 quidem
1025 4784 1122 4853 qui
1172 4784 1343 4837 vitam
1375 4786 1663 4855 elegerunt
1705 4787 2085 4843 matrimonia-

508 4874 639 4939 lem,
666 4874 853 4930 dices:
882 4895 899 4925 ι
920 4876 1194 4945 Alligatus
1220 4893 1282 4932 cs
1309 4878 1488 4942 uxori,
1517 4894 1587 4931 ne
1612 4893 1825 4946 quteras
1843 4880 2078 4935 solutio-

508 4978 655 5018 nem.
686 4985 704 5016 ι
738 4966 809 5019 lis
829 4974 1011 5021 autem
1025 4967 1119 5037 qui
1148 4968 1315 5022 vitam
1342 4968 1398 5021 in
1422 4968 1775 5039 virginitate:
1812 4990 1828 5021 ι
1858 4969 2083 5024 Solutus

508 5068 571 5109 es
590 5053 657 5109 ab
690 5070 882 5122 uxore,
924 5071 993 5109 ne
1020 5072 1233 5125 quaeras
1266 5073 1491 5112 uxorem
1522 5059 1587 5111 ⁸³.
1611 5078 1629 5109 ι
1660 5058 1731 5113 lis
1774 5068 1957 5113 autem
1989 5060 2084 5130 qui

508 5153 825 5203 Statuerunt
897 5148 953 5201 in
1015 5151 1320 5204 monastica
1390 5150 1590 5221 degere
1643 5151 2081 5206 exercitatione:

520 5235 887 5319 rMortiﬁcate
912 5239 1159 5294 membra
1204 5249 1392 5295 vestra
1433 5257 1555 5311 qua:
1604 5249 1733 5294 sunt
1758 5255 1923 5311 supra
1967 5251 2070 5298 ter-

517 5340 634 5379 ram
689 5326 755 5381 “.
786 5347 805 5378 ι
865 5327 933 5382 Et
954 5329 1184 5385 cuilibet
1232 5332 1358 5386 vita:
1398 5331 1588 5401 generi
1640 5331 2083 5387 accommodabis

509 5430 687 5485 genus
710 5421 1046 5477 conveniens
1094 5423 1497 5480 exhortationis
1545 5432 1602 5479 ct
1636 5422 1922 5478 doctrina}.
1969 5424 2081 5480 Lex

2179 3145 2519 3216 διορθοῦντος
2566 3146 2661 3199 καὶ
2706 3147 2820 3204 τοῖς
2878 3143 3240 3213 καθηγηταῖς
3296 3141 3569 3213 ἄνθρωποι
3617 3141 3755 3212 γὰρ,

2180 3237 2321 3307 πλὴν
2358 3237 2559 3304 ὀλίγουο
2607 3255 2625 3287 ι
2660 3235 2813 3289 Δίδου
2836 3235 2963 3307 γὰρ,
3001 3235 3156 3304 φησὶ,
3182 3233 3329 3303 σοφῷ
3358 3234 3633 3305 ἀφορμὴν,
3658 3234 3760 3287 καὶ

2184 3326 2490 3398 σοφώτερος
2518 3327 2689 3380 ἔσται.
2737 3346 2753 3378 ι
2786 3326 2888 3379 Τὸν
2913 3325 2969 3378 δὲ
3000 3325 3129 3378 λαὸν
3157 3324 3267 3378 δύο.
3294 3324 3503 3393 Πολλῆς
3530 3324 3639 3395 γὰρ
3663 3318 3761 3377 05,-

2181 3438 2272 3483 τος
2292 3421 2463 3475 δεῖται
2489 3418 2805 3490 προτροπῆς
2849 3421 2943 3471 καὶ
2974 3418 3393 3488 παρακλήσεως.
3423 3416 3504 3470 Τὰ
3544 3416 3599 3469 δὲ
3627 3418 3761 3470 τέσ-

2184 3529 2326 3583 σαρα
2342 3512 2449 3566 τῶν
2476 3511 2759 3582 σημασιῶν
2783 3510 2896 3579 εἴδη
2923 3510 2992 3562 τὰ
3017 3509 3106 3561 διὰ
3126 3510 3235 3563 τῶν
3264 3509 3579 3577 σαλπίγγων
3603 3509 3762 3577 γινόυ

2188 3621 2344 3675 μενα,
2381 3603 2449 3657 τὰ
2472 3604 2714 3673 τέσσαρα
2746 3602 2927 3670 βιϐλία
2955 3600 3064 3653 τῶν
3098 3601 3497 3670 εύαγγελιστῶν
3528 3600 3767 3673 προετύο

2189 3715 2345 3760 πουν,
2372 3696 2408 3749 ἃ
2444 3696 2511 3748 δι’
2535 3688 2610 3748 ὧν
2640 3694 3018 3764 σημαίνουσιν,
3059 3693 3295 3764 ἐξαίρειν
3337 3694 3481 3763 ἡμᾶς
3510 3692 3619 3745 ἀπό
3646 3693 3765 3755 τῶν

2184 3786 2400 3858 γεηρῶν
2436 3785 2664 3851 τούτων,
2694 3784 2804 3837 τῶν
2851 3784 2907 3836 ὲν
2933 3786 3044 3846 τοῖς
3088 3784 3351 3855 τέσσαρσι
3379 3783 3607 3853 κλίμασι
3653 3782 3766 3853 τῆς

2184 3878 2525 3949 οἰκουμένης,
2558 3877 2651 3930 καὶ
2679 3876 2812 3946 πρὸς
2858 3877 2955 3946 τὴν
2992 3878 3103 3929 ἄνω
3138 3876 3493 3946 Ἰερουσαλὴμ
3537 3875 3767 3943 ἐπείγε-

2186 3972 2307 4025 σθαι
2348 3967 2768 4023 διακελεύονται.
2814 3967 2909 4021 ma:
2949 3967 3003 4020 δὲ
3048 3969 3157 4020 τῶν
3198 3968 3292 4021 δύο
3328 3969 3640 4036 σαλπίγγων
3704 3969 3768 4022 αἱ

2182 4066 2444 4133 τέσσαρες
2495 4062 2780 4133 σημασίαι,
2809 4062 2888 4113 ὃτι
2919 4061 3015 4113 καὶ
3046 4059 3133 4113 διὰ
3167 4060 3258 4113 τοῦ
3306 4061 3493 4114 διπλοῦ
3516 4062 3763 4131 Χριστοῦ

2182 4156 2276 4211 τοῦ
2316 4153 2663 4226 θεανθρώπου
2696 4153 2763 4207 τὰ
2790 4153 3163 4223 σημαινόμενα
3191 4156 3304 4217 τοῖς
3343 4154 3762 4223 εύαγγελισταῖς

2184 4248 2548 4319 ἐνηχήθησαν.
2589 4247 2661 4299 Ἢ
2702 4246 2795 4299 καὶ
2821 4245 3013 4310 ἄλλως,
3046 4245 3117 4323 τός
3160 4247 3403 4318 τέσσαρα
3434 4248 3541 4300 τῶν
3579 4265 3764 4318 σημα-

2188 4335 2317 4389 σιῶν
2363 4335 2477 4404 είδη
2521 4334 2789 4405 σύμϐολον
2820 4330 2959 4405 ἦσαν
2998 4335 3104 4387 τῶν
3146 4336 3427 4407 τεσσάρων
3456 4338 3615 4390 εἰδῶν
3660 4338 3762 4394 τοῦ

2183 4425 2377 4495 ἠθικοῦ
2409 4426 2590 4495 λόγου.
2628 4419 2727 4479 Ὧν
2755 4425 2817 4478 τὸ
2853 4427 2949 4496 μὲν
3000 4428 3184 4497 ἐνηχεῖ
3212 4432 3322 4491 τοῖς
3368 4429 3446 4482 ἔτι
3484 4447 3766 4501 κατηχού-

2189 4517 2405 4587 μένοις·
2473 4517 2542 4570 τά
2614 4516 2741 4587 τρία
2794 4518 2849 4569 δὲ
2910 4520 3023 4581 τοῖς
3082 4520 3182 4589 τῆς
3233 4520 3445 4589 ἀγαθῆς
3490 4520 3595 4590 γῆς
3636 4524 3768 4593 ῆτις

2185 4608 2637 4679 ἐκαρποφόρησεν
2659 4610 2739 4671 είς
2766 4608 3079 4680 τριάκοντα,
3118 4612 3209 4663 καὶ
3238 4613 3319 4675 εἰς
3357 4611 3639 4684 ἐξήκοντα,
3666 4618 3770 4670 καὶ

2187 4703 2266 4764 είς
2298 4702 2507 4754 ἑκατόν.
2548 4700 2756 4763 ’Λλλως
2777 4702 2884 4771 γὰρ
2910 4703 3001 4754 καὶ
3022 4701 3195 4766 ἄλλως
3222 4705 3441 4768 τούτους
3463 4707 3765 4762 διδακτέον.

2189 4793 2313 4854 Τοῖς
2343 4792 2439 4861 μὲν
2488 4790 2596 4863 γὰρ
2625 4793 2714 4844 τὸν
2745 4794 2802 4845 ἐν
2829 4794 2992 4864 γάμῳ
3023 4794 3135 4864 βίον
3178 4796 3559 4865 προελομένοις
3592 4800 3766 4867 ἐρεῖςο

2191 4901 2209 4933 ι
2249 4882 2471 4936 Δέδεσαι
2499 4884 2738 4951 γυναικὶ,
2768 4884 2844 4954 μὴ
2876 4884 3027 4955 ζήτει
3069 4885 3241 4939 λύσιν.
3279 4906 3297 4937 ι
3337 4888 3462 4949 Τοῖς
3491 4888 3550 4940 δὲ
3580 4888 3677 4941 τὸν
3710 4892 3772 4943 ἐν

2187 4970 2471 5042 παρθενίᾳ⁹
2512 4991 2530 5023 ι
2575 4972 2810 5025 Λέλυσαι
2840 4974 2946 5026 άπὸ
2975 4976 3253 5042 γυναικὸς,
3284 4976 3358 5046 μὴ
3398 4975 3549 5048 ζήτει
3578 4983 3773 5047 γυναῖο

2187 5081 2278 5116 κα.
2305 5082 2324 5115 ι
2355 5065 2478 5125 Τοῖς
2506 5064 2563 5117 δὲ
2603 5065 2692 5117 τὸν
2734 5066 2791 5118 ὲν
2820 5067 3069 5137 ἀσκήσει⁸
3112 5088 3129 5119 ι
3170 5068 3499 5139 Νεκρώσατε
3522 5071 3595 5123 τὰ
3621 5072 3769 5145 μέλη

2189 5153 2341 5225 ὑμῶν
2387 5154 2455 5208 τὰ
2494 5154 2586 5207 ἐπὶ
2630 5159 2727 5226 τῆς
2783 5156 2908 5226 γῆς.
2947 5178 2966 5209 ι
3007 5160 3118 5212 Καὶ
3160 5160 3366 5232 ἑκάστῃ
3403 5160 3516 5234 ἰδέᾳ
3556 5160 3677 5230 βίου
3710 5163 3774 5217 τὸ

2192 5246 2468 5318 προσῆκον
2493 5242 2629 5309 εἶδος
2660 5247 2923 5319 ἁρμόσεις
2943 5248 3041 5319 τῆς
3068 5252 3382 5323 προτροπῆς
3403 5236 3499 5307 καῖ
3512 5253 3775 5308 διδασκα-

2191 5336 2329 5400 λίας.
2362 5338 2483 5400 Τοῖς
2514 5338 2716 5409 ἱερεῦσι
2770 5338 2826 5391 δὲ
2866 5339 3144 5405 σαλπίζειν
3192 5342 3465 5413 ἀφώρισεν
3496 5346 3525 5397 ὁ
3576 5345 3775 5416 νόμος,

2190 5428 2271 5479 ὅτι
2301 5429 2393 5481 καὶ
2434 5424 2543 5481 τῶν
2575 5428 2765 5498 ἱερέων
2796 5429 2925 5483 ἴδιον
2966 5432 3027 5484 τὸ
3073 5433 3362 5488 διδάσκειν.
3388 5436 3453 5488 Αἱ
3479 5435 3534 5489 δὲ
3563 5438 3781 5495 πυκναὶ

288 5594 634 5687 [Ἲθ
654 5600 817 5663 Num.
852 5620 926 5668 χι,
957 5605 982 5660 1
1022 5620 1171 5679 seqq.
1251 5608 1291 5639 '"
1322 5607 1483 5661 Prov.
1520 5624 1593 5676 ix,
1625 5611 1678 5665 9.
1756 5611 1801 5643 ⁸³
1840 5610 2070 5665 Malum

2201 5610 2251 5664 8.
2330 5611 2375 5644 ⁸³
2398 5612 2420 5668 l
2446 5611 2571 5667 Cor.
2597 5629 2689 5682 vn,
2712 5614 2802 5670 27.
2882 5615 3159 5675 “Coloss.
3195 5635 3271 5689 Ill,
3314 5620 3367 5678 ὅ.
