4062 6202
423 277 560 335 1225

1801 271 2208 332 COLLECTAN
2211 270 2322 328 EA.

3525 278 3664 334 4228

420 395 532 450 τῶν
566 391 914 467 Ἰσραηλιτῶν
953 391 1225 465 ἑξάρσεις,
1253 388 1354 457 τὰς
1387 389 1599 455 πυκνὰς
1635 392 1759 446 κατ’
1791 390 1993 462 ἀρετὴν

2097 397 2284 445 autem
2333 387 2622 446 constituit
2652 387 3033 448 sacerdotibus
3073 397 3134 446 ut
3177 390 3307 450 tuba
3370 405 3661 459 canerem,

418 484 704 554 προκοπὰς
729 484 822 538 τοῦ
842 469 960 537 νέου
991 481 1121 536 λαοῦ
1142 482 1251 536 τῶν
1270 483 1500 551 πιστῶν,
1531 483 1624 536 καὶ
1643 480 1763 537 καθ’
1776 482 1990 553 ἡμέραν

417 577 772 647 ὀφειλομένας
809 573 1134 636 ὲπεκτάσεις
1177 574 1271 627 ἐπὶ
1299 577 1369 627 τὰ
1415 571 1744 643 ἔμπροσθεν,
1784 572 1990 642 ὑπεσή-

386 676 390 682 “
422 685 630 740 μαινον.
680 667 868 734 ’Δγιον
917 665 1200 736 ὠνόμασεν
1243 666 1272 718 6
1300 663 1467 734 νόμος
1497 664 1590 717 τὸν
1621 662 1992 733 ὑποσχόμενον

417 758 496 828 τῷ
537 758 657 826 Θεῷ
687 756 787 826 τὴν
808 755 1003 809 ἑαυτοῦ
1033 754 1234 826 κόμην.
1250 753 1604 825 Λαμϐάνεται
1630 753 1742 823 γὰρ
1766 755 1802 824 ἡ
1823 770 1994 822 κεφα-

418 847 482 920 λὴ
509 849 605 918 μὲν
620 849 700 911 είς
737 846 898 900 τύπον
941 846 1035 900 τοῦ
1070 845 1184 911 νοῦ,
1220 845 1297 908 ὡς
1338 844 1658 915 ἐνδιαίτημα
1684 843 1777 897 νοῦ
1803 859 1815 872 ·
1843 844 1902 897 αί
1936 843 1995 897 δὲ

419 939 604 1011 τρίχες
632 941 714 1002 είς
743 939 846 1002 τὰς
887 939 1115 999 ἐννοίας.
1167 920 1278 991 Νοῦ
1309 937 1420 1010 γὰρ
1453 931 1612 991 αῦται
1656 935 1988 1007 γεννήματα.

421 1029 538 1102 Χρὴ
570 1029 748 1082 τοίνυν
776 1029 922 1100 ἡμᾶς
955 1027 1030 1100 μὴ
1051 1028 1256 1100 γυμνὸν
1281 1029 1376 1082 καὶ
1420 1026 1751 1099 ἐψιλωμένον
1777 1026 1997 1081 ἐννοιῶν

422 1119 642 1189 ἀγαθῶν
675 1118 820 1188 ἔχειν
847 1119 940 1174 τὸν
980 1118 1126 1186 νοῦν,
1179 1119 1317 1174 ἀλλὰ
1354 1118 1586 1196 βρύοντα
1618 1117 1846 1182 ταύταις
1901 1117 1997 1171 καὶ

420 1211 674 1282 κομῶντα
694 1206 834 1281 Θεῷ.

2096 478 2358 550 quoniam
2404 477 2753 534 sacerdotum
2783 492 3002 549 quoque
3049 467 3288 547 p’rimum
3313 488 3397 533 est
3443 479 3662 535 docere.

2100 570 2472 626 israelitarum
2507 579 2693 625 autem
2719 569 3036 639 frequentes
3059 571 3567 626 castrametationes
3588 576 3683 626 tas

2098 661 2208 717 cite
2233 659 2548 731 signiﬁcant
2568 660 2889 731 frequentes
2913 659 2971 714 in
2993 661 3198 716 virtute
3223 660 3504 730 proiectus
3539 666 3666 718 novi

2097 752 2288 822 populi
2339 750 2616 818 fidelium,
2661 761 2718 807 et
2762 767 2884 822 quae
2929 751 3176 820 quotidie
3224 750 3344 806 ﬁeri
3395 753 3667 809 debebant

2099 843 2448 898 extensiones
2467 843 2534 898 ad
2557 842 2856 899 anteriora.
2880 842 2994 897 Lex
3019 857 3146 897 eum
3186 844 3496 898 nominavit
3537 860 3666 899 san—

2099 944 2275 1001 ctum,
2300 936 2395 1006 qui
2417 950 2631 991 comam
2677 950 2834 991 suam
2869 934 2981 989 Deo
3003 942 3089 989 est
3121 935 3404 1004 pollicitus
3431 936 3495 990 ".
3531 938 3665 992 Nam

2099 1028 2373 1098 accipitur
2392 1028 2618 1098 quidem
2635 1035 2801 1098 caput
2824 1042 2924 1098 pro
2962 1028 3133 1098 ﬁgura
3156 1029 3377 1095 mentis,
3399 1037 3460 1085 ut
3479 1031 3532 1084 in
3557 1047 3666 1100 quo

2099 1133 2258 1174 mens
2280 1117 2442 1189 degat
2466 1129 2524 1174 et
2543 1117 2753 1174 habitet
2772 1135 2788 1184 ;
2809 1118 2909 1188 pili
2946 1129 3128 1173 autem
3147 1133 3246 1189 pro
3267 1121 3586 1177 notionibus
3611 1131 3666 1175 ct

2100 1209 2545 1280 cogitationibus.
2563 1208 2657 1264 Eae
2701 1208 2849 1264 enim
2871 1218 3003 1263 sunt
3025 1208 3171 1264 fetus
3188 1211 3409 1266 mentis.
3439 1211 3669 1282 Oportet

417 1321 546 1378 ergo
565 1321 668 1362 nos
684 1319 795 1361 non
825 1305 1030 1360 nudam
1060 1314 1118 1360 et
1145 1321 1177 1361 ιι
1197 1305 1361 1362 bonis
1385 1304 1815 1378 cogitationibus
1832 1302 2077 1376 glabram
2098 1304 2302 1360 habere
2322 1313 2583 1369 mentem,
2609 1300 2705 1359 sed
2723 1303 2807 1358 eis
2829 1310 3130 1360 scatentem
3151 1311 3208 1359 et
3241 1304 3353 1360 Deo
3376 1314 3665 1362 comataru.

735 1443 877 1512 Περὶ
911 1442 1022 1513 τῆς
1073 1441 1306 1513 πυρῤᾶς
1344 1443 1672 1514 δαμάλεως.

502 1557 561 1610 ’0
599 1556 964 1627 καταπιπρῶν
1008 1555 1107 1627 τὴν
1149 1556 1384 1627 δάμαλιν
1421 1557 1517 1610 καὶ
1560 1555 1863 1628 ἀναμιγνὺς
1920 1557 1989 1625 τῇ

421 1647 615 1718 σποδιᾷ
635 1647 697 1700 τὸ
720 1646 961 1717 κέδρινον
983 1645 1158 1712 ξύλον,
1187 1646 1283 1699 καὶ
1318 1645 1501 1714 μέντοι
1524 1646 1620 1700 καὶ
1649 1647 1679 1700 6
1719 1644 1992 1712 συλλέγων

2635 1442 2714 1497 De
2751 1443 2875 1514 rufa
2899 1443 3146 1514 juvenca.

2166 1555 2270 1623 Qui
2294 1554 2901 1626 comburitjuvencam,
2952 1564 3167 1610 etcum
3227 1556 3418 1612 cinere
3472 1557 3669 1614 miscet

2095 1646 2306 1718 lignum
2331 1646 2640 1712 cedrinum,
2671 1653 2727 1701 et
2749 1646 3025 1715 quietiam
3049 1647 3255 1718 colligit
3276 1648 3540 1709 cinerem,
3561 1659 3666 1714 cst,

418 1738 516 1809 τὴν
555 1737 797 1802 σποδιὰν,
845 1738 1146 1809 ἀκάθαρτοι
1191 1737 1320 1808 γὰρ,
1374 1737 1558 1808 φησιν,
1599 1737 1704 1801 ἕως
1725 1737 1989 1804 ἑσπέρας,

2092 1736 2273 1807 inquit
2291 1738 2391 1801 ⁸³⁸,
2435 1735 2753 1790 immundus
2790 1751 2964 1803 usque
3010 1736 3078 1792 ad
3112 1751 3418 1806 vesperam,
3450 1740 3668 1797 etiamsi

420 1827 596 1883 καίτοι
674 1827 1090 1898 φαιδρυνόμενοι
1140 1827 1211 1880 τὰ
1258 1827 1440 1897 άμφια
1487 1826 1586 1881 καὶ
1653 1827 1990 1896 ὑπάρχοντες

419 1921 678 1992 καθαροὶ,
715 1919 1105 1989 ὑποδηλοῦντος
1121 1918 1216 1972 τοῦ
1246 1921 1410 1989 νόμου
1433 1919 1497 1972 τὸ
1519 1919 1621 1989 τῆς
1645 1917 1991 1988 ἀνθρωπείας

419 2015 632 2084 φύσεως
648 2011 893 2074 ἀσθενὲς,
929 2012 1026 2065 καὶ
1056 2011 1271 2082 ὅτιπερ,
1290 2011 1337 2064 εί
1365 2010 1609 2081 ἀκριϐῶς
1635 2009 1905 2082 ὲρευνῷτο
1922 2010 1994 2064 τὰ

420 2102 542 2158 καθ’
570 2103 742 2172 ἡμᾶς,
773 2101 948 2165 οὐδεὶς
965 2101 1074 2154 τῶν
1125 2101 1472 2172 τεταγμένων
1525 2103 1605 2165 είς
1653 2100 1992 2172 λειτουργίαν

417 2193 700 2259 παντελῶς
733 2193 1202 2266 καθαρός.·¹Ἀξιος
1236 2193 1346 2264 γὰρ
1373 2193 1549 2258 οὐδεὶς
1584 2192 1872 2262 ἀποθίγειν
1894 2191 1990 2247 τοῦ

419 2286 668 2356 Σωτῆρος
695 2283 854 2355 ἡμῶν
887 2285 1222 2356 μυστηρίωνο
1250 2285 1346 2338 καὶ
1371 2283 1556 2338 λοιπὸν
1572 2285 1622 2338 εί
1649 2284 1993 2356 συγκρίνοιτο

415 2379 485 2432 τὰ
516 2379 637 2432 καθ’
670 2378 817 2448 ἡμᾶς
846 2377 1063 2449 καθαρὰ
1109 2379 1176 2449 τῇ
1223 2376 1553 2448 καθαρότητι
1599 2373 1694 2430 τοῦ
1730 2377 1990 2450 Χριστοῦ,

416 2469 703 2541 ἀκάθαρτά
735 2469 852 2523 ἔστι
879 2470 974 2524 καὶ
1007 2467 1416 2540 μεμολυσμένα,
1455 2461 1628 2540 οῦπερ
1654 2467 1884 2521 ἐνώπιον
1907 2469 1993 2522 ού⁸

414 2557 470 2610 δὲ
501 2556 571 2610 τὰ
601 2555 778 2628 ἄστρα
819 2556 1056 2628 καθαρὰ,
1110 2558 1253 2612 κατὰ
1292 2559 1384 2613 τὸν
1431 2557 1674 2612 εἰπόντα.
1710 2556 1993 2611 Ἀπέκειτο

413 2648 470 2703 δὲ
491 2649 556 2703 τὺ
578 2647 721 2720 ὕδωρ
737 2647 832 2702 τοῦ
861 2647 1126 2719 ἁγνισμοῦ
1146 2648 1250 2715 ἔξω
1274 2653 1374 2720 τῆς
1401 2647 1759 2721 παρεμϐολῆς
1799 2648 1992 2719 δηλοῦν

413 2739 498 2792 ὅτι
535 2735 641 2802 ἐξω
665 2737 766 2806 τῆς
795 2736 904 2791 τῶν
939 2735 1207 2790 Ἰουδαίων
1241 2738 1595 2808 Συναγωγῆς,
1621 2738 1655 2807 ὴ
1677 2738 1737 2790 ὲν
1771 2734 1992 2807 Χριστῷ

414 2829 705 2900 κάθαρσις.
741 2827 1174 2900 ’Δποπεφοίτηκε
1196 2829 1306 2901 γὰρ
1336 2830 1508 2900 αὐτῆς
1535 2831 1569 2899 ἠ
1616 2829 1992 2897 ἁφαγνίζουσα

413 2922 596 2994 χάρις.
630 2940 651 2973 ι
692 2920 820 2975 Ἰδοὺ
849 2920 976 2993 γὰρ,
999 2922 1184 2990 φησιν,
1205 2920 1424 2990 ἀφίεται
1454 2921 1484 2974 6
1511 2916 1658 2984 οἶκος
1683 2919 1838 2990 ὑμῶν
1865 2919 1993 2991 ἐρη-

416 3029 538 3084 μος.
567 3030 588 3062 ι
625 3011 736 3065 Καὶ
768 3012 1030 3082 νεκρότης
1061 3011 1159 3082 μὲν
1189 3010 1458 3082 σώματος,
1497 3010 1765 3083 σύμϐολον
1785 3011 1992 3082 φθορᾶς
2018 3059 2061 3117 c

413 3103 511 3158 καὶ
540 3101 905 3172 ἀκαθαρσίας.
945 3102 1005 3156 '0
1027 3101 1086 3156 δὲ
1111 3101 1209 3155 τοῦ
1251 3101 1443 3166 ὕδατος
1481 3102 1795 3173 ῥαντισμδς,
1822 3101 1992 3166 τύπος

411 3194 507 3250 τοῦ
534 3194 690 3263 ἁγίου
717 3193 1566 3265 βαπτίσματος.](ατερῤαίνοντο
1589 3194 1648 3248 δὲ
1666 3191 1858 3266 τρίτην
1898 3193 1993 3248 καὶ

413 3287 648 3358 ἑϐδόμην
680 3286 914 3358 ἡμέραν.
945 3285 1020 3340 Τὸ
1049 3286 1158 3357 γὰρ
1199 3286 1482 3358 βάπτισμα
1515 3286 1700 3341 πίστιν
1739 3286 1856 3358 ἔχει
1891 3286 1994 3357 τῆς

411 3398 473 3435 τε
497 3381 639 3435 κατὰ
651 3381 752 3452 τὴν
779 3380 971 3453 τρίτην
991 3380 1203 3452 ἡμέραν
1230 3380 1580 3442 ἀναστάσεως
1595 3380 1689 3435 τοῦ
1717 3381 1988 3452 Σωτῆρος,

413 3469 506 3523 καὶ
539 3470 636 3540 τῆς
687 3469 826 3524 κατὰ
856 3470 958 3541 τὴν
996 3468 1307 3524 συντέλειαν
1363 3469 1460 3522 τοῦ
1511 3468 1737 3538 ἑϐδόμου
1798 3469 1991 3532 αἰῶνος

410 3560 710 3632 ἐπιδημίας
743 3561 933 3627 αὑτοῦ,
969 3560 1093 3615 καθ’
1117 3561 1184 3632 ἢν
1219 3559 1442 3632 κρίνων,
1475 3558 1746 3613 ἀποδώσει
1777 3559 1992 3628 ἑκάστῳ

411 3650 553 3704 κατὰ
577 3650 646 3704 τὰ
673 3649 810 3721 ἔργα
836 3649 1024 3705 αὐτοῦ.
1055 3651 1118 3704 Εἰ
1145 3651 1204 3704 δὲ
1235 3651 1330 3702 καὶ
1361 3645 1510 3712 οἶκος
1554 3648 1988 3718 καταμιαίνοιτο,

411 3742 568 3813 φησὶ,
622 3739 916 3806 τεθνεῶτός
962 3757 1108 3803 τινος
1152 3741 1209 3792 ὲν
1253 3738 1423 3809 αὐτῷ,
1459 3738 1757 3809 ἀκάθαρτοι
1798 3737 1897 3808 μὲν
1941 3740 1991 3792 σί

409 3834 776 3896 είσϐαίνοντες
811 3835 869 3887 ὲν
913 3825 1080 3897 αὐτῷ.
1111 3829 1372 3900 Βδελυρὸν
1399 3828 1458 3883 δὲ
1485 3828 1578 3882 καὶ
1619 3827 1832 3896 σκεῦος,
1845 3828 1991 3883 ἅπαν

409 3923 508 3978 καὶ
535 3924 759 3994 ἀγγεῖον
801 3921 863 3974 ού
898 3917 1363 3988 πεπωμασμένονο
1404 3916 1545 3988 πλὴν
1577 3916 1654 3988 τῷ
1688 3915 1840 3971 ῦδατι
1895 3917 1990 3972 τοῦ

409 4016 706 4086 ἁγνισμοῦ,
733 4011 1015 4068 καὶταῦτα
1043 4007 1416 4080 διακαθαίρειν
1441 4009 1725 4062 ἐκέλευσεν
1751 4011 1780 4062 6
1805 4010 1987 4080 νόμος.

407 4105 574 4169 Οἶκος
609 4105 708 4176 μὲν
759 4090 877 4156 οὖν’
908 4100 1305 4172 μεμιασμένος,
1341 4099 1375 4170 ὴ
1431 4100 1724 4171 Συναγωγή
1751 4100 1860 4153 τῶν
1892 4119 1991 4155 κυ-

409 4197 704 4270 ριοκτόνων
738 4190 1028 4258 Ἰουδαίων,
1062 4189 1354 4256 τεθνεῶτος
1389 4191 1449 4245 ὲν
1477 4191 1660 4256 αὐτοῖς
1688 4191 1782 4244 τοῦ
1808 4193 1990 4264 Σωτῆ-

408 4303 524 4360 ρος·
554 4287 645 4342 ὅτε
672 4285 769 4338 καὶ
799 4283 999 4354 μᾶλλον
1035 4281 1372 4353 ὲμιάνθησαν
1392 4277 1471 4352 τῷ
1498 4281 1645 4353 φόνῳ
1674 4283 1860 4336 αὐτοῦ.
1881 4284 1988 4338 Καὶ

403 4382 525 4436 ὅσοι
545 4378 603 4433 δὲ
621 4376 948 4449 προσήλυτοι
972 4373 1336 4463 εἰσϐαίνουσιν
1354 4375 1434 4438 είς
1455 4373 1647 4444 αὐτὴν,
1688 4373 1987 4447 ἀκάθαρτοι
2019 4407 2064 4463 D

401 4470 503 4527 καὶ
524 4464 671 4524 οῦτοι
703 4467 801 4520 σὺν
837 4465 998 4536 αὐτῇ.
1027 4461 1204 4536 Σκεύη
1225 4462 1282 4517 δὲ
1305 4465 1363 4517 ἐν
1387 4463 1525 4535 αὐτῇ
1556 4463 1605 4516 oi
1646 4463 1787 4518 κατὰ
1817 4465 1982 4537 μέρος

414 4560 683 4620 Ἰουδαῖοι,
706 4557 906 4624 ἀγγεῖα
941 4554 1009 4608 οὐ
1057 4553 1496 4625 πεπωμασμένα,
1531 4553 1620 4608 διὰ
1647 4553 1709 4607 τὸ
1749 4555 1980 4628 ἀφαιρε-

401 4651 564 4724 θῆναι
612 4649 710 4719 τὴν
735 4646 1034 4717 ἀσφάλειαν
1060 4643 1156 4698 τοῦ
1178 4645 1269 4698 νοῦ
1309 4645 1404 4698 καὶ
1434 4645 1534 4716 τῆς
1565 4646 1752 4718 ἀκοῆς,
1778 4649 1874 4704 καὶ
1899 4643 1979 4702 et.

397 4761 492 4798 ναι
520 4739 841 4812 προχείρους
885 4737 966 4801 είς
986 4737 1167 4790 πᾶσαν
1193 4735 1414 4790 κακίαν.
1445 4736 1782 4808 Γνωμοδοτεί
1813 4739 1912 4808 μὲν
1948 4741 1980 4793 6

411 4831 606 4902 Ἰοθὸρ,
641 4826 903 4884 ὑπακούει
943 4826 1000 4880 δὲ
1036 4828 1066 4880 ὁ
1109 4826 1334 4896 Μωσῆς,
1361 4826 1450 4879 ἵνα
1494 4825 1712 4896 γνῶμεν
1744 4826 1820 4891 ὡς
1849 4829 1878 4882 6
1917 4828 1978 4894 ἐξ

2043 1903 2046 1906 γ
2091 1828 2439 1884 vestimentis
2468 1827 2579 1883 laeti
2609 1827 2722 1882 sint
2744 1835 2802 1881 et
2833 1827 3045 1882 alacres
3068 1843 3132 1882 ac
3169 1830 3384 1894 mundi,
3432 1831 3551 1902 lege
3583 1841 3669 1888 ta-

2091 1916 2200 1972 cite
2229 1916 2556 1972 ostendente
2583 1915 3016 1972 imbecillitatem
3043 1917 3298 1974 humanaz
3339 1927 3580 1985 naturae,
3612 1932 3670 1977 et

2091 2008 2264 2078 quod,
2282 2008 2328 2064 si
2353 2022 2442 2063 res
2456 2017 2658 2062 nostra:
2674 2016 2930 2062 accurate
2947 2015 3004 2061 et
3031 2007 3236 2063 exacte‘
3252 2009 3664 2081 indagarentur,

2091 2099 2278 2155 nullus
2300 2115 2367 2154 ex
2389 2099 2458 2154 iis
2481 2099 2578 2169 qui
2616 2106 2748 2153 sunt
2793 2099 3031 2153 ordinati
3075 2100 3146 2155 ad
3183 2101 3554 2157 ministerium
3584 2112 3670 2158 est

2091 2192 2242 2246 omni
2263 2206 2329 2246 ex
2350 2199 2506 2261 parte
2529 2206 2724 2261 purus.
2761 2191 2958 2246 Nullus
2985 2201 3071 2247 est
3123 2193 3273 2248 enim
3326 2194 3526 2266 dignus
3571 2197 3666 2265 qui

2091 2289 2278 2347 tangat
2301 2288 2640 2336 sacramenta
2669 2280 2844 2334 nostri
2868 2280 3205 2338 Servatoris:
3235 2292 3292 2338 et
3325 2284 3371 2338 si
3395 2300 3518 2355 quae
3541 2294 3671 2340 sunt

2091 2372 2235 2441 apud
2260 2386 2362 2426 nos
2383 2386 2540 2440 pura,
2570 2369 2927 2425 conferantur
2973 2387 3098 2426 cum
3155 2373 3360 2429 Christi
3402 2376 3664 2444 puritate,

2091 2475 2156 2516 ea
2181 2470 2314 2516 sunt
2342 2460 2625 2516 immunda
2659 2469 2715 2516 et
2736 2462 2964 2531 polluta,
2997 2462 3052 2517 in
3077 2464 3233 2533 cujus
3277 2475 3574 2535 conspectu
3597 2482 3668 2522 ne

2090 2564 2238 2611 astra
2260 2555 2485 2625 quidem
2517 2562 2645 2609 sunt
2673 2555 2897 2621 munda,
2925 2563 2987 2609 ut
3024 2557 3292 2624 scriptum
3323 2566 3407 2612 est
3435 2558 3500 2613 “.
3556 2560 3666 2614 Rc-

2090 2649 2268 2718 posita
2293 2657 2478 2704 autem
2505 2655 2626 2702 erat
2651 2662 2795 2716 aqua
2829 2648 3160 2717 expiationis
3174 2656 3328 2704 extra
3364 2659 3564 2717 castra,
3587 2651 3666 2706 si-

2090 2738 2358 2810 gniﬁcans
2392 2737 2540 2808 quod
2587 2747 2741 2793 extra
2787 2747 2968 2794 castra
3008 2737 3303 2810 Synagoga:
3350 2741 3664 2798 Judacorum

2089 2835 2176 2882 est
2207 2829 2264 2883 in
2292 2827 2514 2884 Christo
2545 2829 2892 2900 expurgatio.
2923 2829 3006 2883 Ab
3027 2844 3092 2884 ca
3112 2831 3258 2886 enim
3289 2833 3520 2887 recessit
3543 2843 3668 2904 gra-

2091 2918 2167 2974 tia
2193 2935 2315 2990 qua:
2341 2920 2606 2974 emundat
2650 2929 2707 2974 et
2756 2920 2963 2990 expiat.
3013 2921 3191 2976 «Ecce
3235 2923 3404 2990 enim,
3461 2925 3665 2996 inquit,

2093 3011 2430 3081 relinquitur
2461 3010 2660 3066 domus
2687 3019 2872 3067 vestra
2897 3011 3119 3068 deserta
3157 3014 3222 3068 ⁸⁷.
3244 3034 3263 3067 ›
3305 3016 3375 3072 Et
3418 3019 3670 3088 corporis

2093 3101 2316 3172 quidem
2357 3102 2662 3158 mortalitas
2710 3112 2804 3158 cst-
2834 3104 3142 3176 symbolum
3191 3109 3566 3178 corruptionis
3611 3121 3671 3167 et

2095 3194 2478 3250 immunditiae.
2504 3193 2676 3264 Aquae
2707 3203 2893 3252 autem
2932 3197 3179 3268 aspersio
3202 3207 3287 3254 cst
3341 3199 3512 3270 ﬁgura
3544 3217 3671 3256 san-

2093 3286 2165 3342 eti
2199 3286 2566 3356 baptismatis.
2596 3287 3045 3358 Aspergebantur
3090 3299 3274 3346 autem
3300 3290 3390 3346 die
3421 3293 3586 3347 tertio
3611 3303 3671 3348 ct

2093 3379 2348 3449 septimo.
2374 3377 2652 3447 Baptisms
2681 3379 2830 3433 enim
2853 3379 3020 3434 habet
3044 3380 3206 3435 ﬁdem
3240 3383 3668 3440 resurrectionis

2094 3465 2408 3524 Servatoris
2433 3481 2556 3535 quas
2580 3465 2684 3521 fuit
2705 3465 2795 3520 die
2815 3466 3004 3532 tertio,
3038 3476 3094 3522 et
3114 3469 3235 3539 ejus
3277 3469 3548 3527 adventus
3570 3473 3668 3543 qui

2091 3567 2181 3616 est
2213 3558 2433 3614 iuturus
2475 3557 2532 3612 in
2593 3560 3070 3615 consummatione
3119 3561 3342 3630 septimi
3390 3564 3572 3620 saeculi
3607 3564 3667 3621 in

2091 3665 2203 3722 quo
2261 3650 2516 3722 judicans
2565 3649 2761 3704 reddet
2807 3650 3106 3721 unicuique
3149 3652 3452 3709 secundum
3497 3670 3666 3726 opera

2091 3755 2209 3798 sua.
2239 3740 2393 3808 Quod
2420 3740 2466 3796 si
2511 3740 2678 3796 etiam
2729 3739 2926 3796 domus
2952 3743 3252 3812 polluatur,
3289 3745 3476 3816 aliquo
3515 3744 3571 3801 in
3599 3761 3666 3803 ea

2091 3841 2332 3899 mortuo,
2351 3831 2620 3888 immundi
2649 3841 2781 3887 sunt
2797 3831 2966 3888 etiam
2987 3834 3084 3904 qui
3104 3850 3224 3889 eam
3254 3835 3662 3907 ingrediuntur.

2090 3923 2439 3979 Exsecranda
2466 3931 2553 3979 est
2575 3923 2744 3979 etiam
2771 3924 2954 3979 omnis
3006 3925 3255 3995 supellex
3277 3936 3336 3982 et
3374 3943 3470 3990 vas
3513 3928 3664 3999 quod

2090 4010 2336 4066 nondum
2355 4023 2440 4067 est
2465 4021 2740 4083 opertum.
2765 4011 3036 4068 Caeterum
3056 4029 3120 4068 ea
3142 4017 3538 4087 quoquejussit
3574 4018 3665 4075 lex

2090 4101 2361 4158 mundare
2382 4118 2521 4174 aqua
2538 4103 2920 4175 expiationis"
2944 4107 2981 4160 '.
3010 4104 3188 4175 Atque
3210 4105 3416 4175 polluta
3436 4107 3662 4177 quidem

2089 4193 2286 4249 domus
2307 4203 2392 4249 est
2419 4193 2695 4266 Synagoga
2718 4196 3030 4254 Judaeorum
3063 4197 3155 4266 qui
3188 4197 3476 4253 Dominum
3511 4198 3661 4253 occi-

2089 4280 2311 4348 derunt,
2339 4298 2463 4338 cum
2504 4283 2646 4339 inter
2672 4300 2770 4340 eos
2789 4294 3038 4341 mortuus
3059 4285 3664 4358 sitScrvator,quando

2087 4369 2254 4424 etiam
2285 4371 2406 4441 ejus
2434 4371 2583 4428 caede
2620 4373 2794 4445 magis
2828 4381 2956 4428 sunt
2996 4373 3210 4444 polluti.
3268 4376 3439 4431 Porro
3473 4388 3659 4433 autem

2088 4466 2362 4528 quotquot
2381 4459 2544 4514 etiam
2574 4463 2834 4532 proselyti
2860 4462 2915 4516 in
2943 4477 3065 4517 eam
3089 4463 3497 4533 ingrediuntur,
3531 4476 3662 4522 sunt

2087 4547 2125 4602 ii
2150 4564 2370 4620 quoque
2389 4564 2512 4604 cum
2532 4566 2595 4606 ea
2638 4552 2926 4608 immundi.
2976 4550 3266 4624 Suppellcx
3293 4567 3496 4623 autem,
3540 4559 3662 4612 sin-

2085 4635 2196 4707 guli
2217 4644 2346 4691 sunt
2375 4637 2570 4704 Judaei,
2600 4650 2657 4696 ct
2692 4657 2818 4696 vasa
2838 4657 2945 4697 non
2973 4652 3184 4714 operta,
3207 4657 3495 4715 pmptcrca
3512 4648 3658 4718 quod

2086 4732 2291 4788 mentis
2319 4733 2500 4790 ablata
2528 4735 2601 4790 sit
2625 4737 2899 4792 securitas
2925 4745 2983 4792 et
3026 4737 3268 4802 auditus,
3293 4747 3349 4792 et
3384 4740 3495 4795 sint
3534 4757 3660 4810 pro-

2082 4824 2239 4894 pensi
2260 4824 2327 4879 ad
2357 4840 2520 4881 omne
2559 4827 2772 4882 vitium.
2803 4828 3001 4900 Legem
3039 4831 3262 4902 quidem
3317 4831 3409 4887 dat
3441 4832 3654 4898 Jcthro,

394 4924 570 4980 ἐθνῶν
593 4920 720 4985 λαὸς
761 4918 1067 4989 σοφώτερος
1102 4915 1198 4970 τοῦ
1246 4913 1537 4972 Ἰουδαῖκοῦ
1577 4915 1708 4972 λαοῦ
1735 4918 1824 4972 διὰ
1875 4918 1978 4988 τῆς

2090 4923 2238 4988 paret
2258 4926 2441 4974 autem
2474 4918 2720 4990 Moyses:
2755 4929 2815 4976 ut
2839 4922 3081 4978 sciamus
3115 4925 3261 4994 quod
3307 4924 3541 4996 populus
3587 4941 3657 4982 ex

393 5016 635 5076 πίστεως
662 5008 874 5080 γέγονεο
923 5009 1017 5062 καὶ
1043 5007 1298 5070 πολλάκις
1330 5007 1390 5074 ἐξ
1409 5006 1579 5061 ἐθνῶν
1606 5007 1697 5061 τὸν
1727 5008 1975 5063 Ἰουδαῖον

2090 5007 2344 5078 gentibus
2364 5010 2536 5065 evasit
2561 5027 2658 5081 per
2689 5011 2852 5068 ﬁdem
2895 5014 3195 5085 sapientior
3235 5016 3437 5085 populo
3469 5017 3654 5073 Judai-

393 5104 788 5177 νομοθετήσας,
803 5100 1124 5170 πειθόμενον
1147 5098 1410 5168 λαμϐάνει
1441 5103 1560 5160 ταῖς
1585 5098 1724 5152 κατὰ
1739 5098 1974 5171 Χριστὸν

2090 5115 2166 5166 co,
2195 5110 2250 5156 et
2284 5118 2425 5172 smpe
2467 5106 2702 5174 p0pulus
2734 5120 2799 5160 ex
2833 5106 3091 5174 gentibus
3125 5109 3239 5175 lege
3310 5109 3418 5163 lata
3463 5109 3650 5166 Judrco

391 5197 656 5259 ἐντολαῖς.

2090 5194 2278 5264 accipit
2309 5211 2433 5249 eum
2463 5205 2741 5266 parentem
2765 5195 2969 5252 Christi
2993 5199 3299 5284 mandatis.
3343 5237 3374 5267 κ

467 5286 540 5339 Τὸ
581 5285 679 5357 μὲν
708 5281 800 5337 τοῦ
847 5280 1089 5344 Μωσέως
1142 5279 1434 5347 πρόσωπον
1477 5279 1662 5350 ἐπέχει
1700 5282 1969 5352 Χριστός.

2149 5286 2346 5356 Moysis
2376 5289 2598 5357 quidem
2623 5304 2914 5360 personam
2939 5279 3081 5359 gerit
3109 5292 3361 5346 Christus
3385 5309 3397 5344 :
3425 5293 3471 5347 is
3505 5297 3650 5348 enim

391 5379 692 5452 νομοθέτης
712 5375 820 5446 γάρ
865 5373 960 5427 καὶ
982 5364 1157 5435 οὗτος,
1193 5373 1286 5426 καὶ
1317 5375 1545 5445 μεσίτης
1575 5373 1670 5428 τοῦ
1704 5375 1839 5430 Θεοῦ
1877 5376 1971 5435 καὶ

2090 5378 2502 5448 :stlcgislator,
2561 5389 2615 5435 ct
2671 5364 3003 5437 intercessor
3050 5383 3145 5464 D‘ei
3204 5393 3253 5438 et
3292 5384 3652 5448 hominum”,

454 5546 502 5580 ⁸⁸
542 5545 1008 5630 Νιιιιιλξικᾷωξν
1037 5543 1201 5630 Num;
1238 5560 1348 5610 XIX,
1379 5545 1533 5600 5-10.
1609 5547 1654 5578 “
1675 5547 1891 5630 Jobxv,
1919 5549 1993 5603 l5.

2091 5547 2136 5620 ‘f
2158 5549 2333 5606 chit.
2366 5567 2443 5618 χι,
2475 5552 2664 5610 iii-40.
2743 5555 2788 5588 ⁸⁷
2822 5555 3012 5613 Matth.
3040 5573 3188 5624 χχιιι,
3219 5559 3306 5614 58.
3385 5559 3654 5630 ³⁷⁶Εςοιιο

387 5634 547 5687 ινιιι,
576 5619 664 5674 24.
738 5618 785 5649 ⁸⁸
807 5617 853 5670 il
887 5615 1033 5669 Tim.
1063 5630 1124 5679 ιι,
1157 5615 1212 5669 5.
1789 5628 1806 5634 ί

728 5710 1002 5773 Paeon.
1050 5709 1165 5771 Gn.
1193 5772 1197 5776 ,
1229 5707 1512 5771 LXXVII.
3112 5718 3186 5781 39
