4062 6202
505 228 643 282 42⁸27

1703 225 1761 284 ὃ.
1805 227 2077 282 CYlllLLl
2116 227 2201 282 ET
2239 228 2544 284 ALlURL'M

3638 239 3777 294 1228

505 346 740 401 Aaronis
790 352 971 398 autem
1022 358 1340 412 personam,
1384 342 1698 402 sacerdotes
1724 355 1781 398 et
1808 344 2090 414 pontifices

2199 345 2521 416 ἀνθρώπων·
2548 345 2689 398 τὸδὲ
2724 345 2811 399 τοῦ
2857 346 3084 416 Ἀαρὼν,
3126 349 3175 400 οἱ
3225 349 3390 419 ἱερεῖς
3437 351 3532 404 καὶ
3587 354 3780 421 ἀρχιε-

504 439 856 500 ιιιιιιῐεοωιιη
918 435 1100 488 Mariae
1179 450 1331 497 vero,
1401 435 1682 505 Synagoga
1744 437 2080 492 Iudaeorum.

504 531 640 586 Nam
665 539 721 583 et
753 527 1070 582 sacerdotes
1116 535 1171 581 et
1203 528 1440 596 populus
1471 527 1826 583 Hebraeorum
1862 546 2086 586 accusa-

505 631 636 676 runt
667 618 949 674 Christum
998 618 1350 674 Servatorem
1394 629 1666 685 nostrum,
1713 621 1860 690 quod
1908 621 2086 691 legem

503 721 650 767 esset
687 720 1083 779 transgressus,
1124 719 1180 764 et
1232 711 1377 780 quod
1413 710 1518 765 sibi
1553 712 1938 781 despondisset
1979 713 2084 767 Ec-

503 802 727 857 elesiam
761 817 828 855 ex
851 801 1111 871 gentibus
1157 817 1279 872 qua:
1309 811 1429 856 erat
1466 801 1622 872 nigra
1671 803 1916 857 tenebris
1954 820 2084 872 pec-

503 894 632 947 cati.
663 893 760 947 Est
791 892 1093 947 verisimile
1115 908 1184 946 ex
1232 908 1374 948 nuce
1398 893 1659 963 juglande
1683 893 1853 950 fuisse
1879 895 2084 964 virgam

503 983 754 1047 Aarouis,
781 983 838 1038 in
861 984 1168 1055 symbolum
1195 985 1509 1054 vigilantiae.
1535 985 1789 1040 Ieremia:
1818 986 1968 1040 enim
2003 988 2085 1039 vi-

504 1075 656 1129 denti
682 1075 894 1146 virgam
918 1091 1149 1130 nuceam
1173 1075 1307 1129 dicit
1329 1077 1503 1131 Deus:
1535 1095 1553 1126 ι
1574 1077 1714 1131 Ecce
1743 1077 1965 1147 vigilavl
1990 1093 2085 1132 su-

503 1184 604 1236 per
627 1183 914 1222 sermones
933 1168 1166 1221 mcos“.
1185 1187 1201 1217 ι
1230 1168 1497 1221 Produxit
1524 1175 1707 1222 autem
1727 1184 1918 1232 nuces,
1939 1169 2087 1238 quod

501 1267 587 1313 est
617 1259 782 1313 etiam
800 1260 1019 1330 signum
1044 1259 1263 1316 virtutis
1278 1261 1403 1325 viri,
1421 1261 1572 1318 intus
1593 1261 1848 1316 habentis
1869 1263 1922 1317 id
1940 1263 2087 1332 quod

503 1360 587 1404 est
620 1351 740 1420 ejus
777 1351 1146 1414 esculentum,
1177 1352 1232 1407 in
1258 1352 1451 1407 habitu
1474 1353 1690 1418 animae,
1727 1368 1838 1407 non
1876 1354 1932 1408 in
1961 1371 2089 1424 pro-

503 1444 732 1498 ceritate
751 1444 1020 1513 corporis.

572 1533 710 1588 Cum
734 1549 802 1588 ex
821 1533 1073 1588 universa
1116 1533 1469 1588 multitudine
1496 1534 1790 1590 duodecim
1833 1536 1946 1592 sola
1973 1535 2090 1592 bel-

503 1627 743 1680 latorum
790 1626 960 1680 millia
1005 1626 1265 1696 elegisset
1295 1625 1527 1698 Moyses,
1575 1627 1688 1681 Deo
1732 1627 1982 1698 jubente.
2024 1645 2088 1684 ea

2192 439 2306 508 ρεῖς
2337 436 2447 489 τῶν
2485 438 2752 491 Ἰουδαίων
2776 455 2789 468 ·
2822 437 2884 491 τὸ
2911 439 2967 492 δὲ
2995 440 3094 510 τῆς
3134 442 3377 512 Μαρίας,
3412 445 3445 512 ἡ
3478 445 3782 516 Συναγωγὴ

2188 531 2296 583 τῶν
2341 530 2628 586 Ἰουδαίων.
2702 532 2769 585 O't'
2812 549 2870 585 τε
2922 531 3030 604 γὰρ
3077 533 3244 604 ἱερεῖς
3293 535 3389 589 καὶ
3421 536 3447 587 5
3503 535 3631 600 λαὸς
3669 540 3792 591 τῶν,

2199 621 2464 692 Ἐϐραίων
2519 622 2903 695 κατηγόρησαν
2932 624 3026 678 τοῦ
3076 627 3330 697 Σωτῆρος
3353 627 3512 698 ἡμῶν
3536 630 3781 700 Χριστοῦ

2188 712 2497 781 παράϐασιν
2526 712 2620 766 τοῦ
2659 713 2847 782 νόμου,
2880 715 2974 769 καὶ
3013 715 3096 769 ὅτι
3136 717 3236 786 τὴν
3262 717 3322 782 ἐξ
3345 718 3515 771 ἐθνῶν
3548 720 3782 793 Ἐκκλη-

2190 801 2310 854 σίαν
2372 801 2802 870 ἐμνηστεύσατο,
2860 803 2960 874 τὴν
3021 803 3277 874 μέλαιναν
3336 807 3412 876 τῷ
3477 809 3627 878 ζόφῳ
3677 810 3782 880 τῆς

2187 893 2482 963 ἁμαρτίας.
2517 892 2676 958 Είκὺς
2704 896 2970 966 καρυῖνην
3008 893 3148 951 εἶναι
3176 898 3275 969 τὴν
3305 899 3502 969 ῥάϐδον
3537 901 3777 973 Ἀαρὼν,

2187 986 2266 1044 εἰς
2296 984 2563 1054 σύμϐολον
2586 987 2990 1056 ἐγρηγόρσεως.
3023 989 3114 1056 Τῷ
3154 990 3394 1060 Ἱερεμίᾳ
3427 991 3536 1062 γὰρ
3573 994 3781 1063 ὁρῶντι
3854 987 3857 995 ’

2191 1074 2386 1145 ῥάϐδον
2440 1076 2710 1146 καρυῖνην
2762 1077 2931 1147 φησὶν
2976 1079 3005 1130 6
3055 1077 3208 1142 Θεός·
3245 1100 3265 1130 ι
3317 1081 3452 1134 Ἰδοὺ
3494 1083 3781 1156 ὲγρήγορα

2187 1167 2280 1220 ἐπὶ
2306 1167 2433 1231 τοὺς
2456 1166 2649 1236 λόγους
2681 1186 2804 1237 μου.
2833 1188 2851 1220 ι
2873 1169 3208 1240 Ἐϐλάστησε
3236 1171 3294 1225 δὲ
3317 1173 3521 1244 κάρυα,
3546 1179 3783 1245 σημεῖον

2189 1255 2283 1308 καὶ
2308 1255 2409 1324 τῆς
2440 1255 2533 1309 τοῦ
2566 1255 2759 1327 ἀνδρὸς
2783 1258 3008 1328 ἀρετῆς,
3040 1258 3187 1311 ἔνδον
3215 1259 3429 1330 ἔχοντος
3466 1268 3528 1315 τὸ
3568 1265 3782 1336 ταύτης

2189 1342 2452 1414 ἐδώδιμον
2479 1345 2537 1398 ὲν
2563 1345 2674 1410 ἔξει
2700 1346 3014 1417 ψυχῆς,οῠκ
3043 1350 3101 1402 ἐν
3130 1348 3254 1419 ὕψει
3287 1350 3558 1422 σώματος.

2275 1520 2371 1573 Ἐκ
2413 1520 2614 1584 παντὸς
2657 1520 2898 1592 πλήθους
2940 1522 3108 1593 μόνας
3144 1522 3250 1578 δώδ
3287 1542 3356 1579 κα
3377 1527 3623 1597 χιλιάδας
3657 1533 3782 1586 ἐπι-

2191 1611 2488 1683 λεξάμενος
2541 1614 2885 1683 πολεμιστῶν
2917 1617 2946 1668 6
2983 1617 3211 1688 Μωσῆς,
3235 1617 3331 1671 τοῦ
3366 1619 3503 1673 Θεοῦ
3535 1626 3783 1692 προστά⁸

506 1715 735 1768 immisit
789 1715 846 1768 in
892 1713 1238 1777 Madianitas,
1273 1722 1329 1767 et
1359 1730 1458 1782 per
1505 1713 1644 1782 ipsa,
1685 1729 1784 1768 eos
1831 1715 1974 1768 fudit
2029 1729 2090 1768 ac

2195 1705 2405 1770 ξαντος,
2451 1706 2704 1776 ἐπαφῆκε
2754 1709 2865 1771 τοῖς
2924 1707 3302 1776 Μαδιηναίοις,
3355 1712 3450 1765 καὶ
3493 1713 3561 1766 δι’
3594 1715 3783 1769 αὕπῖιν

503 1807 982 1862 exterminavit“.
1014 1805 1273 1860 Reversis
1304 1816 1487 1860 autem
1517 1807 1604 1860 his
1627 1808 1760 1862 viris
1775 1807 2093 1862 fortissimis

503 1909 560 1953 et
603 1899 792 1952 multis
824 1897 1080 1967 captivis,
1120 1898 1285 1968 jussit
1329 1897 1412 1953 eis
1455 1908 1516 1952 ut
1567 1909 2094 1954 castrametarentur

503 2000 658 2045 extra
692 1997 874 2044 castra
907 1989 1097 2060 populi
1127 1988 1196 2043 ad
1229 1997 1441 2059 septem
1481 2006 1656 2059 usque
1679 1991 1800 2044 dies
1825 2008 1838 2043 ε
1868 1990 1970 2060 ipsi
1990 2007 2087 2044 au-

505 2091 614 2136 tem
647 2080 852 2152 expiati
915 2096 1042 2134 eum
1096 2081 1358 2135 omnibus
1405 2082 1640 2151 captivis
1699 2083 1864 2135 tertio
1899 2081 1989 2136 die
2038 2090 2094 2136 et

503 2174 740 2243 septimo
783 2172 1208 2243 ingrederentur
1235 2173 1290 2226 in
1307 2182 1508 2228 castra.
1532 2175 1662 2228 Post
1686 2173 1886 2227 Mosem
1908 2182 2092 2227 autem

503 2280 598 2320 eos
621 2273 706 2319 est
733 2264 1008 2318 allocutus
1037 2263 1132 2333 qui
1166 2272 1281 2317 tum
1309 2273 1430 2318 erat
1454 2265 1701 2333 pontifex
1727 2265 1972 2327 Eleazar,
1999 2265 2091 2334 ju-

505 2357 642 2412 bens
675 2373 773 2412 eos
815 2355 1038 2426 quidem
1081 2357 1264 2410 lavare
1315 2371 1444 2410 suas
1486 2364 1670 2410 vestes
1706 2373 1718 2407 :
1760 2357 2092 2425 captivitatis

503 2459 688 2504 autem
731 2464 928 2502 aurum
962 2447 1189 2518 quidem
1229 2456 1286 2502 et
1315 2457 1626 2518 argentum,
1657 2455 1713 2503 et
1749 2463 2091 2517 quaecunque

503 2549 634 2603 sunt
653 2540 843 2597 solidae
863 2541 1128 2606 materia,
1152 2557 1251 2611 per
1277 2541 1455 2611 ignem
1487 2541 1692 2596 ducere
1715 2558 1728 2607 ;
1756 2550 1962 2595 vestem
1988 2555 2088 2594 au-

505 2643 638 2698 tem,
691 2641 745 2686 et
795 2646 1140 2702 quascunque
1191 2640 1323 2686 sunt
1366 2631 1653 2686 imbecilla:
1687 2630 1970 2696 materiae,‘
1991 2647 2091 2701 per

503 2739 701 2793 aquam
735 2723 981 2792 expiare,
1003 2731 1058 2776 et
1083 2723 1317 2791 septimo
1339 2721 1426 2776 die
1460 2737 1580 2777 esse
1600 2721 1913 2788 mundatos,
1939 2731 1994 2777 et
2015 2723 2090 2777 ita

502 2823 682 2868 castra
724 2812 960 2882 ingredi.
999 2811 1136 2866 Vide
1174 2827 1306 2881 ergo
1345 2826 1468 2880 quae
1511 2812 1742 2882 mystice
1771 2810 2087 2882 significan-

504 2915 614 2959 tur.
651 2907 804 2974 Opus
844 2904 996 2958 enim
1029 2903 1237 2957 habent
1277 2905 1459 2973 aliqua
1496 2904 1810 2972 expiatione
1849 2902 1886 2956 ii
1911 2903 2006 2972 qui
2030 2917 2089 2957 se

503 2996 724 3050 fortiter
755 3000 1066 3063 gesserunt.
1099 2991 1289 3061 Neque
1327 2993 1476 3046 enim
1504 2992 1599 3061 qui
1630 3007 1688 3046 se
1723 2992 1941 3046 fortiter
1963 3005 2087 3061 ges-

502 3094 696 3141 serunt
722 3084 989 3138 adversus
1013 3083 1292 3136 dtemones
1317 3091 1372 3136 et
1405 3082 1537 3136 vitia
1587 3092 1716 3136 sunt
1738 3083 1963 3136 omnino
2004 3085 2088 3136 in-
2116 3061 2160 3120 (ἶ

504 3177 708 3248 culpati
731 3186 788 3232 et
819 3176 956 3230 nulli
991 3174 1180 3230 aflines
1204 3174 1641 3244 reprehensioni.
1668 3174 1803 3227 Nam
1836 3173 1982 3242 quod
2007 3182 2093 3228 est

504 3270 744 3340 perfecte
777 3277 988 3324 castum
1019 3275 1074 3322 et
1100 3267 1388 3331 mundum,
1417 3273 1759 3323 reservatum
1783 3275 1866 3320 est
1909 3267 1964 3319 in
2000 3265 2090 3319 fu—

506 3373 688 3416 turum
715 3359 1000 3414 saeculum.
1026 3357 1198 3429 Cujus
1215 3359 1523 3430 symbolum
1546 3367 1630 3412 est
1655 3357 1774 3412 dies
1798 3357 2090 3427 septimus.

503 3454 784 3523 Septimus
817 3451 1043 3522 quidem
1095 3451 1218 3505 dies
1259 3459 1345 3505 est
1385 3449 1724 3514 Sabbatum,
1771 3451 1874 3504 hoc
1905 3457 2087 3504 autem

505 3548 903 3616 interpretatur
947 3545 1175 3614 requies.
1201 3543 1394 3597 Omnis
1425 3552 1607 3596 autem
1634 3542 1974 3612 operationis
2005 3557 2090 3596 re-

502 3640 661 3710 quies
675 3646 760 3692 est
783 3637 1029 3691 futurum
1057 3636 1338 3692 smeulum.
1363 3635 1534 3690 Tertii
1566 3644 1748 3690 autem
1775 3636 2088 3706 dieiexpia-

505 3730 582 3784 tio
631 3727 899 3798 figurabat
923 3727 1378 3797 expurgationem
1418 3743 1518 3797 per
1543 3727 1824 3782 Christum
1858 3727 1975 3798 lege
2011 3729 2091 3782 la-

506 3829 636 3883 tam,
671 3821 850 3874 datam
892 3819 1058 3874 tertio
1090 3826 1337 3888 tempore
1378 3819 1613 3890 triplicis
1639 3820 1956 3876 Iudaeorum
1992 3820 2089 3876 ad-

505 3909 949 3964 ministrationis.
1007 3909 1141 3963 Nam
1185 3919 1309 3980 post
1353 3919 1570 3981 tempus
1613 3928 1824 3982 regum,
1861 3922 1917 3968 et
1965 3921 2090 3984 post

508 4010 726 4070 tempus
761 4000 1043 4071 judicum,
1093 4001 1367 4071 degebant
1403 4003 1506 4057 sub
1531 4005 1907 4074 pontificibus.
1969 4005 2088 4072 Quo

507 4100 752 4161 tempore
777 4091 1030 4146 Christus
1057 4092 1174 4162 lege
1201 4093 1488 4148 constituit
1513 4096 1965 4165 expurgationem
1993 4113 2090 4167 per

503 4199 720 4238 sacrum
757 4183 1092 4252 baptismum
1126 4185 1453 4240 faciendam.
1481 4185 1587 4241 Sed
1614 4187 1824 4256 Moyses
1865 4189 2088 4258 quidem

501 4276 831 4345 expiationis
859 4277 1035 4331 solum
1063 4287 1280 4348 tempus
1303 4279 1545 4334 ostendit
1573 4278 1640 4333 iis
1671 4281 1764 4350 qui
1789 4295 1846 4334 se
1872 4281 2090 4338 fortiter

503 4375 810 4436 gesserunt;
839 4367 1065 4422 Eleazar
1088 4376 1272 4424 autem
1295 4370 1459 4424 etiam
1488 4369 1709 4424 modum
1738 4372 2086 4441 expiationis.

2193 1797 2404 1860 πάντας
2447 1797 2866 1869 ὲξωλόθρευσεν.
2910 1799 3346 1854 Ἐπανελθόντων
3391 1803 3449 1856 δὲ
3494 1803 3607 1858 τῶν
3656 1808 3782 1876 ἀρι-

2194 1889 2364 1942 στέων
2393 1889 2620 1954 τούτων,
2657 1889 2754 1942 καὶ
2804 1890 3008 1960 πολλῆς
3053 1893 3457 1962 αἰχμαλωσίας,
3489 1896 3783 1951 ἐκέλευσεν

2191 1982 2377 2045 αὐτοῖς
2421 1983 2799 2054 παρεμϐαλεῖν
2842 1983 2948 2051 ἔξω
2973 1984 3073 2055 τῆς
3115 1985 3591 2057 παρεμϐολῆςτοῦ
3620 1989 3781 2054 λαοῦ,

2195 2072 2390 2144 μέχρις
2438 2073 2578 2126 ἑπτὰ
2624 2074 2886 2144 ἡμερῶν·
2937 2075 3291 2143 ἀγνισθέντας
3335 2077 3394 2131 δὲ
3434 2079 3633 2144 αὐτοὺς
3684 2082 3784 2135 σὺν

2193 2166 2326 2218 πᾶσι
2357 2167 2470 2229 τοῖς
2513 2165 2612 2235 τῆς
2654 2165 3054 2235 αἰχμαλωσίας,
3089 2169 3154 2237 τῇ
3187 2185 3246 2220 τε
3275 2167 3434 2240 τρίτῃ
3469 2171 3661 2243 ἡμέρᾳ
3688 2173 3785 2226 καὶ

2190 2259 2256 2327 τῇ
2305 2257 2528 2329 ἐϐδόμῃ,
2581 2256 2756 2322 οὕτως
2808 2258 3075 2312 εἰσελθεῖν
3122 2261 3203 2322 εἰς
3255 2259 3354 2330 τὴν
3403 2261 3779 2334 παρεμϐολήν.

2192 2348 2346 2401 Μετὰ
2371 2348 2427 2400 δὲ
2457 2349 2661 2402 Μωσέα
2695 2348 3120 2420 προσεφώνησεν
3166 2351 3350 2414 αὐτοῖς
3382 2352 3412 2404 6
3439 2352 3560 2405 τότε
3588 2353 3782 2425 ἀρχιτε-

2195 2439 2320 2509 ρεῦς
2366 2437 2653 2510 Ἐλεάζαρ,
2696 2440 2934 2494 κελεύων
2965 2441 3064 2510 μὲν
3097 2441 3298 2506 αὐτοὺς
3327 2441 3523 2497 πλῦναι
3546 2445 3615 2498 τά
3637 2445 3780 2498 ἑαυ-

2189 2529 2298 2582 τῶν
2353 2530 2574 2601 ἱμάτια·
2619 2534 2720 2602 τῆς
2771 2532 3150 2603 αἰχμαλωσίας
3184 2533 3239 2586 δὲ
3290 2533 3383 2589 τὸν
3417 2535 3516 2605 μὲν
3551 2538 3782 2606 χρυσὸν,

2189 2623 2284 2674 καὶ
2318 2621 2410 2674 τὸν
2445 2623 2708 2694 ἄργυρον,
2748 2624 2842 2678 καὶ
2868 2625 2969 2678 ὅσα
2995 2625 3094 2696 τῆς
3130 2627 3365 2698 στερρᾶς
3401 2625 3533 2698 ὕλης
3559 2629 3648 2682 διὰ
3674 2645 3784 2682 πυ-
3827 2661 3836 2669 -

2192 2714 2284 2784 ρος
2319 2715 2579 2783 ἀγαγεῖν·
2615 2716 2716 2786 τὴν
2753 2717 2809 2770 δὲ
2844 2716 3070 2788 ἐσθῆτα,
3110 2720 3205 2770 καὶ
3239 2720 3337 2772 ὅσα
3378 2720 3480 2790 τῆς
3513 2721 3783 2786 ἀσθενοῦς

2191 2806 2320 2876 ὕλης
2346 2806 2413 2860 δι’
2447 2806 2638 2869 ὕδατος
2662 2808 2976 2878 ὲφαγνίσαι,
3010 2809 3106 2862 καὶ
3137 2811 3204 2880 τῇ
3239 2810 3441 2882 ἑϐδόμῃ
3467 2811 3652 2883 ἡμέρᾳ
3678 2830 3786 2868 κα-

2192 2900 2538 2971 θαρισθῆναι,
2564 2901 2658 2954 καὶ
2679 2901 2852 2967 οὕτως
2878 2902 3143 2956 εἰσελθεῖν
3168 2905 3249 2967 εἰς
3275 2905 3378 2975 τὴν
3401 2906 3782 2980 παρεμϐολήν.

2197 2991 2340 3061 Ὅρα
2385 2991 2568 3046 τοίνυν
2622 2993 2690 3046 τὰ
2751 2995 3029 3064 μυστικῶς
3087 2995 3520 3068 ὑποδηλούμενα.
3556 3002 3781 3056 Δεῖνται

2198 3082 2296 3151 μὲν
2325 3083 2595 3150 ἁγνισμοῦ
2634 3101 2778 3148 τινος
2820 3085 2871 3138 οἰ
2909 3086 3370 3155 ἀριστεύσαντες·
3408 3089 3528 3143 οὐδὲ
3574 3091 3686 3163 γὰρ
3734 3096 3784 3147 οἰ

2193 3174 2338 3227 κατᾶ
2370 3175 2644 3244 δαιμόνων
2690 3176 2786 3229 καὶ
2837 3177 3028 3232 παθῶν
3063 3178 3504 3248 ἀριστεύσαντες,
3538 3183 3784 3254 ἀμώμη-

2190 3283 2271 3318 τοι
2305 3265 2604 3330 παντελῶς.
2641 3267 2714 3320 Τὸ
2747 3267 2856 3338 γάρ
2893 3267 3114 3332 τελείως
3147 3270 3312 3338 ἁγνὸν
3360 3273 3441 3335 εἰς
3474 3272 3565 3327 τὸν
3606 3274 3785 3329 αἰῶνα

2189 3359 2488 3429 τετήρηται
2548 3359 2640 3412 τὸν
2686 3360 2970 3430 μέλλοντα.
3027 3356 3102 3416 Οὕ
3173 3363 3445 3432 σύμϐολον
3487 3365 3520 3435 ή
3573 3365 3782 3437 ἑϐδόμη

2189 3451 2395 3522 ἡμέρα.
2432 3449 2666 3520 Ἑϐδόμη
2697 3452 2794 3522 μὲν
2818 3452 3004 3526 ἡμέρα
3037 3454 3099 3507 τὸ
3135 3455 3435 3510 Σάϐϐατον·
3471 3457 3784 3514 κατάπαυ-

2191 3559 2292 3608 σις·
2323 3543 2383 3596 δὲ
2432 3541 2588 3596 τοῦτο
2627 3543 3014 3613 ἑρμηνεύεται.
3061 3546 3426 3612 Κατάπαυσις
3476 3549 3532 3602 δὲ
3593 3551 3783 3622 πάσης

2193 3637 2458 3706 ἐργασίας
2495 3637 2523 3689 6
2558 3635 2772 3706 μέλλων
2805 3635 2961 3691 αίὼν.
3011 3637 3071 3689 Ὁ
3101 3636 3159 3691 δὲ
3195 3639 3294 3709 τῆς
3326 3641 3520 3712 τρίτης
3562 3642 3782 3712 ἡμέρας

2190 3727 2476 3797 ἀγνισμὸς,
2514 3727 2613 3798 τὴν
2649 3727 2740 3781 διὰ
2776 3727 3017 3799 Χριστοῦ
3068 3728 3526 3802 νομοθετηθεῖσαν
3571 3733 3782 3806 κάθαρ-

2193 3835 2276 3872 σιν
2314 3819 2613 3883 ὕπετύπου,
2652 3819 2900 3873 δοθεῖσαν
2943 3819 3083 3875 κατὰ
3116 3821 3209 3876 τὸν
3242 3823 3425 3894 τρίτον
3459 3826 3652 3898 καιρὸν
3675 3828 3782 3895 τῆς

2189 3908 2425 3978 τριπλῆς
2464 3908 2741 3972 πολιτείας
2805 3909 2914 3962 τῶν
2963 3910 3258 3967 Ἰουδαίων.
3319 3913 3475 3969 Μετά
3518 3916 3630 3986 γὰρ
3686 3917 3783 3969 τὸν

2191 3996 2380 4067 καιρὸν
2413 3997 2520 4050 τῶν
2561 3997 2847 4068 βασιλέων,
2889 3999 2984 4053 καὶ
3017 4000 3110 4055 τδν
3130 4002 3241 4056 τῶν
3273 4005 3498 4075 κριτῶν,
3534 4005 3640 4058 ὕπὸ
3667 4005 3784 4060 τῶν

2193 4090 2498 4160 ἀρχιερέων
2548 4091 2763 4162 ἤγοντο.
2801 4092 2889 4145 Ἐν
3004 4094 3182 4166 καιρῷ
3221 4094 3319 4167 τὴν
3365 4096 3454 4150 διὰ
3495 4097 3589 4150 τοῦ
3630 4098 3784 4168 ἱεροῦ

2196 4181 2575 4253 βαπτίσματος
2607 4183 2635 4235 6
2668 4183 2906 4254 Χριστὸς
2937 4185 3299 4258 ἐνομοθέτησε
3323 4189 3624 4261 κάθαρσιν·
3660 4190 3783 4243 ἀλλ’

2192 4275 2220 4326 6
2261 4275 2360 4345 μὲν
2400 4275 2608 4346 Μωσῆς
2657 4276 2753 4332 τὸν
2786 4276 2880 4331 τοῦ
2923 4278 3195 4350 ἁγνισμοῦ
3230 4280 3424 4353 καιρὸν
3461 4282 3622 4352 μόνον
3652 4283 3783 4354 ἐδή-

2193 4367 2335 4420 λωσε
2382 4371 2496 4431 τοῖς
2534 4367 2846 4438 ἀριστεῦσιν
2872 4387 2885 4401 ·
2941 4371 2968 4422 6
3002 4371 3057 4424 δὲ
3106 4371 3369 4443 Ἐλεάζαρ
3408 4373 3504 4426 καὶ
3550 4373 3643 4425 τὸν
3679 4375 3782 4428 τοῦ

503 4458 639 4512 Nam
691 4459 777 4512 lex
821 4459 1041 4528 quidem
1078 4460 1313 4516 Mosaica
1359 4461 1613 4531 praedixit
1656 4463 1834 4516 solum
1860 4472 2090 4534 tempus

2196 4459 2466 4528 ἁγνισμοῦ
2501 4460 2721 4528 τρόπον.
2774 4459 2884 4512 Καί
2917 4461 3026 4532 γὰρ
3067 4461 3094 4514 6
3134 4463 3233 4532 μὲν
3271 4463 3415 4516 κατά
3448 4463 3656 4533 Μωσῆν
3697 4467 3787 4519 νό-

501 4549 916 4619 cxpurgationis
947 4567 1047 4622 per
1060 4551 1366 4608 Christum.
1391 4552 1597 4608 Christi
1635 4562 1819 4609 autem
1843 4556 2092 4627 Evange-

503 4645 640 4701 lium
663 4644 908 4701 ostendit
945 4644 1110 4698 etiam
1151 4643 1377 4699 modum
1421 4646 1586 4718 hujus
1621 4648 1971 4719 expiationis.
1997 4647 2093 4704 At—

501 4753 610 4808 que
649 4752 749 4791 nos
773 4735 997 4806 quidem
1023 4751 1214 4791 sumus
1232 4738 1456 4807 captivi,
1487 4753 1625 4810 quos
1648 4739 1940 4796 duodecim
1993 4743 2089 4813 qui

502 4843 562 4884 se
596 4827 814 4882 fortiter
843 4835 1132 4898 gesserunt
1161 4829 1418 4896 apostoli,
1451 4837 1504 4884 et
1528 4845 1719 4885 eorum
1743 4847 2093 4888 successores

507 4927 757 4986 pastores
779 4924 834 4970 et
858 4915 1136 4978 doctores,
1163 4917 1412 4987 captivos
1441 4917 1793 4976 abduxerunt
1815 4937 1843 4975 a
1865 4920 2087 4977 diabolo

502 5018 558 5063 et
586 5008 953 5074 daemonibus,
985 5018 1040 5063 et
1065 5008 1358 5079 expiarunt
1390 5011 1513 5084 igne
1547 5013 1721 5068 sancti
1757 5013 1996 5084 Spiritus
2037 5023 2092 5069 et

504 5119 646 5172 aqua
677 5104 848 5158 divini
873 5104 1246 5175 baptismatis:
1279 5106 1710 5177 uniuscujusque
1734 5107 1956 5177 quidem
1981 5107 2090 5162 ani-

506 5208 592 5245 ma
615 5193 669 5246 in
704 5193 944 5258 solidam,
965 5204 1187 5264 accepta
1212 5197 1495 5252 materiam
1519 5206 1745 5266 propter
1771 5197 2093 5252 immortali-

507 5294 670 5366 tatem
700 5302 712 5337 :
743 5300 974 5354 corpore
1004 5296 1186 5340 autem
1218 5283 1272 5340 in
1298 5287 1650 5352 imbecillam,
1687 5297 1914 5360 propter
1936 5306 2087 5342 mor-

507 5375 791 5429 talitatem.
857 5373 1014 5434 Lotio
1071 5388 1255 5434 autem
1319 5381 1554 5435 vestium
1623 5391 1708 5436 est
1764 5385 2088 5453 przeparatio

504 5466 864 5536 purgationis,
889 5483 1010 5537 qua:
1044 5478 1128 5523 est
1156 5469 1322 5525 etiam
1367 5471 1484 5541 ipsa
1515 5472 1840 5545 expurgatio
1874 5483 2090 5530 sancto-

647 5653 694 5685 "
721 5652 922 5711 Jerem.
949 5669 986 5721 ι,
1031 5652 1120 5725 ll,
1161 5653 1246 5710 12.
1324 5657 1370 5690 ⁸ο
1399 5655 1564 5712 Num.
1591 5671 1740 5723 χχχι,
1771 5657 1796 5712 1
1827 5669 1982 5727 seqq.

2195 4567 2294 4620 μος
2329 4548 2422 4602 τὸν
2463 4549 2653 4620 καιρὸν
2699 4549 2860 4619 μόνον
2894 4551 2996 4618 τῆς
3037 4548 3126 4601 διὰ
3166 4549 3404 4617 Χριστοῦ
3453 4549 3784 4621 καθάρσεως

2192 4639 2592 4712 προηγόρευσε.
2631 4638 2703 4692 Τὸ
2739 4638 2792 4691 δὲ
2835 4640 2972 4692 κατά
3013 4639 3246 4710 Χριστὸν
3304 4641 3636 4710 Εὐαγγέλιον
3684 4643 3790 4697 καὶ

2189 4731 2283 4786 τὸν
2313 4733 2512 4804 τρόπον
2543 4733 2642 4804 τῆς
2662 4734 2918 4804 τοιαύτης
2956 4732 3277 4803 καθάρσεως
3297 4733 3663 4787 ὑποδείκνυσι.
3701 4735 3754 4787 Τ
3753 4735 3790 4790 ἀ

2189 4826 2372 4897 μέντοι
2405 4825 2506 4896 τῆς
2540 4826 2920 4896 αἰχμαλωσίας
2954 4827 3115 4897 ἡμεῖς
3151 4826 3357 4896 ἐσμεν·
3393 4824 3490 4889 οὕς
3545 4827 3596 4878 οἱ
3653 4825 3789 4897 ἀρι-

2192 4917 2518 4980 στεύσαντες
2549 4916 2757 4971 δώδεκα
2788 4917 3077 4972 ἀπόστολοι
3120 4917 3215 4971 καὶ
3239 4918 3286 4971 οἰ
3305 4916 3538 4988 διάδοχοι
3574 4916 3792 4972 τούτων

2191 5008 2451 5078 ποιμένες
2484 5007 2578 5062 καλ
2600 5007 2909 5063 διδάσκαλοι
2941 5007 3374 5079 ᾑχμαλώτευσαν
3404 5007 3513 5062 ἀπὸ
3535 5007 3630 5062 τοῦ
3662 5008 3792 5063 δια-

2193 5101 2346 5152 ϐόλου
2385 5100 2478 5153 καὶ
2511 5099 2619 5153 τῶν
2655 5100 2946 5172 δαιμόνων,
2981 5100 3076 5153 καὶ
3131 5099 3468 5171 καθήγνισαν
3507 5099 3642 5168 πυρὶ
3686 5101 3790 5154 τοῦ

2193 5194 2350 5261 ἁγίου
2383 5193 2720 5264 Πνεύματος,
2753 5194 2848 5246 καὶ
2889 5193 3044 5248 ὕδατι
3072 5193 3167 5247 τοῦ
3198 5193 3344 5246 θείου
3378 5192 3788 5264 βαπτίσματος·

2199 5287 2300 5354 τῆς
2335 5287 2432 5356 μὲν
2483 5286 2714 5339 ἑκάστου
2745 5284 2922 5356 ψυχῆς
2952 5287 3030 5351 εἰς
3065 5287 3164 5357 τὴν
3190 5285 3428 5358 στερρἀ
3464 5285 3598 5353 ὕλην
3633 5283 3706 5336 λα
3723 5304 3792 5356 μ-

2196 5379 2499 5450 ϐανομένης
2547 5380 2636 5433 διὰ
2685 5380 2784 5450 τὴν
2821 5381 3151 5434 ἀθανασίαν·
3182 5381 3277 5434 τοῦ
3320 5381 3376 5432 δὲ
3418 5379 3673 5448 σώματος
3706 5380 3792 5439 εἰς

2195 5473 2296 5545 τὴν
2331 5474 2529 5546 ἀσθενῆ
2561 5474 2646 5528 διὰ
2678 5475 2736 5527 τὸ
2778 5474 2987 5548 θνητόν.
3023 5475 3227 5539 Πλύσις
3256 5473 3313 5528 δὲ
3344 5471 3452 5528 τῶν
3480 5470 3722 5544 ἱματίων
3753 5471 3790 5540 ἡ
3877 5463 3885 5474 ”
