4062 6202
456 274 596 333 1229

1814 251 2331 331 COLLECTANEA.

3541 272 3677 332 1930

443 393 763 466 παρασκευὴ
793 392 894 464 τῆς
923 392 1264 464 καθάρσεως,
1291 392 1325 464 ἦ
1367 392 1461 449 καὶ⁵
1490 389 1632 464 αὑτὴ
1668 391 1703 464 ἡ
1734 389 2004 461 κάθαρσις

2113 404 2248 445 rum.
2284 389 2328 445 li
2352 389 2503 447 enim
2550 398 2681 446 sunt
2713 390 3039 446 vestimenta
3077 388 3302 457 Christi,
3349 393 3489 460 quos
3537 405 3674 459 quo-

441 483 551 537 τῶν
584 483 773 552 ἁγίων.
807 476 963 538 Οὗτοι
1005 483 1113 554 γάρ
1155 483 1346 554 ἱμάτια
1412 484 1554 538 κατὰ
1608 481 1874 553 Χριστὸν,
1917 479 2012 543 οὓς

443 572 642 644 τρόπον
673 580 794 625 τινα
822 571 1228 642 περιϐάλλεται,
1259 573 1484 627 ἐνοικῶν
1522 574 1730 637 αὐτοῖς.

513 662 634 715 Τῶν
691 660 947 733 λαφύρων
997 663 1094 731 τῆς
1156 663 1547 734 αίχμαλώσεως
1584 661 2013 733 διανεμηθέντων

448 754 530 815 είς
560 769 619 804 τε
644 753 771 816 τοὺς
796 754 1035 824 ἀριστεῖς
1057 754 1150 807 vat
1169 755 1247 817 είς
1263 753 1361 824 τὴν
1384 754 1549 824 ἄλλην
1574 751 1892 823 συναγωγὴν
1917 749 2012 805 τοῦ

444 841 592 907 λαοῦ,
625 842 957 912 προσέταξεν
974 847 1003 897 ὁ
1032 845 1164 906 Θεὸς
1197 840 1498 896 ἁποδιελεῖν
1524 840 1601 912 τῷ
1625 840 1743 910 Θεῷ
1777 839 1873 894 καὶ
1896 841 2012 902 τοῖς

442 931 705 995 Λευῖταις
733 933 924 1003 μοίρας
951 933 1060 987 ἀπὸ
1085 934 1184 1002 τῆς
1207 932 1604 1005 αἰχμαλωσίας,
1634 931 1771 984 ἔκτε
1802 926 2013 1000 ἀνθρώο

441 1040 597 1085 πων,
658 1023 751 1077 καὶ
782 1025 849 1077 ἐκ
903 1023 1279 1095 τετραπόδων·
1342 1025 1436 1078 καὶ
1477 1023 1601 1086 τοὺς
1631 1021 1729 1092 μὲν
1771 1021 2013 1091 ἀριστεῖς

441 1115 814 1183 προσαγαγεῖν
852 1112 931 1183 τῷ
983 1112 1125 1185 Θεῷ,
1159 1116 1225 1168 ἐκ
1271 1112 1643 1168 πεντακοσίων
1675 1112 1762 1165 ἐν’
1814 1111 1906 1165 τὸν
1954 1109 2011 1164 δὲ

442 1199 627 1254 λοιπὸν
650 1199 778 1254 λαὸν
804 1203 1170 1271 προσαγαγεῖν
1189 1203 1301 1267 τοῖς
1320 1203 1596 1267 Λευΐταις,
1615 1205 1679 1254 ὲκ
1712 1201 2009 1270 πεντήκονο

441 1309 510 1345 τα
542 1291 622 1347 ἓν.
658 1293 721 1345 Oi
754 1293 852 1364 μὲν
884 1292 992 1364 γὰρ
1018 1293 1174 1361 ὀλίγα
1200 1292 1416 1362 ἔχοντες
1428 1294 1822 1366 ἁμαρτήματα,
1854 1293 2010 1361 ὀλίγα

441 1381 761 1451 ὀφείλουσιν.
794 1383 933 1436 οἱ.δέ
967 1381 1205 1437 πλείοσιν
1230 1383 1523 1438 ὑπεύθυνοι
1551 1384 2007 1456 πλημμελήμασι,

443 1474 661 1537 πάντως
693 1473 929 1527 πλείονα.
965 1474 1159 1528 Καίτοι
1199 1476 1259 1530 ἐν
1292 1478 1361 1547 τῇ
1403 1476 1631 1547 διανομῇ
1659 1477 1708 1530 οἱ
1755 1476 1852 1546 μὲν
1885 1476 2009 1546 ἁρι-

443 1568 590 1628 στεῖς
622 1565 794 1633 μόνοι,
813 1565 877 1618 τδ
906 1566 1077 1635 ἥμισυ
1110 1565 1208 1635 τῆς
1239 1565 1369 1638 ὅλης
1390 1567 1766 1637 αἰχμαλωσίας
1793 1565 2005 1620 ἔλαϐον

444 1658 478 1726 ἡ
514 1656 571 1709 δὲ
606 1655 743 1726 άλλη
780 1655 1073 1724 συναγωγὴ
1104 1656 1277 1720 πᾶσα,
1304 1656 1364 1709 τὸ
1395 1656 1588 1727 ἡμισυ.
1625 1651 1749 1720 Τοῖς
1778 1657 1887 1726 γὰρ
1915 1658 2007 1709 εὐ-

2112 478 2406 536 dammodo
2425 478 2624 547 induit,
2653 481 2708 536 in
2734 480 2866 549 ipsis
2889 479 3221 535 inhabitans.

2179 658 2528 729 Captivitatis
2551 659 2740 730 spoliis
2759 659 2949 716 divisis
2970 660 3113 715 inter
3138 675 3234 716 eos
3256 659 3348 729 qui
3382 674 3441 715 se
3460 659 3678 717 fortiter

2110 760 2400 827 gesserunt
2426 758 2485 806 et
2504 751 2647 805 inter
2681 750 2849 805 alium
2887 751 3074 821 populi
3098 756 3321 815 emtum,
3344 750 3508 821 jussit
3534 749 3680 808 Deus

2111 842 2359 899 dividere
2392 843 2504 899 D‘eo
2524 853 2582 900 et
2602 843 2814 900 Levitis
2850 853 3063 915 partem
3105 859 3174 899 ex
3206 844 3543 914 captivitate,
3566 854 3677 902 tam

2109 948 2179 988 ex
2200 933 2536 998 hominibus,
2558 948 2721 1004 quam
2740 948 2809 988 ex
2840 933 3307 1004 quadrupedibus,
3345 940 3401 989 et
3434 948 3531 989 eos
3557 936 3677 1004 qui-

2111 1021 2237 1077 dem
2260 1022 2354 1091 qui
2387 1036 2446 1077 se
2474 1022 2690 1077 fortiter
2706 1031 2991 1093 gesserant
3021 1022 3134 1077 Deo
3162 1021 3387 1087 offerre,
3411 1035 3480 1075 ex
3511 1022 3675 1091 quin-

2111 1112 2290 1183 gentis
2340 1112 2564 1182 quidem
2613 1127 2784 1167 unum
2819 1112 3132 1182 :reliquum
3184 1119 3366 1167 autem
3415 1113 3676 1182 populum

2109 1201 2310 1256 offerre
2352 1201 2582 1267 Levitis,
2611 1217 2681 1256 ex
2715 1201 3111 1271 quinquaginta
3154 1216 3345 1254 unum.
3385 1202 3520 1256 Nam
3578 1205 3675 1273 qui

2110 1306 2284 1362 pauca
2306 1291 2530 1361 quidem
2575 1292 2779 1347 habent
2817 1297 3061 1361 peccata,
3104 1304 3275 1360 pauca
3311 1289 3533 1344 debent.
3571 1291 3674 1358 Qui

2107 1388 2236 1436 sunt
2258 1390 2443 1436 autem
2468 1380 2718 1450 pluribus
2753 1379 2968 1435 delictis
3004 1378 3248 1445 obnoxii,
3290 1379 3453 1449 plane
3492 1381 3667 1449 plura.

2108 1473 2271 1547 Atqui
2298 1474 2354 1527 in
2376 1472 2782 1537 distributione,
2810 1472 2912 1526 viri
2942 1471 3162 1541 quidem
3185 1470 3355 1526 fortes
3377 1472 3477 1525 soli
3510 1487 3669 1528 acce-

2108 1573 2309 1635 perunt
2328 1564 2615 1619 dimidium
2651 1564 2898 1619 omnium
2926 1562 3300 1633 captivorum,
3327 1562 3468 1617 alius
3490 1572 3674 1619 autem

2111 1654 2403 1709 universus
2417 1653 2603 1724 populi
2627 1663 2823 1718 cretus,
2846 1652 3158 1708 dimidium.
3177 1652 3313 1707 Nam
3344 1652 3676 1721 probatiori-

444 1718 828 1818 δοκιμωτέροις
887 1718 1111 1801 πλείονα
1166 1718 1483 1818 χαρίσματα
1537 1718 1750 1800 δίδωσιν

2113 1742 2216 1797 bus
2242 1718 2468 1811 quidem
2490 1718 2646 1796 heus
2678 1741 2772 1797 dat
2823 1741 2983 1812 plura
3017 1718 3368 1796 charismata:
3413 1741 3520 1796 Sed
3569 1742 3675 1796 viri

457 1836 594 1890 Ἀλλ’
627 1837 677 1889 οί
713 1835 814 1907 μὲν
847 1835 1086 1907 ἀριστεῖς
1106 1834 1184 1904 τῷ
1212 1835 1333 1906 Θεῷ
1366 1836 1699 1906 προσάγουσι
1732 1836 1794 1890 τὸ
1826 1836 2006 1907 λάχος’

444 1930 481 1997 ἠ
535 1926 595 1981 δὲ
641 1926 802 1998 λοιπὴ
849 1926 1137 1998 συναγωγὴ
1178 1929 1290 1990 τοῖς
1333 1927 1617 1994 Δευῖταις,
1664 1927 1740 1992 ὡς
1775 1929 2009 2001 είρηται.

446 2019 555 2071 Καὶ
604 2018 713 2088 γὰρ
763 2019 813 2070 oi
865 2018 962 2088 μὲν
995 2016 1416 2089 εύδοκιμώτεροι
1465 2019 1687 2089 ἁμέσως
1736 2036 2012 2091 καρποφο-

448 2105 601 2179 ροῦσι
632 2105 710 2178 τῷ
744 2105 862 2177 Θεῷ
910 2106 979 2160 τὰ
1013 2106 1220 2161 ἑαυτῶν
1256 2106 1684 2179 κατορθώματα·
1718 2110 1768 2162 οἱ
1801 2109 1859 2163 δὲ
1895 2108 2013 2179 μετ’

446 2197 686 2260 ἐκείνους
739 2195 1035 2268 εὐδόκιμοι,
1082 2196 1169 2250 διὰ
1223 2196 1404 2266 μέσων
1473 2197 1581 2251 τῶν
1641 2197 2013 2268 ἀνακειμένων

446 2286 564 2358 Θεῷ
609 2286 780 2356 ἁγίων
831 2286 1200 2359 δωροφοροῦσι
1236 2286 1375 2358 Θεῷ,
1410 2290 1525 2352 τοῖς
1562 2288 2013 2361 προσεδρεύουσιν

445 2377 594 2451 αὐτῷ
647 2377 719 2432 τὰ
771 2378 910 2450 πρὸς
967 2378 1064 2451 τὴν
1129 2379 1319 2452 χρείαν
1380 2382 1731 2451 παρέχοντες,
1768 2380 1862 2434 καὶ
1895 2384 2014 2446 ταῖς

447 2469 629 2538 ἁγίαις
672 2468 1018 2538 Ἐκκλησίαις
1048 2470 1484 2542 ἐπικουροῦντες.
1531 2471 1690 2526 Ἀλλὰ
1720 2470 1890 2525 ταῦτα
1917 2471 2016 2543 μὲν

449 2565 512 2616 ἐκ
543 2562 690 2616 θείου
736 2562 1179 2634 προστάγματος.
1204 2562 1428 2617 Οίκοθεν
1461 2563 1517 2617 δὲ
1551 2565 1646 2618 καὶ
1678 2565 1772 2634 ἀφ’
1807 2564 2015 2617 ἑαυτῶν

449 2657 498 2708 oi
531 2655 641 2709 τῶν
674 2655 937 2725 ἀριστέων
980 2654 1349 2725 ἀφηγούμενοι
1382 2656 1729 2727 προσήγαγον
1784 2654 1863 2726 τῷ
1897 2654 2016 2724 Θεῷ

448 2746 683 2817 χρυσοῦς
733 2746 980 2817 χλιδὸνας
1027 2747 1125 2802 καὶ
1178 2748 1388 2818 ψέλλια,
1446 2750 1542 2803 καὶ
1597 2749 1882 2813 δακτύλια,
1916 2749 2016 2802 καὶ

452 2834 751 2905 περιδέξια,
794 2837 890 2888 καὶ
935 2835 1226 2906 ἐμπλόκια.
1264 2838 1329 2890 υί
1363 2837 1470 2906 γὰρ
1538 2836 1597 2889 ἐν
1630 2836 1852 2907 Χριστῷ
1885 2835 2017 2889 καθ-

448 2926 740 2997 ηγούμενοι
770 2927 866 2981 τοῦ
899 2926 1031 2983 λαοῦ
1090 2927 1187 2982 καὶ
1245 2927 1573 3000 προύχοντες
1632 2926 2016 2999 ὑπερϐαίνουσι

2111 1834 2334 1904 quidem
2359 1833 2529 1888 fortes
2557 1833 2670 1889 Deo
2690 1842 2893 1889 sortem
2913 1832 3153 1889 oderunt
3181 1849 3195 1885 :
3226 1832 3471 1902 reliquus
3492 1840 3677 1887 autem

2110 1926 2299 1996 populi
2322 1935 2517 1989 cretus,
2546 1926 2771 1991 Levitis,
2809 1934 2870 1980 ut
2900 1925 3106 1980 dictum
3131 1932 3235 1979 est.
3258 1922 3395 1977 Nam
3418 1922 3513 1992 qui
3549 1932 3679 1978 sunt

2110 2016 2331 2085 quidem
2349 2016 2710 2086 probatiores,
2735 2014 2872 2070 citra
2892 2013 3131 2069 medium
3149 2013 3261 2068 Deo
3287 2010 3527 2067 oﬂ‘erunt
3558 2027 3679 2082 qua:

2110 2124 2143 2164 a
2167 2123 2227 2163 se
2251 2116 2400 2163 recte
2419 2107 2562 2162 facta
2579 2116 2728 2162 sunt.
2756 2106 2859 2172 Qui
2881 2115 3005 2176 post
3033 2106 3156 2161 illos
3186 2112 3370 2160 autem
3394 2111 3523 2159 sunt
3551 2119 3679 2174 pro-

2112 2199 2250 2265 bati,
2298 2214 2399 2268 per
2420 2213 2517 2253 eos
2537 2197 2894 2252 intermedios
2914 2206 3133 2251 sanctos
3157 2194 3253 2265 qui
3279 2195 3391 2249 Deo
3422 2190 3553 2249 sunt
3578 2193 3679 2249 de-

2112 2289 2303 2352 dicati,
2330 2289 2443 2343 Deo
2471 2287 2615 2342 dona
2645 2287 2904 2351 olferunt,
2932 2286 3000 2341 iis
3026 2284 3120 2355 qui
3140 2284 3242 2355 ipsi
3268 2285 3514 2340 assident
3532 2300 3675 2354 prae-

2113 2382 2310 2437 bentes
2337 2395 2404 2436 ea
2425 2395 2549 2450 qua:
2574 2388 2706 2435 sunt
2731 2379 2876 2446 usui,
2901 2386 2959 2434 et
2994 2378 3202 2434 sanctis
3236 2391 3398 2446 opem
3439 2376 3679 2433 ferentes

2113 2471 2395 2537 Eeciesiis.
2425 2470 2531 2528 Sed
2563 2471 2680 2527 haec
2704 2470 2925 2541 quidem
2957 2484 3026 2524 ex
3056 2468 3153 2524 Dei
3175 2476 3467 2538 praecepto.
3495 2468 3539 2523 E
3575 2468 3677 2523 do-

2114 2580 2204 2619 mo
2241 2571 2427 2618 autem
2456 2576 2556 2616 sua
2580 2569 2638 2616 et
2671 2575 2703 2614 a
2731 2559 2948 2629 seipsis,
2969 2558 3214 2612 virorum
3252 2556 3477 2620 fortium
3510 2557 3680 2613 duces

2114 2655 2226 2710 Deo
2257 2653 2577 2709 obtulerunt
2612 2650 2876 2715 armillas,
2922 2657 3165 2718 torques,
3204 2647 3449 2714 monilia,
3498 2663 3677 2703 annu-

2114 2746 2218 2811 los,
2265 2752 2324 2800 et
2362 2742 2679 2799 brachialia.
2711 2740 2847 2795 Nam
2880 2739 2975 2809 qui
2999 2739 3057 2793 in
3080 2738 3297 2794 Christo
3333 2748 3463 2795 sunt
3489 2740 3678 2811 populi

2115 2834 2290 2890 duces
2321 2841 2379 2890 et
2423 2826 2705 2904 praesides,
2750 2829 2807 2889 in
2843 2838 2990 2891 recte
3036 2833 3197 2891 factis
3243 2850 3390 2908 saepe
3419 2840 3682 2908 superant

2115 2932 2388 2995 praecepta
2402 2924 2737 2996 evangeliea,
2757 2920 2820 2979 ut
2840 2926 2933 2995 qui
2962 2940 3031 2981 ex
3054 2942 3111 2982 se
3136 2936 3429 2983 exerceant
3452 2928 3679 3000 virgini-

452 3015 710 3079 πολλάκις
742 3016 839 3080 τὰς
876 3015 1237 3085 εὐαγγελικὰς
1278 3015 1496 3080 ἐντολὰς
1533 3016 1613 3079 είς
1651 3015 2012 3086 κατορθώμα-

2118 3023 2282 3070 tatem
2309 3030 2431 3085 quae
2461 3030 2572 3070 non
2591 3023 2677 3070 est
2714 3017 2833 3086 lege
2855 3016 3095 3084 decreta,
3118 3027 3175 3073 et
3209 3018 3315 3074 alia
3345 3019 3677 3091 hujusmodi.

450 3124 536 3173 τα,
573 3107 867 3181 παρθενίαν
907 3107 1117 3161 οῖκοθεν
1164 3107 1574 3178 ἐπιτηδεύοντες
1636 3106 1733 3178 τὴν
1767 3106 1842 3177 μὴ
1876 3122 2018 3160 νενο-

455 3197 849 3269 μοθετημένην,
884 3199 979 3253 καὶ
1011 3199 1144 3253 ἄλλα
1175 3200 1417 3254 τοιαῦτα.
1450 3199 1561 3254 Καὶ
1608 3199 1715 3270 γὰρ
1750 3198 1844 3251 καὶ
1879 3198 2016 3251 Παῦ-

451 3287 541 3351 λος
572 3287 881 3352 κελευσθεὶς
911 3289 1021 3344 ἀπὸ
1049 3289 1143 3344 τοῦ
1184 3290 1518 3359 Εὐαγγελίου
1549 3288 1863 3360 τρέφεσθαι,
1896 3290 2020 3351 ταῖς

454 3379 609 3441 ιδίαις
660 3378 919 3450 ἐτρέφετο
969 3381 1139 3451 χερσί.
1176 3381 1275 3437 Διά
1315 3382 1371 3435 δὲ
1403 3381 1511 3435 τῶν
1549 3380 2019 3452 ἀπηριθμημένων

456 3467 671 3539 χρυσῶν
706 3469 936 3534 σκευῶν,
971 3469 1041 3524 τὰ
1073 3471 1303 3543 διάφορα
1360 3472 1460 3542 τῆς
1514 3469 1703 3539 τιμίας
1737 3466 1833 3521 καὶ
1881 3466 2017 3536 λαμ-

452 3560 726 3631 προτάτης
781 3562 980 3632 ἀρετῆς
1028 3560 1142 3631 εἴδη
1205 3560 1656 3630 ὑποσημαίνεται.
1723 3556 1909 3612 Ταῦτα
1961 3557 2018 3610 δέ

455 3649 633 3704 πάντα
665 3652 744 3713 είς
767 3651 866 3721 τὴν
903 3649 1221 3721 σκηνὴντοῦ
1258 3648 1394 3702 Θεοῦ
1430 3649 1782 3720 εἰσήχθησαν,
1824 3648 2013 3719 φησὶν,

454 3743 534 3804 εις
587 3742 928 3813 μνημόσυνον
979 3741 1181 3796 αὐτῶν.
1218 3740 1301 3793 Τά
1336 3739 1446 3811 γὰρ
1479 3739 1702 3793 τοιαῦτα
1742 3738 2018 3811 κατορθώ-

459 3847 606 3902 ματα
651 3833 760 3887 τῶν
800 3833 972 3901 ἁγίων
1028 3833 1095 3902 τῇ
1140 3830 1437 3900 Ἐκκλησία
1472 3827 1891 3900 θησαυρίζονται
1924 3827 2020 3881 κό-

457 3945 613 3999 σμος,
650 3925 730 3987 είς
774 3920 1116 3993 μνημόσυνον
1163 3918 1271 3972 τῶν
1321 3917 1798 3989 κατορθωσάντων.
1860 3917 2020 3971 Ἀλλά

458 4021 553 4073 καὶ
609 4017 701 4069 ὅτε
756 4015 791 4085 ἡ
828 4010 1004 4081 σκηνὴ
1057 4010 1320 4082 πρότερον
1357 4007 1808 4075 κατεσκευάζετο,
1847 4025 2018 4081 προσ-

460 4104 613 4169 έταξε
651 4102 748 4172 μὲν
766 4101 794 4152 ὁ
824 4099 956 4161 Θεὸς
982 4097 1413 4169 ἐπισκοπηθῆναι
1441 4097 1532 4152 τὸν
1558 4098 1686 4152 λαόν
1704 4113 1720 4129 °
1739 4098 1833 4153 καὶ
1852 4116 2020 4171 προσ.

459 4194 688 4263 αγαγεῖν
755 4190 983 4243 ἕκαστον
1015 4190 1217 4261 ἄρσενα
1248 4187 1324 4256 τῷ
1366 4188 1505 4260 Θεῷ,
1536 4189 1645 4243 ἀπὸ
1677 4191 2019 4255 είκοσαετοῦς

460 4284 556 4362 και
582 4282 763 4337 ἐπάνω
788 4282 850 4335 τὸ
874 4282 1046 4352 ἣμισυ
1086 4280 1180 4333 τοῦ
1210 4278 1526 4351 διδράχμου.
1552 4282 1615 4334 Οί
1659 4281 1717 4335 δὲ
1760 4282 2020 4354 ἄρχοντες

2116 3105 2316 3158 Paulus
2340 3103 2488 3158 enim
2512 3103 2700 3173 jussus
2734 3105 2806 3159 ali
2828 3121 2896 3161 ex
2933 3102 3265 3178 Evangelio,
3298 3110 3535 3180 propriis
3571 3110 3682 3166 ale-

2116 3195 2278 3250 batur
2302 3196 2573 3250 manibus.
2607 3196 2711 3251 Per
2749 3207 3068 3253 enumerata
3100 3209 3283 3255 autem
3324 3216 3447 3256 vasa
3492 3217 3680 3269 aurea,

2113 3288 2490 3359 significantur
2521 3289 2737 3344 diversa
2760 3304 2958 3359 genera
2982 3292 3302 3347 veneranda‘
3334 3303 3387 3346 et
3413 3295 3684 3362 praeclarae

2116 3378 2353 3434 virtutis.
2377 3379 2502 3434 Haec
2524 3387 2705 3434 autem
2740 3380 2943 3443 omnia,
2970 3380 3168 3452 inquit,
3207 3391 3336 3435 sunt
3372 3383 3680 3439 introducta

2117 3471 2171 3524 in
2204 3470 2301 3523 Dei
2330 3469 2677 3524 tabernacula
2704 3469 2770 3523 ad
2794 3484 2987 3524 eorum
3015 3471 3410 3526 monimentum
3428 3474 3492 3527 θ’.
3519 3474 3678 3546 Ejus-

2118 3561 2265 3615 modi
2301 3559 2447 3614 enim
2489 3568 2639 3615 recte
2676 3559 2819 3614 facta
2855 3569 3170 3615 sanctorum
3221 3561 3391 3618 instar
3436 3565 3679 3621 thesauri

2117 3650 2493 3706 reconduntur
2532 3658 2916 3705 ornamentum
2962 3650 3239 3718 Ecclesire,
3278 3652 3344 3707 ad
3375 3655 3680 3709 monimeno

2118 3752 2233 3797 tum
2267 3757 2459 3798 eorum
2481 3742 2656 3813 quise
2680 3750 2829 3797 recte
2869 3752 3179 3813 gesserunt.
3221 3742 3328 3798 Sed
3363 3753 3418 3799 et
3461 3746 3681 3814 quando

2118 3831 2529 3887 tabernaculum
2568 3830 2722 3901 prius
2758 3831 3217 3896 constituebatur,
3256 3833 3419 3902 jussit
3460 3834 3678 3904 quidem

2116 3925 2263 3980 Deus
2292 3921 2505 3978 visitari
2531 3936 2597 3977 ac
2622 3922 2896 3999 recenseri
2928 3922 3217 3991 populum:
3245 3930 3301 3977 et
3325 3940 3680 3994 unumquem-

2118 4030 2224 4085 que
2266 4013 2569 4070 masculum
2612 4011 2810 4068 oﬂ’crre
2839 4012 2951 4067 Deo
2979 4026 3010 4066 a
3037 4011 3231 4083 viginti
3268 4027 3441 4068 annos
3473 4024 3601 4070 nato
3625 4024 3681 4069 et

2116 4121 2281 4177 supra
2306 4105 2594 4160 dimidium
2609 4102 2937 4159 didrachmi.
2965 4103 3243 4175 Principes
3264 4112 3445 4160 autem
3469 4120 3498 4160 e
3518 4105 3680 4161 domo

2116 4205 2217 4251 eta
2243 4211 2299 4251 se
2325 4195 2627 4251 oﬂ‘erebant
2646 4194 3158 4266 pretiososlapides,
3182 4206 3237 4250 et
3258 4195 3436 4251 olcUm
3467 4197 3682 4252 unctio—

2117 4288 2226 4353 nis,
2254 4296 2311 4343 et
2333 4287 2788 4358 compositionem
2819 4286 3206 4358 thymiamatis.
3247 4286 3423 4356 Atque
3471 4287 3682 4356 lapides

460 4373 669 4429 οἴκοθεν
715 4373 811 4430 καὶ
857 4372 952 4441 ἀφ’
979 4371 1188 4425 ἑαυτῶν
1236 4371 1584 4441 προσήγαγον
1632 4373 1759 4435 τοὺς
1807 4373 2015 4444 τιμίους

2121 4379 2346 4450 quidem
2389 4378 2552 4434 electi
2601 4386 2730 4433 sunt
2771 4378 2878 4449 ipsi
2917 4377 3079 4433 electi
3109 4377 3278 4433 duces
3308 4377 3679 4433 Eeclesiarum

456 4464 659 4531 λίθους,
700 4462 793 4518 καὶ
829 4463 891 4516 τὸ
932 4462 1107 4517 ἔλαιον
1143 4463 1241 4534 τῆς
1263 4462 1515 4535 χρίσεως,
1548 4463 1644 4517 καὶ
1673 4464 1774 4537 τὴν
1800 4463 1896 4517 τοῦ
1922 4464 2017 4519 θυ-

465 4554 733 4626 μιάματος
781 4551 1048 4606 σύνθεσιν.
1080 4552 1234 4606 Δίθοι
1274 4552 1372 4623 μὲν
1416 4548 1510 4605 οὖν
1546 4550 1739 4622 τίμιοι,
1771 4552 1925 4606 αὐτοὶ
1967 4554 2017 4607 oi

460 4644 705 4699 ἐκλεκτοὶ
720 4642 1113 4714 καθηγούμενοι
1144 4642 1254 4696 τῶν
1279 4642 1616 4712 Ἐκκλησιῶν
1641 4642 1737 4696 τοῦ
1755 4645 2015 4715 Χριστοῦ,

458 4737 548 4790 διὰ
573 4735 633 4790 τὸ
664 4735 888 4808 στερρὸν
923 4734 1018 4789 καὶ
1066 4734 1303 4806 καθαρὸν
1340 4735 1432 4788 καὶ
1460 4733 1711 4806 λαμπρὸν
1738 4737 1834 4789 καὶ
1879 4737 2017 4807 πρὸς

458 4822 584 4886 τοὺς
610 4821 803 4885 ἄλλους
832 4818 1233 4892 διαφορώτατον
1256 4837 1270 4852 ’
1296 4822 1425 4892 περὶ
1446 4816 1520 4876 ὧν
1543 4823 1754 4894 εἴρηται
1782 4823 1861 4893 τῷ
1883 4841 2017 4895 προ-

460 4911 625 4984 φήτῃ,
661 4912 744 4964 ὅτι
785 4929 805 4963 ι
835 4911 987 4965 Λίθοι
1041 4911 1315 4965 κυλίονται
1364 4912 1458 4965 ἐπὶ
1503 4912 1604 4982 τῆς
1648 4916 1772 4985 γῆς.
1801 4933 1821 4965 ι
1861 4916 1923 4968 Οί
1972 4915 2017 4969 δ’

457 5000 609 5054 αύτοί
638 5001 731 5053 καὶ
746 5000 921 5054 ἔλαιον
950 5000 1229 5070 βασιλικόν
1247 5019 1305 5054 τε
1336 5003 1427 5055 καὶ
1459 5004 1749 5074 ἱερατικὸν,
1771 5005 1833 5058 ού
1863 5006 2019 5073 μόνον

460 5089 675 5160 κύοντες
710 5090 775 5163 [f.
808 5090 1074 5164 χρίοντες]
1119 5091 1358 5160 βασιλεῖς
1393 5094 1488 5147 καὶ
1523 5095 1706 5166 ἱερεῖς,
1753 5095 1890 5161 ἀλλὰ
1926 5098 2021 5151 καὶ

460 5180 765 5245 πιαίνοντες
803 5179 902 5245 τὰς
946 5180 1125 5251 ψυχὰς
1161 5181 1458 5251 πανσόφοις
1490 5183 1879 5255 διδασκαλίαις,
1926 5187 2020 5240 καὶ

462 5263 934 5338 καθιλαρύνοντες.
985 5272 1049 5324 Oi
1096 5270 1247 5325 αὐτοὶ
1297 5273 1356 5326 δὲ
1395 5274 1491 5327 καὶ
1534 5276 1786 5347 θυμίαμα
1808 5278 1896 5332 διὰ
1920 5279 2019 5351 τὴν

460 5357 687 5412 εὐωδίαν
720 5356 829 5410 τῶν
873 5359 1086 5429 ἀρετῶν
1108 5376 1123 5391 ⁸
1166 5362 1419 5418 σύνθετον
1458 5366 1515 5419 δὲ
1548 5367 1623 5431 ὡς
1672 5370 1736 5422 ἐκ
1772 5370 2021 5438 πράξεως

461 5450 554 5504 καὶ
581 5448 813 5519 θεωρίας
835 5449 1234 5520 εύωδιάζοντες.
1271 5456 1404 5525 Περὶ
1436 5456 1537 5526 μέν
1562 5476 1645 5511 τοι
1672 5461 1779 5513 τῶν
1802 5464 2020 5516 εἰκοσα-

460 5538 594 5591 ετῶν
625 5540 717 5592 καὶ
743 5540 949 5604 ἐπάνω,
992 5546 1398 5616 προειρήκαμεν
1427 5548 1484 5599 ὲν
1507 5550 1621 5613 τοῖς
1665 5550 2013 5620 προλαϐοῦσι.

529 5649 573 5680 ⁸⁸
602 5647 761 5703 Num.
794 5666 939 5715 χχχι,
967 5651 1052 5705 55.
1133 5654 1177 5685 ⁹²
1208 5655 1644 5720 Zaeliar.tx,16.

2114 4470 2343 4535 Christi,
2367 4479 2658 4540 propterea
2696 4467 2840 4538 quod
2861 4468 2973 4522 sint
3003 4468 3163 4523 solidi
3190 4478 3245 4522 et
3277 4467 3399 4537 puri
3420 4476 3476 4522 et
3499 4469 3703 4538 splen-7

2114 4561 2251 4627 didi,
2281 4570 2335 4617 et
2363 4560 2486 4615 aliis
2529 4559 2964 4615 excellentiores.
3000 4559 3075 4614 De
3119 4560 3321 4629 quibus
3363 4559 3571 4615 dictum
3593 4570 3681 4616 est

2115 4665 2213 4720 per
2241 4649 2610 4720 prophetam:
2643 4670 2661 4700 ι
2704 4648 2940 4720 Lapides
2994 4649 3289 4705 volvuntur
3325 4666 3492 4721 super
3564 4660 3677 4729 ter:

2114 4756 2230 4795 ram
2255 4742 2322 4794 ".
2363 4760 2381 4793 ι
2414 4741 2583 4796 [idem
2613 4747 2795 4796 autem
2838 4751 2966 4797 sunt
2992 4742 3172 4796 oleum
3211 4742 3387 4812 regale
3417 4750 3473 4796 et
3495 4757 3679 4799 sacer-

2114 4834 2317 4899 dotale,
2354 4848 2464 4888 non
2488 4833 2662 4887 solum
2681 4842 2949 4904 tingentes
2980 4849 3136 4904 reges
3159 4843 3211 4886 et
3230 4833 3560 4898 sacerdotes,
3580 4834 3679 4889 sed

2114 4925 2278 4980 etiam
2326 4925 2748 4994 sapientissimis
2799 4922 3067 4978 doctrinis
3114 4922 3578 4993 pinguefacientes
3622 4933 3680 4978 et

2113 5014 2477 5070 exhilarantes
2489 5012 2699 5068 animas
2729 5012 2896 5069 Iidem
2915 5020 3097 5066 autem
3122 5021 3247 5065 sunt
3262 5012 3425 5066 etiam
3446 5011 3685 5084 thymia-

2115 5121 2225 5171 ma,
2256 5114 2481 5176 propter
2509 5104 2715 5159 bonum
2734 5104 2959 5158 odorem
2991 5103 3276 5157 virtutum.
3304 5101 3677 5173 Compositum

2115 5207 2321 5262 autem,
2363 5204 2423 5252 ut
2451 5197 2545 5267 qui
2592 5195 2876 5251 redoleant
2906 5210 2974 5249 ex
3005 5194 3219 5250 actione
3249 5204 3306 5250 et
3336 5195 3676 5264 contempla-

2117 5290 2285 5344 tione.
2320 5290 2396 5344 De
2429 5288 2620 5360 viginti
2649 5296 2833 5341 autem
2866 5301 3038 5340 annos
3061 5285 3202 5342 natis
3222 5294 3277 5342 et
3310 5301 3495 5359 supra,
3518 5285 3675 5358 prius

2117 5378 2354 5434 diximus
2384 5379 2438 5433 in
2464 5378 2530 5433 iis
2551 5393 2671 5448 qua}
2694 5384 3111 5447 przeeesserunt.
