4062 6202
380 302 530 357 "5231

1606 288 1659 341 S.
1698 283 1969 341 CYRILLI
2006 280 2096 337 ET
2135 282 2443 338 ΑιιοιιυΜ

3502 275 3518 326 ί
3533 272 3640 330 232

476 412 612 465 Cum
637 408 881 476 jumenta
935 402 1143 454 alerent
1171 399 1263 467 qui
1296 406 1452 452 erant
1494 411 1524 450 e
1562 397 1708 449 tribu
1754 394 1971 456 Ruben,
2005 446 2006 449 η

2149 394 2523 463 κτηνοτρόφοι
2563 393 2711 456 ὗντες
2742 394 2790 444 οί
2823 392 2919 460 τῆς
2958 390 3133 458 φυλῆς
3170 389 3439 457 Ῥουϐεὶμ,
3471 394 3562 442 καὶ
3588 388 3639 442 οἱ

400 516 457 554 et
480 498 572 568 qui
610 504 764 550 erant
785 510 813 546 e
843 491 988 544 tribi
1020 488 1154 551 Gud,
1194 497 1483 557 postquam
1514 486 1772 541 viderunt
1799 484 1975 554 regio-

401 606 530 645 nem
555 595 733 655 aptam
759 584 822 636 ad
850 580 1041 635 alenda
1076 594 1292 648 pecora,
1324 588 1448 633 ante
1472 577 1788 639 Jordanem,
1820 576 1888 629 ab
1912 590 1975 629 ea

406 678 553 745 capti
585 682 733 735 sunt,
768 678 825 725 et
852 678 1112 740 rogarunt
1144 669 1373 738 Moysen
1420 677 1481 721 ut
1503 682 1625 722 eam
1663 667 1979 735 acciperent

407 767 466 819 in
494 772 719 819 sortem.
745 760 1018 815 Irascente
1046 768 1228 812 autem
1252 764 1308 810 et
1335 756 1553 826 probris
1565 770 1663 811 eos
1689 763 1979 824 appetente

409 857 614 926 Moyse,
660 851 891 922 polliciti
943 858 1091 914 sunt,
1130 850 1175 904 si
1214 865 1335 905 eam
1368 848 1704 918 acciperent,
1741 861 1800 901 se
1824 860 1979 901 suam

411 943 815 1015 supellectilem
877 941 955 995 ibi
982 941 1297 1003 relicturos,
1327 947 1567 994 armatos
1586 945 1768 992 autem
1787 937 1981 991 Jorda-

412 1052 537 1091 nem
582 1033 1023 1099 transmissurus,
1052 1041 1109 1086 et
1150 1032 1311 1086 simul
1354 1045 1481 1085 cum
1519 1029 1725 1099 populo
1756 1028 1985 1081 bellatu-

414 1144 527 1193 ros,
556 1142 733 1195 ncque
776 1125 1152 1180 haereditatem
1201 1125 1364 1178 aliam
1408 1137 1528 1177 esse
1570 1120 1898 1191 quaesituros
1914 1119 1982 1171 ”.

414 1212 695 1283 Ejusmodi
725 1222 853 1266 sunt
878 1212 973 1281 qui
995 1212 1165 1266 multa
1191 1211 1473 1282 possident
1496 1219 1552 1265 et
1584 1219 1831 1264 terrenas
1858 1223 1989 1263 con-

416 1307 711 1374 cupiscunt
741 1304 984 1358 divitias.
1031 1304 1166 1358 Nam
1195 1311 1359 1357 totam
1407 1312 1643 1357 mentem
1678 1300 1744 1355 ad
1778 1315 1871 1354 cas
1903 1300 1989 1354 in-

421 1397 734 1458 tendentes,
781 1406 911 1450 sunt
950 1395 1171 1465 quidem
1225 1394 1364 1464 pigri
1393 1394 1461 1448 ad
1500 1390 1847 1462 suscipienda
1894 1406 1994 1460 pro

418 1489 620 1543 virtute
670 1487 991 1551 certamina,
1037 1496 1093 1542 et
1143 1486 1465 1540 afﬂictiones
1514 1500 1634 1553 qua:
1680 1491 1808 1536 sunt
1856 1482 1994 1534 tole-
2034 1467 2065 1485 θ

421 1582 603 1636 randa:
644 1594 744 1650 pro
777 1579 1161 1649 consequenda
1198 1579 1519 1634 haereditate
1562 1579 1829 1633 bonorum
1864 1589 1993 1646 pro-

421 1678 737 1731 missorum.
798 1673 987 1728 Divina
1061 1680 1243 1726 autem
1296 1672 1414 1742 lege
1463 1671 1545 1725 eis
1603 1668 1992 1739 exprobrante,

2075 484 2174 554 τῆς
2222 483 2395 551 φυλῆς
2439 482 2575 547 Νὰδ,
2607 484 2726 535 ἐπεὶ
2777 482 2958 552 χώραν
3018 481 3308 534 ἐθεάσαντο
3359 480 3527 550 καλὴν
3563 483 3643 543 είς

2078 574 2494 644 κτηνοτροφίαν,
2524 574 2630 643 πρὸ
2654 572 2747 625 τοῦ
2781 572 3065 643 Ἰορδάνου,
3088 571 3332 623 ἑάλωσαν
3357 572 3524 638 αὐτῆς
3549 573 3644 623 καὶ

2080 666 2458 734 παρεκάλεσαν
2498 664 2591 717 τὸν
2624 664 2846 733 Μωσῆν,
2874 664 3060 715 λαϐεῖν
3088 662 3257 730 αὐτὴν
3300 664 3380 724 είς
3423 661 3641 731 κλῆρον.

2095 756 2477 824 ὐργιζομένου
2503 755 2559 807 δὲ
2592 754 2684 807 καὶ
2717 753 3066 815 ὀνειδίζοντος
3088 753 3353 814 Μωσέως,
3385 752 3644 821 ἐπηγγείο

2081 845 2259 906 λαντο,
2289 844 2337 895 εί
2374 843 2586 896 λάϐοιεν
2619 842 2845 910 ταύτην,
2896 842 3112 907 ἀφεῖναι
3159 841 3256 908 μὲν
3302 840 3395 891 ἐπὶ
3444 840 3645 907 ταύτης

2085 938 2180 1009 τὴν
2209 937 2414 991 ἑαυτῶν
2444 935 2754 1005 ἀποσκευήν
2778 950 2792 965 ·
2817 932 2970 986 αὐτοὶ
2998 932 3053 985 δέ
3082 932 3292 984 ἔνοπλοι
3318 930 3645 1000 διαπερᾶσαι

2084 1029 2178 1081 καὶ
2218 1028 2585 1097 συμπολεμεῖν
2615 1024 2693 1094 τῷ
2723 1023 2838 1094 λαῷ
2860 1038 2876 1054 ·
2917 1024 2991 1093 μὴ
3054 1022 3235 1092 μέντοι
3282 1021 3376 1073 καὶ
3404 1019 3650 1089 κληρονο-

2091 1122 2218 1191 μίαν
2258 1120 2424 1189 ἄλλην
2471 1116 2819 1186 ἐπιζητῆσαι.
2854 1114 3098 1168 Τοιοῦτοι
3138 1112 3228 1165 τὸν
3260 1112 3459 1181 τρόπον
3510 1112 3648 1164 εἰσὶν

2087 1214 2137 1266 οί
2192 1211 2597 1280 πολυκτήμονες
2643 1206 2737 1261 xai
2783 1202 2876 1258 τοῦ
2920 1201 3123 1274 γεηροῦ
3177 1200 3413 1254 πλούτου
3459 1201 3650 1253 ἐπιθυ-

2094 1300 2338 1373 μοῦντες.
2375 1298 2533 1352 Ὅλον
2574 1297 2683 1368 γὰρ
2720 1295 2812 1348 τὸν
2855 1294 2979 1348 νοῦν
3016 1292 3284 1354 τείνοντες
3317 1291 3398 1352 είς
3440 1290 3651 1354 τοῦτον,

2089 1392 2308 1446 ὀκνοῦσι
2341 1391 2437 1461 μὲν
2468 1389 2604 1459 πρὸς
2626 1388 2755 1451 τοὺς
2783 1387 2922 1457 ὑπὲρ
2957 1385 3160 1455 ἀρετῆς
3188 1381 3402 1445 ἄθλους,
3436 1380 3530 1432 καὶ
3554 1380 3654 1441 τὰς

2094 1483 2235 1554 ὑπὲρ
2271 1482 2363 1535 τοῦ
2393 1481 2796 1553 κληρονομῆσαι
2833 1477 2943 1531 τῶν
2981 1472 3405 1545 ἐπηγγελμένων
3433 1470 3655 1539 ἀγαθῶν

2084 1574 2481 1635 κακοπαθείας.
2531 1571 2909 1635 Ὀνειδίξοντος
2938 1567 2995 1620 δὲ
3032 1565 3127 1620 τοῦ
3166 1564 3309 1617 θείου
3343 1563 3529 1633 νόμου,
3561 1563 3658 1612 καὶ

2095 1666 2233 1736 ὀργῇ
2273 1663 2480 1726 τούτοις
2532 1656 3039 1728 ἐπανατεινομένου,
3096 1656 3256 1725 μόγις
3297 1653 3659 1707 διαϐαίνουσιν

419 1778 476 1821 et
510 1768 643 1822 iram
680 1767 736 1820 in
759 1780 855 1819 eos
880 1763 1221 1825 intendente,
1247 1762 1339 1815 vix
1370 1768 1658 1815 transeunt
1693 1760 1760 1813 ad
1792 1759 1987 1821 aciem,

2107 1731 2184 1820 είς⁷
2199 1731 2521 1826 παράταξιν,
2559 1753 2652 1805 καὶ
2687 1746 3084 1821 προσϐοηθοῦσι
3116 1748 3231 1808 τοῖς
3263 1742 3662 1814 ἀνδραγαθοῦει

421 1867 478 1912 et
500 1872 659 1927 opem
689 1855 873 1910 ferunt
909 1853 977 1908 iis
1017 1854 1110 1922 qui
1141 1868 1199 1907 se
1244 1852 1461 1907 fortiter
1489 1858 1689 1922 gerunt
1727 1850 1992 1904 adversus

424 1949 610 2003 hostes
633 1945 726 2016 qui
752 1960 860 2000 non
891 1943 1096 1998 cadunt
1138 1945 1240 1997 sub
1263 1952 1564 2012 aspectum,
1604 1949 1660 1995 et
1683 1940 1815 1995 dant
1842 1940 1994 1994 auxi-

423 2038 557 2092 lium
586 2036 845 2092 Ecclesiis
870 2050 991 2105 quae
1032 2034 1176 2088 bello
1200 2040 1554 2103 appetuntur.
1580 2032 1700 2086 Non
1740 2039 1870 2086 sunt
1892 2046 1992 2085 au-

428 2136 537 2181 tem
561 2142 752 2181 eorum
787 2124 1120 2187 colueredes,
1146 2132 1207 2177 ut
1234 2122 1326 2192 qui
1354 2121 1716 2191 praetulerunt
1761 2120 1996 2175 haeredi-

429 2226 592 2272 tatem
644 2232 765 2285 quze
806 2222 890 2271 est
937 2224 1063 2269 ante
1108 2212 1424 2274 Iordanem,
1461 2218 1523 2264 ut
1559 2218 1644 2265 est
1690 2219 1996 2272 ostensum,

426 2307 747 2378 voluptatis,
792 2305 1039 2374 inquam,
1081 2304 1494 2373 perceptionem
1519 2315 1641 2369 qua:
1659 2302 1812 2370 juxta
1836 2307 1892 2354 et
1921 2300 1997 2354 si-

428 2398 540 2453 mul
575 2398 677 2453 sita
702 2407 785 2452 est
812 2410 937 2452 cum
975 2395 1085 2448 vita
1112 2394 1253 2447 ﬂuxa
1286 2401 1342 2447 et
1376 2392 1638 2454 instabili,
1670 2401 1728 2446 et
1772 2399 1997 2461 propter

2092 1846 2239 1902 κατά
2270 1844 2379 1900 τῶν
2410 1843 2655 1915 ἀοράτων
2693 1838 2918 1911 ἐχθρῶν,
2956 1839 3049 1891 καὶ
3080 1834 3509 1905 πολεμουμέναις
3539 1835 3661 1897 ταῖς

2109 1936 2454 2006 Ἐκκλησίαις
2487 1931 2885 2002 ἐπικουροῦσιν.
2936 1928 3011 1982 Οὐ
3063 1924 3557 1996 συγκληρονομοῦσι
3604 1924 3665 1975 δὲ

2097 2028 2328 2089 τούτοις,
2359 2027 2435 2089 ὠς
2461 2025 2558 2094 τήν
2586 2024 2690 2093 πρὸ
2716 2020 2809 2073 τοῦ
2842 2019 3106 2090 Ἰορδάνου
3134 2013 3499 2086 κληρονομίαν
3526 2029 3633 2083 προ
3650 2044 3664 2053 ο

2098 2118 2443 2186 τιμήσαντες,
2485 2114 2560 2176 ὼς
2598 2110 2919 2180 δεδήλωταιο
2978 2106 3122 2174 λέγω
3158 2103 3222 2174 δὴ
3256 2102 3355 2173 τὴν
3399 2117 3669 2172 παρακει-

2103 2206 2269 2276 μένην
2318 2203 2396 2274 τῷ
2451 2204 2625 2276 ῥέοντι
2670 2202 2763 2254 καὶ
2815 2197 3133 2252 ἀστατοῦντι
3190 2195 3290 2265 βίῳ
3343 2193 3666 2251 ἀπόλαυσιν,

2101 2296 2196 2348 καὶ
2228 2294 2463 2364 κτηνῶν,
2497 2293 2590 2345 καὶ
2627 2287 2923 2360 γυναικῶν,
2965 2288 3057 2341 καὶ
3095 2286 3304 2339 παίδων
3352 2283 3535 2347 ἕνεκα,
3572 2281 3670 2335 καὶ

2103 2385 2402 2446 ἐπαύλεων,
2422 2384 2512 2437 τὸν
2544 2383 2637 2436 ἐπὶ
2659 2383 2771 2444 τοῖς
2797 2380 3036 2451 ἀρίστοις
3064 2377 3219 2430 δκνον
3252 2373 3665 2444 είσδεδεγμένοι.

423 2489 687 2557 iumenta,
716 2501 932 2549 uxores,
962 2485 1120 2548 filios,
1142 2493 1199 2539 et
1224 2483 1383 2547 atria,
1405 2482 1542 2536 fiunt
1564 2481 1703 2552 pigri
1734 2490 1789 2536 et
1812 2480 1991 2551 ignavi
2024 2478 2092 2533 ad
2120 2493 2183 2532 ea
2214 2492 2334 2546 quae
2367 2484 2496 2530 sunt
2517 2475 2722 2545 optima
2746 2483 2801 2527 et
2820 2466 3284 2541 praestantissima.

886 2596 981 2653 EX
1020 2594 1578 2651 DEUTERONOMiO.

430 2689 538 2745 Lex
558 2688 765 2759 quidem
781 2688 941 2759 Jussit
966 2686 1486 2759 Hebraea-pueros}!
1511 2681 2003 2759 puellasscsmmis

496 2751 708 2818 servire,
732 2751 951 2825 septimo
973 2763 1148 2809 autem
1192 2751 1383 2825 dimitti
1406 2751 1623 2825 liberos;
1676 2751 2002 2825 afienigenqs

502 2837 678 2883 autem
705 2821 899 2881 servire
941 2827 995 2878 in
1024 2834 1300 2878 wternum.
1336 2822 1440 2876 Per
1464 2822 1599 2893 quod
1625 2822 1779 2874 tacite
1798 2821 2002 2891 signiﬁ—

501 2907 655 2952 catur
685 2913 856 2950 annus
876 2893 1337 2965 quinquagesima;
1352 2892 1420 2944 ³⁸.

2276 2592 2410 2644 ΤΗΣ
2447 2588 2693 2643 ΒΙΒΛΟΥ
2729 2586 2865 2640 ΤΟΥ
2901 2576 3492 2637 ΔΕΥΤΕΡΟΝΟΜΙΟΥ.

2116 2684 2438 2737 Ἐκέλευσε
2480 2680 2595 2750 μὲν
2648 2678 2922 2750 ἀνόμωςΔ
2948 2674 3257 2750 Ἐϐραίους
3293 2669 3417 2750 ger.
3455 2668 3671 2750 Ξιῇδας

2174 2754 2273 2805 καὶ
2312 2737 2638 2813 παιδίσκας
2671 2747 2740 2811 ἐξ
2770 2737 3230 2813 ἕτηδουλεύειν,
3256 2738 3335 2804 τῷ
3446 2738 3671 2813 ἑϐδόμῳ

2174 2822 2532 2889 ἐλευθέρους
2565 2806 2878 2889 ἁέςίεὰᾂαιλ
2919 2814 3307 2889 ἀλλοφύλους
3342 2806 3415 2859 δὲ
3446 2809 3531 2889 είς
3545 2810 3673 2889 ’τὸν

2175 2890 2359 2943 αἰῶνα
2383 2876 2720 2950 δουλεύειν,
2753 2886 2827 2941 δι’
2880 2881 2951 2940 οὗ
2984 2885 3052 2937 τὸ
3076 2876 3509 2947 ’πεντηκοστὸν
3535 2878 3672 2943 ἔτος

2175 2960 2666 3028 ὑποσημαίνεται.

506 3087 753 3143 Cuilibet
802 3085 858 3138 in
916 3084 1129 3138 actione
1182 3083 1469 3148 versanti,
1528 3084 1701 3139 instar
1732 3084 1892 3153 pueri
1945 3093 2000 3137 et

2175 3070 2346 3126 Παντὶ
2398 3066 2685 3140 πρακτικῷ
2731 3064 2919 3127 παιδὸς
2969 3061 3238 3133 ὁμοφύλου
3265 3062 3360 3115 καὶ
3385 3060 3672 3125 παιδίσκης

439 3178 631 3247 puella:
652 3175 896 3246 ejusdem
928 3174 1163 3245 generis,
1191 3174 1446 3229 laborant
1470 3176 1611 3229 ratio
1637 3185 1693 3229 ct
1727 3174 2004 3245 cogitatio,

440 3268 631 3324 modos
658 3265 851 3337 agendi
871 3281 938 3320 ex
959 3265 1154 3319 virtute
1180 3266 1553 3335 excogitantes
1575 3275 1630 3320 et
1651 3266 2005 3329 fabricantes,

439 3368 496 3417 et
520 3360 839 3415 resistentes
873 3357 1157 3428 spiritibus
1186 3358 1444 3427 nequitiae
1474 3358 1677 3413 actioni
1715 3357 2008 3412 adversan-

444 3453 609 3517 tibus,
634 3450 866 3506 activam
888 3458 1068 3504 autem
1094 3450 1382 3520 implentes
1404 3449 1830 3519 pbil050pbiam,
1846 3464 2010 3518 quam

441 3544 681 3598 ostendit
733 3557 997 3598 numerus
1037 3557 1131 3597 sex
1176 3558 1466 3596 annorum.
1519 3541 1652 3597 Nam
1685 3556 1778 3595 sex
1818 3541 2015 3596 diebus

442 3632 648 3688 creavit
690 3633 835 3688 Deus
874 3631 1137 3686 mundum
1166 3670 1180 3697 ,
1227 3630 1520 3686 accedente
1571 3630 2011 3700 impatibilitate,

444 3739 605 3793 quam
631 3722 966 3794 aenigmatice
993 3721 1259 3792 significat
1291 3737 1467 3776 annus
1491 3722 1777 3791 septimus.
1815 3724 1890 3777 De
1914 3738 2016 3780 ca:-

448 3825 564 3869 tcro
597 3824 778 3869 autem
826 3812 989 3869 liberi
1034 3814 1101 3868 ab
1134 3813 1453 3883 operatione
1480 3814 1770 3878 virtutum,
1796 3828 1917 3883 qua:
1955 3814 2018 3867 fit

448 3906 624 3960 modis
639 3904 937 3975 corporeis,
954 3905 1187 3960 redeunt
1202 3904 1269 3959 ad
1289 3906 1803 3975 contemplationem
1826 3920 2015 3966 eorum

450 4006 571 4063 qua:
606 3994 803 4049 eadunt
842 3994 945 4049 sub
980 3993 1418 4065 intelligentiam,
1451 4010 1571 4065 quae
1602 4004 1730 4050 sunt
1765 3995 1847 4051 eis
1888 4010 2017 4050 conr

448 4086 634 4153 juncta
667 4085 1009 4156 cognatione.

522 4175 836 4247 Alienigena
883 4191 1021 4245 puer
1070 4186 1127 4231 et
1178 4178 1359 4248 puella
1393 4185 1477 4233 est
1521 4177 1599 4232 ira
1628 4186 1683 4232 et
1726 4176 2018 4247 cupiditas,

452 4280 591 4335 quos
618 4265 685 4319 ad
716 4264 1002 4319 servitium
1026 4266 1311 4329 virtutum,
1335 4282 1434 4336 per
1455 4266 1635 4337 magni
1660 4266 1825 4320 animi
1850 4266 2023 4320 virtu-

456 4360 564 4408 tem
598 4363 653 4406 et
678 4354 1114 4422 temperantiam,
1136 4356 1359 4410 omnino
1392 4354 1671 4426 subjungit
1710 4370 1861 4410 mens
1893 4369 2021 4409 con-

2106 3163 2311 3233 δίκηνὸ
2343 3161 2499 3229 λόγος
2554 3161 2647 3211 καὶ
2701 3159 2735 3228 ή
2782 3156 2991 3209 διάνοια
3048 3152 3327 3224 μοχθοῦσι,
3369 3153 3493 3213 τοὺς
3551 3151 3674 3202 κατ’

2108 3251 2308 3325 ἀρετὴν
2331 3252 2428 3319 τῆς
2459 3248 2707 3319 πράξεως
2724 3245 2955 3316 τρόπους
2990 3242 3325 3304 ἐπινοοῦντες
3353 3258 3415 3294 τε
3460 3239 3554 3293 καὶ
3582 3238 3679 3307 δη-

2114 3340 2519 3414 μιουργοῦντες,
2556 3339 2653 3391 καὶ
2686 3335 3121 3405 ἀντιταττόμενοι
3144 3333 3258 3394 τοῖς
3277 3328 3679 3397 ἀντικειμένοις

2110 3436 2177 3505 τῇ
2212 3432 2488 3503 πρακτικῇ
2525 3428 2798 3496 πνεύμασι
2844 3426 2941 3495 τῆς
2982 3421 3266 3492 πονηρίας,
3296 3418 3682 3490 πληρώσαντες

2111 3525 2167 3578 δὲ
2217 3523 2314 3594 τὴν
2365 3519 2672 3592 πρακτικὴν
2733 3515 3068 3587 φιλοσοφίαν,
3130 3514 3195 3582 ἢν
3244 3514 3273 3564 ὁ
3303 3511 3361 3577 ἐξ
3392 3510 3496 3563 τῶν
3544 3507 3685 3563 ἐτῶν

2114 3614 2495 3685 παρεδήλωσεν
2530 3609 2782 3682 ἀριθμός.
2826 3608 2912 3659 Ἐν
2950 3604 3185 3674 ἡμέραις
3229 3601 3337 3673 γὰρ
3383 3600 3444 3663 ἐξ
3488 3600 3518 3652 ὁ
3551 3598 3688 3661 Θεὸς

2116 3706 2301 3759 ἔκτισε
2352 3703 2443 3756 τὸν
2496 3702 2722 3769 κόσμον,
2750 3697 2849 3766 τῆς
2897 3693 3164 3757 ἀπαθείας
3214 3689 3687 3762 παραγινομένης.

2116 3795 2181 3866 ἣν
2232 3793 2529 3846 αἰνίττεται
2578 3789 2638 3840 τὸ
2681 3785 2908 3855 ἕϐδομον
2954 3782 3090 3845 ἐτος.
3139 3780 3442 3849 Ἐλεύθεροι
3496 3776 3691 3830 λοιπὸν

2116 3885 2214 3955 τῆς
2266 3881 2361 3935 ἐπὶ
2392 3883 2505 3943 τοῖς
2544 3878 2873 3949 σωματικοῖς
2926 3874 3148 3944 τρόποις
3230 3868 3527 3941 ὑπουργίας
3578 3866 3694 3919 τῶν

2118 3974 2348 4046 ἀρετῶν,
2384 3972 2519 4043 πρὸς
2551 3969 2649 4041 τὴν
2682 3967 2791 4021 τῶν
2827 3963 3109 4034 συγγενῶν,
3129 3962 3333 4032 νοητῶν
3362 3958 3696 4028 ἐπανέρχον-

2117 4087 2209 4123 ται
2232 4065 2483 4137 θεωρίαν.

2206 4160 2526 4229 Ἀλλόφυλος
2572 4158 2702 4218 παῖς
2747 4156 2861 4207 ἐστι
2911 4152 3006 4206 καὶ
3049 4148 3306 4217 παιδίσκη
3346 4147 3375 4199 ὁ
3404 4143 3571 4214 θυμὸς
3598 4143 3699 4194 καὶ

2122 4258 2155 4327 ή
2185 4253 2451 4324 ἐπιθυμία
2473 4269 2486 4281 ·
2519 4250 2611 4315 οὒς
2643 4247 3006 4316 ὐποζεύγνυσι
3052 4243 3142 4297 διὰ
3180 4240 3379 4303 παντὸς
3410 4240 3475 4309 τῇ

2122 4326 2246 4417 τείᾳ
2277 4343 2372 4399 τοῦ
2399 4344 2583 4413 λόγου,
2607 4339 2742 4412 πρὸς
2774 4334 3077 4409 ὑπηρεσίαν
3112 4332 3221 4385 τῶν
3251 4327 3480 4401 ἀρετῶν,
3514 4326 3581 4379 δι’
3601 4326 3700 4417 ἀν⁴

456 4440 787 4509 templativa,
830 4456 940 4495 non
993 4416 1130 4496 dans
1175 4445 1256 4496 eis
1306 4416 1637 4507 libertatein,
1670 4442 1846 4497 donec
1902 4442 2006 4513 lege

2124 4416 2305 4511 δρείας
2348 4435 2443 4488 καὶ
2481 4430 2852 4503 σωφροσύνης,
2886 4430 2915 4480 ὁ
2953 4421 3286 4496 θεωρητικὸς
3330 4418 3494 4513 νοῦςζ
3513 4416 3699 4513 μὴιδι-

457 4532 684 4601 spiritus
710 4531 967 4587 devorata
990 4532 1156 4587 fuerit
1182 4534 1268 4586 lex
1291 4542 1522 4598 natura),
1549 4542 1805 4603 tanquam
1828 4507 2006 4590 mors:

2122 4507 2244 4592 δοὺς
2287 4526 2470 4589 αὐτοῖς
2505 4520 2839 4593 ἐλευθερίαν,
2879 4519 2983 4583 ἕως
3017 4518 3083 4571 ἂν
3106 4512 3387 4605 καταποθῇ
3429 4509 3513 4605 ﬁt

456 4627 588 4680 vita.
623 4624 876 4691 Quandiu
919 4639 1051 4694 ergo
1088 4624 1143 4678 in
1176 4623 1337 4679 nobis
1369 4624 1507 4679 vivit
1542 4624 1803 4691 mundus,
1837 4634 1895 4681 et
1937 4642 2006 4681 vo

2126 4621 2218 4676 τοῦ
2279 4618 2594 4688 Πνεύματος
2638 4617 2666 4668 ὁ
2700 4614 2863 4684 νόμος
2912 4610 3012 4680 τῆς
3047 4598 3282 4678 φύσεως,
3310 4603 3385 4667 ὡς
3425 4600 3530 4694 ὑπὸ
3551 4598 3702 4694 ζωῆς

456 4713 733 4769 luntarius
765 4714 965 4768 animae
999 4712 1222 4767 habitus
1255 4713 1324 4767 ad
1357 4714 1679 4779 materialia,
1712 4731 1820 4770 non
1846 4726 1929 4771 est
1950 4716 2032 4772 eis

458 4805 638 4860 danda
660 4805 908 4866 libertas,
931 4819 1019 4869 ne,
1047 4802 1092 4857 si
1121 4803 1270 4858 misti
1295 4802 1500 4860 fuerint
1522 4821 1646 4860 cum
1670 4806 1912 4876 ejusdem
1937 4822 2032 4878 ge-

460 4896 607 4951 neris
628 4896 944 4961 sensilibus,
968 4894 1172 4949 bellum
1193 4902 1386 4966 gerant
1403 4896 1665 4951 adversus
1689 4897 1949 4962 animam,
1976 4905 2033 4953 et

460 5002 581 5042 eam
610 4987 881 5057 accipiant
914 4985 1185 5056 captivam
1227 4986 1393 5040 animi
1427 4995 1673 5041 motuum
1715 5003 1779 5043 ac
1812 4997 2035 5058 pertur—

463 5079 766 5134 bationum.
802 5078 1031 5147 Quando
1056 5087 1238 5133 autem
1264 5079 1645 5134 transierimus
1673 5078 1738 5134 ad
1763 5079 2038 5135 :etcrnita-

466 5178 593 5234 tem,
641 5179 697 5225 et
742 5169 1158 5239 pervenerimus
1190 5168 1257 5223 ad
1292 5168 1775 5239 impatibilitatem,
1828 5184 1924 5223 eos
1957 5168 2036 5222 di-

463 5259 743 5314 niittemus
762 5259 986 5323 liberos,
1011 5259 1091 5312 ira
1111 5257 1331 5328 quidem
1360 5259 1427 5313 de
1450 5268 1647 5313 cmtero
1673 5265 2031 5312 transmutata

466 5348 518 5400 in
563 5348 830 5404 fervorem
878 5349 1216 5418 spiritualem
1241 5359 1297 5404 et
1350 5349 1690 5404 moderatum
1742 5347 2027 5403 furorem:

465 5438 764 5507 cupiditate
788 5451 970 5495 autem
992 5440 1048 5494 in
1066 5441 1309 5495 divinum
1336 5455 1576 5495 amorem
1598 5450 1654 5495 et
1669 5439 2027 5509 voluptatem,

466 5547 587 5601 qua:
613 5545 722 5585 non
749 5542 926 5601 potest
946 5534 1112 5602 pollui
1144 5549 1206 5588 ac
1236 5534 1611 5588 contaminari.

504 5687 551 5720 "
576 5685 738 5743 Num.
762 5700 926 5751 xxxii,
956 5686 979 5738 1
1010 5702 1163 5755 seqq.
1238 5688 1281 5719 ”
1304 5686 1462 5741 Deut.
1489 5703 1576 5752 xv,
1613 5688 1633 5740 ί
1670 5703 1820 5756 seqq.

2130 4714 2379 4777 θάνατος.
2418 4708 2720 4779 Τοιγαροῦν
2767 4705 2871 4767 ἓως
2914 4703 2975 4755 ἐν
3007 4703 3136 4771 ήμῖν
3173 4698 3201 4751 ὁ
3246 4696 3447 4765 κόσμος
3480 4691 3570 4761 ζῇ,
3602 4690 3704 4742 καὶ

2129 4808 2163 4877 ἡ
2194 4804 2330 4876 πρὸς
2370 4802 2439 4856 τὰ
2469 4801 2631 4854 ὑλικὰ
2656 4798 2755 4869 τῆς
2788 4795 2966 4865 ψυχῆς
3000 4790 3245 4851 ἑκούσιος
3279 4786 3483 4877 σχέσις,
3516 4781 3578 4835 ού
3611 4780 3703 4877 δεῖ

2128 4872 2389 4966 παρέχειν
2433 4891 2639 4953 τούτοις
2674 4884 3016 4956 ἐλευθερίαν·
3058 4881 3256 4953 μήπως
3287 4876 3548 4966 μιγέντες

2129 4960 2407 5057 αἰσθητοῖς
2436 4980 2746 5052 ὁμοφύλοις,
2783 4975 3133 5045 πολεμήσωσι
3165 4972 3230 5041 τῇ
3263 4967 3433 5039 ψυχῇ,
3586 4960 3696 5017 λά-

2131 5052 2298 5127 ϐωσιν
2326 5070 2496 5141 αὐτὴν
2524 5066 2860 5138 δορυὸὺωτον
2892 5066 3005 5125 τοῖς
3035 5060 3285 5114 πάθεσιν.
3314 5057 3480 5111 Ὅταν
3513 5052 3573 5105 δὲ
3602 5066 3709 5104 τε·

2136 5166 2389 5236 ράσωμεν
2413 5164 2493 5225 είς
2516 5160 2604 5214 τὸν
2631 5157 2825 5223 αἰῶνα,
2858 5154 2956 5209 καὶ
2984 5153 3278 5223 φθάσωμεν
3299 5149 3377 5210 είς
3409 5142 3708 5236 ἀπάθειαν,

2136 5233 2452 5325 ἐλευθέρους
2478 5251 2760 5322 ἀφήσομεν
2780 5247 3001 5309 αὐτοὺς,
3031 5237 3564 5325 μετασκευασθέντος
3590 5233 3713 5325 lat-

2140 5348 2238 5401 πδν
2284 5321 2377 5398 τοῦ
2418 5321 2589 5413 θυμοῦ
2640 5340 2740 5411 μὲν
2799 5336 2934 5408 πρὸς
2975 5335 3124 5399 ζέσιν
3179 5324 3575 5400 πνευματικὴν,
3612 5321 3717 5375 καὶ

2142 5441 2395 5510 σώφρονα
2444 5434 2671 5505 μανίαν·
2730 5430 2826 5500 τῆς
2871 5424 3166 5495 ἐπιθυμίας
3210 5421 3285 5486 δὲ,
3344 5415 3476 5489 πρὸς
3528 5414 3718 5485 ἔρωτα

2142 5533 2302 5597 θεῖον,
2325 5530 2420 5585 καὶ
2455 5516 2646 5598 ἡδονὴν
2677 5522 2967 5593 ἄχραντον.
