4062 6202
403 419 540 477 1933

1758 427 2278 488 COLLECTANEA.

3503 423 3644 484 1254

411 535 555 621 Ἔιίς⁴
584 553 675 621 τίς
706 535 1070 621 έκευρλιρσῃ
1102 536 1209 621 eos:
1238 537 1569 621 dyoay‘dr‘
1591 544 1699 621 τρῦ
1732 547 1959 621 egw“

2072 547 2131 605 Si
2151 552 2268 621 quis
2296 553 2627 606 emcwcauerit
2653 550 2860 605 oculum
2878 546 3065 621 [amuli
3078 547 3159 621 sai
3176 553 3269 599 aut
3290 543 3639 621 απεξίίωειιίε,

466 606 653 662 αὐτοῦ

466 606 653 662 αὐτοῦ
698 605 738 673 ἢ
787 605 901 687 τῇς
948 605 1312 675 θεραπαίνης
1364 605 1571 676 animi"),
1615 613 1971 684 ἐλευθέρους

464 674 855 740 ἐξαποστελει
904 675 1127 740 αὐτούς
1148 690 1162 706 ⁸
1200 677 1300 730 καί
1333 678 1443 731 ἐὰν
1466 681 1572 733 τὸν
1605 682 1822 739 ὀδόντα
1863 687 1971 742 τοῦ

465 743 698 822 elatith
796 742 906 812 τῆς
932 744 1506 822 θεραπαίγης-αὐτοῦ
1526 750 1783 822 ἐκκόψῃ,
1799 755 1967 812 ἐλευ-

464 812 678 881 θέρους
705 812 1105 889 έξαποστελεῐ
1127 816 1372 884 αὐτούς.

464 926 699 998 Οἰκέτης
747 926 846 997 μὲν
884 928 980 982 καὶ
1023 927 1345 1000 θεράπαινα,
1378 930 1428 983 oi
1457 931 1604 996 τινος
1635 932 1966 1002 ὑπεξούσιοι,

395 1010 467 1071 ὧν
498 1019 547 1072 οί
585 1018 686 1089 μὲν
734 1018 950 1091 ἄνδρες,
989 1019 1037 1073 oi
1090 1018 1150 1073 δέ
1184 1022 1462 1089 γυναῖκες.
1522 1021 1741 1078 Τούτων
1769 1024 1828 1079 δέ
1860 1026 1969 1081 τῶν

399 1108 751 1177 ὁπεξουσίων,
782 1110 1060 1181 ὀφθαλμὸς
1093 1110 1193 1181 μὲν
1215 1111 1244 1164 6
1268 1110 1414 1177 νοῦς,
1445 1112 1695 1181 φωτίζων
1724 1115 1824 1180 τάς
1860 1116 1967 1189 ψυ-

396 1196 498 1268 χὰς
542 1197 724 1252 αὐτῶν
752 1214 767 1230 ’
815 1198 969 1264 ὀδοὺς
1015 1199 1073 1253 δὲ
1097 1200 1131 1270 ἡ
1188 1199 1418 1265 διάνοια,
1449 1196 1611 1275 δι’ἦς
1643 1203 1967 1261 λεπτύνουσι

394 1288 492 1358 τὴν
537 1290 913 1362 πνευματικὴν
950 1291 1179 1363 τροφήν.
1216 1291 1283 1345 Et
1329 1309 1421 1358 τις
1474 1296 1769 1367 τοιγαροῦν
1803 1296 1838 1368 ἢ
1873 1298 1966 1353 τὸν

396 1378 518 1435 νοῦν
562 1378 887 1455 ἐκτυφλώσῃ
935 1381 1044 1435 τῶν
1073 1381 1408 1450 ὑπεξουσίων
1460 1385 1643 1456 πληγῇ
1681 1386 1964 1453 ἀσεϐείας,

395 1467 428 1536 ἢ
456 1468 653 1540 ἐτέρας
685 1469 1042 1542 άμαρτίας,ἢ
1073 1470 1171 1541 τὴν
1200 1472 1443 1528 διάνοιαν
1477 1476 1659 1530 αὐτῶν
1690 1477 1966 1535 καταϐλά-

393 1556 489 1631 ψῃ,
529 1560 821 1615 ἐκπίπτειν
861 1560 1283 1629 καταδικάζεται
1322 1564 1424 1636 τῆς
1461 1568 1584 1622 κατ’
1604 1568 1788 1624 αὐτῶν
1812 1569 1966 1636 ἐξου-

395 1650 536 1718 σίας,
559 1652 655 1707 καὶ
679 1649 899 1719 ἀνάξιον
923 1650 1021 1707 τοῦ
1053 1653 1244 1725 ἀρχειν
1274 1655 1468 1712 ἐαυτὸν
1490 1658 1890 1715 ἀποδείκνυσιν.

406 1946 551 2003 Ἐάν
580 1951 946 2033 τις-κοιμηθῇ
982 1955 1129 2024 μετὰ
1160 1957 1447 2033 revomet:
1501 1962 1962 2033 συνῳκισμένης

649 2019 861 2091 ἀνδρὶ,
879 2019 1257 2083 ἀποκτενεῖτε
1287 2019 1677 2100 ἁμφὸτέρουξι.

470 2130 532 2185 ὀ
575 2130 677 2203 τὴν
719 2132 899 2207 ψυχὴν
945 2139 1299 2212 συνημμένην
1327 2140 1406 2212 τῷ
1439 2141 1559 2214 Θεῷ
1588 2143 1680 2199 διὰ
1732 2145 1962 2213 πίστεως

391 2220 484 2274 καὶ
513 2221 785 2294 ἀγιασμοῦ
813 2225 1031 2298 τολμῶν
1074 2232 1409 2302 καταμιάναι
1450 2232 1530 2305 τῷ
1560 2236 1961 2309 σπερματισμῷ

390 2311 486 2381 τῆς
516 2312 576 2365 ἐν
611 2313 763 2386 αὐτῷ
791 2315 1085 2381 δυσσεόοῦς
1112 2321 1375 2392 αἱρέσεως
1395 2363 1411 2388 ,
1440 2322 1541 2395 τὴν
1580 2324 1817 2398 ἐσχάτην
1862 2328 1961 2397 ὑφ-

389 2403 500 2469 έξει
530 2403 691 2476 δίκην
727 2406 826 2462 σὺν
854 2408 1024 2482 αὐτῇ·
1060 2412 1089 2464 6
1119 2411 1240 2482 μὲν,
1280 2412 1356 2476 ὡς
1388 2414 1779 2481 ἐπιϐουλεύσας
1809 2418 1961 2473 ἅλλο-

388 2494 524 2566 τρίῳ
556 2495 752 2568 γάμῳο
790 2500 824 2572 η
871 2498 951 2566 δὲ,
994 2500 1071 2566 ὡς
1102 2503 1418 2575 ἀτιμάσασα
1448 2504 1548 2577 τὴν
1569 2508 1649 2571 είς
1672 2507 1764 2563 τὸν
1789 2508 1961 2580 ἄνδρα

390 2586 704 2656 συνάφειαν.
747 2605 767 2641 ι
803 2589 930 2645 Ἐἀν
982 2591 1061 2655 δέ,
1116 2594 1272 2664 φησι,
1318 2595 1417 2666 τὴν
1471 2599 1962 2672 μεμνηστευμένην

386 2676 539 2747 ἀνδρὶ
593 2678 864 2750 παρθένον
923 2681 1102 2754 εὑρών
1129 2700 1214 2748 τις
1239 2684 1300 2741 ἐν
1333 2685 1485 2740 πόλει
1545 2687 1783 2759 κοιμηθῇ
1840 2691 1960 2759 μετ’

386 2766 575 2838 αὐτῆς,
610 2768 1008 2831 ἀποθανοῦνται
1038 2772 1135 2826 καὶ
1165 2774 1351 2843 ἄμφω.
1395 2775 1461 2827 Ἦ
1505 2777 1707 2841 νεᾶνις,
1743 2777 1824 2830 ὅτι
1860 2778 1960 2830 οὐκ

387 2857 608 2928 ἐϐόησεν
644 2860 703 2913 ἐν
745 2862 811 2933 τῇ
862 2861 1049 2916 πόλει’
1085 2863 1181 2916 καὶ
1219 2864 1248 2916 ὁ
1287 2863 1595 2936 ἄνθρωπος,
1627 2865 1709 2919 ὃτι
1740 2866 1960 2919 ἐταπεί·

385 2963 523 2999 νωσε
558 2947 660 3020 τὴν
708 2952 946 3017 γυναῖκα
990 2950 1087 3005 τοῦ
1128 2951 1358 3023 πλησίον
1398 2951 1587 3007 αὐτοῦ.
1609 2971 1630 3004 ι
1682 2954 1958 3029 Παρθένος

383 3040 499 3093 ἐστὶ
560 3042 1012 3114 μεμνηστευμένη
1061 3042 1233 3115 ἀνδρὶ,
1279 3045 1313 3119 η
1360 3042 1672 3117 κεκλημένη
1720 3044 1823 3115 μὲν
1877 3046 1958 3108 είς

383 3131 663 3186 εὐσέϐειαν
716 3132 886 3207 ψυχὴ,
927 3135 1022 3188 καὶ
1067 3134 1475 3206 κατηχουμένη,
1539 3137 1706 3206 μήπω
1735 3136 1793 3190 δέ
1833 3151 1958 3189 συν-

787 607 901 684 ςῇς
948 607 1312 684 demat”);
1344 607 1571 684 36:037.
1615 613 1973 684 ἐλευθέρους

2146 615 2348 675 emittet
2380 638 2466 675 eos
2507 622 2691 675 liberos
2732 636 2750 673 :
2776 627 2824 672 et
2854 615 2898 672 si
2927 616 3116 687 famuli
3164 624 3265 687 aut
3288 615 3497 671 ancilla:
3532 633 3645 675 nec

2142 690 2352 744 dentem
2378 692 2679 757 excusserit,
2698 691 2895 744 emittet
2927 684 3014 743 eos
3049 684 3233 740 liberos
3256 685 3295 738 '.

2140 941 2400 997 Famulus
2434 938 2656 1011 quidem
2706 945 2764 992 et
2804 935 3001 992 ancilla
3037 940 3163 989 sunt
3196 930 3237 987 ii
3284 929 3380 1002 qui
3428 939 3556 986 sunt
3582 931 3643 987 in

2068 1032 2300 1103 alicujus
2326 1038 2617 1102 potestate.
2653 1029 2733 1084 Ex
2766 1027 2966 1098 quibus
2989 1024 3083 1081 alii
3106 1021 3330 1094 quidem
3361 1029 3489 1078 sunt
3509 1023 3639 1091 viri,

2068 1122 2160 1178 alii
2194 1137 2327 1178 vero
2361 1120 2644 1177 mulieres.
2690 1118 2769 1173 Ex
2805 1117 2871 1171 iis
2924 1122 3107 1171 autem
3164 1111 3259 1184 qui
3293 1120 3420 1166 sunt
3451 1110 3507 1167 in
3542 1124 3644 1183 po-

2069 1220 2284 1278 testate,
2343 1211 2537 1268 oculus
2571 1208 2794 1280 quidem
2839 1214 2924 1262 est
2954 1220 3111 1261 mens
3155 1219 3252 1260 seu
3306 1202 3641 1271 intellectus,

2067 1303 2279 1358 animas
2310 1317 2502 1359 eorum
2528 1299 2885 1356 illuminans:
2922 1297 3059 1352 dens
3100 1302 3282 1350 autem
3322 1303 3407 1349 est
3436 1294 3643 1365 cogita-

2067 1393 2166 1456 tio,
2195 1408 2296 1462 per
2344 1405 2508 1461 quam
2554 1387 2936 1447 comminuunt
2987 1385 3304 1452 alimentum
3335 1381 3636 1453 spirituale.

2068 1483 2124 1539 Si
2161 1484 2287 1554 quis
2310 1497 2439 1554 ergo
2464 1489 2558 1538 aut
2579 1493 2772 1537 eorum
2809 1478 2903 1549 qui
2938 1486 3067 1532 sunt
3102 1475 3156 1530 in
3189 1482 3457 1545 potestate
3486 1487 3640 1528 men-

2067 1583 2178 1631 tem
2211 1572 2568 1629 occaecaverit
2601 1570 2711 1626 ictu
2769 1565 3067 1638 impietatis
3098 1572 3193 1619 aut
3244 1561 3472 1619 alterius
3506 1574 3638 1631 pec-

2066 1666 2172 1721 catl
2194 1707 2207 1729 ,
2265 1672 2361 1721 aut
2414 1677 2607 1721 eorum
2662 1658 2862 1716 lzeserit
2918 1655 3323 1727 cogitationem,
3381 1651 3640 1709 condem-

2066 1765 2230 1811 natur
2264 1764 2324 1812 ut
2375 1753 2595 1813 excidat
2638 1752 2708 1807 ab
2740 1765 2807 1804 ea
2855 1763 3019 1818 quam
3064 1747 3120 1801 in
3154 1745 3303 1815 ipsos
3342 1742 3508 1799 habet
3542 1757 3641 1812 po.

2069 1855 2285 1913 testate,
2321 1857 2377 1903 et
2411 1862 2470 1904 se
2504 1843 2745 1902 ostendit
2776 1841 3060 1912 indignum
3090 1837 3184 1909 qui
3210 1822 3462 1906 imperet.

2061 1973 2121 2032 Si
2190 1978 2307 2048 quis
2366 1977 2640 2030 dormierit
2671 1990 2813 2048 ‘cum
2881 1970 3112 2048 muliere
3155 1967 3439 2039 conjuncta
3492 1965 3639 2032 viro,

2573 2044 2751 2100 ambos
2788 2042 3027 2097 occidetis
3065 2039 3135 2094 ".

2131 2157 2384 2213 Animam
2412 2158 2525 2213 Deo
2553 2155 2901 2226 coniunctam
2928 2167 3027 2223 per
3062 2148 3226 2205 iidem
3246 2155 3304 2205 et
3326 2145 3635 2203 sanctiﬁca-

2061 2250 2268 2307 tionem
2292 2248 2541 2321 quisquis
2566 2247 2765 2303 audeat
2794 2246 3041 2317 polluere
3070 2240 3252 2313 impias
3280 2253 3392 2294 sua:
3414 2236 3640 2293 haeresis

2060 2340 2291 2407 semine,
2318 2354 2445 2397 cum
2480 2338 2596 2410 ipsa
2622 2338 2878 2393 ultimum
2899 2333 3111 2391 subibit
3138 2330 3471 2403 supplicium
3499 2344 3512 2380 :
3547 2327 3638 2382 ille

2059 2430 2306 2502 quidem,
2361 2438 2421 2485 ut
2468 2429 2562 2500 qui
2605 2428 2787 2487 alieno
2823 2425 3116 2481 insidiatus
3134 2422 3207 2477 sit
3236 2417 3588 2475 matrimonio
3619 2432 3633 2467 :

2061 2522 2177 2578 haec
2206 2536 2358 2582 vero.
2393 2529 2450 2574 ut
2488 2534 2610 2589 quae
2646 2516 2944 2589 ignominia
2977 2511 3222 2568 effecerit
3251 2524 3406 2565 suam
3436 2508 3493 2561 in
3518 2521 3636 2560 ma-

2061 2612 2228 2665 ritum
2268 2626 2429 2664 suum
2475 2608 2937 2679 conjunctionem.
2987 2623 3005 2654 ι
3037 2601 3135 2658 Sin
3180 2609 3387 2664 autem,
3434 2597 3634 2668 inquit,

2058 2696 2328 2765 virginem
2364 2695 2486 2749 viro
2520 2694 2847 2763 desponsam
2887 2689 3159 2747 invenerit
3193 2689 3392 2760 aliquis
3416 2688 3474 2743 in
3497 2686 3635 2743 civi-

2060 2792 2192 2849 tate,
2228 2790 2286 2838 et
2314 2799 2439 2839 cum
2472 2798 2537 2839 ea
2576 2783 2883 2848 dormierit,
2917 2781 3079 2839 ambo
3105 2781 3271 2837 etiam
3307 2779 3632 2834 morientur.

2058 2874 2483 2930 Adolescentnla
2520 2873 2765 2945 quidem,
2811 2872 2958 2943 quod
2993 2887 3104 2927 non
3132 2870 3383 2927 clamarit
3409 2870 3464 2924 in
3502 2868 3637 2924 civi-

2059 2975 2194 3031 tate;
2224 2974 2282 3022 et
2304 2966 2491 3031 homo,
2522 2965 2781 3035 quoniam
2818 2964 3131 3020 bumiliavit
3153 2976 3378 3018 uxorem
3399 2959 3633 3031 proximi

2059 3054 2145 3108 sui
2172 3053 2240 3106 ".
2269 3071 2289 3105 ι
2318 3053 2482 3123 Virgo
2505 3051 2777 3123 desponsa
2807 3053 2946 3119 viro,
2970 3061 3055 3109 est
3082 3052 3262 3106 anima
3285 3049 3353 3105 ad
3374 3050 3634 3119 pietatem

2058 3142 2283 3214 quidem
2306 3153 2499 3200 vocata
2547 3154 2604 3199 et
2623 3160 2723 3214 per
2743 3143 3075 3200 catechesim
3100 3142 3369 3207 instituta,
3392 3138 3635 3195 nondum

383 3223 617 3292 αφθεῐσα
640 3224 862 3289 τελείως
887 3224 966 3297 τῷ
996 3225 1216 3298 Χριστῷ
1232 3224 1320 3280 διὰ
1340 3225 1434 3280 τοῦ
1465 3225 1624 3295 ἀγίου
1649 3225 1959 3297 βαπτίσμα-

2064 3245 2247 3291 autem
2284 3236 2504 3292 Christo
2536 3236 2777 3307 perfecte
2809 3237 3100 3307 conjuncta
3134 3250 3232 3304 per
3264 3241 3515 3289 sanetum
3540 3230 3632 3286 ba-

381 3332 493 3379 τος.
533 3315 878 3389 ’Δρῤασῶνος
915 3317 1026 3392 γὰρ
1060 3318 1246 3390 ἐπέχει
1280 3318 1438 3389 λόγον
1466 3318 1673 3387 ὁλόγος
1709 3316 1813 3389 τῆς
1852 3334 1954 3372 κα-

381 3408 679 3479 τηχήσεως.
720 3408 779 3465 '0
812 3410 993 3466 τοίνυν
1031 3410 1365 3483 διαφθείρων
1407 3409 1611 3480 ταύτην
1635 3408 1725 3463 διὰ
1759 3408 1958 3480 μίξεως

385 3499 600 3555 ἀσεϐῶν
628 3501 938 3573 δογμάτων,
970 3505 1068 3576 τὴν
1102 3503 1338 3573 ἐσχάτην
1375 3502 1469 3555 καὶ
1508 3500 1672 3564 αὐτὸς
1705 3500 1956 3554 ἀποτίσει

379 3592 538 3664 δίκην
565 3594 662 3649 σὺν
695 3595 854 3668 αὐτῇ,
898 3596 993 3651 καὶ
1027 3592 1423 3651 ὐποπεσοῦνται
1455 3594 1522 3662 τῇ
1555 3590 1776 3644 κολάσει
1822 3591 1953 3658 τῶν,

377 3684 454 3748 ὡς
482 3687 717 3758 εἴρηται,
744 3688 1153 3760 μοιχευσάντων
1172 3703 1186 3717 ·
1220 3686 1250 3739 6
1284 3682 1404 3754 μὲν,
1446 3682 1523 3746 ὡς
1555 3683 1957 3755 πλημμελήσας

380 3775 461 3839 εἰς
495 3773 594 3847 τὴν
646 3778 885 3845 γυναῖκα
934 3775 1034 3846 τὴν
1082 3773 1187 3828 ὑπὸ
1236 3776 1398 3844 χεῖρα
1443 3770 1628 3826 λοιπδν
1661 3772 1758 3827 τοῦ
1791 3789 1959 3843 μετα-

383 3864 560 3947 ϐραχῦ
595 3868 831 3939 νυμφίου
867 3864 962 3920 τοῦ
996 3865 1221 3936 πλησίον
1268 3862 1456 3927 αὐτοῦ,
1489 3862 1632 3917 κατά
1656 3879 1721 3931 γε
1747 3863 1839 3917 τὸν
1871 3862 1959 3917 λό-

380 3974 478 4025 γον
499 3957 601 4030 τῆς
627 3956 1049 4030 άνθρωπότητος
1067 3971 1083 3986 ·
1118 3957 1152 4028 η
1183 3954 1260 4019 δέ,
1298 3954 1373 4018 ὡς
1395 3956 1454 4009 ἐν
1481 3952 1633 4008 πόλει
1659 3953 1817 4009 τοῦτο
1848 3971 1956 4010 πα-

380 4045 571 4108 θοῦσα,
604 4046 753 4115 λέγω
794 4045 879 4116 δὴ
907 4047 972 4117 τῇ
1008 4044 1328 4115 Ἐκκλησία,
1387 4043 1517 4101 ἔνθα
1559 4044 1745 4101 πολλοὶ
1773 4045 1826 4098 οί
1869 4044 1956 4112 ἐξ·

388 4136 613 4190 ελέσθαι
666 4135 988 4208 δυνάμενον
1017 4136 1109 4191 καὶ
1145 4135 1234 4191 διὰ
1264 4135 1361 4190 τοῦ
1421 4137 1495 4210 μὴ
1547 4136 1741 4209 βοῆσαι
1788 4153 1959 4191 κατα-

378 4226 679 4299 δεξαμένη.
720 4245 740 4279 ι
775 4229 904 4283 Ἐὰν
935 4228 1013 4294 δὲ,
1064 4229 1252 4300 φησὶν,
1283 4231 1342 4284 ἐν
1384 4229 1555 4302 πεδίῳ
1584 4229 1722 4302 εὕρῃ
1744 4230 1957 4303 ἀνθρω-

380 4333 485 4381 mc
513 4316 615 4389 τὴν
644 4318 811 4372 παῖδα
843 4317 942 4390 τὴν
975 4318 1464 4390 μεμνηστευμένην
1493 4321 1688 4394 ἑτέρῳ,
1716 4324 1813 4375 καὶ
1837 4321 1959 4391 βια-

380 4408 618 4479 σάμενος
654 4410 895 4482 κοιμηθῇ
943 4410 1060 4481 μετ’
1107 4410 1679 4481 αὐτῆς,ιάποκτενεττε
1720 4413 1814 4467 τὸν
1845 4430 1958 4467 κοι-

385 4498 631 4571 μηθέντα
661 4501 778 4573 μετ’
812 4502 986 4573 αὐτῆς
1016 4502 1198 4573 μόνον.
1230 4503 1310 4576 Τῇ
1336 4504 1393 4559 δέ
1421 4503 1628 4558 νεάνιδι
1669 4504 1770 4558 οὐκ
1798 4504 1953 4558 ἔσται

378 4569 690 4664 άμάρτημα
723 4569 983 4648 θανάτου’
1008 4569 1090 4648 δτι
1123 4595 1183 4649 ἐν
1207 4569 1309 4665 τῷῆ
1336 4594 1493 4666 ἀγρῷ
1548 4587 1709 4667 εῦρεν
1757 4596 1950 4667 αὑτήν.
1989 4569 2031 4624 D

390 4682 650 4753 Ἐϐόησεν
703 4684 737 4754 ἡ
778 4685 959 4750 νεᾶνις
987 4686 1022 4755 ἠ
1059 4686 1538 4758 μεμνηστευμένη,
1568 4687 1662 4740 καὶ
1700 4688 1730 4741 6
1760 4687 1957 4758 βοηθή-

374 4791 491 4827 σων
533 4773 635 4828 οὐκ
673 4769 764 4845 ἦν.
788 4793 808 4828 ι
853 4774 1047 4845 Ἀγρὸς
1094 4775 1202 4847 γὰρ
1232 4778 1266 4850 ἡ
1302 4776 1508 4848 ἐρημία
1533 4776 1645 4830 τῶν
1677 4777 1955 4844 ἐπαμῦναι

370 4867 719 4936 δυναμένων,
748 4866 845 4923 καὶ
879 4869 909 4940 ἡ
941 4867 1137 4932 σπάνις
1161 4869 1270 4923 τῶν
1318 4869 1686 4925 διδασκάλων·
1718 4869 1953 4923 ἐνταῦθα

368 4955 439 5007 τὸ
486 4955 657 5018 πάθος
710 4955 884 5026 βίαιον
932 4956 1030 5010 καὶ
1068 4957 1523 5029 ἀνεπικούρητον.
1581 4959 1672 5012 Διὸ
1722 4959 1818 5013 καὶ
1877 4958 1955 5023 ὠς

367 5045 696 5117 ἀϐούλητον,
718 5047 1157 5116 ἀκατάγνωστον.
1195 5066 1215 5100 ι
1239 5048 1363 5102 Ἐὰν
1381 5049 1460 5111 δὲ,
1486 5050 1672 5119 φησιν,
1709 5048 1846 5125 εῦρῃ
1869 5066 1954 5115 τις

368 5137 545 5191 παῖδα
608 5138 913 5209 παρθένον,
960 5139 1057 5192 καὶ
1107 5139 1440 5211 βιασάμενος
1485 5140 1656 5211 αὐτὴν
1708 5140 1950 5212 κοιμηθῇ

368 5229 500 5298 μετ’
538 5229 732 5299 αὐτῆς,
777 5228 874 5282 καὶ
898 5229 1124 5300 εὑρεθῇ.
1150 5231 1311 5285 δώσει
1335 5230 1415 5302 τῷ
1446 5232 1615 5303 πατρὶ
1645 5232 1747 5302 τῆς
1781 5233 1953 5287 νεάνι-

364 5317 467 5381 δος
496 5324 540 5371 ν’
576 5318 847 5388 δίδραχμα
874 5320 1160 5390 ἀργυρίου,
1192 5321 1287 5377 καὶ
1335 5321 1499 5375 αὑτοῦ
1546 5320 1696 5375 ἔσται
1739 5322 1897 5393 γυνή.
1925 5341 1946 5376 ι

370 5407 658 5477 Παρθένον
682 5408 917 5462 ἐνταῦθα
940 5409 1113 5479 λέγει,
1140 5412 1241 5482 τὴν
1277 5413 1444 5481 μήπω
1483 5413 1951 5483 κατεγγυηθεῖσαν

366 5498 601 5567 Χριστῷ
647 5499 737 5553 διὰ
785 5499 1038 5566 πίστεως,
1088 5503 1338 5573 ἀσυναφῆ
1375 5504 1435 5556 δὲ
1471 5505 1606 5573 πρὸς
1659 5506 1823 5558 αὑτὸν
1874 5505 1955 5560 ἔτι

370 5587 661 5651 παντελῶς
697 5587 988 5658 μένουσαν.
1022 5590 1091 5645 Εἴ
1119 5608 1202 5655 τις
1235 5590 1327 5646 οῦν
1373 5592 1630 5648 ἀπατεὼν
1668 5593 1840 5666 ἐνωθῇ
1884 5598 1950 5667 τῇ

2057 3328 2341 3397 ptismum.
2372 3328 2563 3383 Arrhaz
2588 3326 2734 3382 enim
2759 3326 2974 3381 obtinet
3012 3325 3282 3379 rationem
3310 3323 3453 3377 ratio
3490 3331 3639 3377 catc-

2058 3414 2258 3471 chesis.
2292 3413 2396 3480 Qui
2430 3429 2563 3484 ergo
2612 3428 2733 3468 eam
2768 3411 3077 3481 corrumpit
3113 3425 3212 3481 per
3247 3409 3633 3465 admistioncm

2059 3505 2356 3575 impiorum
2376 3504 2712 3576 dogmatum,
2745 3503 2860 3574 ipse
2882 3517 3100 3574 quoque
3124 3515 3250 3556 cum
3278 3515 3343 3556 ea
3376 3499 3632 3555 ultimum

2056 3595 2174 3651 luet
2198 3595 2549 3665 supplicium,
2584 3602 2640 3648 et
2661 3592 2927 3649 subibunt
2949 3606 3164 3663 pmnam
3186 3605 3377 3646 eorum
3429 3588 3546 3661 qui,
3571 3601 3638 3645 ut

2057 3687 2265 3744 dictum
2291 3695 2394 3753 est,
2437 3685 2777 3742 admiserunt
2806 3683 3159 3739 adulterium.
3180 3681 3276 3737 Ille
3301 3679 3545 3751 quidem,
3573 3688 3638 3735 ut

2058 3776 2152 3849 qui
2176 3774 2471 3846 deliquerit
2492 3773 2548 3829 in
2567 3774 2853 3828 mulierem
2874 3787 3000 3826 mox
3023 3771 3265 3826 futuram
3284 3770 3343 3825 in
3363 3777 3635 3840 potestate

2058 3868 2265 3939 sponsi,
2307 3867 2392 3923 sui
2432 3866 2687 3937 proximi,
2726 3863 2872 3936 quod
2906 3862 3104 3919 attinet
3134 3861 3202 3917 ad
3232 3862 3501 3916 rationem
3524 3859 3631 3915 bu-

2058 3958 2339 4014 manitatis
2364 3976 2377 4013 :
2411 3957 2527 4014 haec
2556 3972 2711 4023 vero,
2735 3964 2797 4013 ut
2817 3970 2940 4028 qua:
2965 3955 3082 4010 hate
3107 3967 3264 4025 passa
3286 3952 3357 4008 sit
3393 3951 3450 4006 in
3493 3951 3631 4008 civi-

2059 4058 2190 4118 tate,
2232 4050 2288 4105 in
2325 4049 2592 4116 Ecclesia,
2625 4049 2872 4119 inquam,
2914 4046 3010 4101 ubi
3034 4045 3194 4102 multi
3226 4052 3385 4100 erant
3414 4044 3509 4113 qui
3533 4057 3632 4113 po~

2059 4148 2239 4197 terant
2261 4156 2381 4196 eam
2404 4140 2641 4211 eripere,
2665 4148 2721 4195 et
2743 4147 3033 4211 propterea
3053 4136 3200 4209 quod
3226 4151 3335 4191 non
3359 4133 3632 4197 clamarit,

2059 4231 2166 4286 hoc
2203 4230 2504 4286 admiserit.
2550 4249 2569 4281 ι
2605 4229 2662 4285 Si
2704 4237 2888 4283 autem
2914 4226 3206 4290 invenerit,
3232 4221 3432 4294 inquit,
3467 4221 3634 4275 homo

2056 4323 2113 4377 in
2139 4338 2334 4394 campo
2348 4322 2584 4394 puellam
2604 4320 2763 4376 alteri
2789 4319 3137 4390 desponsam,
3158 4323 3215 4372 et
3243 4314 3298 4370 vi
3320 4313 3481 4369 allata
3507 4326 3634 4367 cum

2056 4429 2121 4468 ea
2161 4413 2472 4479 dormierit,
2522 4410 2787 4467 occidetis
2829 4410 3009 4465 solum
3049 4422 3177 4464 eum
3219 4405 3315 4475 qui
3357 4417 3483 4459 cum
3516 4403 3632 4473 ipsa

2059 4506 2326 4562 dormiit:
2362 4503 2783 4561 adolescentulte
2821 4508 3005 4556 autem
3046 4514 3156 4555 non
3198 4497 3306 4552 erit
3346 4504 3632 4567 peccatum

2062 4599 2278 4664 mortis,
2318 4596 2579 4668 quoniam
2618 4594 2674 4649 in
2711 4607 2843 4665 agro
2875 4607 2997 4649 eam
3032 4588 3263 4653 invenit,
3285 4595 3342 4644 et
3377 4585 3632 4641 clamavit

2059 4691 2331 4761 desponsa
2368 4687 2794 4751 adolescentula,
2834 4692 2892 4740 et
2928 4699 3038 4739 non
3063 4689 3182 4738 erat
3206 4679 3302 4751 qui
3325 4693 3485 4749 opem
3523 4676 3632 4732 fer—-

2058 4790 2143 4837 ret
2174 4780 2242 4835 ⁸⁸.
2273 4800 2291 4834 ι
2330 4780 2473 4852 Ager
2501 4779 2649 4835 enim
2675 4785 2761 4834 est
2795 4774 3034 4832 solitudo
3068 4787 3259 4828 eorum
3284 4770 3378 4841 qui
3403 4776 3632 4839 possunt

2057 4888 2217 4944 opem
2253 4873 2420 4936 ferre,
2458 4880 2515 4926 et
2543 4870 2779 4940 penuria
2812 4868 3123 4923 doctorum.
3151 4862 3253 4918 llic
3284 4868 3369 4917 est
3390 4860 3630 4914 violenta

2056 4958 2363 5033 perpessio,
2386 4967 2445 5014 et
2459 4958 2550 5014 cui
2571 4958 2692 5013 dari
2717 4972 2828 5012 non
2853 4960 3035 5026 potest
3067 4951 3353 5009 auxilium.
3382 4950 3450 5005 Et
3476 4949 3621 5014 ideo,

2058 5061 2119 5107 ut
2168 5066 2290 5123 qua:
2332 5050 2407 5105 sit
2436 5047 2836 5111 involuntaria,
2878 5060 2988 5100 non
3033 5053 3121 5100 est
3171 5040 3626 5098 condemnabilis.

2062 5163 2082 5197 ι
2114 5143 2170 5200 Si
2206 5150 2389 5200 autem
2415 5140 2684 5197 invenerit
2721 5138 3009 5210 quisquam
3035 5136 3272 5208 puellam
3330 5134 3620 5205 virginem,

2056 5243 2114 5290 et
2156 5235 2267 5289 vim
2316 5234 2367 5289 ei
2418 5234 2656 5290 affer-ens
2705 5246 2830 5288 cum
2865 5245 2930 5286 ea
2968 5228 3258 5285 dormierit
3290 5235 3348 5282 et
3372 5226 3631 5282 inventus

2056 5323 2246 5389 fuerit,
2280 5323 2433 5379 dabit
2473 5322 2612 5394 patri
2662 5320 3085 5378 adolescentulze
3115 5318 3511 5390 quinquaginta
3541 5316 3629 5372 di-

2057 5414 2319 5471 dracbma
2352 5415 2583 5486 argenti,
2608 5425 2663 5470 et
2701 5415 2807 5470 erit
2851 5413 2971 5485 ejus
3001 5426 3140 5467 uxor
3187 5411 3255 5465 η.
3284 5427 3303 5462 ι
3348 5408 3628 5479 Virginem

2053 5506 2146 5561 hic
2166 5506 2302 5561 dicit
2321 5521 2441 5561 eam
2471 5520 2590 5576 qua:
2615 5505 2835 5561 Christo
2854 5502 3100 5559 nondum
3122 5510 3206 5557 est
3239 5500 3508 5570 desponsa
3530 5511 3633 5567 per

2056 5596 2242 5659 ﬁdem.
2277 5597 2457 5653 adhuc
2497 5607 2679 5652 autem
2715 5606 2899 5652 manet
2919 5594 2970 5651 ei
3009 5593 3235 5655 omnino
3258 5606 3364 5648 non
3394 5590 3627 5663 conjun-

449 5768 493 5802 "
522 5766 693 5822 Exod.
727 5785 833 5837 xxv,
869 5769 960 5836 26,
990 5771 1075 5827 27.
1155 5773 1201 5805 ³⁸
1234 5773 1393 5829 Dcul.
1421 5787 1549 5841 uti,
1579 5772 1665 5825 2‘2.
1746 5774 1790 5805 ⁵⁷
1817 5773 1953 5827 ibid.
1990 5774 2079 5842 23,
2111 5775 2200 5830 ‘24.
2279 5776 2325 5810 ’⁸
2354 5777 2489 5831 Ibid.
2517 5777 2698 5831 95v‘27.
2777 5777 2819 5808 ”
2850 5774 2987 5829 lbid.
3016 5771 3105 5838 9.8,
3141 5772 3230 5827 29.
