4062 6202
396 372 534 430 1957

1771 375 2270 435 COLLECTANEA

3523 378 3655 437 H38

361 534 364 536 ν
395 489 599 556 αὐτῶν,
641 490 733 542 καὶ
760 490 787 541 6
817 491 1016 559 ταῦρος
1064 493 1564 562 λιθοϐοληθήσεται.
1611 513 1629 544 ι
1680 494 1835 546 Ἐπεὶ
1864 491 1965 562 γὰρ

2077 494 2336 550 drachma
2358 497 2572 566 argenti
2599 495 2826 550 domino
2853 510 3069 558 eorum,
3099 511 3151 548 et
3179 505 3367 548 taurus
3389 495 3658 550 obruetur

397 580 648 652 διάφοροι
691 581 741 634 oi
790 582 1205 653 ἀναιρούμενοι,
1241 585 1408 654 ἄνδρα
1463 587 1577 654 μὲν·
1611 586 1704 638 καὶ
1736 587 1973 652 γυναῖκα.

397 672 609 741 νοήσεις
647 671 771 734 τοὺς
821 673 1210 745 παλαιοτέρους
1259 678 1337 736 εἰς
1388 677 1611 746 ἀρετήν.
1649 671 1751 728 Ὧν
1802 676 1830 727 6
1875 675 1973 742 μὲν

400 762 745 833 ἰσχυρότερος
775 766 855 828 εἰς
882 767 1163 838 φρόνησιν,
1194 769 1222 820 6
1254 767 1310 820 δὲ
1327 767 1737 836 ἀσθενέστερος.
1765 765 1895 818 Υίὸν
1915 766 1972 818 δὲ

395 853 493 906 καὶ
521 853 800 924 θυγατέρα
847 859 973 922 τοῖις
1004 859 1302 928 νεωτέρους
1340 859 1420 921 είς
1451 859 1681 929 ἀρετήν·
1715 850 1790 910 ὧν
1816 852 1972 920 αὖθις

393 945 424 997 6
451 945 548 1015 μὲν
571 945 941 1017 ἰσχυρότερος,
962 951 979 968 ⁶
996 949 1390 1019 δεδουλωμένος
1412 951 1534 1012 ταῖς
1557 947 1876 1019 ἁμαρτίαις,
1897 939 1973 1000 ὧν

2077 583 2353 653 lapidibus
2387 585 2430 639 ⁸.
2463 604 2479 634 ι
2511 585 2645 640 Nam
2668 587 2926 655 quoniam
2952 584 3156 641 diversi
3187 596 3313 640 sunt
3339 589 3430 656 qui
3459 588 3656 642 interi-

2078 685 2327 742 muntur,
2345 677 2524 731 virum
2545 678 2765 747 quidem
2789 689 2843 733 et
2858 679 3142 734 mulierem
3165 679 3435 748 intelliges
3454 680 3657 749 eosqui

2079 775 2209 820 sunt
2235 767 2439 821 virtute
2467 769 2825 837 antiquiores.
2853 768 2928 821 Ex
2963 769 3164 838 quibus
3193 769 3284 822 ille
3312 768 3535 838 quidem
3575 777 3653 822 est

2063 858 2133 911 'in
2158 858 2448 927 prudentia
2484 859 2782 923 robustior,
2810 860 2901 912 hie
2929 875 3058 914 vero
3078 860 3422 914 imbecillior.
3457 860 3653 915 Filium

2077 957 2262 1003 autem
2283 959 2338 1004 et
2363 948 2551 1014 tiliam,
2573 965 2668 1005 eos
2696 951 2789 1019 qui
2819 950 2873 1004 in
2911 951 3113 1006 virtute
3139 951 3555 1022 suntjuuiores,
3590 969 3653 1005 ex

395 1036 597 1106 ὁμοίως
637 1038 666 1089 6
705 1039 804 1108 μὲν
853 1040 1234 1110 ἰσχυρότερος,
1280 1042 1308 1093 ὁ
1334 1039 1390 1092 δὲ
1427 1039 1835 1108 ἀσθενέστερος.
1877 1035 1965 1087 Διὰ

2074 1037 2277 1106 quibus
2312 1054 2507 1094 rursus
2546 1038 2637 1094 ille
2681 1041 2904 1109 quidem
2949 1050 3033 1098 est
3073 1041 3372 1104 robustior,
3407 1041 3498 1096 hic
3524 1058 3656 1096 vero

395 1125 453 1180 δὲ
480 1129 580 1198 τῆς
608 1129 911 1193 ἀποτίσεως
929 1132 1022 1183 τοῦ
1047 1133 1330 1202 ἀργυρίου,
1363 1133 1459 1201 τὴν
1491 1131 1745 1185 ἐλάττονα
1772 1127 1976 1198 ζημίαν

395 1220 639 1290 ᾐνίξατο.
689 1223 762 1275 Οὐ
812 1223 922 1294 γὰρ
965 1226 1079 1278 ἴσον
1134 1228 1213 1289 εἰς
1251 1227 1454 1296 ζημίαν
1503 1219 1829 1295 ἀμαρτωλοῦ
1880 1219 1974 1272 καὶ

396 1311 604 1365 δικαίου
632 1313 878 1377 θάνατος.

2078 1128 2426 1184 imbecillior.
2481 1131 2723 1185 Puerum
2778 1141 2959 1186 autem
3008 1142 3063 1188 et
3099 1134 3375 1199 ancillam,
3423 1150 3518 1189 eos
3562 1134 3654 1203 qui

2075 1228 2204 1274 sunt
2259 1219 2441 1275 adhuc
2481 1223 2778 1292 mancipati
2813 1223 2985 1288 vitiis,
3046 1241 3110 1278 ex
3160 1225 3362 1294 quibus
3401 1225 3654 1279 similiter

2076 1311 2167 1366 ille
2200 1312 2420 1380 quidem
2450 1323 2535 1368 est
2559 1314 2861 1377 robustior,
2891 1314 2980 1368 hic
3005 1331 3137 1371 vero
3174 1315 3525 1371 imbecillior.
3553 1316 3654 1369 l‘er

396 1405 609 1475 argenti
647 1415 828 1461 autem
867 1409 1218 1471 solutionem,
1257 1409 1526 1463 minorem
1574 1408 1800 1460 multam
1848 1401 2012 1455 tacite
2052 1403 2397 1472 signiﬁcavit.
2441 1406 2754 1460 Peccatoris
2793 1407 2942 1460 enim
2983 1415 3037 1460 et
3069 1407 3207 1476 justi
3247 1423 3394 1460 mors
3421 1423 3530 1460 non
3571 1416 3650 1460 est

397 1511 497 1565 par
535 1497 724 1550 multa.

409 1589 552 1666 .Edtj
603 1607 768 1666 τινος
817 1590 1034 1666 τίξῧρος
1091 1593 1383 1666 κιιίρατὶονῃΔ
1417 1593 1534 1666 ,τὸν
1587 1591 1809 1666 ταῦρον
1861 1584 1968 1666 τοῦ

465 1661 884 1743 πλησίονιθκαί
915 1663 1165 1743 {Elaver}
1191 1659 1652 1743 ,_d:~zoadia'o_rrat
1685 1659 1796 1743 τὸν
1829 1659 1967 1743 rat?-

456 1746 572 1800 ρον
596 1730 932 1800 τὸν-ζῶντα,
963 1734 1061 1785 καὶ
1095 1733 1432 1788 διελοῦνται
1455 1733 1520 1785 τὸ
1552 1733 1835 1800 ἀργύριον
1866 1730 1969 1780 αὺ-

465 1799 594 1864 τοῦ,
629 1799 728 1852 καὶ
761 1803 865 1853 τὸν
894 1800 1114 1869 ταῦρον
1145 1804 1252 1857 τόν
1283 1801 1573 1857 τεθνεῶτα
1589 1799 1962 1855 διελοῦνται.

2079 1580 2136 1635 Si
2176 1582 2326 1650 cujus
2367 1590 2550 1637 taurus
2589 1600 2753 1636 cornu
2792 1584 2999 1652 petierit
3040 1594 3256 1636 taurum
3303 1588 3563 1654 proximi,
3606 1599 3652 1641 et

2151 1655 2307 1722 fuerit
2331 1662 2589 1717 mortuus,
2626 1654 2843 1706 vendent
2876 1663 3089 1706 taurum
3127 1662 3411 1719 mortuum,
3445 1666 3491 1709 et
3521 1659 3654 1712 divi-

2146 1724 2272 1844 ἔριδι
2309 1725 2433 1821 6ejus
2485 1725 2784 1793 peemziam,
2837 1732 2884 1776 et
2939 1733 3152 1778 taurum
3201 1735 3466 1780 mortuum
3522 1727 3656 1782 άίυίο

2183 1800 2268 1844 eut
2337 1834 2347 1843 .

2183 1800 2268 1844 eut
2309 1800 2347 1843 δ.

477 1887 606 1941 Ἐἀν
657 1890 788 1960 παρ’
839 1891 936 1958 οὐχ
996 1891 1208 1954 ἑκόντος
1253 1892 1396 1954 τινὸς
1449 1891 1622 1962 ζημία
1678 1891 1965 1960 γενήσεται

2143 1882 2197 1938 Si
2235 1885 2503 1938 anolente
2536 1883 2720 1953 aliquo
2747 1883 2913 1937 fuerit
2937 1883 3211 1953 quispiam
3235 1902 3374 1939 noxa
3406 1887 3652 1954 allectus,

396 1975 531 2048 πρὸς
558 1977 680 2032 τινὰ
703 2019 719 2043 ,
752 1982 780 2032 6
814 1979 913 2048 μὲν
940 1981 1238 2050 ζημιωθεὶς
1271 1983 1700 2053 πμμετασχὲτω
1731 1982 1826 2034 τοῦ
1862 1998 1971 2033 πα-

397 2068 753 2138 ραμείναντος
783 2072 1006 2144 κέρδους
1033 2073 1111 2143 τῷ
1147 2074 1511 2143 ζημιώσαντι,
1546 2075 1574 2126 ὃ
1606 2073 1860 2144 δηλοῦται
1883 2071 1971 2126 διὰ

394 2159 486 2212 τοῦ
527 2159 728 2225 ζῶντος
760 2162 840 2215 ἔτι
873 2164 1101 2234 ταύρου.
1151 2166 1207 2218 ’0
1241 2164 1287 2216 δ’
1318 2165 1632 2234 ἀϐουλήτως
1659 2164 1970 2236 ζημιώσας,

396 2251 556 2303 πάλιν
591 2255 1022 2325 συμμετασχέτω
1061 2256 1159 2327 τῆς
1192 2255 1394 2326 ζημίας
1418 2272 1432 2287 ·
1485 2257 1563 2326 τῷ
1612 2255 1966 2327 ζημιωθέντι.

399 2341 464 2392 Ὃ
493 2327 784 2411 γενήσεται
805 2343 894 2398 διὰ
928 2345 1022 2398 τοῦ
1055 2346 1439 2400 συλλυπεῖσθαι
1459 2345 1628 2418 αὐτῷ.
1670 2364 1690 2399 ι
1737 2347 1864 2401 Ἐὰν
1889 2345 1966 2412 δὲ,

392 2430 549 2499 φησὶ,
607 2431 1080 2507 διαμαρτυρηθείη
1131 2438 1259 2507 περὶ
1308 2436 1402 2491 τοῦ
1457 2437 1702 2508 ταύρου,
1758 2437 1967 2509 καὶμὴ

390 2519 629 2593 ἀφανίσῃ
662 2523 851 2589 αὑτὸν,
900 2526 994 2580 καὶ
1021 2526 1184 2598 ἀνέλῃ
1219 2528 1308 2581 τὸν
1357 2528 1556 2600 ταῦρον
1589 2528 1684 2582 τοῦ
1716 2529 1964 2599 πλησίον,

391 2613 638 2668 ἀποτίσει
661 2615 859 2688 ταῦρον
885 2619 1008 2673 ἀντὶ
1036 2619 1132 2673 τοῦ
1155 2621 1379 2693 ταύρου,
1403 2624 1431 2674 6
1455 2622 1512 2675 δὲ
1562 2623 1968 2691 τετελευτηκὼς

389 2706 541 2778 αὐτῷ
571 2707 747 2764 ἔσται.
803 2728 820 2761 ι
867 2711 1038 2776 Είδὼς
1072 2713 1182 2783 γὰρ
1228 2715 1322 2766 καὶ
1364 2713 1440 2784 μὴ
1498 2715 1963 2784 ἀσφαλισάμενος,

390 2797 538 2851 δοκεῖ
589 2802 1139 2871 συγκατεργάσασθαι
1194 2804 1291 2873 τὴν
1349 2805 1629 2874 ἀναίρεσιν
1674 2805 1768 2856 τοῦ
1803 2805 1962 2857 ἁλλο-

389 2890 542 2960 τρίου
565 2907 578 2920 ·
611 2891 694 2944 διδ
723 2892 817 2944 καὶ
844 2894 1155 2947 ἀπαιτεῖται
1201 2896 1298 2964 μὲν
1325 2895 1483 2962 δίκην
1514 2895 1655 2966 ὑπὲρ
1687 2896 1788 2965 τῆς
1819 2897 1965 2951 ἀναι-

391 2981 623 3053 ρέσεως,
673 2983 834 3047 αὐτὸς
889 2984 945 3037 δὲ
1003 2984 1163 3052 μόνος
1218 2985 1511 3054 ζημιοῦται
1559 2988 1700 3044 κατά
1756 2987 1961 3058 ψυχήν.

390 3070 564 3126 Τοῦτο
592 3073 721 3145 γὰρ,
753 3069 927 3144 οἶμαι,
961 3073 1130 3144 δηλοῖ,
1157 3076 1218 3128 τό
1245 3093 1257 3106 ·
1311 3097 1329 3128 ι
1379 3077 1436 3130 'U
1469 3079 1524 3130 δὲ
1559 3078 1962 3151 τετελευτηκὼς

391 3164 540 3235 αὐτῷ
567 3165 741 3220 ἔσται.
787 3186 804 3217 ι

405 3367 542 3440 Ἐὰνί
576 3366 888 3436 ἄνθρωπος
933 3368 1209 3440 κᾴἐπτων
1243 3371 1456 3440 ψυχὴν
1495 3372 1564 3425 ἐκ
1613 3373 1728 3427 τῶν
1783 3375 1963 3429 d681-

460 3437 600 3510 φῶνῄ
633 3440 858 3510 αὐτοῦ,
918 3438 1042 3510 τῶν
1098 3437 1261 3496 υίῶνή
1302 3437 1539 3510 reputt:
1565 3482 1580 3504 ,
1633 3445 1966 3498 καταδυνα-

459 3508 727 3630 ἕ-τερσας
781 3509 1128 3575 ἀποδῶται,
1171 3508 1554 3565 ἀποθανεῖται
1614 3516 1645 3565 ὁ
1692 3516 1964 3582 κλέπτης

491 3595 708 3645 κεινος.

471 3667 531 3722 ’0
560 3668 626 3722 δι’
655 3670 874 3741 ἀπάτης
907 3669 1121 3739 ὑφελὼν
1148 3669 1241 3722 τὸν
1277 3669 1414 3740 δρθά
1441 3674 1658 3741 φρονεῖν
1686 3673 1962 3744 ἑλόμενον,

392 3762 487 3812 καὶ
519 3762 914 3832 μετερχόμενον
953 3763 1067 3832 βίον
1098 3761 1382 3832 ἐλεύθερον
1415 3763 1645 3829 κακίας,
1678 3767 1771 3820 καὶ
1800 3785 1964 3821 κατα-

391 3849 757 3915 δυναστεύσας
804 3854 899 3906 καὶ
943 3851 1274 3923 ἀποδόμενος
1326 3854 1407 3916 είς
1449 3853 1692 3910 δουλείαν
1745 3860 1960 3916 ἀσεϐῶν

391 3940 697 4012 δογμάτων,
738 3944 770 4012 ἦ
805 3943 1132 4012 σωματικῶν
1172 3942 1382 4010 παθῶν,
1427 3946 1778 4004 ἀποθανεῖται
1802 3951 1962 4006 θάνα-

393 4049 481 4086 τον
510 4034 763 4103 ψυχικόν.

405 4145 540 4226 Ἐᾀν
566 4164 655 4226 τις
682 4146 880 4226 κλέψῃ
905 4149 1146 4226 μόσχον
1165 4154 1208 4226 -ἢ
1236 4154 1553 4222 πρόϐατον,
1573 4156 1668 4209 καὶ
1694 4157 1901 4226 σφάξῃ
1925 4161 1962 4225 ἣ

458 4215 780 4282 ἀποδῶται,
804 4225 845 4270 ε’
856 4215 1130 4289 μὸσχὸὺς
1143 4215 1321 4277 decor!
1323 4241 1415 4277 σει
1435 4215 1566 4279 cirri
1589 4228 1693 4281 τοῦ
1699 4215 1959 4297 μ’όσλδυί

464 4307 574 4361 Καὶ
624 4309 652 4361 6
695 4309 891 4380 μόσχος
937 4311 1032 4364 καὶ
1081 4315 1141 4366 τὸ
1199 4316 1469 4384 πρόϐατον
1508 4319 1724 4388 καθαρά
1762 4321 1962 4391 ὁμοίως

394 4399 490 4453 καὶ
533 4398 612 4471 τῷ
658 4399 777 4472 Θεῷ
827 4405 1244 4475 προσαγόμενοι,
1296 4409 1387 4461 καὶ⁵
1432 4411 1598 4481 ἄμφω
1635 4411 1807 4475 τύπος
1855 4414 1962 4466 τῶν

392 4492 774 4564 καθαρθέντων
809 4494 895 4547 διὰ
928 4496 1027 4566 τῆς
1069 4499 1149 4562 είς
1185 4501 1421 4570 Χριστὸν
1460 4503 1695 4567 Trio-tem;
1741 4505 1835 4558 καὶ
1867 4505 1960 4558 τοῦ

2073 1974 2120 2029 is
2159 1976 2382 2045 quidem
2411 1976 2500 2030 cui
2551 1975 2738 2030 datum
2767 1985 2850 2028 est
2895 1975 3178 2040 damnum,
3215 1977 3284 2030 sit
3315 1979 3478 2032 etiam
3517 1979 3653 2032 lucri

2073 2069 2350 2139 particeps
2371 2069 2518 2140 quod
2543 2073 2803 2125 remansit
2823 2073 2873 2126 ei
2893 2072 2986 2141 qui
3010 2072 3270 2126 damnum
3301 2072 3473 2134 dedit,
3508 2073 3652 2140 quod

2067 2157 2289 2226 quidem
2332 2159 2670 2229 signiﬁcatur
2703 2177 2801 2229 per
2839 2169 3058 2216 taurum
3095 2163 3276 2216 adhuc
3310 2163 3515 2217 vivum.
3550 2165 3653 2230 Qui

2072 2259 2256 2302 autem
2285 2266 2414 2325 _non
2468 2250 2782 2304 voluntarie
2833 2251 3095 2306 damnum
3137 2253 3311 2318 dedit,
3358 2271 3551 2308 rursus
3585 2255 3656 2308 sit

2069 2338 2256 2393 damni
2302 2339 2581 2410 particeps
2627 2358 2750 2396 cum
2780 2359 2846 2397 eo
2874 2345 2960 2397 cui
3009 2344 3196 2398 datum
3232 2356 3317 2400 est
3345 2345 3604 2400 dammnn
3640 2365 3652 2400 :

2068 2429 2213 2498 quod
2250 2429 2343 2505 lict
2376 2446 2441 2484 ex
2468 2447 2534 2485 eo
2577 2433 2722 2501 quod
2755 2433 2945 2488 dolore
2984 2435 3145 2488 simul
3181 2451 3304 2489 cum
3342 2451 3409 2492 eo
3447 2437 3654 2490 allicia-

2069 2529 2179 2573 tur.
2229 2540 2245 2571 ι
2278 2520 2373 2575 Sin
2432 2533 2637 2586 autem,
2677 2524 2874 2593 inquit,
2925 2525 2993 2579 de
3037 2534 3194 2580 tauro
3231 2526 3280 2580 ei
3311 2527 3454 2580 facta
3488 2528 3655 2582 fuerit

2065 2612 2420 2676 contestatio,
2454 2622 2663 2667 cteum
2712 2613 2779 2667 de
2838 2614 3021 2668 medio
3084 2632 3193 2668 non
3248 2618 3554 2682 sustulerit,
3597 2627 3653 2671 ct

2067 2711 2285 2756 taurum
2313 2704 2478 2756 vieini
2507 2704 2873 2768 interemerit,
2893 2707 3083 2761 reddet
3111 2718 3323 2761 taurum
3345 2726 3443 2778 pro
3464 2721 3649 2764 tauro:

2065 2795 2161 2864 qui
2192 2802 2278 2849 est
2309 2804 2492 2848 autem
2526 2807 2797 2861 mortuus,
2833 2798 3079 2869 eritcjus
3105 2801 3145 2852 ⁷.
3186 2820 3201 2851 ι
3239 2802 3370 2855 Nam
3393 2804 3488 2872 qui
3515 2805 3653 2858 seic-

2065 2887 2181 2952 bat,
2222 2897 2278 2943 et
2317 2907 2424 2944 non
2461 2891 2626 2954 cavit,
2669 2890 2887 2943 videtur
2919 2893 3081 2947 simul
3114 2892 3422 2947 confecisse
3448 2895 3651 2949 caulem

2062 2980 2251 3044 alieni,
2280 2982 2640 3050 quamobrem
2689 2981 2756 3035 ab
2799 2997 2867 3036 eo
2909 2984 3072 3037 etiam
3103 2986 3349 3053 poscitur
3378 2985 3446 3039 de
3478 2986 3654 3039 inter-

2063 3073 2344 3142 emptione
2417 3073 2790 3143 supplicium:
2835 3082 2890 3128 at
2933 3075 3049 3144 ipse
3094 3083 3277 3130 autem
3312 3077 3462 3131 solus
3497 3077 3652 3129 dam-

2067 3180 2200 3216 num
2227 3164 2431 3233 patitur
2456 3166 2509 3218 in
2535 3165 2733 3218 anima.
2759 3164 2874 3220 lIoc
2896 3166 3065 3230 enim,
3107 3177 3163 3220 ut
3189 3167 3407 3236 opinor,
3445 3169 3652 3237 signiti-

2069 3257 2310 3311 catillud
2339 3277 2349 3311 :
2382 3279 2398 3308 ‹
2432 3259 2535 3323 Qui
2559 3267 2641 3312 est
2676 3268 2856 3313 autem
2887 3269 3161 3323 mortuus,
3197 3263 3303 3316 erit
3341 3264 3482 3332 ejus.
3521 3282 3536 3312 ρ

2068 3373 2125 3427 Si
2163 3375 2315 3425 homo
2363 3375 2629 3442 suﬂ'urans
2667 3376 2905 3427 animum
2960 3391 3023 3426 ea:
3071 3376 3321 3442 fratribus
3365 3376 3472 3427 suis
3524 3374 3646 3439 ﬁliis

2137 3442 2313 3564 [δι-(της
2352 3444 2514 3540 nimia
2559 3443 2723 3511 fretus
2761 3444 2994 3513 potentia
3044 3444 3354 3507 vendiderit,
3397 3445 3646 3497 morietur

2140 3513 2267 3564 furi
2317 3529 2342 3564 e
2406 3552 2417 3564 .

2138 3513 2222 3580 fur
2253 3513 2342 3564 ille
2377 3513 2417 3564 “.

2136 3674 2237 3737 Qui
2263 3673 2390 3727 dolo
2412 3687 2538 3726 eum
2570 3673 2911 3743 subripuerit
2938 3673 3032 3743 qui
3061 3682 3206 3727 recta
3228 3669 3436 3726 sentire
3455 3669 3638 3736 elegit,

2065 3777 2118 3820 et
2152 3765 2500 3836 persequitur
2531 3766 2698 3819 vitam
2722 3782 2752 3820 a
2797 3766 2929 3820 vitio
2963 3766 3213 3827 liberam,
3249 3773 3306 3818 ct
3328 3762 3497 3817 nimia
3531 3761 3640 3815 fre—

2067 3868 2154 3914 tus
2206 3858 2446 3929 potentia
2489 3857 2804 3914 vendiderit
2861 3859 2916 3913 in
2972 3858 3296 3914 servitutem
3345 3856 3639 3925 impiorum

2065 3950 2401 4019 dogmatum,
2445 3957 2540 4002 aut
2579 3949 2950 4018 corporalium
2999 3947 3259 4003 vitiorum
3301 3957 3357 4001 et
3393 3945 3638 4002 atlectio-

2066 4059 2218 4104 num,
2252 4042 2516 4097 morietur
2548 4049 2723 4096 morte
2747 4041 2959 4096 animm.

2065 4156 2122 4210 Si
2189 4159 2264 4210 uis
2304 4158 2593 4228 suffurutus
2619 4159 2802 4280 (luerit
2843 4159 3063 4213 vitulum
3104 4165 3196 4211 aut
3224 4173 3390 4217 (mem,
3427 4165 3474 4208 rt
3508 4156 3640 4208 orvi—

2136 4175 2291 4280 (Zérit.
2334 4236 2424 4280 aut
2463 4230 2614 4280 veudi
2654 4231 2778 4280 crit.
2813 4246 2906 4280 oro
2929 4228 3094 4280 vitulo
3124 4228 3300 4280 reddet
3338 4227 3565 4280 auiuaue
3598 4227 3640 4276 °.

2136 4227 2291 4290 derit,
2334 4227 2424 4281 aut
2463 4227 2778 4291 vendiderit,
2813 4246 2906 4299 pro
2929 4228 3094 4283 vitulo
3124 4228 3300 4281 reddet
3338 4227 3565 4296 quinque
3598 4227 3640 4276 ο.

2136 4321 2204 4375 Et
2241 4320 2448 4376 vitulus
2496 4329 2552 4375 et
2589 4321 2709 4375 ovis
2748 4329 2876 4374 sunt
2915 4320 3171 4374 similiter
3201 4318 3412 4380 mundi,
3446 4326 3501 4370 et
3533 4317 3644 4369 De)

2066 4415 2396 4478 oll'cruutur,
2447 4422 2656 4468 etsunt
2707 4413 2867 4467 ambo
2927 4411 3097 4481 ﬁgura
3135 4425 3326 4465 eorum
3374 4409 3467 4479 qui
3517 4417 3644 4462 sunt

2067 4507 2282 4576 purgati
2308 4521 2406 4575 per
2425 4505 2585 4560 ﬁdem
2615 4506 2668 4559 in
2694 4504 2971 4559 Christum
2996 4513 3052 4558 et
3080 4513 3330 4558 sanctum
3352 4502 3640 4572 baptisma,

391 4586 548 4656 ἀγίου
585 4585 957 4657 βαπτίσματος
979 4627 994 4651 ,
1031 4591 1124 4643 καὶ
1153 4568 1271 4662 Θεῷ
1309 4596 1758 4665 προσαγομένων.
1803 4599 1962 4666 Διχη-

2069 4568 2122 4652 et
2177 4568 2665 4652 beo-oﬂ'eruntur.
2697 4598 2832 4652 Nam
2869 4597 2903 4651 ii
2950 4612 3168 4666 quoque
3195 4595 3416 4649 biﬁdam
3441 4595 3646 4648 habent

390 4677 605 4740 λοῦντες
634 4677 744 4748 γὰρ
777 4680 872 4734 καὶ
901 4671 1048 4734 οὗτοι
1080 4682 1156 4746 ὼς
1189 4683 1279 4736 διὰ
1322 4683 1574 4755 πράξεως
1605 4687 1696 4740 καὶ
1731 4687 1963 4758 θεωρίας

392 4766 695 4837 βαδίζοντες
715 4806 730 4832 ,
760 4769 854 4822 καὶ
892 4772 1242 4842 μηρυκισμὸν
1272 4773 1589 4842 ἀνάγοντες,
1625 4775 1698 4838 ὡς
1733 4777 1832 4844 τὴν
1865 4795 1962 4829 πα-

390 4861 621 4932 χυτέραν
640 4859 734 4914 τοῦ
759 4863 918 4930 λόγου
949 4865 1156 4934 τροφὴν
1184 4866 1683 4930 καταλεπτύνοντες
1726 4867 1804 4930 είς
1837 4867 1962 4920 θεω-

389 4953 512 5023 ρίαν
539 4953 894 5026 ὑψηλοτέραν,
924 4957 1020 5008 καὶ
1043 4959 1164 5019 ταῖς
1185 4957 1358 5021 θείαις
1385 4957 1576 5022 αὐλαῖς
1594 4959 1695 5028 τῆς
1734 4961 1962 5030 Ἐκκλη-

389 5045 512 5108 σίας
544 5045 1011 5116 ὲνσεσηκισμένοι.
1057 5048 1196 5100 Ἀλλ’
1225 5051 1253 5100 6
1301 5050 1400 5119 μὲν
1449 5051 1651 5119 μόσχος
1693 5051 1964 5120 σύμϐολον

386 5134 494 5189 τῶν
519 5135 868 5207 ὑψηλοτέρων
893 5154 908 5168 ·
929 5139 990 5190 τὸ
1011 5138 1066 5191 δὲ
1096 5139 1365 5208 πρόϐατον
1383 5141 1489 5192 τῶν
1521 5142 1962 5213 ὑποϐεϐηκότωψ

393 5227 599 5295 μείζων
652 5228 750 5297 μὲν
794 5228 904 5299 γὰρ
931 5231 960 5281 6
1004 5231 1243 5300 μόσχος,
1280 5236 1430 5302 μεῖον
1477 5234 1535 5287 δὲ
1562 5233 1621 5288 τὸ
1669 5236 1961 5306 πρόὸατον.

402 5317 529 5372 Ἐάν
567 5336 653 5381 τις
697 5319 987 5389 τοιγαροῦν
1018 5323 1295 5392 αἱρετικὺς
1353 5325 1526 5399 κλέψῃ
1577 5327 1702 5381 τινὰ
1754 5327 1966 5383 τούτων

389 5407 691 5479 λεληθότως
712 5449 725 5472 ,
763 5411 856 5463 καὶ
887 5411 1190 5482 ἀπαγαγὼν
1219 5419 1318 5485 τῆς
1348 5417 1632 5482 εὐσεϐείας
1664 5419 1964 5491 ἀποκτείνῃ

388 5503 454 5570 τῇ
486 5501 730 5572 μαχαίρᾳ
767 5501 878 5556 τῶν
907 5503 1120 5557 ἀσεϐῶν
1152 5506 1459 5577 δογμάτων,
1489 5509 1521 5579 ἢ
1548 5510 1823 5562 ἀποδῶται
1857 5513 1962 5565 πά-

2068 4689 2349 4759 ungulam,
2378 4697 2438 4742 ut
2473 4689 2566 4758 qui
2603 4689 2982 4760 ingrediantur
3012 4705 3110 4758 per
3132 4687 3400 4742 actionem
3427 4696 3481 4740 et
3510 4702 3643 4740 eou—

2068 4777 2504 4846 tcmplatiouem,
2535 4787 2591 4832 et
2627 4779 2892 4833 reducant
2921 4777 3368 4840 ruminationem,
3400 4784 3456 4830 et
3492 4791 3643 4830 cras—

2067 4867 2184 4920 sius
2215 4866 2367 4920 vcrbi
2395 4867 2716 4922 alimentum
2750 4867 2805 4920 in
2835 4867 3086 4921 altiorem
3110 4865 3486 4920 comminuant
3509 4880 3641 4918 eon~

2069 4958 2498 5028 tcmplationcm,
2550 4969 2604 5012 et
2644 4959 2989 5012 stabulentur
3015 4959 3066 5011 in
3101 4957 3305 5015 divinis
3342 4958 3499 5011 atriis
3538 4957 3641 5010 Ee-

2065 5050 2264 5106 clesim.
2303 5049 2408 5104 Sed
2436 5049 2642 5103 vitulus
2670 5049 2893 5119 quidem
2916 5059 2998 5102 est
3018 5049 3326 5120 symbolum
3349 5050 3602 5103 altiorum
3625 5066 3635 5100 :

2064 5139 2183 5194 ovis
2220 5148 2402 5194 autem
2429 5139 2769 5192 inferiorum.
2807 5137 2938 5191 Nam
2973 5138 3143 5207 major
3174 5138 3394 5207 quidem
3421 5148 3507 5191 est
3558 5139 3638 5190 vi-

2067 5231 2234 5292 tulus,
2257 5229 2376 5282 ovis
2401 5243 2529 5282 vero
2555 5227 2753 5279 minor.
2795 5226 2850 5280 Si
2876 5226 3144 5295 quispiam
3187 5243 3316 5294 ergo
3351 5227 3642 5279 hzeretieus

2067 5338 2135 5375 ex
2163 5320 2230 5374 iis
2251 5320 2488 5388 aliquem
2523 5318 2659 5372 clam
2690 5317 2854 5370 fuerit
2889 5317 3210 5379 sumiratus,
3251 5327 3306 5371 et
3340 5318 3638 5370 abductum

2071 5429 2100 5467 a
2120 5413 2321 5482 pietate
2347 5409 2612 5465 occiderit
2643 5409 2824 5478 gladio
2862 5409 3154 5478 impiorum
3184 5409 3516 5477 dogmatum,
3546 5419 3640 5462 aut

2069 5503 2380 5564 vendiderit
2417 5500 2568 5555 vitiis
2592 5509 2646 5553 et
2672 5501 3058 5556 affectionibus
3081 5518 3202 5572 quae
3227 5518 3352 5555 eum
3386 5502 3638 5571 redigunt

457 5641 767 5726 S‘)‘Sup.ple
809 5663 818 5673 '
854 5648 881 5699 ό
911 5648 967 5702 δὲ
1004 5649 1409 5723 ἀσθενέστερος.
1449 5655 1617 5707 Παῖδα
1673 5655 1724 5707 δὲ
1769 5657 1857 5710 καὶ
1888 5657 2198 5726 παιδίσκην,
2239 5655 2363 5715 τοὺς
2393 5649 2492 5709 ἔτι,
2537 5655 2590 5701 οι
2617 5647 2899 5710 οοηιῖιιιιο»
2933 5663 3027 5715 [πυ
3059 5645 3471 5716 δεδουλωμένος.
3509 5647 3625 5713 ,(⁵30

387 5712 784 5776 δεδουλωμένου
795 5731 840 5777 ς.

459 5828 480 5859 ⁸
515 5826 684 5884 Exod.
714 5843 823 5892 xxt,
857 5831 945 5894 51,
980 5830 1065 5885 52.
1146 5832 1323 5888 ⁸1Μᾶ.
1359 5832 1444 5890 55.
1525 5832 1543 5863 ⁷
1574 5832 1711 5889 lbid.
1740 5832 1827 5888 56.

1905 5835 1925 5866 ⁸
1960 5835 2130 5891 Exod.
2177 5850 2302 5897 xm,
2344 5836 2362 5888 l
2405 5849 2554 5901 seqq.

2635 5835 2652 5865 ε’
2691 5831 2824 5885 ibid.
