4062 6202
485 329 623 400 ίῖἆθ

1670 335 1725 392 8.
1767 339 2041 396 CYRILLI
2075 340 2164 396 ET
2201 340 2510 400 ALIORUM

3582 346 3719 403 me

484 446 541 501 in
588 444 944 507 servitutem,
997 445 1391 501 convenienter
1447 448 1788 520 proportioni
1851 449 2019 522 priori

2154 450 2272 506 θεσι
2320 453 2741 509 καταδουλοῦσιν
2804 453 2987 519 αὐτὸν,
3039 453 3299 523 ἀνάλογον
3348 455 3415 524 τῇ
3474 456 3718 527 προτέρᾳ

481 537 702 592 virtutis
726 536 843 606 ejus
882 536 977 605 qui
1016 536 1165 594 furto
1202 537 1498 609 subreptus
1526 548 1631 607 est,
1659 540 1808 598 dabit
1838 557 2047 613 pmnas.

480 628 593 682 lloc
613 626 760 682 enim
784 626 1123 697 signiﬁcatur
1150 644 1247 699 per
1279 629 1540 688 damnum
1568 634 1745 703 majus
1767 642 1823 690 et
1846 635 2046 690 minus.

486 736 505 767 ι
543 717 600 773 Si
642 726 823 771 autem
874 718 933 773 in
962 718 1127 789 fossa,
1156 722 1353 792 inquit,
1385 723 1475 778 fur
1494 725 1664 780 fuerit
1690 726 1963 792 inventus,
1993 735 2050 781 et

478 822 772 875 percussus
803 808 969 865 fuerit
988 821 1260 879 mortuus,
1280 831 1393 871 non
1416 816 1778 887 imputabitur
1800 817 1997 873 caedes.
2022 836 2041 871 ι

478 901 614 955 Eum
658 902 806 956 enim
861 904 954 973 qui
991 904 1269 961 invenitur
1329 907 1597 965 eﬂ'odiens
1640 910 1941 967 Ecclesiam
1987 920 2049 967 ut

473 991 774 1047 suti'uretur
818 997 1077 1062 animam,
1121 999 1167 1052 si
1209 1000 1335 1068 quis
1375 999 1516 1056 forte
1542 1002 1901 1067 interfecerit,
1934 1019 2046 1059 non

473 1089 557 1135 est
591 1096 717 1137 reus
751 1084 935 1150 czedis,
976 1087 1121 1155 quod
1164 1089 1361 1144 attinet
1400 1090 1469 1145 ad
1503 1091 1679 1162 legem
1720 1092 1960 1159 civilem,
1985 1101 2047 1149 ut

469 1172 566 1241 qui
614 1187 742 1227 eum
794 1175 1115 1232 interﬁcerit
1150 1180 1244 1248 qui
1295 1181 1581 1238 manifeste
1610 1192 1667 1237 et
1696 1184 2045 1254 impudenter

468 1263 848 1319 latrocinetur.
864 1285 880 1317 ι
903 1266 997 1321 Sin
1021 1277 1225 1335 autem,
1246 1270 1445 1340 inquit,
1464 1288 1629 1343 super
1648 1289 1775 1329 eum
1797 1284 1951 1331 ortus
1974 1276 2047 1332 sit

468 1354 572 1417 Sol,
616 1370 740 1408 reus
778 1357 885 1411 erit
910 1358 1076 1412 credis
1095 1360 1189 1427 qui
1222 1375 1348 1415 eum
1380 1362 1739 1418 interfecerit.
1776 1383 1795 1415 ι
1825 1364 1962 1419 Nam
1996 1365 2041 1420 si

468 1455 635 1510 super
655 1458 780 1496 eum
806 1444 921 1513 qui,
949 1453 1009 1498 ut
1032 1445 1263 1512 dictum,
1278 1448 1512 1515 furatur,
1531 1452 1745 1507 oriatur
1762 1455 1843 1509 sol
1864 1455 2041 1524 paeni-

469 1533 652 1587 tentize
688 1543 744 1588 et
776 1535 1013 1604 pietatis,
1045 1554 1175 1594 reus
1205 1541 1311 1594 erit
1344 1542 1438 1611 qui
1466 1543 1829 1609 interfecerit,
1858 1552 1921 1599 ut
1947 1552 2044 1615 qut

466 1623 616 1691 pium
645 1626 911 1681 occiderit
937 1636 993 1683 et
1016 1630 1112 1699 qui
1139 1641 1224 1686 est
1253 1632 1498 1701 ejusdem
1528 1633 1674 1688 fidei.
1704 1653 1722 1685 ι
1745 1634 1841 1689 Sin
1858 1644 2042 1691 autem

392 1758 397 1769 ,
464 1730 572 1768 non
601 1716 729 1779 sint,
756 1718 951 1787 inquit,
976 1720 1025 1775 ei
1051 1720 1356 1789 facultates,
1386 1724 1659 1780 vendatur
1686 1741 1788 1795 pro
1818 1726 1984 1783 furto.
2010 1746 2029 1781 ι

2150 541 2319 614 ἀρετῇ
2354 544 2449 599 τοῦ
2500 545 2803 610 κλαπέντος
2828 585 2845 612 ,
2878 545 3127 601 ἀποτίσει
3174 545 3352 617 δίκην.
3396 544 3568 600 Τοῦτο
3608 552 3718 619 γὰρ

2148 635 2403 704 δηλοῦται
2461 634 2548 690 διὰ
2603 636 2705 705 τῆς
2768 635 3015 706 μείζονος
3071 635 3274 707 ζημίας
3332 636 3429 688 καὶ
3468 636 3710 705 μείονος.
3764 666 3773 715 ρ

2153 744 2174 779 ι
2196 725 2321 780 Ἐὰν
2350 726 2405 780 δὲ
2428 728 2485 780 ὲν
2506 726 2584 798 τῷ
2601 726 2942 798 διορύγματι,
2975 727 3157 798 φησὶν,
3187 726 3383 797 εὑρεθῇ
3404 727 3433 780 6
3455 726 3714 797 κλέπτης,

2148 816 2209 889 [f.
2241 818 2297 873 d.
2319 816 2436 890 καὶ]
2462 818 2687 889 πληγείς
2709 817 2973 889 ἀποθάνῃ,
2999 818 3061 870 οὐ
3092 816 3471 887 λογισθήσεται
3491 817 3662 885 φόνος.
3686 834 3706 869 ι

2147 910 2250 963 Τὸν
2282 910 2390 980 γὰρ
2416 909 2804 980 εὑρισκόμενον
2831 908 3170 977 διορύττοντα
3212 908 3309 978 τὴν
3368 908 3709 979 Ἐκκλησίαν,

2146 1001 2233 1055 ῐνα
2256 999 2426 1072 κλέψῃ
2454 998 2651 1070 ψυχὴν,
2675 1001 2723 1052 εί
2738 1000 2877 1071 τύχῃ
2900 1016 2981 1062 τις
2997 997 3221 1064 ἀνελὼν,
3239 998 3339 1051 οὐκ
3353 999 3594 1067 ἐνέχεται
3614 1000 3710 1067 φό-

2144 1108 2239 1161 νῳ,
2256 1091 2378 1145 ὅσον
2406 1092 2499 1144 ἐπὶ
2525 1089 2603 1161 τῷ
2631 1089 2892 1161 πολιτικῷ
2911 1089 3079 1159 νόμῳ,
3107 1088 3183 1152 ὡς
3214 1087 3590 1159 φανερώτερον
3617 1088 3709 1141 καὶ

2142 1181 2513 1253 ἀναισχύντως
2539 1180 2887 1255 λῃστεύοντα.
2918 1201 2937 1234 ι
2982 1180 3105 1235 Ἐὰν
3130 1181 3189 1234 δὲ
3222 1180 3494 1253 ἀνατείλῃ,
3525 1180 3704 1251 φησὶν,

2143 1273 2230 1326 ἐπ’
2262 1273 2423 1326 αὑτὸν
2445 1272 2474 1324 6
2500 1272 2669 1343 ἥλιος,
2701 1273 2883 1342 ἔνοχος
2929 1271 3083 1326 ἔσται
3112 1273 3140 1325 6
3170 1270 3395 1325 ἀνελών.
3437 1290 3454 1321 ι
3512 1272 3571 1324 Ei
3599 1272 3707 1342 γὰρ

2143 1364 2237 1417 ἐπὶ
2271 1363 2396 1427 τὸν,
2429 1363 2505 1427 ὡς
2534 1365 2748 1436 είρηται
2777 1402 2793 1427 ,
2846 1362 3151 1418 κλέπτοντα
3190 1362 3446 1434 ἀνατείλῃ
3485 1362 3514 1414 6
3559 1363 3707 1432 ἥλιος

2142 1453 2241 1522 τῆς
2275 1452 2562 1522 μετανοίας
2594 1452 2690 1505 καί⁵
2741 1451 2841 1521 τῆς
2886 1450 3168 1515 εὐσεϐείας
3195 1489 3212 1516 ,
3262 1450 3449 1520 ένοχος
3497 1449 3645 1504 ἔσται
3673 1450 3703 1504 6

2142 1541 2367 1607 ἀνελὼν,
2392 1541 2468 1605 ὡς
2496 1540 2692 1612 εὐσεϐῆ
2726 1542 2822 1595 καὶ
2851 1542 3142 1611 ὀμόπιστον
3166 1540 3477 1615 ἀνῃρηκώς.
3516 1559 3535 1593 ι
3584 1540 3704 1594 Ἐὰν

2142 1631 2202 1686 δὲ
2235 1633 2313 1704 μὴ
2340 1632 2561 1703 ὑπάρχῃ
2582 1630 2732 1703 αύτῷ
2749 1671 2766 1696 ,
2798 1634 2951 1703 φησὶ,
2979 1633 3244 1705 πραθήτω
3273 1634 3395 1688 ἀντὶ
3422 1632 3516 1703 τοῦ
3548 1632 3705 1701 κλέμ-

2151 1742 2339 1796 ματος.
2380 1741 2399 1776 ι
2428 1724 2532 1777 Τὸν
2570 1724 2678 1795 γὰρ
2713 1724 2787 1796 μὴ
2817 1726 3008 1795 ἔχοντα
3047 1726 3262 1798 λύτροις
3305 1727 3701 1798 ἀποκρούεσθαι

467 1804 662 1860 Furem
678 1809 825 1861 enim
846 1808 943 1877 qui
956 1811 1137 1879 pretio
1150 1828 1257 1866 non
1273 1823 1450 1882 potest
1466 1816 1672 1871 crimen
1686 1788 2025 1887 propulsare,

2134 1788 2205 1871 τὰ
2240 1816 2562 1888 ἐγκλήματα
2582 1788 3023 1887 κλέπτην,”λέγω
3053 1817 3117 1889 δὴ
3150 1788 3384 1889 τρόπους
3418 1788 3702 1889 μετανοίας

464 1896 675 1961 modos,
712 1897 954 1968 inquam,
1012 1902 1349 1971 pcenitentize
1395 1914 1451 1960 et
1475 1906 1906 1963 satisfactionem
1933 1925 2034 1979 pro

460 1988 720 2056 peccatis,
748 1990 902 2044 novit
928 1993 1159 2048 verbum
1186 2011 1311 2048 eum
1335 2010 1455 2051 esse
1473 1997 1755 2053 infamem.
1784 1998 1917 2055 Nam
1936 2000 2031 2069 qui

460 2080 735 2144 venditur,
760 2091 842 2137 est
864 2084 1099 2139 infamis.
1136 2106 1154 2137 ‹
1173 2086 1267 2142 Sin
1287 2098 1467 2143 autem
1491 2089 1913 2159 deprehensum,
1940 2091 2031 2145 in-

459 2176 600 2239 quit,
634 2172 797 2227 fuerit
816 2183 871 2230 et
892 2175 1173 2232 inventum
1201 2178 1255 2232 in
1282 2194 1445 2233 manu
1462 2180 1580 2249 ejus
1608 2180 1835 2245 furtum,
1857 2182 2031 2237 solvet

456 2260 703 2331 duplum.
717 2284 733 2315 ι
757 2265 891 2319 Nam
911 2281 1037 2321 cum
1054 2269 1299 2322 nondum
1316 2270 1618 2339 deportarit
1634 2269 1700 2324 ad
1724 2272 2027 2336 interitum.

450 2355 723 2410 modicam
787 2357 995 2414 subibit
1046 2360 1293 2414 multam.
1353 2361 1486 2414 Nam
1540 2362 1687 2431 quod
1733 2378 1890 2417 suum
1944 2372 2029 2419 est

458 2448 685 2517 recipiet
734 2449 1009 2516 dominus,
1041 2462 1095 2507 et
1128 2468 1158 2506 a
1200 2452 1320 2508 fure
1355 2453 1484 2507 furti
1514 2454 1693 2525 exiget
1734 2454 2024 2511 rationem.

527 2540 697 2596 Iussit
727 2542 813 2597 lex
834 2558 933 2612 per
966 2543 1203 2615 Moysem
1228 2560 1298 2600 ne
1336 2546 1405 2599 ad
1438 2546 1641 2600 bellum
1677 2547 2025 2617 procederet,

455 2652 633 2705 neque
673 2636 767 2706 qui
817 2652 1012 2691 novam
1057 2636 1280 2691 domum
1318 2636 1629 2703 aedificavit,
1660 2649 1717 2693 et
1754 2654 1872 2693 eam
1916 2654 2025 2695 non

456 2726 765 2781 dedicavit:
798 2743 898 2783 nec
928 2728 974 2783 is
1004 2728 1097 2799 qui
1128 2730 1395 2799 plantavit
1416 2730 1634 2785 vineam
1656 2740 1713 2786 et
1736 2747 1803 2786 ex
1825 2746 1889 2786 ea
1915 2747 2026 2786 non

453 2828 537 2873 est
574 2820 791 2873 laetatus
826 2835 1043 2890 :neque
1069 2820 1161 2890 qui
1207 2820 1500 2890 despondit
1542 2838 1767 2877 uxorem
1817 2832 1873 2878 et
1904 2838 2025 2878 eam

454 2924 564 2962 non
625 2909 837 2977 accepit
894 2928 906 2963 :
956 2927 1133 2980 neque
1198 2912 1291 2979 qui
1352 2922 1435 2966 est
1485 2912 1711 2967 timidus
1762 2914 1929 2969 corde
1958 2914 2019 2968 ‘°.

455 2998 651 3067 Figura
686 3007 868 3051 autem
911 3000 1032 3068 ejus
1077 3000 1170 3069 qui
1216 3001 1633 3064 habitationem,
1676 3018 1785 3056 non
1839 3012 2021 3058 autem

2133 1908 2229 1963 καὶ
2256 1908 2674 1979 ἀντισηκώσεως
2699 1908 2807 1961 τῶν
2829 1909 3255 1980 ἡμαρτημένων,
3282 1910 3477 1979 ἄτιμον
3511 1907 3646 1963 οἶδεν
3670 1912 3700 1965 6

2131 1998 2289 2068 λόγος
2309 2014 2323 2030 ο
2351 2000 2379 2053 ὁ
2411 1997 2519 2070 γὰρ
2548 2000 3016 2070 πιπρασκόμενος,
3053 1999 3267 2069 ἄτιμος.
3304 2019 3323 2052 ι
3365 2001 3491 2054 Ἐὰν
3518 2001 3575 2054 δὲ
3604 2018 3700 2053 κα-

2130 2088 2414 2162 ταληφθῇ,
2450 2090 2620 2159 φησὶ,
2652 2090 2749 2144 καί⁵
2800 2090 2995 2162 εὑρεθῇ
3040 2092 3097 2143 ὲν
3137 2094 3203 2162 τῇ
3239 2091 3383 2161 χειρὶ
3426 2091 3591 2144 αὐτοῦ
3640 2092 3700 2145 τδ

2131 2181 2373 2252 κλέμμα,
2399 2180 2619 2235 διπλοῦν
2640 2182 2908 2236 ἀποτίσει.
2944 2200 2962 2233 ι
3000 2182 3090 2253 Μή
3112 2198 3199 2235 πω
3224 2182 3333 2251 γὰρ
3358 2182 3699 2251 ἀποκομίσας

2130 2273 2209 2336 εἰς
2237 2270 2684 2343 δλεθρον,όλίγην
2711 2271 3076 2342 ύποστήσεται
3102 2270 3305 2340 ζημίαν
3322 2286 3337 2301 ο
3367 2271 3697 2340 ἀναλήψεται

2128 2364 2237 2435 γὰρ
2263 2362 2424 2416 πάλιν
2446 2361 2509 2415 τὸ
2535 2363 2734 2416 οἰκεῖον
2763 2364 2791 2416 6
2819 2364 3107 2432 δεσπότης,
3137 2364 3231 2416 καὶ
3263 2364 3695 2435 προσαπαιτήσει

2126 2457 2217 2511 τὸν
2248 2455 2487 2525 κλέπτην
2520 2454 2710 2523 λόγους
2747 2456 2843 2525 τῆς
2874 2456 3099 2525 κλοπῆς.

2211 2545 2526 2600 Ἐκέλευσεν
2563 2548 2591 2599 6
2621 2546 2709 2598 διὰ
2742 2544 2983 2608 Μωσέως
3021 2544 3184 2615 νόμος
3234 2544 3308 2615 μὴ
3337 2543 3574 2608 ἐξελθεῖν
3612 2546 3693 2608 είς

2127 2636 2396 2707 πόλεμον,
2449 2635 2587 2706 μήτε
2643 2635 2733 2689 τὸν
2787 2634 3217 2705 οἰκοδομήσαντα
3260 2635 3439 2687 οἰκίαν
3480 2634 3690 2705 καινὴν,

2127 2727 2221 2782 καὶ
2260 2728 2334 2798 μὴ
2362 2725 2746 2796 ὲγκαινίσαντα
2784 2726 2954 2795 αὐτὴν
2978 2765 2992 2788 ,
3038 2726 3175 2795 μήτε
3214 2725 3306 2777 τὸν
3353 2725 3698 2793 φυτεύσαντα

2127 2819 2446 2890 ἀμπελῶνα,
2472 2818 2565 2874 καὶ
2598 2818 2671 2889 μὴ
2701 2818 3073 2888 εὐφρανθέντα
3098 2818 3189 2870 ἀπ’
3220 2817 3405 2880 αὐτοῦ,
3443 2818 3577 2887 μήτε
3598 2815 3694 2870 τὸν

2129 2912 2602 2982 μνηστευσάμενον
2647 2913 2903 2979 γυναῖκα,
2931 2911 3024 2963 καὶ
3068 2909 3141 2980 μὴ
3190 2908 3424 2962 λαϐόντα
3478 2908 3642 2978 αὐτὴν
3671 2948 3691 2974 ,

2129 3003 2266 3070 μήτε
2309 3001 2399 3054 τὸν
2431 3001 2602 3054 δειλὸν
2640 3004 2707 3072 τῇ
2755 3001 2970 3071 καρδίᾳ.
2995 2999 3176 3063 Τύπος
3204 3000 3261 3052 δὲ
3294 3000 3386 3053 τοῦ
3426 3000 3523 3070 μὲν
3570 3016 3695 3053 κατ-

455 3090 751 3143 incolatum
802 3100 1124 3159 prasentem
1161 3091 1329 3144 vitam
1376 3092 1682 3156 existimat,
1728 3103 1811 3148 est
1852 3094 1899 3149 is
1927 3095 2020 3164 qui

2128 3092 2322 3153 οικίιν.
2355 3092 2468 3145 ἀλλ’
2494 3093 2557 3147 οὐ
2613 3094 2929 3162 παροικίαν,
2972 3092 3064 3146 τὸν
3098 3093 3341 3163 παρόντα
3378 3092 3493 3163 βίον
3524 3094 3697 3162 ἡγου-

453 3196 649 3234 novam
707 3180 929 3234 domum
977 3180 1310 3235 :edificavit:
1354 3182 1503 3235 avari
1546 3193 1731 3238 autem
1777 3192 1832 3238 et
1880 3185 2024 3239 lucri

2128 3181 2319 3249 μένου,
2362 3180 2461 3252 τὴν
2508 3182 2701 3251 καινὴν
2726 3181 2904 3234 οίκίαν
2934 3183 2951 3201 ⁶
2982 3180 3438 3251 οίκοδομήσανται
3460 3197 3473 3210 ·
3498 3179 3593 3233 τοῦ
3635 3179 3699 3233 δδ

453 3271 676 3341 cupidi,
725 3272 769 3326 is
818 3273 912 3342 qui
959 3273 1226 3342 plantavit
1266 3273 1483 3329 vineam
1526 3290 1791 3331 :carnem
1840 3286 2022 3331 autem

453 3366 687 3419 amantis
736 3374 792 3419 et
834 3365 1145 3430 libidinosi,
1196 3367 1244 3421 is
1302 3367 1395 3436 qui
1439 3366 1732 3436 despondit
1774 3383 2021 3423 uxorem.

452 3460 560 3513 Aut
587 3458 749 3513 etiam
776 3458 935 3512 aliter
976 3475 989 3511 :
1018 3457 1237 3512 Primus
1270 3457 1495 3527 quidem
1524 3466 1608 3512 est
1646 3457 1818 3527 ﬁgura
1847 3458 2022 3513 ambi-

452 3550 575 3604 tiosi
615 3560 670 3604 et
715 3550 901 3620 gloria:
938 3550 1145 3619 cupidi.
1191 3548 1477 3603 Secundus
1512 3557 1718 3613 autem,
1764 3549 1913 3603 avari
1967 3560 2023 3605 et

454 3643 737 3711 pecuniam
776 3642 1030 3696 amantis.
1071 3641 1292 3697 Tertius
1325 3650 1508 3695 autem
1555 3640 1871 3709 voluptarii.
1919 3642 2023 3695 Per

454 3734 567 3788 haec
596 3744 778 3789 autem
820 3733 922 3794 tria
957 3733 1341 3789 indicabantur
1370 3740 1481 3787 tres
1501 3732 1784 3803 generales
1813 3732 2023 3801 species

450 3824 589 3879 vitii.
644 3824 894 3880 Timidus
934 3826 1081 3881 enim
1126 3824 1215 3879 his
1260 3824 1438 3879 tribus
1483 3822 1769 3878 dividitur.
1819 3822 2019 3878 Timidi

447 3923 593 3971 enim
632 3929 759 3972 sunt
803 3934 993 3974 omnes
1018 3918 1111 3988 qui
1156 3917 1242 3973 his
1273 3926 1402 3972 sunt
1438 3916 1684 3972 obnoxii.
1720 3917 1907 3986 Neque
1932 3931 2019 3971 so-

450 4010 559 4063 lum
592 4010 627 4063 ii
654 4010 857 4065 fuerint
880 4010 1105 4080 reprobi
1137 4009 1206 4064 ad
1228 4010 1433 4064 bellum
1455 4008 1602 4078 quod
1634 4009 1782 4063 cadit
1806 4008 1909 4063 sub
1937 4009 2019 4063 in-

447 4102 801 4171 telligentiam
827 4143 841 4166 ,
885 4101 979 4156 sed
1034 4101 1201 4156 etiam
1252 4101 1376 4156 aliis
1416 4108 1671 4155 auctores
1708 4099 1921 4155 timoris
1961 4109 2019 4153 et

446 4191 601 4257 (ἐιςςρ.
630 4191 737 4244 Eos
776 4191 922 4244 enim
952 4190 1152 4244 avertit
1192 4189 1467 4244 dictorum
1490 4188 1747 4243 vitiorum
1775 4188 2013 4253 habitus,

441 4294 496 4336 et
536 4290 897 4351 corrumpunt
925 4281 1099 4336 bonos
1131 4296 1315 4336 mores
1354 4279 1622 4349 colloquia
1661 4294 1828 4349 prava
1854 4279 1915 4333 ¹¹.
1950 4279 2016 4334 Et

444 4374 566 4428 ideo
592 4390 817 4445 magnus
856 4373 1058 4429 Paulus
1082 4389 1177 4429 eos
1206 4373 1495 4442 increpans
1519 4373 1615 4442 qui
1646 4372 2015 4442 prohibebant

2125 3270 2473 3341 φιλοκερδοῦς
2516 3274 2545 3325 6
2580 3272 2670 3325 τὸν
2701 3271 3002 3340 ἀμπελῶνα
3030 3272 3304 3339 φυτεύσας
3329 3285 3344 3300 ·
3393 3271 3488 3325 τοῦ
3537 3270 3699 3340 φιλο-

2125 3363 2328 3430 σάρκου
2357 3364 2386 3415 6
2420 3363 2520 3432 τὴν
2553 3364 2785 3431 γυναῖκα
2819 3362 3315 3432 μνηστευσάμενος.
3345 3362 3417 3414 Ἦ
3455 3361 3551 3414 καὶ
3571 3359 3698 3414 ιτα-

2126 3464 2232 3519 pro;
2256 3467 2269 3481 ι
2313 3450 2370 3502 '0
2400 3449 2615 3521 πρῶτος
2664 3452 2762 3520 μὲν
2792 3449 2885 3503 τοῦ
2916 3448 3211 3519 φιλοδόξου.
3255 3450 3315 3502 Ὀ
3350 3448 3600 3520 δεύτερος
3636 3449 3699 3502 δὲ

2121 3541 2215 3592 τοῦ
2243 3538 2599 3610 φιλαργύρου.
2644 3539 2701 3593 '0
2725 3539 2906 3610 τρίτος
2931 3539 2988 3593 δὲ
3007 3539 3101 3592 τοῦ
3130 3539 3430 3609 φιληδόνου.
3461 3540 3561 3593 Διά
3582 3540 3701 3592 τῶν

2122 3629 2288 3701 τριῶν
2326 3630 2383 3683 δὲ
2414 3629 2618 3683 τούτων
2668 3628 2737 3682 τὰ
2775 3629 2905 3699 τρία
2937 3629 3132 3699 γενικά
3175 3629 3290 3702 εἴδη
3344 3631 3443 3701 τῆς
3490 3630 3703 3694 κακίας

2120 3721 2388 3790 ἐφαίνετο.
2422 3720 2481 3773 Ὀ
2506 3723 2615 3791 γὰρ
2640 3721 2813 3783 δειλὸς
2839 3722 2950 3783 τοῖς
2976 3720 3123 3789 τρισὶ
3152 3719 3361 3783 τούτοις
3384 3720 3706 3791 ὲπιμερίξε·

2118 3827 2226 3865 ται.
2268 3811 2442 3864 Δειλοὶ
2469 3812 2576 3883 γὰρ
2602 3811 2800 3871 πάντες
2832 3811 2882 3863 οἱ
2912 3811 3119 3873 τούτοις
3149 3811 3479 3880 ὲνεχόμενοι,
3514 3812 3610 3863 καὶ
3634 3812 3705 3865 οὐ

2122 3903 2280 3974 μόνον
2309 3902 2557 3972 ἀδόκιμοι
2578 3903 2713 3974 πρὸς
2737 3902 2927 3971 νοητὸν
2954 3901 3208 3971 πόλεμον,
3240 3901 3374 3954 ἀλλά
3398 3902 3491 3954 καὶ
3510 3902 3707 3967 ἄλλοις

2116 3994 2281 4047 αῐτιοι
2312 3994 2537 4062 γένοιντ’
2577 3993 2644 4046 ἂν
2690 3992 2892 4055 δειλίας
2944 3992 3041 4045 καὶ
3074 3990 3275 4059 φυγῆς.
3340 3991 3709 4064 Ἑπιστρέφει

2117 4084 2225 4153 γὰρ
2274 4084 2470 4147 αὐτοὺς
2517 4086 2549 4153 ἡ
2597 4082 2706 4136 τῶν
2750 4083 3059 4154 εἰρημένων
3107 4080 3298 4135 παθῶν
3342 4082 3566 4151 σχέσις,
3596 4084 3708 4136 καὶ

2119 4175 2430 4246 φθείρουσιν
2467 4174 2572 4245 ἢθη
2596 4173 2807 4245 χρηστὰ
2838 4173 3046 4242 ὁμιλίαι
3077 4173 3263 4226 κακαί.
3294 4173 3382 4224 Διὸ
3410 4172 3503 4225 καὶ
3534 4173 3563 4224 6
3592 4173 3703 4239 μέ-

2117 4285 2218 4336 γας
2250 4268 2460 4329 Παῦλος
2484 4264 2753 4335 ὲπιτιμῶν
2787 4269 2898 4328 τοῖς
2931 4263 3232 4317 κωλύουσιν
3262 4263 3427 4319 αὑτὸν
3454 4262 3705 4315 ἀναϐαίο

2116 4377 2229 4415 νειν
2258 4360 2335 4422 εἰς
2376 4358 2741 4427 Ἰεροσόλυμα,
2778 4357 2955 4426 ἔλεγεο
2994 4377 3013 4408 ι
3059 4357 3124 4410 Τί
3160 4358 3364 4409 ποιεῖτε
3410 4354 3708 4419 κλαίοντες

442 4482 510 4521 ne
547 4444 1274 4536 ascenderetﬂierosolyma,
1307 4463 1523 4519 dicebat
1551 4482 1563 4516 :
1598 4482 1616 4515 ι
1646 4463 1788 4530 Quid
1810 4462 2008 4525 facitis,

2128 4448 2210 4502 καὶ
2242 4447 2667 4518 συνθρύπτοντές
2699 4464 2799 4516 μου
2851 4446 2948 4516 τὴν
2979 4445 3245 4516 καρδίαν;
3298 4444 3441 4513 Ἐγὼ
3484 4444 3597 4513 γὰρ
3634 4446 3708 4497 ού

441 4556 635 4611 ﬂentes
659 4566 714 4611 et
735 4564 1083 4611 conterentes
1109 4570 1203 4610 cor
1230 4555 1444 4609 meum?
1467 4555 1580 4625 Ego
1615 4554 1762 4609 enim
1787 4570 1895 4609 non
1918 4569 2008 4609 so-

438 4647 550 4702 lum
585 4646 810 4711 vinciri,
853 4645 949 4701 sed
987 4646 1152 4700 etiam
1192 4646 1330 4700 mori
1364 4661 1485 4699 sum
1518 4655 1741 4716 paratus
1773 4661 1874 4717 pro
1905 4662 2007 4702 no-

438 4740 586 4794 mine
623 4739 841 4794 Domini
871 4739 1047 4793 nostri
1067 4737 1195 4795 Jesu
1217 4737 1423 4794 Christi
1450 4738 1513 4791 ¹¹.
1548 4756 1567 4788 ι

506 4832 561 4888 Si
580 4832 704 4902 quis
724 4840 911 4888 autem
934 4846 1128 4887 recens
1146 4830 1424 4900 acceperit
1446 4845 1691 4896 uxorem,
1715 4846 1825 4886 non
1854 4846 2009 4902 egre.

438 4923 621 4978 dieinr
634 4922 701 4976 ad
726 4923 929 4977 bellum
951 4937 1126 4976 :anno
1147 4937 1256 4976 uno
1280 4921 1577 4975 obiectabit
1603 4937 1827 4977 uxorem
1852 4937 2007 4977 suam

437 5031 599 5085 quani
629 5016 857 5085 accepit.
876 5014 996 5069 Non
1017 5022 1235 5085 oportet
1260 5013 1407 5068 enim
1431 5028 1556 5068 eum
1588 5014 1681 5083 qui
1708 5028 1885 5083 nuper
1906 5013 2007 5067 ha-

439 5105 702 5160 bitantem
732 5119 919 5160 secum
957 5105 1169 5174 accepit
1198 5104 1478 5168 virtutem,
1506 5103 1666 5158 educi
1696 5103 1763 5156 ad
1787 5103 2007 5158 labores

435 5207 493 5250 et
516 5198 945 5266 persecutiones,
968 5197 1145 5252 donec
1173 5199 1293 5268 ejus
1320 5211 1505 5253 amore
1529 5194 1695 5250 fuerit
1716 5196 1965 5263 alligatus
1989 5214 2002 5249 :

440 5289 543 5343 hoc
567 5290 714 5344 enim
742 5290 904 5345 tacite
929 5288 1255 5359 significavit
1285 5288 1475 5344 laetitia
1502 5288 1667 5341 unius
1701 5285 1849 5340 anni.
1874 5286 2005 5341 Tale

437 5380 569 5448 quid
608 5380 858 5435 fecerunt
886 5380 1119 5449 apostoli
1144 5381 1212 5435 iis
1239 5380 1331 5450 qui
1356 5394 1549 5436 recens
1572 5394 1599 5432 a
1625 5378 1883 5448 gentibus
1910 5394 2001 5433 ve-

439 5479 633 5523 nerant
670 5472 738 5525 ad
775 5473 1057 5539 pietatem,
1083 5472 1404 5527 scribentes.
1443 5491 1461 5522 ι
1492 5470 1679 5525 Visum
1719 5478 1805 5525 est
1828 5470 1998 5535 enim,

439 5562 640 5631 inquit,
668 5562 894 5632 Spiritui
921 5576 1108 5620 sancto
1135 5573 1191 5620 et
1211 5564 1373 5619 nobis
1396 5565 1609 5619 nullum
1638 5564 1872 5633 amplius
1900 5578 1996 5617 vo-

514 5747 549 5773 "’
586 5747 739 5799 13:12:.
778 5745 917 5796 νηί
964 5760 1112 5814 seqq.
1190 5746 1223 5775 “
1267 5745 1385 5815 Sap.
1419 5763 1473 5810 ll,
1500 5747 1565 5813 6;
1603 5747 1771 5803 lCor.
1802 5765 1885 5805 xv.
1919 5749 2002 5801 55.

2121 4540 2278 4610 μόνον
2315 4538 2570 4607 δεθῆναι,
2630 4537 2765 4590 ἀλλὰ
2815 4536 2909 4590 καὶ
2952 4536 3243 4590 ἀποθανεῖν
3296 4535 3528 4605 ἑτοίμως
3579 4534 3709 4604 ἔχω

2117 4631 2257 4701 ὑπὲρ
2307 4629 2395 4683 τοῦ
2436 4631 2695 4701 ὀνόματος
2742 4628 2837 4682 τοῦ
2869 4628 3075 4700 Κυρίου
3125 4628 3282 4699 ἡμῶν
3324 4626 3503 4698 Ἰησοῦ
3552 4626 3707 4697 Χρι-

2116 4720 2264 4775 στοῦ.
2299 4740 2317 4773 ι

2197 4835 2324 4888 Ἐὰν
2352 4835 2409 4887 δέ
2439 4851 2523 4898 τις
2583 4833 2720 4904 λάϐη
2766 4834 3000 4902 γυναῖκα
3045 4830 3412 4902 προσφάτως,
3460 4829 3565 4883 οὐκ
3606 4828 3707 4895 ἐξ·

2112 4929 2394 4981 ελεύσεται
2428 4928 2505 4989 εἰς
2547 4924 2819 4995 πόλεμον·
2862 4925 3107 4978 ἐνιαυτὸν
3152 4924 3249 4979 ἕνα
3282 4923 3545 4992 εὐφρανεῖ
3591 4922 3703 4991 τὴν

2114 5021 2347 5088 γυναῖκα
2373 5017 2562 5083 αὑτοῦ,
2589 5018 2652 5087 ἢν
2680 5016 2890 5071 ἔλαϐεν.
2918 5017 2994 5070 Οὐ
3019 5016 3126 5087 χρὴ
3149 5015 3259 5084 γὰρ
3283 5015 3375 5067 τὸν
3404 5015 3528 5083 ἀρτι
3558 5013 3700 5066 σύνο

2112 5125 2265 5161 οικον
2336 5106 2517 5175 ἑαυτῷ
2558 5106 2793 5160 λαϐόντα
2837 5107 2939 5177 τὴν
2980 5105 3181 5177 ἀρετὴν
3235 5106 3316 5167 είς
3360 5103 3557 5166 πόνους
3595 5104 3701 5156 καὶ

2109 5198 2379 5267 διωγμοὺς
2414 5197 2735 5265 ἐξάγεσθαι,
2772 5197 2963 5268 μέχρις
2998 5196 3064 5249 ἂν
3098 5193 3540 5265 καταδεσμηθείη
3566 5194 3696 5257 ταῖς

2110 5288 2512 5359 φιλοστοργξαις
2546 5290 2714 5355 αὐτῆς
2739 5307 2751 5319 ι
2790 5288 2947 5340 τοῦτο
2976 5287 3081 5356 γὰρ
3112 5288 3146 5356 ἡ
3172 5285 3445 5348 ἐνιαύσιος
3482 5283 3695 5354 ὑπεδήο

2109 5380 2280 5434 λωσεν
2300 5380 2625 5449 εὐφροσύνη.
2656 5378 2907 5433 Τοιοῦτόν
2931 5397 2982 5431 τι
3000 5380 3312 5448 πεπράκασι
3346 5377 3440 5429 καὶ
3463 5377 3515 5428 oi
3542 5374 3696 5428 ἀπύ-

2111 5473 2286 5526 στολοι
2314 5475 2426 5533 τοῖς
2461 5472 2517 5538 ἐξ
2547 5471 2715 5523 ἐθνῶν
2741 5471 2867 5541 ἄρτι
2897 5470 3032 5540 πρὸς
3054 5469 3154 5540 τὴν
3181 5468 3462 5520 εὐσέϐειαν
3488 5463 3691 5517 ἐλθοῦ-

2109 5580 2191 5616 σιν
2217 5562 2641 5625 ἐπιστέλλοντες.
2664 5581 2681 5613 ι
2698 5560 2878 5625 Ἔδοξε
2895 5561 3024 5630 γὰρ,
3054 5560 3209 5628 φησὶ,
3237 5558 3314 5627 τῷ
3344 5556 3485 5624 ἁγίῳ
3509 5553 3691 5607 Ilvati—

2088 5750 2124 5779 ’³
2160 5749 2277 5803 Aci.
2315 5760 2422 5811 ut,
2454 5745 2535 5798 15.

3726 4710 3737 4757 ί
