4062 6202
318 275 511 363 ιειι.’

1691 290 2214 368 εοιωετλυειι.

3415 297 3564 354 4N2

303 439 452 504 pars
477 421 570 476 καὶ
595 420 728 508 ἡμῖν
757 417 924 489 μηδὲν
949 415 1110 472 πλέον
1152 415 1490 508 ἐπιτίθεσθαι
1518 416 1647 489 ὑμῖν
1677 416 1843 489 βάρος
1869 458 1886 484 ,

1991 439 2079 504 bis
2109 451 2252 494 onus
2283 436 2587 506 imponere,
2619 447 2784 508 quam
2808 441 2872 490 ut
2895 445 2996 497 vos
3025 428 3348 490 abstineatls
3374 446 3408 489 ι
3446 432 3564 488 lor-

309 511 456 582 πλὴν
498 507 795 580 ἀπέχεσθαι
841 506 985 576 ὑμᾶς
1023 503 1315 584 πορνείας,
1355 505 1450 562 καὶ
1490 507 1719 563 πνικτοῦ
1740 547 1756 578 ,
1789 507 1886 564 καὶ

310 598 570 669 αἵματος,
601 595 698 652 καὶ
724 593 1094 649 είδωλοθύτου.
1125 612 1144 648 ι

323 707 470 763 Ἐάν
503 725 594 774 τις
629 704 843 774 ἀνοίξῃ
878 704 1132 771 λάκκον,
1175 704 1274 760 καί
1300 703 1388 774 μὴ
1412 705 1668 774 καλύψῃ
1701 705 1890 762 αὐτὸν

383 777 648 846 πώματι,
689 775 1083 846 οιαὶ-ἐμπέσῃ
1124 774 1254 830 ἐκεῖ
1279 778 1519 846 μόσχος
1561 774 1600 844 ἢ
1636 774 1816 846 ὄνος,
1854 777 1891 832 δ

381 843 587 914 κύριος
608 844 716 915 τοῦ
757 843 994 915 λάκκου
1028 843 1303 899 ἀποτίσει
1331 843 1621 915 ἀργύριον
1669 844 1888 915 τῷίκυ-

373 913 488 984 ρίῲ
517 914 738 970 αὑτοῦ·
774 914 842 970 τὸ
874 914 945 969 δὲ
975 913 1601 984 τετελευτηκύξᾶσται
1621 914 1812 981 αὐτῷ.

393 1029 450 1084 Ὀ
480 1027 802 1100 ἐμϐαθύνων
824 1029 938 1095 τοῖς
962 1029 1090 1102 περὶ
1115 1029 1215 1100 τῆς
1236 1029 1399 1099 ἁγίας
1423 1028 1654 1102 Τριάδος
1679 1028 1890 1100 δόγμα-

313 1135 418 1183 σιν,
477 1117 511 1188 ἢ
565 1119 680 1181 τοῖς
726 1117 854 1190 περὶ
897 1117 998 1188 τῆς
1045 1117 1198 1182 θείας
1243 1118 1748 1190 ἑνανθρωπήσεως,
1791 1117 1887 1174 καὶ

310 1207 642 1280 ἐξευρίσκων
677 1207 818 1263 ἰδίαν
868 1208 1051 1279 πηγὴν
1087 1208 1342 1276 γνώσεως
1375 1207 1616 1276 ἐκεῖθεν,
1645 1209 1883 1278 ἀσφαλι-

1989 525 2293 591 nicatione.
2313 532 2371 584 et
2388 522 2677 589 sutl‘ocato,
2689 532 2748 580 et
2761 521 3027 594 sanguine
3047 528 3105 578 et
3123 519 3430 594 idolothyto
3447 521 3513 577 ⁸⁸.
3534 541 3558 575 ι
3578 601 3600 629 .

1988 715 2048 774 Si
2075 718 2190 785 quis
2224 714 2497 785 aperuerit
2536 712 2860 785 cisternam,
2900 719 2950 785 et
2987 725 3130 785 ειιιιιΔ
3151 724 3257 764 non
3301 712 3564 785 operuerit

2063 779 2345 850 operculo,
2379 792 2429 838 et
2469 785 2527 838 in
2564 799 2682 837 eam
2720 781 2962 835 ceciderit
2997 779 3194 850 vitulus
3229 779 3561 846 antatium,

2097 849 2303 910 ominus
2341 855 2578 908 cisterna:
2617 852 2780 906 solvet
2824 851 3100 920 pecuniam
3143 849 3354 920 domino
3395 851 3510 920 ejus
3543 867 3563 906 :

2060 926 2200 996 quod
2231 933 2410 979 autem
2445 925 2604 993 fuerit
2632 919 2918 984 mortuum,
2947 921 3044 973 erit
3062 921 3176 989 ejus
3197 919 3259 973 “.

2059 1036 2166 1104 Qui
2204 1035 2476 1106 profunde
2502 1040 2781 1090 scrutatur
2800 1031 3050 1104 dogmata
3080 1041 3283 1087 sancta:
3324 1029 3562 1086 Trinita-

1988 1127 2080 1194 tis,
2115 1135 2266 1182 auta
2286 1127 2399 1181 Deo
2422 1133 2689 1195 susceptae
2727 1123 3106 1189 humanitatis,
3137 1133 3191 1179 et
3216 1123 3368 1180 illinc
3405 1124 3560 1180 inve-

1982 1219 2067 1275 nit
2089 1216 2371 1289 proprium
2392 1215 2598 1272 fontem
2623 1214 2976 1286 cognitionis,
2995 1224 3186 1269 caveat
3205 1230 3274 1270 ne
3290 1214 3562 1286 ejusmodi

309 1299 523 1368 ζέσθω,
568 1299 642 1370 μή
679 1315 796 1364 πως
837 1299 1046 1370 ἑτέροις
1094 1299 1316 1372 ὄλεθρος
1347 1301 1410 1355 τδ
1451 1300 1693 1355 τοιοῦτον
1721 1300 1885 1372 βάθος

1986 1309 2316 1382 profundum
2343 1308 2416 1364 sit
2446 1308 2570 1366 aliis
2599 1308 2850 1373 exitium,
2873 1315 2930 1362 et
2961 1305 3177 1362 occasio
3217 1305 3560 1362 oll‘ensionis.

307 1394 538 1466 γένηται
571 1393 664 1448 καὶ⁵
697 1393 994 1448 σκανδάλου
1032 1394 1328 1466 πρόφασις.
1362 1394 1484 1468 Χρὴ
1522 1387 1631 1469 7&9
1671 1395 1886 1468 φροντί-

311 1485 430 1550 ζειν
456 1484 553 1540 καὶ
579 1484 688 1544 τῶν
725 1486 806 1550 είς
841 1484 1072 1557 ὕστερον
1099 1485 1538 1556 ἐντυγχανόντων
1575 1489 1642 1560 τῇ
1672 1487 1887 1558 ἔξευρε-

309 1576 474 1649 θείσῃ
497 1578 673 1648 πηγῇ.
735 1576 899 1632 Ἀλλά
926 1575 1016 1631 διὰ
1048 1575 1148 1648 μὶν
1177 1577 1274 1631 τοῦ
1318 1576 1519 1649 μόσχου
1548 1577 1610 1632 τὸ
1646 1578 1886 1650 καθαρὸν

309 1665 473 1735 γένος
502 1666 908 1737 ὐπεμφαίνεται
927 1681 941 1696 ⁸
973 1667 1064 1722 διά
1086 1666 1143 1721 δὲ
1170 1666 1266 1722 τοῦ
1295 1667 1417 1722 δνου
1457 1667 1519 1722 τὸ
1551 1668 1882 1738 ἀκάθαρτον,

1983 1402 2214 1474 Oportet
2242 1402 2389 1456 enim
2420 1401 2586 1457 etiam
2612 1415 2802 1456 eorum
2826 1413 3017 1454 curam
3042 1413 3236 1469 gerere
3267 1397 3363 1468 qui
3389 1398 3447 1453 in
3475 1397 3562 1452 in-

1985 1502 2212 1549 ventum
2263 1492 2472 1550 fontem
2507 1499 2696 1562 postea
2738 1488 3010 1546 incidunt.
3061 1487 3168 1544 Sed
3199 1503 3296 1559 per
3324 1487 3562 1542 vitulum

1986 1583 2210 1656 quidem
2239 1583 2514 1639 indicatur
2550 1582 2816 1637 mundum
2845 1595 3020 1653 genus
3044 1595 3059 1634 :
3087 1594 3187 1650 per
3215 1579 3430 1634 asinum
3460 1594 3562 1634 au-

1986 1685 2119 1742 tem,
2152 1674 2520 1740 immundum,
2544 1689 2640 1730 seu
2675 1673 2730 1728 id
2766 1671 2914 1744 quod
2941 1679 3026 1727 est
3055 1671 3112 1727 in
3138 1669 3396 1742 peccatis.
3424 1669 3562 1724 Nam

308 1757 482 1828 ἦγουν
515 1756 577 1811 τὸ
627 1758 684 1811 ὲν
719 1757 988 1830 ἁμαρτίᾳ.
1052 1756 1307 1828 Ὀφλήσει
1339 1775 1400 1812 τε
1453 1757 1564 1829 7&9
1614 1757 1768 1829 δίκην
1804 1759 1882 1829 τῷ

1986 1775 2040 1823 et
2061 1781 2253 1837 poenas
2279 1764 2431 1821 dabit
2463 1765 2575 1822 Deo
2597 1779 2789 1820 eorum
2816 1763 3072 1829 Domino,
3102 1772 3160 1818 et
3183 1762 3234 1818 ei
3265 1761 3562 1832 imputabi-

310 1847 504 1918 Κυρίῳ
528 1846 710 1901 αὐτῶν
755 1847 899 1920 Θεῷ,
933 1846 1028 1902 καὶ
1053 1847 1203 1919 αὐτῷ
1234 1847 1614 1920 λογισθήσεται
1645 1847 1742 1902 τοῦ
1785 1866 1886 1902 πε-

310 1936 570 2002 πονθότος
599 1939 628 1992 ό
659 1937 922 2003 θάνατος,
951 1935 1112 1992 τοῦτο
1151 1937 1261 2008 γὰρ
1287 1938 1469 1994 δίδωσι
1515 1939 1754 1994 νοεῖσθαι
1799 1940 1883 2004 τὺ,

312 2045 335 2078 ‹
376 2027 487 2082 Καὶ
505 2028 568 2082 τδ
596 2029 983 2101 τετελευτηκὸς
1004 2027 1154 2100 αὐτῷ
1186 2029 1360 2086 ἔσται.
1400 2048 1421 2084 ι

323 2139 464 2193 Ἐὰν
486 2139 746 2214 ῥξελθόν
786 2141 909 2214 πῦρ
947 2141 1100 2214 εὕρῃ
1124 2141 1394 2214 ἀκάνθας
1419 2182 1434 2206 .
1483 2143 1584 2198 καί
1625 2159 1887 2214 προσεμο

381 2208 587 2285 ξτρήσῃ
614 2208 917 2280 ἅλωνας-ἢ
946 2208 1282 2281 ἀστάχυας,
1312 2208 1590 2269 ἀποτίσει
1616 2217 1650 2268 ό
1665 2208 1739 2269 τὸ
1761 2208 1884 2285 πῦρ

376 2278 712 2346 ἐκκαύσας.

389 2391 450 2446 '0
494 2392 558 2447 τὸ
607 2392 721 2465 πῦρ
758 2393 855 2449 τοῦ
915 2394 1075 2464 λόγου
1113 2397 1348 2468 ἐπαφεὶς
1395 2399 1498 2463 τοῖς
1546 2398 1886 2455 ἀκανθώδεσι

304 2484 544 2556 δόγμασι
585 2487 695 2542 τῶν
727 2488 1039 2560 αίρετικῶν,
1075 2490 1420 2560 φροντισάτω
1452 2491 1527 2562 μή
1553 2509 1681 2545 ποτε
1708 2509 1888 2565 παρα-

307 2575 488 2649 σλάψῃ
516 2577 612 2633 καὶ
643 2578 786 2634 ἀλων
813 2581 912 2651 τῆς
953 2581 1302 2653 Ἐκκλησίας,
1337 2582 1372 2654 ἢ
1403 2582 1643 2653 στάχυας
1662 2583 1770 2638 τῶν
1805 2585 1889 2638 εὐ-

310 2668 482 2723 σεϐῶν
502 2669 791 2742 δογμάτων
809 2672 1111 2742 τρέφοντας
1128 2673 1326 2744 ψυχὰς,
1351 2675 1386 2746 ἢ
1409 2674 1591 2728 πεδίον
1614 2675 1714 2744 τῆς
1739 2675 1888 2740 θείας

307 2760 528 2832 Γραφῆς
551 2801 565 2826 ,
590 2760 730 2814 λεῖον
755 2763 866 2826 τοῖς
905 2761 1180 2818 ὁδεύουσιν
1203 2763 1400 2832 ὀρθῶς,
1447 2763 1542 2817 καὶ
1579 2764 1745 2834 μηδὲν
1769 2763 1889 2835 ἔχον

306 2850 477 2922 τραχὺ
500 2852 596 2906 καὶ
609 2852 1042 2917 ἀναντες.Πάντα
1055 2853 1184 2926 γὰρ,
1204 2852 1390 2924 φησὶν,
1413 2852 1621 2907 ἐνώπια
1633 2857 1746 2917 τοῖς
1765 2871 1889 2909 συν-

307 2942 484 3010 ιοῦσι,
517 2942 615 2997 καὶ
653 2943 790 3015 ὀρθά
827 2945 943 3007 τοῖς
985 2943 1300 3016 εὑρίσκουσι
1337 2943 1561 3012 γνῶσιν.
1594 2944 1668 2997 Οὐ
1694 2943 1800 3017 χρὴ
1831 2944 1890 3000 δὲ

306 3035 416 3096 τοῖς
461 3033 747 3105 βλαϐεροῖς
790 3035 1193 3088 συνδιόλλυσθαι
1218 3035 1279 3088 τὸ
1311 3035 1571 3107 χρηστὸν,
1618 3036 1744 3092 οὐδὲ
1771 3038 1886 3102 τοίς

305 3124 517 3195 ἀγρίοις
549 3125 1064 3180 συνδαπανᾰσθαιτδ
1093 3127 1318 3198 ἥμερον.

307 3316 495 3386 ιῴέας
543 3317 912 3389 θηριιίλωτον
956 3319 1069 3374 οὐκ
1116 3319 1326 3375 ἕδεσθε
1351 3358 1367 3383 ,
1407 3319 1568 3377 ἀλλὰ
1617 3317 1700 3388 τῷ
1742 3322 1885 3378 κυνί

795 3390 1172 3459 ὐπορῤίψατε
1191 3393 1360 3446 αὐτό.

376 3498 584 3574 Βρῶμα
608 3501 978 3572 πνευματικὸν
1005 3502 1414 3573 διασπαραχθὲν
1439 3500 1656 3571 ἀγρίοις
1685 3502 1887 3573 στόμα*-

306 3609 390 3646 σιν
439 3592 732 3664 αίρετικῶν
786 3593 1128 3664 ἀπαγορέυει
1165 3595 1384 3662 φαγεῖν,
1433 3591 1800 3661 ἀπορρίπτειν
1825 3593 1885 3647 δι

304 3681 466 3737 τοῦτο
492 3683 568 3754 τῷ
610 3684 816 3738 ἀναιδεῖ
852 3685 949 3737 καὶ
989 3683 1266 3754 ὑλακτικῷ
1298 3682 1392 3736 καὶ
1429 3681 1724 3755 ἀκαθάρτῳ
1759 3699 1888 3740 ow-

305 3776 545 3845 τάγματι
574 3775 684 3830 τῶν
709 3775 886 3830 ἄλλων
911 3774 1230 3846 αἱρετικῶν.

383 3885 402 3918 ι
456 3867 580 3922 Ἐάν
600 3851 684 3931 τις
702 3868 814 3938 ἀφῇ
843 3867 905 3920 τὸ
934 3867 1129 3937 κτῆνος
1158 3866 1348 3928 αὑτοῦ,
1376 3867 1470 3922 καὶ
1495 3867 1884 3940 καταὸοσκηθῇ

304 3961 472 4030 ἀγρὸν
497 3961 687 4033 ἕτερον
707 4002 722 4026 ,
751 3959 1002 4013 ἀποτίσει
1035 3961 1100 4012 ὲκ
1131 3959 1228 4013 τοῦ
1260 3959 1432 4030 ἀγροῦ
1459 3960 1625 4016 αὐτοῦ
1650 3962 1790 4016 κατά
1823 3962 1886 4016 τὸ

309 4052 524 4122 γένημα
555 4050 746 4105 αὐτοῦ.
801 4049 930 4104 Ἐὰν
983 4050 1040 4103 δὲ
1081 4052 1261 4107 πάντα
1310 4051 1403 4107 τὸν
1441 4053 1611 4123 ἀγρὸν
1658 4052 1892 4108 καταδο-

309 4141 511 4212 σκηθῇ,
537 4141 604 4195 τὰ
630 4141 879 4212 βέλτιστα
899 4142 995 4196 τοῦ
1019 4142 1188 4213 ἀγροῦ
1207 4144 1395 4210 αὐτοῦ,
1421 4146 1516 4199 καὶ
1530 4145 1600 4199 τά
1625 4146 1888 4201 κάλλιστα

309 4231 404 4286 τοῦ
436 4231 759 4302 ἀμπελῶνος
798 4233 968 4286 αὐτοῦ
998 4233 1270 4288 ἀποτίσει.
1328 4253 1347 4286 ι
1395 4235 1521 4289 Ἐάν
1558 4253 1641 4299 τις
1669 4253 1884 4306 συγχω-

311 4323 452 4393 ρήσῃ
473 4321 551 4392 τῷ
573 4321 787 4394 μαθητῇ
814 4323 979 4377 αὑτοῦ
1008 4325 1350 4394 λυμήνασθαι
1374 4324 1532 4396 λήϊον⁹
1562 4325 1886 4396 Ἐκκλησίας

1987 1866 2078 1912 tur
2104 1873 2255 1914 mors
2293 1858 2414 1929 ejus
2443 1857 2536 1928 qui
2575 1864 2660 1912 est
2686 1871 2901 1927 passus,
2921 1854 3028 1910 hoc
3052 1854 3200 1910 enim
3231 1853 3324 1909 dat
3358 1851 3562 1908 intelli-

1985 1945 2226 2018 gendum
2259 1945 2394 2004 illud
2423 1963 2438 1999 :
2472 1963 2491 1999 ι
2534 1945 2604 2002 Ει
2625 1943 2772 2016 quod
2798 1952 2885 2001 est
2905 1953 3210 2010 mortuum,
3239 1943 3358 2015 ejus
3375 1941 3502 1997 erit.
3533 1958 3557 1994 ι

1985 2153 2044 2212 Si
2067 2157 2204 2228 ignis
2231 2172 2468 2230 egressus
2499 2159 2752 2211 inuenerit
2790 2158 2994 2230 spinas,
3021 2165 3072 2212 et
3092 2155 3384 2213 incenderit
3405 2169 3563 2211 arcas

2519 2237 2568 2281 et
2603 2230 2777 2298 spicas
2809 2229 2851 2259 ⁸⁵
2873 2267 2889 2293 ,
2923 2237 3032 2283 etc.

2053 2406 2160 2475 Qui
2211 2407 2395 2478 ignem
2441 2405 2598 2462 verbi
2639 2405 2888 2462 immittit
2930 2404 2987 2460 in
3044 2403 3263 2478 spinosa
3312 2404 3566 2475 dogmata

1985 2495 2406 2564 haereticorum,
2446 2497 2736 2568 provideat
2765 2513 2836 2554 ne
2873 2497 3033 2552 laedat
3068 2511 3254 2551 aream
3282 2495 3562 2561 Ecclesiae,

1986 2597 2082 2644 aut
2104 2588 2286 2658 spicas
2305 2588 2524 2658 piorum
2554 2589 2872 2657 dogmatum
2896 2601 3018 2656 qua:
3046 2587 3200 2639 alunt
3219 2585 3449 2649 animas,
3468 2593 3566 2639 aut

1986 2692 2243 2746 campum
2275 2676 2475 2734 divinae
2511 2676 2808 2746 Scripturae
2842 2676 3066 2745 planum
3089 2673 3158 2730 iis
3184 2673 3281 2744 qui
3305 2681 3456 2729 recte
3479 2675 3566 2728 in-

1987 2769 2336 2839 grediuntur,
2361 2776 2419 2824 et
2439 2767 2579 2823 nihil
2608 2766 2905 2822 habentem
2944 2781 3199 2840 asperum
3223 2773 3281 2820 et
3307 2764 3562 2820 arduum.

1989 2859 2133 2915 Sunt
2147 2859 2316 2924 enim,
2345 2858 2546 2934 inquit,
2572 2857 2756 2912 omnia
2782 2857 2838 2912 in
2871 2865 3171 2927 conspectu
3201 2856 3269 2912 iis
3284 2857 3378 2927 qui
3403 2857 3565 2913 intel-

1989 2950 2186 3022 ligunt,
2217 2960 2274 3007 et
2311 2959 2462 3006 recta
2485 2950 2553 3005 iis
2573 2948 2668 3020 qui
2693 2949 3000 3004 inveniunt‘
3023 2949 3414 3020 cognitionem.
3443 2949 3566 3005 Non

1990 3050 2212 3114 oportet
2230 3041 2380 3098 enim
2415 3057 2540 3098 cum
2579 3041 2761 3097 noxiis
2790 3041 2955 3096 simul
2978 3042 3162 3111 perire
3183 3042 3332 3113 quod
3356 3043 3564 3098 bonum

1984 3143 2070 3190 est
2107 3152 2120 3187 :
2144 3148 2325 3204 neque
2359 3133 2525 3189 simul
2553 3147 2680 3188 cum
2707 3133 3023 3204 agrestibus
3040 3133 3291 3191 consumi
3331 3133 3388 3189 id
3414 3133 3566 3204 quod

1983 3234 2069 3282 est
2093 3225 2228 3281 mite
2243 3239 2310 3281 ac
2329 3231 2705 3281 mansuetum.

1986 3335 2101 3395 Non
2117 3318 2494 3392 comedendum
2508 3352 2616 3392 esse
2631 3335 2855 3407 quodest
2871 3334 3165 3392 laceratum
3179 3336 3243 3392 ab
3255 3336 3484 3391 animali
3501 3337 3564 3384 η.

2055 3514 2254 3571 Cibum
2289 3511 2634 3584 spiritualem
2657 3511 2959 3568 laceratum
2987 3512 3188 3583 agresti
3218 3526 3316 3568 ore
3339 3511 3564 3567 haereti-

1987 3621 2176 3663 corum
2213 3604 2473 3676 prohibet
2511 3603 2802 3660 comedere
2843 3620 2859 3658 :
2900 3617 3031 3658 eum
3085 3612 3271 3658 autem
3323 3602 3565 3674 abjicere

1987 3695 2296 3768 impudenti
2329 3694 2664 3766 latrantique
2685 3702 2744 3751 et
2774 3693 3074 3753 immundae
3105 3703 3299 3752 turmae
3330 3695 3562 3750 aliorum

1987 3790 2392 3848 haereticorum.

2067 3901 2085 3934 ι
2116 3881 2174 3938 Si
2208 3881 2335 3951 quis
2367 3877 2643 3936 dimiserit
2677 3893 2839 3934 suum
2871 3878 3207 3949 iumentum,
3241 3883 3297 3932 et
3335 3875 3566 3935 alterius

1987 3986 2180 4043 agrum
2207 3971 2468 4040 depastus
2491 3968 2583 4036 sit,
2622 3968 2801 4024 solvet
2826 3983 2896 4024 ex
2927 3967 3046 4038 ipso
3070 3981 3204 4038 agro
3225 3981 3328 4038 pro
3349 3967 3566 4023 ratione

1986 4061 2223 4118 fructus.
2249 4061 2347 4118 Sin
2371 4069 2554 4118 autem
2577 4073 2798 4115 omnem
2823 4073 3016 4130 agrum
3039 4058 3115 4113 sit
3136 4057 3418 4128 depastus,
3442 4071 3566 4126 quae

1987 4165 2118 4210 sunt
2139 4156 2344 4226 optima
2364 4156 2484 4226 ejus
2507 4153 2644 4225 agri,
2667 4162 2725 4208 et
2745 4168 2867 4223 quae
2893 4160 3022 4207 sunt
3045 4151 3417 4222 pulcherrima
3445 4151 3566 4221 ejus

1987 4247 2163 4302 vineae
2201 4247 2378 4302 solvet
2398 4247 2460 4302 ".
2505 4263 2523 4297 ι
2551 4245 2609 4302 Si
2631 4244 2757 4316 quis
2786 4244 3121 4299 concesserit
3161 4259 3261 4297 suo
3293 4241 3565 4312 discipulo

1988 4336 2250 4393 damnum
2277 4338 2476 4394 aﬂ'crre
2507 4337 2677 4408 segeti
2709 4335 2967 4391 Ecclesia:
2988 4334 3199 4390 Christi
3240 4352 3254 4388 ε
3283 4333 3563 4403 siquidem

308 4412 567 4484 Χριστοῦ,
596 4415 645 4466 εί
666 4414 764 4485 μὲν
790 4415 856 4468 ἐκ
884 4415 1083 4485 μέρους
1111 4416 1144 4486 ἡ
1174 4414 1320 4488 λύμη
1359 4417 1586 4484 γίνεται,
1621 4417 1882 4487 ἀνάλογον

1986 4443 2052 4483 ex
2081 4437 2236 4499 parte
2269 4428 2529 4483 damnum
2573 4427 2743 4484 fuerit
2778 4427 2991 4482 illatum
3012 4466 3028 4489 ,
3069 4441 3172 4496 pro
3207 4424 3566 4494 proportione

307 4505 338 4558 ό
383 4503 704 4568 διδάσκαλος
747 4505 1112 4576 ὑποστήσεται
1167 4507 1401 4579 ζημίαν,
1447 4510 1685 4564 οἴκοθεν’
1720 4512 1770 4564 εί
1826 4510 1886 4563 δὲ

309 4599 430 4652 καθ’
458 4599 651 4671 ὀλόκλη
663 4617 754 4672 ρον
781 4641 796 4666 ,
826 4600 956 4668 ὃλην
999 4599 1260 4654 ἀπολέσει
1287 4601 1386 4672 τὴν
1415 4601 1612 4655 ἑαυτοῦ
1653 4601 1838 4672 ψυχήν
1863 4616 1878 4633 ⁸

308 4688 448 4762 αῦτη
497 4691 605 4764 γὰρ
659 4691 726 4746 τὰ
777 4691 1067 4762 βέλτιστα,
1115 4692 1210 4745 καὶ
1252 4691 1322 4746 τὰ
1368 4692 1629 4747 κάλλιστα
1680 4691 1881 4746 αὐτοῦ’

313 4785 528 4850 πάντως
551 4785 645 4840 καὶ¹
681 4786 710 4838 ό
733 4784 1268 4864 καταλυμαινὸμενος
1296 4781 1483 4855 ὑφέξει
1507 4784 1606 4853 τὴν
1632 4784 1809 4856 δίκην.

323 4923 465 4978 Ἐὰν
484 4921 766 4989 εἰσέλθῃς
786 4923 872 4986 εις
896 4920 1005 4974 τὸν
1027 4920 1260 4988 ἄμητον
1287 4919 1397 4975 τοῦ
1422 4919 1689 4984 πλησίον
1731 4934 1850 4973 σου
1869 4961 1886 4985 ,

379 4993 702 5058 συλλέξεις
731 4993 800 5046 ἐν
827 4990 956 5056 ταῖς
984 4991 1158 5058 χερσί
1179 5005 1296 5045 σου
1326 4989 1582 5056 στάχυς,
1619 4990 1718 5044 καὶ
1749 4991 1882 5058 δρέ-

379 5079 578 5116 πανον
604 5064 715 5117 οὐκ
738 5059 1063 5125 ἐπιϐαλεῖς.
1106 5060 1239 5112 Ἐὰν
1264 5059 1332 5112 δὲ
1355 5059 1634 5127 εἰσέλθῃς
1670 5062 1756 5126 εις
1777 5061 1886 5114 τὸν

379 5131 702 5199 ἀμπελῶνα
732 5129 939 5194 αὐτοῦ,
975 5127 1135 5198 φάγῃ
1169 5129 1526 5199 σταφυλὴν,
1571 5130 1721 5183 ὅσον
1760 5132 1882 5199 tiv-

379 5203 504 5325 ἔὴγ
549 5199 1003 5271 ἐμπλησθῆναι,
1044 5201 1132 5265 εις
1167 5198 1237 5252 δὲ
1287 5198 1471 5268 ἄγγος
1513 5200 1624 5253 οὐκ
1676 5198 1880 5255 ἐπιϐα-

420 5289 528 5325 sic.

420 5289 528 5337 εις.

383 5381 459 5434 Οὐ
509 5378 614 5450 χρὴ
656 5379 766 5448 γὰρ
812 5377 1260 5446 κατακεχρῆσθαι
1313 5378 1434 5440 ταῖς
1466 5375 1577 5430 τῶν
1627 5374 1878 5443 ἀδελφῶν

312 5470 552 5535 ἀγάπαις
577 5511 592 5537 ,
628 5471 796 5540 τιμᾷν
822 5468 882 5523 δὲ
915 5466 1272 5536 αὐτάρκειαν,
1304 5469 1366 5521 τὸ
1392 5467 1734 5537 φιλάλληλον.
1769 5467 1884 5520 Καὶ

322 5693 407 5758 ειι,
429 5693 517 5750 εὶό.

1986 4518 2246 4573 damnent
2270 4517 2768 4587 subibitmagister
2806 4531 2838 4570 e
2873 4513 3038 4568 domo
3075 4529 3174 4568 sna
3207 4530 3220 4567 :
3255 4513 3342 4568 sin
3378 4520 3564 4568 autem

1985 4609 2196 4676 integre
2236 4618 2405 4664 totam
2442 4608 2752 4678 perdiderit
2793 4606 2916 4678 ejus
2957 4606 3196 4660 animam
3235 4604 3386 4675 (ipsa
3415 4603 3563 4658 enim

1982 4705 2150 4752 estea
2174 4712 2295 4766 qua)
2315 4705 2444 4752 sunt
2467 4697 2586 4767 ejus
2606 4695 2814 4766 optima
2827 4702 2883 4748 et
2903 4691 3318 4763 pulcherrima),
3339 4687 3566 4746 omnino

1983 4789 2031 4844 is
2059 4790 2223 4844 etiam
2256 4788 2349 4859 qui
2375 4788 2635 4842 damnum
2659 4785 2842 4850 aliert,
2873 4784 3085 4840 subibit
3105 4780 3463 4852 supplicium.

1984 4921 2042 4976 Si
2075 4924 2342 4990 ingressus
2369 4921 2533 4990 fueris
2567 4923 2621 4976 in
2654 4937 2870 4976 messem
2895 4917 3122 4990 proximi
3144 4917 3238 4990 tui,
3272 4913 3482 4990 colliges
3509 4915 3564 4969 in

2057 4985 2295 5045 menibus
2317 4985 2420 5046 tuis
2438 4993 2632 5060 spicas,
2657 5000 2705 5044 et
2727 4985 2916 5059 falcem
2939 5005 3044 5042 non
3067 4988 3336 5060 immittas.
3359 4985 3417 5041 Si
3443 5001 3566 5040 vero

2053 5064 2318 5135 ingressus
2367 5058 2530 5135 fueris
2562 5063 2618 5116 in
2643 5058 2864 5135 pineam
2899 5058 3376 5135 ipsiushcomedes
3408 5072 3560 5135 uvas,

2046 5127 2306 5204 quantum
2331 5127 2461 5186 satis
2482 5131 2652 5204 estad
2682 5127 2998 5204 emplenddm
3029 5127 3268 5183 animam
3295 5136 3444 5182 luam
3467 5142 3484 5181 :
3508 5127 3564 5180 in

2055 5198 2149 5258 uas
2180 5220 2302 5257 vero
2334 5219 2438 5257 non
2472 5202 2672 5271 injicies
2693 5198 2758 5252 ⁸³.

2061 5376 2179 5430 Non
2213 5381 2430 5444 oportet
2459 5371 2610 5426 abuti
2654 5371 2882 5426 fratrum
2918 5369 3208 5433 charitatc,
3245 5365 3339 5422 sed
3377 5365 3563 5437 potius

1990 5465 2362 5536 frugalitatem
2383 5471 2441 5519 et
2459 5471 2709 5519 mutuum
2734 5475 2975 5516 amorem
2999 5460 3201 5515 colere.
3234 5458 3407 5514 Aliter
3428 5473 3558 5514 vero

367 5589 2333 5708 μέηπὴπ.ηΕωαυμπ.ηΕωαπωσ.ηωωΛα
2416 5611 3554 5687 ηωωλωηιωω.ηῡωιυω.
