4062 6202
402 267 543 327 1%

1600 264 1660 327 ἃ
1701 265 1978 324 CYRILLI
2015 267 2107 324 ET
2146 266 2454 324 ALIORUM

3520 264 3666 319 l9.“

402 383 662 439 admonet
686 382 793 445 lex,
814 390 875 434 ut
896 397 963 435 ex
996 378 1252 435 Ecclesia:
1274 380 1563 437 doctorum
1584 383 1876 454 colloquiis
1889 384 1964 438 lu-

2077 384 2280 454 ἑτέρως
2324 383 2380 436 δέ
2421 381 2679 451 παραινεῖ
2722 381 2750 432 ό
2803 378 2998 447 νόμος,
3055 375 3363 447 κερδαίνειν
3421 377 3520 448 μὲν
3561 380 3665 432 καὶ

401 487 557 528 crum
596 481 761 540 atque
792 470 1084 526 utilitatem
1113 472 1486 541 percipiamus
1512 473 1793 543 (Ecclesia
1822 474 1971 528 enim

400 560 529 635 Sunt
560 571 772 631 segetes
813 570 979 630 atque
1008 561 1227 633 vineae),
1271 571 1327 617 at
1358 562 1554 618 falcem
1590 579 1661 619 ne
1704 565 1970 619 immitta-

400 670 543 715 mus,
567 668 706 709 neve
728 653 782 707 id
800 654 947 723 quod
977 670 1137 709 usum
1157 655 1396 719 excedit,
1422 664 1479 711 et
1500 670 1971 727 supervacaneum

396 750 502 807 cst,
538 743 591 796 in
621 743 763 797 libro
791 743 1193 811 describamus,
1212 747 1382 801 veluti
1414 748 1468 801 in
1493 763 1587 803 vas
1620 748 1966 818 injicientes:

394 831 625 887 forsitan
657 834 807 887 enim
849 835 1097 905 reproba:
1125 852 1288 891 voces
1336 837 1391 891 in
1431 838 1551 908 ipso
1600 837 1967 907 reperiemur,

395 931 655 993 tanquam
699 924 844 978 acini
885 926 1108 994 quidam
1146 927 1393 990 inutiles,
1422 944 1544 998 quae
1574 944 1683 982 non
1725 944 1851 983 cum
1881 942 1965 993 ea,

392 1029 501 1083 qua
528 1015 807 1079 convenit,
836 1017 1140 1072 attentione
1165 1034 1229 1071 ac
1253 1018 1539 1089 diligentia
1566 1035 1819 1089 expensa:
1844 1019 1967 1073 fue-

392 1106 525 1167 rint,
550 1114 845 1175 propterea
870 1108 1014 1176 quod
1038 1125 1104 1162 ex
1134 1116 1378 1179 tempore
1405 1118 1459 1163 et
1483 1111 1538 1164 in
1558 1118 1812 1180 promptu
1837 1126 1967 1181 pro-

390 1194 513 1250 lata:
544 1195 655 1249 sint
687 1214 700 1249 :
727 1205 891 1266 atque
914 1199 987 1252 ita
1012 1200 1253 1253 scandali
1282 1200 1629 1255 occasionem
1661 1202 1963 1270 praebeant.

389 1286 470 1341 Eo
515 1295 699 1341 autem
746 1287 880 1342 illud
918 1290 1085 1344 etiam
1119 1290 1314 1345 referri
1346 1298 1525 1360 potest
1561 1308 1573 1344 :
1614 1310 1631 1341 ι
1672 1291 1727 1345 Si
1756 1290 1967 1345 incidas

391 1374 447 1429 in
464 1375 677 1441 nidum,
696 1386 753 1432 et
777 1386 951 1433 mater
971 1381 1150 1449 pullos
1174 1380 1375 1446 foveat,
1396 1398 1504 1435 non
1528 1382 1713 1452 capies
1736 1392 1965 1437 matrem

391 1481 516 1520 cum
546 1468 730 1536 pullis.
750 1470 1003 1525 Dimittes
1020 1481 1272 1538 matrem,
1304 1474 1483 1542 pullos
1500 1490 1630 1529 vero
1648 1476 1833 1544 capies
1847 1476 1910 1529 ‘9.
1940 1494 1958 1525 ι

391 1557 675 1628 Siquidem
713 1563 895 1617 omnis
932 1564 1110 1620 virtus
1139 1575 1315 1618 mater
1349 1575 1434 1620 est
1466 1568 1856 1636 praeclarorum
1882 1566 1963 1621 fa-

389 1650 645 1705 cinorum
680 1668 803 1721 qua:
844 1654 913 1707 ab
948 1670 1011 1709 ea
1053 1655 1497 1724 proﬁciscuntur.
1525 1658 1699 1712 Nidus
1726 1675 1856 1713 vero
1884 1660 1964 1729 ip-

2071 472 2402 542 ώφελεῖσθαι
2428 472 2536 525 ἀπὸ
2562 471 2663 541 τῆς
2686 470 2900 541 ὁμιλίας
2930 470 3039 523 τῶν
3069 471 3126 523 ἐν
3150 470 3270 533 ταῖς
3304 469 3662 541 Ἑκκλησίαις

2071 563 2408 621 διδασκάλων
2438 580 2451 593 ⁸
2486 565 2541 617 αἱ
2588 563 2696 635 γὰρ
2746 562 3086 632 Ἐκκλησίαι,
3118 561 3254 630 λήῖά
3299 578 3360 614 τε
3414 565 3509 615 καὶ
3540 565 3658 634 ἁμ-

2072 657 2311 720 πελῶνες
2334 675 2349 688 ο
2384 657 2459 728 μὴ
2483 655 2777 725 ἐπιϐουλῆς
2800 654 2863 726 [Ῑ.
2883 653 3206 727 ἐπιϐάλλῃς]
3234 655 3332 707 τοῦ
3356 655 3655 725 δρεπάνου,

2075 749 2210 819 μηδὲ
2241 750 2302 801 τὸ
2336 749 2662 817 φαινόμενον
2695 747 2833 817 ὑπὲρ
2871 749 2968 817 τὴν
3002 747 3194 816 χρείαν
3227 747 3325 798 καὶ
3371 746 3653 816 περιττὸν,

2074 840 2557 912 ἐναπογράφεσθαι
2596 839 2764 910 βίϐλῳ
2791 878 2806 901 ,
2842 838 3096 909 καθάπερ
3141 837 3507 908 ἐμϐάλλοντας
3567 840 3653 899 είς

2071 931 2262 999 ἄγγος.
2320 931 2479 994 Ἴσως
2524 930 2632 1001 γὰρ
2674 929 3058 999 εὑρεθήσονται
3100 929 3158 980 ἐν
3197 927 3347 997 αὑτῷ
3396 927 3652 996 ἀδόκιμοι

2070 1021 2264 1088 φωναὶ,
2296 1020 2549 1091 καθάπερ
2608 1021 2753 1083 τινὲς
2781 1019 3044 1089 ἄχρηστοι
3074 1018 3261 1088 ῥάγες,
3299 1018 3375 1087 μὴ
3423 1019 3649 1069 ἐπισκο.

2071 1112 2358 1182 πηθεῖσαι,
2397 1112 2533 1182 μηδέ
2559 1111 2659 1181 τῆς
2694 1109 3081 1181 προσηκούσης
3127 1111 3443 1180 ἐπιμελείας
3482 1110 3649 1174 ἀξιω-

2070 1201 2246 1254 θεῖσαι
2270 1242 2285 1266 ,
2330 1202 2418 1255 διά
2446 1202 2507 1255 τὸ
2539 1202 2886 1271 αὐτοσχέδιόν
2932 1220 2995 1256 τε
3042 1203 3139 1256 καὶ
3186 1201 3473 1270 πρόχειρον
3496 1218 3508 1230 ·
3547 1200 3648 1252 καὶ

2067 1293 2387 1361 γενήσονται
2422 1289 2721 1344 σκανδάλου
2761 1290 3054 1360 πρόφασις.
3086 1292 3180 1353 Εἰς
3206 1290 3363 1343 τοῦτο
3393 1288 3448 1340 δὲ
3486 1287 3647 1357 ᾳέρει

2067 1385 2163 1437 καλ⁸
2190 1384 2281 1437 τό·
2337 1403 2357 1436 ι
2412 1385 2538 1437 Ἐὰν
2573 1385 2914 1457 συναντήσῃς
2955 1385 3145 1453 νοσσιᾷ
3191 1381 3398 1453 ὀρνέων
3420 1420 3437 1445 ,
3472 1380 3573 1433 καὶ
3609 1380 3644 1448 ἡ

2070 1476 2253 1547 μήτηρ
2277 1474 2459 1547 θάλπῃ
2484 1475 2577 1527 ἐπὶ
2604 1474 2712 1528 τῶν
2738 1475 2993 1540 νεοσσῶν,
3024 1475 3087 1526 οὑ
3115 1473 3260 1545 λήψῃ
3291 1473 3390 1543 τὴν
3427 1473 3643 1541 μητέρα

2070 1567 2208 1636 μετά
2252 1567 2361 1620 τῶν
2399 1567 2625 1621 τέκνων.
2677 1566 3019 1628 Ἀποστελεῖς
3052 1566 3150 1636 τὴν
3188 1565 3401 1636 μητέρα
3426 1604 3441 1628 ,
3489 1566 3559 1616 τὰ
3584 1563 3644 1615 δὲ

2068 1660 2254 1713 παιδία
2295 1658 2443 1729 λήψῃ
2474 1656 2705 1728 σεαυτῷ.
2741 1676 2759 1708 ι
2786 1658 2942 1710 Πᾶσα
2974 1656 3072 1725 μὲν
3105 1654 3211 1725 γὰρ
3257 1655 3425 1726 ἀρετὴ
3456 1654 3642 1724 μήτηρ

388 1741 524 1805 sius,
554 1742 734 1797 anima
757 1744 810 1797 in
829 1761 936 1814 qua
962 1746 1193 1799 habitat.
1221 1746 1449 1816 Oportet
1477 1750 1624 1802 enim
1652 1765 1718 1803 ex
1741 1750 1964 1806 virtutis

2070 1751 2185 1803 ἐστὶ
2206 1750 2313 1804 τῶν
2344 1750 2401 1814 ἐξ
2427 1749 2595 1817 αὑτῆς
2627 1747 3089 1818 κατορθωμάτων.
3119 1746 3328 1799 Νοσσιά
3355 1746 3411 1798 δὲ
3443 1744 3639 1813 αὑτῆς,

388 1841 537 1886 recte
554 1832 713 1887 factis
729 1834 922 1889 obvios
938 1852 1184 1905 quosque
1208 1836 1446 1891 fructum
1466 1839 1773 1908 percipere,
1791 1842 1964 1911 iisque

388 1922 520 1987 frui,
550 1939 895 1993 nequaquam
927 1944 1058 1982 vero
1082 1929 1274 1983 virtuti
1298 1931 1436 2000 ejus,
1471 1932 1565 2000 qui
1600 1932 1807 2002 aliquid
1830 1950 1967 2002 pra:-

387 2015 535 2069 clare
563 2016 696 2086 egit,
726 2017 1000 2080 insidiari,
1044 2036 1225 2090 neque
1272 2022 1445 2091 ipsam
1472 2023 1761 2080 destruere
1801 2035 1965 2096 atque

387 2107 738 2177 exstinguere
770 2125 1101 2180 quacunque
1130 2113 1343 2167 ratione
1381 2114 1626 2183 aggredi.

388 2305 504 2361 Non
520 2307 911 2390 videbistiovem
933 2311 1116 2390 [ratris
1141 2322 1401 2390 aut_ovcm
1429 2326 1719 2390 errantem,
1750 2326 1799 2373 et
1826 2336 1962 2390 pra:-

632 2381 831 2444 teribis,
856 2381 947 2435 sed
974 2382 1185 2435 reduces
1222 2383 1379 2451 fratr:
1408 2393 1495 2439 tuo
1520 2386 1587 2452 ’°,
1612 2395 1717 2441 etc.
1783 2398 1789 2405 '

456 2632 623 2689 lubet
646 2648 757 2688 non
783 2634 1067 2705 despicere
1091 2653 1187 2693 eos
1210 2640 1305 2709 qui
1330 2651 1461 2695 sunt
1480 2640 1536 2695 in
1562 2651 1835 2712 potestate
1860 2644 1965 2699 fra-

386 2724 491 2781 tris
516 2727 821 2782 secundum
861 2729 1023 2785 ﬁdem
1047 2772 1061 2795 ,
1095 2742 1346 2788 errantes
1388 2734 1445 2789 in
1470 2734 1558 2789 via
1601 2735 1966 2793 institutionis

386 2813 703 2885 dogmatum
725 2856 741 2881 ,
783 2817 879 2871 sed
919 2834 1015 2873 eos
1051 2820 1317 2876 reducere
1351 2822 1420 2876 ab
1466 2838 1676 2889 errore,
1717 2836 1773 2880 ct
1808 2825 1962 2881 fratri

385 2922 734 2972 conservare,
767 2918 823 2964 et
848 2920 1075 2978 propter
1104 2911 1408 2967 fraternum
1441 2931 1683 2970 amorem
1716 2919 1834 2987 ejus
1863 2919 1962 2973 de-

386 2996 592 3051 fectum
623 2999 900 3067 supplere.
933 3020 951 3051 ι
993 3000 1089 3054 Sin
1123 3011 1337 3067 autem,
1378 3008 1720 3072 occurreris,
1759 3010 1959 3079 inquit,

2069 1843 2102 1911 ἡ
2130 1841 2276 1911 ψυχὴ
2312 1841 2369 1893 ἐν
2402 1834 2437 1913 ᾖ
2468 1840 2732 1892 κατοικεῖ.
2765 1837 2961 1908 Χρὴδέ
2984 1838 3097 1897 τοῖς
3127 1835 3227 1905 μὲν
3251 1834 3639 1905 κατορθώμασι

2065 1934 2164 2002 τῆς
2186 1931 2388 2003 ἀρετῆς
2413 1930 2737 1999 ὠφελεῖσθαι
2771 1930 2893 1991 τοὺς
2918 1928 3341 1996 ἐντυγχάνοντας
3374 1928 3469 1979 καὶ
3500 1926 3639 1979 ἀπο-

2068 2023 2255 2076 λάυειν
2284 2022 2483 2084 αὑτῶν,
2521 2022 2593 2091 μὴ
2626 2019 3000 2073 ἐπιϐουλεύειν
3021 2020 3078 2072 δὲ
3110 2023 3177 2090 τῇ
3214 2020 3382 2090 ἀρετῇ
3408 2017 3503 2069 τοῦ
3537 2034 3640 2070 κα-

2067 2114 2389 2185 τορθοῦντος
2410 2152 2425 2177 ,
2459 2114 2592 2183 μηδὲ
2622 2113 2920 2183 ἐπιχειρεῖν
2947 2110 3178 2177 ἀνελεῖν,
3212 2110 3309 2165 καὶ
3322 2110 3646 2164 -ζτοσϐἐσαι

2068 2205 2260 2275 αὑτὴν,
2294 2204 2381 2259 διά
2407 2222 2550 2267 τινος
2582 2204 2808 2274 τρόπου.

2068 2318 2163 2385 Μὴ
2200 2318 2340 2393 16d»-
2371 2318 2477 2371 τὸν
2512 2320 2764 2393 μόσχον⁸
2804 2315 2911 2393 te}?
2958 2316 3227 2393 ἀδελφοῦ
3248 2330 3441 2393 ’σομε
3491 2316 3529 2382 ἢ
3576 2314 3644 2367 τό

2137 2384 2435 2455 πρόϐατον
2462 2384 2648 2440 αὑτοῦ
2666 2384 3079 2455 πλανώμενον
3104 2388 3173 2439 ἐν
3199 2384 3274 2453 τῇ
3317 2384 3464 2463 ὀδῷ,
3502 2400 3644 2452 παρ-

2137 2458 2272 2525 ίδῃς
2319 2458 2472 2511 αὐτὰ
2496 2497 2511 2523 ,
2546 2457 2681 2510 ἀλλ’
2729 2457 3117 2526 ἀπόστρεψον
3147 2456 3299 2510 αὐτὰ
3338 2473 3417 2520 τῳ
3465 2456 3644 2509 ἀδελ-

2137 2476 2272 2537 ιοῃς
2319 2476 2472 2511 avra
2496 2497 2511 2523 ,

2135 2545 2227 2597 φφ
2251 2543 2389 2580 σου.

2135 2634 2363 2690 Κελεύει
2399 2635 2476 2707 μὴ
2506 2635 2755 2706 παριδεῖν
2772 2634 2896 2698 τοὺς
2910 2634 3269 2706 ὑπερουσίους
3296 2634 3650 2707 [το-,ὑπεξου-

2068 2727 2240 2801 σίους]
2257 2727 2350 2781 τοῦ
2372 2727 2515 2782 κατά
2530 2727 2712 2781 πίστιν
2731 2728 3373 2799 ἀδελφοῦ,πλανωμένους
3387 2729 3443 2779 ἐν
3459 2731 3523 2798 τῇ
3541 2727 3651 2796 ὁδῷ

2064 2818 2165 2888 τῆς
2198 2818 2477 2882 πολιτείας
2505 2818 2615 2871 τῶν
2656 2817 2946 2889 δογμάτων
2966 2834 2980 2848 ⁸
3005 2819 3121 2873 ἀλλ’
3154 2821 3517 2891 ἀποστρέφειν
3554 2821 3656 2873 αὖ·

2064 2907 2192 2972 τοὺς
2208 2908 2305 2977 τῆς
2325 2908 2555 2978 πλάνης,
2576 2909 2668 2963 καὶ
2694 2910 3071 2975 ἐπανασώζειν
3090 2911 3167 2981 τῷ
3194 2913 3426 2983 ἀδελφῷ,
3458 2914 3553 2966 καὶ
3588 2914 3652 2965 τὸ

2068 2994 2353 3067 ὑστέρημα
2371 2998 2579 3051 ἐκείνου
2597 2998 2944 3069 ἀναπληροῦν
2956 3001 3043 3053 διὰ
3060 3002 3157 3073 τὴν
3178 3001 3450 3070 ἀδελρίαν.
3480 3024 3497 3053 ι
3519 3004 3653 3055 Ἐὰν

387 3087 516 3142 bovi
537 3089 744 3143 inimici
771 3090 871 3155 tui,
899 3101 994 3145 aut
1012 3092 1261 3162 jumento
1283 3098 1403 3166 ejus
1432 3100 1749 3153 errantibus
1771 3102 1825 3155 in
1850 3102 1959 3168 via,

2070 3085 2152 3149 δὲ,
2195 3086 2357 3156 φησὶ,
2394 3090 2731 3158 συναντὴσῃς
2779 3087 2857 3158 τῷ
2886 3088 2968 3157 βοῒ
3002 3089 3094 3142 τοῦ
3116 3070 3319 3160 *ἐχθροῦ
3352 3109 3466 3157 σου,
3496 3093 3528 3163 ἦ
3574 3096 3654 3161 τῷ

388 3180 640 3245 reduces,
660 3189 717 3236 et
740 3182 843 3251 ipsi
867 3183 1149 3238 reddes".
1182 3205 1200 3237 ι
1235 3187 1439 3242 Eadem
1461 3198 1545 3244 est
1567 3192 1736 3255 enim,
1762 3193 1960 3262 inquit,

388 3270 534 3325 ratio
556 3271 722 3326 etiam
762 3271 831 3326 de
869 3273 936 3328 iis
964 3274 1059 3343 qui
1096 3286 1226 3331 sunt
1258 3278 1314 3332 in
1361 3288 1654 3349 potestate.
1690 3302 1707 3332 ι
1746 3260 1962 3355 Diligite

386 3371 593 3428 autem,
635 3364 835 3433 inquit,
867 3366 1121 3423 inimicos
1150 3378 1388 3436 vestros,
1423 3374 1729 3432 henefacite
1772 3378 1838 3433 iis
1868 3381 1962 3449 qui

387 3451 625 3507 oderunt
646 3469 747 3509 vos
773 3456 840 3510 ".
881 3476 899 3507 ι
932 3456 1026 3511 Sin
1060 3467 1241 3513 autem
1264 3461 1490 3526 videris,
1518 3464 1711 3534 inquit,
1739 3468 1962 3537 jumen-

388 3549 505 3597 tum
529 3543 736 3599 inimici
767 3546 845 3600 tui
869 3548 1133 3605 cecidisse
1160 3552 1264 3605 sub
1292 3568 1482 3618 onere,
1510 3572 1619 3609 non
1646 3562 1958 3625 przeteribis

387 3634 594 3705 ipsum,
627 3637 721 3690 sed
754 3652 879 3691 cum
919 3656 987 3695 eo
1026 3640 1197 3697 facies
1223 3659 1471 3714 surgere.
1501 3647 1661 3702 Cadit
1692 3651 1839 3705 enim
1866 3656 1962 3723 qui

386 3734 473 3781 est
515 3736 777 3797 gravatus
825 3746 993 3785 onere
1044 3735 1409 3789 tentationum
1468 3748 1524 3792 et
1584 3741 1963 3807 afllictionum,

386 3826 553 3881 quem
587 3824 803 3884 oportet
833 3826 886 3872 te
915 3820 1155 3876 excitare
1176 3838 1275 3893 per
1293 3826 1756 3885 exhortationem.
1782 3833 1838 3887 Si
1864 3851 1964 3888 au--

389 3910 500 3956 tem
524 3903 681 3959 bovis
712 3907 921 3963 inimici
947 3919 1002 3965 et
1018 3914 1141 3983 ejus
1170 3916 1406 3983 jumenti
1432 3933 1564 3973 cura
1596 3930 1680 3975 cst
1703 3926 1962 3992 gerenda,

387 3992 564 4048 multo
585 3996 756 4067 magis
780 4000 1024 4069 gerenda
1049 4014 1135 4059 est
1162 4004 1337 4074 ipsius
1362 4006 1593 4075 inimici,
1619 4012 1714 4080 qui
1738 4022 1822 4069 est
1844 4031 1967 4084 par-

390 4080 566 4154 ticeps
589 4086 839 4157 ejusdem
864 4100 1099 4146 natura.

2065 3175 2345 3245 ὑποζυγίῳ
2390 3177 2579 3239 αὑτοῦ,
2618 3178 2997 3247 πλανωμένοις
3027 3182 3085 3235 ἐν
3113 3184 3179 3252 τῇ
3205 3182 3330 3251 ὀδῷ,
3371 3184 3653 3254 ἀποστρέ-

2063 3265 2171 3335 ψας
2194 3265 2495 3328 ἀποδώσεις
2526 3268 2695 3339 αύτῷ.
2734 3290 2750 3320 ι
2803 3270 2863 3321 Ὀ
2893 3270 3054 3335 αὑτὸς
3097 3272 3195 3343 μὲν
3223 3274 3333 3345 γὰρ
3364 3276 3656 3329 κάνταῦθα

2065 3358 2193 3426 περὶ
2222 3358 2333 3409 τῶν
2370 3358 2705 3423 ὑπεξουσίων
2754 3360 2931 3429 λόγος.
2966 3382 2983 3414 ι
3040 3365 3314 3432 ’Λγαπᾶτε
3356 3367 3433 3431 δὲ,
3490 3372 3652 3437 φησὶ,

2066 3448 2191 3511 τοὺς
2215 3449 2443 3520 ἐχθροὺς
2472 3451 2648 3521 ὑμῶν,
2684 3450 2745 3505 εὖ
2777 3457 2979 3507 ποιεῖτε
3005 3459 3116 3518 τοῖς
3150 3458 3398 3526 μισοῦσιν
3422 3460 3595 3529 ὑμᾶς.
3630 3480 3651 3512 ι

2080 3541 2205 3594 Ἐἀν
2237 3542 2293 3595 δὲ
2331 3543 2479 3613 ἴδῃς,
2522 3546 2689 3614 φησὶ,
2734 3545 2793 3597 τὸ
2836 3547 3132 3614 ὑποζύγιον
3165 3550 3257 3602 τοῦ
3301 3551 3501 3621 ἐχθροῦ
3557 3570 3656 3605 σου

2069 3634 2358 3695 πεπτωκὸς
2391 3635 2495 3687 ὑπὸ
2515 3635 2605 3687 τὸν
2636 3636 2805 3703 γόμον
2836 3638 3021 3701 αὑτοῦ,
3053 3639 3114 3692 ού
3150 3642 3465 3715 παρελεύσῃ
3493 3646 3655 3709 αὐτὸ,

2066 3725 2203 3778 ἁλλά
2238 3729 2549 3795 συνεγερεῖς
2595 3728 2725 3781 αὐτὸ
2757 3730 2874 3798 μετ’
2902 3730 3089 3784 αὑτοῦ.
3133 3732 3325 3785 Πίπτει
3353 3734 3463 3805 γὰρ
3486 3738 3515 3787 ό
3551 3754 3661 3789 κα-

2066 3815 2472 3886 ταϐαρούμενος
2493 3817 2573 3887 τῷ
2602 3818 2758 3888 ἄχθει
2778 3819 2889 3872 τῶν
2911 3824 3257 3892 πειρασμῶν,
3287 3826 3382 3878 καὶ
3400 3827 3512 3878 τῶν
3537 3828 3662 3881 θλί-

2066 3908 2209 3977 ψεων
2233 3925 2247 3940 ο
2275 3908 2333 3961 ὃν
2361 3909 2441 3961 δεῖ
2470 3912 2805 3981 συνεγείρειν
2824 3953 2838 3977 ,
2869 3913 2961 3965 καὶ
2992 3914 3080 3968 διὰ
3120 3917 3517 3987 παρακλήσεως
3558 3922 3662 3974 καὶ

2066 3997 2444 4066 ψυχαγωγίας.
2470 4000 2530 4052 Et
2551 3999 2609 4052 δὲ
2629 3999 2690 4070 [ἔ.
2715 4000 2769 4055 d.
2791 4001 2890 4072 δεῖ]
2918 4002 3009 4056 τὸν
3037 4004 3164 4074 βοῦν
3182 4006 3275 4059 τού
3319 4009 3518 4079 ἐχθροῦ
3556 4028 3659 4063 σου

2069 4090 2257 4143 καὶτὸ
2289 4091 2582 4161 ὑποζύγιον
2626 4092 2790 4147 αὑτοῦ
2831 4094 3151 4165 ἐπιμελείας
3197 4099 3382 4165 ἀξιοῦν
3408 4117 3422 4129 ·
3466 4103 3663 4172 πολλῴ

2072 4183 2272 4253 μᾶλλον
2296 4184 2460 4237 αὑτὸν
2494 4184 2556 4255 δή
2592 4203 2695 4239 που
2735 4188 2825 4241 τὸν
2857 4189 3075 4260 ἐχθρὸν,
3105 4190 3197 4244 τὸν
3219 4193 3317 4261 τῆς
3346 4192 3519 4263 αὑτῆς
3558 4212 3659 4247 κε·

2070 4277 2440 4346 κοινωνηκότα
2468 4276 2703 4346 φύσεως.

387 4373 469 4432 Ne
491 4377 781 4436 maledicas
807 4383 990 4451 surdo,
1011 4402 1179 4456 neque
1195 4390 1564 4464 offendiculum
1588 4394 1755 4464 facias
1781 4413 1961 4451 coram

2071 4390 2191 4441 Οὐκ
2235 4388 2390 4457 ἐρεῖς
2434 4389 2629 4464 κακῶς
2670 4391 2892 4464 κωφόν,
2932 4392 3032 4464 καί,
3072 4382 3659 4464 ἀπέναντι’τυφ.ῐοῦ

1066 4474 1202 4514 cwco
1220 4462 1286 4515 ²³.

458 4558 733 4617 Admonet
762 4563 830 4618 de
866 4565 1094 4623 absente
1128 4585 1239 4624 non
1283 4570 1594 4639 detrahere,
1622 4584 1677 4630 et
1704 4576 1795 4647 qui
1835 4594 1963 4646 pro-

391 4658 580 4719 pterea
613 4668 726 4707 non
758 4656 913 4710 audit
943 4674 956 4710 :
988 4674 1091 4712 nec
1138 4659 1368 4716 insidias
1397 4666 1621 4720 tendere
1666 4668 1961 4736 ignoranti.

391 4740 529 4795 Nam
546 4757 646 4812 per
664 4745 1013 4810 surditatem,
1032 4764 1140 4803 non
1166 4750 1355 4806 audire
1379 4770 1391 4805 ε
1420 4769 1516 4821 per
1539 4757 1840 4811 caecitatem
1864 4773 1962 4811 au—

393 4840 527 4899 tem,
555 4849 667 4889 non
692 4851 1025 4908 cognoscere
1058 4840 1223 4897 tacite
1249 4842 1608 4912 significatur.

464 4922 578 4979 Lex
609 4924 773 4995 jussit
818 4926 887 4981 iis
910 4929 1003 4997 qui
1045 4928 1230 5000 ﬂagris
1264 4932 1482 4986 ctedunt
1517 4949 1614 4989 eos
1640 4936 1734 5006 qui
1769 4953 1965 5007 pecca-

390 5023 544 5080 runt,
577 5032 688 5071 non
718 5014 986 5075 excedere
1011 5022 1491 5095 quadragesimum
1532 5043 1823 5083 numerum
1853 5032 1967 5100 pla-

391 5120 586 5175 garum
620 5108 713 5162 ’λς
754 5111 1096 5181 αξηίειηοιὶοο
1144 5115 1494 5186 significans,
1548 5120 1693 5188 quod
1756 5122 1965 5191 ﬂagella

391 5214 585 5255 eorum
618 5203 714 5273 qui
744 5216 1063 5274 peccarunt,
1096 5208 1164 5263 ad
1192 5224 1331 5280 opus
1354 5209 1587 5266 deducta
1619 5212 1845 5267 fuerunt
1870 5230 1963 5267 us-

393 5302 503 5356 que
540 5291 607 5346 ad
641 5304 951 5366 susceptam
984 5314 1016 5352 a
1055 5297 1276 5353 Christo
1302 5300 1723 5366 humanitatem,
1758 5311 1813 5357 et
1845 5305 1964 5373 ejus

396 5394 428 5433 a
450 5384 682 5440 mortuis
715 5389 1198 5457 resurrectionem,
1219 5393 1361 5447 ultra
1395 5402 1578 5448 autem
1604 5410 1710 5448 non
1739 5409 1961 5464 proces-

397 5481 627 5525 serunt:
655 5476 749 5543 qui
792 5477 946 5532 dedit
981 5482 1237 5537 omnibus
1275 5483 1368 5552 qui
1409 5484 1602 5539 volunt
1637 5484 1863 5540 credere
1907 5486 1961 5541 in

398 5676 455 5747 2,
486 5680 539 5737 3.

472 5609 519 5696 ιζ
544 5612 704 5669 Deut.
733 5632 882 5684 χχιιι,
918 5620 971 5685 6,
1000 5623 1049 5675 7.
1130 5624 1170 5655 ²⁰
1195 5624 1333 5679 Ibid.
1368 5628 1413 5680 l.
1490 5628 1530 5660 ²¹
1571 5628 1743 5685 Exod.
1772 5646 1919 5696 nm,
1954 5632 2003 5687 ό.

2417 4462 2490 4513 οὐ
2517 4461 2888 4528 προσθήσεις
2915 4463 3290 4518 σκάνδαλον.

2136 4568 2400 4639 Παραινεῖ
2423 4570 2498 4639 μὴ
2524 4570 2847 4623 καταλαλεῖν
2873 4572 2965 4624 τοῦ
2994 4572 3245 4639 ἀπόντος,
3269 4575 3361 4628 καὶ
3382 4575 3470 4628 διὰ
3490 4576 3660 4630 τοῦτο

2070 4661 2144 4732 μὴ
2175 4661 2487 4724 ἀκούοντος,
2517 4662 2640 4731 μηδ’
2678 4662 3050 4717 ἐπιϐουλεύειν
3088 4665 3166 4735 τῷ
3200 4665 3510 4734 ἀγνοοῦντι.
3549 4671 3657 4721 Διὰ

2068 4754 2164 4823 μὲν
2193 4753 2301 4822 γὰρ
2337 4753 2437 4822 τῆς
2491 4753 2811 4823 κωφότητος
2840 4755 2903 4807 τὸ
2935 4756 3009 4825 μὴ
3055 4756 3298 4823 ἀκούειν,
3328 4758 3418 4813 διὰ
3453 4760 3513 4812 δὲ
3548 4761 3657 4829 τῆς

2070 4844 2419 4914 τυφλότητος,
2443 4844 2503 4898 τὸ
2536 4844 2611 4915 μὴ
2649 4846 2939 4914 γινώσκειν
2968 4847 3351 4917 ὑποδηλοῦται.

2154 4937 2468 4989 Ἑκέλευσεν
2496 4937 2525 4989 ό
2548 4938 2715 5007 νόμος
2742 4940 2856 5001 τοῖς
2880 4939 3205 5009 μαστιγοῦσι
3235 4941 3361 5004 τοὺς
3388 4941 3654 5013 ἀμαρτήο

2071 5046 2293 5093 σαντας,
2330 5028 2404 5099 μὴ
2436 5029 2785 5099 ὑπερϐαίνειν
2810 5029 2901 5083 τὸν
2943 5034 3382 5104 τεσσαρακοστὸν
3407 5035 3655 5106 ἀριθμὸν

2068 5120 2178 5172 τῶν
2212 5117 2484 5188 ’πληγῶνο
2544 5118 2918 5188 αἰνιττόμενος
2968 5121 3050 5172 ὅτι
3100 5122 3155 5173 αί
3208 5120 3475 5189 μάστιγες
3540 5123 3655 5176 τῶν

2071 5209 2504 5280 ἁμαρτησάντων
2546 5208 2704 5280 ἄχρις
2742 5210 2841 5279 τῆς
2876 5210 3345 5282 ἐνανθρωπήσεως
3387 5214 3480 5266 τοῦ
3513 5215 3654 5284 Χρι-

2072 5303 2219 5363 στοῦ,
2245 5304 2337 5355 καὶ
2364 5304 2463 5372 τῆς
2490 5302 2553 5354 ἐκ
2581 5302 2789 5371 νεκρῶν
2815 5303 3165 5367 ἀναστάσεως
3191 5304 3376 5367 αὑτοῦ,
3407 5308 3469 5357 τὸ
3490 5308 3653 5377 ἐνερ-

2069 5394 2163 5462 γὸν
2187 5392 2350 5463 εἶχον,
2380 5393 2687 5464 περαιτέρω
2714 5394 2768 5445 δὲ
2791 5394 2852 5446 ού
2877 5395 3186 5465 προέϐησαν
3202 5414 3214 5426 ο
3248 5397 3653 5467 δωρησαμένου

2070 5487 2203 5539 πᾶσι
2231 5486 2341 5547 τοῖς
2372 5483 2581 5536 θέλουσι
2622 5485 2896 5539 πιστεύειν
2936 5487 3017 5549 εἰς
3047 5488 3209 5541 αὑτὸν
3237 5488 3328 5540 διὰ
3352 5487 3446 5541 τοῦ
3481 5490 3650 5555 ἁγίου

2072 5632 2115 5664 ²¹
2165 5628 2353 5684 Matth.
2388 5643 2438 5692 v,
2488 5628 2571 5681 Μ.
2642 5628 2684 5658 ³³
2713 5627 2887 5683 chit.
2924 5644 3033 5694 MK,
3072 5629 3148 5684 Μ.
3216 5632 3258 5661 ³³
3313 5633 3471 5688 Deut.
3506 5649 3641 5701 xxv,
