4062 6202
280 287 422 344 12ιὸ

1542 327 1553 333 ς
1644 285 2167 347 οοιιεοτΑΝΕΑ.

3385 290 3533 346 ηιϋ

276 400 657 473 βαπτίσματος
697 399 1008 471 ἐλευθερίαν
1034 398 1145 454 τῶν
1189 400 1282 455 ἐπὶ
1312 399 1427 471 τοῖς
1456 399 1845 471 πεπλημμελη-

1956 398 2136 471 ipsum
2176 414 2279 471 per
2325 407 2580 457 sanetum
2631 400 2963 473 baptismum
2990 441 3006 469 ,
3049 412 3111 457 ut
3149 400 3453 458 liberentur
3490 415 3520 454 ιι

276 494 467 560 μινοις
512 491 807 546 κολάσεων.
853 490 1007 545 Ἐπεὶ
1041 488 1153 562 γὰρ
1192 488 1585 560 ὲνηνθρὼπησε
1622 490 1723 562 μὲν
1761 491 1853 546 τὸν

271 578 532 649 πέμπτον
562 565 783 650 καιρὸν,
801 579 877 641 ὡς
905 581 961 632 ὲν
988 581 1056 651 τῇ
1094 579 1227 650 περί⁵
1255 578 1351 632 τοῦ
1374 578 1567 649 Πάσχα
1590 579 1855 651 λεπτομε-

278 671 368 741 ρεῖ
400 669 639 741 θεωρίᾳ,
672 671 729 723 ἐν
755 672 823 741 τῇ
870 669 1037 740 βίϐλῳ
1079 669 1173 724 τοῦ
1224 669 1511 724 Λευῖτικοῦ
1550 669 1856 740 προδιείλη-

276 777 413 817 πται
438 779 452 793 ο
477 760 674 831 ἀνέστη
712 761 855 815 κατὰ
880 760 977 830 τὴν
1000 767 1049 833 η’
1082 761 1315 832 ἡμέραν.
1344 760 1499 815 Μετὰ
1518 760 1626 830 γὰρ
1652 758 1750 831 τὴν
1785 759 1852 826 ς’,

276 837 397 921 ἦτοι
426 848 485 902 τὸ
517 849 807 915 σάϐϐατον,
858 858 907 921 η’
955 850 1171 915 πάντως
1215 852 1250 921 ἡ
1303 849 1421 921 μετ’
1470 849 1686 919 ἐκείνην
1736 850 1852 903 Κυι-

281 940 445 1010 ριακή
466 955 481 969 ο
516 940 777 1005 πεντάκις
812 940 956 994 ὀκτὼ
983 941 1277 1011 μετρήσεις
1300 979 1316 1006 ,
1347 939 1441 993 καὶ
1478 939 1732 1010 εὑρήσεις
1760 938 1853 994 τὸν

274 1029 707 1100 τεσσαράκοντα,
747 1030 812 1085 ὃν
866 1031 964 1101 οὐχ
1010 1030 1428 1102 ὑπερϐαίνουσιν
1478 1028 1534 1083 αἱ
1591 1028 1851 1099 μάστιγες

276 1120 388 1176 τῶν
436 1122 868 1194 ἁμαρτημάτων.
911 1142 930 1176 ι
986 1123 1050 1177 Ei
1091 1122 1136 1176 δ’
1182 1120 1616 1193 ύπερϐήσονται,
1662 1118 1850 1190 φησιν,

194 1242 201 1245 τ
277 1210 655 1282 ἀσχημονήσει
699 1213 729 1265 6
771 1212 1185 1283 μαστιζόμενος.
1221 1229 1241 1263 ι
1288 1211 1580 1282 ’Δσχήμων
1626 1209 1735 1279 γὰρ
1766 1208 1854 1262 δν-

275 1317 388 1365 τως
424 1302 521 1354 καὶ
548 1302 742 1372 ἄτιμος
770 1304 800 1356 6
848 1302 1246 1374 μαστιζόμενος
1291 1300 1373 1354 ἐτι
1394 1318 1408 1333 '
1441 1300 1585 1369 λέγω
1614 1300 1679 1369 δὴ
1712 1298 1853 1370 μετὰ

279 1390 379 1463 τὴν
408 1392 573 1463 χάριν
615 1394 716 1464 τῆς
743 1393 1040 1464 εἰρημένης
1079 1393 1344 1462 ἀφέσεως,
1402 1393 1473 1445 Ἦ
1517 1391 1627 1462 γάρ
1661 1390 1738 1454 ὡς
1775 1390 1850 1461 μὴ

279 1485 577 1550 πιστεύσας
610 1483 926 1557 μαστίζεται
946 1523 963 1549 ,
987 1484 1022 1556 ἢ
1051 1483 1128 1549 ὡς
1161 1482 1298 1555 μετὰ
1322 1482 1421 1554 τὴν
1450 1480 1644 1553 ἄφεσιν
1672 1480 1853 1550 ἁμαρ-

280 1575 472 1646 τήσας.

283 1686 368 1741 υῠ
395 1683 799 1752 καταστήσεις
829 1682 924 1736 ἐπὶ
972 1679 1209 1748 σεαυτῷ
1231 1680 1495 1753 ἄρχοντα
1529 1680 1848 1750 ἄνθρωπον

889 1755 1229 1822 ἀλλότριον.

351 1865 451 1920 Διὰ
485 1864 579 1920 τοῦ
613 1864 895 1937 ἀλλοτρίου
922 1863 1233 1936 ἀνθρώπου,
1258 1863 1351 1916 τὸν
1375 1861 1621 1917 διάϐολον
1646 1861 1848 1933 ὑποδη-

278 1951 379 2007 λοῖ’
427 1952 487 2007 ὅν
523 1953 856 2025 παρανόμως
887 1951 1215 2007 καθιστῶσιν
1244 1952 1457 2015 ἑαυτοῖς
1484 1950 1753 2022 ἄρχοντα,
1799 1952 1847 2005 oi

278 2041 696 2115 πειθαρχοῦντες
726 2043 970 2114 ἀνοήτως
995 2044 1115 2104 ταῖς
1137 2042 1402 2111 πονηραῖς
1426 2040 1592 2094 αὑτοῦ
1623 2040 1849 2112 εἰσηγή-

276 2150 428 2187 σεσιν
451 2153 466 2165 ·
497 2151 515 2184 ι
558 2134 699 2187 Ἀλλ’
740 2136 805 2188 ὲκ
833 2134 939 2187 τῶν
978 2132 1223 2200 ἀδελφῶν
1250 2149 1377 2199 σου,
1421 2131 1607 2202 φησὶν,
1654 2130 1846 2203 ἐκλέξῃ

277 2222 492 2292 σεαυτῷ
514 2224 769 2295 ἄρχοντα.
786 2243 804 2277 ι
837 2217 1005 2287 Οὗτος
1027 2222 1085 2277 δέ
1111 2225 1260 2276 ἐστιν
1286 2221 1316 2273 6
1344 2221 1599 2292 Χριστὸς,
1620 2221 1847 2291 ἀδελφὸς

276 2314 452 2386 ἡμῶν,
475 2316 619 2369 κατὰ
642 2315 740 2386 τὴν
763 2313 918 2369 ὲνανο
927 2313 1175 2384 ρὼπησιν
1195 2310 1506 2381 γενόμενος,
1539 2313 1635 2366 καὶ
1662 2312 1847 2384 ἄρχων

273 2404 384 2458 τῶν
402 2403 738 2475 πειθομένων
764 2407 883 2468 ταῖς
909 2403 1149 2468 ἐντολαῖς
1175 2403 1358 2460 αὑτοῦ.

274 2536 541 2608 Νόμιμον
557 2531 637 2607 ἦν
663 2536 805 2608 τοὺς
832 2537 1134 2608 ἀκουσίως
1155 2537 1574 2608 φονεύσαντας
1591 2537 1679 2608 εις
1704 2534 1847 2608 τοὺς

344 2606 589 2672 τόπους
623 2606 741 2677 τῶν
803 2606 1168 2677 ὀρισθέντων
1200 2606 1691 2677 φυγαδευτηρίωςν
1731 2606 1844 2677 du:

342 2677 591 2746 ἄγεσθαι
633 2674 731 2729 καί
783 2673 1228 2745 gemmeam,
1276 2673 1384 2730 τοῦ
1425 2673 1744 2744 ἀρχιερέως
1780 2674 1849 2726 δὲ

341 2746 826 2811 τελευτήσαντος
855 2746 1252 2800 ἀπολύεσθαι.

342 2857 469 2915 Εἶεν
496 2859 540 2913 δ’
585 2858 652 2913 ἂν
678 2858 913 2913 τοιοῦτοι
942 2859 1124 2928 φονεῖς
1157 2860 1214 2912 αἱ
1257 2857 1432 2929 ψυχαὶ
1467 2857 1578 2910 τῶν
1612 2854 1718 2928 πρὸ
1747 2857 1848 2926 τῆς

273 2950 744 3024 ἱνανθρωπήσεως
788 2948 883 3003 τοῦ
933 2950 1173 3021 Χριστοῦ
1221 2948 1703 3020 τετελευτηκότων,
1749 2964 1846 3017 φο-

1954 488 2247 559 suppliciis
2279 503 2404 560 quae
2444 490 2792 549 debebantur
2842 499 3070 561 propter
3116 490 3333 546 delicta.
3384 489 3518 546 Nam

1951 580 2214 649 quoniam
2250 579 2309 635 in
2344 581 2540 651 quinto
2575 590 2824 651 tempore
2850 581 3031 637 factus
3047 589 3132 636 est
3156 579 3344 646 homo,
3379 581 3518 635 utin

1953 669 2146 726 subtili
2164 669 2233 726 de
2255 670 2519 729 Paschate
2542 672 3006 744 contemplatione
3028 672 3185 743 prius
3208 679 3294 727 est
3323 679 3521 726 tracta-

1955 766 2070 814 tum
2112 759 2167 814 in
2202 761 2348 817 libro
2381 761 2613 818 Levitici
2641 781 2653 817 :
2680 762 2921 819 surrexit
2949 771 3134 819 autem
3172 761 3262 817 die
3304 768 3519 815 octavo.

1952 850 2088 905 Nam
2112 862 2239 921 post
2262 853 2558 922 septimum
2578 868 2675 910 seu
2703 853 3025 918 Sabbatum,
3050 860 3276 908 octavus
3298 849 3522 907 omnino

1951 943 2046 1012 qui
2071 953 2157 998 est
2202 954 2328 1014 post
2366 945 2543 1009 illum,
2580 954 2664 1000 est
2696 945 3036 1009 Dominicus,
3063 941 3359 1014 quinquies
3396 947 3523 996 octo

1950 1035 2231 1101 metieris,
2278 1045 2337 1091 et
2383 1036 2628 1092 invenies
2662 1035 3047 1107 quadraginta,
3090 1049 3255 1105 quem
3297 1033 3520 1105 quidem

1948 1140 2244 1181 numerum
2276 1142 2385 1180 non
2404 1126 2675 1182 excedunt
2697 1126 2905 1197 ﬂagella
2935 1135 3312 1197 peccatorum.
3355 1144 3374 1176 ‹
3418 1124 3519 1180 Sin

1950 1224 2155 1281 autem,
2197 1216 2399 1286 inquit,
2440 1217 2729 1281 excedant,
2772 1216 2951 1286 turpis
2983 1223 3040 1270 et
3084 1215 3377 1269 indecorus
3412 1212 3522 1269 erit

1950 1307 2045 1378 qui
2081 1307 2468 1378 ﬂagellatur".
2501 1328 2518 1360 ι
2547 1309 2646 1364 Est
2686 1308 2836 1363 enim
2867 1323 3059 1363 revera
3087 1306 3265 1377 turpis
3289 1313 3347 1360 et
3382 1304 3520 1359 infa-

1950 1397 2056 1452 mis
2092 1399 2187 1468 qui
2225 1398 2461 1469 amplius
2491 1398 2833 1469 ilagellatur:
2872 1398 2998 1453 dico
3030 1406 3213 1452 autem
3256 1400 3380 1466 post
3400 1409 3523 1465 gra-

1952 1490 2080 1545 tiam
2105 1491 2266 1547 dictae
2301 1491 2665 1547 remissionis.
2692 1490 3021 1562 Flagellatur
3044 1490 3192 1545 enim
3223 1497 3320 1543 aut
3341 1495 3402 1542 ut
3425 1487 3521 1558 qui

1949 1596 2060 1636 non
2075 1582 2396 1648 crediderit,
2408 1591 2503 1638 aut
2522 1590 2584 1636 ut
2597 1581 2691 1652 qui
2708 1581 2950 1652 peccarit
2971 1588 3097 1651 post
3114 1580 3517 1636 remissionem.

1864 1730 1928 1788 Β
2024 1692 2391 1765 Alienigenam
2429 1710 2533 1748 non
2573 1710 2679 1750 esse
2720 1692 3019 1765 eligendum
3060 1694 3345 1765 principem
3383 1691 3449 1745 ".

2014 1864 2120 1921 Per
2142 1865 2381 1921 alienum
2409 1864 2707 1932 hominem,
2735 1862 3014 1920 diabolum
3043 1863 3207 1919 tacite
3231 1862 3520 1933 signiﬁcat,

1946 1972 2111 2028 quem
2140 1955 2327 2029 inique
2352 1957 2460 2013 sibi
2509 1956 2813 2028 principem
2860 1955 3207 2012 constituunt.
3239 1954 3332 2024 qui
3357 1953 3523 2009 stulte

1947 2059 2141 2119 parent
2165 2050 2431 2121 improbis
2453 2049 2573 2120 ejus
2596 2047 3040 2119 suggestionibus
3059 2065 3102 2101 τι
3128 2045 3235 2104 Sed
3247 2062 3313 2102 ex
3338 2042 3522 2100 fratri-

1947 2142 2051 2196 bus
2082 2142 2209 2210 luis,
2243 2141 2440 2211 inquit,
2461 2142 2629 2212 eliges
2652 2141 2752 2196 tibi
2771 2140 3097 2211 principem.
3124 2158 3142 2191 ι
3162 2139 3213 2194 Is
3235 2146 3417 2193 autem
3439 2142 3525 2191 est

1944 2232 2218 2298 Christus,
2246 2233 2340 2303 qui
2363 2232 2535 2287 frater
2565 2231 2789 2302 quidem
2821 2243 3011 2288 noster
3041 2232 3216 2287 factus
3239 2239 3323 2287 est
3346 2246 3522 2301 quan-

1945 2332 2063 2378 tum
2089 2324 2287 2379 attinet
2306 2323 2372 2378 ad
2398 2323 2821 2389 humanitatem,
2845 2332 2904 2379 et
2924 2323 3184 2394 princeps
3208 2337 3401 2379 eorum
3427 2321 3523 2394 qui

1946 2421 2141 2482 parent
2164 2413 2287 2484 ejus
2319 2411 2612 2467 mandatis.

1947 2547 2081 2621 Lege
2108 2549 2370 2621 sancitum
2400 2555 2538 2621 erat,
2581 2554 2639 2621 ut
2679 2547 2771 2621 qui
2809 2544 3164 2621 involuutarie
3194 2544 3384 2621 eadem
3427 2562 3525 2615 pa-

2012 2613 2260 2681 trassent,
2300 2617 2355 2669 in
2395 2613 2511 2685 loca
2551 2613 2740 2685 refugii
2780 2615 3086 2684 prmscripta
3118 2630 3173 2669 se
3212 2613 3521 2685 reciperent,

2015 2687 2187 2755 ibique
2227 2693 2337 2739 tuto
2378 2684 2647 2755 degerent,
2672 2684 2891 2738 mortuo
2931 2693 3109 2738 autem
3146 2684 3408 2755 pontiﬁce,
3439 2684 3522 2738 di-

2017 2756 2373 2808 mitterentur.

2014 2862 2297 2936 Ejusmodi
2322 2870 2505 2918 autem
2529 2862 2806 2919 oceisores
2837 2871 2965 2918 sunt
2989 2864 3185 2921 anima:
3210 2879 3401 2920 eorum
3426 2863 3524 2935 qui

1945 2954 2304 3010 decesserunt
2323 2961 2449 3008 ante
2476 2962 2784 3023 susceptam
2805 2968 2836 3008 a
2860 2952 3080 3009 Christo
3101 2954 3520 3021 humanitatem,

275 3041 534 3098 νεύσασαι
566 3041 667 3113 μὲν
688 3040 884 3104 ἑαυτὰς
908 3039 995 3093 διὰ
1015 3039 1112 3103 τὰς
1140 3037 1434 3110 ἁμαρτίας*
1466 3038 1737 3101 ἀκουσίως
1762 3036 1843 3101 δὲ,

1947 3060 2068 3115 qua:
2096 3058 2155 3099 se
2184 3043 2406 3113 quidem
2438 3043 2761 3097 occiderunt
2803 3054 3028 3114 propter
3067 3053 3320 3114 peccata;
3364 3044 3522 3100 invo-

273 3137 351 3202 ὡς
386 3135 516 3208 παρ’
546 3135 718 3205 αὐτῆς
761 3132 1142 3196 ὲκϐιασθείσας
1167 3133 1245 3196 είς
1275 3130 1453 3187 τοῦτο.
1484 3130 1550 3184 Ai
1577 3130 1680 3200 τῆς
1711 3129 1845 3194 ἰδίας

1949 3135 2187 3191 iuntarie
2209 3143 2417 3198 autem,
2448 3129 2654 3203 utquae
2680 3134 2733 3188 vi
2762 3132 2831 3188 ab
2857 3134 2974 3204 ipso
2994 3146 3123 3190 sunt
3143 3144 3365 3190 coactae.
3393 3134 3526 3202 Qua:

272 3229 376 3299 γῆς
399 3227 732 3300 διωχθεῖσαι,
766 3225 861 3280 καὶ
890 3226 969 3290 εἰς
996 3223 1089 3279 τδν
1118 3223 1254 3295 ᾂδην
1288 3222 1641 3293 ἀπαχθεῖσαι,
1670 3221 1846 3275 καθά-

274 3338 381 3393 περ
407 3322 487 3384 είς
515 3319 961 3390 φυγαδευτήριον,
1001 3315 1259 3386 ἀσφαλῶς
1289 3315 1621 3385 κατείχοντο.
1654 3314 1761 3368 Τοῦ
1791 3313 1848 3366 δὲ

277 3412 515 3483 μεγάλου
556 3412 856 3484 ἀρχιερέως
923 3408 1097 3480 Ἰησοῦ
1146 3405 1383 3479 Χριστοῦ
1447 3404 1809 3467 ἀποθανόντος
1828 3442 1844 3468 ,

274 3502 577 3573 ἀφείθησαν
605 3502 669 3555 ὲκ
694 3501 793 3572 τῆς
830 3498 971 3555 κατά
998 3497 1090 3551 τὸν
1123 3496 1255 3568 ᾅδην
1287 3495 1530 3565 εἱρκτῆς.

344 3592 532 3646 Ὅταν
558 3591 872 3661 εἰσέλθητε
893 3591 980 3656 εις
1007 3587 1123 3655 τὴν
1153 3584 1271 3655 γῆν
1295 3582 1376 3651 ἢν
1406 3584 1622 3650 Κύριος
1650 3582 1682 3635 ὀ
1704 3582 1848 3648 Θεὸς

273 3683 524 3739 δίδωσιν
572 3682 735 3751 ὑμῖν,
787 3682 888 3736 καί
937 3676 1430 3745 καταφυτεύσητε
1479 3671 1605 3728 πᾶν
1654 3672 1849 3737 ξύλον

268 3773 596 3844 βρώσιμον,
625 3767 1088 3841 περικαθαριεῖτε
1106 3767 1220 3834 τὴν
1240 3763 1616 3831 ἀκαθαρσίαν
1637 3761 1844 3825 αὐτοῦ,

273 3870 308 3922 ὁ
334 3866 403 3920 δὲ
439 3864 671 3935 καρπὸς
722 3861 907 3917 αὐτοῦ
957 3858 1090 3927 τρία
1125 3856 1228 3941 ξτη
1279 3855 1451 3909 ἔσται
1477 3852 1622 3923 ὖμῑν
1648 3853 1847 3921 ἀπερι-

273 3958 585 4026 κάθαρτος.
634 3955 716 4008 Οὐ
760 3952 1135 4020 ,βρωθήσεται
1160 3988 1176 4016 ,
1216 3946 1317 4001 καί
1363 3944 1442 4011 τῷ
1473 3945 1592 3999 ἔτει
1631 3942 1711 4009 τῷ
1756 3960 1846 3998 τε·

273 4047 463 4114 τάρτφ
479 4048 651 4099 ἔσται
667 4042 787 4109 πᾶς
814 4046 847 4098 ό
871 4042 1100 4111 καρπὸς
1116 4038 1304 4095 αὑτοῦ
1336 4036 1501 4108 ἅγιος
1526 4035 1607 4102 τῷ
1628 4035 1840 4104 Κυρίῳ.

286 4137 385 4191 Ἐν
432 4135 501 4190 δὲ
540 4134 622 4201 τῷ
671 4135 917 4205 πέμπτοι
959 4135 1076 4189 ἔτει
1094 4172 1111 4200 ,
1147 4130 1422 4203 ’φάγεσθε
1459 4127 1567 4183 τὸν
1613 4126 1845 4195 καρπὸν

265 4225 478 4283 αὑτοῦ.

356 4312 415 4369 Ὀ
452 4312 777 4386 παράδεισος
810 4312 909 4383 μὲν
945 4312 979 4382 ἡ
1011 4309 1279 4381 Μωσαῖκὴ
1319 4306 1628 4380 συγγραφὴ,
1666 4306 1836 4361 καθά-

1949 3224 2192 3295 quidem,
2223 3241 2295 3280 ex
2316 3233 2463 3279 terra
2484 3239 2581 3280 sua
2606 3224 2844 3293 expulsa
2866 3232 2922 3279 et
2945 3224 3011 3279 ad
3044 3224 3246 3280 inferos
3276 3223 3525 3279 abductae

1949 3324 2205 3385 tanquam
2249 3314 2304 3368 in
2344 3315 2528 3368 locum
2556 3313 2749 3367 exsilio
2778 3313 3130 3376 destinatum,
3165 3320 3283 3366 tuto
3305 3313 3520 3368 detine-

1948 3404 2169 3459 bantur.
2191 3403 2384 3475 Magno
2403 3411 2586 3458 autem
2612 3400 2869 3473 pontiﬁce
2889 3401 3015 3456 Jesu
3036 3400 3256 3456 Christo
3279 3409 3519 3468 mortuo,

1947 3495 2157 3551 emissa!
2180 3503 2310 3550 sunt
2329 3510 2395 3549 ex
2422 3506 2643 3549 carcere
2668 3491 2996 3548 inferorum.

2019 3586 2242 3653 Quando
2272 3586 2493 3658 ingressi
2526 3586 2727 3656 fueritis
2758 3585 2814 3638 in
2849 3591 3048 3637 terram
3076 3599 3236 3652 quam
3263 3581 3520 3638 Dominus

1952 3679 2087 3734 Deus
2111 3679 2203 3733 dat
2225 3679 2386 3742 vobis,
2413 3686 2464 3732 et
2491 3675 2856 3748 plantaveritis
2883 3690 3035 3728 omne
3058 3672 3260 3744 lignum
3285 3671 3520 3727 esculen-

1948 3780 2080 3836 tum,
2120 3770 2477 3843 expurgabitis
2514 3770 2627 3839 ejus
2654 3768 3065 3828 immunditiam,
3096 3769 3297 3838 fructus
3336 3776 3514 3822 autem

1947 3860 2058 3930 ejus
2084 3868 2186 3915 tres
2210 3876 2377 3915 annos
2400 3859 2539 3915 vobis
2555 3860 2651 3913 erit
2668 3858 2999 3923 immundus;
3043 3874 3147 3911 non
3193 3858 3509 3923 comedetur,

1945 3961 1996 4007 et
2032 3968 2172 4007 anno
2211 3960 2402 4023 quarto
2438 3951 2536 4005 erit
2574 3951 2740 4004 omnis
2781 3949 2980 4019 fructus
3006 3949 3116 4020 ejus
3158 3958 3368 4005 sanctus
3403 3949 3515 4007 Do-

1947 4046 2110 4101 mino.
2168 4042 2235 4100 In
2282 4059 2424 4097 anno
2468 4051 2644 4098 autem
2684 4041 2865 4113 quinto
2909 4041 3182 4097 comedetis
3233 4042 3349 4113 ejus
3399 4042 3513 4112 fru-

1945 4144 2088 4190 ctum
2116 4134 2184 4189 "’.

2011 4308 2306 4366 Paradisus
2326 4307 2545 4380 quidem
2561 4322 2656 4363 seu
2673 4306 2865 4362 hortus
2875 4314 2959 4361 est
2971 4305 3242 4377 scriptura
3257 4306 3509 4372 Mosaica,

273 4422 392 4477 περ,
444 4405 559 4459 τισὶ
613 4405 801 4474 φυτοῖς
847 4399 1147 4456 πολυειδέσι
1199 4398 1294 4454 καὶ
1333 4398 1557 4470 ὡραίοις
1601 4396 1839 4467 βρύουσα

1945 4412 2203 4472 tanquam
2237 4400 2632 4471 multiplicibus
2660 4408 2718 4454 et
2742 4398 2988 4469 pulchris
3010 4399 3231 4469 plantis,
3259 4398 3512 4469 pulcher-

270 4498 386 4559 τοῖς
422 4494 725 4557 καλλίστοις
745 4492 840 4546 καὶ
861 4488 1126 4553 ποικίλοις
1157 4487 1580 4560 νομοθετήμασι.
1615 4485 1841 4541 Κελεύει

270 4584 330 4641 δὲ
360 4587 388 4640 ὁ
419 4584 551 4648 Θεὸς
598 4582 870 4656 περιελεῖν
895 4580 995 4652 τὴν
1026 4581 1258 4634 ἑκάστου
1286 4578 1453 4648 φυτοῦ
1478 4576 1837 4649 ἀκαθαρσίαν⁹

270 4677 418 4732 τοῦτ’
454 4676 590 4743 ἔστι,
634 4674 696 4729 τὸ
722 4674 952 4728 ἑκάστου
981 4672 1147 4743 νόμου
1181 4669 1491 4742 σωματικόν
1527 4684 1587 4721 τε
1625 4669 1718 4722 καὶ
1756 4668 1841 4720 al-

272 4768 489 4840 σθητόν.
552 4765 883 4837 ’Δκαθαρσία
933 4762 1044 4835 γὰρ
1091 4762 1250 4815 τοῦτο
1293 4763 1406 4825 τοῖς
1449 4760 1840 4829 πνευματικοῖς

270 4858 619 4930 φυτοκὸμοις.
645 4858 721 4920 ὡς
747 4855 1020 4929 ἄχρηστόν
1042 4871 1102 4910 τε
1123 4854 1218 4907 καὶ
1241 4851 1523 4925 βλαϐερόν.
1548 4851 1690 4923 Πρὸς
1716 4849 1839 4903 τού-

267 4964 395 5011 τους
422 4947 532 5019 γὰρ
575 4947 605 5001 6
630 4946 805 5014 λόγος.
841 4944 980 5017 Τρία
1025 4942 1127 5013 μὲν
1158 4936 1252 4997 οὖν
1282 4941 1377 5014 ἔτη
1397 4985 1411 5008 ,
1441 4941 1562 4996 καθ’
1589 4939 1682 5005 οὒς
1707 4934 1776 5011 ἦν
1810 4940 1841 4993 6

270 5041 478 5115 καρπὸς
509 5040 618 5095 τῶν
646 5039 827 5111 φυτῶν
855 5037 1316 5111 ἀπερικάθαρτος,
1344 5038 1393 5090 oi
1435 5037 1585 5107 τρεῖς
1619 5033 1798 5106 καιροί
1821 5049 1836 5065 ·

268 5131 299 5185 6
323 5130 464 5186 κατά
492 5130 760 5193 Μωσέα,ὀ
788 5127 927 5183 κατά
953 5128 1047 5183 τδν
1078 5126 1285 5199 Ἰησοῦν
1308 5124 1404 5180 τοῦ
1435 5126 1612 5198 Ναυῆ,
1646 5127 1674 5180 6
1697 5124 1840 5180 κατά

268 5221 395 5286 τοὺς
423 5220 636 5292 κριτὰς.
666 5219 790 5274 καθ’
818 5218 911 5283 οὓς
934 5215 1004 5289 ἦν
1026 5220 1055 5272 6
1084 5218 1294 5289 καρπὸς
1313 5218 1425 5271 τῶν
1447 5216 1628 5289 νόμων
1661 5217 1839 5287 ἀσυμ-

268 5315 466 5386 φανής’
488 5315 609 5385 ἦτοι
631 5313 691 5367 τὸ
709 5311 1301 5384 κεκρυμμένοναύτοῦ,
1327 5313 1422 5367 καὶ
1452 5311 1832 5384 πνευματικῶς

269 5404 575 5475 νοούμενον,
607 5403 685 5475 τῷ
713 5404 875 5475 πάχει
897 5403 998 5474 τῆς
1041 5403 1280 5473 ἱστορίας
1317 5404 1412 5457 καὶ
1467 5405 1533 5474 τῇ
1569 5405 1699 5473 σκιᾷ
1735 5419 1834 5456 κα-

271 5493 622 5565 λυπτόμενον.
662 5495 934 5567 Τέταρτον
957 5493 1014 5548 δὲ
1049 5491 1168 5555 ἔτος
1196 5494 1226 5547 6
1257 5493 1448 5564 καιρὸς
1478 5494 1587 5548 τῶν
1615 5509 1831 5565 προφη-

340 5679 385 5714 ²¹
411 5675 547 5735 lbid.
618 5676 663 5710 “
685 5676 843 5735 Deut.
869 5691 998 5746 xvn,
1028 5676 1113 5733 i5.
1189 5679 1258 5712 “'
1294 5676 1455 5734 Num.
1488 5686 1647 5741 xxxv,
1677 5670 1861 5729 22-25.

1941 4493 2099 4548 rimis
2126 4500 2182 4548 et
2205 4491 2373 4547 variis
2404 4500 2619 4547 scatens
2643 4491 2822 4561 legum
2850 4489 3107 4545 decretis.
3135 4489 3301 4546 lubet
3327 4499 3509 4548 autem

1940 4584 2086 4639 Deus
2124 4566 2553 4653 uniuscujusque
2591 4581 2790 4652 plantae
2836 4578 3239 4636 immunditiam
3269 4581 3505 4647 auferre,

1939 4674 2046 4729 hoc
2065 4681 2172 4738 est,
2197 4673 2625 4744 uniuscujusque
2648 4672 2784 4744 legis
2804 4670 2858 4726 id
2879 4670 3026 4741 quod
3045 4679 3129 4726 est
3149 4673 3433 4741 corporale
3451 4681 3509 4728 et

1936 4763 2231 4830 sensibile;
2276 4763 2383 4819 hoc
2420 4763 2569 4818 enim
2611 4770 2697 4818 est
2737 4762 3085 4818 immunditia
3130 4762 3509 4832 spiritualibus

1938 4854 2363 4927 plantatoribus,
2392 4863 2455 4909 ut
2476 4854 2623 4925 quod
2646 4854 2720 4910 sit
2741 4854 2934 4910 inutile
2955 4862 3011 4909 et
3032 4854 3278 4909 noxium.
3303 4854 3384 4910 Ad
3411 4871 3507 4912 eos

1934 4947 2079 5003 enim
2105 4946 2360 5018 dirigitur
2391 4946 2587 5002 oratio.
2621 4944 2798 5017 Atque
2826 4953 2940 5003 tres
2962 4946 3185 5017 quidem
3222 4947 3350 5002 anni
3377 4947 3506 5018 qui-

1935 5038 2039 5094 bus
2063 5039 2368 5109 plantarum
2397 5036 2608 5092 fructus
2633 5044 2753 5093 erat
2790 5036 3123 5103 immundus,
3152 5035 3256 5092 tria
3280 5036 3506 5092 fuerunt

1934 5138 2180 5202 tempora
2212 5148 2225 5183 :
2252 5145 2376 5184 nam
2407 5138 2621 5199 tempus
2646 5126 2864 5198 Moysis,
2909 5133 3124 5198 tempus
3160 5126 3290 5183 Jesu
3326 5127 3501 5191 Nave,

1936 5230 2151 5292 tempus
2174 5220 2442 5292 judicum.
2464 5219 2676 5287 Quibus
2699 5219 2877 5291 legum
2903 5218 3125 5290 quidem
3154 5220 3363 5275 fructus
3391 5236 3501 5275 non

1935 5320 2056 5367 erat
2087 5311 2439 5381 conspicuus,
2470 5325 2667 5380 nempe
2692 5308 2747 5364 id
2768 5308 2913 5381 quod
2953 5318 3038 5366 est
3076 5311 3195 5382 ejus
3224 5310 3499 5365 occultum

1934 5412 1992 5460 ct
2016 5402 2339 5472 intelligitur
2378 5402 2757 5473 spiritualiter,
2787 5411 3038 5472 opertum
3071 5402 3313 5458 historia:
3347 5415 3497 5458 cras-

1937 5494 2063 5549 sitie
2090 5501 2149 5549 et
2186 5492 2401 5549 umbra.
2447 5492 2688 5561 Quartus
2728 5502 2911 5552 autem
2940 5509 3117 5552 annus
3162 5502 3248 5552 est
3283 5503 3501 5565 tempus

1938 5674 1981 5709 ³⁷
2013 5672 2188 5731 Levit.
2210 5690 2319 5744 xxx,
2341 5673 2529 5734 22-25.
