4062 6202
564 322 699 380 H67
1748 321 1805 377 8.
1842 320 2117 379 CYRILLI
2154 320 2243 377 ET
2280 322 2590 382 ALIOBUM
3665 328 3832 384 i248

563 438 970 507 prophetarum,
1015 447 1123 504 quo
1150 432 1244 504 qui
1289 443 1542 496 ostensus
1583 434 1794 495 fructus
1835 429 2009 493 factus
2040 444 2167 501 est;

2227 436 2353 502 τῶν,
2387 437 2513 491 καθ’
2537 438 2596 491 δν
2616 439 2645 493 6
2668 437 2927 510 θηλωθιὶς
2955 440 3163 511 καρπὸς
3197 440 3345 509 ἅγιος
3375 440 3561 509 γόγονε
3588 442 3671 514 τῷ
3690 446 3831 501 Κυο

561 535 780 583 sanctus
803 527 1052 592 Domino,
1084 525 1153 581 de
1180 534 1377 581 caetero
1399 525 1468 580 ad
1492 526 1772 583 Christum
1795 528 2001 584 relatus
2026 544 2123 600 per

2232 530 2332 601 ρίῳ
2354 570 2370 596 ,
2403 529 2590 585 λοιπὸν
2626 532 3028 602 ἀναφερόμενος
3054 534 3134 595 είς
3167 533 3257 585 τὸν
3282 534 3536 604 Χριστὸν,
3578 534 3673 587 διὰ
3716 536 3835 602 τῆς

563 619 932 673 testimonium
976 618 1383 688 prophetarum.
1412 618 1647 685 Quintus
1685 629 1866 675 autem
1909 637 2119 687 annus,

2231 619 2533 691 μαρτυρίας
2558 620 2667 674 τῶν
2683 621 3034 691 προφητικῶν
3058 621 3269 691 φωνῶν.
3297 622 3553 692 Πέμπτον
3574 622 3639 676 δὲ
3666 621 3834 685 ἔτος,

560 717 645 763 est
668 708 917 777 quintum
962 717 1172 778 tempus
1199 724 1308 781 quo
1328 710 1581 767 Christus
1608 711 1774 767 homo
1814 712 1988 768 factus
2014 722 2120 779 est,

2226 709 2255 760 6
2286 709 2535 779 πέμπτος
2562 710 2771 783 καιρόςο
2795 710 2919 764 καθ’
2946 710 3004 764 ὃν
3036 713 3064 765 6
3092 711 3324 782 Χριστὸς
3352 712 3828 783 ὲνηνθρώπησεν,

561 806 622 853 ut
641 808 917 852 ostensum
939 808 1024 854 est
1046 800 1320 869 superius.
1338 800 1471 856 Nam
1495 802 1564 855 ab
1591 816 1658 857 eo
1679 811 1923 872 tempore
1943 804 2124 859 ablato

2230 800 2301 863 ὡς
2329 801 2585 873 ἀνωτέρω
2609 802 2927 873 δεδήλωται.
2960 803 3184 856 Ἐκτοτε
3214 803 3320 875 γὰρ
3357 804 3834 875 περιαιρεθέντος

557 890 836 959 operculo,
872 907 973 946 nos
1010 891 1197 948 ﬁdeles
1224 908 1414 948 sumus
1446 894 1657 950 utiliter
1684 896 1974 967 participes
2003 897 2120 953 fru-

2226 889 2321 942 τοῦ
2342 890 2713 961 καλύμματος,
2737 891 3223 963 μεταλαμϐάνομεν
3243 896 3291 946 oi
3315 895 3497 947 πιστοὶ
3512 895 3830 966 χρησίμως

559 992 680 1038 ctus
699 983 834 1054 legis
857 981 1122 1039 Mosaicae.

2225 980 2320 1034 τοῦ
2351 983 2562 1054 καρποῦ
2588 983 2689 1053 τῆς
2717 983 3022 1053 Μωσαῖκῆς
3049 985 3386 1055 νομοθεσίας.

954 1096 1047 1152 EX
1085 1097 1287 1155 LIBRO
1323 1100 1486 1157 JESU
1520 1101 1724 1159 NAVE.
2403 1094 2495 1149 ΕΚ
2525 1095 2558 1148 Ἰ

2403 1094 2495 1149 ΕΚ
2525 1095 2660 1149 ΤΗΣ
2695 1096 2946 1151 ΒΙΒΔΟΥ
2974 1097 3183 1151 ΙΗΣΟΥ
3209 1098 3346 1151 ΤΟΥ
3384 1098 3577 1151 ΝΑΥΗ

624 1204 848 1262 Gabaon
872 1207 1093 1278 quidem
1120 1219 1206 1265 est
1250 1228 1406 1267 mens
1433 1214 1686 1271 sublimis
1711 1232 1723 1269 :
1752 1216 1910 1273 vallis
1937 1227 2120 1274 autem

2296 1208 2492 1263 Γαϐαὼ
2529 1210 2627 1279 μὲν
2663 1210 2811 1265 ἐστιν
2838 1213 2867 1266 6
2892 1210 3093 1283 ὑψηλὸς
3121 1210 3268 1275 νοῠςσ
3298 1210 3515 1283 φάραγξ
3540 1212 3626 1278 δὲ,
3658 1214 3696 1282 ἡ
3728 1212 3825 1282 τῷ

557 1305 644 1353 est
670 1312 800 1352 caro
826 1310 1003 1355 morte
1029 1302 1312 1358 humiliata
1337 1322 1351 1358 :
1378 1313 1435 1359 et
1464 1307 1544 1361 sol
1574 1307 1795 1375 quidem
1825 1317 1910 1364 est
1945 1312 2121 1367 oratio

2227 1298 2441 1369 θανάτῳ
2458 1299 2855 1355 ταπεινωθεῖσα
2884 1302 3043 1372 σάρξο
3070 1302 3164 1356 καὶ
3190 1302 3219 1355 6
3244 1302 3390 1371 ἥλιος
3415 1304 3534 1373 μὲν,
3560 1306 3593 1357 6
3625 1303 3816 1372 φωτί-

554 1403 677 1458 qua:
715 1399 953 1447 mentem
997 1393 1287 1459 illuminat,
1310 1404 1368 1451 et
1390 1397 1441 1451 ei
1466 1400 1779 1469 suppeditat
1805 1401 2121 1459 facultatem

2226 1392 2333 1456 ξων
2369 1393 2460 1446 τὸν
2491 1392 2613 1446 νοῦν
2640 1393 2796 1461 λόγος
2827 1395 2922 1448 καὶ⁴
2952 1394 3206 1466 χορηγῶν
3245 1393 3395 1463 αύτῷ
3420 1393 3824 1463 θεωρημάτων

555 1479 979 1549 theorematum,
1008 1490 1065 1539 et
1104 1500 1223 1540 eam
1252 1484 1449 1543 liberat
1471 1489 1542 1544 ab
1571 1492 1722 1546 omni
1771 1496 2114 1563 ignorantia:

2223 1481 2471 1554 δύναμιν,
2495 1483 2591 1537 καὶ
2616 1484 2795 1553 πάσης
2829 1485 3050 1554 ἀγνοίας
3081 1485 3437 1538 ἀπαλλάττων
3457 1502 3471 1514 ·
3507 1484 3713 1553 σελήνη
3749 1483 3817 1536 δὲ

553 1569 683 1627 luna
723 1580 907 1628 autem
937 1584 1021 1630 est
1050 1576 1137 1631 lex
1173 1580 1457 1647 naturalis,
1489 1596 1586 1636 seu
1618 1585 1884 1639 naturalis
1907 1585 2114 1642 discre-

2222 1573 2253 1625 6
2279 1572 2505 1639 φυσικδς
2530 1573 2709 1643 νόμος,
2741 1575 2906 1643 ἡγουν
2933 1576 2966 1645 ἡ
2993 1573 3195 1644 φυσικὴ
3224 1573 3511 1642 διάκρισις,
3557 1574 3816 1643 μετρίως

553 1662 650 1725 tio,
677 1664 1031 1721 mediocriter
1072 1668 1387 1725 illuminans
1417 1680 1474 1726 et
1512 1672 1664 1727 carni
1694 1675 2030 1743 persuadens
2057 1681 2119 1731 ut

2224 1665 2532 1735 φωτίζουσα
2558 1665 2653 1719 καὶ
2683 1664 2943 1719 πείθουσα
2994 1665 3091 1736 τὴν
3125 1665 3301 1735 σάρκα
3352 1663 3699 1733 ὑποταγῆναι
3739 1665 3820 1731 τῇ

550 1752 876 1823 subjiciatur
903 1756 1115 1812 animae.
1150 1756 1305 1813 Luna
1348 1759 1495 1815 enim
1544 1771 1630 1816 est
1668 1763 1975 1834 symbolum
2016 1778 2115 1819 na-
2150 1799 2154 1853 j

2222 1758 2391 1828 ψυχῇ.
2422 1756 2639 1822 Φύσεως
2668 1756 2776 1829 γὰρ
2807 1755 3073 1826 σύμϐολον
3103 1757 3136 1826 ἡ
3188 1755 3406 1825 σελήνη,
3444 1754 3535 1807 διὰ
3572 1754 3641 1807 τὸ
3681 1770 3820 1855 τρε-

555 1853 710 1906 ῑιιγαξ,
731 1854 955 1913 prepter
976 1848 1412 1904 mutabilitatem.
1430 1850 1689 1922 Quisquis
1707 1869 1838 1925 ergo
1856 1872 1955 1926 per
1973 1857 2118 1926 piam
2150 1845 2159 1854 ”

2221 1849 2375 1903 πτόν.
2408 1848 2597 1911 Ὅστις
2636 1847 2766 1916 γοῦν
2796 1847 2863 1901 δι’
2910 1846 3169 1911 εὐσεϐοῦς
3201 1845 3473 1909 πολιτείας
3510 1845 3818 1916 παρατάσ-

550 1930 675 1984 viue
702 1930 1101 1988 institutionem
1137 1936 1254 1990 acie
1290 1938 1533 2009 conﬂigit
1579 1941 1841 1998 adversus
1870 1944 2120 2001 inimicos

2221 1956 2374 1993 σεται
2415 1940 2553 2012 πρὸς
2582 1941 2707 2005 τοὺς
2751 1940 3315 2023 ἀοράτουςιὲχθροὺς,
3382 1938 3592 2010 Ἰησοῦς
3634 1941 3665 1992 6
3707 1937 3815 1990 τοῦ

550 2020 645 2088 qui
681 2022 885 2077 cadunt
930 2024 1032 2079 sub
1077 2025 1521 2099 intelligentiam,
1564 2031 1626 2088 ﬁt
1663 2035 1823 2091 Jesus
1857 2038 2023 2095 Nave.
2051 2039 2121 2096 Et

2219 2029 2377 2100 Ναυῆ
2396 2030 2626 2101 γίνεται·
2644 2033 2739 2086 καὶ
2755 2030 2973 2102 εὔχεται
2999 2020 3188 2102 στῆναι
3210 2030 3357 2100 αὐτῷ
3377 2030 3467 2083 τὸν
3495 2030 3597 2100 μὲν
3626 2029 3814 2099 ἣλιον,

552 2118 805 2176 precatur
835 2114 1056 2183 quidem
1092 2124 1153 2170 ut
1180 2118 1285 2172 sibi
1321 2129 1428 2177 stet
1464 2124 1565 2187 sol,
1597 2134 1658 2179 ut
1683 2126 1891 2183 dictum
1922 2138 2028 2195 est,
2062 2130 2121 2187 in

2218 2119 2294 2183 ὡς
2324 2120 2564 2190 είρηται¹,
2597 2119 2738 2175 κατὰ
2764 2119 2992 2187 Γαϐαὼ,
3035 2120 3134 2190 τὴν
3176 2120 3234 2174 δὲ
3266 2118 3493 2188 σελήνην
3524 2118 3670 2171 κατά
3698 2117 3812 2185 φά-

549 2198 792 2265 Gabaon.
829 2205 957 2260 luna
995 2215 1177 2263 autem
1205 2210 1261 2265 in
1284 2213 1421 2268 valle
1449 2215 1529 2281 ἐς
1560 2215 1663 2271 hoc
1687 2227 1790 2283 est,
1815 2220 1866 2274 ei
1901 2236 2119 2290 perma-

2220 2228 2421 2281 ραγγασ
2452 2211 2598 2266 τοῦτ’
2627 2211 2773 2276 ἔστι,
2806 2213 3143 2283 παραμεῖναι
3174 2209 3323 2280 αύτῷ
3361 2209 3497 2282 πρὸς
3529 2207 3812 2277 καθαίρε-

550 2297 677 2342 neat
704 2291 771 2344 ad
802 2292 1161 2352 destruendas
1189 2299 1307 2354 vitii
1339 2302 1677 2361 munitiones
1714 2314 1771 2362 et
1812 2308 1880 2363 ad
1925 2309 2118 2365 interi-

2220 2319 2302 2355 σιν
2327 2302 2435 2356 τῶν
2469 2302 2570 2374 τῆς
2601 2302 2797 2367 κακίας
2828 2302 3221 2375 ὀχυρωμάτων,
3253 2302 3349 2356 καὶ
3376 2297 3662 2369 ἀναίρεσιν
3695 2298 3813 2350 τῶν

548 2380 778 2443 mendos
806 2382 1010 2440 hostes.

911 2392 1010 2440 tes.
2220 2394 2514 2463 πολεμίων.

618 2468 901 2537 Quomodo
927 2481 1050 2545 post
1078 2486 1312 2534 mortem
1344 2481 1542 2553 Moysis
1566 2484 1724 2541 Jesus
1742 2486 1890 2544 Nave
1908 2491 2120 2561 accepit

2291 2488 2500 2559 Ὥσπερ
2529 2486 2665 2558 μετὰ
2701 2486 2800 2557 τὴν
2823 2485 3079 2557 τελευτὴν
3112 2485 3358 2549 Μωσέως
3403 2484 3613 2555 Ἰησοῦς
3643 2487 3675 2537 6
3704 2483 3808 2537 τοῦ

546 2560 914 2632 principatum
946 2581 959 2617 :
988 2565 1061 2620 ita
1092 2580 1215 2637 post
1238 2580 1473 2627 mortem
1501 2575 1689 2647 legalis
1712 2577 1907 2635 litterae
1958 2560 2120 2638 Iesus

2217 2579 2373 2649 Ναυῆ
2404 2578 2503 2651 τὴν
2538 2578 2834 2649 ἠγεμονίαν
2862 2576 3169 2649 παρέλαϐεν
3188 2591 3203 2606 ’
3234 2575 3379 2629 οὓτω
3411 2575 3547 2646 μετὰ
3574 2575 3679 2646 τὴν
3712 2592 3810 2628 τε-

545 2650 803 2724 Christus
836 2661 1047 2727 accepit
1084 2661 1455 2732 principatum
1500 2669 1627 2721 novi
1658 2671 1866 2739 populi,
1906 2681 1962 2727 et
1998 2681 2117 2729 tan-

2216 2669 2409 2739 λευτὴν
2449 2668 2544 2723 τοῦ
2579 2668 2803 2740 νομικοῦ
2843 2668 3167 2740 γράμματος
3190 2710 3205 2733 ,
3251 2666 3455 2737 Ἰησοῦς
3492 2669 3521 2719 6
3550 2666 3804 2736 Χριστὸς

546 2756 709 2812 quam
738 2760 836 2814 per
863 2746 1070 2817 gladios
1110 2754 1373 2821 petrinos,
1407 2770 1505 2825 per
1541 2759 1777 2823 solidum
1808 2775 2117 2820 sermonem

2216 2761 2315 2831 τὴν
2349 2759 2644 2830 ἡγεμονίαν
2686 2757 2780 2812 τοῦ
2811 2759 2931 2812 νέου
2964 2758 3095 2814 λαοῦ
3136 2757 3441 2828 παρέλαϐε*
3474 2758 3569 2810 καὶ
3595 2757 3807 2827 ὥσπερ

544 2837 663 2905 ejus
681 2838 1434 2907 mandatorum,circumcidit
1456 2848 1627 2917 ipsius
1647 2850 1893 2906 habitum
1909 2854 1975 2909 ad
1996 2870 2119 2910 sen-

2216 2847 2305 2900 διὰ
2335 2847 2441 2902 τῶν
2475 2841 2741 2918 πετρίνων
2783 2848 3089 2918 μαχαιρῶν,
3123 2848 3213 2901 διὰ
3237 2846 3332 2902 τοῦ
3378 2847 3598 2918 στερῤοῦ
3627 2847 3806 2916 λόγου

546 2926 687 2991 silia,
712 2936 767 2982 et
801 2928 984 2984 eﬂ‘ecit
1013 2941 1071 2986 ut
1098 2933 1212 3003 ipse
1237 2938 1496 2992 transiret
1518 2938 1778 2996 ﬂuentem
1802 2953 1855 2999 et
1885 2945 2115 3001 instabi-

2216 2937 2324 2991 τῶν
2367 2938 2594 2992 ἐντολῶν
2631 2937 2795 2992 αὑτοῦ
2840 2938 3134 3009 περιέτεμε
3174 2939 3367 2991 τούτου
3408 2938 3507 3008 τὴν
3554 2938 3698 3009 πρὸς
3727 2940 3806 2990 τὰ

544 3014 651 3070 lem
678 3018 802 3072 vita:
823 3022 1107 3087 praesentis
1131 3023 1475 3092 brevitatem,
1499 3044 1696 3100 nempe
1719 3034 1787 3087 ab
1812 3050 1873 3091 ea
1894 3052 2003 3091 non
2027 3054 2115 3093 re-

2217 3029 2450 3097 αίσθητὰ
2474 3029 2677 3099 σχέσιν,
2706 3029 2801 3083 καὶ
2829 3031 3241 3099 παρεσκεύασεν
3266 3030 3426 3083 αὐτὸν
3462 3029 3806 3096 διαπερᾶσαι

545 3110 758 3170 tentus;
786 3106 1030 3163 humeris
1059 3120 1242 3166 autem
1278 3115 1544 3171 virtutum
1585 3119 1894 3189 impositam
1931 3125 2149 3183 ferenst

2213 3119 2274 3170 τὸ
2298 3119 2418 3188 ρἑν
2447 3120 2541 3172 καὶ
2565 3119 2796 3174 ἄστατον
2812 3118 2904 3172 τοῦ
2934 3120 3200 3190 παρόντος
3227 3119 3363 3189 βίου,
3392 3119 3467 3188 μὴ
3496 3118 3801 3189 βραχέντα,

543 3209 748 3261 arcam,
781 3199 1165 3270 cognitionem,
1189 3204 1435 3275 inquam,
1483 3224 1742 3279 capacem
1798 3213 2117 3275 divinorum

2215 3206 2362 3260 τοῦτ’
2389 3207 2499 3260 ἐστι
2523 3250 2537 3274 ,
2573 3210 2647 3280 μὴ
2679 3209 2995 3280 ἐνσχεθέντα
3026 3211 3221 3282 τούτῳ·
3256 3212 3369 3273 τοῖς
3403 3208 3578 3277 ὤμοις
3600 3209 3661 3260 δὲ
3689 3210 3802 3260 τῶν

546 3286 955 3354 mysteriorum.

2213 3296 2424 3366 ἀρετῶν
2455 3300 2811 3372 ἐπικειμένην
2844 3301 3077 3373 φέροντα
3109 3302 3217 3373 τὴν
3248 3300 3514 3355 κιϐωτόνυ
3550 3300 3701 3368 λέγω
3734 3299 3801 3369 δὴ

2212 3386 2310 3456 τὴν
2331 3387 2587 3460 δεκτικὴν
2612 3390 2720 3444 τῶν
2749 3391 2906 3445 θείων
2945 3392 3264 3463 μυστηρίων
3293 3391 3517 3461 γνῶσιν.

890 3485 986 3545 EX
1021 3488 1235 3547 PRIMO
1261 3492 1473 3550 LIBRO
1511 3496 1767 3557 REGUM.
2478 3503 2494 3556 Ἴ

2478 3503 2616 3563 ΤΗΣ
2652 3503 2925 3558 ΠΡΩΤΗΣ
2960 3505 3097 3557 ΤΩΝ
3137 3503 3517 3558 ΒΔΣΙΛΕῘΩΝ.

1045 3602 1121 3657 De
1166 3602 1330 3659 Saule
1362 3614 1411 3658 et
1443 3606 1632 3663 David.
2635 3621 2649 3672 l

2635 3617 2773 3686 Περὶ
2803 3616 3003 3671 Σαοὺλ
3035 3616 3133 3669 καὶ
3168 3615 3361 3670 Δαϐίό.

613 3712 724 3768 Lex
752 3721 912 3769 vetus
935 3713 981 3769 si
1012 3713 1086 3769 ita
1117 3723 1365 3771 sumatur
1397 3727 1458 3773 ut
1482 3728 1762 3789 spectatur
1787 3732 1996 3780 tantum
2027 3728 2116 3782 lit-

2294 3730 2354 3783 '0
2385 3727 2616 3792 παλαιὸς
2649 3728 2812 3799 νόμος
2848 3726 2990 3782 κατὰ
3022 3727 3184 3797 μόνον
3209 3726 3272 3780 τὸ
3303 3726 3541 3797 γράμμα
3574 3727 3798 3799 λαμϐα-

548 3811 684 3868 tera,
706 3812 789 3858 est
811 3803 939 3859 Saul
960 3805 1216 3862 laborans
1240 3808 1433 3863 morbo
1456 3811 1681 3876 caduco,
1706 3822 1764 3867 ut
1782 3815 1876 3884 qui
1900 3827 2116 3873 contra-

2212 3820 2453 3890 νόμενος,
2486 3818 2656 3872 Σαούλ
2686 3819 2854 3883 ἔστιν,
2888 3816 3207 3887 ἐπίληπτος,
3241 3816 3335 3871 ἅτε
3362 3816 3586 3887 μυρίαις
3613 3817 3797 3871 δονού-

548 3896 646 3950 riis
685 3910 749 3951 ac
777 3899 1207 3968 repugnantibus
1246 3903 1481 3973 agitetur
1512 3904 2026 3973 innumerabilibus,
2060 3920 2115 3965 et

2217 3928 2373 3979 μενος
2402 3908 2749 3963 ὲναντιώσεσι
2771 3950 2786 3974 ,
2818 3908 2911 3962 καὶ
2943 3908 3212 3979 μηδεμίαν
3250 3908 3387 3977 ἔχων
3431 3907 3571 3979 πρὸς
3599 3909 3800 3961 ἑαυτὸν

547 3986 751 4039 nullam
786 4003 971 4043 secum
996 3990 1263 4046 sustineat
1286 3990 1701 4050 consensionem
1726 4012 1789 4052 ac
1811 4015 2117 4055 consonan-

2215 4000 2551 4070 συμφωνίαν.
2593 3999 2785 4053 Ἢνίκα
2815 3999 2870 4052 δὲ
2898 3999 3148 4069 ὲπηχήσῃ
3195 3997 3401 4068 αύτῷἠ
3455 3997 3661 4067 κιθάρα
3702 3997 3797 4050 τοῦ

548 4078 697 4135 tiam.
726 4078 954 4145 Quando
988 4088 1170 4137 autem
1203 4083 1253 4137 ei
1293 4084 1599 4140 insonuerit
1631 4087 1837 4144 cithara
1871 4091 2113 4158 Davidis,

2213 4091 2408 4156 Aa6‘t6,
2442 4091 2660 4161 ῆγουνή
2698 4090 2857 4160 σοφία
2886 4091 2978 4144 τοῦ
3011 4089 3499 4160 ὑποκεκρυμμένου
3538 4090 3790 4159 πνεύμα-

545 4184 641 4224 seu
670 4172 933 4242 sapientia
967 4173 1168 4229 occulti
1201 4175 1447 4244 spiritus,
1483 4177 1587 4233 hoc
1619 4188 1722 4246 est,
1762 4197 1917 4237 mens
1949 4184 2113 4254 spiri-

2211 4199 2322 4245 τος
2361 4181 2505 4235 τοῦτ’
2526 4181 2692 4246 ἐστιν,
2739 4184 2767 4236 6
2810 4181 3177 4253 πνευματικὸς
3217 4180 3359 4243 νοῦς”
3411 4179 3542 4231 εὐθὺ
3580 4196 3795 4249 σωφροη

548 4260 729 4324 tualis,
755 4260 939 4315 statim
976 4261 1035 4315 tit
1066 4262 1313 4319 modesta
1342 4280 1406 4320 ac
1437 4266 1672 4335 sapiens,
1707 4271 1937 4340 expulso
1971 4274 2115 4329 malo

2215 4277 2327 4340 νεῖ,
2366 4273 2461 4328 τοῦ
2492 4274 2729 4348 πονηροῦ
2772 4275 3083 4346 πνεύματος
3118 4273 3218 4343 τῆς
3266 4270 3641 4336 ἐναντιώσεως
3688 4273 3794 4325 ἀπο

543 4349 742 4418 spiritu
777 4352 1227 4409 contradictionis
1260 4370 1325 4411 ac
1365 4359 1762 4427 repugnantize.

991 4352 1227 4409 lictionis
1260 4370 1325 4411 ac
1365 4359 1762 4427 repugnantia.
2215 4365 2595 4437 ελαυνομένου.

550 4463 612 4517 Et
647 4465 799 4533 dabo,
826 4466 1015 4539 inquit,
1049 4483 1266 4539 regnum
1298 4470 1535 4540 proximo
1569 4480 1656 4525 tuo
1692 4472 1822 4527 bona
1853 4490 2016 4545 supra
2041 4485 2108 4532 te.
2141 4468 2154 4539 1

2215 4477 2327 4534 Καὶ
2351 4477 2544 4543 δώσω,
2575 4477 2746 4548 φησι,
2771 4478 2885 4546 τὴν
2902 4478 3231 4548 βασιλείαν
3249 4475 3329 4548 τῷ
3353 4475 3626 4543 πλησίον
3648 4491 3791 4538 σου,

2694 4549 2773 4615 τῷ
2801 4547 2997 4618 ἀγαθῷ
3028 4547 3177 4615 ὑπὲρ
3200 4546 3293 4601 σέ.

612 4644 897 4711 Quomodo
926 4645 1073 4701 enim
1107 4644 1278 4700 David
1302 4655 1421 4702 erat
1449 4662 1617 4718 prope
1655 4647 1896 4719 Saulem,
1923 4660 1985 4708 ut
2013 4656 2108 4725 qui

2282 4658 2546 4731 Καθάπερ
2572 4659 2681 4731 γάρ
2723 4661 2751 4713 ὁ
2784 4661 2944 4714 Δαϐιδ
2981 4659 3205 4733 πλησίον
3240 4653 3309 4728 ἦν
3340 4657 3433 4712 τοῦ
3477 4655 3645 4710 Σαοὺλ
3668 4699 3685 4720 ,
3720 4656 3792 4718 ὡς

537 4740 656 4806 ipse
693 4751 909 4807 quoque
955 4747 1075 4794 erat
1122 4746 1323 4793 unctus
1377 4737 1433 4795 in
1468 4755 1651 4811 regem
1686 4744 1730 4774 ¹⁹
1765 4762 1777 4797 :
1835 4744 1910 4800 ita
1943 4747 2108 4803 etiam

2210 4750 2305 4805 καὶ
2343 4750 2502 4813 αὐτὸς
2534 4753 2613 4815 είς
2647 4751 2868 4820 βασιλέα
2900 4751 3163 4823 χρισθείς·
3191 4749 3333 4803 οὕτω
3361 4750 3452 4803 καὶ
3480 4748 3542 4801 τὸ
3572 4748 3793 4819 πνεῦμα

542 4825 769 4894 spiritus
802 4834 923 4881 erat
956 4840 1125 4897 prope
1166 4824 1404 4881 litteram
1440 4844 1562 4898 qua:
1597 4838 1682 4884 est
1715 4830 1771 4886 in
1808 4831 1947 4906 lege,
1987 4844 2107 4890 tan-

2210 4842 2437 4913 πλησίον
2465 4837 2534 4913 ἦν
2565 4842 2658 4897 τοῦ
2691 4844 2749 4897 ὲν
2776 4843 2854 4915 τῷ
2887 4845 3035 4916 νόμῳ
3073 4842 3399 4914 γράμματος
3419 4882 3434 4905 ,
3475 4841 3550 4903 ὡς
3593 4842 3791 4892 ὐποκεο

531 4930 703 4985 ηίιυειηι
736 4916 792 4972 in
826 4932 892 4972 ea
927 4917 1246 4974 absconsus.
1282 4917 1384 4973 Cui
1421 4921 1586 4975 etiam
1633 4921 1701 4977 de
1746 4932 1946 4980 uetere
1982 4926 2108 4983 data

2211 4933 2525 5005 κρυμμένον
2553 4932 2720 5004 αὐτῷ.
2752 4927 2823 5005 ᾮ
2861 4936 2955 4989 καὶ
2996 4934 3201 4988 δέδοται
3234 4933 3420 4987 λοιπὸν
3456 4930 3517 4984 τὸ
3546 4931 3753 5000 κράτος
3773 4972 3788 4995 ,

539 5014 624 5059 est
672 5013 931 5075 potestas,
965 5006 1235 5062 exstincta
1280 5008 1499 5078 quidem
1534 5009 1653 5082 lege
1688 5028 1809 5082 qua:
1842 5014 2111 5084 accipitur

2212 5022 2529 5086 σϐεσθέντος
2570 5024 2669 5093 μὲν
2709 5024 2803 5077 τοῦ
2836 5024 2977 5077 κατὰ
3005 5014 3067 5077 τὸν
3107 5022 3345 5093 γράμμα
3378 5019 3790 5090 λαμϐανομένου

538 5094 841 5150 secundum
876 5095 1137 5161 litteram,
1174 5095 1524 5155 illucescente
1558 5110 1740 5157 autem
1775 5119 1839 5158 ea
1870 5120 1991 5175 quae
2022 5105 2108 5159 in-

2220 5113 2398 5183 νόμου,
2421 5112 2731 5184 λάμψαντος
2762 5114 2819 5168 δὲ
2850 5113 2944 5168 τοῦ
2967 5113 3109 5168 κατὰ
3135 5113 3196 5166 τὸ
3221 5110 3439 5181 πνεῦμα
3473 5110 3789 5177 νοουμένοιγ
3818 5130 3824 5143 ι

541 5185 803 5256 telligitur
836 5186 1138 5243 secundum
1170 5188 1443 5261 spiritum.
1484 5192 1615 5258 Quae
1634 5200 1751 5248 erat
1780 5195 1945 5250 etiam
1967 5197 2109 5252 bona

2210 5202 2269 5267 ὃς
2295 5205 2389 5258 καὶ
2415 5204 2615 5274 ἀγαθὸς
2639 5200 2705 5276 ἦν
2734 5206 2871 5277 ὑπὲρ
2895 5208 3120 5268 ἐκεῖνον,
3151 5205 3261 5274 ὅσῳ
3292 5202 3386 5258 καὶ
3416 5200 3587 5253 πολλὰ
3616 5210 3637 5237 ε
3666 5198 3790 5250 πιάλη

533 5291 704 5345 super
755 5277 935 5345 illam,
989 5295 1100 5350 quo
1150 5292 1279 5337 sunt
1331 5282 1490 5355 longe
1524 5285 1837 5355 pulchriora
1873 5303 1935 5343 ac
1970 5304 2111 5359 pra:-

2212 5293 2363 5348 λιὸνα
2388 5295 2494 5348 τῶν
2519 5297 2794 5367 αἰσθητῶν
2816 5298 2882 5350 τὰ
2916 5296 3102 5367 νοητὰ,
3130 5296 3225 5349 καὶ
3250 5293 3359 5349 τῶν
3385 5288 3792 5347 κατασπὼντων

540 5367 805 5424 stantiora
847 5371 1141 5427 sensilibus
1179 5390 1242 5428 ea
1277 5390 1396 5445 quze
1431 5377 1809 5446 percipiuntur
1843 5378 1911 5437 ab
1947 5380 2110 5436 intel-

2214 5383 2292 5446 εἰς
2323 5384 2449 5453 γῆν,
2473 5384 2542 5438 τὰ
2568 5387 2646 5449 εἰς
2669 5384 2897 5457 οὐρανὸν
2920 5385 3233 5447 άνέλκοντα.
3279 5384 3336 5439 '0
3364 5381 3556 5445 Σαοὺλ,
3588 5382 3617 5434 6
3644 5395 3793 5448 φυσι-

612 5519 661 5554 ³⁹
680 5520 842 5580 Josue
868 5539 921 5591 ι,
946 5527 1033 5583 l2.
1106 5532 1154 5565 "
1180 5530 1201 5585 Ι
1227 5530 1360 5602 Reg.
1391 5546 1501 5597 xu,
1533 5532 1616 5587 i5.

1908 5619 2077 5677 Varia:
2112 5622 2389 5679 lectiones.

620 5733 639 5760 ⁸
681 5728 763 5785 ῑσ.
804 5729 979 5798 πολλῷ
989 5771 999 5779 .
