4062 6202
613 145 747 200 1251

1800 143 1857 201 S.
1896 143 2172 203 CYBILLI
2209 143 2299 200 ET
2335 144 2645 201 ALIORUM

3720 147 3847 203 ιξει

610 260 850 327 tionem,
880 267 941 315 et
965 267 1188 329 propter
1225 272 1348 313 eam
1390 257 1460 312 de
1489 272 1550 312 se
1578 257 1865 328 magniﬁce
1896 258 2142 315 sentiens
2160 296 2176 320 ,

2279 257 2313 325 ἢ
2337 257 2557 325 γνῶσιν,
2598 258 2693 310 καὶ
2729 258 2822 310 ἐπὶ
2845 256 3014 327 ταύτῃ
3054 257 3199 328 μέγα
3240 256 3475 328 φρονῶν,
3503 258 3596 312 διά
3641 258 3854 329 ταύτης

610 366 710 421 per
740 365 860 405 eam
884 349 1096 418 capitur
1120 348 1504 402 immittentem
1528 348 1581 403 ei
1616 348 1973 412 inﬂationem,
2000 356 2057 403 et
2080 348 2177 417 qui

608 458 677 498 ex
708 456 773 495 ea
811 438 1022 493 exsistit
1056 437 1373 502 interitum;
1409 444 1467 492 et
1511 437 1715 508 pendet
1748 438 1805 492 in
1838 438 2019 493 medio
2050 436 2177 492 caeli

607 539 664 585 et
711 540 884 585 terrae.
921 528 1109 597 Neque
1149 528 1298 582 enim
1342 527 1509 582 habet
1548 542 1731 582 veram
1775 527 2175 597 cognitionem,

606 634 728 688 quas
758 633 886 673 eum
916 618 1085 673 veluti
1120 616 1177 671 in
1211 616 1413 672 coelum
1444 632 1661 671 sursum
1696 618 1895 681 trahat,
1921 617 2177 671 deorsum

608 708 860 762 trahente
912 707 982 761 de
1033 721 1093 762 se
1136 706 1415 776 opinione.
1466 706 1653 775 Neque
1691 719 1877 759 veram
1916 704 2177 759 virtutem

608 805 865 866 tanquam
917 804 1117 851 terram
1151 796 1329 865 ipsum
1382 795 1639 851 deorsum
1684 794 2014 859 trahentem,
2049 808 2177 849 eum

608 886 862 940 deorsum
896 885 1145 939 trahente
1189 883 1487 938 inﬂatione.
1519 881 1809 937 Sauciatur
1841 891 2023 937 autem
2047 893 2176 949 pro-

609 975 728 1044 prie
757 974 933 1029 tribus
959 975 1101 1038 telis,
1136 988 1332 1042 nempe
1360 980 1416 1027 et
1457 972 1665 1041 pudore
1706 971 1917 1026 inutilis
1955 980 2177 1041 propter

608 1064 677 1119 de
701 1080 761 1119 se
797 1064 1111 1133 Opinionem
1152 1063 1403 1128 actionis,
1452 1070 1511 1117 et
1550 1061 1955 1131 exspectatione
1986 1060 2177 1117 eterni

608 1155 882 1225 supplicii.
912 1154 1050 1208 Ante
1085 1154 1261 1223 ipsum
1292 1161 1475 1207 autem
1510 1155 1706 1222 laqueo
1743 1151 1976 1206 moritur
2008 1152 2174 1207 Achi-

610 1246 815 1315 tephel,
842 1246 938 1315 qui
971 1245 1360 1315 interpretatur
1389 1244 1556 1314 frater
1588 1242 1707 1298 dolo
1737 1242 2005 1298 simulans
2044 1246 2178 1298 ami-

609 1338 787 1392 citiam
819 1352 838 1391 :
873 1337 997 1391 talis
1028 1346 1208 1391 autem
1228 1345 1314 1390 est
1353 1335 1622 1390 diabolus.
1656 1336 1727 1400 ls,
1765 1349 1891 1390 cum
1924 1351 2034 1391 non
2064 1336 2176 1391 fer-

611 1436 695 1482 ret
726 1442 785 1482 se
808 1441 928 1481 esse
953 1426 1180 1490 victum,
1210 1426 1529 1481 sull‘ocatur.

686 1535 705 1567 ι
732 1516 802 1571 Et
830 1514 935 1571 fuit
959 1515 1129 1569 fames
1158 1515 1215 1568 in
1237 1514 1434 1568 diebus
1460 1513 1633 1568 David
1673 1522 1788 1569 tres
1830 1528 2004 1568 annos
2031 1531 2043 1567 :
2075 1529 2175 1568 an-

2277 347 2585 413 ἀλίσκεται,
2615 348 2877 417 φυσίωσιν
2902 348 3281 418 ἐμποιησάσης
3317 347 3463 419 αὑτῷ
3482 388 3498 413 ,
3527 349 3626 402 καὶ
3653 350 3775 419 τὴν
3802 353 3855 405 ἐκ

2276 438 2484 507 ταύτης
2526 439 2820 503 ἀπώλειαν,
2859 439 2955 492 καὶ
2990 441 3262 509 κρεμᾶται
3310 440 3583 509 άνάμεσον
3612 442 3853 512 οὐρανοῦ

2276 531 2371 582 καὶ
2395 530 2519 598 γῆς.
2558 527 2695 582 Οὔτε
2726 530 2833 598 γὰρ
2879 528 2991 597 ἔχει
3038 530 3239 593 γνῶσιν
3267 528 3549 600 ἀληθινὴν,
3592 531 3857 601 καθάπερ

2275 619 2500 689 οὐρανὸν
2550 619 2876 674 ἁνέλκουσαν
2931 618 3092 670 αὐτὸν
3116 657 3133 682 ,
3180 618 3545 688 κατασπώσης
3587 622 3856 690 οίήσεως·

2273 711 2395 764 οὔτε
2426 711 2532 780 μὴν
2569 710 2768 781 ἀρετὴν
2810 709 3069 780 ἀληθινὴν
3095 747 3110 771 ,
3142 707 3391 779 καθάπερ
3415 709 3522 778 γῆν
3548 711 3863 765 καθέλκου-

2277 818 2375 855 σαν
2400 801 2583 863 αὐτὸν,
2612 797 2980 868 κατασπώσης
3005 796 3344 867 φυσιώσεως.
3376 797 3769 869 Τιτρώσκεται
3806 800 3866 852 ἃ

2272 892 2419 962 τρισὶ
2453 891 2631 962 βέλεσι
2669 890 2912 961 κυρίως,
2948 892 3013 960 τῇ
3042 905 3102 941 τε
3140 888 3373 960 αἰσχύνῃ
3407 890 3508 959 τῆς
3535 889 3867 958 ἀνωφελοῦς

2273 983 2359 1037 διὰ
2385 984 2486 1055 τὴν
2514 984 2687 1054 οῐησιν
2717 982 2967 1054 πράξεως
2986 1021 3002 1046 ,
3030 980 3126 1033 καί⁹
3161 982 3227 1051 τῇ
3257 981 3451 1052 ἐκδοχῇ
3485 982 3587 1050 τῆς
3630 980 3863 1035 αἰωνίου

2274 1070 2567 1134 κολάσεως.
2594 1070 2829 1140 Θνήσκει
2859 1069 2917 1123 δὲ
2942 1067 3049 1139 πρὸ
3084 1067 3252 1122 αὑτοῦ
3277 1068 3345 1121 δι’
3370 1069 3611 1139 ἀγχόνης
3637 1071 3668 1121 ό
3708 1070 3866 1136 ’Δχιμ

2272 1162 2455 1231 τὸιρελ,
2505 1161 2937 1231 ἑρμηνευόμενος
3007 1157 3270 1227 ἀδελφὸς
3336 1158 3497 1226 δόλῳ
3561 1157 3859 1227 ςριλάζὶυν.

2274 1250 2528 1312 Τοιοῦτος
2567 1250 2624 1303 δὲ
2651 1252 2681 1305 6
2731 1248 3001 1314 διάὸολος’
3050 1248 3112 1301 οὑ
3157 1248 3340 1319 φέρων
3387 1248 3498 1319 γάρ
3538 1248 3640 1318 τὴν
3683 1244 3864 1320 ἧτταν

2275 1342 2580 1411 ἀπάγχεται

2352 1536 2370 1569 ι
2402 1519 2513 1572 Καὶ
2532 1518 2747 1587 ἐγένετο
2766 1516 2922 1587 λιμὸς
2949 1516 3006 1568 ἐν
3038 1516 3159 1579 ταῖς
3187 1513 3423 1586 ἡμέραις
3443 1513 3636 1578 Δαδὶδ,
3660 1521 3709 1583 ι(
3737 1514 3865 1585 ἔτηο

612 1624 716 1663 nus
743 1622 888 1661 anno
921 1607 1223 1662 cohaerens.
1257 1607 1324 1660 Et
1349 1605 1601 1675 quaesivit
1641 1606 1812 1660 David
1844 1605 2039 1660 faciem
2072 1606 2177 1660 Do-

2278 1608 2516 1672 ἐνιαυτὸς
2545 1610 2800 1680 ἐχόμενος
2831 1606 3099 1661 ἐνιαυτοῦ.
3148 1608 3260 1660 Καὶ
3296 1607 3531 1676 ἐζήτησε
3572 1605 3753 1658 Δαϐὶδ
3804 1606 3866 1657 τὺ

612 1701 769 1765 mini,
785 1708 842 1755 et
863 1699 999 1753 dixit
1017 1699 1281 1753 Dominus
1300 1715 1313 1750 :
1338 1697 1513 1767 Super
1531 1696 1681 1762 Saul,
1699 1706 1755 1753 et
1767 1713 1932 1767 super
1954 1698 2175 1753 domum

612 1793 730 1863 ejus
756 1799 841 1846 est
876 1790 1159 1859 iniquitas,
1201 1796 1492 1859 propterea
1550 1789 1698 1859 quod
1762 1800 1937 1845 morte
1996 1789 2178 1845 affecit

613 1881 942 1937 Gabaonitas
958 1881 1023 1935 ³⁸.
1055 1899 1076 1932 ι

681 1973 851 2028 David
873 1972 1096 2042 quidem
1123 1980 1208 2027 est
1226 1973 1314 2027 lex
1337 1971 1638 2027 secundum
1666 1971 1943 2041 spiritum,
1971 1972 2066 2041 qui
2094 1981 2181 2028 est

615 2081 712 2120 rex
744 2064 1109 2133 spiritualium
1151 2065 1264 2119 Deo
1309 2064 1665 2119 servientium
1719 2062 2176 2118 Christianorum.

617 2155 746 2212 Saul
776 2163 957 2209 autem
980 2162 1066 2208 est
1087 2154 1174 2209 lex
1202 2142 1509 2208 secundum
1531 2154 1793 2218 litteram,
1824 2153 1921 2223 qui
1968 2161 2052 2208 est
2083 2168 2182 2208 rex

614 2246 1133 2303 Judmorum'Deum
1186 2244 1548 2313 corporaliter
1604 2243 1920 2297 colentium.
1957 2243 2093 2298 Nam
2123 2248 2181 2298 et

617 2336 786 2391 David
807 2337 1201 2406 interpretatur
1226 2344 1572 2403 contemptus,
1604 2342 1661 2388 et
1682 2335 1867 2388 visioni
1902 2335 2177 2405 sufﬁciens.

615 2429 765 2483 Talis
802 2435 887 2482 cst
930 2427 1018 2481 lex
1052 2426 1382 2497 evangelica,
1428 2425 1560 2479 illud
1600 2425 1821 2495 quidem
1872 2427 2181 2483 existimata

615 2520 760 2589 apud
788 2518 1023 2582 Iudaeos,
1054 2518 1158 2573 hoc
1174 2526 1356 2573 autem
1377 2518 1519 2586 apud
1540 2500 1899 2573 Christianos.

684 2609 804 2676 Quo
837 2608 1000 2665 modo
1033 2607 1199 2663 etiam
1220 2607 1351 2663 Saul
1388 2607 1781 2677 interpretatur
1820 2608 1975 2663 datus
2016 2608 2182 2679 fenori

615 2710 712 2756 aut
749 2701 916 2769 fenus.
952 2697 1103 2753 Talis
1126 2706 1307 2753 autem
1329 2706 1414 2752 est
1434 2698 1523 2752 lex
1542 2697 1795 2763 Mosaiea,
1824 2698 1870 2753 si
1896 2698 1971 2752 ita
1996 2714 2181 2754 suma-

616 2801 708 2847 tur
742 2799 803 2846 ut
829 2798 1107 2860 spectetur
1131 2789 1337 2844 littera.
1382 2789 1517 2844 Data
1556 2796 1642 2844 est
1670 2789 1816 2844 enim
1847 2790 1916 2845 ad
1945 2800 2178 2860 tempus,

2276 1700 2565 1769 πρόσωπον
2598 1698 2824 1769 Κυρίου,
2855 1699 2949 1752 καὶ
2979 1693 3100 1750 εἷπε
3131 1696 3353 1768 Κύριος
3386 1697 3510 1749 Ἐπὶ
3542 1695 3727 1750 Σαοὺλ
3766 1696 3866 1748 καὶ

2276 1789 2368 1843 ἐπὶ
2396 1789 2487 1842 τὸν
2518 1786 2664 1842 οἷκον
2693 1788 2855 1842 αὑτοῦ
2903 1791 2939 1861 ἡ
2980 1788 3205 1855 ἀδικία,
3248 1787 3378 1856 περὶ
3430 1781 3491 1841 οὑ
3538 1787 3865 1840 ἐθανάτωσε

2274 1880 2401 1942 τοὺς
2431 1879 2804 1943 Γαϐαωνίτας.
2844 1897 2863 1931 ι

2347 1969 2511 2025 Δαὸὶδ
2541 1971 2636 2039 μὲν
2667 1971 2696 2023 6
2732 1970 2871 2023 κατά
2901 1960 2961 2023 τδ
2993 1970 3208 2039 πνεῦμα
3245 1968 3437 2039 νόμος,
3469 1969 3499 2022 6
3544 1964 3864 2037 βασιλεύων

2277 2062 2384 2116 τῶν
2446 2060 2829 2131 πνευματικῶς
2885 2061 3003 2132 Θεῷ
3057 2061 3429 2131 λατρευόντων
3480 2058 3861 2130 Χριστιανῶν.

2278 2152 2450 2206 Σαοὺλ
2480 2152 2536 2205 δέ
2577 2152 2604 2204 6
2648 2151 2788 2205 κατά
2819 2151 3051 2223 γράμμα
3080 2152 3239 2221 νόμος
3265 2194 3281 2215 ,
3316 2153 3357 2225 Δὁ
3392 2148 3699 2222 βασιλεύων
3751 2147 3861 2200 τῶν

2280 2242 2601 2313 σωματικῶς
2616 2240 2732 2311 Θεῷ
2750 2240 3115 2311 λατρευόντων
3139 2242 3425 2296 Ἰουδαίων.
3458 2240 3613 2294 Ἐπεὶ
3643 2240 3741 2294 καὶ
3754 2240 3863 2291 Δα-

2279 2334 2364 2387 6¹ιδ
2388 2332 2743 2404 ἑρμηνεύεται
2782 2329 3199 2398 ἐξουόἐνωσις,
3242 2333 3333 2385 καὶ
3384 2332 3593 2398 ἱκανὸς
3616 2331 3859 2400 ὁράσει.

2279 2423 2531 2487 Τοιοῦτος
2556 2422 2615 2476 δὲ
2644 2422 2672 2475 6
2705 2422 3056 2492 εὑαγγελικδς
3107 2423 3290 2494 νόμοςο
3320 2422 3379 2475 τὸ
3407 2422 3507 2491 μὲν
3543 2424 3680 2493 παρ’
3725 2423 3863 2475 ἰον-

2278 2518 2448 2583 δαίοις
2477 2516 2853 2589 νομιζόμενος,
2881 2514 2943 2567 τὸ
2966 2514 3023 2567 δὲ
3053 2512 3204 2583 παρά
3234 2514 3601 2583 Χριστιανοῖς.

2351 2607 2559 2677 Ὥσπερ
2584 2606 2679 2661 καὶ
2702 2604 2874 2659 Σαοὺλ
2912 2602 3270 2675 ἑρμηνεύεται
3300 2602 3793 2673 δεδανεισμένος.
3826 2606 3862 2673 ἢ

2279 2697 2535 2753 δάνειον.
2564 2697 2815 2760 Τοιοῦτος
2854 2695 2912 2750 δὲ
2958 2697 2987 2748 6
3028 2693 3315 2758 Μωσαῖκδς
3372 2695 3565 2765 νόμος,
3606 2694 3762 2748 κατά
3799 2694 3867 2745 τὸ

2280 2790 2514 2861 γράμμα
2558 2788 2989 2859 λαμϐανόμενος.
3036 2787 3379 2858 Πρόσκαιρος
3418 2786 3522 2856 γὰρ
3548 2787 3715 2857 ἐδόθη
3767 2787 3867 2839 καὶ

614 2892 673 2938 et
698 2897 871 2949 usque
902 2880 970 2933 ad
994 2879 1289 2934 adventum
1314 2880 1656 2950 evangelicae.
1682 2880 1819 2935 Nam
1847 2881 1949 2936 etsi
1986 2882 2176 2951 petitus

2285 2880 2450 2951 μέχρι
2477 2883 2576 2952 τῆς
2626 2878 2919 2949 ἐπιδημίας
2945 2877 3039 2931 τοῦ
3075 2877 3445 2947 εὑαγγελικοῦ.
3492 2880 3558 2931 El
3594 2877 3712 2949 γάρ
3765 2880 3867 2931 καὶ

616 2973 857 3042 infernus
896 2970 1003 3024 alia
1048 2969 1261 3024 ratione
1314 2968 1705 3039 interpretatur
1738 2971 1889 3037 Saul,
1935 2981 2177 3028 attamen

2280 2972 2518 3040 αιτητὸς
2529 2971 2680 3038 ᾅδης
2703 2970 3023 3038 καθ’ἐτερον
3038 2968 3191 3038 λόγον
3216 2971 3245 3023 6
3269 2970 3439 3023 Σαοὺλ
3462 2971 3860 3041 ἑρμηνεύεται,

616 3061 765 3132 quod
786 3070 870 3116 est
892 3061 983 3114 hic
1003 3060 1358 3124 declaratum,
1383 3060 1745 3130 signiﬁcatum
1764 3072 1849 3117 est
1870 3065 2174 3133 proprium.

616 3151 935 3208 Gabaonitze
964 3148 1150 3204 autem
1173 3159 1301 3205 sunt
1324 3166 1446 3221 qua:
1468 3166 1536 3206 ex
1574 3154 1810 3207 naturali
1840 3156 2177 3225 contempla-

616 3244 768 3300 tione
794 3243 1141 3299 sublimiores
1157 3253 1284 3298 sunt
1307 3244 1566 3300 rationes.
1590 3244 1902 3303 Gabaonita:
1919 3250 2068 3304 enim
2090 3250 2177 3305 in-

618 3343 992 3406 terpretantur
1012 3335 1251 3389 montani
1278 3344 1373 3390 aut
1413 3336 1679 3403 sublimes,
1715 3354 1853 3407 quos
1880 3355 2175 3397 conserva-

618 3424 695 3480 vit
722 3426 880 3480 Jesus
922 3424 1069 3478 Nave
1124 3422 1291 3489 ﬁlius,
1353 3424 1658 3481 interfectis
1690 3428 1930 3499 quinque
1960 3432 2180 3501 regibus

616 3517 709 3587 qui
733 3516 995 3571 adversus
1027 3530 1122 3570 eos
1142 3514 1347 3571 bellum
1375 3518 1672 3588 gerebant:
1705 3529 1760 3576 et
1780 3522 2061 3577 constituit
2083 3538 2180 3579 eos

617 3607 970 3662 tabernaculo
1022 3605 1314 3677 lignatores
1346 3615 1404 3662 et
1452 3620 1742 3679 aquatores
1767 3651 1782 3677 ,
1828 3614 2180 3684 praeﬁgurans

616 3696 801 3753 Jesum
834 3688 1131 3760 Christum,
1162 3694 1257 3765 qui
1295 3696 1497 3751 occidit
1535 3698 1592 3752 in
1619 3715 1771 3755 suam
1800 3701 2049 3757 redactos
2077 3719 2178 3774 po-

618 3794 870 3840 testatem
892 3801 959 3839 ex
986 3785 1239 3854 quinario
1273 3801 1437 3841 sensu
1458 3788 1713 3857 patibiles
1748 3790 2104 3862 cogitationes
2124 3803 2177 3849 et

620 3892 819 3940 mores,
849 3876 1051 3929 bellum
1077 3882 1328 3945 gerentes
1355 3877 1618 3934 adversus
1650 3880 1912 3936 sublimes
1935 3883 2180 3939 rationes

623 3981 685 4020 ex
705 3967 1159 4035 contemplatione
1177 3968 1434 4021 naturali.
1475 3969 1586 4024 llos
1629 3979 1813 4026 autem
1854 3971 2181 4029 Gabaonitas

619 4055 904 4111 constituit
938 4057 1286 4112 tabernaculo
1326 4059 1636 4115 divinorum
1684 4064 2088 4134 mysteriorum,
2117 4066 2183 4121 li-

618 4156 872 4217 gnatores
893 4146 1133 4216 quidem,
1164 4155 1224 4201 ut
1252 4148 1346 4217 qui
1366 4151 1715 4221 suppeditent
1746 4155 2028 4210 materiam
2059 4173 2179 4227 quae

2278 3062 2415 3115 ἀλλὰ
2440 3063 2500 3114 τὸ
2528 3061 2767 3131 δηλωθὲν
2798 3061 3192 3131 σημαινόμενον
3225 3060 3454 3113 ἐνταῦθα
3495 3061 3726 3115 οἰκεῖον.
3758 3062 3863 3113 Γα-

2277 3153 2535 3206 ϐαωνῖται
2560 3152 2639 3216 δὲ,
2669 3152 2719 3204 οἰ
2745 3153 2885 3205 κατά
2918 3154 3016 3222 τὴν
3042 3152 3277 3224 φυσικὴν
3303 3152 3536 3222 Θεωρίαν
3585 3154 3863 3223 ὑψηλότεο

2279 3260 2363 3314 ροι
2390 3242 2908 3311 λόγοι.Γα6αωνϊται
2931 3241 3035 3312 γὰρ
3063 3242 3278 3311 ὀρεινοὶ
3304 3244 3336 3313 ἢ
3362 3244 3655 3313 μετέωροι
3686 3247 3859 3315 ἑρμη-

2276 3332 2539 3387 νεύονται.
2569 3332 2678 3396 υῦς
2708 3333 2965 3387 διέσωσεν
3015 3333 3224 3404 Ἰησοῦς
3260 3336 3288 3387 6
3330 3335 3422 3388 τοῦ
3472 3336 3667 3406 Ναυῆ,
3720 3337 3857 3388 ἀπο-

2277 3423 2493 3488 κτείνας
2509 3426 2634 3489 τοὺς
2655 3425 3021 3494 πολεμοῦντας
3036 3425 3217 3489 αὐτοῖς
3247 3431 3286 3477 ε’
3312 3425 3570 3496 βασιλείςο
3602 3427 3705 3479 καὶ
3732 3445 3856 3480 κατ-

2278 3514 2501 3586 έστησεν
2523 3515 2718 3578 αὐτοὺς
2738 3517 2803 3585 τῇ
2829 3518 2998 3588 σκηνῇ
3029 3515 3350 3587 ξυλοφόρους
3379 3518 3471 3569 καὶ
3496 3518 3852 3587 ὑδροφόρους,

2277 3607 2566 3677 προτυπῶν
2610 3606 2700 3659 τὸν
2752 3607 2957 3676 Ἰησοῦν
3003 3606 3257 3676 Χριστὸν.
3299 3608 3357 3671 ὂς
3400 3608 3703 3661 ἀπέκτεινε
3732 3608 3852 3668 τοὺς

2278 3698 2419 3753 κατά
2437 3698 2533 3770 τὴν
2556 3698 2877 3769 πενταδικὴν
2898 3698 3148 3768 αἴσθησιν
3172 3698 3541 3768 πολεμοῦντας
3570 3703 3692 3762 τοῖς
3717 3702 3852 3754 κατά

2276 3788 2376 3858 τὴν
2412 3786 2644 3859 φυσικὴν
2682 3786 2914 3858 θεωρίαν
2956 3786 3303 3858 ὑψηλοτέροις
3346 3788 3546 3856 λόγοις,
3581 3788 3852 3859 ἐμπαθεξ

2277 3880 2571 3949 λογισμοὺς
2601 3880 2697 3933 καὶ
2733 3880 2990 3950 τρόπους,
3033 3881 3128 3933 καὶ
3158 3881 3683 3950 περιποιησάμενος.
3724 3881 3850 3933 Τού-

2276 3988 2400 4033 τους
2423 3971 2479 4023 δὲ
2502 3971 2627 4032 τοὺς
2644 3970 2866 4040 νοητοὺς
2889 3968 3234 4031 Γαϐαωνίτας
3256 3969 3484 4040 κατέστη
3495 3986 3555 4021 σε
3574 3973 3645 4040 τῇ
3680 3975 3850 4041 σκηνῇ

2276 4062 2385 4115 τῶν
2410 4061 2573 4116 Θείων
2596 4060 2929 4131 μυστηρίων,
2965 4060 3283 4131 ξυλοφόρους
3309 4061 3424 4129 μὲν,
3454 4060 3529 4122 ὡς
3552 4060 3850 4130 χορηγοῦν-

2279 4168 2376 4214 τας
2408 4151 2541 4221 ὑλην
2569 4151 2872 4221 ἀναπτικὴν
2897 4151 2989 4204 τοῦ
3024 4151 3199 4220 φωτὸς
3223 4152 3320 4221 τῆς
3347 4149 3607 4219 γνώσεως
3633 4168 3649 4180 ·
3698 4151 3849 4221 ὑδρο-

616 4235 878 4289 accendat
904 4236 1083 4289 lucem
1123 4238 1470 4306 cognitionis,
1509 4250 1797 4309 aquatores
1853 4252 2056 4313 autem,
2122 4255 2177 4301 ut

2282 4244 2478 4315 φόρους
2508 4242 2585 4307 δὲ,
2619 4241 2695 4306 ὡς
2723 4241 3046 4313 κομίζοντας
3086 4242 3247 4312 ρύψιν
3276 4242 3384 4295 τῶν
3426 4243 3642 4297 παθῶν-
3678 4245 3712 4312 ἡ
3747 4243 3853 4311 γὰρ

618 4325 713 4394 qui
737 4334 1027 4395 apportcnt
1054 4326 1313 4382 vitiorum
1349 4336 1405 4384 et
1440 4332 1915 4400 perturbationum
1943 4337 2181 4393 ablutio-

620 4431 763 4469 nem.
798 4416 931 4470 Nam
956 4432 1076 4487 quae
1095 4426 1180 4473 est
1206 4421 1475 4476 naturalis
1524 4422 1581 4476 in
1610 4422 1806 4492 spiritu
1841 4430 2180 4498 contempla—

620 4507 716 4569 tio,
747 4522 869 4560 eum
893 4507 964 4562 sit
987 4509 1163 4564 media
1188 4510 1331 4566 inter
1358 4528 1541 4570 mores
1566 4526 1623 4572 et
1649 4518 1957 4584 veritatem,
1982 4521 2183 4578 abillis

617 4597 836 4668 quidem
859 4598 1100 4664 abducit,
1125 4601 1193 4655 ad
1219 4602 1359 4658 hanc
1379 4621 1510 4661 vero
1533 4610 1765 4665 reducit.
1783 4611 1891 4667 Eos
1915 4627 2046 4683 ergo
2060 4629 2184 4683 per-

619 4686 740 4742 imit
798 4686 947 4752 Saul,
1003 4698 1060 4744 et
1115 4693 1336 4761 expellit
1376 4702 1530 4751 extra
1574 4697 1884 4755 divinorum
1917 4712 2183 4774 mystago—

618 4776 781 4845 giam,
806 4776 955 4842 Saul,
989 4779 1232 4849 inquam,
1255 4784 1349 4852 qui
1380 4795 1466 4840 est
1484 4787 1571 4841 lex
1600 4787 1816 4855 litterae,
1847 4800 1907 4846 et
1960 4802 2045 4848 est
2083 4811 2176 4848 rex

617 4881 808 4919 eorum
840 4866 932 4935 qui
955 4882 1021 4922 ex
1043 4870 1157 4923 solo
1179 4885 1341 4927 sensu
1369 4873 1580 4941 vivunt,
1606 4887 1663 4932 et
1690 4878 1733 4932 si
1757 4880 1881 4949 quis
1903 4882 2073 4936 solam
2099 4899 2181 4938 re-

618 4956 798 5010 tinens
824 4958 1065 5012 litteram
1100 4974 1419 5030 aspernatur
1463 4974 1518 5021 et
1552 4967 1734 5025 abolet
1781 4972 2032 5039 spiritum
2084 4974 2179 5043 qui

618 5045 750 5098 latet
786 5047 886 5100 sub
914 5049 1113 5103 littera.
1152 5052 1409 5122 Figurant
1450 5067 1633 5111 autem
1665 5058 1977 5116 Gabaonitze
2008 5064 2171 5118 etiam

620 5134 871 5200 gentilem
899 5146 1107 5204 partem
1133 5155 1253 5208 qua:
1281 5156 1339 5196 se
1368 5142 1519 5199 dedit
1542 5144 1666 5199 Jesu
1692 5145 1913 5201 divisori
1945 5149 2171 5205 haeredi-

616 5223 741 5277 l'liiS
769 5223 1073 5281 divinarum
1106 5232 1550 5298 promissionum,
1590 5244 1646 5290 et
1704 5250 1823 5305 quae
1880 5238 2029 5307 jussa
2090 5249 2173 5295 est

618 5312 759 5366 ferre
783 5315 925 5384 ligna
948 5328 1002 5371 et
1023 5334 1240 5388 aquam,
1273 5323 1375 5379 hoc
1410 5331 1514 5391 est,
1548 5336 1765 5395 portare
1808 5330 2169 5400 cognitionem

699 5506 740 5537 ³⁸
769 5507 812 5561 ΙΙ
839 5511 970 5578 Reg.
1004 5530 1114 5580 xu,
1146 5518 1197 5571 1.

2282 4335 2339 4388 ἐν
2362 4331 2631 4403 πνεύματι
2656 4331 2859 4403 φυσικὴ
2881 4332 3081 4404 Θεωρία
3111 4332 3251 4403 μέση
3275 4350 3357 4395 τις
3374 4328 3507 4385 οὖσα
3537 4333 3737 4387 τύπων
3760 4335 3853 4386 καὶ

2278 4422 2572 4492 ἀληθείας,
2616 4422 2723 4476 τῶν
2762 4421 2862 4492 μὲν
2891 4422 3121 4490 ἀπάγει,
3160 4421 3295 4492 πρὸς
3323 4422 3377 4474 δὲ
3416 4422 3518 4493 τὴν
3556 4422 3850 4491 ἐπανάγει.

2280 4513 2515 4576 Τούτους
2543 4511 2717 4567 τοίνυν
2750 4513 2961 4582 ἀναιρεῖ
2992 4511 3082 4565 καὶ
3116 4512 3221 4577 ἔξω
3257 4513 3400 4565 ποιεῖ
3426 4513 3525 4583 τῆς
3554 4513 3668 4565 τῶν
3694 4514 3854 4567 θείων

2283 4602 2667 4676 μυσταγωγίας
2694 4602 2885 4662 Σαοὺλ,
2915 4602 2945 4652 6
2973 4600 3066 4654 τοῦ
3092 4602 3414 4673 γράμματος
3446 4603 3633 4671 νόμος,
3675 4606 3706 4655 ό
3744 4604 3853 4657 τῶν

2279 4694 2418 4749 κατά
2449 4695 2614 4765 μόνην
2637 4693 2736 4764 τὴν
2758 4691 3010 4763 αἴσθησιν
3039 4693 3255 4757 ζώντων
3295 4692 3594 4761 βασιλεύων
3615 4709 3633 4723 ο
3677 4695 3773 4747 καὶ
3806 4695 3857 4745 εἴ

2278 4805 2362 4851 τις
2407 4786 2565 4856 μόνον
2617 4784 2711 4837 τοῦ
2751 4785 3077 4856 γράμματος
3124 4785 3507 4855 ἀντεχόμενος,
3560 4784 3758 4836 ἀθετεῖ
3796 4787 3851 4836 τὸ

2280 4877 2761 4947 ὑποκροπτόμενον
2802 4877 2879 4945 τῷ
2917 4876 3202 4948 γράμματι
3233 4876 3469 4944 πνεῦμα.
3505 4875 3760 4929 Τυποῦσι
3799 4877 3851 4928 δὲ

2278 4972 2327 5023 οἱ
2358 4968 2689 5021 Γαϐαωνῖται
2720 4969 2812 5021 καὶ
2834 4967 2931 5037 τὴν
2963 4966 3181 5035 ἐθνικὴν
3219 4966 3411 5037 μερίδα
3434 4966 3513 5036 τῷ
3542 4966 3848 5035 κληροὸὁτῃ

2279 5060 2387 5111 τῶν
2413 5058 2570 5110 θείων
2612 5057 2951 5125 ἐπαγγελιῶν
2994 5055 3188 5125 Ἰησοῦ,
3222 5057 3315 5108 καὶ
3358 5056 3853 5126 προσταττομένων

2282 5149 2590 5219 ξυλοῳορεῖν
2619 5150 2711 5200 καὶ
2749 5147 3081 5218 ὑδροφορεῖν,
3109 5147 3251 5200 τοῦτ’
3281 5147 3425 5212 ἐστι,
3457 5146 3555 5217 τὴν
3590 5150 3725 5216 περὶ
3757 5146 3853 5198 τοῦ

2283 5242 2545 5312 σωτηρίου
2567 5240 2795 5311 σταυροῦ
2824 5241 2917 5294 καὶ
2944 5241 3205 5304 ζωοποιοῦ
3234 5240 3612 5311 βαπτίσματος
3646 5241 3854 5309 γνῶσιν

2282 5333 2586 5401 βαστάζεινο
2618 5332 2712 5386 καὶ
2737 5331 2823 5385 διὰ
2855 5331 2957 5402 μὲν
2978 5332 3074 5402 τῆς
3104 5332 3410 5403 πρακτικῆς
3431 5349 3444 5361 ·
3475 5331 3552 5394 ὡς
3581 5331 3728 5399 ξύλα
3758 5331 3858 5401 τὴν
