  <div class='ocr_page' id='page_1' title='image "/cluster/home/n/w/nwhite01/storage/ocr_20150623/77/hvd.32044052822863/632.png"; bbox 0 0 4062 6202; ppageno 0'>
   <div class='ocr_carea' id='block_1_1' title="bbox 331 197 462 252">
    <p class='ocr_par' dir='ltr' id='par_1_1' title="bbox 331 197 462 252">
     <span class='ocr_line' id='line_1_1' title="bbox 331 197 462 252; baseline 0 0"><span class='ocrx_word' id='word_1_1' title='bbox 331 200 351 252; x_wconf 85' lang='grc' dir='ltr'><strong>Ι</strong></span> <span class='ocrx_word' id='word_1_2' title='bbox 360 197 462 252; x_wconf 75' lang='lat'><strong>255</strong></span> 
     </span>
    </p>
   </div>
   <div class='ocr_carea' id='block_1_2' title="bbox 1682 186 2200 244">
    <p class='ocr_par' dir='ltr' id='par_1_2' title="bbox 1682 186 2200 244">
     <span class='ocr_line' id='line_1_2' title="bbox 1682 186 2200 244; baseline -0.008 1"><span class='ocrx_word' id='word_1_3' title='bbox 1682 186 2200 244; x_wconf 79' lang='lat' dir='ltr'><strong>COLLECTANEA.</strong></span> 
     </span>
    </p>
   </div>
   <div class='ocr_carea' id='block_1_3' title="bbox 3423 179 3560 237">
    <p class='ocr_par' dir='ltr' id='par_1_3' title="bbox 3423 179 3560 237">
     <span class='ocr_line' id='line_1_3' title="bbox 3423 179 3560 237; baseline 0.022 -3"><span class='ocrx_word' id='word_1_4' title='bbox 3423 179 3560 237; x_wconf 64' lang='grc'><strong>1254</strong></span> 
     </span>
    </p>
   </div>
   <div class='ocr_carea' id='block_1_4' title="bbox 327 291 1911 381">
    <p class='ocr_par' dir='ltr' id='par_1_4' title="bbox 327 299 1896 381">
     <span class='ocr_line' id='line_1_4' title="bbox 327 299 1896 381; baseline -0.006 -18"><span class='ocrx_word' id='word_1_5' title='bbox 327 311 588 381; x_wconf 70' lang='grc' dir='ltr'>νέκρωσιν</span> <span class='ocrx_word' id='word_1_6' title='bbox 634 305 746 361; x_wconf 89' lang='grc' dir='ltr'><strong>τῶν</strong></span> <span class='ocrx_word' id='word_1_7' title='bbox 785 307 878 361; x_wconf 76' lang='grc' dir='ltr'>ἐπὶ</span> <span class='ocrx_word' id='word_1_8' title='bbox 916 306 1020 376; x_wconf 80' lang='grc' dir='ltr'>γῆς</span> <span class='ocrx_word' id='word_1_9' title='bbox 1059 303 1236 375; x_wconf 84' lang='grc' dir='ltr'>μελῶν</span> <span class='ocrx_word' id='word_1_10' title='bbox 1280 300 1653 374; x_wconf 73' lang='grc' dir='ltr'><strong>παραφέρειν·</strong></span> <span class='ocrx_word' id='word_1_11' title='bbox 1699 301 1787 355; x_wconf 73' lang='grc' dir='ltr'>διὰ</span> <span class='ocrx_word' id='word_1_12' title='bbox 1839 299 1896 354; x_wconf 81' lang='grc' dir='ltr'><strong>δὲ</strong></span> 
     </span>
    </p>
   </div>
   <div class='ocr_carea' id='block_1_5' title="bbox 2011 291 3557 381">
    <p class='ocr_par' dir='ltr' id='par_1_5' title="bbox 2011 291 3557 362">
     <span class='ocr_line' id='line_1_5' title="bbox 2011 291 3557 362; baseline -0.003 -9"><span class='ocrx_word' id='word_1_13' title='bbox 2011 298 2106 354; x_wconf 83' lang='lat' dir='ltr'><strong>dcc</strong></span> <span class='ocrx_word' id='word_1_14' title='bbox 2126 312 2254 354; x_wconf 89' lang='lat' dir='ltr'><strong>ruce</strong></span> <span class='ocrx_word' id='word_1_15' title='bbox 2273 296 2500 354; x_wconf 88' lang='lat' dir='ltr'><strong>salutari</strong></span> <span class='ocrx_word' id='word_1_16' title='bbox 2522 302 2578 350; x_wconf 88' lang='lat' dir='ltr'><strong>et</strong></span> <span class='ocrx_word' id='word_1_17' title='bbox 2599 293 2815 350; x_wconf 84' lang='lat' dir='ltr'><strong>vivifico</strong></span> <span class='ocrx_word' id='word_1_18' title='bbox 2839 291 3197 362; x_wconf 87' lang='lat' dir='ltr'><strong>baptismate:</strong></span> <span class='ocrx_word' id='word_1_19' title='bbox 3219 301 3274 346; x_wconf 92' lang='lat' dir='ltr'><strong>ct</strong></span> <span class='ocrx_word' id='word_1_20' title='bbox 3297 304 3393 361; x_wconf 84' lang='lat' dir='ltr'><strong>per</strong></span> <span class='ocrx_word' id='word_1_21' title='bbox 3421 294 3557 349; x_wconf 84' lang='lat' dir='ltr'><strong>acti-</strong></span> 
     </span>
    </p>
   </div>
   <div class='ocr_carea' id='block_1_6' title="bbox 325 389 1890 469">
    <p class='ocr_par' dir='ltr' id='par_1_6' title="bbox 325 389 1890 469">
     <span class='ocr_line' id='line_1_6' title="bbox 325 389 1890 469; baseline -0.005 -17"><span class='ocrx_word' id='word_1_22' title='bbox 325 401 423 469; x_wconf 80' lang='grc' dir='ltr'><strong>τῆς</strong></span> <span class='ocrx_word' id='word_1_23' title='bbox 453 397 815 469; x_wconf 81' lang='grc' dir='ltr'>θεωρητικῆς,</span> <span class='ocrx_word' id='word_1_24' title='bbox 837 397 912 460; x_wconf 82' lang='grc' dir='ltr'>ὡς</span> <span class='ocrx_word' id='word_1_25' title='bbox 939 395 1081 464; x_wconf 77' lang='grc' dir='ltr'>ὕδωρ</span> <span class='ocrx_word' id='word_1_26' title='bbox 1099 393 1196 464; x_wconf 82' lang='grc' dir='ltr'>τὴν</span> <span class='ocrx_word' id='word_1_27' title='bbox 1224 391 1486 462; x_wconf 80' lang='grc' dir='ltr'>ὲπιρῤοὴν</span> <span class='ocrx_word' id='word_1_28' title='bbox 1501 390 1599 460; x_wconf 79' lang='grc' dir='ltr'>τῆς</span> <span class='ocrx_word' id='word_1_29' title='bbox 1619 389 1890 457; x_wconf 87' lang='grc' dir='ltr'>γνώσεως.</span> 
     </span>
    </p>
   </div>
   <div class='ocr_carea' id='block_1_7' title="bbox 338 480 1895 560">
    <p class='ocr_par' dir='ltr' id='par_1_7' title="bbox 338 480 1895 560">
     <span class='ocr_line' id='line_1_7' title="bbox 338 480 1895 560; baseline -0.008 -16"><span class='ocrx_word' id='word_1_30' title='bbox 338 490 598 560; x_wconf 81' lang='grc' dir='ltr'>Ὦργίσθη</span> <span class='ocrx_word' id='word_1_31' title='bbox 634 489 730 558; x_wconf 82' lang='grc' dir='ltr'>μὲν</span> <span class='ocrx_word' id='word_1_32' title='bbox 759 484 909 540; x_wconf 79' lang='grc' dir='ltr'><strong>οὖνὸ</strong></span> <span class='ocrx_word' id='word_1_33' title='bbox 936 485 1067 546; x_wconf 81' lang='grc' dir='ltr'>Θεὸς</span> <span class='ocrx_word' id='word_1_34' title='bbox 1087 525 1102 548; x_wconf 89' lang='grc'><strong>,</strong></span> <span class='ocrx_word' id='word_1_35' title='bbox 1139 483 1229 537; x_wconf 81' lang='grc' dir='ltr'><strong>διὰ</strong></span> <span class='ocrx_word' id='word_1_36' title='bbox 1270 483 1368 553; x_wconf 84' lang='grc' dir='ltr'>τὴν</span> <span class='ocrx_word' id='word_1_37' title='bbox 1391 481 1501 535; x_wconf 89' lang='grc' dir='ltr'><strong>τῶν</strong></span> <span class='ocrx_word' id='word_1_38' title='bbox 1533 480 1895 533; x_wconf 85' lang='grc' dir='ltr'>Γαϐαωνιτῶν</span> 
     </span>
    </p>
   </div>
   <div class='ocr_carea' id='block_1_8' title="bbox 325 570 1897 652">
    <p class='ocr_par' dir='ltr' id='par_1_8' title="bbox 325 570 1897 652">
     <span class='ocr_line' id='line_1_8' title="bbox 325 570 1897 652; baseline -0.008 -17"><span class='ocrx_word' id='word_1_39' title='bbox 325 582 623 652; x_wconf 80' lang='grc' dir='ltr'>ἀναίρεσιν.</span> <span class='ocrx_word' id='word_1_40' title='bbox 667 578 946 648; x_wconf 86' lang='grc' dir='ltr'>Ἐπήγαγε</span> <span class='ocrx_word' id='word_1_41' title='bbox 982 576 1040 630; x_wconf 78' lang='grc' dir='ltr'><strong>δὲ</strong></span> <span class='ocrx_word' id='word_1_42' title='bbox 1065 575 1154 628; x_wconf 82' lang='grc' dir='ltr'>τὸν</span> <span class='ocrx_word' id='word_1_43' title='bbox 1184 574 1363 643; x_wconf 75' lang='grc' dir='ltr'>λιμὸν,</span> <span class='ocrx_word' id='word_1_44' title='bbox 1386 574 1486 626; x_wconf 81' lang='grc' dir='ltr'><strong>οὑκ</strong></span> <span class='ocrx_word' id='word_1_45' title='bbox 1518 573 1576 625; x_wconf 84' lang='grc' dir='ltr'>ὲν</span> <span class='ocrx_word' id='word_1_46' title='bbox 1606 573 1726 634; x_wconf 85' lang='grc' dir='ltr'>ταῖς</span> <span class='ocrx_word' id='word_1_47' title='bbox 1759 570 1897 641; x_wconf 79' lang='grc' dir='ltr'><strong>ἠμέ-</strong></span> 
     </span>
    </p>
   </div>
   <div class='ocr_carea' id='block_1_9' title="bbox 330 659 1896 740">
    <p class='ocr_par' dir='ltr' id='par_1_9' title="bbox 330 659 1896 740">
     <span class='ocr_line' id='line_1_9' title="bbox 330 659 1896 740; baseline -0.006 -17"><span class='ocrx_word' id='word_1_48' title='bbox 330 689 449 740; x_wconf 81' lang='grc' dir='ltr'>ραις</span> <span class='ocrx_word' id='word_1_49' title='bbox 482 671 576 722; x_wconf 73' lang='grc' dir='ltr'><strong>τοῦ</strong></span> <span class='ocrx_word' id='word_1_50' title='bbox 612 667 892 730; x_wconf 83' lang='grc' dir='ltr'><strong>ἀνελόντος</strong></span> <span class='ocrx_word' id='word_1_51' title='bbox 925 666 1122 727; x_wconf 77' lang='grc' dir='ltr'>αὐτοὺς</span> <span class='ocrx_word' id='word_1_52' title='bbox 1151 664 1342 728; x_wconf 79' lang='grc' dir='ltr'>Σαοὺλ,</span> <span class='ocrx_word' id='word_1_53' title='bbox 1384 662 1518 715; x_wconf 83' lang='grc' dir='ltr'><strong>ἀλλά</strong></span> <span class='ocrx_word' id='word_1_54' title='bbox 1549 663 1606 714; x_wconf 78' lang='grc' dir='ltr'>ὲν</span> <span class='ocrx_word' id='word_1_55' title='bbox 1647 663 1766 724; x_wconf 84' lang='grc' dir='ltr'>ταῖς</span> <span class='ocrx_word' id='word_1_56' title='bbox 1802 659 1896 714; x_wconf 77' lang='grc' dir='ltr'>τοῦ</span> 
     </span>
    </p>
   </div>
   <div class='ocr_carea' id='block_1_10' title="bbox 327 749 1899 827">
    <p class='ocr_par' dir='ltr' id='par_1_10' title="bbox 327 749 1899 827">
     <span class='ocr_line' id='line_1_10' title="bbox 327 749 1899 827; baseline -0.008 -13"><span class='ocrx_word' id='word_1_57' title='bbox 327 760 489 814; x_wconf 86' lang='grc' dir='ltr'>Δαϐίδ</span> <span class='ocrx_word' id='word_1_58' title='bbox 511 777 523 790; x_wconf 89' lang='grc'><strong>·</strong></span> <span class='ocrx_word' id='word_1_59' title='bbox 554 761 636 812; x_wconf 84' lang='grc' dir='ltr'>ὃτι</span> <span class='ocrx_word' id='word_1_60' title='bbox 670 757 806 827; x_wconf 77' lang='grc' dir='ltr'>μηδὲ</span> <span class='ocrx_word' id='word_1_61' title='bbox 835 755 1070 824; x_wconf 74' lang='grc' dir='ltr'>πέφυκε,</span> <span class='ocrx_word' id='word_1_62' title='bbox 1106 753 1307 816; x_wconf 82' lang='grc' dir='ltr'>ζῶντος</span> <span class='ocrx_word' id='word_1_63' title='bbox 1331 751 1424 804; x_wconf 84' lang='grc' dir='ltr'>τοῦ</span> <span class='ocrx_word' id='word_1_64' title='bbox 1456 749 1683 820; x_wconf 79' lang='grc' dir='ltr'>νομικοῦ</span> <span class='ocrx_word' id='word_1_65' title='bbox 1720 749 1899 818; x_wconf 89' lang='grc' dir='ltr'>γράμ-</span> 
     </span>
    </p>
   </div>
   <div class='ocr_carea' id='block_1_11' title="bbox 330 835 1900 919">
    <p class='ocr_par' dir='ltr' id='par_1_11' title="bbox 330 835 1900 919">
     <span class='ocr_line' id='line_1_11' title="bbox 330 835 1900 919; baseline -0.006 -21"><span class='ocrx_word' id='word_1_66' title='bbox 330 864 495 919; x_wconf 80' lang='grc' dir='ltr'><strong>ματος</strong></span> <span class='ocrx_word' id='word_1_67' title='bbox 513 848 604 898; x_wconf 73' lang='grc' dir='ltr'>καὶ</span> <span class='ocrx_word' id='word_1_68' title='bbox 623 843 998 915; x_wconf 80' lang='grc' dir='ltr'><strong>βασιλεύοντος</strong></span> <span class='ocrx_word' id='word_1_69' title='bbox 1015 841 1123 895; x_wconf 89' lang='grc' dir='ltr'><strong>τῶν</strong></span> <span class='ocrx_word' id='word_1_70' title='bbox 1146 838 1470 910; x_wconf 79' lang='grc' dir='ltr'>σωματικῶν</span> <span class='ocrx_word' id='word_1_71' title='bbox 1485 837 1580 892; x_wconf 74' lang='grc' dir='ltr'><strong>καὶ</strong></span> <span class='ocrx_word' id='word_1_72' title='bbox 1595 835 1782 906; x_wconf 85' lang='grc' dir='ltr'>παχῶν</span> <span class='ocrx_word' id='word_1_73' title='bbox 1801 836 1900 907; x_wconf 85' lang='grc' dir='ltr'>τὴν</span> 
     </span>
    </p>
   </div>
   <div class='ocr_carea' id='block_1_12' title="bbox 325 927 1897 1002">
    <p class='ocr_par' dir='ltr' id='par_1_12' title="bbox 325 927 1897 1002">
     <span class='ocr_line' id='line_1_12' title="bbox 325 927 1897 1002; baseline -0.01 -9"><span class='ocrx_word' id='word_1_74' title='bbox 325 939 561 993; x_wconf 85' lang='grc' dir='ltr'>διάνοιαν</span> <span class='ocrx_word' id='word_1_75' title='bbox 607 935 894 1000; x_wconf 76' lang='grc' dir='ltr'><strong>Ἰουδαίων,</strong></span> <span class='ocrx_word' id='word_1_76' title='bbox 925 932 1238 1002; x_wconf 78' lang='grc' dir='ltr'>γνωσθῆναι</span> <span class='ocrx_word' id='word_1_77' title='bbox 1283 930 1373 982; x_wconf 78' lang='grc' dir='ltr'><strong>τὸν</strong></span> <span class='ocrx_word' id='word_1_78' title='bbox 1408 927 1566 999; x_wconf 80' lang='grc' dir='ltr'>λιμὸν</span> <span class='ocrx_word' id='word_1_79' title='bbox 1597 928 1696 997; x_wconf 82' lang='grc' dir='ltr'>τῆς</span> <span class='ocrx_word' id='word_1_80' title='bbox 1738 942 1897 979; x_wconf 79' lang='grc' dir='ltr'>πνευο</span> 
     </span>
    </p>
   </div>
   <div class='ocr_carea' id='block_1_13' title="bbox 330 1015 1902 1101">
    <p class='ocr_par' dir='ltr' id='par_1_13' title="bbox 330 1015 1902 1101">
     <span class='ocr_line' id='line_1_13' title="bbox 330 1015 1902 1101; baseline -0.01 -17"><span class='ocrx_word' id='word_1_81' title='bbox 330 1030 563 1101; x_wconf 80' lang='grc' dir='ltr'>ματικῆς</span> <span class='ocrx_word' id='word_1_82' title='bbox 589 1025 841 1096; x_wconf 79' lang='grc' dir='ltr'>γνώσεως</span> <span class='ocrx_word' id='word_1_83' title='bbox 860 1040 874 1054; x_wconf 82' lang='grc'>⁶</span> <span class='ocrx_word' id='word_1_84' title='bbox 913 1023 1027 1078; x_wconf 88' lang='grc' dir='ltr'>ἀλλ’</span> <span class='ocrx_word' id='word_1_85' title='bbox 1053 1020 1412 1083; x_wconf 88' lang='grc' dir='ltr'>ἀποθανόντος</span> <span class='ocrx_word' id='word_1_86' title='bbox 1439 1017 1646 1072; x_wconf 73' lang='grc' dir='ltr'>ἐκείνου</span> <span class='ocrx_word' id='word_1_87' title='bbox 1677 1015 1753 1086; x_wconf 82' lang='grc' dir='ltr'>τῷ</span> <span class='ocrx_word' id='word_1_88' title='bbox 1801 1017 1902 1070; x_wconf 73' lang='grc' dir='ltr'><strong>πέ-</strong></span> 
     </span>
    </p>
   </div>
   <div class='ocr_carea' id='block_1_14' title="bbox 332 1106 1900 1192">
    <p class='ocr_par' dir='ltr' id='par_1_14' title="bbox 332 1106 1900 1192">
     <span class='ocr_line' id='line_1_14' title="bbox 332 1106 1900 1192; baseline -0.01 -19"><span class='ocrx_word' id='word_1_89' title='bbox 332 1119 571 1192; x_wconf 85' lang='grc' dir='ltr'>ρατιτοῦ</span> <span class='ocrx_word' id='word_1_90' title='bbox 599 1118 792 1189; x_wconf 85' lang='grc' dir='ltr'>χρόνου</span> <span class='ocrx_word' id='word_1_91' title='bbox 820 1115 915 1169; x_wconf 81' lang='grc' dir='ltr'>τοῦ</span> <span class='ocrx_word' id='word_1_92' title='bbox 943 1113 1249 1186; x_wconf 81' lang='grc' dir='ltr'>ὁρισθέντος</span> <span class='ocrx_word' id='word_1_93' title='bbox 1268 1113 1334 1182; x_wconf 78' lang='grc' dir='ltr'>τῇ</span> <span class='ocrx_word' id='word_1_94' title='bbox 1368 1111 1652 1181; x_wconf 86' lang='grc' dir='ltr'>σωματικῇ</span> <span class='ocrx_word' id='word_1_95' title='bbox 1673 1106 1900 1178; x_wconf 74' lang='grc' dir='ltr'>λατρεία</span> 
     </span>
    </p>
   </div>
   <div class='ocr_carea' id='block_1_15' title="bbox 326 1197 1896 1280">
    <p class='ocr_par' dir='ltr' id='par_1_15' title="bbox 326 1197 1896 1280">
     <span class='ocr_line' id='line_1_15' title="bbox 326 1197 1896 1280; baseline -0.01 -15"><span class='ocrx_word' id='word_1_96' title='bbox 326 1211 424 1265; x_wconf 79' lang='grc' dir='ltr'>τοῦ</span> <span class='ocrx_word' id='word_1_97' title='bbox 456 1209 650 1280; x_wconf 89' lang='grc' dir='ltr'>νόμου,</span> <span class='ocrx_word' id='word_1_98' title='bbox 694 1207 895 1278; x_wconf 80' lang='grc' dir='ltr'>μᾶλλον</span> <span class='ocrx_word' id='word_1_99' title='bbox 921 1206 980 1257; x_wconf 81' lang='grc' dir='ltr'>ὲν</span> <span class='ocrx_word' id='word_1_100' title='bbox 1017 1207 1134 1266; x_wconf 88' lang='grc' dir='ltr'>ταῖς</span> <span class='ocrx_word' id='word_1_101' title='bbox 1157 1202 1394 1274; x_wconf 82' lang='grc' dir='ltr'>ἡμέραις</span> <span class='ocrx_word' id='word_1_102' title='bbox 1428 1199 1588 1253; x_wconf 70' lang='grc' dir='ltr'>Δαϐὶδ</span> <span class='ocrx_word' id='word_1_103' title='bbox 1614 1197 1896 1268; x_wconf 84' lang='grc' dir='ltr'>γενέσθαι,</span> 
     </span>
    </p>
   </div>
   <div class='ocr_carea' id='block_1_16' title="bbox 330 1288 1900 1371">
    <p class='ocr_par' dir='ltr' id='par_1_16' title="bbox 330 1288 1900 1371">
     <span class='ocr_line' id='line_1_16' title="bbox 330 1288 1900 1371; baseline -0.011 -14"><span class='ocrx_word' id='word_1_104' title='bbox 330 1303 424 1358; x_wconf 74' lang='grc' dir='ltr'>τοῦ</span> <span class='ocrx_word' id='word_1_105' title='bbox 447 1299 674 1371; x_wconf 85' lang='grc' dir='ltr'>νομικοῦ</span> <span class='ocrx_word' id='word_1_106' title='bbox 707 1299 850 1366; x_wconf 80' lang='grc' dir='ltr'>λέγω</span> <span class='ocrx_word' id='word_1_107' title='bbox 893 1295 1234 1364; x_wconf 81' lang='grc' dir='ltr'>πνεύματος,</span> <span class='ocrx_word' id='word_1_108' title='bbox 1277 1292 1370 1345; x_wconf 80' lang='grc' dir='ltr'><strong>τοῦ</strong></span> <span class='ocrx_word' id='word_1_109' title='bbox 1410 1288 1900 1360; x_wconf 78' lang='grc' dir='ltr'>ὑποκεκρυμμένου</span> 
     </span>
    </p>
   </div>
   <div class='ocr_carea' id='block_1_17' title="bbox 327 1376 1901 1464">
    <p class='ocr_par' dir='ltr' id='par_1_17' title="bbox 327 1376 1901 1464">
     <span class='ocr_line' id='line_1_17' title="bbox 327 1376 1901 1464; baseline -0.011 -18"><span class='ocrx_word' id='word_1_110' title='bbox 327 1393 407 1464; x_wconf 82' lang='grc' dir='ltr'>τῷ</span> <span class='ocrx_word' id='word_1_111' title='bbox 434 1390 760 1463; x_wconf 89' lang='grc' dir='ltr'>γράμματι,</span> <span class='ocrx_word' id='word_1_112' title='bbox 793 1384 1107 1455; x_wconf 71' lang='grc' dir='ltr'>λάμψαντος</span> <span class='ocrx_word' id='word_1_113' title='bbox 1135 1382 1236 1452; x_wconf 73' lang='grc' dir='ltr'><strong>ἤδη</strong></span> <span class='ocrx_word' id='word_1_114' title='bbox 1267 1381 1361 1433; x_wconf 76' lang='grc' dir='ltr'>καὶ</span> <span class='ocrx_word' id='word_1_115' title='bbox 1392 1377 1763 1450; x_wconf 81' lang='grc' dir='ltr'>βασιλεύοντος</span> <span class='ocrx_word' id='word_1_116' title='bbox 1792 1376 1901 1430; x_wconf 90' lang='grc' dir='ltr'><strong>τῶν</strong></span> 
     </span>
    </p>
   </div>
   <div class='ocr_carea' id='block_1_18' title="bbox 330 1468 1898 1550">
    <p class='ocr_par' dir='ltr' id='par_1_18' title="bbox 330 1468 1898 1550">
     <span class='ocr_line' id='line_1_18' title="bbox 330 1468 1898 1550; baseline -0.008 -16"><span class='ocrx_word' id='word_1_117' title='bbox 330 1477 717 1550; x_wconf 82' lang='grc' dir='ltr'>πνευματικῶν</span> <span class='ocrx_word' id='word_1_118' title='bbox 758 1477 854 1530; x_wconf 69' lang='grc' dir='ltr'><strong>καὶ</strong></span> <span class='ocrx_word' id='word_1_119' title='bbox 880 1474 1094 1528; x_wconf 85' lang='grc' dir='ltr'>λεπτῶν</span> <span class='ocrx_word' id='word_1_120' title='bbox 1138 1471 1236 1542; x_wconf 83' lang='grc' dir='ltr'>τὴν</span> <span class='ocrx_word' id='word_1_121' title='bbox 1271 1471 1508 1524; x_wconf 74' lang='grc' dir='ltr'>διάνοιαν</span> <span class='ocrx_word' id='word_1_122' title='bbox 1539 1468 1898 1539; x_wconf 84' lang='grc' dir='ltr'>Χριστιανῶν.</span> 
     </span>
    </p>
   </div>
   <div class='ocr_carea' id='block_1_19' title="bbox 329 1562 1902 1645">
    <p class='ocr_par' dir='ltr' id='par_1_19' title="bbox 329 1562 1902 1645">
     <span class='ocr_line' id='line_1_19' title="bbox 329 1562 1902 1645; baseline -0.01 -16"><span class='ocrx_word' id='word_1_123' title='bbox 329 1576 396 1629; x_wconf 79' lang='lat' dir='ltr'><strong>Oi.</strong></span> <span class='ocrx_word' id='word_1_124' title='bbox 431 1573 529 1645; x_wconf 75' lang='grc' dir='ltr'><strong>μὲν</strong></span> <span class='ocrx_word' id='word_1_125' title='bbox 566 1571 676 1642; x_wconf 84' lang='grc' dir='ltr'>γὰρ</span> <span class='ocrx_word' id='word_1_126' title='bbox 715 1570 845 1640; x_wconf 80' lang='grc' dir='ltr'>περὶ</span> <span class='ocrx_word' id='word_1_127' title='bbox 891 1567 980 1620; x_wconf 81' lang='grc' dir='ltr'><strong>τὸν</strong></span> <span class='ocrx_word' id='word_1_128' title='bbox 1029 1564 1318 1636; x_wconf 80' lang='grc' dir='ltr'>εἰρημένον</span> <span class='ocrx_word' id='word_1_129' title='bbox 1368 1563 1538 1617; x_wconf 83' lang='grc' dir='ltr'>Σαοὺλ</span> <span class='ocrx_word' id='word_1_130' title='bbox 1563 1602 1578 1626; x_wconf 90' lang='grc'><strong>,</strong></span> <span class='ocrx_word' id='word_1_131' title='bbox 1636 1562 1902 1633; x_wconf 82' lang='grc' dir='ltr'>μηδέποτε</span> 
     </span>
    </p>
   </div>
   <div class='ocr_carea' id='block_1_20' title="bbox 1991 382 3561 460">
    <p class='ocr_par' dir='ltr' id='par_1_20' title="bbox 1991 382 3561 460">
     <span class='ocr_line' id='line_1_20' title="bbox 1991 382 3561 460; baseline -0.005 -14"><span class='ocrx_word' id='word_1_132' title='bbox 1991 405 2116 446; x_wconf 86' lang='lat' dir='ltr'><strong>vam</strong></span> <span class='ocrx_word' id='word_1_133' title='bbox 2148 389 2371 460; x_wconf 88' lang='lat' dir='ltr'><strong>quidem</strong></span> <span class='ocrx_word' id='word_1_134' title='bbox 2422 396 2675 456; x_wconf 87' lang='lat' dir='ltr'><strong>tanquam</strong></span> <span class='ocrx_word' id='word_1_135' title='bbox 2698 386 2842 454; x_wconf 89' lang='lat' dir='ltr'><strong>ligna</strong></span> <span class='ocrx_word' id='word_1_136' title='bbox 2877 382 3229 438; x_wconf 80' lang='lat' dir='ltr'><strong>circumferre</strong></span> <span class='ocrx_word' id='word_1_137' title='bbox 3263 383 3561 438; x_wconf 74' lang='lat' dir='ltr'><strong>mortifica-</strong></span> 
     </span>
    </p>
   </div>
   <div class='ocr_carea' id='block_1_21' title="bbox 1986 473 3561 561">
    <p class='ocr_par' dir='ltr' id='par_1_21' title="bbox 1986 473 3561 561">
     <span class='ocr_line' id='line_1_21' title="bbox 1986 473 3561 561; baseline -0.005 -25"><span class='ocrx_word' id='word_1_138' title='bbox 1986 483 2199 561; x_wconf 62' lang='lat' dir='ltr'><strong>tionem</strong></span> <span class='ocrx_word' id='word_1_139' title='bbox 2224 479 2598 535; x_wconf 82' lang='lat' dir='ltr'><strong>membrorum</strong></span> <span class='ocrx_word' id='word_1_140' title='bbox 2630 492 2796 545; x_wconf 85' lang='lat' dir='ltr'><strong>super</strong></span> <span class='ocrx_word' id='word_1_141' title='bbox 2830 483 3064 529; x_wconf 89' lang='lat' dir='ltr'><strong>terram:</strong></span> <span class='ocrx_word' id='word_1_142' title='bbox 3094 488 3194 543; x_wconf 87' lang='lat' dir='ltr'><strong>per</strong></span> <span class='ocrx_word' id='word_1_143' title='bbox 3221 473 3561 542; x_wconf 79' lang='lat' dir='ltr'><strong>contempla—</strong></span> 
     </span>
    </p>
   </div>
   <div class='ocr_carea' id='block_1_22' title="bbox 1995 563 3566 638">
    <p class='ocr_par' dir='ltr' id='par_1_22' title="bbox 1995 563 3566 638">
     <span class='ocr_line' id='line_1_22' title="bbox 1995 563 3566 638; baseline -0.005 -12"><span class='ocrx_word' id='word_1_144' title='bbox 1995 573 2160 627; x_wconf 82' lang='lat' dir='ltr'><strong>tivam</strong></span> <span class='ocrx_word' id='word_1_145' title='bbox 2185 580 2391 632; x_wconf 88' lang='lat' dir='ltr'><strong>autem,</strong></span> <span class='ocrx_word' id='word_1_146' title='bbox 2415 577 2683 638; x_wconf 86' lang='lat' dir='ltr'><strong>.tanquam</strong></span> <span class='ocrx_word' id='word_1_147' title='bbox 2717 580 2936 634; x_wconf 90' lang='lat' dir='ltr'><strong>aquam,</strong></span> <span class='ocrx_word' id='word_1_148' title='bbox 2985 563 3250 618; x_wconf 82' lang='lat' dir='ltr'><strong>influxum</strong></span> <span class='ocrx_word' id='word_1_149' title='bbox 3297 563 3566 634; x_wconf 85' lang='lat' dir='ltr'><strong>cognitio-</strong></span> 
     </span>
    </p>
   </div>
   <div class='ocr_carea' id='block_1_23' title="bbox 1993 653 3564 731">
    <p class='ocr_par' dir='ltr' id='par_1_23' title="bbox 1993 653 3564 731">
     <span class='ocr_line' id='line_1_23' title="bbox 1993 653 3564 731; baseline -0.008 -13"><span class='ocrx_word' id='word_1_150' title='bbox 1993 663 2100 718; x_wconf 85' lang='lat' dir='ltr'><strong>nis.</strong></span> <span class='ocrx_word' id='word_1_151' title='bbox 2159 663 2335 731; x_wconf 87' lang='lat' dir='ltr'><strong>Atque</strong></span> <span class='ocrx_word' id='word_1_152' title='bbox 2364 661 2534 715; x_wconf 88' lang='lat' dir='ltr'><strong>iratus</strong></span> <span class='ocrx_word' id='word_1_153' title='bbox 2579 657 2802 728; x_wconf 89' lang='lat' dir='ltr'><strong>quidem</strong></span> <span class='ocrx_word' id='word_1_154' title='bbox 2829 655 2933 709; x_wconf 88' lang='lat' dir='ltr'><strong>fuit</strong></span> <span class='ocrx_word' id='word_1_155' title='bbox 2964 656 3106 709; x_wconf 87' lang='lat' dir='ltr'><strong>Deus</strong></span> <span class='ocrx_word' id='word_1_156' title='bbox 3135 663 3358 723; x_wconf 92' lang='lat' dir='ltr'><strong>propter</strong></span> <span class='ocrx_word' id='word_1_157' title='bbox 3390 653 3564 708; x_wconf 87' lang='lat' dir='ltr'><strong>inter-</strong></span> 
     </span>
    </p>
   </div>
   <div class='ocr_carea' id='block_1_24' title="bbox 1993 742 3564 822">
    <p class='ocr_par' dir='ltr' id='par_1_24' title="bbox 1993 742 3564 822">
     <span class='ocr_line' id='line_1_24' title="bbox 1993 742 3564 822; baseline -0.008 -14"><span class='ocrx_word' id='word_1_158' title='bbox 1993 752 2334 822; x_wconf 87' lang='lat' dir='ltr'><strong>emptionem</strong></span> <span class='ocrx_word' id='word_1_159' title='bbox 2362 748 2811 805; x_wconf 85' lang='lat' dir='ltr'><strong>Gabaonitarum.</strong></span> <span class='ocrx_word' id='word_1_160' title='bbox 2844 744 3076 799; x_wconf 87' lang='lat' dir='ltr'><strong>Immisit</strong></span> <span class='ocrx_word' id='word_1_161' title='bbox 3103 753 3288 798; x_wconf 89' lang='lat' dir='ltr'><strong>autem</strong></span> <span class='ocrx_word' id='word_1_162' title='bbox 3343 742 3564 806; x_wconf 86' lang='lat' dir='ltr'><strong>famem,</strong></span> 
     </span>
    </p>
   </div>
   <div class='ocr_carea' id='block_1_25' title="bbox 1995 833 3570 909">
    <p class='ocr_par' dir='ltr' id='par_1_25' title="bbox 1995 833 3570 909">
     <span class='ocr_line' id='line_1_25' title="bbox 1995 833 3570 909; baseline -0.008 -8"><span class='ocrx_word' id='word_1_163' title='bbox 1995 862 2106 901; x_wconf 89' lang='lat' dir='ltr'><strong>non</strong></span> <span class='ocrx_word' id='word_1_164' title='bbox 2143 845 2199 900; x_wconf 92' lang='lat' dir='ltr'><strong>in</strong></span> <span class='ocrx_word' id='word_1_165' title='bbox 2227 844 2424 899; x_wconf 90' lang='lat' dir='ltr'><strong>diebus</strong></span> <span class='ocrx_word' id='word_1_166' title='bbox 2450 840 2630 896; x_wconf 89' lang='lat' dir='ltr'><strong>Saulis</strong></span> <span class='ocrx_word' id='word_1_167' title='bbox 2659 839 2755 909; x_wconf 91' lang='lat' dir='ltr'><strong>qui</strong></span> <span class='ocrx_word' id='word_1_168' title='bbox 2787 853 2883 894; x_wconf 90' lang='lat' dir='ltr'><strong>eos</strong></span> <span class='ocrx_word' id='word_1_169' title='bbox 2909 837 3132 901; x_wconf 92' lang='lat' dir='ltr'><strong>occidit,</strong></span> <span class='ocrx_word' id='word_1_170' title='bbox 3161 835 3257 890; x_wconf 88' lang='lat' dir='ltr'><strong>sed</strong></span> <span class='ocrx_word' id='word_1_171' title='bbox 3283 835 3339 888; x_wconf 93' lang='lat' dir='ltr'><strong>in</strong></span> <span class='ocrx_word' id='word_1_172' title='bbox 3373 833 3570 890; x_wconf 88' lang='lat' dir='ltr'><strong>diebus</strong></span> 
     </span>
    </p>
   </div>
   <div class='ocr_carea' id='block_1_26' title="bbox 1997 927 3568 1004">
    <p class='ocr_par' dir='ltr' id='par_1_26' title="bbox 1997 927 3568 1004">
     <span class='ocr_line' id='line_1_26' title="bbox 1997 927 3568 1004; baseline -0.006 -13"><span class='ocrx_word' id='word_1_173' title='bbox 1997 937 2188 1000; x_wconf 84' lang='lat' dir='ltr'><strong>David,</strong></span> <span class='ocrx_word' id='word_1_174' title='bbox 2218 934 2476 1004; x_wconf 89' lang='lat' dir='ltr'><strong>quoniam</strong></span> <span class='ocrx_word' id='word_1_175' title='bbox 2497 947 2600 987; x_wconf 91' lang='lat' dir='ltr'><strong>nec</strong></span> <span class='ocrx_word' id='word_1_176' title='bbox 2629 930 2956 985; x_wconf 84' lang='lat' dir='ltr'><strong>naturaliter</strong></span> <span class='ocrx_word' id='word_1_177' title='bbox 2981 929 3098 984; x_wconf 83' lang='lat' dir='ltr'><strong>fieri</strong></span> <span class='ocrx_word' id='word_1_178' title='bbox 3129 927 3372 997; x_wconf 92' lang='lat' dir='ltr'><strong>potuerit</strong></span> <span class='ocrx_word' id='word_1_179' title='bbox 3399 934 3462 982; x_wconf 88' lang='lat' dir='ltr'><strong>ul.</strong></span> <span class='ocrx_word' id='word_1_180' title='bbox 3482 927 3568 981; x_wconf 82' lang='lat' dir='ltr'><strong>vi-</strong></span> 
     </span>
    </p>
   </div>
   <div class='ocr_carea' id='block_1_27' title="bbox 1995 1017 3569 1096">
    <p class='ocr_par' dir='ltr' id='par_1_27' title="bbox 1995 1017 3569 1096">
     <span class='ocr_line' id='line_1_27' title="bbox 1995 1017 3569 1096; baseline -0.009 -12"><span class='ocrx_word' id='word_1_181' title='bbox 1995 1035 2159 1084; x_wconf 86' lang='lat' dir='ltr'><strong>vente</strong></span> <span class='ocrx_word' id='word_1_182' title='bbox 2195 1026 2480 1096; x_wconf 87' lang='lat' dir='ltr'><strong>Scriptura</strong></span> <span class='ocrx_word' id='word_1_183' title='bbox 2508 1023 2668 1094; x_wconf 79' lang='lat' dir='ltr'><strong>legali</strong></span> <span class='ocrx_word' id='word_1_184' title='bbox 2696 1032 2754 1078; x_wconf 89' lang='lat' dir='ltr'><strong>et</strong></span> <span class='ocrx_word' id='word_1_185' title='bbox 2781 1037 3007 1093; x_wconf 88' lang='lat' dir='ltr'><strong>regnum</strong></span> <span class='ocrx_word' id='word_1_186' title='bbox 3051 1019 3337 1074; x_wconf 86' lang='lat' dir='ltr'><strong>obtinente</strong></span> <span class='ocrx_word' id='word_1_187' title='bbox 3363 1017 3419 1071; x_wconf 86' lang='lat' dir='ltr'><strong>in</strong></span> <span class='ocrx_word' id='word_1_188' title='bbox 3443 1032 3569 1072; x_wconf 89' lang='lat' dir='ltr'><strong>cor-</strong></span> 
     </span>
    </p>
   </div>
   <div class='ocr_carea' id='block_1_28' title="bbox 1997 1112 3573 1189">
    <p class='ocr_par' dir='ltr' id='par_1_28' title="bbox 1997 1112 3573 1189">
     <span class='ocr_line' id='line_1_28' title="bbox 1997 1112 3573 1189; baseline -0.007 -16"><span class='ocrx_word' id='word_1_189' title='bbox 1997 1119 2212 1189; x_wconf 88' lang='lat' dir='ltr'><strong>porales</strong></span> <span class='ocrx_word' id='word_1_190' title='bbox 2235 1125 2291 1171; x_wconf 89' lang='lat' dir='ltr'><strong>et</strong></span> <span class='ocrx_word' id='word_1_191' title='bbox 2311 1116 2635 1186; x_wconf 79' lang='lat' dir='ltr'><strong>cogitatione</strong></span> <span class='ocrx_word' id='word_1_192' title='bbox 2659 1129 2872 1169; x_wconf 89' lang='lat' dir='ltr'><strong>crassos</strong></span> <span class='ocrx_word' id='word_1_193' title='bbox 2893 1112 3130 1175; x_wconf 61' lang='lat' dir='ltr'><strong>Iudaeos,</strong></span> <span class='ocrx_word' id='word_1_194' title='bbox 3147 1117 3573 1181; x_wconf 82' lang='lat' dir='ltr'><strong>cognosceretur</strong></span> 
     </span>
    </p>
   </div>
   <div class='ocr_carea' id='block_1_29' title="bbox 1997 1199 3570 1277">
    <p class='ocr_par' dir='ltr' id='par_1_29' title="bbox 1997 1199 3570 1277">
     <span class='ocr_line' id='line_1_29' title="bbox 1997 1199 3570 1277; baseline -0.006 -13"><span class='ocrx_word' id='word_1_195' title='bbox 1997 1209 2169 1264; x_wconf 83' lang='lat' dir='ltr'><strong>fames</strong></span> <span class='ocrx_word' id='word_1_196' title='bbox 2190 1206 2520 1277; x_wconf 90' lang='lat' dir='ltr'><strong>cognitionis</strong></span> <span class='ocrx_word' id='word_1_197' title='bbox 2552 1203 2870 1276; x_wconf 86' lang='lat' dir='ltr'><strong>spiritualis,</strong></span> <span class='ocrx_word' id='word_1_198' title='bbox 2917 1204 3011 1258; x_wconf 89' lang='lat' dir='ltr'><strong>sed</strong></span> <span class='ocrx_word' id='word_1_199' title='bbox 3045 1211 3262 1256; x_wconf 90' lang='lat' dir='ltr'><strong>mortuo</strong></span> <span class='ocrx_word' id='word_1_200' title='bbox 3313 1201 3408 1254; x_wconf 89' lang='lat' dir='ltr'><strong>illo</strong></span> <span class='ocrx_word' id='word_1_201' title='bbox 3461 1199 3570 1254; x_wconf 83' lang='lat' dir='ltr'><strong>ﬁne</strong></span> 
     </span>
    </p>
   </div>
   <div class='ocr_carea' id='block_1_30' title="bbox 2000 1292 3570 1370">
    <p class='ocr_par' dir='ltr' id='par_1_30' title="bbox 2000 1292 3570 1370">
     <span class='ocr_line' id='line_1_30' title="bbox 2000 1292 3570 1370; baseline -0.007 -14"><span class='ocrx_word' id='word_1_202' title='bbox 2000 1300 2263 1370; x_wconf 87' lang='lat' dir='ltr'><strong>temporis</strong></span> <span class='ocrx_word' id='word_1_203' title='bbox 2294 1298 2441 1369; x_wconf 90' lang='lat' dir='ltr'><strong>quod</strong></span> <span class='ocrx_word' id='word_1_204' title='bbox 2475 1305 2596 1352; x_wconf 89' lang='lat' dir='ltr'><strong>erat</strong></span> <span class='ocrx_word' id='word_1_205' title='bbox 2644 1296 2929 1351; x_wconf 84' lang='lat' dir='ltr'><strong>definitum</strong></span> <span class='ocrx_word' id='word_1_206' title='bbox 2961 1293 3232 1364; x_wconf 90' lang='lat' dir='ltr'><strong>corporali</strong></span> <span class='ocrx_word' id='word_1_207' title='bbox 3270 1292 3441 1347; x_wconf 90' lang='lat' dir='ltr'><strong>cultui</strong></span> <span class='ocrx_word' id='word_1_208' title='bbox 3489 1292 3570 1345; x_wconf 86' lang='lat' dir='ltr'><strong>le-</strong></span> 
     </span>
    </p>
   </div>
   <div class='ocr_carea' id='block_1_31' title="bbox 1999 1383 3570 1463">
    <p class='ocr_par' dir='ltr' id='par_1_31' title="bbox 1999 1383 3570 1463">
     <span class='ocr_line' id='line_1_31' title="bbox 1999 1383 3570 1463; baseline -0.006 -18"><span class='ocrx_word' id='word_1_209' title='bbox 1999 1393 2102 1463; x_wconf 87' lang='lat' dir='ltr'><strong>gis,</strong></span> <span class='ocrx_word' id='word_1_210' title='bbox 2123 1392 2175 1445; x_wconf 92' lang='lat' dir='ltr'><strong>id</strong></span> <span class='ocrx_word' id='word_1_211' title='bbox 2200 1391 2369 1461; x_wconf 87' lang='lat' dir='ltr'><strong>magis</strong></span> <span class='ocrx_word' id='word_1_212' title='bbox 2390 1389 2543 1444; x_wconf 81' lang='lat' dir='ltr'><strong>fieret</strong></span> <span class='ocrx_word' id='word_1_213' title='bbox 2564 1390 2620 1442; x_wconf 91' lang='lat' dir='ltr'><strong>in</strong></span> <span class='ocrx_word' id='word_1_214' title='bbox 2642 1388 2837 1442; x_wconf 89' lang='lat' dir='ltr'><strong>diebus</strong></span> <span class='ocrx_word' id='word_1_215' title='bbox 2859 1385 3100 1449; x_wconf 89' lang='lat' dir='ltr'><strong>Davidis,</strong></span> <span class='ocrx_word' id='word_1_216' title='bbox 3123 1383 3304 1455; x_wconf 88' lang='lat' dir='ltr'><strong>legali,</strong></span> <span class='ocrx_word' id='word_1_217' title='bbox 3325 1383 3570 1453; x_wconf 92' lang='lat' dir='ltr'><strong>inquam,</strong></span> 
     </span>
    </p>
   </div>
   <div class='ocr_carea' id='block_1_32' title="bbox 2001 1473 3574 1550">
    <p class='ocr_par' dir='ltr' id='par_1_32' title="bbox 2001 1473 3574 1550">
     <span class='ocr_line' id='line_1_32' title="bbox 2001 1473 3574 1550; baseline -0.007 -15"><span class='ocrx_word' id='word_1_218' title='bbox 2001 1480 2194 1550; x_wconf 90' lang='lat' dir='ltr'><strong>spiritu</strong></span> <span class='ocrx_word' id='word_1_219' title='bbox 2235 1481 2329 1550; x_wconf 87' lang='lat' dir='ltr'><strong>qui</strong></span> <span class='ocrx_word' id='word_1_220' title='bbox 2365 1479 2524 1533; x_wconf 90' lang='lat' dir='ltr'><strong>latuit</strong></span> <span class='ocrx_word' id='word_1_221' title='bbox 2569 1477 2670 1532; x_wconf 90' lang='lat' dir='ltr'><strong>sub</strong></span> <span class='ocrx_word' id='word_1_222' title='bbox 2717 1476 2920 1535; x_wconf 88' lang='lat' dir='ltr'><strong>littera.</strong></span> <span class='ocrx_word' id='word_1_223' title='bbox 2953 1475 3063 1544; x_wconf 91' lang='lat' dir='ltr'><strong>jam</strong></span> <span class='ocrx_word' id='word_1_224' title='bbox 3121 1473 3472 1526; x_wconf 84' lang='lat' dir='ltr'><strong>illucescente</strong></span> <span class='ocrx_word' id='word_1_225' title='bbox 3515 1479 3574 1526; x_wconf 91' lang='lat' dir='ltr'><strong>et</strong></span> 
     </span>
    </p>
   </div>
   <div class='ocr_carea' id='block_1_33' title="bbox 2003 1562 3572 1643">
    <p class='ocr_par' dir='ltr' id='par_1_33' title="bbox 2003 1562 3572 1643">
     <span class='ocr_line' id='line_1_33' title="bbox 2003 1562 3572 1643; baseline -0.006 -18"><span class='ocrx_word' id='word_1_226' title='bbox 2003 1587 2231 1643; x_wconf 77' lang='lat' dir='ltr'><strong>regnum</strong></span> <span class='ocrx_word' id='word_1_227' title='bbox 2265 1571 2552 1625; x_wconf 89' lang='lat' dir='ltr'><strong>obtinente</strong></span> <span class='ocrx_word' id='word_1_228' title='bbox 2584 1568 2641 1622; x_wconf 91' lang='lat' dir='ltr'><strong>in</strong></span> <span class='ocrx_word' id='word_1_229' title='bbox 2674 1566 2988 1638; x_wconf 87' lang='lat' dir='ltr'><strong>spirituales</strong></span> <span class='ocrx_word' id='word_1_230' title='bbox 3029 1573 3084 1618; x_wconf 92' lang='lat' dir='ltr'><strong>et</strong></span> <span class='ocrx_word' id='word_1_231' title='bbox 3120 1562 3448 1633; x_wconf 83' lang='lat' dir='ltr'><strong>cogitatione</strong></span> <span class='ocrx_word' id='word_1_232' title='bbox 3475 1577 3572 1617; x_wconf 94' lang='lat' dir='ltr'><strong>su-</strong></span> 
     </span>
    </p>
   </div>
   <div class='ocr_carea' id='block_1_34' title="bbox 329 1645 1911 1732">
    <p class='ocr_par' dir='ltr' id='par_1_34' title="bbox 329 1651 1900 1732">
     <span class='ocr_line' id='line_1_34' title="bbox 329 1651 1900 1732; baseline -0.01 -14"><span class='ocrx_word' id='word_1_233' title='bbox 329 1659 714 1732; x_wconf 86' lang='grc' dir='ltr'>πνευματικῶς</span> <span class='ocrx_word' id='word_1_234' title='bbox 737 1657 988 1726; x_wconf 81' lang='grc' dir='ltr'>γνώσεως</span> <span class='ocrx_word' id='word_1_235' title='bbox 1009 1654 1431 1717; x_wconf 76' lang='grc' dir='ltr'>ἀπολαύσαντες,</span> <span class='ocrx_word' id='word_1_236' title='bbox 1485 1651 1607 1705; x_wconf 77' lang='grc' dir='ltr'>οὐδὲ</span> <span class='ocrx_word' id='word_1_237' title='bbox 1629 1651 1717 1704; x_wconf 84' lang='grc' dir='ltr'><strong>τὸν</strong></span> <span class='ocrx_word' id='word_1_238' title='bbox 1743 1651 1900 1720; x_wconf 77' lang='grc' dir='ltr'>λιμὸν</span> 
     </span>
    </p>
   </div>
   <div class='ocr_carea' id='block_1_35' title="bbox 2011 1645 3573 1732">
    <p class='ocr_par' dir='ltr' id='par_1_35' title="bbox 2011 1654 3573 1726">
     <span class='ocr_line' id='line_1_35' title="bbox 2011 1654 3573 1726; baseline -0.008 -9"><span class='ocrx_word' id='word_1_239' title='bbox 2011 1663 2168 1718; x_wconf 89' lang='lat' dir='ltr'><strong>btiles</strong></span> <span class='ocrx_word' id='word_1_240' title='bbox 2182 1661 2545 1717; x_wconf 87' lang='lat' dir='ltr'><strong>Christianos.</strong></span> <span class='ocrx_word' id='word_1_241' title='bbox 2563 1659 2696 1714; x_wconf 86' lang='lat' dir='ltr'><strong>Nam</strong></span> <span class='ocrx_word' id='word_1_242' title='bbox 2718 1657 2810 1726; x_wconf 92' lang='lat' dir='ltr'><strong>qui</strong></span> <span class='ocrx_word' id='word_1_243' title='bbox 2832 1656 3056 1710; x_wconf 90' lang='lat' dir='ltr'><strong>fuerunt</strong></span> <span class='ocrx_word' id='word_1_244' title='bbox 3072 1654 3270 1718; x_wconf 87' lang='lat' dir='ltr'><strong>Saulis,</strong></span> <span class='ocrx_word' id='word_1_245' title='bbox 3293 1667 3573 1722; x_wconf 84' lang='lat' dir='ltr'><strong>nunquam</strong></span> 
     </span>
    </p>
   </div>
   <div class='ocr_carea' id='block_1_36' title="bbox 331 1741 1900 1824">
    <p class='ocr_par' dir='ltr' id='par_1_36' title="bbox 331 1741 1900 1824">
     <span class='ocr_line' id='line_1_36' title="bbox 331 1741 1900 1824; baseline -0.011 -15"><span class='ocrx_word' id='word_1_246' title='bbox 331 1755 505 1824; x_wconf 81' lang='grc' dir='ltr'>αὐτῆς</span> <span class='ocrx_word' id='word_1_247' title='bbox 549 1750 812 1821; x_wconf 76' lang='grc' dir='ltr'>ἠδύναντο</span> <span class='ocrx_word' id='word_1_248' title='bbox 851 1746 1077 1816; x_wconf 88' lang='grc' dir='ltr'>γνῶναι.</span> <span class='ocrx_word' id='word_1_249' title='bbox 1126 1744 1296 1814; x_wconf 81' lang='grc' dir='ltr'>Λιμὸς</span> <span class='ocrx_word' id='word_1_250' title='bbox 1335 1744 1442 1812; x_wconf 77' lang='grc' dir='ltr'><strong>γάρ</strong></span> <span class='ocrx_word' id='word_1_251' title='bbox 1472 1743 1620 1796; x_wconf 74' lang='grc' dir='ltr'>ἐστιν</span> <span class='ocrx_word' id='word_1_252' title='bbox 1661 1741 1900 1810; x_wconf 74' lang='grc' dir='ltr'>ἔκλειψις</span> 
     </span>
    </p>
   </div>
   <div class='ocr_carea' id='block_1_37' title="bbox 330 1831 1900 1910">
    <p class='ocr_par' dir='ltr' id='par_1_37' title="bbox 330 1831 1900 1910">
     <span class='ocr_line' id='line_1_37' title="bbox 330 1831 1900 1910; baseline -0.01 -9"><span class='ocrx_word' id='word_1_253' title='bbox 330 1845 438 1900; x_wconf 91' lang='grc' dir='ltr'><strong>τῶν</strong></span> <span class='ocrx_word' id='word_1_254' title='bbox 463 1842 602 1898; x_wconf 85' lang='grc' dir='ltr'><strong>κατά</strong></span> <span class='ocrx_word' id='word_1_255' title='bbox 647 1843 842 1910; x_wconf 85' lang='grc' dir='ltr'>πεῖραν</span> <span class='ocrx_word' id='word_1_256' title='bbox 875 1835 1093 1906; x_wconf 87' lang='grc' dir='ltr'>ἀγαθῶν</span> <span class='ocrx_word' id='word_1_257' title='bbox 1119 1834 1504 1904; x_wconf 75' lang='grc' dir='ltr'>ἐγνωσμένων.</span> <span class='ocrx_word' id='word_1_258' title='bbox 1549 1832 1814 1886; x_wconf 79' lang='grc' dir='ltr'>Ἐνταῦθα</span> <span class='ocrx_word' id='word_1_259' title='bbox 1842 1831 1900 1885; x_wconf 82' lang='grc' dir='ltr'><strong>δὲ</strong></span> 
     </span>
    </p>
   </div>
   <div class='ocr_carea' id='block_1_38' title="bbox 333 1923 1895 1998">
    <p class='ocr_par' dir='ltr' id='par_1_38' title="bbox 333 1923 1895 1998">
     <span class='ocr_line' id='line_1_38' title="bbox 333 1923 1895 1998; baseline -0.01 -7"><span class='ocrx_word' id='word_1_260' title='bbox 333 1937 425 1991; x_wconf 77' lang='grc' dir='ltr'>καὶ</span> <span class='ocrx_word' id='word_1_261' title='bbox 462 1934 654 1996; x_wconf 83' lang='grc' dir='ltr'>σπάνις</span> <span class='ocrx_word' id='word_1_262' title='bbox 679 1931 786 1984; x_wconf 86' lang='grc' dir='ltr'><strong>τῶν</strong></span> <span class='ocrx_word' id='word_1_263' title='bbox 813 1926 1202 1998; x_wconf 83' lang='grc' dir='ltr'>πνευματικῶν</span> <span class='ocrx_word' id='word_1_264' title='bbox 1230 1928 1328 1996; x_wconf 82' lang='grc' dir='ltr'><strong>τῆς</strong></span> <span class='ocrx_word' id='word_1_265' title='bbox 1357 1925 1534 1996; x_wconf 79' lang='grc' dir='ltr'>ψυχῆς</span> <span class='ocrx_word' id='word_1_266' title='bbox 1568 1923 1895 1995; x_wconf 86' lang='grc' dir='ltr'>βρωμάτων.</span> 
     </span>
    </p>
   </div>
   <div class='ocr_carea' id='block_1_39' title="bbox 332 2008 1902 2096">
    <p class='ocr_par' dir='ltr' id='par_1_39' title="bbox 332 2008 1902 2096">
     <span class='ocr_line' id='line_1_39' title="bbox 332 2008 1902 2096; baseline -0.01 -16"><span class='ocrx_word' id='word_1_267' title='bbox 332 2029 396 2081; x_wconf 78' lang='lat' dir='ltr'><strong>Ol</strong></span> <span class='ocrx_word' id='word_1_268' title='bbox 441 2027 486 2080; x_wconf 79' lang='grc' dir='ltr'><strong>δ’</strong></span> <span class='ocrx_word' id='word_1_269' title='bbox 511 2024 654 2096; x_wconf 74' lang='grc' dir='ltr'>ἀμφὶ</span> <span class='ocrx_word' id='word_1_270' title='bbox 681 2021 771 2074; x_wconf 86' lang='grc' dir='ltr'>τδν</span> <span class='ocrx_word' id='word_1_271' title='bbox 810 2017 1118 2090; x_wconf 81' lang='grc' dir='ltr'>δηλωθέντα</span> <span class='ocrx_word' id='word_1_272' title='bbox 1156 2015 1318 2070; x_wconf 79' lang='grc' dir='ltr'>Δαϐὶδ</span> <span class='ocrx_word' id='word_1_273' title='bbox 1340 2057 1356 2082; x_wconf 97' lang='grc'><strong>,</strong></span> <span class='ocrx_word' id='word_1_274' title='bbox 1384 2008 1531 2068; x_wconf 76' lang='grc' dir='ltr'>οὗτοι</span> <span class='ocrx_word' id='word_1_275' title='bbox 1561 2013 1796 2085; x_wconf 81' lang='grc' dir='ltr'>μάλιστα</span> <span class='ocrx_word' id='word_1_276' title='bbox 1821 2013 1902 2066; x_wconf 85' lang='grc' dir='ltr'>λι-</span> 
     </span>
    </p>
   </div>
   <div class='ocr_carea' id='block_1_40' title="bbox 337 2101 1902 2185">
    <p class='ocr_par' dir='ltr' id='par_1_40' title="bbox 337 2101 1902 2185">
     <span class='ocr_line' id='line_1_40' title="bbox 337 2101 1902 2185; baseline -0.01 -16"><span class='ocrx_word' id='word_1_277' title='bbox 337 2113 606 2185; x_wconf 82' lang='grc' dir='ltr'>μώττουσι</span> <span class='ocrx_word' id='word_1_278' title='bbox 633 2109 822 2163; x_wconf 81' lang='grc' dir='ltr'>τοῦτον</span> <span class='ocrx_word' id='word_1_279' title='bbox 851 2107 942 2160; x_wconf 79' lang='grc' dir='ltr'><strong>τὸν</strong></span> <span class='ocrx_word' id='word_1_280' title='bbox 970 2103 1146 2175; x_wconf 82' lang='grc' dir='ltr'>λιμὸν,</span> <span class='ocrx_word' id='word_1_281' title='bbox 1185 2104 1312 2157; x_wconf 84' lang='grc' dir='ltr'>ὅταν</span> <span class='ocrx_word' id='word_1_282' title='bbox 1337 2101 1639 2173; x_wconf 82' lang='grc' dir='ltr'>περιέπωσι</span> <span class='ocrx_word' id='word_1_283' title='bbox 1673 2102 1726 2154; x_wconf 84' lang='grc' dir='ltr'><strong>τὸ</strong></span> <span class='ocrx_word' id='word_1_284' title='bbox 1747 2101 1902 2169; x_wconf 77' lang='grc' dir='ltr'>γένος</span> 
     </span>
    </p>
   </div>
   <div class='ocr_carea' id='block_1_41' title="bbox 336 2191 1903 2272">
    <p class='ocr_par' dir='ltr' id='par_1_41' title="bbox 336 2191 1903 2272">
     <span class='ocr_line' id='line_1_41' title="bbox 336 2191 1903 2272; baseline -0.009 -14"><span class='ocrx_word' id='word_1_285' title='bbox 336 2204 529 2268; x_wconf 70' lang='grc' dir='ltr'>Σαοὺλ,</span> <span class='ocrx_word' id='word_1_286' title='bbox 555 2205 612 2256; x_wconf 83' lang='grc' dir='ltr'>ὲν</span> <span class='ocrx_word' id='word_1_287' title='bbox 640 2200 718 2272; x_wconf 79' lang='grc' dir='ltr'><strong>τῷ</strong></span> <span class='ocrx_word' id='word_1_288' title='bbox 746 2197 1028 2270; x_wconf 79' lang='grc' dir='ltr'>περιέπειν</span> <span class='ocrx_word' id='word_1_289' title='bbox 1060 2196 1123 2250; x_wconf 79' lang='grc' dir='ltr'><strong>τὸ</strong></span> <span class='ocrx_word' id='word_1_290' title='bbox 1152 2195 1406 2268; x_wconf 83' lang='grc' dir='ltr'>γράμμα,</span> <span class='ocrx_word' id='word_1_291' title='bbox 1442 2195 1534 2248; x_wconf 74' lang='grc' dir='ltr'><strong>καὶ</strong></span> <span class='ocrx_word' id='word_1_292' title='bbox 1577 2191 1903 2263; x_wconf 84' lang='grc' dir='ltr'>σωματικῶς</span> 
     </span>
    </p>
   </div>
   <div class='ocr_carea' id='block_1_42' title="bbox 336 2278 1902 2363">
    <p class='ocr_par' dir='ltr' id='par_1_42' title="bbox 336 2278 1902 2363">
     <span class='ocr_line' id='line_1_42' title="bbox 336 2278 1902 2363; baseline -0.01 -15"><span class='ocrx_word' id='word_1_293' title='bbox 336 2292 650 2363; x_wconf 75' lang='grc' dir='ltr'>ἐκδέχεσθαι</span> <span class='ocrx_word' id='word_1_294' title='bbox 689 2291 757 2344; x_wconf 81' lang='grc' dir='ltr'>τὰ</span> <span class='ocrx_word' id='word_1_295' title='bbox 805 2288 902 2354; x_wconf 80' lang='grc' dir='ltr'>τῆς</span> <span class='ocrx_word' id='word_1_296' title='bbox 947 2285 1096 2349; x_wconf 83' lang='grc' dir='ltr'>θείας</span> <span class='ocrx_word' id='word_1_297' title='bbox 1141 2286 1382 2357; x_wconf 83' lang='grc' dir='ltr'>Γραφῆς.</span> <span class='ocrx_word' id='word_1_298' title='bbox 1419 2285 1560 2355; x_wconf 72' lang='grc' dir='ltr'>Περὶ</span> <span class='ocrx_word' id='word_1_299' title='bbox 1601 2278 1664 2338; x_wconf 76' lang='grc' dir='ltr'><strong>οὗ</strong></span> <span class='ocrx_word' id='word_1_300' title='bbox 1712 2283 1902 2350; x_wconf 86' lang='grc' dir='ltr'>γένους</span> 
     </span>
    </p>
   </div>
   <div class='ocr_carea' id='block_1_43' title="bbox 338 2371 1903 2452">
    <p class='ocr_par' dir='ltr' id='par_1_43' title="bbox 338 2371 1903 2452">
     <span class='ocr_line' id='line_1_43' title="bbox 338 2371 1903 2452; baseline -0.008 -16"><span class='ocrx_word' id='word_1_301' title='bbox 338 2383 620 2452; x_wconf 84' lang='grc' dir='ltr'>προϊόντες</span> <span class='ocrx_word' id='word_1_302' title='bbox 655 2377 907 2449; x_wconf 76' lang='grc' dir='ltr'>ἐροῦμεν.</span> <span class='ocrx_word' id='word_1_303' title='bbox 942 2374 1111 2446; x_wconf 79' lang='grc' dir='ltr'>Λιμὸς</span> <span class='ocrx_word' id='word_1_304' title='bbox 1135 2375 1192 2428; x_wconf 77' lang='grc' dir='ltr'><strong>δὲ</strong></span> <span class='ocrx_word' id='word_1_305' title='bbox 1211 2373 1380 2445; x_wconf 87' lang='grc' dir='ltr'>τριῶν</span> <span class='ocrx_word' id='word_1_306' title='bbox 1413 2373 1574 2438; x_wconf 76' lang='grc' dir='ltr'>ἐτῶν,</span> <span class='ocrx_word' id='word_1_307' title='bbox 1604 2374 1638 2444; x_wconf 82' lang='grc' dir='ltr'>ἠ</span> <span class='ocrx_word' id='word_1_308' title='bbox 1669 2371 1903 2440; x_wconf 75' lang='grc' dir='ltr'>ἔλλειψις</span> 
     </span>
    </p>
   </div>
   <div class='ocr_carea' id='block_1_44' title="bbox 337 2461 1903 2543">
    <p class='ocr_par' dir='ltr' id='par_1_44' title="bbox 337 2461 1903 2543">
     <span class='ocr_line' id='line_1_44' title="bbox 337 2461 1903 2543; baseline -0.01 -14"><span class='ocrx_word' id='word_1_309' title='bbox 337 2475 436 2543; x_wconf 81' lang='grc' dir='ltr'><strong>τῆς</strong></span> <span class='ocrx_word' id='word_1_310' title='bbox 462 2471 604 2526; x_wconf 88' lang='grc' dir='ltr'><strong>κατά</strong></span> <span class='ocrx_word' id='word_1_311' title='bbox 631 2471 758 2532; x_wconf 81' lang='grc' dir='ltr'>τοὺς</span> <span class='ocrx_word' id='word_1_312' title='bbox 788 2470 936 2536; x_wconf 78' lang='grc' dir='ltr'>τρεῖς</span> <span class='ocrx_word' id='word_1_313' title='bbox 972 2465 1191 2535; x_wconf 86' lang='grc' dir='ltr'>νόμους,</span> <span class='ocrx_word' id='word_1_314' title='bbox 1220 2465 1310 2518; x_wconf 90' lang='grc' dir='ltr'><strong>τόν</strong></span> <span class='ocrx_word' id='word_1_315' title='bbox 1340 2481 1399 2516; x_wconf 91' lang='grc' dir='ltr'><strong>τε</strong></span> <span class='ocrx_word' id='word_1_316' title='bbox 1429 2463 1657 2532; x_wconf 81' lang='grc' dir='ltr'>φυσικὸν</span> <span class='ocrx_word' id='word_1_317' title='bbox 1685 2463 1780 2516; x_wconf 75' lang='grc' dir='ltr'><strong>καὶ</strong></span> <span class='ocrx_word' id='word_1_318' title='bbox 1809 2461 1903 2514; x_wconf 75' lang='grc' dir='ltr'><strong>τὸν</strong></span> 
     </span>
    </p>
   </div>
   <div class='ocr_carea' id='block_1_45' title="bbox 337 2548 1903 2624">
    <p class='ocr_par' dir='ltr' id='par_1_45' title="bbox 337 2548 1903 2624">
     <span class='ocr_line' id='line_1_45' title="bbox 337 2548 1903 2624; baseline -0.011 -6"><span class='ocrx_word' id='word_1_319' title='bbox 337 2561 645 2624; x_wconf 74' lang='grc' dir='ltr'>Μωσαῖκὸν,</span> <span class='ocrx_word' id='word_1_320' title='bbox 674 2558 767 2611; x_wconf 76' lang='grc' dir='ltr'><strong>καὶ</strong></span> <span class='ocrx_word' id='word_1_321' title='bbox 793 2559 886 2610; x_wconf 76' lang='grc' dir='ltr'><strong>τὸν</strong></span> <span class='ocrx_word' id='word_1_322' title='bbox 929 2553 1305 2624; x_wconf 80' lang='grc' dir='ltr'>εὐαγγελικδν,</span> <span class='ocrx_word' id='word_1_323' title='bbox 1353 2550 1732 2622; x_wconf 81' lang='grc' dir='ltr'>πνευματικῆς</span> <span class='ocrx_word' id='word_1_324' title='bbox 1760 2548 1903 2618; x_wconf 80' lang='grc' dir='ltr'>γνώο</span> 
     </span>
    </p>
   </div>
   <div class='ocr_carea' id='block_1_46' title="bbox 339 2640 1903 2718">
    <p class='ocr_par' dir='ltr' id='par_1_46' title="bbox 339 2640 1903 2718">
     <span class='ocr_line' id='line_1_46' title="bbox 339 2640 1903 2718; baseline -0.01 -11"><span class='ocrx_word' id='word_1_325' title='bbox 339 2670 496 2716; x_wconf 86' lang='grc' dir='ltr'>σεως.</span> <span class='ocrx_word' id='word_1_326' title='bbox 542 2651 606 2702; x_wconf 86' lang='grc' dir='ltr'><em>Ἥ</em></span> <span class='ocrx_word' id='word_1_327' title='bbox 643 2647 751 2718; x_wconf 89' lang='grc' dir='ltr'><strong>γάρ</strong></span> <span class='ocrx_word' id='word_1_328' title='bbox 777 2646 951 2699; x_wconf 77' lang='grc' dir='ltr'>ἔνδεια</span> <span class='ocrx_word' id='word_1_329' title='bbox 982 2648 1082 2716; x_wconf 81' lang='grc' dir='ltr'><strong>τῆς</strong></span> <span class='ocrx_word' id='word_1_330' title='bbox 1109 2643 1252 2696; x_wconf 88' lang='grc' dir='ltr'><strong>κατά</strong></span> <span class='ocrx_word' id='word_1_331' title='bbox 1278 2643 1368 2695; x_wconf 80' lang='grc' dir='ltr'><strong>τὸν</strong></span> <span class='ocrx_word' id='word_1_332' title='bbox 1406 2641 1702 2696; x_wconf 76' lang='grc' dir='ltr'>Μωσαῖκὸν</span> <span class='ocrx_word' id='word_1_333' title='bbox 1742 2640 1903 2710; x_wconf 88' lang='grc' dir='ltr'>νόμον</span> 
     </span>
    </p>
   </div>
   <div class='ocr_carea' id='block_1_47' title="bbox 341 2729 1906 2813">
    <p class='ocr_par' dir='ltr' id='par_1_47' title="bbox 341 2729 1906 2813">
     <span class='ocr_line' id='line_1_47' title="bbox 341 2729 1906 2813; baseline -0.012 -16"><span class='ocrx_word' id='word_1_334' title='bbox 341 2740 711 2813; x_wconf 81' lang='grc' dir='ltr'>πνευματικῆς</span> <span class='ocrx_word' id='word_1_335' title='bbox 769 2735 1038 2806; x_wconf 82' lang='grc' dir='ltr'>θεωρίας,</span> <span class='ocrx_word' id='word_1_336' title='bbox 1091 2733 1206 2803; x_wconf 77' lang='grc' dir='ltr'>ἔχει</span> <span class='ocrx_word' id='word_1_337' title='bbox 1242 2731 1632 2802; x_wconf 81' lang='grc' dir='ltr'>παρεπομένην</span> <span class='ocrx_word' id='word_1_338' title='bbox 1669 2729 1762 2782; x_wconf 63' lang='grc' dir='ltr'><strong>καὶ⁵</strong></span> <span class='ocrx_word' id='word_1_339' title='bbox 1807 2729 1906 2798; x_wconf 80' lang='grc' dir='ltr'>τὴν</span> 
     </span>
    </p>
   </div>
   <div class='ocr_carea' id='block_1_48' title="bbox 341 2818 1907 2900">
    <p class='ocr_par' dir='ltr' id='par_1_48' title="bbox 341 2818 1907 2900">
     <span class='ocr_line' id='line_1_48' title="bbox 341 2818 1907 2900; baseline -0.011 -12"><span class='ocrx_word' id='word_1_340' title='bbox 341 2833 483 2890; x_wconf 86' lang='grc' dir='ltr'><strong>κατά</strong></span> <span class='ocrx_word' id='word_1_341' title='bbox 511 2832 600 2886; x_wconf 70' lang='grc' dir='ltr'><strong>τὸν</strong></span> <span class='ocrx_word' id='word_1_342' title='bbox 632 2829 878 2900; x_wconf 72' lang='grc' dir='ltr'>φυσικὸν,</span> <span class='ocrx_word' id='word_1_343' title='bbox 907 2826 1003 2881; x_wconf 74' lang='grc' dir='ltr'>καὶ</span> <span class='ocrx_word' id='word_1_344' title='bbox 1021 2825 1122 2895; x_wconf 84' lang='grc' dir='ltr'>τὴν</span> <span class='ocrx_word' id='word_1_345' title='bbox 1151 2823 1286 2878; x_wconf 78' lang='grc' dir='ltr'>κατὰ</span> <span class='ocrx_word' id='word_1_346' title='bbox 1309 2825 1400 2876; x_wconf 80' lang='grc' dir='ltr'><strong>τὸν</strong></span> <span class='ocrx_word' id='word_1_347' title='bbox 1430 2819 1801 2890; x_wconf 76' lang='grc' dir='ltr'>εὐαγγελικόνο</span> <span class='ocrx_word' id='word_1_348' title='bbox 1829 2818 1907 2871; x_wconf 80' lang='grc' dir='ltr'><strong>διὸ</strong></span> 
     </span>
    </p>
   </div>
   <div class='ocr_carea' id='block_1_49' title="bbox 341 2908 1908 2994">
    <p class='ocr_par' dir='ltr' id='par_1_49' title="bbox 341 2908 1908 2994">
     <span class='ocr_line' id='line_1_49' title="bbox 341 2908 1908 2994; baseline -0.013 -15"><span class='ocrx_word' id='word_1_349' title='bbox 341 2925 436 2979; x_wconf 67' lang='grc' dir='ltr'><strong>καὶ</strong></span> <span class='ocrx_word' id='word_1_350' title='bbox 464 2923 710 2994; x_wconf 81' lang='grc' dir='ltr'>ἀλλήλων</span> <span class='ocrx_word' id='word_1_351' title='bbox 737 2918 956 2992; x_wconf 75' lang='grc' dir='ltr'>ἔχεσθαι</span> <span class='ocrx_word' id='word_1_352' title='bbox 973 2915 1244 2984; x_wconf 83' lang='grc' dir='ltr'>λέγονται.</span> <span class='ocrx_word' id='word_1_353' title='bbox 1275 2913 1388 2966; x_wconf 72' lang='grc' dir='ltr'>Καὶ</span> <span class='ocrx_word' id='word_1_354' title='bbox 1414 2911 1588 2974; x_wconf 84' lang='grc' dir='ltr'>ἄλλως</span> <span class='ocrx_word' id='word_1_355' title='bbox 1614 2910 1722 2980; x_wconf 81' lang='grc' dir='ltr'>γὰρ</span> <span class='ocrx_word' id='word_1_356' title='bbox 1758 2909 1788 2961; x_wconf 82' lang='grc' dir='ltr'><strong>ὁ</strong></span> <span class='ocrx_word' id='word_1_357' title='bbox 1820 2908 1908 2960; x_wconf 70' lang='grc' dir='ltr'>τὸν</span> 
     </span>
    </p>
   </div>
   <div class='ocr_carea' id='block_1_50' title="bbox 341 2980 1979 3080">
    <p class='ocr_par' dir='ltr' id='par_1_50' title="bbox 341 2980 1979 3080">
     <span class='ocr_line' id='line_1_50' title="bbox 341 2980 1979 3080; baseline -0.012 -11"><span class='ocrx_word' id='word_1_358' title='bbox 341 2980 628 3070; x_wconf 59' lang='grc' dir='ltr'>Μωσαῖκέν</span> <span class='ocrx_word' id='word_1_359' title='bbox 678 2980 839 3080; x_wconf 76' lang='grc' dir='ltr'>νόμον</span> <span class='ocrx_word' id='word_1_360' title='bbox 903 2980 1228 3077; x_wconf 80' lang='grc' dir='ltr'>σωματικῶς</span> <span class='ocrx_word' id='word_1_361' title='bbox 1284 3002 1595 3073; x_wconf 85' lang='grc' dir='ltr'>λαμϐάνων,</span> <span class='ocrx_word' id='word_1_362' title='bbox 1654 2998 1911 3070; x_wconf 85' lang='grc' dir='ltr'>λιμώττει</span> <span class='ocrx_word' id='word_1_363' title='bbox 1938 2980 1979 3036; x_wconf 77' lang='lat' dir='ltr'><strong><em>C</em></strong></span> 
     </span>
    </p>
   </div>
   <div class='ocr_carea' id='block_1_51' title="bbox 341 3089 1912 3174">
    <p class='ocr_par' dir='ltr' id='par_1_51' title="bbox 341 3089 1912 3174">
     <span class='ocr_line' id='line_1_51' title="bbox 341 3089 1912 3174; baseline -0.012 -14"><span class='ocrx_word' id='word_1_364' title='bbox 341 3106 409 3160; x_wconf 88' lang='grc' dir='ltr'><strong>τά</strong></span> <span class='ocrx_word' id='word_1_365' title='bbox 468 3103 596 3174; x_wconf 89' lang='grc' dir='ltr'>τρία</span> <span class='ocrx_word' id='word_1_366' title='bbox 650 3100 822 3155; x_wconf 78' lang='grc' dir='ltr'>ταῦτα</span> <span class='ocrx_word' id='word_1_367' title='bbox 849 3097 876 3138; x_wconf 71' lang='grc' dir='ltr'>ιι</span> <span class='ocrx_word' id='word_1_368' title='bbox 925 3095 1150 3169; x_wconf 79' lang='grc' dir='ltr'>ἀρετὴν,</span> <span class='ocrx_word' id='word_1_369' title='bbox 1200 3095 1293 3147; x_wconf 68' lang='grc' dir='ltr'><strong>καὶ</strong></span> <span class='ocrx_word' id='word_1_370' title='bbox 1342 3092 1554 3146; x_wconf 82' lang='grc' dir='ltr'>θέωσιν.</span> <span class='ocrx_word' id='word_1_371' title='bbox 1602 3090 1812 3159; x_wconf 72' lang='grc' dir='ltr'>Ὥσπερ</span> <span class='ocrx_word' id='word_1_372' title='bbox 1855 3089 1912 3141; x_wconf 79' lang='grc' dir='ltr'><strong>δὲ</strong></span> 
     </span>
    </p>
   </div>
   <div class='ocr_carea' id='block_1_52' title="bbox 340 3181 1916 3266">
    <p class='ocr_par' dir='ltr' id='par_1_52' title="bbox 340 3181 1916 3266">
     <span class='ocr_line' id='line_1_52' title="bbox 340 3181 1916 3266; baseline -0.01 -17"><span class='ocrx_word' id='word_1_373' title='bbox 340 3196 398 3250; x_wconf 70' lang='grc' dir='ltr'>τὶ</span> <span class='ocrx_word' id='word_1_374' title='bbox 439 3193 728 3266; x_wconf 84' lang='grc' dir='ltr'>πρόσωπον</span> <span class='ocrx_word' id='word_1_375' title='bbox 767 3186 1265 3262; x_wconf 86' lang='grc' dir='ltr'>χαρακτηριστικόν</span> <span class='ocrx_word' id='word_1_376' title='bbox 1309 3185 1426 3238; x_wconf 78' lang='grc' dir='ltr'>ἐστι</span> <span class='ocrx_word' id='word_1_377' title='bbox 1475 3181 1570 3236; x_wconf 84' lang='grc' dir='ltr'>τοῦ</span> <span class='ocrx_word' id='word_1_378' title='bbox 1617 3182 1738 3236; x_wconf 88' lang='grc' dir='ltr'>καθ’</span> <span class='ocrx_word' id='word_1_379' title='bbox 1784 3182 1916 3234; x_wconf 68' lang='lat' dir='ltr'><strong>Exa-</strong></span> 
     </span>
    </p>
   </div>
   <div class='ocr_carea' id='block_1_53' title="bbox 345 3273 1916 3353">
    <p class='ocr_par' dir='ltr' id='par_1_53' title="bbox 345 3273 1916 3353">
     <span class='ocr_line' id='line_1_53' title="bbox 345 3273 1916 3353; baseline -0.011 -12"><span class='ocrx_word' id='word_1_380' title='bbox 345 3307 492 3353; x_wconf 85' lang='grc' dir='ltr'>στον,</span> <span class='ocrx_word' id='word_1_381' title='bbox 545 3287 717 3348; x_wconf 78' lang='grc' dir='ltr'>οὕτως</span> <span class='ocrx_word' id='word_1_382' title='bbox 751 3285 842 3339; x_wconf 77' lang='grc' dir='ltr'>καὶ</span> <span class='ocrx_word' id='word_1_383' title='bbox 875 3285 908 3353; x_wconf 86' lang='grc' dir='ltr'><strong>ή</strong></span> <span class='ocrx_word' id='word_1_384' title='bbox 967 3279 1308 3351; x_wconf 84' lang='grc' dir='ltr'>πνευματικὴ</span> <span class='ocrx_word' id='word_1_385' title='bbox 1357 3277 1556 3346; x_wconf 87' lang='grc' dir='ltr'>γνῶσις</span> <span class='ocrx_word' id='word_1_386' title='bbox 1601 3273 1916 3345; x_wconf 75' lang='grc' dir='ltr'>ὲμφατικῶς</span> 
     </span>
    </p>
   </div>
   <div class='ocr_carea' id='block_1_54' title="bbox 345 3362 1916 3452">
    <p class='ocr_par' dir='ltr' id='par_1_54' title="bbox 345 3362 1916 3452">
     <span class='ocr_line' id='line_1_54' title="bbox 345 3362 1916 3452; baseline -0.011 -19"><span class='ocrx_word' id='word_1_387' title='bbox 345 3376 738 3452; x_wconf 76' lang='grc' dir='ltr'>χαρακτηρίζει</span> <span class='ocrx_word' id='word_1_388' title='bbox 771 3375 832 3429; x_wconf 84' lang='grc' dir='ltr'><strong>τὸ</strong></span> <span class='ocrx_word' id='word_1_389' title='bbox 859 3375 1032 3428; x_wconf 73' lang='grc' dir='ltr'>Θεῖονο</span> <span class='ocrx_word' id='word_1_390' title='bbox 1065 3373 1130 3442; x_wconf 82' lang='grc' dir='ltr'>ἢν</span> <span class='ocrx_word' id='word_1_391' title='bbox 1159 3373 1186 3424; x_wconf 85' lang='grc' dir='ltr'>ὁ</span> <span class='ocrx_word' id='word_1_392' title='bbox 1211 3369 1472 3439; x_wconf 75' lang='grc' dir='ltr'>ἐκζητῶν,</span> <span class='ocrx_word' id='word_1_393' title='bbox 1508 3366 1725 3434; x_wconf 81' lang='grc' dir='ltr'>λέγεται</span> <span class='ocrx_word' id='word_1_394' title='bbox 1755 3362 1916 3433; x_wconf 72' lang='grc' dir='ltr'>ἐκζη-</span> 
     </span>
    </p>
   </div>
   <div class='ocr_carea' id='block_1_55' title="bbox 343 3455 1912 3537">
    <p class='ocr_par' dir='ltr' id='par_1_55' title="bbox 343 3455 1912 3537">
     <span class='ocr_line' id='line_1_55' title="bbox 343 3455 1912 3537; baseline -0.011 -14"><span class='ocrx_word' id='word_1_395' title='bbox 343 3472 458 3523; x_wconf 79' lang='grc' dir='ltr'>τεῖν</span> <span class='ocrx_word' id='word_1_396' title='bbox 510 3467 570 3521; x_wconf 79' lang='grc' dir='ltr'>τὸ</span> <span class='ocrx_word' id='word_1_397' title='bbox 617 3467 902 3537; x_wconf 87' lang='grc' dir='ltr'>πρόσωπον</span> <span class='ocrx_word' id='word_1_398' title='bbox 943 3461 1038 3518; x_wconf 82' lang='grc' dir='ltr'>τοῦ</span> <span class='ocrx_word' id='word_1_399' title='bbox 1081 3461 1326 3532; x_wconf 80' lang='grc' dir='ltr'>Κυρίου,</span> <span class='ocrx_word' id='word_1_400' title='bbox 1379 3457 1522 3511; x_wconf 87' lang='grc' dir='ltr'><strong>κατά</strong></span> <span class='ocrx_word' id='word_1_401' title='bbox 1567 3456 1658 3510; x_wconf 80' lang='grc' dir='ltr'><strong>τὸν</strong></span> <span class='ocrx_word' id='word_1_402' title='bbox 1709 3455 1912 3516; x_wconf 70' lang='grc' dir='ltr'>Δαϐὶδ,</span> 
     </span>
    </p>
   </div>
   <div class='ocr_carea' id='block_1_56' title="bbox 345 3545 1917 3630">
    <p class='ocr_par' dir='ltr' id='par_1_56' title="bbox 345 3545 1917 3630">
     <span class='ocr_line' id='line_1_56' title="bbox 345 3545 1917 3630; baseline -0.011 -16"><span class='ocrx_word' id='word_1_403' title='bbox 345 3559 440 3614; x_wconf 75' lang='grc' dir='ltr'><strong>καὶ</strong></span> <span class='ocrx_word' id='word_1_404' title='bbox 473 3557 730 3630; x_wconf 86' lang='grc' dir='ltr'>μανθάνει</span> <span class='ocrx_word' id='word_1_405' title='bbox 780 3558 878 3628; x_wconf 80' lang='grc' dir='ltr'>τὴν</span> <span class='ocrx_word' id='word_1_406' title='bbox 933 3553 1115 3609; x_wconf 74' lang='grc' dir='ltr'>αἰτίαν</span> <span class='ocrx_word' id='word_1_407' title='bbox 1167 3551 1261 3604; x_wconf 80' lang='grc' dir='ltr'>τοῦ</span> <span class='ocrx_word' id='word_1_408' title='bbox 1310 3549 1553 3603; x_wconf 81' lang='grc' dir='ltr'>τοιούτου</span> <span class='ocrx_word' id='word_1_409' title='bbox 1587 3545 1782 3616; x_wconf 81' lang='grc' dir='ltr'>λιμοῦ,</span> <span class='ocrx_word' id='word_1_410' title='bbox 1834 3546 1917 3598; x_wconf 84' lang='grc' dir='ltr'><strong>ὅτι</strong></span> 
     </span>
    </p>
   </div>
   <div class='ocr_carea' id='block_1_57' title="bbox 347 3635 1918 3711">
    <p class='ocr_par' dir='ltr' id='par_1_57' title="bbox 347 3635 1918 3711">
     <span class='ocr_line' id='line_1_57' title="bbox 347 3635 1918 3711; baseline -0.011 -8"><span class='ocrx_word' id='word_1_411' title='bbox 347 3649 488 3705; x_wconf 83' lang='grc' dir='ltr'><strong>κατά</strong></span> <span class='ocrx_word' id='word_1_412' title='bbox 510 3647 602 3701; x_wconf 81' lang='grc' dir='ltr'>τοῦ</span> <span class='ocrx_word' id='word_1_413' title='bbox 633 3648 833 3711; x_wconf 74' lang='grc' dir='ltr'>Σαοὺλ,</span> <span class='ocrx_word' id='word_1_414' title='bbox 864 3646 962 3699; x_wconf 75' lang='grc' dir='ltr'>καὶ</span> <span class='ocrx_word' id='word_1_415' title='bbox 991 3642 1130 3696; x_wconf 82' lang='grc' dir='ltr'>κατὰ</span> <span class='ocrx_word' id='word_1_416' title='bbox 1159 3641 1252 3693; x_wconf 77' lang='grc' dir='ltr'><strong>τοῦ</strong></span> <span class='ocrx_word' id='word_1_417' title='bbox 1289 3639 1438 3692; x_wconf 72' lang='grc' dir='ltr'>οἴκου</span> <span class='ocrx_word' id='word_1_418' title='bbox 1463 3635 1627 3690; x_wconf 78' lang='grc' dir='ltr'>αὑτοῦ</span> <span class='ocrx_word' id='word_1_419' title='bbox 1670 3637 1703 3704; x_wconf 82' lang='grc' dir='ltr'>ἠ</span> <span class='ocrx_word' id='word_1_420' title='bbox 1734 3635 1918 3688; x_wconf 88' lang='grc' dir='ltr'>ἀδικία</span> 
     </span>
    </p>
   </div>
   <div class='ocr_carea' id='block_1_58' title="bbox 349 3723 1916 3808">
    <p class='ocr_par' dir='ltr' id='par_1_58' title="bbox 349 3723 1916 3808">
     <span class='ocr_line' id='line_1_58' title="bbox 349 3723 1916 3808; baseline -0.01 -17"><span class='ocrx_word' id='word_1_421' title='bbox 349 3737 512 3807; x_wconf 72' lang='grc' dir='ltr'>αὕτη,</span> <span class='ocrx_word' id='word_1_422' title='bbox 536 3737 602 3808; x_wconf 74' lang='grc' dir='ltr'>ἢν</span> <span class='ocrx_word' id='word_1_423' title='bbox 624 3736 848 3807; x_wconf 66' lang='grc' dir='ltr'>ἠδίκησε</span> <span class='ocrx_word' id='word_1_424' title='bbox 876 3733 1003 3793; x_wconf 76' lang='grc' dir='ltr'>τοὺς</span> <span class='ocrx_word' id='word_1_425' title='bbox 1034 3728 1398 3789; x_wconf 76' lang='grc' dir='ltr'>Γαϐαωνίτας.</span> <span class='ocrx_word' id='word_1_426' title='bbox 1457 3726 1596 3779; x_wconf 81' lang='grc' dir='ltr'>Ἀνθ’</span> <span class='ocrx_word' id='word_1_427' title='bbox 1626 3723 1748 3777; x_wconf 81' lang='grc' dir='ltr'>ὅτου</span> <span class='ocrx_word' id='word_1_428' title='bbox 1785 3723 1916 3794; x_wconf 84' lang='grc' dir='ltr'>γὰρ,</span> 
     </span>
    </p>
   </div>
   <div class='ocr_carea' id='block_1_59' title="bbox 349 3813 1914 3900">
    <p class='ocr_par' dir='ltr' id='par_1_59' title="bbox 349 3813 1914 3900">
     <span class='ocr_line' id='line_1_59' title="bbox 349 3813 1914 3900; baseline -0.01 -20"><span class='ocrx_word' id='word_1_429' title='bbox 349 3827 535 3900; x_wconf 65' lang='grc' dir='ltr'>φησιν,</span> <span class='ocrx_word' id='word_1_430' title='bbox 583 3825 889 3878; x_wconf 76' lang='grc' dir='ltr'>ἐθανάτωσε</span> <span class='ocrx_word' id='word_1_431' title='bbox 935 3819 1062 3881; x_wconf 77' lang='grc' dir='ltr'>τοὺς</span> <span class='ocrx_word' id='word_1_432' title='bbox 1085 3816 1469 3881; x_wconf 85' lang='grc' dir='ltr'>Γαϐαωνίτας,</span> <span class='ocrx_word' id='word_1_433' title='bbox 1505 3815 1581 3878; x_wconf 86' lang='grc' dir='ltr'>ὼς</span> <span class='ocrx_word' id='word_1_434' title='bbox 1606 3813 1914 3884; x_wconf 86' lang='grc' dir='ltr'>προτεθεώ-</span> 
     </span>
    </p>
   </div>
   <div class='ocr_carea' id='block_1_60' title="bbox 353 3903 1918 3990">
    <p class='ocr_par' dir='ltr' id='par_1_60' title="bbox 353 3903 1918 3990">
     <span class='ocr_line' id='line_1_60' title="bbox 353 3903 1918 3990; baseline -0.011 -17"><span class='ocrx_word' id='word_1_435' title='bbox 353 3936 529 3990; x_wconf 86' lang='grc' dir='ltr'>ρηται.</span> <span class='ocrx_word' id='word_1_436' title='bbox 560 3911 720 3976; x_wconf 77' lang='grc' dir='ltr'>Οἶκος</span> <span class='ocrx_word' id='word_1_437' title='bbox 747 3913 804 3965; x_wconf 84' lang='grc' dir='ltr'><strong>δὲ</strong></span> <span class='ocrx_word' id='word_1_438' title='bbox 835 3909 1008 3963; x_wconf 79' lang='grc' dir='ltr'>Σαοὺλ</span> <span class='ocrx_word' id='word_1_439' title='bbox 1037 3909 1099 3962; x_wconf 84' lang='grc' dir='ltr'><strong>τὸ</strong></span> <span class='ocrx_word' id='word_1_440' title='bbox 1147 3908 1301 3975; x_wconf 83' lang='grc' dir='ltr'>γένος</span> <span class='ocrx_word' id='word_1_441' title='bbox 1333 3904 1522 3970; x_wconf 79' lang='grc' dir='ltr'>αὑτοῦ,</span> <span class='ocrx_word' id='word_1_442' title='bbox 1557 3903 1700 3958; x_wconf 81' lang='grc' dir='ltr'>τοῦτ’</span> <span class='ocrx_word' id='word_1_443' title='bbox 1752 3904 1918 3970; x_wconf 81' lang='grc' dir='ltr'>ἔστιν,</span> 
     </span>
    </p>
   </div>
   <div class='ocr_carea' id='block_1_61' title="bbox 349 3991 1918 4077">
    <p class='ocr_par' dir='ltr' id='par_1_61' title="bbox 349 3991 1918 4077">
     <span class='ocr_line' id='line_1_61' title="bbox 349 3991 1918 4077; baseline -0.008 -14"><span class='ocrx_word' id='word_1_444' title='bbox 349 4012 400 4063; x_wconf 74' lang='lat' dir='ltr'><strong>oi</strong></span> <span class='ocrx_word' id='word_1_445' title='bbox 433 4006 752 4077; x_wconf 85' lang='grc' dir='ltr'>ἀγαπῶντες</span> <span class='ocrx_word' id='word_1_446' title='bbox 784 4001 965 4056; x_wconf 80' lang='grc' dir='ltr'>αὐτόν.</span> <span class='ocrx_word' id='word_1_447' title='bbox 1004 3996 1129 4055; x_wconf 86' lang='grc' dir='ltr'>Εἶεν</span> <span class='ocrx_word' id='word_1_448' title='bbox 1159 4000 1208 4053; x_wconf 77' lang='grc' dir='ltr'><strong>δ’</strong></span> <span class='ocrx_word' id='word_1_449' title='bbox 1240 3999 1305 4053; x_wconf 79' lang='grc' dir='ltr'>ἂν</span> <span class='ocrx_word' id='word_1_450' title='bbox 1347 3991 1491 4054; x_wconf 72' lang='grc' dir='ltr'>οὗτοι</span> <span class='ocrx_word' id='word_1_451' title='bbox 1534 3999 1584 4051; x_wconf 76' lang='grc' dir='ltr'><strong>οἱ</strong></span> <span class='ocrx_word' id='word_1_452' title='bbox 1619 3996 1770 4069; x_wconf 86' lang='grc' dir='ltr'>μόνοι</span> <span class='ocrx_word' id='word_1_453' title='bbox 1823 3997 1918 4051; x_wconf 80' lang='grc' dir='ltr'>τοῦ</span> 
     </span>
    </p>
   </div>
   <div class='ocr_carea' id='block_1_62' title="bbox 351 4093 1923 4172">
    <p class='ocr_par' dir='ltr' id='par_1_62' title="bbox 351 4093 1923 4172">
     <span class='ocr_line' id='line_1_62' title="bbox 351 4093 1923 4172; baseline -0.007 -17"><span class='ocrx_word' id='word_1_454' title='bbox 351 4103 677 4172; x_wconf 83' lang='grc' dir='ltr'>γράμματος</span> <span class='ocrx_word' id='word_1_455' title='bbox 708 4095 1072 4167; x_wconf 85' lang='grc' dir='ltr'>ἀντεχόμενοι.</span> <span class='ocrx_word' id='word_1_456' title='bbox 1115 4113 1132 4146; x_wconf 79' lang='grc' dir='ltr'><strong>ι</strong></span> <span class='ocrx_word' id='word_1_457' title='bbox 1163 4094 1270 4148; x_wconf 77' lang='lat' dir='ltr'><strong>Kal.</strong></span> <span class='ocrx_word' id='word_1_458' title='bbox 1303 4093 1548 4160; x_wconf 78' lang='grc' dir='ltr'>ἐκάλεσε,</span> <span class='ocrx_word' id='word_1_459' title='bbox 1578 4093 1730 4162; x_wconf 71' lang='grc' dir='ltr'>φησὶ,</span> <span class='ocrx_word' id='word_1_460' title='bbox 1761 4093 1923 4146; x_wconf 71' lang='grc' dir='ltr'>Δαϐὶδ</span> 
     </span>
    </p>
   </div>
   <div class='ocr_carea' id='block_1_63' title="bbox 351 4181 1918 4254">
    <p class='ocr_par' dir='ltr' id='par_1_63' title="bbox 351 4181 1918 4254">
     <span class='ocr_line' id='line_1_63' title="bbox 351 4181 1918 4254; baseline -0.006 -10"><span class='ocrx_word' id='word_1_461' title='bbox 351 4191 478 4252; x_wconf 80' lang='grc' dir='ltr'>τοὺς</span> <span class='ocrx_word' id='word_1_462' title='bbox 508 4187 859 4251; x_wconf 86' lang='grc' dir='ltr'>Γαϐαωνίτας</span> <span class='ocrx_word' id='word_1_463' title='bbox 893 4185 990 4240; x_wconf 73' lang='grc' dir='ltr'>καὶ</span> <span class='ocrx_word' id='word_1_464' title='bbox 1018 4181 1170 4239; x_wconf 84' lang='grc' dir='ltr'>εἶπεν</span> <span class='ocrx_word' id='word_1_465' title='bbox 1194 4185 1394 4248; x_wconf 79' lang='grc' dir='ltr'>αὐτοῖς·</span> <span class='ocrx_word' id='word_1_466' title='bbox 1419 4183 1484 4236; x_wconf 91' lang='grc' dir='ltr'>Τί</span> <span class='ocrx_word' id='word_1_467' title='bbox 1518 4183 1727 4254; x_wconf 84' lang='grc' dir='ltr'>ποιήσω</span> <span class='ocrx_word' id='word_1_468' title='bbox 1770 4183 1918 4252; x_wconf 75' lang='grc' dir='ltr'>ὑμῖν,</span> 
     </span>
    </p>
   </div>
   <div class='ocr_carea' id='block_1_64' title="bbox 355 4274 1920 4347">
    <p class='ocr_par' dir='ltr' id='par_1_64' title="bbox 355 4274 1920 4347">
     <span class='ocr_line' id='line_1_64' title="bbox 355 4274 1920 4347; baseline -0.006 -12"><span class='ocrx_word' id='word_1_469' title='bbox 355 4282 450 4335; x_wconf 71' lang='grc' dir='ltr'><strong>καὶ</strong></span> <span class='ocrx_word' id='word_1_470' title='bbox 479 4282 536 4333; x_wconf 77' lang='grc' dir='ltr'>ὲν</span> <span class='ocrx_word' id='word_1_471' title='bbox 557 4280 660 4334; x_wconf 80' lang='grc' dir='ltr'>τίνι</span> <span class='ocrx_word' id='word_1_472' title='bbox 702 4279 1042 4347; x_wconf 78' lang='grc' dir='ltr'>ὲξιλάσομαι,</span> <span class='ocrx_word' id='word_1_473' title='bbox 1079 4276 1174 4330; x_wconf 57' lang='grc' dir='ltr'><strong>καὶ⁸</strong></span> <span class='ocrx_word' id='word_1_474' title='bbox 1222 4275 1542 4344; x_wconf 81' lang='grc' dir='ltr'>εὑλογήσετε</span> <span class='ocrx_word' id='word_1_475' title='bbox 1587 4274 1685 4344; x_wconf 81' lang='grc' dir='ltr'>τὴν</span> <span class='ocrx_word' id='word_1_476' title='bbox 1723 4274 1920 4344; x_wconf 80' lang='grc' dir='ltr'>κληρο-</span> 
     </span>
    </p>
   </div>
   <div class='ocr_carea' id='block_1_65' title="bbox 356 4364 1927 4443">
    <p class='ocr_par' dir='ltr' id='par_1_65' title="bbox 356 4364 1927 4443">
     <span class='ocr_line' id='line_1_65' title="bbox 356 4364 1927 4443; baseline -0.006 -18"><span class='ocrx_word' id='word_1_477' title='bbox 356 4371 548 4443; x_wconf 86' lang='grc' dir='ltr'>νομίαν</span> <span class='ocrx_word' id='word_1_478' title='bbox 572 4369 810 4440; x_wconf 85' lang='grc' dir='ltr'>Κυρίου;</span> <span class='ocrx_word' id='word_1_479' title='bbox 843 4368 956 4422; x_wconf 79' lang='grc' dir='ltr'><strong>Καὶ</strong></span> <span class='ocrx_word' id='word_1_480' title='bbox 981 4364 1130 4420; x_wconf 79' lang='grc' dir='ltr'>εἷπον</span> <span class='ocrx_word' id='word_1_481' title='bbox 1168 4365 1303 4436; x_wconf 76' lang='grc' dir='ltr'>πρὸς</span> <span class='ocrx_word' id='word_1_482' title='bbox 1331 4364 1422 4418; x_wconf 81' lang='grc' dir='ltr'><strong>τὸν</strong></span> <span class='ocrx_word' id='word_1_483' title='bbox 1451 4365 1692 4434; x_wconf 85' lang='grc' dir='ltr'>βασιλέα·</span> <span class='ocrx_word' id='word_1_484' title='bbox 1712 4364 1768 4417; x_wconf 88' lang='lat'><strong>&#39;0</strong></span> <span class='ocrx_word' id='word_1_485' title='bbox 1789 4365 1927 4434; x_wconf 74' lang='grc' dir='ltr'>ἀνὴρ</span> 
     </span>
    </p>
   </div>
   <div class='ocr_carea' id='block_1_66' title="bbox 355 4453 1928 4530">
    <p class='ocr_par' dir='ltr' id='par_1_66' title="bbox 355 4453 1928 4530">
     <span class='ocr_line' id='line_1_66' title="bbox 355 4453 1928 4530; baseline -0.008 -14"><span class='ocrx_word' id='word_1_486' title='bbox 355 4463 414 4527; x_wconf 83' lang='grc' dir='ltr'>ὃς</span> <span class='ocrx_word' id='word_1_487' title='bbox 443 4460 784 4517; x_wconf 83' lang='grc' dir='ltr'>συνετέλεσεν</span> <span class='ocrx_word' id='word_1_488' title='bbox 822 4459 990 4530; x_wconf 75' lang='grc' dir='ltr'>ἡμᾶς,</span> <span class='ocrx_word' id='word_1_489' title='bbox 1024 4457 1118 4511; x_wconf 76' lang='grc' dir='ltr'><strong>καὶ</strong></span> <span class='ocrx_word' id='word_1_490' title='bbox 1162 4453 1379 4520; x_wconf 77' lang='grc' dir='ltr'>ἐδίωξεν</span> <span class='ocrx_word' id='word_1_491' title='bbox 1405 4455 1571 4525; x_wconf 79' lang='grc' dir='ltr'>ἡμᾶς,</span> <span class='ocrx_word' id='word_1_492' title='bbox 1610 4456 1702 4506; x_wconf 79' lang='grc' dir='ltr'>καὶ</span> <span class='ocrx_word' id='word_1_493' title='bbox 1753 4453 1928 4522; x_wconf 78' lang='grc' dir='ltr'>ἐλογί-</span> 
     </span>
    </p>
   </div>
   <div class='ocr_carea' id='block_1_67' title="bbox 359 4543 1927 4622">
    <p class='ocr_par' dir='ltr' id='par_1_67' title="bbox 359 4543 1927 4622">
     <span class='ocr_line' id='line_1_67' title="bbox 359 4543 1927 4622; baseline -0.006 -15"><span class='ocrx_word' id='word_1_494' title='bbox 359 4571 490 4608; x_wconf 91' lang='grc' dir='ltr'>σατο</span> <span class='ocrx_word' id='word_1_495' title='bbox 510 4550 888 4622; x_wconf 80' lang='grc' dir='ltr'>ὲξολοθρεῦσαι</span> <span class='ocrx_word' id='word_1_496' title='bbox 915 4551 1082 4621; x_wconf 75' lang='grc' dir='ltr'>ἡμᾶς,</span> <span class='ocrx_word' id='word_1_497' title='bbox 1121 4547 1470 4618; x_wconf 80' lang='grc' dir='ltr'>ἀφανίσωμεν</span> <span class='ocrx_word' id='word_1_498' title='bbox 1502 4545 1683 4610; x_wconf 81' lang='grc' dir='ltr'>αὐτὸν,</span> <span class='ocrx_word' id='word_1_499' title='bbox 1721 4543 1815 4598; x_wconf 81' lang='grc' dir='ltr'>τοῦ</span> <span class='ocrx_word' id='word_1_500' title='bbox 1853 4544 1927 4614; x_wconf 82' lang='grc' dir='ltr'><strong>μὴ</strong></span> 
     </span>
    </p>
   </div>
   <div class='ocr_carea' id='block_1_68' title="bbox 358 4634 1929 4710">
    <p class='ocr_par' dir='ltr' id='par_1_68' title="bbox 358 4634 1929 4710">
     <span class='ocr_line' id='line_1_68' title="bbox 358 4634 1929 4710; baseline -0.009 -11"><span class='ocrx_word' id='word_1_501' title='bbox 358 4645 578 4699; x_wconf 74' lang='grc' dir='ltr'>ἑστάναι</span> <span class='ocrx_word' id='word_1_502' title='bbox 615 4642 776 4698; x_wconf 80' lang='grc' dir='ltr'>αὐτὸν</span> <span class='ocrx_word' id='word_1_503' title='bbox 805 4644 864 4695; x_wconf 84' lang='grc' dir='ltr'>ὲν</span> <span class='ocrx_word' id='word_1_504' title='bbox 907 4641 1069 4693; x_wconf 77' lang='grc' dir='ltr'>παντὶ</span> <span class='ocrx_word' id='word_1_505' title='bbox 1113 4638 1244 4710; x_wconf 85' lang='grc' dir='ltr'>ὁρίῳ</span> <span class='ocrx_word' id='word_1_506' title='bbox 1265 4636 1501 4707; x_wconf 85' lang='grc' dir='ltr'>Ἰσραήλ.</span> <span class='ocrx_word' id='word_1_507' title='bbox 1545 4635 1674 4688; x_wconf 89' lang='grc' dir='ltr'>Δότε</span> <span class='ocrx_word' id='word_1_508' title='bbox 1711 4635 1839 4705; x_wconf 81' lang='grc' dir='ltr'>ἡμῖν</span> <span class='ocrx_word' id='word_1_509' title='bbox 1884 4634 1929 4699; x_wconf 80' lang='grc' dir='ltr'><strong>ζ’</strong></span> 
     </span>
    </p>
   </div>
   <div class='ocr_carea' id='block_1_69' title="bbox 358 4725 1924 4806">
    <p class='ocr_par' dir='ltr' id='par_1_69' title="bbox 358 4725 1924 4806">
     <span class='ocr_line' id='line_1_69' title="bbox 358 4725 1924 4806; baseline -0.008 -15"><span class='ocrx_word' id='word_1_510' title='bbox 358 4737 556 4806; x_wconf 78' lang='grc' dir='ltr'>ἄνδρας</span> <span class='ocrx_word' id='word_1_511' title='bbox 594 4735 658 4787; x_wconf 80' lang='grc' dir='ltr'>ὲκ</span> <span class='ocrx_word' id='word_1_512' title='bbox 697 4731 805 4786; x_wconf 88' lang='grc' dir='ltr'><strong>τῶν</strong></span> <span class='ocrx_word' id='word_1_513' title='bbox 835 4730 965 4784; x_wconf 87' lang='grc' dir='ltr'>υἱῶν</span> <span class='ocrx_word' id='word_1_514' title='bbox 998 4727 1184 4788; x_wconf 76' lang='grc' dir='ltr'>αὐτοῦ,</span> <span class='ocrx_word' id='word_1_515' title='bbox 1213 4728 1308 4780; x_wconf 73' lang='grc' dir='ltr'><strong>καὶ</strong></span> <span class='ocrx_word' id='word_1_516' title='bbox 1341 4725 1697 4796; x_wconf 81' lang='grc' dir='ltr'>ὲξηλιάσομεν</span> <span class='ocrx_word' id='word_1_517' title='bbox 1731 4725 1924 4787; x_wconf 81' lang='grc' dir='ltr'>αὐτοὺς</span> 
     </span>
    </p>
   </div>
   <div class='ocr_carea' id='block_1_70' title="bbox 360 4815 1926 4898">
    <p class='ocr_par' dir='ltr' id='par_1_70' title="bbox 360 4815 1926 4898">
     <span class='ocr_line' id='line_1_70' title="bbox 360 4815 1926 4898; baseline -0.006 -20"><span class='ocrx_word' id='word_1_518' title='bbox 360 4827 438 4898; x_wconf 78' lang='grc' dir='ltr'><strong>τῷ</strong></span> <span class='ocrx_word' id='word_1_519' title='bbox 464 4825 650 4897; x_wconf 80' lang='grc' dir='ltr'>Κυρίῳ</span> <span class='ocrx_word' id='word_1_520' title='bbox 665 4826 720 4877; x_wconf 74' lang='grc' dir='ltr'>ὲν</span> <span class='ocrx_word' id='word_1_521' title='bbox 743 4822 818 4894; x_wconf 85' lang='grc' dir='ltr'>τῷ</span> <span class='ocrx_word' id='word_1_522' title='bbox 855 4821 1026 4893; x_wconf 86' lang='grc' dir='ltr'>βουνῷ</span> <span class='ocrx_word' id='word_1_523' title='bbox 1047 4820 1234 4874; x_wconf 81' lang='grc' dir='ltr'>Σαούλ.</span> <span class='ocrx_word' id='word_1_524' title='bbox 1259 4819 1368 4872; x_wconf 71' lang='grc' dir='ltr'><strong>Καὶ</strong></span> <span class='ocrx_word' id='word_1_525' title='bbox 1402 4816 1590 4870; x_wconf 76' lang='grc' dir='ltr'>ἔλαϐεν</span> <span class='ocrx_word' id='word_1_526' title='bbox 1615 4818 1643 4868; x_wconf 86' lang='grc' dir='ltr'><strong>ό</strong></span> <span class='ocrx_word' id='word_1_527' title='bbox 1675 4815 1926 4886; x_wconf 79' lang='grc' dir='ltr'>βασιλεὺς</span> 
     </span>
    </p>
   </div>
   <div class='ocr_carea' id='block_1_71' title="bbox 362 4907 1924 4988">
    <p class='ocr_par' dir='ltr' id='par_1_71' title="bbox 362 4907 1924 4988">
     <span class='ocr_line' id='line_1_71' title="bbox 362 4907 1924 4988; baseline -0.009 -15"><span class='ocrx_word' id='word_1_528' title='bbox 362 4919 488 4981; x_wconf 81' lang='grc' dir='ltr'>τοὺς</span> <span class='ocrx_word' id='word_1_529' title='bbox 527 4917 569 4988; x_wconf 84' lang='grc' dir='ltr'>β’</span> <span class='ocrx_word' id='word_1_530' title='bbox 599 4917 748 4979; x_wconf 77' lang='grc' dir='ltr'>υἱοὺς</span> <span class='ocrx_word' id='word_1_531' title='bbox 769 4915 1002 4984; x_wconf 78' lang='grc' dir='ltr'>Ῥεσφᾶς</span> <span class='ocrx_word' id='word_1_532' title='bbox 1033 4911 1308 4980; x_wconf 85' lang='grc' dir='ltr'>παλλακῆς</span> <span class='ocrx_word' id='word_1_533' title='bbox 1328 4908 1516 4972; x_wconf 72' lang='grc' dir='ltr'>Σαοὺλ,</span> <span class='ocrx_word' id='word_1_534' title='bbox 1545 4907 1924 4978; x_wconf 77' lang='grc' dir='ltr'>τὸνῈρμονθὶ,</span> 
     </span>
    </p>
   </div>
   <div class='ocr_carea' id='block_1_72' title="bbox 364 4995 1930 5077">
    <p class='ocr_par' dir='ltr' id='par_1_72' title="bbox 364 4995 1930 5077">
     <span class='ocr_line' id='line_1_72' title="bbox 364 4995 1930 5077; baseline -0.01 -14"><span class='ocrx_word' id='word_1_535' title='bbox 364 5010 458 5064; x_wconf 79' lang='grc' dir='ltr'>καὶ</span> <span class='ocrx_word' id='word_1_536' title='bbox 482 5009 572 5061; x_wconf 79' lang='grc' dir='ltr'><strong>τὸν</strong></span> <span class='ocrx_word' id='word_1_537' title='bbox 588 5005 964 5077; x_wconf 72' lang='grc' dir='ltr'>Μεμφιϐοσὲθ,</span> <span class='ocrx_word' id='word_1_538' title='bbox 990 5005 1086 5057; x_wconf 74' lang='grc' dir='ltr'>καὶ</span> <span class='ocrx_word' id='word_1_539' title='bbox 1121 5003 1248 5065; x_wconf 67' lang='grc' dir='ltr'>τοὺς</span> <span class='ocrx_word' id='word_1_540' title='bbox 1286 5008 1326 5054; x_wconf 87' lang='grc' dir='ltr'>ε’</span> <span class='ocrx_word' id='word_1_541' title='bbox 1365 5000 1516 5062; x_wconf 77' lang='grc' dir='ltr'>υἱοὺς</span> <span class='ocrx_word' id='word_1_542' title='bbox 1546 4996 1745 5068; x_wconf 85' lang='grc' dir='ltr'>Μερὼϐ</span> <span class='ocrx_word' id='word_1_543' title='bbox 1764 4995 1930 5065; x_wconf 73' lang='grc' dir='ltr'>θυγασ</span> 
     </span>
    </p>
   </div>
   <div class='ocr_carea' id='block_1_73' title="bbox 363 5086 1926 5168">
    <p class='ocr_par' dir='ltr' id='par_1_73' title="bbox 363 5086 1926 5168">
     <span class='ocr_line' id='line_1_73' title="bbox 363 5086 1926 5168; baseline -0.008 -19"><span class='ocrx_word' id='word_1_544' title='bbox 363 5097 490 5168; x_wconf 85' lang='grc' dir='ltr'>τρὸς</span> <span class='ocrx_word' id='word_1_545' title='bbox 523 5095 714 5155; x_wconf 77' lang='grc' dir='ltr'>Σαοὺλ,</span> <span class='ocrx_word' id='word_1_546' title='bbox 758 5093 852 5154; x_wconf 78' lang='grc' dir='ltr'><strong>οὒς</strong></span> <span class='ocrx_word' id='word_1_547' title='bbox 889 5091 1039 5144; x_wconf 77' lang='grc' dir='ltr'>ἔτεκε</span> <span class='ocrx_word' id='word_1_548' title='bbox 1073 5091 1150 5160; x_wconf 80' lang='grc' dir='ltr'>τῷ</span> <span class='ocrx_word' id='word_1_549' title='bbox 1179 5088 1418 5161; x_wconf 79' lang='grc' dir='ltr'>Ἐσριὴλ,</span> <span class='ocrx_word' id='word_1_550' title='bbox 1467 5087 1559 5140; x_wconf 77' lang='grc' dir='ltr'>καὶ</span> <span class='ocrx_word' id='word_1_551' title='bbox 1603 5086 1800 5140; x_wconf 80' lang='grc' dir='ltr'>ἔδωκεν</span> <span class='ocrx_word' id='word_1_552' title='bbox 1828 5087 1926 5138; x_wconf 76' lang='grc' dir='ltr'><strong>αὺ-</strong></span> 
     </span>
    </p>
   </div>
   <div class='ocr_carea' id='block_1_74' title="bbox 358 5177 1930 5255">
    <p class='ocr_par' dir='ltr' id='par_1_74' title="bbox 358 5177 1930 5255">
     <span class='ocr_line' id='line_1_74' title="bbox 358 5177 1930 5255; baseline -0.008 -15"><span class='ocrx_word' id='word_1_553' title='bbox 358 5187 484 5249; x_wconf 72' lang='grc' dir='ltr'>τοϋς</span> <span class='ocrx_word' id='word_1_554' title='bbox 518 5189 574 5240; x_wconf 84' lang='grc' dir='ltr'>ὲν</span> <span class='ocrx_word' id='word_1_555' title='bbox 600 5185 744 5255; x_wconf 73' lang='grc' dir='ltr'>χειρὶ</span> <span class='ocrx_word' id='word_1_556' title='bbox 765 5183 872 5236; x_wconf 91' lang='grc' dir='ltr'><strong>τῶν</strong></span> <span class='ocrx_word' id='word_1_557' title='bbox 903 5181 1261 5248; x_wconf 85' lang='grc' dir='ltr'>Γαϐαονιτῶν,</span> <span class='ocrx_word' id='word_1_558' title='bbox 1293 5181 1386 5232; x_wconf 73' lang='grc' dir='ltr'>καὶ</span> <span class='ocrx_word' id='word_1_559' title='bbox 1413 5178 1701 5249; x_wconf 71' lang='grc' dir='ltr'>ὲξηλίασαν</span> <span class='ocrx_word' id='word_1_560' title='bbox 1734 5177 1930 5239; x_wconf 68' lang='grc' dir='ltr'>αὐτοὺς</span> 
     </span>
    </p>
   </div>
   <div class='ocr_carea' id='block_1_75' title="bbox 361 5267 1928 5346">
    <p class='ocr_par' dir='ltr' id='par_1_75' title="bbox 361 5267 1928 5346">
     <span class='ocr_line' id='line_1_75' title="bbox 361 5267 1928 5346; baseline -0.006 -18"><span class='ocrx_word' id='word_1_561' title='bbox 361 5278 420 5330; x_wconf 77' lang='grc' dir='ltr'>ὲν</span> <span class='ocrx_word' id='word_1_562' title='bbox 466 5274 544 5344; x_wconf 80' lang='grc' dir='ltr'>τῷ</span> <span class='ocrx_word' id='word_1_563' title='bbox 586 5276 702 5345; x_wconf 74' lang='grc' dir='ltr'>ὄρει</span> <span class='ocrx_word' id='word_1_564' title='bbox 749 5275 989 5328; x_wconf 73' lang='grc' dir='ltr'>ἐναντίον</span> <span class='ocrx_word' id='word_1_565' title='bbox 1027 5274 1254 5346; x_wconf 81' lang='grc' dir='ltr'>Κυρίου,</span> <span class='ocrx_word' id='word_1_566' title='bbox 1303 5271 1397 5326; x_wconf 77' lang='grc' dir='ltr'>καὶ</span> <span class='ocrx_word' id='word_1_567' title='bbox 1431 5271 1623 5324; x_wconf 76' lang='grc' dir='ltr'>ἔπεσον</span> <span class='ocrx_word' id='word_1_568' title='bbox 1656 5270 1770 5322; x_wconf 79' lang='grc' dir='ltr'>ἐκεῖ</span> <span class='ocrx_word' id='word_1_569' title='bbox 1797 5269 1846 5319; x_wconf 86' lang='grc' dir='ltr'>οἱ</span> <span class='ocrx_word' id='word_1_570' title='bbox 1885 5267 1928 5330; x_wconf 80' lang='grc' dir='ltr'><strong>ζ’</strong></span> 
     </span>
    </p>
   </div>
   <div class='ocr_carea' id='block_1_76' title="bbox 2005 1745 3576 1826">
    <p class='ocr_par' dir='ltr' id='par_1_76' title="bbox 2005 1745 3576 1826">
     <span class='ocr_line' id='line_1_76' title="bbox 2005 1745 3576 1826; baseline -0.009 -15"><span class='ocrx_word' id='word_1_571' title='bbox 2005 1755 2363 1826; x_wconf 89' lang='lat' dir='ltr'><strong>spiritualiter</strong></span> <span class='ocrx_word' id='word_1_572' title='bbox 2409 1750 2645 1807; x_wconf 90' lang='lat' dir='ltr'><strong>assecuti</strong></span> <span class='ocrx_word' id='word_1_573' title='bbox 2700 1749 2922 1804; x_wconf 88' lang='lat' dir='ltr'><strong>fuerunt</strong></span> <span class='ocrx_word' id='word_1_574' title='bbox 2951 1745 3336 1817; x_wconf 84' lang='lat' dir='ltr'><strong>cognitionem,</strong></span> <span class='ocrx_word' id='word_1_575' title='bbox 3393 1758 3576 1814; x_wconf 87' lang='lat' dir='ltr'><strong>neque</strong></span> 
     </span>
    </p>
   </div>
   <div class='ocr_carea' id='block_1_77' title="bbox 2005 1835 3577 1915">
    <p class='ocr_par' dir='ltr' id='par_1_77' title="bbox 2005 1835 3577 1915">
     <span class='ocr_line' id='line_1_77' title="bbox 2005 1835 3577 1915; baseline -0.008 -15"><span class='ocrx_word' id='word_1_576' title='bbox 2005 1853 2306 1915; x_wconf 89' lang='lat' dir='ltr'><strong>potuerunt</strong></span> <span class='ocrx_word' id='word_1_577' title='bbox 2336 1843 2457 1914; x_wconf 88' lang='lat' dir='ltr'><strong>ejus</strong></span> <span class='ocrx_word' id='word_1_578' title='bbox 2483 1841 2681 1896; x_wconf 86' lang='lat' dir='ltr'><strong>famem</strong></span> <span class='ocrx_word' id='word_1_579' title='bbox 2722 1851 3070 1909; x_wconf 85' lang='lat' dir='ltr'><strong>cognoscere.</strong></span> <span class='ocrx_word' id='word_1_580' title='bbox 3100 1837 3291 1890; x_wconf 88' lang='lat' dir='ltr'><strong>Fames</strong></span> <span class='ocrx_word' id='word_1_581' title='bbox 3315 1835 3461 1889; x_wconf 90' lang='lat' dir='ltr'><strong>enim</strong></span> <span class='ocrx_word' id='word_1_582' title='bbox 3491 1842 3577 1889; x_wconf 86' lang='lat' dir='ltr'><strong>est</strong></span> 
     </span>
    </p>
   </div>
   <div class='ocr_carea' id='block_1_78' title="bbox 2006 1925 3577 2001">
    <p class='ocr_par' dir='ltr' id='par_1_78' title="bbox 2006 1925 3577 2001">
     <span class='ocr_line' id='line_1_78' title="bbox 2006 1925 3577 2001; baseline -0.009 -10"><span class='ocrx_word' id='word_1_583' title='bbox 2006 1937 2252 1991; x_wconf 86' lang='lat' dir='ltr'><strong>defectus</strong></span> <span class='ocrx_word' id='word_1_584' title='bbox 2273 1935 2544 1989; x_wconf 89' lang='lat' dir='ltr'><strong>bonorum</strong></span> <span class='ocrx_word' id='word_1_585' title='bbox 2574 1931 2913 2001; x_wconf 82' lang='lat' dir='ltr'><strong>cognitorum</strong></span> <span class='ocrx_word' id='word_1_586' title='bbox 2945 1927 3316 1997; x_wconf 63' lang='lat' dir='ltr'><strong>experientiae.</strong></span> <span class='ocrx_word' id='word_1_587' title='bbox 3356 1925 3455 1979; x_wconf 83' lang='lat' dir='ltr'><strong>llic</strong></span> <span class='ocrx_word' id='word_1_588' title='bbox 3481 1940 3577 1978; x_wconf 90' lang='lat' dir='ltr'><strong>au-</strong></span> 
     </span>
    </p>
   </div>
   <div class='ocr_carea' id='block_1_79' title="bbox 2007 2015 3572 2092">
    <p class='ocr_par' dir='ltr' id='par_1_79' title="bbox 2007 2015 3572 2092">
     <span class='ocr_line' id='line_1_79' title="bbox 2007 2015 3572 2092; baseline -0.008 -12"><span class='ocrx_word' id='word_1_589' title='bbox 2007 2030 2122 2080; x_wconf 83' lang='lat' dir='ltr'><strong>tem‘</strong></span> <span class='ocrx_word' id='word_1_590' title='bbox 2140 2033 2226 2080; x_wconf 89' lang='lat' dir='ltr'><strong>est</strong></span> <span class='ocrx_word' id='word_1_591' title='bbox 2247 2024 2411 2079; x_wconf 90' lang='lat' dir='ltr'><strong>etiam</strong></span> <span class='ocrx_word' id='word_1_592' title='bbox 2437 2022 2666 2092; x_wconf 89' lang='lat' dir='ltr'><strong>penuria</strong></span> <span class='ocrx_word' id='word_1_593' title='bbox 2699 2019 3067 2090; x_wconf 86' lang='lat' dir='ltr'><strong>spiritualium</strong></span> <span class='ocrx_word' id='word_1_594' title='bbox 3087 2017 3338 2071; x_wconf 89' lang='lat' dir='ltr'><strong>ciborum</strong></span> <span class='ocrx_word' id='word_1_595' title='bbox 3358 2015 3572 2068; x_wconf 66' lang='lat' dir='ltr'><strong>animm.</strong></span> 
     </span>
    </p>
   </div>
   <div class='ocr_carea' id='block_1_80' title="bbox 2005 2106 3576 2183">
    <p class='ocr_par' dir='ltr' id='par_1_80' title="bbox 2005 2106 3576 2183">
     <span class='ocr_line' id='line_1_80' title="bbox 2005 2106 3576 2183; baseline -0.006 -12"><span class='ocrx_word' id='word_1_596' title='bbox 2005 2116 2046 2171; x_wconf 85' lang='lat' dir='ltr'><strong>li</strong></span> <span class='ocrx_word' id='word_1_597' title='bbox 2074 2123 2256 2170; x_wconf 87' lang='lat' dir='ltr'><strong>autem</strong></span> <span class='ocrx_word' id='word_1_598' title='bbox 2283 2113 2350 2168; x_wconf 90' lang='lat' dir='ltr'><strong>de</strong></span> <span class='ocrx_word' id='word_1_599' title='bbox 2385 2113 2585 2183; x_wconf 84' lang='lat' dir='ltr'><strong>quibus</strong></span> <span class='ocrx_word' id='word_1_600' title='bbox 2604 2111 2842 2167; x_wconf 79' lang='lat' dir='ltr'><strong>diximus</strong></span> <span class='ocrx_word' id='word_1_601' title='bbox 2869 2110 2962 2179; x_wconf 89' lang='lat' dir='ltr'><strong>qui</strong></span> <span class='ocrx_word' id='word_1_602' title='bbox 2992 2115 3121 2164; x_wconf 86' lang='lat' dir='ltr'><strong>sunt</strong></span> <span class='ocrx_word' id='word_1_603' title='bbox 3149 2107 3386 2170; x_wconf 88' lang='lat' dir='ltr'><strong>Davidis,</strong></span> <span class='ocrx_word' id='word_1_604' title='bbox 3414 2106 3450 2159; x_wconf 88' lang='lat' dir='ltr'><strong>ii</strong></span> <span class='ocrx_word' id='word_1_605' title='bbox 3475 2106 3576 2161; x_wconf 89' lang='lat' dir='ltr'><strong>hac</strong></span> 
     </span>
    </p>
   </div>
   <div class='ocr_carea' id='block_1_81' title="bbox 2007 2199 3579 2272">
    <p class='ocr_par' dir='ltr' id='par_1_81' title="bbox 2007 2199 3579 2272">
     <span class='ocr_line' id='line_1_81' title="bbox 2007 2199 3579 2272; baseline -0.006 -11"><span class='ocrx_word' id='word_1_606' title='bbox 2007 2207 2148 2261; x_wconf 88' lang='lat' dir='ltr'><strong>fame</strong></span> <span class='ocrx_word' id='word_1_607' title='bbox 2192 2206 2425 2260; x_wconf 85' lang='lat' dir='ltr'><strong>maxime</strong></span> <span class='ocrx_word' id='word_1_608' title='bbox 2480 2203 2755 2266; x_wconf 88' lang='lat' dir='ltr'><strong>esuriunt,</strong></span> <span class='ocrx_word' id='word_1_609' title='bbox 2807 2202 3028 2272; x_wconf 89' lang='lat' dir='ltr'><strong>quando</strong></span> <span class='ocrx_word' id='word_1_610' title='bbox 3070 2199 3375 2254; x_wconf 89' lang='lat' dir='ltr'><strong>defendunt</strong></span> <span class='ocrx_word' id='word_1_611' title='bbox 3407 2213 3579 2269; x_wconf 88' lang='lat' dir='ltr'><strong>genus</strong></span> 
     </span>
    </p>
   </div>
   <div class='ocr_carea' id='block_1_82' title="bbox 2009 2289 3578 2361">
    <p class='ocr_par' dir='ltr' id='par_1_82' title="bbox 2009 2289 3578 2361">
     <span class='ocr_line' id='line_1_82' title="bbox 2009 2289 3578 2361; baseline -0.004 -8"><span class='ocrx_word' id='word_1_612' title='bbox 2009 2297 2188 2353; x_wconf 88' lang='lat' dir='ltr'><strong>Saulis</strong></span> <span class='ocrx_word' id='word_1_613' title='bbox 2220 2297 2276 2351; x_wconf 91' lang='lat' dir='ltr'><strong>in</strong></span> <span class='ocrx_word' id='word_1_614' title='bbox 2309 2295 2651 2351; x_wconf 87' lang='lat' dir='ltr'><strong>defendendo</strong></span> <span class='ocrx_word' id='word_1_615' title='bbox 2693 2295 2954 2354; x_wconf 85' lang='lat' dir='ltr'><strong>litteram,</strong></span> <span class='ocrx_word' id='word_1_616' title='bbox 2999 2301 3056 2348; x_wconf 90' lang='lat' dir='ltr'><strong>et</strong></span> <span class='ocrx_word' id='word_1_617' title='bbox 3083 2290 3401 2361; x_wconf 89' lang='lat' dir='ltr'><strong>accipiendo</strong></span> <span class='ocrx_word' id='word_1_618' title='bbox 3429 2289 3578 2346; x_wconf 88' lang='lat' dir='ltr'><strong>Scri-</strong></span> 
     </span>
    </p>
   </div>
   <div class='ocr_carea' id='block_1_83' title="bbox 2009 2379 3583 2456">
    <p class='ocr_par' dir='ltr' id='par_1_83' title="bbox 2009 2379 3583 2456">
     <span class='ocr_line' id='line_1_83' title="bbox 2009 2379 3583 2456; baseline -0.004 -15"><span class='ocrx_word' id='word_1_619' title='bbox 2009 2396 2226 2456; x_wconf 92' lang='lat' dir='ltr'><strong>pturam</strong></span> <span class='ocrx_word' id='word_1_620' title='bbox 2250 2383 2625 2454; x_wconf 87' lang='lat' dir='ltr'><strong>corporaliter.</strong></span> <span class='ocrx_word' id='word_1_621' title='bbox 2646 2383 2723 2437; x_wconf 89' lang='lat' dir='ltr'><strong>De</strong></span> <span class='ocrx_word' id='word_1_622' title='bbox 2741 2397 2851 2451; x_wconf 90' lang='lat' dir='ltr'><strong>quo</strong></span> <span class='ocrx_word' id='word_1_623' title='bbox 2871 2396 3070 2452; x_wconf 88' lang='lat' dir='ltr'><strong>genere</strong></span> <span class='ocrx_word' id='word_1_624' title='bbox 3091 2379 3339 2435; x_wconf 86' lang='lat' dir='ltr'><strong>dicemus</strong></span> <span class='ocrx_word' id='word_1_625' title='bbox 3359 2393 3583 2449; x_wconf 87' lang='lat' dir='ltr'><strong>progre-</strong></span> 
     </span>
    </p>
   </div>
   <div class='ocr_carea' id='block_1_84' title="bbox 2009 2468 3581 2531">
    <p class='ocr_par' dir='ltr' id='par_1_84' title="bbox 2009 2468 3581 2531">
     <span class='ocr_line' id='line_1_84' title="bbox 2009 2468 3581 2531; baseline -0.006 0"><span class='ocrx_word' id='word_1_626' title='bbox 2009 2477 2244 2531; x_wconf 90' lang='lat' dir='ltr'><strong>dientes.</strong></span> <span class='ocrx_word' id='word_1_627' title='bbox 2281 2474 2472 2530; x_wconf 85' lang='lat' dir='ltr'><strong>Fames</strong></span> <span class='ocrx_word' id='word_1_628' title='bbox 2499 2480 2682 2527; x_wconf 85' lang='lat' dir='ltr'><strong>autem</strong></span> <span class='ocrx_word' id='word_1_629' title='bbox 2723 2472 2892 2526; x_wconf 88' lang='lat' dir='ltr'><strong>trium</strong></span> <span class='ocrx_word' id='word_1_630' title='bbox 2918 2485 3188 2525; x_wconf 89' lang='lat' dir='ltr'><strong>annorum</strong></span> <span class='ocrx_word' id='word_1_631' title='bbox 3223 2478 3308 2523; x_wconf 91' lang='lat' dir='ltr'><strong>est</strong></span> <span class='ocrx_word' id='word_1_632' title='bbox 3333 2468 3581 2523; x_wconf 89' lang='lat' dir='ltr'><strong>defectus</strong></span> 
     </span>
    </p>
   </div>
   <div class='ocr_carea' id='block_1_85' title="bbox 2011 2559 3578 2637">
    <p class='ocr_par' dir='ltr' id='par_1_85' title="bbox 2011 2559 3578 2637">
     <span class='ocr_line' id='line_1_85' title="bbox 2011 2559 3578 2637; baseline -0.006 -16"><span class='ocrx_word' id='word_1_633' title='bbox 2011 2565 2316 2637; x_wconf 88' lang='lat' dir='ltr'><strong>spiritualis</strong></span> <span class='ocrx_word' id='word_1_634' title='bbox 2371 2563 2700 2633; x_wconf 84' lang='lat' dir='ltr'><strong>cognitionis</strong></span> <span class='ocrx_word' id='word_1_635' title='bbox 2741 2577 2863 2631; x_wconf 67' lang='lat' dir='ltr'><strong>qua:</strong></span> <span class='ocrx_word' id='word_1_636' title='bbox 2891 2570 2976 2616; x_wconf 91' lang='lat' dir='ltr'><strong>est</strong></span> <span class='ocrx_word' id='word_1_637' title='bbox 3018 2575 3087 2616; x_wconf 86' lang='lat' dir='ltr'><strong>ex</strong></span> <span class='ocrx_word' id='word_1_638' title='bbox 3141 2560 3319 2615; x_wconf 89' lang='lat' dir='ltr'><strong>tribus</strong></span> <span class='ocrx_word' id='word_1_639' title='bbox 3345 2559 3578 2630; x_wconf 88' lang='lat' dir='ltr'><strong>legibus,</strong></span> 
     </span>
    </p>
   </div>
   <div class='ocr_carea' id='block_1_86' title="bbox 2011 2650 3583 2723">
    <p class='ocr_par' dir='ltr' id='par_1_86' title="bbox 2011 2650 3583 2723">
     <span class='ocr_line' id='line_1_86' title="bbox 2011 2650 3583 2723; baseline -0.004 -12"><span class='ocrx_word' id='word_1_640' title='bbox 2011 2651 2268 2717; x_wconf 90' lang='lat' dir='ltr'><strong>naturali,</strong></span> <span class='ocrx_word' id='word_1_641' title='bbox 2301 2654 2535 2708; x_wconf 78' lang='lat' dir='ltr'><strong>Mosaica</strong></span> <span class='ocrx_word' id='word_1_642' title='bbox 2585 2662 2642 2706; x_wconf 91' lang='lat' dir='ltr'><strong>et</strong></span> <span class='ocrx_word' id='word_1_643' title='bbox 2665 2652 2998 2723; x_wconf 86' lang='lat' dir='ltr'><strong>evangelica.</strong></span> <span class='ocrx_word' id='word_1_644' title='bbox 3029 2651 3262 2706; x_wconf 84' lang='lat' dir='ltr'><strong>Penuria</strong></span> <span class='ocrx_word' id='word_1_645' title='bbox 3288 2650 3435 2706; x_wconf 89' lang='lat' dir='ltr'><strong>enim</strong></span> <span class='ocrx_word' id='word_1_646' title='bbox 3471 2650 3583 2720; x_wconf 57' lang='lat' dir='ltr'><strong>spi-</strong></span> 
     </span>
    </p>
   </div>
   <div class='ocr_carea' id='block_1_87' title="bbox 2012 2742 3580 2814">
    <p class='ocr_par' dir='ltr' id='par_1_87' title="bbox 2012 2742 3580 2814">
     <span class='ocr_line' id='line_1_87' title="bbox 2012 2742 3580 2814; baseline -0.005 -12"><span class='ocrx_word' id='word_1_647' title='bbox 2012 2747 2226 2802; x_wconf 87' lang='lat' dir='ltr'><strong>ritualis</strong></span> <span class='ocrx_word' id='word_1_648' title='bbox 2249 2745 2749 2814; x_wconf 85' lang='lat' dir='ltr'><strong>contemplationis,</strong></span> <span class='ocrx_word' id='word_1_649' title='bbox 2789 2759 2911 2814; x_wconf 65' lang='lat' dir='ltr'><strong>qua</strong></span> <span class='ocrx_word' id='word_1_650' title='bbox 2937 2752 3024 2798; x_wconf 90' lang='lat' dir='ltr'><strong>est</strong></span> <span class='ocrx_word' id='word_1_651' title='bbox 3061 2759 3129 2798; x_wconf 89' lang='lat' dir='ltr'><strong>ex</strong></span> <span class='ocrx_word' id='word_1_652' title='bbox 3163 2743 3283 2811; x_wconf 80' lang='lat' dir='ltr'><strong>lege</strong></span> <span class='ocrx_word' id='word_1_653' title='bbox 3323 2742 3580 2805; x_wconf 78' lang='lat' dir='ltr'><strong>Mosaica,</strong></span> 
     </span>
    </p>
   </div>
   <div class='ocr_carea' id='block_1_88' title="bbox 2012 2831 3584 2902">
    <p class='ocr_par' dir='ltr' id='par_1_88' title="bbox 2012 2831 3584 2902">
     <span class='ocr_line' id='line_1_88' title="bbox 2012 2831 3584 2902; baseline -0.004 -12"><span class='ocrx_word' id='word_1_654' title='bbox 2012 2835 2180 2890; x_wconf 86' lang='lat' dir='ltr'><strong>habet</strong></span> <span class='ocrx_word' id='word_1_655' title='bbox 2205 2833 2370 2888; x_wconf 91' lang='lat' dir='ltr'><strong>etiam</strong></span> <span class='ocrx_word' id='word_1_656' title='bbox 2422 2839 2850 2902; x_wconf 88' lang='lat' dir='ltr'><strong>consequentem</strong></span> <span class='ocrx_word' id='word_1_657' title='bbox 2902 2831 3440 2901; x_wconf 87' lang='lat' dir='ltr'><strong>contemplationem,</strong></span> <span class='ocrx_word' id='word_1_658' title='bbox 3472 2839 3584 2884; x_wconf 88' lang='lat' dir='ltr'><strong>tam</strong></span> 
     </span>
    </p>
   </div>
   <div class='ocr_carea' id='block_1_89' title="bbox 2013 2921 3582 2996">
    <p class='ocr_par' dir='ltr' id='par_1_89' title="bbox 2013 2921 3582 2996">
     <span class='ocr_line' id='line_1_89' title="bbox 2013 2921 3582 2996; baseline -0.003 -18"><span class='ocrx_word' id='word_1_659' title='bbox 2013 2941 2135 2996; x_wconf 67' lang='lat' dir='ltr'><strong>quae</strong></span> <span class='ocrx_word' id='word_1_660' title='bbox 2155 2933 2240 2980; x_wconf 90' lang='lat' dir='ltr'><strong>est</strong></span> <span class='ocrx_word' id='word_1_661' title='bbox 2264 2940 2330 2979; x_wconf 86' lang='lat' dir='ltr'><strong>ex</strong></span> <span class='ocrx_word' id='word_1_662' title='bbox 2359 2924 2478 2994; x_wconf 89' lang='lat' dir='ltr'><strong>lege</strong></span> <span class='ocrx_word' id='word_1_663' title='bbox 2505 2921 2762 2986; x_wconf 87' lang='lat' dir='ltr'><strong>naturali,</strong></span> <span class='ocrx_word' id='word_1_664' title='bbox 2787 2937 2952 2991; x_wconf 88' lang='lat' dir='ltr'><strong>quam</strong></span> <span class='ocrx_word' id='word_1_665' title='bbox 2975 2937 3097 2992; x_wconf 73' lang='lat' dir='ltr'><strong>qua:</strong></span> <span class='ocrx_word' id='word_1_666' title='bbox 3119 2937 3187 2976; x_wconf 89' lang='lat' dir='ltr'><strong>ex</strong></span> <span class='ocrx_word' id='word_1_667' title='bbox 3205 2921 3322 2989; x_wconf 86' lang='lat' dir='ltr'><strong>lege</strong></span> <span class='ocrx_word' id='word_1_668' title='bbox 3343 2934 3582 2990; x_wconf 88' lang='lat' dir='ltr'><strong>evange-</strong></span> 
     </span>
    </p>
   </div>
   <div class='ocr_carea' id='block_1_90' title="bbox 2012 3010 3583 3081">
    <p class='ocr_par' dir='ltr' id='par_1_90' title="bbox 2012 3010 3583 3081">
     <span class='ocr_line' id='line_1_90' title="bbox 2012 3010 3583 3081; baseline -0.005 -9"><span class='ocrx_word' id='word_1_669' title='bbox 2012 3019 2139 3081; x_wconf 85' lang='lat' dir='ltr'><strong>lica,</strong></span> <span class='ocrx_word' id='word_1_670' title='bbox 2168 3024 2226 3070; x_wconf 92' lang='lat' dir='ltr'><strong>et</strong></span> <span class='ocrx_word' id='word_1_671' title='bbox 2249 3015 2374 3070; x_wconf 91' lang='lat' dir='ltr'><strong>ideo</strong></span> <span class='ocrx_word' id='word_1_672' title='bbox 2403 3014 2664 3068; x_wconf 91' lang='lat' dir='ltr'><strong>dicuntur</strong></span> <span class='ocrx_word' id='word_1_673' title='bbox 2693 3013 2840 3067; x_wconf 90' lang='lat' dir='ltr'><strong>inter</strong></span> <span class='ocrx_word' id='word_1_674' title='bbox 2863 3027 2922 3067; x_wconf 89' lang='lat' dir='ltr'><strong>se</strong></span> <span class='ocrx_word' id='word_1_675' title='bbox 2952 3013 3250 3067; x_wconf 67' lang='lat' dir='ltr'><strong>cohaerere.</strong></span> <span class='ocrx_word' id='word_1_676' title='bbox 3284 3011 3351 3065; x_wconf 86' lang='lat' dir='ltr'><strong>Et</strong></span> <span class='ocrx_word' id='word_1_677' title='bbox 3377 3010 3583 3080; x_wconf 90' lang='lat' dir='ltr'><strong>alioqui</strong></span> 
     </span>
    </p>
   </div>
   <div class='ocr_carea' id='block_1_91' title="bbox 2013 3100 3586 3178">
    <p class='ocr_par' dir='ltr' id='par_1_91' title="bbox 2013 3100 3586 3178">
     <span class='ocr_line' id='line_1_91' title="bbox 2013 3100 3586 3178; baseline -0.004 -16"><span class='ocrx_word' id='word_1_678' title='bbox 2013 3107 2109 3178; x_wconf 92' lang='lat' dir='ltr'><strong>qui</strong></span> <span class='ocrx_word' id='word_1_679' title='bbox 2139 3106 2310 3176; x_wconf 86' lang='lat' dir='ltr'><strong>legem</strong></span> <span class='ocrx_word' id='word_1_680' title='bbox 2346 3104 2635 3159; x_wconf 86' lang='lat' dir='ltr'><strong>Mosaicam</strong></span> <span class='ocrx_word' id='word_1_681' title='bbox 2667 3103 2865 3172; x_wconf 91' lang='lat' dir='ltr'><strong>accipit</strong></span> <span class='ocrx_word' id='word_1_682' title='bbox 2891 3102 3271 3172; x_wconf 87' lang='lat' dir='ltr'><strong>corporaliter.</strong></span> <span class='ocrx_word' id='word_1_683' title='bbox 3315 3101 3432 3156; x_wconf 73' lang='lat' dir='ltr'><strong>haec</strong></span> <span class='ocrx_word' id='word_1_684' title='bbox 3477 3100 3586 3155; x_wconf 87' lang='lat' dir='ltr'><strong>tria</strong></span> 
     </span>
    </p>
   </div>
   <div class='ocr_carea' id='block_1_92' title="bbox 2014 3189 3586 3264">
    <p class='ocr_par' dir='ltr' id='par_1_92' title="bbox 2014 3189 3586 3264">
     <span class='ocr_line' id='line_1_92' title="bbox 2014 3189 3586 3264; baseline -0.004 -14"><span class='ocrx_word' id='word_1_685' title='bbox 2014 3195 2208 3258; x_wconf 90' lang='lat' dir='ltr'><strong>esurit,</strong></span> <span class='ocrx_word' id='word_1_686' title='bbox 2232 3193 2620 3264; x_wconf 90' lang='lat' dir='ltr'><strong>cognitionem,</strong></span> <span class='ocrx_word' id='word_1_687' title='bbox 2647 3192 2931 3254; x_wconf 84' lang='lat' dir='ltr'><strong>virtutem,</strong></span> <span class='ocrx_word' id='word_1_688' title='bbox 2967 3191 3396 3247; x_wconf 82' lang='lat' dir='ltr'><strong>deificationem.</strong></span> <span class='ocrx_word' id='word_1_689' title='bbox 3435 3189 3586 3257; x_wconf 85' lang='lat' dir='ltr'><strong>Quo-</strong></span> 
     </span>
    </p>
   </div>
   <div class='ocr_carea' id='block_1_93' title="bbox 2015 3279 3587 3352">
    <p class='ocr_par' dir='ltr' id='par_1_93' title="bbox 2015 3279 3587 3352">
     <span class='ocr_line' id='line_1_93' title="bbox 2015 3279 3587 3352; baseline -0.004 -12"><span class='ocrx_word' id='word_1_690' title='bbox 2015 3285 2180 3340; x_wconf 90' lang='lat' dir='ltr'><strong>modo</strong></span> <span class='ocrx_word' id='word_1_691' title='bbox 2237 3293 2418 3339; x_wconf 89' lang='lat' dir='ltr'><strong>autem</strong></span> <span class='ocrx_word' id='word_1_692' title='bbox 2468 3283 2636 3338; x_wconf 82' lang='lat' dir='ltr'><strong>facies</strong></span> <span class='ocrx_word' id='word_1_693' title='bbox 2691 3283 2952 3352; x_wconf 77' lang='lat' dir='ltr'><strong>exprimit</strong></span> <span class='ocrx_word' id='word_1_694' title='bbox 2984 3295 3454 3350; x_wconf 82' lang='lat' dir='ltr'><strong>unumquemque,</strong></span> <span class='ocrx_word' id='word_1_695' title='bbox 3511 3279 3587 3335; x_wconf 87' lang='lat' dir='ltr'><strong>ita</strong></span> 
     </span>
    </p>
   </div>
   <div class='ocr_carea' id='block_1_94' title="bbox 2015 3370 3582 3444">
    <p class='ocr_par' dir='ltr' id='par_1_94' title="bbox 2015 3370 3582 3444">
     <span class='ocr_line' id='line_1_94' title="bbox 2015 3370 3582 3444; baseline -0.005 -13"><span class='ocrx_word' id='word_1_696' title='bbox 2015 3377 2179 3431; x_wconf 88' lang='lat' dir='ltr'><strong>etiam</strong></span> <span class='ocrx_word' id='word_1_697' title='bbox 2206 3374 2508 3444; x_wconf 79' lang='lat' dir='ltr'><strong>Spiritualis</strong></span> <span class='ocrx_word' id='word_1_698' title='bbox 2529 3374 2769 3442; x_wconf 89' lang='lat' dir='ltr'><strong>cognitio</strong></span> <span class='ocrx_word' id='word_1_699' title='bbox 2791 3374 2964 3426; x_wconf 83' lang='lat' dir='ltr'><strong>Deum</strong></span> <span class='ocrx_word' id='word_1_700' title='bbox 3003 3371 3286 3428; x_wconf 86' lang='lat' dir='ltr'><strong>evidenter</strong></span> <span class='ocrx_word' id='word_1_701' title='bbox 3306 3370 3582 3438; x_wconf 86' lang='lat' dir='ltr'><strong>exprimit.</strong></span> 
     </span>
    </p>
   </div>
   <div class='ocr_carea' id='block_1_95' title="bbox 2017 3459 3587 3533">
    <p class='ocr_par' dir='ltr' id='par_1_95' title="bbox 2017 3459 3587 3533">
     <span class='ocr_line' id='line_1_95' title="bbox 2017 3459 3587 3533; baseline -0.001 -16"><span class='ocrx_word' id='word_1_702' title='bbox 2017 3466 2189 3531; x_wconf 81' lang='lat' dir='ltr'><strong>Quam</strong></span> <span class='ocrx_word' id='word_1_703' title='bbox 2212 3463 2587 3533; x_wconf 87' lang='lat' dir='ltr'><strong>quiexquirit,</strong></span> <span class='ocrx_word' id='word_1_704' title='bbox 2640 3461 2842 3516; x_wconf 88' lang='lat' dir='ltr'><strong>dicitur</strong></span> <span class='ocrx_word' id='word_1_705' title='bbox 2896 3459 2991 3514; x_wconf 86' lang='lat' dir='ltr'><strong>Dei</strong></span> <span class='ocrx_word' id='word_1_706' title='bbox 3057 3459 3247 3514; x_wconf 85' lang='lat' dir='ltr'><strong>faciem</strong></span> <span class='ocrx_word' id='word_1_707' title='bbox 3299 3459 3587 3528; x_wconf 62' lang='lat' dir='ltr'><strong>exquirere</strong></span> 
     </span>
    </p>
   </div>
   <div class='ocr_carea' id='block_1_96' title="bbox 2011 3549 3584 3628">
    <p class='ocr_par' dir='ltr' id='par_1_96' title="bbox 2011 3549 3584 3628">
     <span class='ocr_line' id='line_1_96' title="bbox 2011 3549 3584 3628; baseline -0.004 -18"><span class='ocrx_word' id='word_1_708' title='bbox 2011 3558 2164 3628; x_wconf 82' lang='lat' dir='ltr'><strong>juxta</strong></span> <span class='ocrx_word' id='word_1_709' title='bbox 2223 3554 2523 3616; x_wconf 89' lang='lat' dir='ltr'><strong>Davidem,</strong></span> <span class='ocrx_word' id='word_1_710' title='bbox 2583 3559 2640 3605; x_wconf 89' lang='lat' dir='ltr'><strong>et</strong></span> <span class='ocrx_word' id='word_1_711' title='bbox 2699 3549 2862 3604; x_wconf 88' lang='lat' dir='ltr'><strong>discit</strong></span> <span class='ocrx_word' id='word_1_712' title='bbox 2929 3563 3149 3604; x_wconf 89' lang='lat' dir='ltr'><strong>causam</strong></span> <span class='ocrx_word' id='word_1_713' title='bbox 3209 3550 3331 3615; x_wconf 82' lang='lat' dir='ltr'><strong>ejus</strong></span> <span class='ocrx_word' id='word_1_714' title='bbox 3402 3549 3584 3614; x_wconf 90' lang='lat' dir='ltr'><strong>famis,</strong></span> 
     </span>
    </p>
   </div>
   <div class='ocr_carea' id='block_1_97' title="bbox 2019 3639 3587 3717">
    <p class='ocr_par' dir='ltr' id='par_1_97' title="bbox 2019 3639 3587 3717">
     <span class='ocr_line' id='line_1_97' title="bbox 2019 3639 3587 3717; baseline -0.005 -16"><span class='ocrx_word' id='word_1_715' title='bbox 2019 3663 2214 3717; x_wconf 87' lang='lat' dir='ltr'><strong>nempe</strong></span> <span class='ocrx_word' id='word_1_716' title='bbox 2264 3643 2410 3715; x_wconf 89' lang='lat' dir='ltr'><strong>quod</strong></span> <span class='ocrx_word' id='word_1_717' title='bbox 2478 3643 2741 3698; x_wconf 88' lang='lat' dir='ltr'><strong>adversus</strong></span> <span class='ocrx_word' id='word_1_718' title='bbox 2795 3641 3014 3696; x_wconf 88' lang='lat' dir='ltr'><strong>Saulem</strong></span> <span class='ocrx_word' id='word_1_719' title='bbox 3075 3650 3132 3695; x_wconf 91' lang='lat' dir='ltr'><strong>et</strong></span> <span class='ocrx_word' id='word_1_720' title='bbox 3189 3640 3309 3707; x_wconf 84' lang='lat' dir='ltr'><strong>ejus</strong></span> <span class='ocrx_word' id='word_1_721' title='bbox 3365 3639 3587 3694; x_wconf 90' lang='lat' dir='ltr'><strong>domum</strong></span> 
     </span>
    </p>
   </div>
   <div class='ocr_carea' id='block_1_98' title="bbox 2019 3727 3586 3803">
    <p class='ocr_par' dir='ltr' id='par_1_98' title="bbox 2019 3727 3586 3803">
     <span class='ocr_line' id='line_1_98' title="bbox 2019 3727 3586 3803; baseline -0.006 -13"><span class='ocrx_word' id='word_1_722' title='bbox 2019 3747 2104 3791; x_wconf 90' lang='lat' dir='ltr'><strong>est</strong></span> <span class='ocrx_word' id='word_1_723' title='bbox 2178 3735 2292 3790; x_wconf 63' lang='lat' dir='ltr'><strong>haec</strong></span> <span class='ocrx_word' id='word_1_724' title='bbox 2347 3733 2652 3803; x_wconf 85' lang='lat' dir='ltr'><strong>iniquitas,</strong></span> <span class='ocrx_word' id='word_1_725' title='bbox 2718 3731 2814 3802; x_wconf 90' lang='lat' dir='ltr'><strong>qui</strong></span> <span class='ocrx_word' id='word_1_726' title='bbox 2892 3729 3092 3800; x_wconf 85' lang='lat' dir='ltr'><strong>injuria</strong></span> <span class='ocrx_word' id='word_1_727' title='bbox 3139 3727 3317 3782; x_wconf 79' lang='lat' dir='ltr'><strong>aﬂ‘ccit</strong></span> <span class='ocrx_word' id='word_1_728' title='bbox 3373 3728 3586 3783; x_wconf 84' lang='lat' dir='ltr'><strong>Gabao-</strong></span> 
     </span>
    </p>
   </div>
   <div class='ocr_carea' id='block_1_99' title="bbox 2021 3818 3587 3893">
    <p class='ocr_par' dir='ltr' id='par_1_99' title="bbox 2021 3818 3587 3893">
     <span class='ocr_line' id='line_1_99' title="bbox 2021 3818 3587 3893; baseline -0.005 -13"><span class='ocrx_word' id='word_1_729' title='bbox 2021 3826 2185 3881; x_wconf 90' lang='lat' dir='ltr'><strong>nitas.</strong></span> <span class='ocrx_word' id='word_1_730' title='bbox 2226 3825 2520 3893; x_wconf 82' lang='lat' dir='ltr'><strong>Propterea</strong></span> <span class='ocrx_word' id='word_1_731' title='bbox 2591 3822 2740 3878; x_wconf 87' lang='lat' dir='ltr'><strong>enim</strong></span> <span class='ocrx_word' id='word_1_732' title='bbox 2771 3863 2786 3886; x_wconf 93' lang='lat'><strong>,</strong></span> <span class='ocrx_word' id='word_1_733' title='bbox 2886 3820 3086 3889; x_wconf 82' lang='lat' dir='ltr'><strong>inquit,</strong></span> <span class='ocrx_word' id='word_1_734' title='bbox 3185 3818 3333 3888; x_wconf 90' lang='lat' dir='ltr'><strong>quod</strong></span> <span class='ocrx_word' id='word_1_735' title='bbox 3408 3825 3587 3872; x_wconf 84' lang='lat' dir='ltr'><strong>morte</strong></span> 
     </span>
    </p>
   </div>
   <div class='ocr_carea' id='block_1_100' title="bbox 2022 3907 3586 3980">
    <p class='ocr_par' dir='ltr' id='par_1_100' title="bbox 2022 3907 3586 3980">
     <span class='ocr_line' id='line_1_100' title="bbox 2022 3907 3586 3980; baseline -0.007 -10"><span class='ocrx_word' id='word_1_736' title='bbox 2022 3915 2208 3970; x_wconf 83' lang='lat' dir='ltr'><strong>aﬂ‘ecit</strong></span> <span class='ocrx_word' id='word_1_737' title='bbox 2274 3913 2629 3977; x_wconf 86' lang='lat' dir='ltr'><strong>Gabaonitas,</strong></span> <span class='ocrx_word' id='word_1_738' title='bbox 2709 3919 2770 3965; x_wconf 90' lang='lat' dir='ltr'><strong>ut</strong></span> <span class='ocrx_word' id='word_1_739' title='bbox 2814 3909 2972 3980; x_wconf 89' lang='lat' dir='ltr'><strong>prius</strong></span> <span class='ocrx_word' id='word_1_740' title='bbox 3019 3909 3122 3963; x_wconf 91' lang='lat' dir='ltr'><strong>fuit</strong></span> <span class='ocrx_word' id='word_1_741' title='bbox 3162 3907 3586 3963; x_wconf 88' lang='lat' dir='ltr'><strong>consideratum.</strong></span> 
     </span>
    </p>
   </div>
   <div class='ocr_carea' id='block_1_101' title="bbox 2022 3997 3588 4072">
    <p class='ocr_par' dir='ltr' id='par_1_101' title="bbox 2022 3997 3588 4072">
     <span class='ocr_line' id='line_1_101' title="bbox 2022 3997 3588 4072; baseline -0.006 -10"><span class='ocrx_word' id='word_1_742' title='bbox 2022 4008 2227 4062; x_wconf 91' lang='lat' dir='ltr'><strong>Domus</strong></span> <span class='ocrx_word' id='word_1_743' title='bbox 2262 4014 2444 4059; x_wconf 89' lang='lat' dir='ltr'><strong>autem</strong></span> <span class='ocrx_word' id='word_1_744' title='bbox 2483 4003 2665 4058; x_wconf 89' lang='lat' dir='ltr'><strong>Saulis</strong></span> <span class='ocrx_word' id='word_1_745' title='bbox 2707 4011 2792 4057; x_wconf 92' lang='lat' dir='ltr'><strong>est</strong></span> <span class='ocrx_word' id='word_1_746' title='bbox 2839 4015 3012 4072; x_wconf 89' lang='lat' dir='ltr'><strong>genus</strong></span> <span class='ocrx_word' id='word_1_747' title='bbox 3053 4004 3204 4069; x_wconf 89' lang='lat' dir='ltr'><strong>ejus,</strong></span> <span class='ocrx_word' id='word_1_748' title='bbox 3244 3999 3349 4054; x_wconf 91' lang='lat' dir='ltr'><strong>hoc</strong></span> <span class='ocrx_word' id='word_1_749' title='bbox 3380 4007 3466 4054; x_wconf 89' lang='lat' dir='ltr'><strong>est</strong></span> <span class='ocrx_word' id='word_1_750' title='bbox 3493 3997 3588 4068; x_wconf 89' lang='lat' dir='ltr'><strong>qui</strong></span> 
     </span>
    </p>
   </div>
   <div class='ocr_carea' id='block_1_102' title="bbox 2023 4089 3587 4167">
    <p class='ocr_par' dir='ltr' id='par_1_102' title="bbox 2023 4089 3587 4167">
     <span class='ocr_line' id='line_1_102' title="bbox 2023 4089 3587 4167; baseline -0.006 -15"><span class='ocrx_word' id='word_1_751' title='bbox 2023 4113 2150 4152; x_wconf 90' lang='lat' dir='ltr'><strong>eum</strong></span> <span class='ocrx_word' id='word_1_752' title='bbox 2182 4097 2439 4167; x_wconf 89' lang='lat' dir='ltr'><strong>diligunt.</strong></span> <span class='ocrx_word' id='word_1_753' title='bbox 2478 4095 2521 4150; x_wconf 88' lang='lat' dir='ltr'><strong>li</strong></span> <span class='ocrx_word' id='word_1_754' title='bbox 2548 4105 2729 4149; x_wconf 89' lang='lat' dir='ltr'><strong>autem</strong></span> <span class='ocrx_word' id='word_1_755' title='bbox 2752 4101 2881 4148; x_wconf 90' lang='lat' dir='ltr'><strong>sunt</strong></span> <span class='ocrx_word' id='word_1_756' title='bbox 2903 4091 2998 4162; x_wconf 92' lang='lat' dir='ltr'><strong>qui</strong></span> <span class='ocrx_word' id='word_1_757' title='bbox 3023 4091 3194 4146; x_wconf 90' lang='lat' dir='ltr'><strong>solam</strong></span> <span class='ocrx_word' id='word_1_758' title='bbox 3219 4090 3463 4144; x_wconf 88' lang='lat' dir='ltr'><strong>retinent</strong></span> <span class='ocrx_word' id='word_1_759' title='bbox 3493 4089 3587 4144; x_wconf 87' lang='lat' dir='ltr'><strong>lit-</strong></span> 
     </span>
    </p>
   </div>
   <div class='ocr_carea' id='block_1_103' title="bbox 2025 4180 3591 4254">
    <p class='ocr_par' dir='ltr' id='par_1_103' title="bbox 2025 4180 3591 4254">
     <span class='ocr_line' id='line_1_103' title="bbox 2025 4180 3591 4254; baseline -0.004 -14"><span class='ocrx_word' id='word_1_760' title='bbox 2025 4196 2223 4243; x_wconf 88' lang='lat' dir='ltr'><strong>teram.</strong></span> <span class='ocrx_word' id='word_1_761' title='bbox 2260 4206 2277 4234; x_wconf 76' lang='grc' dir='ltr'><strong>ι</strong></span> <span class='ocrx_word' id='word_1_762' title='bbox 2319 4187 2386 4241; x_wconf 88' lang='lat' dir='ltr'><strong>Et</strong></span> <span class='ocrx_word' id='word_1_763' title='bbox 2432 4185 2668 4250; x_wconf 87' lang='lat' dir='ltr'><strong>vocavit,</strong></span> <span class='ocrx_word' id='word_1_764' title='bbox 2707 4184 2907 4254; x_wconf 86' lang='lat' dir='ltr'><strong>inquit,</strong></span> <span class='ocrx_word' id='word_1_765' title='bbox 2951 4180 3122 4238; x_wconf 87' lang='lat' dir='ltr'><strong>David</strong></span> <span class='ocrx_word' id='word_1_766' title='bbox 3156 4180 3505 4244; x_wconf 84' lang='lat' dir='ltr'><strong>Gabaonitas,</strong></span> <span class='ocrx_word' id='word_1_767' title='bbox 3535 4188 3591 4234; x_wconf 87' lang='lat' dir='ltr'><strong>et</strong></span> 
     </span>
    </p>
   </div>
   <div class='ocr_carea' id='block_1_104' title="bbox 1958 4269 3592 4364">
    <p class='ocr_par' dir='ltr' id='par_1_104' title="bbox 1958 4269 3592 4364">
     <span class='ocr_line' id='line_1_104' title="bbox 1958 4269 3592 4364; baseline -0.006 -31"><span class='ocrx_word' id='word_1_768' title='bbox 1958 4311 2000 4364; x_wconf 68' lang='grc' dir='ltr'>υ</span> <span class='ocrx_word' id='word_1_769' title='bbox 2028 4279 2167 4333; x_wconf 82' lang='lat' dir='ltr'><strong>dixit</strong></span> <span class='ocrx_word' id='word_1_770' title='bbox 2187 4278 2268 4332; x_wconf 90' lang='lat' dir='ltr'><strong>eis</strong></span> <span class='ocrx_word' id='word_1_771' title='bbox 2297 4295 2310 4331; x_wconf 89' lang='lat'><strong>:</strong></span> <span class='ocrx_word' id='word_1_772' title='bbox 2335 4275 2476 4343; x_wconf 88' lang='lat' dir='ltr'><strong>Quid</strong></span> <span class='ocrx_word' id='word_1_773' title='bbox 2509 4275 2706 4330; x_wconf 89' lang='lat' dir='ltr'><strong>faciam</strong></span> <span class='ocrx_word' id='word_1_774' title='bbox 2728 4274 2906 4338; x_wconf 86' lang='lat' dir='ltr'><strong>vobis,</strong></span> <span class='ocrx_word' id='word_1_775' title='bbox 2931 4283 2988 4329; x_wconf 89' lang='lat' dir='ltr'><strong>et</strong></span> <span class='ocrx_word' id='word_1_776' title='bbox 3029 4274 3085 4326; x_wconf 93' lang='lat' dir='ltr'><strong>in</strong></span> <span class='ocrx_word' id='word_1_777' title='bbox 3122 4286 3232 4340; x_wconf 93' lang='lat' dir='ltr'><strong>quo</strong></span> <span class='ocrx_word' id='word_1_778' title='bbox 3260 4269 3509 4339; x_wconf 89' lang='lat' dir='ltr'><strong>placabo,</strong></span> <span class='ocrx_word' id='word_1_779' title='bbox 3535 4279 3592 4324; x_wconf 83' lang='lat' dir='ltr'><strong>et</strong></span> 
     </span>
    </p>
   </div>
   <div class='ocr_carea' id='block_1_105' title="bbox 2032 4359 3588 4430">
    <p class='ocr_par' dir='ltr' id='par_1_105' title="bbox 2032 4359 3588 4430">
     <span class='ocr_line' id='line_1_105' title="bbox 2032 4359 3588 4430; baseline -0.005 -9"><span class='ocrx_word' id='word_1_780' title='bbox 2032 4365 2370 4422; x_wconf 90' lang='lat' dir='ltr'><strong>bcnedicetis</strong></span> <span class='ocrx_word' id='word_1_781' title='bbox 2395 4365 2772 4420; x_wconf 68' lang='lat' dir='ltr'><strong>hmreditatem</strong></span> <span class='ocrx_word' id='word_1_782' title='bbox 2796 4363 3052 4418; x_wconf 77' lang='lat' dir='ltr'><strong>Domini?</strong></span> <span class='ocrx_word' id='word_1_783' title='bbox 3069 4362 3138 4416; x_wconf 84' lang='grc' dir='ltr'>Ει</span> <span class='ocrx_word' id='word_1_784' title='bbox 3161 4361 3418 4415; x_wconf 87' lang='lat' dir='ltr'><strong>dixerunt</strong></span> <span class='ocrx_word' id='word_1_785' title='bbox 3440 4359 3588 4430; x_wconf 88' lang='lat' dir='ltr'><strong>regi:</strong></span> 
     </span>
    </p>
   </div>
   <div class='ocr_carea' id='block_1_106' title="bbox 2033 4455 3593 4526">
    <p class='ocr_par' dir='ltr' id='par_1_106' title="bbox 2033 4455 3593 4526">
     <span class='ocr_line' id='line_1_106' title="bbox 2033 4455 3593 4526; baseline -0.005 -15"><span class='ocrx_word' id='word_1_786' title='bbox 2033 4458 2125 4513; x_wconf 84' lang='lat' dir='ltr'><strong>Vir</strong></span> <span class='ocrx_word' id='word_1_787' title='bbox 2152 4458 2245 4526; x_wconf 92' lang='lat' dir='ltr'><strong>qui</strong></span> <span class='ocrx_word' id='word_1_788' title='bbox 2272 4472 2374 4511; x_wconf 92' lang='lat' dir='ltr'><strong>nos</strong></span> <span class='ocrx_word' id='word_1_789' title='bbox 2395 4455 2796 4510; x_wconf 85' lang='lat' dir='ltr'><strong>consummavit</strong></span> <span class='ocrx_word' id='word_1_790' title='bbox 2820 4463 2878 4508; x_wconf 87' lang='lat' dir='ltr'><strong>et</strong></span> <span class='ocrx_word' id='word_1_791' title='bbox 2906 4468 3009 4508; x_wconf 90' lang='lat' dir='ltr'><strong>nos</strong></span> <span class='ocrx_word' id='word_1_792' title='bbox 3043 4461 3129 4508; x_wconf 89' lang='lat' dir='ltr'><strong>est</strong></span> <span class='ocrx_word' id='word_1_793' title='bbox 3151 4457 3498 4522; x_wconf 86' lang='lat' dir='ltr'><strong>persecutus,</strong></span> <span class='ocrx_word' id='word_1_794' title='bbox 3535 4457 3593 4504; x_wconf 87' lang='lat' dir='ltr'><strong>et</strong></span> 
     </span>
    </p>
   </div>
   <div class='ocr_carea' id='block_1_107' title="bbox 2030 4541 3595 4617">
    <p class='ocr_par' dir='ltr' id='par_1_107' title="bbox 2030 4541 3595 4617">
     <span class='ocr_line' id='line_1_107' title="bbox 2030 4541 3595 4617; baseline -0.005 -15"><span class='ocrx_word' id='word_1_795' title='bbox 2030 4547 2289 4617; x_wconf 86' lang='lat' dir='ltr'><strong>cogitavit</strong></span> <span class='ocrx_word' id='word_1_796' title='bbox 2330 4562 2432 4600; x_wconf 91' lang='lat' dir='ltr'><strong>nos</strong></span> <span class='ocrx_word' id='word_1_797' title='bbox 2471 4547 2692 4616; x_wconf 90' lang='lat' dir='ltr'><strong>penitus</strong></span> <span class='ocrx_word' id='word_1_798' title='bbox 2727 4543 2936 4609; x_wconf 87' lang='lat' dir='ltr'><strong>delere,</strong></span> <span class='ocrx_word' id='word_1_799' title='bbox 2989 4543 3058 4598; x_wconf 88' lang='lat' dir='ltr'><strong>de</strong></span> <span class='ocrx_word' id='word_1_800' title='bbox 3117 4542 3302 4597; x_wconf 88' lang='lat' dir='ltr'><strong>medio</strong></span> <span class='ocrx_word' id='word_1_801' title='bbox 3339 4541 3595 4596; x_wconf 88' lang='lat' dir='ltr'><strong>tollamus</strong></span> 
     </span>
    </p>
   </div>
   <div class='ocr_carea' id='block_1_108' title="bbox 2028 4631 3593 4706">
    <p class='ocr_par' dir='ltr' id='par_1_108' title="bbox 2028 4631 3593 4706">
     <span class='ocr_line' id='line_1_108' title="bbox 2028 4631 3593 4706; baseline -0.003 -14"><span class='ocrx_word' id='word_1_802' title='bbox 2028 4654 2187 4701; x_wconf 89' lang='lat' dir='ltr'><strong>eum,</strong></span> <span class='ocrx_word' id='word_1_803' title='bbox 2231 4646 2292 4691; x_wconf 93' lang='lat' dir='ltr'><strong>ut</strong></span> <span class='ocrx_word' id='word_1_804' title='bbox 2331 4653 2441 4691; x_wconf 92' lang='lat' dir='ltr'><strong>non</strong></span> <span class='ocrx_word' id='word_1_805' title='bbox 2492 4645 2599 4692; x_wconf 83' lang='lat' dir='ltr'><strong>stet</strong></span> <span class='ocrx_word' id='word_1_806' title='bbox 2634 4637 2753 4706; x_wconf 87' lang='lat' dir='ltr'><strong>ipse</strong></span> <span class='ocrx_word' id='word_1_807' title='bbox 2808 4636 2864 4690; x_wconf 92' lang='lat' dir='ltr'><strong>in</strong></span> <span class='ocrx_word' id='word_1_808' title='bbox 2897 4635 3046 4690; x_wconf 88' lang='lat' dir='ltr'><strong>omni</strong></span> <span class='ocrx_word' id='word_1_809' title='bbox 3087 4634 3324 4690; x_wconf 90' lang='lat' dir='ltr'><strong>termino</strong></span> <span class='ocrx_word' id='word_1_810' title='bbox 3356 4631 3593 4687; x_wconf 80' lang='lat' dir='ltr'><strong>lsraelis.</strong></span> 
     </span>
    </p>
   </div>
   <div class='ocr_carea' id='block_1_109' title="bbox 2031 4721 3596 4797">
    <p class='ocr_par' dir='ltr' id='par_1_109' title="bbox 2031 4721 3596 4797">
     <span class='ocr_line' id='line_1_109' title="bbox 2031 4721 3596 4797; baseline -0.004 -14"><span class='ocrx_word' id='word_1_811' title='bbox 2031 4729 2165 4783; x_wconf 88' lang='lat' dir='ltr'><strong>Date</strong></span> <span class='ocrx_word' id='word_1_812' title='bbox 2206 4729 2365 4783; x_wconf 89' lang='lat' dir='ltr'><strong>nobis</strong></span> <span class='ocrx_word' id='word_1_813' title='bbox 2408 4737 2616 4797; x_wconf 88' lang='lat' dir='ltr'><strong>septem</strong></span> <span class='ocrx_word' id='word_1_814' title='bbox 2657 4729 2808 4783; x_wconf 92' lang='lat' dir='ltr'><strong>viros</strong></span> <span class='ocrx_word' id='word_1_815' title='bbox 2854 4741 2924 4782; x_wconf 86' lang='lat' dir='ltr'><strong>ex</strong></span> <span class='ocrx_word' id='word_1_816' title='bbox 2961 4725 3090 4781; x_wconf 82' lang='lat' dir='ltr'><strong>filiis</strong></span> <span class='ocrx_word' id='word_1_817' title='bbox 3118 4726 3238 4795; x_wconf 90' lang='lat' dir='ltr'><strong>ejus</strong></span> <span class='ocrx_word' id='word_1_818' title='bbox 3264 4721 3278 4778; x_wconf 72' lang='grc' dir='ltr'><strong>ἑ</strong></span> <span class='ocrx_word' id='word_1_819' title='bbox 3303 4733 3361 4780; x_wconf 90' lang='lat' dir='ltr'><strong>et</strong></span> <span class='ocrx_word' id='word_1_820' title='bbox 3389 4738 3486 4778; x_wconf 89' lang='lat' dir='ltr'><strong>eos</strong></span> <span class='ocrx_word' id='word_1_821' title='bbox 3525 4722 3596 4778; x_wconf 90' lang='lat' dir='ltr'><strong>ad</strong></span> 
     </span>
    </p>
   </div>
   <div class='ocr_carea' id='block_1_110' title="bbox 2031 4810 3598 4884">
    <p class='ocr_par' dir='ltr' id='par_1_110' title="bbox 2031 4810 3598 4884">
     <span class='ocr_line' id='line_1_110' title="bbox 2031 4810 3598 4884; baseline -0.003 -14"><span class='ocrx_word' id='word_1_822' title='bbox 2031 4816 2201 4870; x_wconf 91' lang='lat' dir='ltr'><strong>solem</strong></span> <span class='ocrx_word' id='word_1_823' title='bbox 2238 4830 2576 4884; x_wconf 85' lang='lat' dir='ltr'><strong>exponemus</strong></span> <span class='ocrx_word' id='word_1_824' title='bbox 2609 4815 2841 4870; x_wconf 92' lang='lat' dir='ltr'><strong>Domino</strong></span> <span class='ocrx_word' id='word_1_825' title='bbox 2868 4814 2924 4868; x_wconf 91' lang='lat' dir='ltr'><strong>in</strong></span> <span class='ocrx_word' id='word_1_826' title='bbox 2955 4813 3094 4868; x_wconf 91' lang='lat' dir='ltr'><strong>colle</strong></span> <span class='ocrx_word' id='word_1_827' title='bbox 3120 4811 3270 4866; x_wconf 90' lang='lat' dir='ltr'><strong>Saul.</strong></span> <span class='ocrx_word' id='word_1_828' title='bbox 3297 4811 3366 4866; x_wconf 88' lang='lat' dir='ltr'><strong>Et</strong></span> <span class='ocrx_word' id='word_1_829' title='bbox 3386 4810 3598 4880; x_wconf 84' lang='lat' dir='ltr'><strong>accepit</strong></span> 
     </span>
    </p>
   </div>
   <div class='ocr_carea' id='block_1_111' title="bbox 2036 4897 3592 4973">
    <p class='ocr_par' dir='ltr' id='par_1_111' title="bbox 2036 4897 3592 4973">
     <span class='ocr_line' id='line_1_111' title="bbox 2036 4897 3592 4973; baseline -0.003 -15"><span class='ocrx_word' id='word_1_830' title='bbox 2036 4920 2130 4959; x_wconf 86' lang='lat' dir='ltr'><strong>rex</strong></span> <span class='ocrx_word' id='word_1_831' title='bbox 2197 4903 2337 4959; x_wconf 86' lang='lat' dir='ltr'><strong>duos</strong></span> <span class='ocrx_word' id='word_1_832' title='bbox 2381 4903 2521 4958; x_wconf 84' lang='lat' dir='ltr'><strong>filios</strong></span> <span class='ocrx_word' id='word_1_833' title='bbox 2557 4903 2789 4973; x_wconf 72' lang='lat' dir='ltr'><strong>Respha:</strong></span> <span class='ocrx_word' id='word_1_834' title='bbox 2845 4901 3162 4957; x_wconf 75' lang='lat' dir='ltr'><strong>concubinae</strong></span> <span class='ocrx_word' id='word_1_835' title='bbox 3213 4899 3412 4963; x_wconf 89' lang='lat' dir='ltr'><strong>Saulis,</strong></span> <span class='ocrx_word' id='word_1_836' title='bbox 3457 4897 3592 4954; x_wconf 79' lang='lat' dir='ltr'><strong>lier-</strong></span> 
     </span>
    </p>
   </div>
   <div class='ocr_carea' id='block_1_112' title="bbox 2037 4989 3596 5063">
    <p class='ocr_par' dir='ltr' id='par_1_112' title="bbox 2037 4989 3596 5063">
     <span class='ocr_line' id='line_1_112' title="bbox 2037 4989 3596 5063; baseline -0.003 -14"><span class='ocrx_word' id='word_1_837' title='bbox 2037 4994 2248 5049; x_wconf 87' lang='lat' dir='ltr'><strong>monthi</strong></span> <span class='ocrx_word' id='word_1_838' title='bbox 2284 5003 2340 5049; x_wconf 89' lang='lat' dir='ltr'><strong>et</strong></span> <span class='ocrx_word' id='word_1_839' title='bbox 2372 4994 2823 5063; x_wconf 81' lang='lat' dir='ltr'><strong>Memphibosetb,</strong></span> <span class='ocrx_word' id='word_1_840' title='bbox 2873 5002 2928 5047; x_wconf 86' lang='lat' dir='ltr'><strong>et</strong></span> <span class='ocrx_word' id='word_1_841' title='bbox 2959 4993 3202 5062; x_wconf 89' lang='lat' dir='ltr'><strong>quinque</strong></span> <span class='ocrx_word' id='word_1_842' title='bbox 3242 4990 3382 5045; x_wconf 81' lang='lat' dir='ltr'><strong>filios</strong></span> <span class='ocrx_word' id='word_1_843' title='bbox 3411 4989 3596 5045; x_wconf 82' lang='lat' dir='ltr'><strong>Merob</strong></span> 
     </span>
    </p>
   </div>
   <div class='ocr_carea' id='block_1_113' title="bbox 2038 5082 3596 5155">
    <p class='ocr_par' dir='ltr' id='par_1_113' title="bbox 2038 5082 3596 5155">
     <span class='ocr_line' id='line_1_113' title="bbox 2038 5082 3596 5155; baseline -0.001 -17"><span class='ocrx_word' id='word_1_844' title='bbox 2038 5086 2160 5140; x_wconf 74' lang='lat' dir='ltr'><strong>tilia:</strong></span> <span class='ocrx_word' id='word_1_845' title='bbox 2192 5085 2342 5149; x_wconf 84' lang='lat' dir='ltr'><strong>Saul,</strong></span> <span class='ocrx_word' id='word_1_846' title='bbox 2369 5101 2519 5155; x_wconf 90' lang='lat' dir='ltr'><strong>quos.</strong></span> <span class='ocrx_word' id='word_1_847' title='bbox 2540 5085 2754 5154; x_wconf 87' lang='lat' dir='ltr'><strong>peperit</strong></span> <span class='ocrx_word' id='word_1_848' title='bbox 2780 5084 2978 5148; x_wconf 89' lang='lat' dir='ltr'><strong>Esriel,</strong></span> <span class='ocrx_word' id='word_1_849' title='bbox 2999 5093 3056 5139; x_wconf 90' lang='lat' dir='ltr'><strong>et</strong></span> <span class='ocrx_word' id='word_1_850' title='bbox 3081 5083 3233 5138; x_wconf 89' lang='lat' dir='ltr'><strong>dedit</strong></span> <span class='ocrx_word' id='word_1_851' title='bbox 3261 5098 3357 5139; x_wconf 90' lang='lat' dir='ltr'><strong>eos</strong></span> <span class='ocrx_word' id='word_1_852' title='bbox 3382 5082 3437 5136; x_wconf 94' lang='lat' dir='ltr'><strong>in</strong></span> <span class='ocrx_word' id='word_1_853' title='bbox 3477 5095 3596 5136; x_wconf 88' lang='lat' dir='ltr'><strong>ma-</strong></span> 
     </span>
    </p>
   </div>
   <div class='ocr_carea' id='block_1_114' title="bbox 2034 5168 3596 5244">
    <p class='ocr_par' dir='ltr' id='par_1_114' title="bbox 2034 5168 3596 5244">
     <span class='ocr_line' id='line_1_114' title="bbox 2034 5168 3596 5244; baseline -0.003 -14"><span class='ocrx_word' id='word_1_854' title='bbox 2034 5192 2166 5230; x_wconf 92' lang='lat' dir='ltr'><strong>num</strong></span> <span class='ocrx_word' id='word_1_855' title='bbox 2205 5175 2653 5239; x_wconf 77' lang='lat' dir='ltr'><strong>Gabaonitarum,</strong></span> <span class='ocrx_word' id='word_1_856' title='bbox 2693 5185 2749 5229; x_wconf 92' lang='lat' dir='ltr'><strong>et</strong></span> <span class='ocrx_word' id='word_1_857' title='bbox 2788 5189 2885 5229; x_wconf 85' lang='lat' dir='ltr'><strong>eos</strong></span> <span class='ocrx_word' id='word_1_858' title='bbox 2920 5168 3291 5244; x_wconf 80' lang='lat' dir='ltr'><strong>exposuerunt</strong></span> <span class='ocrx_word' id='word_1_859' title='bbox 3319 5172 3386 5227; x_wconf 88' lang='lat' dir='ltr'><strong>ad</strong></span> <span class='ocrx_word' id='word_1_860' title='bbox 3428 5169 3596 5226; x_wconf 86' lang='lat' dir='ltr'><strong>solem</strong></span> 
     </span>
    </p>
   </div>
   <div class='ocr_carea' id='block_1_115' title="bbox 2037 5263 3598 5333">
    <p class='ocr_par' dir='ltr' id='par_1_115' title="bbox 2037 5263 3598 5333">
     <span class='ocr_line' id='line_1_115' title="bbox 2037 5263 3598 5333; baseline -0.004 -11"><span class='ocrx_word' id='word_1_861' title='bbox 2037 5268 2090 5322; x_wconf 90' lang='lat' dir='ltr'><strong>in</strong></span> <span class='ocrx_word' id='word_1_862' title='bbox 2125 5279 2310 5326; x_wconf 90' lang='lat' dir='ltr'><strong>monte</strong></span> <span class='ocrx_word' id='word_1_863' title='bbox 2346 5283 2528 5324; x_wconf 88' lang='lat' dir='ltr'><strong>coram</strong></span> <span class='ocrx_word' id='word_1_864' title='bbox 2562 5268 2793 5322; x_wconf 87' lang='lat' dir='ltr'><strong>Domino</strong></span> <span class='ocrx_word' id='word_1_865' title='bbox 2822 5275 2878 5323; x_wconf 88' lang='lat' dir='ltr'><strong>et</strong></span> <span class='ocrx_word' id='word_1_866' title='bbox 2907 5265 3226 5321; x_wconf 88' lang='lat' dir='ltr'><strong>ceciderunt</strong></span> <span class='ocrx_word' id='word_1_867' title='bbox 3250 5263 3364 5319; x_wconf 84' lang='lat' dir='ltr'><strong>illic</strong></span> <span class='ocrx_word' id='word_1_868' title='bbox 3391 5268 3598 5333; x_wconf 82' lang='lat' dir='ltr'><strong>septem</strong></span> 
     </span>
    </p>
   </div>
   <div class='ocr_carea' id='block_1_116' title="bbox 1730 5421 2218 5477">
    <p class='ocr_par' dir='ltr' id='par_1_116' title="bbox 1730 5421 2218 5477">
     <span class='ocr_line' id='line_1_116' title="bbox 1730 5421 2218 5477; baseline 0 -2"><span class='ocrx_word' id='word_1_869' title='bbox 1730 5421 1901 5475; x_wconf 72' lang='lat' dir='ltr'><strong>Varim</strong></span> <span class='ocrx_word' id='word_1_870' title='bbox 1934 5421 2218 5477; x_wconf 82' lang='lat' dir='ltr'><strong>lectiones.</strong></span> 
     </span>
    </p>
   </div>
   <div class='ocr_carea' id='block_1_117' title="bbox 431 5533 886 5602">
    <p class='ocr_par' dir='ltr' id='par_1_117' title="bbox 431 5533 886 5602">
     <span class='ocr_line' id='line_1_117' title="bbox 431 5533 886 5602; baseline -0.013 -11"><span class='ocrx_word' id='word_1_871' title='bbox 431 5536 458 5575; x_wconf 76' lang='grc' dir='ltr'><strong>(ι</strong></span> <span class='ocrx_word' id='word_1_872' title='bbox 496 5533 537 5590; x_wconf 74' lang='grc' dir='ltr'>ι’.</span> <span class='ocrx_word' id='word_1_873' title='bbox 575 5535 629 5588; x_wconf 89' lang='lat' dir='ltr'><strong>d.</strong></span> <span class='ocrx_word' id='word_1_874' title='bbox 666 5533 886 5602; x_wconf 87' lang='grc' dir='ltr'>γνῶσιν.</span> 
     </span>
    </p>
   </div>
  </div>
