  <div class='ocr_page' id='page_1' title='image "/cluster/home/n/w/nwhite01/storage/ocr_20150623/77/hvd.32044052822863/633.png"; bbox 0 0 2031 3101; ppageno 0'>
   <div class='ocr_carea' id='block_1_1' title="bbox 258 81 328 111">
    <p class='ocr_par' dir='ltr' id='par_1_1' title="bbox 258 81 328 111">
     <span class='ocr_line' id='line_1_1' title="bbox 258 81 328 111; baseline 0 -1"><span class='ocrx_word' id='word_1_1' title='bbox 258 81 328 111; x_wconf 67' lang='lat' dir='ltr'><strong>Ill!!!</strong></span> 
     </span>
    </p>
   </div>
   <div class='ocr_carea' id='block_1_2' title="bbox 254 137 1075 172">
    <p class='ocr_par' dir='ltr' id='par_1_2' title="bbox 254 137 1075 172">
     <span class='ocr_line' id='line_1_2' title="bbox 254 137 1075 172; baseline -0.004 -4"><span class='ocrx_word' id='word_1_2' title='bbox 254 139 355 172; x_wconf 64' lang='lat' dir='ltr'><strong>simul,</strong></span> <span class='ocrx_word' id='word_1_3' title='bbox 370 142 403 166; x_wconf 76' lang='lat' dir='ltr'><strong>et</strong></span> <span class='ocrx_word' id='word_1_4' title='bbox 421 142 510 166; x_wconf 80' lang='lat' dir='ltr'><strong>morte</strong></span> <span class='ocrx_word' id='word_1_5' title='bbox 529 138 618 165; x_wconf 81' lang='lat' dir='ltr'><strong>all&#39;octi</strong></span> <span class='ocrx_word' id='word_1_6' title='bbox 640 141 704 165; x_wconf 88' lang='lat' dir='ltr'><strong>sunt</strong></span> <span class='ocrx_word' id='word_1_7' title='bbox 726 139 754 165; x_wconf 89' lang='lat' dir='ltr'><strong>in</strong></span> <span class='ocrx_word' id='word_1_8' title='bbox 773 137 872 166; x_wconf 89' lang='lat' dir='ltr'><strong>diebus</strong></span> <span class='ocrx_word' id='word_1_9' title='bbox 888 138 996 171; x_wconf 83' lang='lat' dir='ltr'><strong>messis,</strong></span> <span class='ocrx_word' id='word_1_10' title='bbox 1009 138 1038 165; x_wconf 91' lang='lat' dir='ltr'><strong>In</strong></span> <span class='ocrx_word' id='word_1_11' title='bbox 1052 139 1075 169; x_wconf 82' lang='grc' dir='ltr'>Α</span> 
     </span>
    </p>
   </div>
   <div class='ocr_carea' id='block_1_3' title="bbox 257 182 1040 219">
    <p class='ocr_par' dir='ltr' id='par_1_3' title="bbox 257 182 1040 219">
     <span class='ocr_line' id='line_1_3' title="bbox 257 182 1040 219; baseline -0.003 -7"><span class='ocrx_word' id='word_1_12' title='bbox 257 183 395 219; x_wconf 82' lang='lat' dir='ltr'><strong>principio</strong></span> <span class='ocrx_word' id='word_1_13' title='bbox 414 183 511 211; x_wconf 78' lang='lat' dir='ltr'><strong>messis</strong></span> <span class='ocrx_word' id='word_1_14' title='bbox 531 182 630 209; x_wconf 85' lang='lat' dir='ltr'><strong>hordei</strong></span> <span class='ocrx_word' id='word_1_15' title='bbox 640 183 673 209; x_wconf 76' lang='grc'><strong>⁸³.</strong></span> <span class='ocrx_word' id='word_1_16' title='bbox 696 192 706 209; x_wconf 75' lang='grc' dir='ltr'><strong>ι</strong></span> <span class='ocrx_word' id='word_1_17' title='bbox 723 182 887 218; x_wconf 75' lang='lat' dir='ltr'><strong>Quicunque</strong></span> <span class='ocrx_word' id='word_1_18' title='bbox 907 190 974 218; x_wconf 89' lang='lat' dir='ltr'><strong>ergo</strong></span> <span class='ocrx_word' id='word_1_19' title='bbox 990 190 1040 218; x_wconf 90' lang='lat' dir='ltr'><strong>per</strong></span> 
     </span>
    </p>
   </div>
   <div class='ocr_carea' id='block_1_4' title="bbox 257 227 1040 262">
    <p class='ocr_par' dir='ltr' id='par_1_4' title="bbox 257 227 1040 262">
     <span class='ocr_line' id='line_1_4' title="bbox 257 227 1040 262; baseline -0.001 -6"><span class='ocrx_word' id='word_1_20' title='bbox 257 229 393 256; x_wconf 75' lang='lat' dir='ltr'><strong>actionem</strong></span> <span class='ocrx_word' id='word_1_21' title='bbox 409 228 521 262; x_wconf 87' lang='lat' dir='ltr'><strong>quidem</strong></span> <span class='ocrx_word' id='word_1_22' title='bbox 537 227 722 255; x_wconf 72' lang='lat' dir='ltr'><strong>consideravit</strong></span> <span class='ocrx_word' id='word_1_23' title='bbox 740 228 787 255; x_wconf 87' lang='lat' dir='ltr'><strong>Dei</strong></span> <span class='ocrx_word' id='word_1_24' title='bbox 804 228 873 255; x_wconf 84' lang='lat' dir='ltr'><strong>iram</strong></span> <span class='ocrx_word' id='word_1_25' title='bbox 897 228 1040 261; x_wconf 72' lang='lat' dir='ltr'><strong>inﬁictam,</strong></span> 
     </span>
    </p>
   </div>
   <div class='ocr_carea' id='block_1_5' title="bbox 258 271 1040 308">
    <p class='ocr_par' dir='ltr' id='par_1_5' title="bbox 258 271 1040 308">
     <span class='ocr_line' id='line_1_5' title="bbox 258 271 1040 308; baseline 0.001 -8"><span class='ocrx_word' id='word_1_26' title='bbox 258 273 343 300; x_wconf 90' lang='lat' dir='ltr'><strong>Deum</strong></span> <span class='ocrx_word' id='word_1_27' title='bbox 365 276 457 299; x_wconf 84' lang='lat' dir='ltr'><strong>autem</strong></span> <span class='ocrx_word' id='word_1_28' title='bbox 479 271 628 306; x_wconf 89' lang='lat' dir='ltr'><strong>exquisivit</strong></span> <span class='ocrx_word' id='word_1_29' title='bbox 639 279 689 307; x_wconf 87' lang='lat' dir='ltr'><strong>per</strong></span> <span class='ocrx_word' id='word_1_30' title='bbox 706 273 975 308; x_wconf 69' lang='lat' dir='ltr'><strong>contemplationem,</strong></span> <span class='ocrx_word' id='word_1_31' title='bbox 990 273 1040 301; x_wconf 85' lang='lat' dir='ltr'><strong>do-</strong></span> 
     </span>
    </p>
   </div>
   <div class='ocr_carea' id='block_1_6' title="bbox 257 316 1042 354">
    <p class='ocr_par' dir='ltr' id='par_1_6' title="bbox 257 316 1042 354">
     <span class='ocr_line' id='line_1_6' title="bbox 257 316 1042 354; baseline 0.005 -11"><span class='ocrx_word' id='word_1_32' title='bbox 257 321 336 344; x_wconf 86' lang='lat' dir='ltr'><strong>cetur</strong></span> <span class='ocrx_word' id='word_1_33' title='bbox 348 316 458 351; x_wconf 86' lang='lat' dir='ltr'><strong>quidem</strong></span> <span class='ocrx_word' id='word_1_34' title='bbox 477 324 598 349; x_wconf 82' lang='lat' dir='ltr'><strong>causam,</strong></span> <span class='ocrx_word' id='word_1_35' title='bbox 611 322 642 344; x_wconf 86' lang='lat' dir='ltr'><strong>ut</strong></span> <span class='ocrx_word' id='word_1_36' title='bbox 654 317 731 352; x_wconf 88' lang='lat' dir='ltr'><strong>prius</strong></span> <span class='ocrx_word' id='word_1_37' title='bbox 746 318 849 345; x_wconf 90' lang='lat' dir='ltr'><strong>dictum</strong></span> <span class='ocrx_word' id='word_1_38' title='bbox 864 322 917 352; x_wconf 84' lang='lat' dir='ltr'><strong>est,</strong></span> <span class='ocrx_word' id='word_1_39' title='bbox 928 319 1042 354; x_wconf 76' lang='lat' dir='ltr'><strong>iubetur</strong></span> 
     </span>
    </p>
   </div>
   <div class='ocr_carea' id='block_1_7' title="bbox 257 361 1040 399">
    <p class='ocr_par' dir='ltr' id='par_1_7' title="bbox 257 361 1040 399">
     <span class='ocr_line' id='line_1_7' title="bbox 257 361 1040 399; baseline 0.006 -11"><span class='ocrx_word' id='word_1_40' title='bbox 257 366 350 389; x_wconf 75' lang='lat' dir='ltr'><strong>autem</strong></span> <span class='ocrx_word' id='word_1_41' title='bbox 362 361 471 389; x_wconf 89' lang='lat' dir='ltr'><strong>tradere</strong></span> <span class='ocrx_word' id='word_1_42' title='bbox 479 361 549 389; x_wconf 85' lang='lat' dir='ltr'><strong>duos</strong></span> <span class='ocrx_word' id='word_1_43' title='bbox 559 362 639 395; x_wconf 91' lang='lat' dir='ltr'><strong>ﬁlios,</strong></span> <span class='ocrx_word' id='word_1_44' title='bbox 648 363 805 398; x_wconf 87' lang='lat' dir='ltr'><strong>etquinque</strong></span> <span class='ocrx_word' id='word_1_45' title='bbox 815 368 931 399; x_wconf 82' lang='lat' dir='ltr'><strong>nepotes</strong></span> <span class='ocrx_word' id='word_1_46' title='bbox 941 364 1040 398; x_wconf 88' lang='lat' dir='ltr'><strong>Saulis,</strong></span> 
     </span>
    </p>
   </div>
   <div class='ocr_carea' id='block_1_8' title="bbox 257 407 1042 445">
    <p class='ocr_par' dir='ltr' id='par_1_8' title="bbox 257 407 1042 445">
     <span class='ocr_line' id='line_1_8' title="bbox 257 407 1042 445; baseline 0.008 -12"><span class='ocrx_word' id='word_1_47' title='bbox 257 407 291 433; x_wconf 90' lang='lat' dir='ltr'><strong>ad</strong></span> <span class='ocrx_word' id='word_1_48' title='bbox 307 411 432 434; x_wconf 87' lang='lat' dir='ltr'><strong>mortem.</strong></span> <span class='ocrx_word' id='word_1_49' title='bbox 443 408 517 434; x_wconf 91' lang='lat' dir='ltr'><strong>Duos</strong></span> <span class='ocrx_word' id='word_1_50' title='bbox 527 407 638 442; x_wconf 89' lang='lat' dir='ltr'><strong>quidem</strong></span> <span class='ocrx_word' id='word_1_51' title='bbox 654 408 735 441; x_wconf 88' lang='lat' dir='ltr'><strong>ﬁlios,</strong></span> <span class='ocrx_word' id='word_1_52' title='bbox 749 417 847 444; x_wconf 84' lang='lat' dir='ltr'><strong>nempe</strong></span> <span class='ocrx_word' id='word_1_53' title='bbox 858 414 887 437; x_wconf 89' lang='lat' dir='ltr'><strong>et</strong></span> <span class='ocrx_word' id='word_1_54' title='bbox 897 410 970 445; x_wconf 88' lang='lat' dir='ltr'><strong>quod</strong></span> <span class='ocrx_word' id='word_1_55' title='bbox 979 418 1042 439; x_wconf 87' lang='lat' dir='ltr'><strong>cor-</strong></span> 
     </span>
    </p>
   </div>
   <div class='ocr_carea' id='block_1_9' title="bbox 257 452 1041 489">
    <p class='ocr_par' dir='ltr' id='par_1_9' title="bbox 257 452 1041 489">
     <span class='ocr_line' id='line_1_9' title="bbox 257 452 1041 489; baseline 0.006 -10"><span class='ocrx_word' id='word_1_56' title='bbox 257 460 324 487; x_wconf 88' lang='lat' dir='ltr'><strong>pore</strong></span> <span class='ocrx_word' id='word_1_57' title='bbox 341 452 370 479; x_wconf 85' lang='lat' dir='ltr'><strong>ﬁt</strong></span> <span class='ocrx_word' id='word_1_58' title='bbox 385 457 539 486; x_wconf 90' lang='lat' dir='ltr'><strong>peccatum,</strong></span> <span class='ocrx_word' id='word_1_59' title='bbox 552 458 580 480; x_wconf 92' lang='lat' dir='ltr'><strong>et</strong></span> <span class='ocrx_word' id='word_1_60' title='bbox 600 460 695 483; x_wconf 83' lang='lat' dir='ltr'><strong>rursus</strong></span> <span class='ocrx_word' id='word_1_61' title='bbox 707 454 780 489; x_wconf 91' lang='lat' dir='ltr'><strong>quod</strong></span> <span class='ocrx_word' id='word_1_62' title='bbox 802 454 832 482; x_wconf 83' lang='lat' dir='ltr'><strong>ﬁt</strong></span> <span class='ocrx_word' id='word_1_63' title='bbox 843 460 946 488; x_wconf 83' lang='lat' dir='ltr'><strong>mente,</strong></span> <span class='ocrx_word' id='word_1_64' title='bbox 961 460 990 483; x_wconf 90' lang='lat' dir='ltr'><strong>et</strong></span> <span class='ocrx_word' id='word_1_65' title='bbox 1003 456 1041 489; x_wconf 89' lang='lat' dir='ltr'><strong>id,</strong></span> 
     </span>
    </p>
   </div>
   <div class='ocr_carea' id='block_1_10' title="bbox 258 498 1043 535">
    <p class='ocr_par' dir='ltr' id='par_1_10' title="bbox 258 498 1043 535">
     <span class='ocr_line' id='line_1_10' title="bbox 258 498 1043 535; baseline 0.005 -11"><span class='ocrx_word' id='word_1_66' title='bbox 258 498 381 532; x_wconf 85' lang='lat' dir='ltr'><strong>inquam,</strong></span> <span class='ocrx_word' id='word_1_67' title='bbox 393 498 466 532; x_wconf 92' lang='lat' dir='ltr'><strong>quod</strong></span> <span class='ocrx_word' id='word_1_68' title='bbox 478 498 507 525; x_wconf 88' lang='lat' dir='ltr'><strong>ﬁt</strong></span> <span class='ocrx_word' id='word_1_69' title='bbox 520 498 690 533; x_wconf 82' lang='lat' dir='ltr'><strong>operatione,</strong></span> <span class='ocrx_word' id='word_1_70' title='bbox 701 503 730 526; x_wconf 92' lang='lat' dir='ltr'><strong>et</strong></span> <span class='ocrx_word' id='word_1_71' title='bbox 746 499 774 526; x_wconf 93' lang='lat' dir='ltr'><strong>id</strong></span> <span class='ocrx_word' id='word_1_72' title='bbox 788 500 861 534; x_wconf 92' lang='lat' dir='ltr'><strong>quod</strong></span> <span class='ocrx_word' id='word_1_73' title='bbox 876 500 983 533; x_wconf 85' lang='lat' dir='ltr'><strong>habitu,</strong></span> <span class='ocrx_word' id='word_1_74' title='bbox 992 509 1043 535; x_wconf 89' lang='lat' dir='ltr'><strong>per</strong></span> 
     </span>
    </p>
   </div>
   <div class='ocr_carea' id='block_1_11' title="bbox 258 543 1042 581">
    <p class='ocr_par' dir='ltr' id='par_1_11' title="bbox 258 543 1042 581">
     <span class='ocr_line' id='line_1_11' title="bbox 258 543 1042 581; baseline 0.005 -11"><span class='ocrx_word' id='word_1_75' title='bbox 258 543 403 575; x_wconf 80' lang='lat' dir='ltr'><strong>actionem,</strong></span> <span class='ocrx_word' id='word_1_76' title='bbox 424 544 544 578; x_wconf 88' lang='lat' dir='ltr'><strong>inquam,</strong></span> <span class='ocrx_word' id='word_1_77' title='bbox 564 548 592 571; x_wconf 87' lang='lat' dir='ltr'><strong>et</strong></span> <span class='ocrx_word' id='word_1_78' title='bbox 610 552 785 572; x_wconf 86' lang='lat' dir='ltr'><strong>consensum.</strong></span> <span class='ocrx_word' id='word_1_79' title='bbox 808 545 933 581; x_wconf 85' lang='lat' dir='ltr'><strong>Quinque</strong></span> <span class='ocrx_word' id='word_1_80' title='bbox 949 551 1042 574; x_wconf 85' lang='lat' dir='ltr'><strong>autem</strong></span> 
     </span>
    </p>
   </div>
   <div class='ocr_carea' id='block_1_12' title="bbox 257 588 1040 626">
    <p class='ocr_par' dir='ltr' id='par_1_12' title="bbox 257 588 1040 626">
     <span class='ocr_line' id='line_1_12' title="bbox 257 588 1040 626; baseline 0.006 -11"><span class='ocrx_word' id='word_1_81' title='bbox 257 594 372 623; x_wconf 83' lang='lat' dir='ltr'><strong>nepotes</strong></span> <span class='ocrx_word' id='word_1_82' title='bbox 394 588 500 621; x_wconf 88' lang='lat' dir='ltr'><strong>Saulis,</strong></span> <span class='ocrx_word' id='word_1_83' title='bbox 519 589 640 624; x_wconf 89' lang='lat' dir='ltr'><strong>quinque</strong></span> <span class='ocrx_word' id='word_1_84' title='bbox 667 598 734 617; x_wconf 89' lang='lat' dir='ltr'><strong>usus</strong></span> <span class='ocrx_word' id='word_1_85' title='bbox 755 591 878 626; x_wconf 88' lang='lat' dir='ltr'><strong>quinque</strong></span> <span class='ocrx_word' id='word_1_86' title='bbox 899 599 1040 620; x_wconf 84' lang='lat' dir='ltr'><strong>sensuum.</strong></span> 
     </span>
    </p>
   </div>
   <div class='ocr_carea' id='block_1_13' title="bbox 258 633 1039 671">
    <p class='ocr_par' dir='ltr' id='par_1_13' title="bbox 258 633 1039 671">
     <span class='ocr_line' id='line_1_13' title="bbox 258 633 1039 671; baseline 0.006 -11"><span class='ocrx_word' id='word_1_87' title='bbox 258 634 343 660; x_wconf 81' lang='lat' dir='ltr'><strong>Mater</strong></span> <span class='ocrx_word' id='word_1_88' title='bbox 353 634 436 669; x_wconf 88' lang='lat' dir='ltr'><strong>igitur</strong></span> <span class='ocrx_word' id='word_1_89' title='bbox 448 633 565 661; x_wconf 86' lang='lat' dir='ltr'><strong>ﬁliorum</strong></span> <span class='ocrx_word' id='word_1_90' title='bbox 581 634 671 662; x_wconf 88' lang='lat' dir='ltr'><strong>Saulis</strong></span> <span class='ocrx_word' id='word_1_91' title='bbox 682 639 743 663; x_wconf 89' lang='lat' dir='ltr'><strong>erat</strong></span> <span class='ocrx_word' id='word_1_92' title='bbox 755 635 874 671; x_wconf 82' lang='lat' dir='ltr'><strong>Respha,</strong></span> <span class='ocrx_word' id='word_1_93' title='bbox 886 645 946 671; x_wconf 67' lang='lat' dir='ltr'><strong>qua:</strong></span> <span class='ocrx_word' id='word_1_94' title='bbox 958 637 1039 665; x_wconf 86' lang='lat' dir='ltr'><strong>inter-</strong></span> 
     </span>
    </p>
   </div>
   <div class='ocr_carea' id='block_1_14' title="bbox 258 679 1042 715">
    <p class='ocr_par' dir='ltr' id='par_1_14' title="bbox 258 679 1042 715">
     <span class='ocr_line' id='line_1_14' title="bbox 258 679 1042 715; baseline 0.005 -10"><span class='ocrx_word' id='word_1_95' title='bbox 258 684 384 714; x_wconf 84' lang='lat' dir='ltr'><strong>pretatur</strong></span> <span class='ocrx_word' id='word_1_96' title='bbox 407 687 498 706; x_wconf 69' lang='lat' dir='ltr'><strong>cursus</strong></span> <span class='ocrx_word' id='word_1_97' title='bbox 517 680 581 706; x_wconf 82' lang='lat' dir='ltr'><strong>oris.</strong></span> <span class='ocrx_word' id='word_1_98' title='bbox 601 679 666 712; x_wconf 67' lang='lat' dir='ltr'><strong>Quae</strong></span> <span class='ocrx_word' id='word_1_99' title='bbox 678 688 727 715; x_wconf 90' lang='lat' dir='ltr'><strong>per</strong></span> <span class='ocrx_word' id='word_1_100' title='bbox 740 681 827 708; x_wconf 86' lang='lat' dir='ltr'><strong>solum</strong></span> <span class='ocrx_word' id='word_1_101' title='bbox 853 689 885 709; x_wconf 91' lang='lat' dir='ltr'><strong>os</strong></span> <span class='ocrx_word' id='word_1_102' title='bbox 904 686 994 709; x_wconf 87' lang='lat' dir='ltr'><strong>autem</strong></span> <span class='ocrx_word' id='word_1_103' title='bbox 1012 681 1042 709; x_wconf 88' lang='lat' dir='ltr'><strong>ﬁt</strong></span> 
     </span>
    </p>
   </div>
   <div class='ocr_carea' id='block_1_15' title="bbox 257 725 1043 759">
    <p class='ocr_par' dir='ltr' id='par_1_15' title="bbox 257 725 1043 759">
     <span class='ocr_line' id='line_1_15' title="bbox 257 725 1043 759; baseline 0.004 -7"><span class='ocrx_word' id='word_1_104' title='bbox 257 725 326 759; x_wconf 80' lang='lat' dir='ltr'><strong>legis</strong></span> <span class='ocrx_word' id='word_1_105' title='bbox 345 725 472 759; x_wconf 89' lang='lat' dir='ltr'><strong>prolalio,</strong></span> <span class='ocrx_word' id='word_1_106' title='bbox 489 728 516 752; x_wconf 83' lang='lat' dir='ltr'><strong>et</strong></span> <span class='ocrx_word' id='word_1_107' title='bbox 531 732 579 759; x_wconf 85' lang='lat' dir='ltr'><strong>per</strong></span> <span class='ocrx_word' id='word_1_108' title='bbox 593 725 782 752; x_wconf 86' lang='lat' dir='ltr'><strong>sublimiorem</strong></span> <span class='ocrx_word' id='word_1_109' title='bbox 799 730 919 754; x_wconf 85' lang='lat' dir='ltr'><strong>mentem</strong></span> <span class='ocrx_word' id='word_1_110' title='bbox 931 735 985 754; x_wconf 92' lang='lat' dir='ltr'><strong>non</strong></span> <span class='ocrx_word' id='word_1_111' title='bbox 1000 731 1043 755; x_wconf 82' lang='lat' dir='ltr'><strong>est</strong></span> 
     </span>
    </p>
   </div>
   <div class='ocr_carea' id='block_1_16' title="bbox 258 770 1042 808">
    <p class='ocr_par' dir='ltr' id='par_1_16' title="bbox 258 770 1042 808">
     <span class='ocr_line' id='line_1_16' title="bbox 258 770 1042 808; baseline 0.005 -12"><span class='ocrx_word' id='word_1_112' title='bbox 258 770 392 808; x_wconf 76' lang='lat' dir='ltr'><strong>ascensio,</strong></span> <span class='ocrx_word' id='word_1_113' title='bbox 414 770 515 797; x_wconf 86' lang='lat' dir='ltr'><strong>merito</strong></span> <span class='ocrx_word' id='word_1_114' title='bbox 532 776 644 805; x_wconf 77' lang='lat' dir='ltr'><strong>generat</strong></span> <span class='ocrx_word' id='word_1_115' title='bbox 661 771 730 798; x_wconf 89' lang='lat' dir='ltr'><strong>duos</strong></span> <span class='ocrx_word' id='word_1_116' title='bbox 751 771 839 799; x_wconf 90' lang='lat' dir='ltr'><strong>dictos</strong></span> <span class='ocrx_word' id='word_1_117' title='bbox 854 771 933 799; x_wconf 87' lang='lat' dir='ltr'><strong>ﬁlios.</strong></span> <span class='ocrx_word' id='word_1_118' title='bbox 956 773 1042 800; x_wconf 82' lang='lat' dir='ltr'><strong>Mater</strong></span> 
     </span>
    </p>
   </div>
   <div class='ocr_carea' id='block_1_17' title="bbox 258 802 1078 852">
    <p class='ocr_par' dir='ltr' id='par_1_17' title="bbox 258 802 1078 852">
     <span class='ocr_line' id='line_1_17' title="bbox 258 802 1078 852; baseline 0.004 -10"><span class='ocrx_word' id='word_1_119' title='bbox 258 805 350 843; x_wconf 78' lang='lat' dir='ltr'><strong>autem</strong></span> <span class='ocrx_word' id='word_1_120' title='bbox 370 815 489 843; x_wconf 86' lang='lat' dir='ltr'><strong>ﬁliorum</strong></span> <span class='ocrx_word' id='word_1_121' title='bbox 504 802 564 851; x_wconf 84' lang='lat' dir='ltr'><strong>ejus</strong></span> <span class='ocrx_word' id='word_1_122' title='bbox 583 821 624 843; x_wconf 81' lang='lat' dir='ltr'><strong>est</strong></span> <span class='ocrx_word' id='word_1_123' title='bbox 643 816 747 849; x_wconf 81' lang='lat' dir='ltr'><strong>Merob,</strong></span> <span class='ocrx_word' id='word_1_124' title='bbox 767 824 828 851; x_wconf 84' lang='lat' dir='ltr'><strong>quae</strong></span> <span class='ocrx_word' id='word_1_125' title='bbox 845 817 1042 852; x_wconf 79' lang='lat' dir='ltr'><strong>interpretatur</strong></span> <span class='ocrx_word' id='word_1_126' title='bbox 1057 802 1078 829; x_wconf 73' lang='grc' dir='ltr'><strong>Β</strong></span> 
     </span>
    </p>
   </div>
   <div class='ocr_carea' id='block_1_18' title="bbox 259 860 1042 897">
    <p class='ocr_par' dir='ltr' id='par_1_18' title="bbox 259 860 1042 897">
     <span class='ocr_line' id='line_1_18' title="bbox 259 860 1042 897; baseline 0.004 -10"><span class='ocrx_word' id='word_1_127' title='bbox 259 861 368 897; x_wconf 80' lang='lat' dir='ltr'><strong>repletio</strong></span> <span class='ocrx_word' id='word_1_128' title='bbox 383 860 452 896; x_wconf 66' lang='lat' dir='ltr'><strong>gula</strong></span> <span class='ocrx_word' id='word_1_129' title='bbox 466 868 513 888; x_wconf 87' lang='lat' dir='ltr'><strong>seu</strong></span> <span class='ocrx_word' id='word_1_130' title='bbox 527 861 664 896; x_wconf 72' lang='lat' dir='ltr'><strong>ingluvies.</strong></span> <span class='ocrx_word' id='word_1_131' title='bbox 683 862 744 896; x_wconf 86' lang='lat' dir='ltr'><strong>Ipsa</strong></span> <span class='ocrx_word' id='word_1_132' title='bbox 762 866 856 889; x_wconf 87' lang='lat' dir='ltr'><strong>autem</strong></span> <span class='ocrx_word' id='word_1_133' title='bbox 866 870 964 890; x_wconf 78' lang='lat' dir='ltr'><strong>rursus</strong></span> <span class='ocrx_word' id='word_1_134' title='bbox 976 870 1042 890; x_wconf 90' lang='lat' dir='ltr'><strong>con-</strong></span> 
     </span>
    </p>
   </div>
   <div class='ocr_carea' id='block_1_19' title="bbox 258 907 1042 941">
    <p class='ocr_par' dir='ltr' id='par_1_19' title="bbox 258 907 1042 941">
     <span class='ocr_line' id='line_1_19' title="bbox 258 907 1042 941; baseline 0.004 -8"><span class='ocrx_word' id='word_1_135' title='bbox 258 912 407 941; x_wconf 88' lang='lat' dir='ltr'><strong>sequenter</strong></span> <span class='ocrx_word' id='word_1_136' title='bbox 418 911 531 941; x_wconf 77' lang='lat' dir='ltr'><strong>generat</strong></span> <span class='ocrx_word' id='word_1_137' title='bbox 542 914 590 934; x_wconf 86' lang='lat' dir='ltr'><strong>eos</strong></span> <span class='ocrx_word' id='word_1_138' title='bbox 607 907 654 941; x_wconf 92' lang='lat' dir='ltr'><strong>qui</strong></span> <span class='ocrx_word' id='word_1_139' title='bbox 669 907 735 934; x_wconf 85' lang='lat' dir='ltr'><strong>dicti</strong></span> <span class='ocrx_word' id='word_1_140' title='bbox 757 911 821 934; x_wconf 86' lang='lat' dir='ltr'><strong>sunt</strong></span> <span class='ocrx_word' id='word_1_141' title='bbox 837 908 949 935; x_wconf 89' lang='lat' dir='ltr'><strong>abusus.</strong></span> <span class='ocrx_word' id='word_1_142' title='bbox 969 908 1042 936; x_wconf 88' lang='lat' dir='ltr'><strong>Con-</strong></span> 
     </span>
    </p>
   </div>
   <div class='ocr_carea' id='block_1_20' title="bbox 259 950 1043 986">
    <p class='ocr_par' dir='ltr' id='par_1_20' title="bbox 259 950 1043 986">
     <span class='ocr_line' id='line_1_20' title="bbox 259 950 1043 986; baseline 0.003 -9"><span class='ocrx_word' id='word_1_143' title='bbox 259 951 360 977; x_wconf 84' lang='lat' dir='ltr'><strong>euhina</strong></span> <span class='ocrx_word' id='word_1_144' title='bbox 380 955 472 978; x_wconf 89' lang='lat' dir='ltr'><strong>autem</strong></span> <span class='ocrx_word' id='word_1_145' title='bbox 491 950 601 985; x_wconf 78' lang='lat' dir='ltr'><strong>Respha</strong></span> <span class='ocrx_word' id='word_1_146' title='bbox 626 956 740 986; x_wconf 78' lang='lat' dir='ltr'><strong>propter</strong></span> <span class='ocrx_word' id='word_1_147' title='bbox 759 951 916 979; x_wconf 87' lang='lat' dir='ltr'><strong>indecoram</strong></span> <span class='ocrx_word' id='word_1_148' title='bbox 941 956 970 979; x_wconf 86' lang='lat' dir='ltr'><strong>et</strong></span> <span class='ocrx_word' id='word_1_149' title='bbox 999 952 1043 979; x_wconf 91' lang='lat' dir='ltr'><strong>in-</strong></span> 
     </span>
    </p>
   </div>
   <div class='ocr_carea' id='block_1_21' title="bbox 260 994 1044 1033">
    <p class='ocr_par' dir='ltr' id='par_1_21' title="bbox 260 994 1044 1033">
     <span class='ocr_line' id='line_1_21' title="bbox 260 994 1044 1033; baseline 0.004 -11"><span class='ocrx_word' id='word_1_150' title='bbox 260 996 369 1031; x_wconf 79' lang='lat' dir='ltr'><strong>dignam</strong></span> <span class='ocrx_word' id='word_1_151' title='bbox 391 996 459 1031; x_wconf 88' lang='lat' dir='ltr'><strong>legis</strong></span> <span class='ocrx_word' id='word_1_152' title='bbox 475 996 641 1023; x_wconf 86' lang='lat' dir='ltr'><strong>mistionem.</strong></span> <span class='ocrx_word' id='word_1_153' title='bbox 658 996 772 1031; x_wconf 80' lang='lat' dir='ltr'><strong>Oportet</strong></span> <span class='ocrx_word' id='word_1_154' title='bbox 792 997 865 1025; x_wconf 88' lang='lat' dir='ltr'><strong>enim</strong></span> <span class='ocrx_word' id='word_1_155' title='bbox 879 1005 934 1025; x_wconf 88' lang='lat' dir='ltr'><strong>non</strong></span> <span class='ocrx_word' id='word_1_156' title='bbox 950 994 1000 1033; x_wconf 88' lang='lat' dir='ltr'><strong>pér</strong></span> <span class='ocrx_word' id='word_1_157' title='bbox 1013 1005 1044 1026; x_wconf 89' lang='lat' dir='ltr'><strong>os</strong></span> 
     </span>
    </p>
   </div>
   <div class='ocr_carea' id='block_1_22' title="bbox 260 1041 1044 1077">
    <p class='ocr_par' dir='ltr' id='par_1_22' title="bbox 260 1041 1044 1077">
     <span class='ocr_line' id='line_1_22' title="bbox 260 1041 1044 1077; baseline 0.004 -10"><span class='ocrx_word' id='word_1_158' title='bbox 260 1042 347 1068; x_wconf 91' lang='lat' dir='ltr'><strong>solum</strong></span> <span class='ocrx_word' id='word_1_159' title='bbox 360 1041 476 1076; x_wconf 82' lang='lat' dir='ltr'><strong>proferri</strong></span> <span class='ocrx_word' id='word_1_160' title='bbox 492 1041 590 1076; x_wconf 88' lang='lat' dir='ltr'><strong>legem,</strong></span> <span class='ocrx_word' id='word_1_161' title='bbox 604 1041 653 1068; x_wconf 85' lang='lat' dir='ltr'><strong>sed</strong></span> <span class='ocrx_word' id='word_1_162' title='bbox 664 1042 747 1069; x_wconf 88' lang='lat' dir='ltr'><strong>etiam</strong></span> <span class='ocrx_word' id='word_1_163' title='bbox 759 1049 808 1077; x_wconf 89' lang='lat' dir='ltr'><strong>per</strong></span> <span class='ocrx_word' id='word_1_164' title='bbox 819 1042 966 1070; x_wconf 84' lang='lat' dir='ltr'><strong>sublimem</strong></span> <span class='ocrx_word' id='word_1_165' title='bbox 980 1050 1044 1070; x_wconf 88' lang='lat' dir='ltr'><strong>con-</strong></span> 
     </span>
    </p>
   </div>
   <div class='ocr_carea' id='block_1_23' title="bbox 260 1085 1044 1121">
    <p class='ocr_par' dir='ltr' id='par_1_23' title="bbox 260 1085 1044 1121">
     <span class='ocr_line' id='line_1_23' title="bbox 260 1085 1044 1121; baseline 0 -8"><span class='ocrx_word' id='word_1_166' title='bbox 260 1086 476 1121; x_wconf 87' lang='lat' dir='ltr'><strong>templationem.</strong></span> <span class='ocrx_word' id='word_1_167' title='bbox 497 1085 591 1112; x_wconf 83' lang='lat' dir='ltr'><strong>Merob</strong></span> <span class='ocrx_word' id='word_1_168' title='bbox 614 1089 705 1112; x_wconf 78' lang='lat' dir='ltr'><strong>autem</strong></span> <span class='ocrx_word' id='word_1_169' title='bbox 727 1090 770 1113; x_wconf 88' lang='lat' dir='ltr'><strong>est</strong></span> <span class='ocrx_word' id='word_1_170' title='bbox 794 1085 859 1113; x_wconf 87' lang='lat' dir='ltr'><strong>ﬁlia.</strong></span> <span class='ocrx_word' id='word_1_171' title='bbox 881 1086 950 1113; x_wconf 87' lang='lat' dir='ltr'><strong>Nam</strong></span> <span class='ocrx_word' id='word_1_172' title='bbox 970 1085 1044 1120; x_wconf 89' lang='lat' dir='ltr'><strong>quod</strong></span> 
     </span>
    </p>
   </div>
   <div class='ocr_carea' id='block_1_24' title="bbox 260 1130 1042 1166">
    <p class='ocr_par' dir='ltr' id='par_1_24' title="bbox 260 1130 1042 1166">
     <span class='ocr_line' id='line_1_24' title="bbox 260 1130 1042 1166; baseline 0 -8"><span class='ocrx_word' id='word_1_173' title='bbox 260 1131 328 1166; x_wconf 80' lang='lat' dir='ltr'><strong>legis</strong></span> <span class='ocrx_word' id='word_1_174' title='bbox 341 1134 383 1158; x_wconf 89' lang='lat' dir='ltr'><strong>est</strong></span> <span class='ocrx_word' id='word_1_175' title='bbox 400 1138 564 1165; x_wconf 89' lang='lat' dir='ltr'><strong>corporeum</strong></span> <span class='ocrx_word' id='word_1_176' title='bbox 580 1135 609 1158; x_wconf 89' lang='lat' dir='ltr'><strong>et</strong></span> <span class='ocrx_word' id='word_1_177' title='bbox 628 1130 728 1158; x_wconf 85' lang='lat' dir='ltr'><strong>sensile</strong></span> <span class='ocrx_word' id='word_1_178' title='bbox 749 1135 862 1166; x_wconf 84' lang='lat' dir='ltr'><strong>generat</strong></span> <span class='ocrx_word' id='word_1_179' title='bbox 883 1130 1042 1166; x_wconf 81' lang='lat' dir='ltr'><strong>ingluviem.</strong></span> 
     </span>
    </p>
   </div>
   <div class='ocr_carea' id='block_1_25' title="bbox 262 1175 1045 1210">
    <p class='ocr_par' dir='ltr' id='par_1_25' title="bbox 262 1175 1045 1210">
     <span class='ocr_line' id='line_1_25' title="bbox 262 1175 1045 1210; baseline 0.001 -7"><span class='ocrx_word' id='word_1_180' title='bbox 262 1176 298 1203; x_wconf 89' lang='lat' dir='ltr'><strong>Ut</strong></span> <span class='ocrx_word' id='word_1_181' title='bbox 320 1179 412 1203; x_wconf 87' lang='lat' dir='ltr'><strong>autem</strong></span> <span class='ocrx_word' id='word_1_182' title='bbox 431 1175 601 1210; x_wconf 88' lang='lat' dir='ltr'><strong>explicemus</strong></span> <span class='ocrx_word' id='word_1_183' title='bbox 627 1176 710 1202; x_wconf 86' lang='lat' dir='ltr'><strong>etiam</strong></span> <span class='ocrx_word' id='word_1_184' title='bbox 730 1176 841 1203; x_wconf 88' lang='lat' dir='ltr'><strong>nomina</strong></span> <span class='ocrx_word' id='word_1_185' title='bbox 868 1176 986 1203; x_wconf 88' lang='lat' dir='ltr'><strong>ﬁliorum</strong></span> <span class='ocrx_word' id='word_1_186' title='bbox 1010 1184 1045 1204; x_wconf 88' lang='lat' dir='ltr'><strong>ex</strong></span> 
     </span>
    </p>
   </div>
   <div class='ocr_carea' id='block_1_26' title="bbox 261 1221 1043 1257">
    <p class='ocr_par' dir='ltr' id='par_1_26' title="bbox 261 1221 1043 1257">
     <span class='ocr_line' id='line_1_26' title="bbox 261 1221 1043 1257; baseline 0.003 -9"><span class='ocrx_word' id='word_1_187' title='bbox 261 1221 380 1256; x_wconf 78' lang='lat' dir='ltr'><strong>Respha,</strong></span> <span class='ocrx_word' id='word_1_188' title='bbox 394 1221 538 1249; x_wconf 81' lang='lat' dir='ltr'><strong>Hermolhi</strong></span> <span class='ocrx_word' id='word_1_189' title='bbox 555 1221 667 1256; x_wconf 89' lang='lat' dir='ltr'><strong>quidem</strong></span> <span class='ocrx_word' id='word_1_190' title='bbox 681 1222 880 1257; x_wconf 83' lang='lat' dir='ltr'><strong>interpretatur</strong></span> <span class='ocrx_word' id='word_1_191' title='bbox 892 1223 1043 1250; x_wconf 80' lang='lat' dir='ltr'><strong>anathema.</strong></span> 
     </span>
    </p>
   </div>
   <div class='ocr_carea' id='block_1_27' title="bbox 261 1267 1045 1303">
    <p class='ocr_par' dir='ltr' id='par_1_27' title="bbox 261 1267 1045 1303">
     <span class='ocr_line' id='line_1_27' title="bbox 261 1267 1045 1303; baseline 0.001 -9"><span class='ocrx_word' id='word_1_192' title='bbox 261 1267 326 1295; x_wconf 87' lang='lat' dir='ltr'><strong>Tale</strong></span> <span class='ocrx_word' id='word_1_193' title='bbox 347 1271 439 1295; x_wconf 88' lang='lat' dir='ltr'><strong>autem</strong></span> <span class='ocrx_word' id='word_1_194' title='bbox 461 1271 504 1294; x_wconf 83' lang='lat' dir='ltr'><strong>est</strong></span> <span class='ocrx_word' id='word_1_195' title='bbox 517 1267 591 1302; x_wconf 86' lang='lat' dir='ltr'><strong>quod</strong></span> <span class='ocrx_word' id='word_1_196' title='bbox 611 1275 644 1294; x_wconf 81' lang='lat' dir='ltr'><strong>ex</strong></span> <span class='ocrx_word' id='word_1_197' title='bbox 656 1274 772 1302; x_wconf 89' lang='lat' dir='ltr'><strong>corpore</strong></span> <span class='ocrx_word' id='word_1_198' title='bbox 786 1268 892 1295; x_wconf 81' lang='lat' dir='ltr'><strong>exsistit</strong></span> <span class='ocrx_word' id='word_1_199' title='bbox 903 1272 1045 1303; x_wconf 81' lang='lat' dir='ltr'><strong>peccatum</strong></span> 
     </span>
    </p>
   </div>
   <div class='ocr_carea' id='block_1_28' title="bbox 260 1313 1045 1350">
    <p class='ocr_par' dir='ltr' id='par_1_28' title="bbox 260 1313 1045 1350">
     <span class='ocr_line' id='line_1_28' title="bbox 260 1313 1045 1350; baseline 0.003 -8"><span class='ocrx_word' id='word_1_200' title='bbox 260 1314 378 1342; x_wconf 68' lang='lat' dir='ltr'><strong>daamoni</strong></span> <span class='ocrx_word' id='word_1_201' title='bbox 390 1313 557 1346; x_wconf 88' lang='lat' dir='ltr'><strong>dedicatum,</strong></span> <span class='ocrx_word' id='word_1_202' title='bbox 571 1314 618 1348; x_wconf 92' lang='lat' dir='ltr'><strong>qui</strong></span> <span class='ocrx_word' id='word_1_203' title='bbox 634 1314 660 1341; x_wconf 92' lang='lat' dir='ltr'><strong>id</strong></span> <span class='ocrx_word' id='word_1_204' title='bbox 673 1320 813 1349; x_wconf 80' lang='lat' dir='ltr'><strong>operatur.</strong></span> <span class='ocrx_word' id='word_1_205' title='bbox 828 1315 1045 1350; x_wconf 84' lang='lat' dir='ltr'><strong>Memphiboseth</strong></span> 
     </span>
    </p>
   </div>
   <div class='ocr_carea' id='block_1_29' title="bbox 260 1359 1046 1395">
    <p class='ocr_par' dir='ltr' id='par_1_29' title="bbox 260 1359 1046 1395">
     <span class='ocr_line' id='line_1_29' title="bbox 260 1359 1046 1395; baseline 0.003 -8"><span class='ocrx_word' id='word_1_206' title='bbox 260 1364 354 1388; x_wconf 84' lang='lat' dir='ltr'><strong>autem</strong></span> <span class='ocrx_word' id='word_1_207' title='bbox 368 1360 462 1395; x_wconf 83' lang='lat' dir='ltr'><strong>pudor.</strong></span> <span class='ocrx_word' id='word_1_208' title='bbox 475 1359 540 1387; x_wconf 81' lang='lat' dir='ltr'><strong>Tale</strong></span> <span class='ocrx_word' id='word_1_209' title='bbox 555 1364 646 1387; x_wconf 88' lang='lat' dir='ltr'><strong>autem</strong></span> <span class='ocrx_word' id='word_1_210' title='bbox 662 1367 759 1387; x_wconf 89' lang='lat' dir='ltr'><strong>rursus</strong></span> <span class='ocrx_word' id='word_1_211' title='bbox 770 1364 813 1387; x_wconf 88' lang='lat' dir='ltr'><strong>est</strong></span> <span class='ocrx_word' id='word_1_212' title='bbox 826 1361 899 1395; x_wconf 88' lang='lat' dir='ltr'><strong>quod</strong></span> <span class='ocrx_word' id='word_1_213' title='bbox 909 1369 943 1388; x_wconf 87' lang='lat' dir='ltr'><strong>ex</strong></span> <span class='ocrx_word' id='word_1_214' title='bbox 955 1366 1046 1389; x_wconf 87' lang='lat' dir='ltr'><strong>mente</strong></span> 
     </span>
    </p>
   </div>
   <div class='ocr_carea' id='block_1_30' title="bbox 261 1403 1047 1440">
    <p class='ocr_par' dir='ltr' id='par_1_30' title="bbox 261 1403 1047 1440">
     <span class='ocr_line' id='line_1_30' title="bbox 261 1403 1047 1440; baseline 0.001 -8"><span class='ocrx_word' id='word_1_215' title='bbox 261 1404 369 1432; x_wconf 84' lang='lat' dir='ltr'><strong>exsistit</strong></span> <span class='ocrx_word' id='word_1_216' title='bbox 381 1408 523 1438; x_wconf 87' lang='lat' dir='ltr'><strong>peccatum</strong></span> <span class='ocrx_word' id='word_1_217' title='bbox 541 1408 661 1431; x_wconf 87' lang='lat' dir='ltr'><strong>mentem</strong></span> <span class='ocrx_word' id='word_1_218' title='bbox 677 1404 813 1431; x_wconf 87' lang='lat' dir='ltr'><strong>dedecore</strong></span> <span class='ocrx_word' id='word_1_219' title='bbox 836 1403 967 1438; x_wconf 72' lang='lat' dir='ltr'><strong>aﬁieiens,</strong></span> <span class='ocrx_word' id='word_1_220' title='bbox 986 1413 1047 1440; x_wconf 77' lang='lat' dir='ltr'><strong>quae</strong></span> 
     </span>
    </p>
   </div>
   <div class='ocr_carea' id='block_1_31' title="bbox 261 1449 1082 1493">
    <p class='ocr_par' dir='ltr' id='par_1_31' title="bbox 261 1449 1082 1493">
     <span class='ocr_line' id='line_1_31' title="bbox 261 1449 1082 1493; baseline -0.001 -15"><span class='ocrx_word' id='word_1_221' title='bbox 261 1454 304 1478; x_wconf 88' lang='lat' dir='ltr'><strong>est</strong></span> <span class='ocrx_word' id='word_1_222' title='bbox 316 1449 402 1485; x_wconf 78' lang='lat' dir='ltr'><strong>gloria</strong></span> <span class='ocrx_word' id='word_1_223' title='bbox 417 1449 523 1475; x_wconf 66' lang='lat' dir='ltr'><strong>animm.</strong></span> <span class='ocrx_word' id='word_1_224' title='bbox 539 1449 675 1481; x_wconf 85' lang='lat' dir='ltr'><strong>Quoniam</strong></span> <span class='ocrx_word' id='word_1_225' title='bbox 690 1454 780 1475; x_wconf 88' lang='lat' dir='ltr'><strong>autem</strong></span> <span class='ocrx_word' id='word_1_226' title='bbox 792 1449 925 1476; x_wconf 82' lang='lat' dir='ltr'><strong>Esdrielis</strong></span> <span class='ocrx_word' id='word_1_227' title='bbox 937 1458 1047 1485; x_wconf 76' lang='lat' dir='ltr'><strong>quoque</strong></span> <span class='ocrx_word' id='word_1_228' title='bbox 1061 1464 1082 1493; x_wconf 66' lang='grc' dir='ltr'>α</span> 
     </span>
    </p>
   </div>
   <div class='ocr_carea' id='block_1_32' title="bbox 259 1495 1046 1529">
    <p class='ocr_par' dir='ltr' id='par_1_32' title="bbox 259 1495 1046 1529">
     <span class='ocr_line' id='line_1_32' title="bbox 259 1495 1046 1529; baseline 0.003 -7"><span class='ocrx_word' id='word_1_229' title='bbox 259 1495 354 1522; x_wconf 84' lang='lat' dir='ltr'><strong>mariti</strong></span> <span class='ocrx_word' id='word_1_230' title='bbox 368 1495 486 1522; x_wconf 73' lang='lat' dir='ltr'><strong>Merobis</strong></span> <span class='ocrx_word' id='word_1_231' title='bbox 498 1495 621 1521; x_wconf 84' lang='lat' dir='ltr'><strong>meminit</strong></span> <span class='ocrx_word' id='word_1_232' title='bbox 633 1495 731 1526; x_wconf 87' lang='lat' dir='ltr'><strong>oratio,</strong></span> <span class='ocrx_word' id='word_1_233' title='bbox 748 1495 943 1529; x_wconf 77' lang='lat' dir='ltr'><strong>interpretatur</strong></span> <span class='ocrx_word' id='word_1_234' title='bbox 954 1503 1046 1524; x_wconf 82' lang='lat' dir='ltr'><strong>autem</strong></span> 
     </span>
    </p>
   </div>
   <div class='ocr_carea' id='block_1_33' title="bbox 262 1539 1045 1576">
    <p class='ocr_par' dir='ltr' id='par_1_33' title="bbox 262 1539 1045 1576">
     <span class='ocr_line' id='line_1_33' title="bbox 262 1539 1045 1576; baseline 0.003 -10"><span class='ocrx_word' id='word_1_235' title='bbox 262 1539 381 1570; x_wconf 87' lang='lat' dir='ltr'><strong>Esdriel,</strong></span> <span class='ocrx_word' id='word_1_236' title='bbox 391 1544 510 1573; x_wconf 73' lang='lat' dir='ltr'><strong>aSpccms</strong></span> <span class='ocrx_word' id='word_1_237' title='bbox 524 1543 623 1572; x_wconf 71' lang='lat' dir='ltr'><strong>potans,</strong></span> <span class='ocrx_word' id='word_1_238' title='bbox 631 1544 672 1565; x_wconf 88' lang='lat' dir='ltr'><strong>est</strong></span> <span class='ocrx_word' id='word_1_239' title='bbox 685 1544 775 1565; x_wconf 86' lang='lat' dir='ltr'><strong>autem</strong></span> <span class='ocrx_word' id='word_1_240' title='bbox 786 1547 861 1567; x_wconf 82' lang='lat' dir='ltr'><strong>mons</strong></span> <span class='ocrx_word' id='word_1_241' title='bbox 870 1540 1027 1576; x_wconf 81' lang='lat' dir='ltr'><strong>hujusmodi</strong></span> <span class='ocrx_word' id='word_1_242' title='bbox 1039 1551 1045 1568; x_wconf 94' lang='lat'><strong>:</strong></span> 
     </span>
    </p>
   </div>
   <div class='ocr_carea' id='block_1_34' title="bbox 262 1584 1046 1621">
    <p class='ocr_par' dir='ltr' id='par_1_34' title="bbox 262 1584 1046 1621">
     <span class='ocr_line' id='line_1_34' title="bbox 262 1584 1046 1621; baseline 0.003 -9"><span class='ocrx_word' id='word_1_243' title='bbox 262 1584 348 1612; x_wconf 81' lang='lat' dir='ltr'><strong>fuerit</strong></span> <span class='ocrx_word' id='word_1_244' title='bbox 357 1584 464 1611; x_wconf 83' lang='lat' dir='ltr'><strong>Esdriel</strong></span> <span class='ocrx_word' id='word_1_245' title='bbox 475 1592 553 1612; x_wconf 87' lang='lat' dir='ltr'><strong>mens</strong></span> <span class='ocrx_word' id='word_1_246' title='bbox 567 1592 628 1619; x_wconf 70' lang='lat' dir='ltr'><strong>qua:</strong></span> <span class='ocrx_word' id='word_1_247' title='bbox 640 1589 683 1611; x_wconf 88' lang='lat' dir='ltr'><strong>est</strong></span> <span class='ocrx_word' id='word_1_248' title='bbox 693 1585 823 1619; x_wconf 82' lang='lat' dir='ltr'><strong>proclivis</strong></span> <span class='ocrx_word' id='word_1_249' title='bbox 837 1586 871 1613; x_wconf 87' lang='lat' dir='ltr'><strong>ad</strong></span> <span class='ocrx_word' id='word_1_250' title='bbox 886 1586 1046 1621; x_wconf 84' lang='lat' dir='ltr'><strong>ingluviem,</strong></span> 
     </span>
    </p>
   </div>
   <div class='ocr_carea' id='block_1_35' title="bbox 262 1628 1047 1666">
    <p class='ocr_par' dir='ltr' id='par_1_35' title="bbox 262 1628 1047 1666">
     <span class='ocr_line' id='line_1_35' title="bbox 262 1628 1047 1666; baseline 0.003 -8"><span class='ocrx_word' id='word_1_251' title='bbox 262 1635 293 1658; x_wconf 91' lang='lat' dir='ltr'><strong>et</strong></span> <span class='ocrx_word' id='word_1_252' title='bbox 307 1637 369 1657; x_wconf 91' lang='lat' dir='ltr'><strong>cum</strong></span> <span class='ocrx_word' id='word_1_253' title='bbox 383 1636 417 1657; x_wconf 91' lang='lat' dir='ltr'><strong>ea</strong></span> <span class='ocrx_word' id='word_1_254' title='bbox 429 1633 563 1656; x_wconf 85' lang='lat' dir='ltr'><strong>versatur.</strong></span> <span class='ocrx_word' id='word_1_255' title='bbox 578 1628 740 1665; x_wconf 88' lang='lat' dir='ltr'><strong>Quicunque</strong></span> <span class='ocrx_word' id='word_1_256' title='bbox 753 1637 818 1665; x_wconf 90' lang='lat' dir='ltr'><strong>ergo</strong></span> <span class='ocrx_word' id='word_1_257' title='bbox 836 1631 935 1666; x_wconf 65' lang='lat' dir='ltr'><strong>quaerit</strong></span> <span class='ocrx_word' id='word_1_258' title='bbox 949 1631 1047 1660; x_wconf 76' lang='lat' dir='ltr'><strong>faciem</strong></span> 
     </span>
    </p>
   </div>
   <div class='ocr_carea' id='block_1_36' title="bbox 263 1674 1046 1711">
    <p class='ocr_par' dir='ltr' id='par_1_36' title="bbox 263 1674 1046 1711">
     <span class='ocr_line' id='line_1_36' title="bbox 263 1674 1046 1711; baseline 0.003 -7"><span class='ocrx_word' id='word_1_259' title='bbox 263 1676 371 1704; x_wconf 89' lang='lat' dir='ltr'><strong>Domini</strong></span> <span class='ocrx_word' id='word_1_260' title='bbox 383 1676 460 1711; x_wconf 83' lang='lat' dir='ltr'><strong>juxta</strong></span> <span class='ocrx_word' id='word_1_261' title='bbox 470 1675 556 1703; x_wconf 89' lang='lat' dir='ltr'><strong>David</strong></span> <span class='ocrx_word' id='word_1_262' title='bbox 567 1675 601 1706; x_wconf 90' lang='grc'><strong>³³,</strong></span> <span class='ocrx_word' id='word_1_263' title='bbox 621 1674 756 1703; x_wconf 86' lang='lat' dir='ltr'><strong>interimit</strong></span> <span class='ocrx_word' id='word_1_264' title='bbox 772 1677 860 1705; x_wconf 88' lang='lat' dir='ltr'><strong>dictos</strong></span> <span class='ocrx_word' id='word_1_265' title='bbox 874 1677 944 1705; x_wconf 89' lang='lat' dir='ltr'><strong>lilios</strong></span> <span class='ocrx_word' id='word_1_266' title='bbox 956 1682 984 1706; x_wconf 90' lang='lat' dir='ltr'><strong>et</strong></span> <span class='ocrx_word' id='word_1_267' title='bbox 998 1686 1046 1706; x_wconf 92' lang='lat' dir='ltr'><strong>ne-</strong></span> 
     </span>
    </p>
   </div>
   <div class='ocr_carea' id='block_1_37' title="bbox 263 1721 1048 1759">
    <p class='ocr_par' dir='ltr' id='par_1_37' title="bbox 263 1721 1048 1759">
     <span class='ocr_line' id='line_1_37' title="bbox 263 1721 1048 1759; baseline 0.004 -10"><span class='ocrx_word' id='word_1_268' title='bbox 263 1726 341 1756; x_wconf 88' lang='lat' dir='ltr'><strong>potes</strong></span> <span class='ocrx_word' id='word_1_269' title='bbox 351 1721 452 1753; x_wconf 88' lang='lat' dir='ltr'><strong>Saulis,</strong></span> <span class='ocrx_word' id='word_1_270' title='bbox 472 1727 522 1756; x_wconf 86' lang='lat' dir='ltr'><strong>per</strong></span> <span class='ocrx_word' id='word_1_271' title='bbox 539 1721 658 1748; x_wconf 90' lang='lat' dir='ltr'><strong>mediam</strong></span> <span class='ocrx_word' id='word_1_272' title='bbox 674 1721 827 1749; x_wconf 87' lang='lat' dir='ltr'><strong>naturalem</strong></span> <span class='ocrx_word' id='word_1_273' title='bbox 841 1724 1048 1759; x_wconf 89' lang='lat' dir='ltr'><strong>contemplatio-</strong></span> 
     </span>
    </p>
   </div>
   <div class='ocr_carea' id='block_1_38' title="bbox 263 1765 1048 1802">
    <p class='ocr_par' dir='ltr' id='par_1_38' title="bbox 263 1765 1048 1802">
     <span class='ocr_line' id='line_1_38' title="bbox 263 1765 1048 1802; baseline 0.004 -8"><span class='ocrx_word' id='word_1_274' title='bbox 263 1773 337 1798; x_wconf 86' lang='lat' dir='ltr'><strong>nem,</strong></span> <span class='ocrx_word' id='word_1_275' title='bbox 356 1765 384 1792; x_wconf 94' lang='lat' dir='ltr'><strong>in</strong></span> <span class='ocrx_word' id='word_1_276' title='bbox 402 1765 548 1793; x_wconf 85' lang='lat' dir='ltr'><strong>altitudine</strong></span> <span class='ocrx_word' id='word_1_277' title='bbox 566 1765 741 1801; x_wconf 82' lang='lat' dir='ltr'><strong>cognitionis,</strong></span> <span class='ocrx_word' id='word_1_278' title='bbox 760 1767 899 1802; x_wconf 90' lang='lat' dir='ltr'><strong>quomodo</strong></span> <span class='ocrx_word' id='word_1_279' title='bbox 915 1768 961 1796; x_wconf 90' lang='lat' dir='ltr'><strong>ille</strong></span> <span class='ocrx_word' id='word_1_280' title='bbox 986 1769 1048 1798; x_wconf 87' lang='lat' dir='ltr'><strong>illos</strong></span> 
     </span>
    </p>
   </div>
   <div class='ocr_carea' id='block_1_39' title="bbox 263 1810 1047 1847">
    <p class='ocr_par' dir='ltr' id='par_1_39' title="bbox 263 1810 1047 1847">
     <span class='ocr_line' id='line_1_39' title="bbox 263 1810 1047 1847; baseline 0.006 -10"><span class='ocrx_word' id='word_1_281' title='bbox 263 1818 314 1845; x_wconf 89' lang='lat' dir='ltr'><strong>per</strong></span> <span class='ocrx_word' id='word_1_282' title='bbox 325 1810 490 1838; x_wconf 86' lang='lat' dir='ltr'><strong>Gabaonitas</strong></span> <span class='ocrx_word' id='word_1_283' title='bbox 506 1811 533 1837; x_wconf 92' lang='lat' dir='ltr'><strong>in</strong></span> <span class='ocrx_word' id='word_1_284' title='bbox 549 1815 652 1843; x_wconf 85' lang='lat' dir='ltr'><strong>monte,</strong></span> <span class='ocrx_word' id='word_1_285' title='bbox 672 1815 701 1839; x_wconf 91' lang='lat' dir='ltr'><strong>et</strong></span> <span class='ocrx_word' id='word_1_286' title='bbox 714 1819 762 1839; x_wconf 87' lang='lat' dir='ltr'><strong>eos</strong></span> <span class='ocrx_word' id='word_1_287' title='bbox 775 1812 888 1847; x_wconf 80' lang='lat' dir='ltr'><strong>exponit</strong></span> <span class='ocrx_word' id='word_1_288' title='bbox 909 1813 944 1842; x_wconf 88' lang='lat' dir='ltr'><strong>ad</strong></span> <span class='ocrx_word' id='word_1_289' title='bbox 963 1814 1047 1842; x_wconf 91' lang='lat' dir='ltr'><strong>solem</strong></span> 
     </span>
    </p>
   </div>
   <div class='ocr_carea' id='block_1_40' title="bbox 263 1855 1048 1889">
    <p class='ocr_par' dir='ltr' id='par_1_40' title="bbox 263 1855 1048 1889">
     <span class='ocr_line' id='line_1_40' title="bbox 263 1855 1048 1889; baseline 0.006 -6"><span class='ocrx_word' id='word_1_290' title='bbox 263 1864 356 1884; x_wconf 87' lang='lat' dir='ltr'><strong>coram</strong></span> <span class='ocrx_word' id='word_1_291' title='bbox 372 1856 506 1889; x_wconf 84' lang='lat' dir='ltr'><strong>Domino,</strong></span> <span class='ocrx_word' id='word_1_292' title='bbox 523 1855 576 1884; x_wconf 88' lang='lat' dir='ltr'><strong>hoc</strong></span> <span class='ocrx_word' id='word_1_293' title='bbox 597 1860 655 1889; x_wconf 90' lang='lat' dir='ltr'><strong>est,</strong></span> <span class='ocrx_word' id='word_1_294' title='bbox 677 1857 798 1885; x_wconf 87' lang='lat' dir='ltr'><strong>ostendit</strong></span> <span class='ocrx_word' id='word_1_295' title='bbox 812 1866 859 1886; x_wconf 85' lang='lat' dir='ltr'><strong>eos</strong></span> <span class='ocrx_word' id='word_1_296' title='bbox 875 1864 999 1888; x_wconf 90' lang='lat' dir='ltr'><strong>mortuos</strong></span> <span class='ocrx_word' id='word_1_297' title='bbox 1020 1860 1048 1888; x_wconf 92' lang='lat' dir='ltr'><strong>in</strong></span> 
     </span>
    </p>
   </div>
   <div class='ocr_carea' id='block_1_41' title="bbox 264 1901 1049 1939">
    <p class='ocr_par' dir='ltr' id='par_1_41' title="bbox 264 1901 1049 1939">
     <span class='ocr_line' id='line_1_41' title="bbox 264 1901 1049 1939; baseline 0.008 -11"><span class='ocrx_word' id='word_1_298' title='bbox 264 1905 413 1936; x_wconf 87' lang='lat' dir='ltr'><strong>conspectu</strong></span> <span class='ocrx_word' id='word_1_299' title='bbox 426 1901 545 1929; x_wconf 90' lang='lat' dir='ltr'><strong>Domini.</strong></span> <span class='ocrx_word' id='word_1_300' title='bbox 557 1901 598 1929; x_wconf 85' lang='lat' dir='ltr'><strong>Ad</strong></span> <span class='ocrx_word' id='word_1_301' title='bbox 611 1902 695 1930; x_wconf 93' lang='lat' dir='ltr'><strong>solem</strong></span> <span class='ocrx_word' id='word_1_302' title='bbox 708 1902 782 1930; x_wconf 87' lang='lat' dir='ltr'><strong>enim</strong></span> <span class='ocrx_word' id='word_1_303' title='bbox 792 1904 992 1939; x_wconf 85' lang='lat' dir='ltr'><strong>expositionem</strong></span> <span class='ocrx_word' id='word_1_304' title='bbox 1004 1906 1049 1934; x_wconf 92' lang='lat' dir='ltr'><strong>hic</strong></span> 
     </span>
    </p>
   </div>
   <div class='ocr_carea' id='block_1_42' title="bbox 264 1947 1049 1985">
    <p class='ocr_par' dir='ltr' id='par_1_42' title="bbox 264 1947 1049 1985">
     <span class='ocr_line' id='line_1_42' title="bbox 264 1947 1049 1985; baseline 0.008 -12"><span class='ocrx_word' id='word_1_305' title='bbox 264 1947 451 1982; x_wconf 79' lang='lat' dir='ltr'><strong>intelligimus,</strong></span> <span class='ocrx_word' id='word_1_306' title='bbox 470 1947 717 1975; x_wconf 83' lang='lat' dir='ltr'><strong>manifestationem</strong></span> <span class='ocrx_word' id='word_1_307' title='bbox 729 1956 810 1983; x_wconf 85' lang='lat' dir='ltr'><strong>quam</strong></span> <span class='ocrx_word' id='word_1_308' title='bbox 827 1950 969 1985; x_wconf 86' lang='lat' dir='ltr'><strong>patiuntur</strong></span> <span class='ocrx_word' id='word_1_309' title='bbox 982 1951 1049 1980; x_wconf 87' lang='lat' dir='ltr'><strong>vitia</strong></span> 
     </span>
    </p>
   </div>
   <div class='ocr_carea' id='block_1_43' title="bbox 263 1992 1049 2031">
    <p class='ocr_par' dir='ltr' id='par_1_43' title="bbox 263 1992 1049 2031">
     <span class='ocr_line' id='line_1_43' title="bbox 263 1992 1049 2031; baseline 0.009 -13"><span class='ocrx_word' id='word_1_310' title='bbox 263 1995 293 2019; x_wconf 88' lang='lat' dir='ltr'><strong>et</strong></span> <span class='ocrx_word' id='word_1_311' title='bbox 307 1992 530 2026; x_wconf 86' lang='lat' dir='ltr'><strong>perturbationes</strong></span> <span class='ocrx_word' id='word_1_312' title='bbox 543 2000 591 2020; x_wconf 86' lang='lat' dir='ltr'><strong>seu</strong></span> <span class='ocrx_word' id='word_1_313' title='bbox 602 1992 773 2026; x_wconf 63' lang='lat' dir='ltr'><strong>affectiones,</strong></span> <span class='ocrx_word' id='word_1_314' title='bbox 785 2002 846 2029; x_wconf 68' lang='lat' dir='ltr'><strong>quae</strong></span> <span class='ocrx_word' id='word_1_315' title='bbox 856 2003 906 2031; x_wconf 85' lang='lat' dir='ltr'><strong>per</strong></span> <span class='ocrx_word' id='word_1_316' title='bbox 917 1997 1049 2025; x_wconf 86' lang='lat' dir='ltr'><strong>sublimes</strong></span> 
     </span>
    </p>
   </div>
   <div class='ocr_carea' id='block_1_44' title="bbox 264 2036 1048 2076">
    <p class='ocr_par' dir='ltr' id='par_1_44' title="bbox 264 2036 1048 2076">
     <span class='ocr_line' id='line_1_44' title="bbox 264 2036 1048 2076; baseline 0.009 -14"><span class='ocrx_word' id='word_1_317' title='bbox 264 2040 369 2063; x_wconf 64' lang='lat' dir='ltr'><strong>natura:</strong></span> <span class='ocrx_word' id='word_1_318' title='bbox 389 2036 612 2064; x_wconf 86' lang='lat' dir='ltr'><strong>ratiocinationes</strong></span> <span class='ocrx_word' id='word_1_319' title='bbox 625 2037 765 2065; x_wconf 87' lang='lat' dir='ltr'><strong>ducuntur</strong></span> <span class='ocrx_word' id='word_1_320' title='bbox 784 2039 812 2067; x_wconf 92' lang='lat' dir='ltr'><strong>in</strong></span> <span class='ocrx_word' id='word_1_321' title='bbox 827 2040 997 2076; x_wconf 88' lang='lat' dir='ltr'><strong>triumphum</strong></span> <span class='ocrx_word' id='word_1_322' title='bbox 1015 2049 1048 2069; x_wconf 86' lang='lat' dir='ltr'><strong>ex</strong></span> 
     </span>
    </p>
   </div>
   <div class='ocr_carea' id='block_1_45' title="bbox 265 2081 1048 2120">
    <p class='ocr_par' dir='ltr' id='par_1_45' title="bbox 265 2081 1048 2120">
     <span class='ocr_line' id='line_1_45' title="bbox 265 2081 1048 2120; baseline 0.009 -13"><span class='ocrx_word' id='word_1_323' title='bbox 265 2081 376 2108; x_wconf 84' lang='lat' dir='ltr'><strong>sublimi</strong></span> <span class='ocrx_word' id='word_1_324' title='bbox 398 2081 628 2116; x_wconf 85' lang='lat' dir='ltr'><strong>contemplatione</strong></span> <span class='ocrx_word' id='word_1_325' title='bbox 645 2091 652 2109; x_wconf 91' lang='lat'><strong>:</strong></span> <span class='ocrx_word' id='word_1_326' title='bbox 671 2087 699 2111; x_wconf 82' lang='lat' dir='ltr'><strong>et</strong></span> <span class='ocrx_word' id='word_1_327' title='bbox 716 2083 754 2111; x_wconf 86' lang='lat' dir='ltr'><strong>ita</strong></span> <span class='ocrx_word' id='word_1_328' title='bbox 767 2084 853 2111; x_wconf 86' lang='lat' dir='ltr'><strong>Deum</strong></span> <span class='ocrx_word' id='word_1_329' title='bbox 875 2086 973 2120; x_wconf 84' lang='lat' dir='ltr'><strong>placat.</strong></span> <span class='ocrx_word' id='word_1_330' title='bbox 995 2087 1048 2114; x_wconf 89' lang='lat' dir='ltr'><strong>lni-</strong></span> 
     </span>
    </p>
   </div>
   <div class='ocr_carea' id='block_1_46' title="bbox 266 2125 1086 2166">
    <p class='ocr_par' dir='ltr' id='par_1_46' title="bbox 266 2125 1086 2166">
     <span class='ocr_line' id='line_1_46' title="bbox 266 2125 1086 2166; baseline 0.009 -13"><span class='ocrx_word' id='word_1_331' title='bbox 266 2127 334 2153; x_wconf 86' lang='lat' dir='ltr'><strong>tium</strong></span> <span class='ocrx_word' id='word_1_332' title='bbox 348 2130 439 2152; x_wconf 83' lang='lat' dir='ltr'><strong>autem</strong></span> <span class='ocrx_word' id='word_1_333' title='bbox 451 2125 547 2153; x_wconf 85' lang='lat' dir='ltr'><strong>messis</strong></span> <span class='ocrx_word' id='word_1_334' title='bbox 561 2126 668 2159; x_wconf 90' lang='lat' dir='ltr'><strong>hordei,</strong></span> <span class='ocrx_word' id='word_1_335' title='bbox 679 2132 722 2155; x_wconf 88' lang='lat' dir='ltr'><strong>est</strong></span> <span class='ocrx_word' id='word_1_336' title='bbox 734 2128 844 2155; x_wconf 92' lang='lat' dir='ltr'><strong>initium</strong></span> <span class='ocrx_word' id='word_1_337' title='bbox 859 2130 970 2164; x_wconf 85' lang='lat' dir='ltr'><strong>pietatis</strong></span> <span class='ocrx_word' id='word_1_338' title='bbox 987 2139 1048 2166; x_wconf 82' lang='lat' dir='ltr'><strong>quae</strong></span> <span class='ocrx_word' id='word_1_339' title='bbox 1065 2135 1086 2163; x_wconf 90' lang='lat' dir='ltr'><strong>D</strong></span> 
     </span>
    </p>
   </div>
   <div class='ocr_carea' id='block_1_47' title="bbox 265 2171 1050 2209">
    <p class='ocr_par' dir='ltr' id='par_1_47' title="bbox 265 2171 1050 2209">
     <span class='ocr_line' id='line_1_47' title="bbox 265 2171 1050 2209; baseline 0.011 -12"><span class='ocrx_word' id='word_1_340' title='bbox 265 2176 308 2198; x_wconf 85' lang='lat' dir='ltr'><strong>est</strong></span> <span class='ocrx_word' id='word_1_341' title='bbox 321 2179 354 2198; x_wconf 84' lang='lat' dir='ltr'><strong>ex</strong></span> <span class='ocrx_word' id='word_1_342' title='bbox 364 2171 481 2198; x_wconf 83' lang='lat' dir='ltr'><strong>naturali</strong></span> <span class='ocrx_word' id='word_1_343' title='bbox 493 2172 734 2207; x_wconf 86' lang='lat' dir='ltr'><strong>contemplatione,</strong></span> <span class='ocrx_word' id='word_1_344' title='bbox 747 2175 857 2209; x_wconf 89' lang='lat' dir='ltr'><strong>quando</strong></span> <span class='ocrx_word' id='word_1_345' title='bbox 872 2175 1050 2206; x_wconf 85' lang='lat' dir='ltr'><strong>demetuntur</strong></span> 
     </span>
    </p>
   </div>
   <div class='ocr_carea' id='block_1_48' title="bbox 265 2217 1050 2259">
    <p class='ocr_par' dir='ltr' id='par_1_48' title="bbox 265 2217 1050 2259">
     <span class='ocr_line' id='line_1_48' title="bbox 265 2217 1050 2259; baseline 0.01 -16"><span class='ocrx_word' id='word_1_346' title='bbox 265 2217 420 2244; x_wconf 87' lang='lat' dir='ltr'><strong>nutrientes</strong></span> <span class='ocrx_word' id='word_1_347' title='bbox 440 2217 555 2245; x_wconf 81' lang='lat' dir='ltr'><strong>rationis</strong></span> <span class='ocrx_word' id='word_1_348' title='bbox 579 2219 700 2253; x_wconf 88' lang='lat' dir='ltr'><strong>expertis</strong></span> <span class='ocrx_word' id='word_1_349' title='bbox 719 2220 816 2248; x_wconf 63' lang='lat' dir='ltr'><strong>anima;</strong></span> <span class='ocrx_word' id='word_1_350' title='bbox 839 2221 924 2256; x_wconf 89' lang='lat' dir='ltr'><strong>partis</strong></span> <span class='ocrx_word' id='word_1_351' title='bbox 949 2223 1050 2259; x_wconf 86' lang='lat' dir='ltr'><strong>cogita-</strong></span> 
     </span>
    </p>
   </div>
   <div class='ocr_carea' id='block_1_49' title="bbox 266 2261 1051 2297">
    <p class='ocr_par' dir='ltr' id='par_1_49' title="bbox 266 2261 1051 2297">
     <span class='ocr_line' id='line_1_49' title="bbox 266 2261 1051 2297; baseline 0.009 -8"><span class='ocrx_word' id='word_1_352' title='bbox 266 2262 365 2289; x_wconf 84' lang='lat' dir='ltr'><strong>tiones.</strong></span> <span class='ocrx_word' id='word_1_353' title='bbox 379 2261 432 2289; x_wconf 85' lang='lat' dir='ltr'><strong>Sed</strong></span> <span class='ocrx_word' id='word_1_354' title='bbox 450 2262 589 2297; x_wconf 82' lang='lat' dir='ltr'><strong>qnomodo</strong></span> <span class='ocrx_word' id='word_1_355' title='bbox 599 2262 695 2290; x_wconf 90' lang='lat' dir='ltr'><strong>dicunt</strong></span> <span class='ocrx_word' id='word_1_356' title='bbox 707 2263 865 2293; x_wconf 76' lang='lat' dir='ltr'><strong>Gabaonitae</strong></span> <span class='ocrx_word' id='word_1_357' title='bbox 876 2273 905 2294; x_wconf 85' lang='lat' dir='ltr'><strong>se</strong></span> <span class='ocrx_word' id='word_1_358' title='bbox 917 2266 1051 2296; x_wconf 89' lang='lat' dir='ltr'><strong>delevisse</strong></span> 
     </span>
    </p>
   </div>
   <div class='ocr_carea' id='block_1_50' title="bbox 266 2307 1050 2342">
    <p class='ocr_par' dir='ltr' id='par_1_50' title="bbox 266 2307 1050 2342">
     <span class='ocr_line' id='line_1_50' title="bbox 266 2307 1050 2342; baseline 0.01 -9"><span class='ocrx_word' id='word_1_359' title='bbox 266 2307 376 2334; x_wconf 83' lang='lat' dir='ltr'><strong>Saulem</strong></span> <span class='ocrx_word' id='word_1_360' title='bbox 393 2314 427 2334; x_wconf 85' lang='lat' dir='ltr'><strong>ex</strong></span> <span class='ocrx_word' id='word_1_361' title='bbox 447 2307 576 2335; x_wconf 85' lang='lat' dir='ltr'><strong>omnibus</strong></span> <span class='ocrx_word' id='word_1_362' title='bbox 593 2307 695 2336; x_wconf 83' lang='lat' dir='ltr'><strong>ﬁnibus</strong></span> <span class='ocrx_word' id='word_1_363' title='bbox 719 2309 802 2337; x_wconf 89' lang='lat' dir='ltr'><strong>lsrael</strong></span> <span class='ocrx_word' id='word_1_364' title='bbox 813 2329 821 2342; x_wconf 94' lang='lat'><strong>,</strong></span> <span class='ocrx_word' id='word_1_365' title='bbox 838 2311 946 2339; x_wconf 88' lang='lat' dir='ltr'><strong>etiamsi</strong></span> <span class='ocrx_word' id='word_1_366' title='bbox 967 2312 1050 2342; x_wconf 80' lang='lat' dir='ltr'><strong>Meri-</strong></span> 
     </span>
    </p>
   </div>
   <div class='ocr_carea' id='block_1_51' title="bbox 267 2351 1047 2393">
    <p class='ocr_par' dir='ltr' id='par_1_51' title="bbox 267 2351 1047 2393">
     <span class='ocr_line' id='line_1_51' title="bbox 267 2351 1047 2393; baseline 0.01 -15"><span class='ocrx_word' id='word_1_367' title='bbox 267 2352 328 2379; x_wconf 86' lang='lat' dir='ltr'><strong>baal</strong></span> <span class='ocrx_word' id='word_1_368' title='bbox 347 2351 419 2379; x_wconf 74' lang='lat' dir='ltr'><strong>filius</strong></span> <span class='ocrx_word' id='word_1_369' title='bbox 438 2353 548 2387; x_wconf 90' lang='lat' dir='ltr'><strong>quidem</strong></span> <span class='ocrx_word' id='word_1_370' title='bbox 561 2353 694 2387; x_wconf 79' lang='lat' dir='ltr'><strong>Jonathze,</strong></span> <span class='ocrx_word' id='word_1_371' title='bbox 720 2362 808 2390; x_wconf 89' lang='lat' dir='ltr'><strong>nepos</strong></span> <span class='ocrx_word' id='word_1_372' title='bbox 828 2360 919 2384; x_wconf 90' lang='lat' dir='ltr'><strong>autem</strong></span> <span class='ocrx_word' id='word_1_373' title='bbox 944 2357 1047 2393; x_wconf 88' lang='lat' dir='ltr'><strong>Saulis,</strong></span> 
     </span>
    </p>
   </div>
   <div class='ocr_carea' id='block_1_52' title="bbox 266 2399 1048 2434">
    <p class='ocr_par' dir='ltr' id='par_1_52' title="bbox 266 2399 1048 2434">
     <span class='ocr_line' id='line_1_52' title="bbox 266 2399 1048 2434; baseline 0.012 -10"><span class='ocrx_word' id='word_1_374' title='bbox 266 2403 444 2426; x_wconf 83' lang='lat' dir='ltr'><strong>conservatus</strong></span> <span class='ocrx_word' id='word_1_375' title='bbox 459 2399 495 2426; x_wconf 88' lang='lat' dir='ltr'><strong>sit</strong></span> <span class='ocrx_word' id='word_1_376' title='bbox 507 2399 580 2434; x_wconf 87' lang='lat' dir='ltr'><strong>apud</strong></span> <span class='ocrx_word' id='word_1_377' title='bbox 598 2399 754 2433; x_wconf 77' lang='lat' dir='ltr'><strong>Dominum,</strong></span> <span class='ocrx_word' id='word_1_378' title='bbox 771 2405 799 2428; x_wconf 88' lang='lat' dir='ltr'><strong>et</strong></span> <span class='ocrx_word' id='word_1_379' title='bbox 811 2402 891 2430; x_wconf 92' lang='lat' dir='ltr'><strong>multi</strong></span> <span class='ocrx_word' id='word_1_380' title='bbox 903 2403 948 2431; x_wconf 89' lang='lat' dir='ltr'><strong>alii</strong></span> <span class='ocrx_word' id='word_1_381' title='bbox 959 2412 992 2432; x_wconf 85' lang='lat' dir='ltr'><strong>ex</strong></span> <span class='ocrx_word' id='word_1_382' title='bbox 1003 2413 1048 2433; x_wconf 92' lang='lat' dir='ltr'><strong>co-</strong></span> 
     </span>
    </p>
   </div>
   <div class='ocr_carea' id='block_1_53' title="bbox 267 2444 1053 2483">
    <p class='ocr_par' dir='ltr' id='par_1_53' title="bbox 267 2444 1053 2483">
     <span class='ocr_line' id='line_1_53' title="bbox 267 2444 1053 2483; baseline 0.01 -13"><span class='ocrx_word' id='word_1_383' title='bbox 267 2444 394 2479; x_wconf 83' lang='lat' dir='ltr'><strong>gnatione</strong></span> <span class='ocrx_word' id='word_1_384' title='bbox 417 2444 517 2477; x_wconf 85' lang='lat' dir='ltr'><strong>Saulis,</strong></span> <span class='ocrx_word' id='word_1_385' title='bbox 542 2448 572 2472; x_wconf 83' lang='lat' dir='ltr'><strong>ut</strong></span> <span class='ocrx_word' id='word_1_386' title='bbox 590 2444 671 2473; x_wconf 87' lang='lat' dir='ltr'><strong>docet</strong></span> <span class='ocrx_word' id='word_1_387' title='bbox 687 2445 758 2474; x_wconf 83' lang='lat' dir='ltr'><strong>liber</strong></span> <span class='ocrx_word' id='word_1_388' title='bbox 780 2446 929 2483; x_wconf 88' lang='lat' dir='ltr'><strong>inscriptus</strong></span> <span class='ocrx_word' id='word_1_389' title='bbox 951 2449 1053 2478; x_wconf 84' lang='lat' dir='ltr'><strong>Parali-</strong></span> 
     </span>
    </p>
   </div>
   <div class='ocr_carea' id='block_1_54' title="bbox 267 2490 1051 2525">
    <p class='ocr_par' dir='ltr' id='par_1_54' title="bbox 267 2490 1051 2525">
     <span class='ocr_line' id='line_1_54' title="bbox 267 2490 1051 2525; baseline 0.01 -9"><span class='ocrx_word' id='word_1_390' title='bbox 267 2490 424 2525; x_wconf 80' lang='lat' dir='ltr'><strong>pomenon?</strong></span> <span class='ocrx_word' id='word_1_391' title='bbox 438 2490 504 2523; x_wconf 89' lang='lat' dir='ltr'><strong>Sed,</strong></span> <span class='ocrx_word' id='word_1_392' title='bbox 525 2495 555 2518; x_wconf 89' lang='lat' dir='ltr'><strong>ut</strong></span> <span class='ocrx_word' id='word_1_393' title='bbox 569 2491 689 2525; x_wconf 87' lang='lat' dir='ltr'><strong>videtur,</strong></span> <span class='ocrx_word' id='word_1_394' title='bbox 705 2496 781 2520; x_wconf 90' lang='lat' dir='ltr'><strong>certo</strong></span> <span class='ocrx_word' id='word_1_395' title='bbox 795 2495 911 2523; x_wconf 90' lang='lat' dir='ltr'><strong>consilio</strong></span> <span class='ocrx_word' id='word_1_396' title='bbox 929 2495 1051 2524; x_wconf 61' lang='lat' dir='ltr'><strong>historiae</strong></span> 
     </span>
    </p>
   </div>
   <div class='ocr_carea' id='block_1_55' title="bbox 267 2535 1051 2575">
    <p class='ocr_par' dir='ltr' id='par_1_55' title="bbox 267 2535 1051 2575">
     <span class='ocr_line' id='line_1_55' title="bbox 267 2535 1051 2575; baseline 0.01 -13"><span class='ocrx_word' id='word_1_397' title='bbox 267 2535 470 2570; x_wconf 41' lang='lat' dir='ltr'><strong>estzadmistum</strong></span> <span class='ocrx_word' id='word_1_398' title='bbox 491 2536 518 2563; x_wconf 93' lang='lat' dir='ltr'><strong>id</strong></span> <span class='ocrx_word' id='word_1_399' title='bbox 541 2537 614 2571; x_wconf 90' lang='lat' dir='ltr'><strong>quod</strong></span> <span class='ocrx_word' id='word_1_400' title='bbox 634 2543 676 2565; x_wconf 89' lang='lat' dir='ltr'><strong>est</strong></span> <span class='ocrx_word' id='word_1_401' title='bbox 687 2538 838 2567; x_wconf 89' lang='lat' dir='ltr'><strong>absurdum</strong></span> <span class='ocrx_word' id='word_1_402' title='bbox 851 2548 883 2567; x_wconf 91' lang='lat' dir='ltr'><strong>ac</strong></span> <span class='ocrx_word' id='word_1_403' title='bbox 894 2546 994 2575; x_wconf 66' lang='lat' dir='ltr'><strong>praeter</strong></span> <span class='ocrx_word' id='word_1_404' title='bbox 1008 2551 1051 2570; x_wconf 87' lang='lat' dir='ltr'><strong>ra-</strong></span> 
     </span>
    </p>
   </div>
   <div class='ocr_carea' id='block_1_56' title="bbox 269 2580 1049 2620">
    <p class='ocr_par' dir='ltr' id='par_1_56' title="bbox 269 2580 1049 2620">
     <span class='ocr_line' id='line_1_56' title="bbox 269 2580 1049 2620; baseline 0.009 -13"><span class='ocrx_word' id='word_1_405' title='bbox 269 2580 383 2615; x_wconf 82' lang='lat' dir='ltr'><strong>tionem,</strong></span> <span class='ocrx_word' id='word_1_406' title='bbox 408 2586 438 2609; x_wconf 89' lang='lat' dir='ltr'><strong>ut</strong></span> <span class='ocrx_word' id='word_1_407' title='bbox 459 2586 613 2617; x_wconf 63' lang='lat' dir='ltr'><strong>quaarcntes</strong></span> <span class='ocrx_word' id='word_1_408' title='bbox 635 2583 662 2610; x_wconf 93' lang='lat' dir='ltr'><strong>in</strong></span> <span class='ocrx_word' id='word_1_409' title='bbox 686 2591 805 2620; x_wconf 83' lang='lat' dir='ltr'><strong>auagoge</strong></span> <span class='ocrx_word' id='word_1_410' title='bbox 831 2585 1001 2614; x_wconf 89' lang='lat' dir='ltr'><strong>inveniamus</strong></span> <span class='ocrx_word' id='word_1_411' title='bbox 1022 2587 1049 2615; x_wconf 93' lang='lat' dir='ltr'><strong>id</strong></span> 
     </span>
    </p>
   </div>
   <div class='ocr_carea' id='block_1_57' title="bbox 304 2659 835 2696">
    <p class='ocr_par' dir='ltr' id='par_1_57' title="bbox 304 2659 835 2696">
     <span class='ocr_line' id='line_1_57' title="bbox 304 2659 835 2696; baseline 0.006 -10"><span class='ocrx_word' id='word_1_412' title='bbox 304 2659 325 2675; x_wconf 83' lang='grc'><strong>³¹</strong></span> <span class='ocrx_word' id='word_1_413' title='bbox 335 2659 358 2687; x_wconf 86' lang='lat' dir='ltr'><strong>ll</strong></span> <span class='ocrx_word' id='word_1_414' title='bbox 375 2660 440 2696; x_wconf 72' lang='lat' dir='ltr'><strong>Reg.</strong></span> <span class='ocrx_word' id='word_1_415' title='bbox 453 2668 507 2693; x_wconf 79' lang='lat' dir='ltr'><strong>xu,</strong></span> <span class='ocrx_word' id='word_1_416' title='bbox 521 2661 581 2688; x_wconf 71' lang='lat'><strong>2-9.</strong></span> <span class='ocrx_word' id='word_1_417' title='bbox 620 2661 642 2676; x_wconf 83' lang='lat'>&quot;</span> <span class='ocrx_word' id='word_1_418' title='bbox 655 2661 726 2688; x_wconf 82' lang='lat' dir='ltr'><strong>Psal.</strong></span> <span class='ocrx_word' id='word_1_419' title='bbox 743 2670 795 2695; x_wconf 81' lang='lat' dir='ltr'><strong>CIV,</strong></span> <span class='ocrx_word' id='word_1_420' title='bbox 808 2662 835 2689; x_wconf 71' lang='grc'>4.</span> 
     </span>
    </p>
   </div>
   <div class='ocr_carea' id='block_1_58' title="bbox 853 78 1277 108">
    <p class='ocr_par' dir='ltr' id='par_1_58' title="bbox 853 78 1277 108">
     <span class='ocr_line' id='line_1_58' title="bbox 853 78 1277 108; baseline 0.002 -1"><span class='ocrx_word' id='word_1_421' title='bbox 853 79 881 107; x_wconf 88' lang='lat' dir='ltr'><strong>S.</strong></span> <span class='ocrx_word' id='word_1_422' title='bbox 900 78 1039 108; x_wconf 79' lang='lat' dir='ltr'><strong>CYRILLI</strong></span> <span class='ocrx_word' id='word_1_423' title='bbox 1058 78 1103 108; x_wconf 82' lang='grc' dir='ltr'><strong>ΕΤ</strong></span> <span class='ocrx_word' id='word_1_424' title='bbox 1123 78 1277 108; x_wconf 69' lang='lat' dir='ltr'><strong>ALIORUM</strong></span> 
     </span>
    </p>
   </div>
   <div class='ocr_carea' id='block_1_59' title="bbox 1807 79 1890 107">
    <p class='ocr_par' dir='ltr' id='par_1_59' title="bbox 1807 79 1890 107">
     <span class='ocr_line' id='line_1_59' title="bbox 1807 79 1890 107; baseline 0.012 -1"><span class='ocrx_word' id='word_1_425' title='bbox 1807 79 1890 107; x_wconf 66' lang='grc' dir='ltr'>ιεεςο</span> 
     </span>
    </p>
   </div>
   <div class='ocr_carea' id='block_1_60' title="bbox 1088 135 1890 173">
    <p class='ocr_par' dir='ltr' id='par_1_60' title="bbox 1088 135 1890 173">
     <span class='ocr_line' id='line_1_60' title="bbox 1088 135 1890 173; baseline -0.001 -9"><span class='ocrx_word' id='word_1_426' title='bbox 1088 137 1134 166; x_wconf 72' lang='grc' dir='ltr'><strong>ἐπὶ</strong></span> <span class='ocrx_word' id='word_1_427' title='bbox 1147 137 1178 164; x_wconf 80' lang='grc' dir='ltr'><strong>τὺ</strong></span> <span class='ocrx_word' id='word_1_428' title='bbox 1187 138 1262 171; x_wconf 75' lang='grc' dir='ltr'>αὐτὸ,</span> <span class='ocrx_word' id='word_1_429' title='bbox 1273 137 1320 165; x_wconf 81' lang='grc' dir='ltr'>καὶ</span> <span class='ocrx_word' id='word_1_430' title='bbox 1329 136 1538 172; x_wconf 69' lang='grc' dir='ltr'><strong>ἐθανατώθησαν</strong></span> <span class='ocrx_word' id='word_1_431' title='bbox 1556 135 1585 163; x_wconf 71' lang='grc' dir='ltr'>ἓν</span> <span class='ocrx_word' id='word_1_432' title='bbox 1596 135 1715 172; x_wconf 77' lang='grc' dir='ltr'><strong>ἡμέραις</strong></span> <span class='ocrx_word' id='word_1_433' title='bbox 1731 136 1890 173; x_wconf 77' lang='grc' dir='ltr'>θερισμοῦ,</span> 
     </span>
    </p>
   </div>
   <div class='ocr_carea' id='block_1_61' title="bbox 1092 180 1893 217">
    <p class='ocr_par' dir='ltr' id='par_1_61' title="bbox 1092 180 1893 217">
     <span class='ocr_line' id='line_1_61' title="bbox 1092 180 1893 217; baseline 0.002 -10"><span class='ocrx_word' id='word_1_434' title='bbox 1092 181 1121 207; x_wconf 71' lang='grc' dir='ltr'><strong>ιν</strong></span> <span class='ocrx_word' id='word_1_435' title='bbox 1133 181 1203 216; x_wconf 80' lang='grc' dir='ltr'><strong>ἀρχῇ</strong></span> <span class='ocrx_word' id='word_1_436' title='bbox 1223 181 1352 217; x_wconf 78' lang='grc' dir='ltr'><strong>θερισμοῦ</strong></span> <span class='ocrx_word' id='word_1_437' title='bbox 1363 180 1474 216; x_wconf 82' lang='grc' dir='ltr'><strong>κριθῶν.</strong></span> <span class='ocrx_word' id='word_1_438' title='bbox 1490 189 1500 206; x_wconf 67' lang='grc' dir='ltr'><strong>ι</strong></span> <span class='ocrx_word' id='word_1_439' title='bbox 1512 181 1571 213; x_wconf 81' lang='grc' dir='ltr'><strong>Πᾶς</strong></span> <span class='ocrx_word' id='word_1_440' title='bbox 1585 181 1728 216; x_wconf 79' lang='grc' dir='ltr'><strong>τοιγαροῦν</strong></span> <span class='ocrx_word' id='word_1_441' title='bbox 1743 183 1757 209; x_wconf 83' lang='grc' dir='ltr'><strong>ό</strong></span> <span class='ocrx_word' id='word_1_442' title='bbox 1771 183 1821 217; x_wconf 83' lang='grc' dir='ltr'>μὲν</span> <span class='ocrx_word' id='word_1_443' title='bbox 1834 182 1893 209; x_wconf 66' lang='grc' dir='ltr'><strong>διὰ</strong></span> 
     </span>
    </p>
   </div>
   <div class='ocr_carea' id='block_1_62' title="bbox 1092 225 1891 262">
    <p class='ocr_par' dir='ltr' id='par_1_62' title="bbox 1092 225 1891 262">
     <span class='ocr_line' id='line_1_62' title="bbox 1092 225 1891 262; baseline 0.003 -9"><span class='ocrx_word' id='word_1_444' title='bbox 1092 227 1218 261; x_wconf 82' lang='grc' dir='ltr'>πράξεως</span> <span class='ocrx_word' id='word_1_445' title='bbox 1240 228 1411 262; x_wconf 85' lang='grc' dir='ltr'>κατανοήσας</span> <span class='ocrx_word' id='word_1_446' title='bbox 1434 226 1484 262; x_wconf 77' lang='grc' dir='ltr'>τὴν</span> <span class='ocrx_word' id='word_1_447' title='bbox 1508 226 1696 262; x_wconf 72' lang='grc' dir='ltr'>ἑπισκήψασαν</span> <span class='ocrx_word' id='word_1_448' title='bbox 1718 225 1803 262; x_wconf 80' lang='grc' dir='ltr'>ὀργὴν</span> <span class='ocrx_word' id='word_1_449' title='bbox 1830 228 1891 255; x_wconf 79' lang='grc' dir='ltr'><strong>τοῦ</strong></span> 
     </span>
    </p>
   </div>
   <div class='ocr_carea' id='block_1_63' title="bbox 1090 271 1890 308">
    <p class='ocr_par' dir='ltr' id='par_1_63' title="bbox 1090 271 1890 308">
     <span class='ocr_line' id='line_1_63' title="bbox 1090 271 1890 308; baseline 0.001 -10"><span class='ocrx_word' id='word_1_450' title='bbox 1090 271 1170 305; x_wconf 80' lang='grc' dir='ltr'>Θεοῦ,</span> <span class='ocrx_word' id='word_1_451' title='bbox 1191 271 1234 299; x_wconf 79' lang='grc' dir='ltr'><strong>διὰ</strong></span> <span class='ocrx_word' id='word_1_452' title='bbox 1250 272 1278 299; x_wconf 74' lang='grc' dir='ltr'>δὲ</span> <span class='ocrx_word' id='word_1_453' title='bbox 1295 272 1412 308; x_wconf 77' lang='grc' dir='ltr'><strong>θεωρίας</strong></span> <span class='ocrx_word' id='word_1_454' title='bbox 1421 271 1575 307; x_wconf 78' lang='grc' dir='ltr'><strong>ἐκζητήσας</strong></span> <span class='ocrx_word' id='word_1_455' title='bbox 1585 272 1629 298; x_wconf 78' lang='grc' dir='ltr'><strong>τὸν</strong></span> <span class='ocrx_word' id='word_1_456' title='bbox 1636 271 1711 304; x_wconf 80' lang='grc' dir='ltr'>θεὸν,</span> <span class='ocrx_word' id='word_1_457' title='bbox 1723 272 1890 299; x_wconf 77' lang='grc' dir='ltr'>διδάσκεται</span> 
     </span>
    </p>
   </div>
   <div class='ocr_carea' id='block_1_64' title="bbox 1093 316 1888 353">
    <p class='ocr_par' dir='ltr' id='par_1_64' title="bbox 1093 316 1888 353">
     <span class='ocr_line' id='line_1_64' title="bbox 1093 316 1888 353; baseline 0.001 -10"><span class='ocrx_word' id='word_1_458' title='bbox 1093 317 1142 352; x_wconf 82' lang='grc' dir='ltr'>μὲν</span> <span class='ocrx_word' id='word_1_459' title='bbox 1154 316 1204 352; x_wconf 73' lang='grc' dir='ltr'>τὴν</span> <span class='ocrx_word' id='word_1_460' title='bbox 1225 317 1325 350; x_wconf 79' lang='grc' dir='ltr'>αἰτίαν,</span> <span class='ocrx_word' id='word_1_461' title='bbox 1341 317 1379 348; x_wconf 87' lang='grc' dir='ltr'>ὡς</span> <span class='ocrx_word' id='word_1_462' title='bbox 1395 316 1567 353; x_wconf 82' lang='grc' dir='ltr'>προείρηται·</span> <span class='ocrx_word' id='word_1_463' title='bbox 1586 316 1729 343; x_wconf 84' lang='grc' dir='ltr'>κελεύεται</span> <span class='ocrx_word' id='word_1_464' title='bbox 1740 317 1768 343; x_wconf 77' lang='grc' dir='ltr'>δὲ</span> <span class='ocrx_word' id='word_1_465' title='bbox 1781 317 1888 344; x_wconf 77' lang='grc' dir='ltr'>ἐκδοῦ-</span> 
     </span>
    </p>
   </div>
   <div class='ocr_carea' id='block_1_65' title="bbox 1091 362 1888 398">
    <p class='ocr_par' dir='ltr' id='par_1_65' title="bbox 1091 362 1888 398">
     <span class='ocr_line' id='line_1_65' title="bbox 1091 362 1888 398; baseline 0.001 -9"><span class='ocrx_word' id='word_1_466' title='bbox 1091 371 1136 389; x_wconf 90' lang='grc' dir='ltr'><strong>ναι</strong></span> <span class='ocrx_word' id='word_1_467' title='bbox 1146 364 1209 394; x_wconf 82' lang='grc' dir='ltr'>τοὺς</span> <span class='ocrx_word' id='word_1_468' title='bbox 1220 362 1242 398; x_wconf 86' lang='grc' dir='ltr'><strong>β’</strong></span> <span class='ocrx_word' id='word_1_469' title='bbox 1259 363 1342 395; x_wconf 80' lang='grc' dir='ltr'>υίοὺς,</span> <span class='ocrx_word' id='word_1_470' title='bbox 1360 362 1408 389; x_wconf 61' lang='grc' dir='ltr'><strong>καὶ¹</strong></span> <span class='ocrx_word' id='word_1_471' title='bbox 1430 362 1510 389; x_wconf 82' lang='grc' dir='ltr'><strong>πέντε</strong></span> <span class='ocrx_word' id='word_1_472' title='bbox 1528 362 1643 394; x_wconf 76' lang='grc' dir='ltr'>υἱωνοὺς</span> <span class='ocrx_word' id='word_1_473' title='bbox 1657 362 1704 389; x_wconf 90' lang='grc' dir='ltr'><strong>τοῦ</strong></span> <span class='ocrx_word' id='word_1_474' title='bbox 1728 363 1824 395; x_wconf 79' lang='grc' dir='ltr'>Σαοὺλ,</span> <span class='ocrx_word' id='word_1_475' title='bbox 1838 364 1888 394; x_wconf 80' lang='grc' dir='ltr'><strong>είς</strong></span> 
     </span>
    </p>
   </div>
   <div class='ocr_carea' id='block_1_66' title="bbox 1092 408 1886 444">
    <p class='ocr_par' dir='ltr' id='par_1_66' title="bbox 1092 408 1886 444">
     <span class='ocr_line' id='line_1_66' title="bbox 1092 408 1886 444; baseline -0.001 -9"><span class='ocrx_word' id='word_1_476' title='bbox 1092 408 1215 436; x_wconf 86' lang='grc' dir='ltr'>θάνατον.</span> <span class='ocrx_word' id='word_1_477' title='bbox 1227 409 1279 436; x_wconf 88' lang='grc' dir='ltr'><strong>Δύο</strong></span> <span class='ocrx_word' id='word_1_478' title='bbox 1292 410 1340 444; x_wconf 84' lang='grc' dir='ltr'>μὲν</span> <span class='ocrx_word' id='word_1_479' title='bbox 1349 409 1434 440; x_wconf 73' lang='grc' dir='ltr'>υἱοὺς,</span> <span class='ocrx_word' id='word_1_480' title='bbox 1445 409 1496 443; x_wconf 83' lang='grc' dir='ltr'>τήν</span> <span class='ocrx_word' id='word_1_481' title='bbox 1506 416 1536 435; x_wconf 88' lang='grc' dir='ltr'><strong>τε</strong></span> <span class='ocrx_word' id='word_1_482' title='bbox 1550 409 1621 436; x_wconf 83' lang='grc' dir='ltr'>κατὰ</span> <span class='ocrx_word' id='word_1_483' title='bbox 1635 408 1714 443; x_wconf 84' lang='grc' dir='ltr'>σῶμα</span> <span class='ocrx_word' id='word_1_484' title='bbox 1729 408 1886 443; x_wconf 77' lang='grc' dir='ltr'>ἁμαρτίαν,</span> 
     </span>
    </p>
   </div>
   <div class='ocr_carea' id='block_1_67' title="bbox 1092 450 1887 489">
    <p class='ocr_par' dir='ltr' id='par_1_67' title="bbox 1092 450 1887 489">
     <span class='ocr_line' id='line_1_67' title="bbox 1092 450 1887 489; baseline 0 -10"><span class='ocrx_word' id='word_1_485' title='bbox 1092 452 1139 480; x_wconf 74' lang='grc' dir='ltr'>καὶ</span> <span class='ocrx_word' id='word_1_486' title='bbox 1154 452 1204 488; x_wconf 84' lang='grc' dir='ltr'>τὴν</span> <span class='ocrx_word' id='word_1_487' title='bbox 1226 453 1297 479; x_wconf 86' lang='grc' dir='ltr'>κατὰ</span> <span class='ocrx_word' id='word_1_488' title='bbox 1318 453 1380 480; x_wconf 88' lang='grc' dir='ltr'>νοῦν</span> <span class='ocrx_word' id='word_1_489' title='bbox 1401 450 1480 484; x_wconf 73' lang='grc' dir='ltr'>αὖθις</span> <span class='ocrx_word' id='word_1_490' title='bbox 1500 452 1648 489; x_wconf 82' lang='grc' dir='ltr'>ἁμαρτίαν.</span> <span class='ocrx_word' id='word_1_491' title='bbox 1675 452 1735 487; x_wconf 78' lang='grc' dir='ltr'>ἦτοι</span> <span class='ocrx_word' id='word_1_492' title='bbox 1749 453 1798 487; x_wconf 86' lang='grc' dir='ltr'>τὴν</span> <span class='ocrx_word' id='word_1_493' title='bbox 1817 454 1887 479; x_wconf 74' lang='grc' dir='ltr'>κατ’</span> 
     </span>
    </p>
   </div>
   <div class='ocr_carea' id='block_1_68' title="bbox 1091 495 1886 533">
    <p class='ocr_par' dir='ltr' id='par_1_68' title="bbox 1091 495 1886 533">
     <span class='ocr_line' id='line_1_68' title="bbox 1091 495 1886 533; baseline -0.001 -9"><span class='ocrx_word' id='word_1_494' title='bbox 1091 497 1233 533; x_wconf 69' lang='grc' dir='ltr'>ἐνέργειαν</span> <span class='ocrx_word' id='word_1_495' title='bbox 1247 498 1293 524; x_wconf 76' lang='grc' dir='ltr'>καὶ</span> <span class='ocrx_word' id='word_1_496' title='bbox 1302 497 1352 533; x_wconf 84' lang='grc' dir='ltr'>τὴν</span> <span class='ocrx_word' id='word_1_497' title='bbox 1367 497 1427 524; x_wconf 79' lang='grc' dir='ltr'>καθ’</span> <span class='ocrx_word' id='word_1_498' title='bbox 1446 497 1513 530; x_wconf 71' lang='grc' dir='ltr'>ἕξιν·</span> <span class='ocrx_word' id='word_1_499' title='bbox 1525 498 1598 532; x_wconf 83' lang='grc' dir='ltr'>φημὶ</span> <span class='ocrx_word' id='word_1_500' title='bbox 1609 495 1642 531; x_wconf 75' lang='grc' dir='ltr'>δὴ</span> <span class='ocrx_word' id='word_1_501' title='bbox 1657 497 1706 532; x_wconf 74' lang='grc' dir='ltr'><strong>τὴν</strong></span> <span class='ocrx_word' id='word_1_502' title='bbox 1724 497 1791 524; x_wconf 79' lang='grc' dir='ltr'>κατᾶ</span> <span class='ocrx_word' id='word_1_503' title='bbox 1806 499 1886 533; x_wconf 73' lang='grc' dir='ltr'>πρᾶ-</span> 
     </span>
    </p>
   </div>
   <div class='ocr_carea' id='block_1_69' title="bbox 1092 541 1884 577">
    <p class='ocr_par' dir='ltr' id='par_1_69' title="bbox 1092 541 1884 577">
     <span class='ocr_line' id='line_1_69' title="bbox 1092 541 1884 577; baseline 0.001 -9"><span class='ocrx_word' id='word_1_504' title='bbox 1092 541 1143 575; x_wconf 79' lang='grc' dir='ltr'>ξιν,</span> <span class='ocrx_word' id='word_1_505' title='bbox 1158 543 1207 569; x_wconf 74' lang='grc' dir='ltr'>καὶ</span> <span class='ocrx_word' id='word_1_506' title='bbox 1220 542 1270 577; x_wconf 83' lang='grc' dir='ltr'>τὴν</span> <span class='ocrx_word' id='word_1_507' title='bbox 1283 542 1354 568; x_wconf 82' lang='grc' dir='ltr'>κατὰ</span> <span class='ocrx_word' id='word_1_508' title='bbox 1369 541 1579 575; x_wconf 82' lang='grc' dir='ltr'><strong>συγκατάθεσιν.</strong></span> <span class='ocrx_word' id='word_1_509' title='bbox 1598 542 1681 568; x_wconf 80' lang='grc' dir='ltr'>Πέντε</span> <span class='ocrx_word' id='word_1_510' title='bbox 1699 542 1728 568; x_wconf 74' lang='grc' dir='ltr'>δὲ</span> <span class='ocrx_word' id='word_1_511' title='bbox 1752 543 1884 575; x_wconf 71' lang='grc' dir='ltr'>υἱωνοὺς,</span> 
     </span>
    </p>
   </div>
   <div class='ocr_carea' id='block_1_70' title="bbox 1092 586 1885 623">
    <p class='ocr_par' dir='ltr' id='par_1_70' title="bbox 1092 586 1885 623">
     <span class='ocr_line' id='line_1_70' title="bbox 1092 586 1885 623; baseline -0.001 -9"><span class='ocrx_word' id='word_1_512' title='bbox 1092 588 1141 620; x_wconf 83' lang='grc' dir='ltr'><strong>τὰς</strong></span> <span class='ocrx_word' id='word_1_513' title='bbox 1151 587 1232 614; x_wconf 65' lang='grc' dir='ltr'>πέντε</span> <span class='ocrx_word' id='word_1_514' title='bbox 1246 588 1358 623; x_wconf 82' lang='grc' dir='ltr'><strong>χρήσεις</strong></span> <span class='ocrx_word' id='word_1_515' title='bbox 1372 587 1426 614; x_wconf 86' lang='grc' dir='ltr'><strong>τῶν</strong></span> <span class='ocrx_word' id='word_1_516' title='bbox 1440 588 1521 614; x_wconf 80' lang='grc' dir='ltr'><strong>πέντε</strong></span> <span class='ocrx_word' id='word_1_517' title='bbox 1539 586 1699 622; x_wconf 81' lang='grc' dir='ltr'>αἰσθήσεων.</span> <span class='ocrx_word' id='word_1_518' title='bbox 1716 587 1816 623; x_wconf 77' lang='grc' dir='ltr'>Μήτηρ</span> <span class='ocrx_word' id='word_1_519' title='bbox 1830 589 1885 623; x_wconf 79' lang='grc' dir='ltr'>μὲν</span> 
     </span>
    </p>
   </div>
   <div class='ocr_carea' id='block_1_71' title="bbox 1090 630 1884 667">
    <p class='ocr_par' dir='ltr' id='par_1_71' title="bbox 1090 630 1884 667">
     <span class='ocr_line' id='line_1_71' title="bbox 1090 630 1884 667; baseline 0 -8"><span class='ocrx_word' id='word_1_520' title='bbox 1090 630 1138 659; x_wconf 82' lang='grc' dir='ltr'>οὖν</span> <span class='ocrx_word' id='word_1_521' title='bbox 1158 632 1213 659; x_wconf 82' lang='grc' dir='ltr'><strong>τῶν</strong></span> <span class='ocrx_word' id='word_1_522' title='bbox 1228 632 1293 659; x_wconf 86' lang='grc' dir='ltr'>υίῶν</span> <span class='ocrx_word' id='word_1_523' title='bbox 1308 632 1355 659; x_wconf 85' lang='grc' dir='ltr'><strong>τοῦ</strong></span> <span class='ocrx_word' id='word_1_524' title='bbox 1370 632 1467 664; x_wconf 85' lang='grc' dir='ltr'>Σαοὺλ,</span> <span class='ocrx_word' id='word_1_525' title='bbox 1495 631 1606 666; x_wconf 81' lang='grc' dir='ltr'>Ῥεσφὰ,</span> <span class='ocrx_word' id='word_1_526' title='bbox 1625 632 1685 667; x_wconf 83' lang='grc' dir='ltr'>ἥτις</span> <span class='ocrx_word' id='word_1_527' title='bbox 1698 632 1884 667; x_wconf 74' lang='grc' dir='ltr'><strong>ἑρμηνεύεται</strong></span> 
     </span>
    </p>
   </div>
   <div class='ocr_carea' id='block_1_72' title="bbox 1091 677 1882 713">
    <p class='ocr_par' dir='ltr' id='par_1_72' title="bbox 1091 677 1882 713">
     <span class='ocr_line' id='line_1_72' title="bbox 1091 677 1882 713; baseline -0.003 -8"><span class='ocrx_word' id='word_1_528' title='bbox 1091 678 1200 713; x_wconf 81' lang='grc' dir='ltr'><strong>δρόμος</strong></span> <span class='ocrx_word' id='word_1_529' title='bbox 1208 679 1366 713; x_wconf 82' lang='grc' dir='ltr'>στόματος.</span> <span class='ocrx_word' id='word_1_530' title='bbox 1375 678 1407 704; x_wconf 82' lang='lat' dir='ltr'><strong>&#39;H</strong></span> <span class='ocrx_word' id='word_1_531' title='bbox 1421 678 1450 704; x_wconf 78' lang='grc' dir='ltr'>δὲ</span> <span class='ocrx_word' id='word_1_532' title='bbox 1460 677 1503 704; x_wconf 79' lang='grc' dir='ltr'><strong>διὰ</strong></span> <span class='ocrx_word' id='word_1_533' title='bbox 1514 677 1595 711; x_wconf 88' lang='grc' dir='ltr'>μόνου</span> <span class='ocrx_word' id='word_1_534' title='bbox 1609 678 1742 712; x_wconf 83' lang='grc' dir='ltr'>στόματος</span> <span class='ocrx_word' id='word_1_535' title='bbox 1754 679 1882 713; x_wconf 71' lang='grc' dir='ltr'>προφορὰ</span> 
     </span>
    </p>
   </div>
   <div class='ocr_carea' id='block_1_73' title="bbox 1091 723 1884 760">
    <p class='ocr_par' dir='ltr' id='par_1_73' title="bbox 1091 723 1884 760">
     <span class='ocr_line' id='line_1_73' title="bbox 1091 723 1884 760; baseline -0.001 -9"><span class='ocrx_word' id='word_1_536' title='bbox 1091 724 1139 751; x_wconf 82' lang='grc' dir='ltr'><strong>τοῦ</strong></span> <span class='ocrx_word' id='word_1_537' title='bbox 1154 725 1247 760; x_wconf 88' lang='grc' dir='ltr'>νόμου,</span> <span class='ocrx_word' id='word_1_538' title='bbox 1261 724 1308 751; x_wconf 76' lang='grc' dir='ltr'><strong>καὶ</strong></span> <span class='ocrx_word' id='word_1_539' title='bbox 1325 724 1361 760; x_wconf 81' lang='grc' dir='ltr'>μὴ</span> <span class='ocrx_word' id='word_1_540' title='bbox 1375 724 1408 750; x_wconf 81' lang='grc' dir='ltr'>δι’</span> <span class='ocrx_word' id='word_1_541' title='bbox 1427 723 1593 759; x_wconf 80' lang='grc' dir='ltr'>ὑψηλοτέρου</span> <span class='ocrx_word' id='word_1_542' title='bbox 1611 724 1670 754; x_wconf 79' lang='grc' dir='ltr'>νοδς</span> <span class='ocrx_word' id='word_1_543' title='bbox 1685 723 1825 756; x_wconf 74' lang='grc' dir='ltr'>ἀνάϐασις,</span> <span class='ocrx_word' id='word_1_544' title='bbox 1840 725 1884 750; x_wconf 79' lang='grc' dir='ltr'>εί-</span> 
     </span>
    </p>
   </div>
   <div class='ocr_carea' id='block_1_74' title="bbox 1092 766 1883 804">
    <p class='ocr_par' dir='ltr' id='par_1_74' title="bbox 1092 766 1883 804">
     <span class='ocr_line' id='line_1_74' title="bbox 1092 766 1883 804; baseline -0.004 -8"><span class='ocrx_word' id='word_1_545' title='bbox 1092 770 1178 802; x_wconf 87' lang='grc' dir='ltr'>κότως</span> <span class='ocrx_word' id='word_1_546' title='bbox 1189 770 1270 804; x_wconf 85' lang='grc' dir='ltr'>γεννᾶ</span> <span class='ocrx_word' id='word_1_547' title='bbox 1280 769 1344 800; x_wconf 79' lang='grc' dir='ltr'>τοὺς</span> <span class='ocrx_word' id='word_1_548' title='bbox 1357 767 1525 803; x_wconf 78' lang='grc' dir='ltr'>δηλωθέντας</span> <span class='ocrx_word' id='word_1_549' title='bbox 1540 767 1562 802; x_wconf 85' lang='grc' dir='ltr'><strong>β’</strong></span> <span class='ocrx_word' id='word_1_550' title='bbox 1577 766 1661 798; x_wconf 80' lang='grc' dir='ltr'>υἱούς.</span> <span class='ocrx_word' id='word_1_551' title='bbox 1673 767 1773 802; x_wconf 77' lang='grc' dir='ltr'>Μήτηρ</span> <span class='ocrx_word' id='word_1_552' title='bbox 1786 767 1816 793; x_wconf 77' lang='grc' dir='ltr'>δὲ</span> <span class='ocrx_word' id='word_1_553' title='bbox 1825 767 1883 794; x_wconf 78' lang='grc' dir='ltr'><strong>τῶν</strong></span> 
     </span>
    </p>
   </div>
   <div class='ocr_carea' id='block_1_75' title="bbox 1093 812 1882 848">
    <p class='ocr_par' dir='ltr' id='par_1_75' title="bbox 1093 812 1882 848">
     <span class='ocr_line' id='line_1_75' title="bbox 1093 812 1882 848; baseline -0.003 -6"><span class='ocrx_word' id='word_1_554' title='bbox 1093 815 1159 842; x_wconf 86' lang='grc' dir='ltr'>υίῶν</span> <span class='ocrx_word' id='word_1_555' title='bbox 1184 815 1269 843; x_wconf 80' lang='grc' dir='ltr'>αὐτοῦ</span> <span class='ocrx_word' id='word_1_556' title='bbox 1296 813 1398 848; x_wconf 86' lang='grc' dir='ltr'>Μερώό</span> <span class='ocrx_word' id='word_1_557' title='bbox 1410 821 1418 829; x_wconf 83' lang='grc'><em>’</em></span> <span class='ocrx_word' id='word_1_558' title='bbox 1440 813 1501 848; x_wconf 82' lang='grc' dir='ltr'>ἥτις</span> <span class='ocrx_word' id='word_1_559' title='bbox 1515 812 1696 848; x_wconf 74' lang='grc' dir='ltr'>ἑρμηνεύεται</span> <span class='ocrx_word' id='word_1_560' title='bbox 1715 813 1882 847; x_wconf 69' lang='grc' dir='ltr'>πλησμονὴ</span> 
     </span>
    </p>
   </div>
   <div class='ocr_carea' id='block_1_76' title="bbox 1092 858 1885 896">
    <p class='ocr_par' dir='ltr' id='par_1_76' title="bbox 1092 858 1885 896">
     <span class='ocr_line' id='line_1_76' title="bbox 1092 858 1885 896; baseline -0.004 -8"><span class='ocrx_word' id='word_1_561' title='bbox 1092 859 1318 896; x_wconf 57' lang='grc' dir='ltr'>φάρυγγος,ἧτοι</span> <span class='ocrx_word' id='word_1_562' title='bbox 1326 859 1548 894; x_wconf 74' lang='grc' dir='ltr'>γαστριμαργία.</span> <span class='ocrx_word' id='word_1_563' title='bbox 1557 859 1630 893; x_wconf 71' lang='grc' dir='ltr'>Αὕτη</span> <span class='ocrx_word' id='word_1_564' title='bbox 1639 858 1667 885; x_wconf 80' lang='grc' dir='ltr'>δὲ</span> <span class='ocrx_word' id='word_1_565' title='bbox 1677 859 1757 886; x_wconf 77' lang='grc' dir='ltr'>πάλιν</span> <span class='ocrx_word' id='word_1_566' title='bbox 1767 860 1885 886; x_wconf 79' lang='grc' dir='ltr'>ἀκολοὺ-</span> 
     </span>
    </p>
   </div>
   <div class='ocr_carea' id='block_1_77' title="bbox 1093 904 1886 940">
    <p class='ocr_par' dir='ltr' id='par_1_77' title="bbox 1093 904 1886 940">
     <span class='ocr_line' id='line_1_77' title="bbox 1093 904 1886 940; baseline 0 -8"><span class='ocrx_word' id='word_1_567' title='bbox 1093 906 1146 938; x_wconf 84' lang='grc' dir='ltr'><strong>θως</strong></span> <span class='ocrx_word' id='word_1_568' title='bbox 1163 905 1244 940; x_wconf 78' lang='grc' dir='ltr'>γεννᾷ</span> <span class='ocrx_word' id='word_1_569' title='bbox 1274 907 1323 936; x_wconf 81' lang='grc' dir='ltr'><strong>τὰς</strong></span> <span class='ocrx_word' id='word_1_570' title='bbox 1345 904 1493 940; x_wconf 82' lang='grc' dir='ltr'>εἰρημένας</span> <span class='ocrx_word' id='word_1_571' title='bbox 1511 904 1710 940; x_wconf 80' lang='grc' dir='ltr'>παραχρήσεις·</span> <span class='ocrx_word' id='word_1_572' title='bbox 1727 905 1774 931; x_wconf 80' lang='grc' dir='ltr'>καὶ</span> <span class='ocrx_word' id='word_1_573' title='bbox 1789 905 1807 939; x_wconf 82' lang='grc' dir='ltr'>ἡ</span> <span class='ocrx_word' id='word_1_574' title='bbox 1831 905 1886 940; x_wconf 84' lang='grc' dir='ltr'>μὲν</span> 
     </span>
    </p>
   </div>
   <div class='ocr_carea' id='block_1_78' title="bbox 1099 948 1883 985">
    <p class='ocr_par' dir='ltr' id='par_1_78' title="bbox 1099 948 1883 985">
     <span class='ocr_line' id='line_1_78' title="bbox 1099 948 1883 985; baseline -0.001 -8"><span class='ocrx_word' id='word_1_575' title='bbox 1099 950 1210 985; x_wconf 79' lang='grc' dir='ltr'>Ῥεσφὰ,</span> <span class='ocrx_word' id='word_1_576' title='bbox 1233 949 1369 985; x_wconf 81' lang='grc' dir='ltr'><strong>παλλακὴ,</strong></span> <span class='ocrx_word' id='word_1_577' title='bbox 1385 948 1428 975; x_wconf 87' lang='grc' dir='ltr'><strong>διὰ</strong></span> <span class='ocrx_word' id='word_1_578' title='bbox 1444 949 1494 984; x_wconf 79' lang='grc' dir='ltr'>τὴν</span> <span class='ocrx_word' id='word_1_579' title='bbox 1517 949 1629 984; x_wconf 84' lang='grc' dir='ltr'>ἀπρεπῆ</span> <span class='ocrx_word' id='word_1_580' title='bbox 1644 949 1691 976; x_wconf 78' lang='grc' dir='ltr'><strong>καὶ</strong></span> <span class='ocrx_word' id='word_1_581' title='bbox 1704 948 1818 981; x_wconf 80' lang='grc' dir='ltr'>ἀναξίαν</span> <span class='ocrx_word' id='word_1_582' title='bbox 1833 950 1883 976; x_wconf 74' lang='grc' dir='ltr'><strong>τοῦ</strong></span> 
     </span>
    </p>
   </div>
   <div class='ocr_carea' id='block_1_79' title="bbox 1093 993 1884 1031">
    <p class='ocr_par' dir='ltr' id='par_1_79' title="bbox 1093 993 1884 1031">
     <span class='ocr_line' id='line_1_79' title="bbox 1093 993 1884 1031; baseline -0.003 -8"><span class='ocrx_word' id='word_1_583' title='bbox 1093 996 1176 1031; x_wconf 87' lang='grc' dir='ltr'>νόμου</span> <span class='ocrx_word' id='word_1_584' title='bbox 1195 994 1278 1031; x_wconf 81' lang='grc' dir='ltr'>μίξιν.</span> <span class='ocrx_word' id='word_1_585' title='bbox 1293 995 1339 1021; x_wconf 76' lang='grc' dir='ltr'>Δεῖ</span> <span class='ocrx_word' id='word_1_586' title='bbox 1354 993 1408 1029; x_wconf 81' lang='grc' dir='ltr'><strong>γὰρ</strong></span> <span class='ocrx_word' id='word_1_587' title='bbox 1422 994 1461 1030; x_wconf 80' lang='grc' dir='ltr'>μὴ</span> <span class='ocrx_word' id='word_1_588' title='bbox 1478 994 1522 1020; x_wconf 83' lang='grc' dir='ltr'>διὰ</span> <span class='ocrx_word' id='word_1_589' title='bbox 1537 994 1616 1029; x_wconf 89' lang='grc' dir='ltr'>μόνου</span> <span class='ocrx_word' id='word_1_590' title='bbox 1631 994 1761 1029; x_wconf 80' lang='grc' dir='ltr'>στόματος</span> <span class='ocrx_word' id='word_1_591' title='bbox 1775 995 1884 1031; x_wconf 68' lang='grc' dir='ltr'>προφέ-</span> 
     </span>
    </p>
   </div>
   <div class='ocr_carea' id='block_1_80' title="bbox 1095 1039 1884 1076">
    <p class='ocr_par' dir='ltr' id='par_1_80' title="bbox 1095 1039 1884 1076">
     <span class='ocr_line' id='line_1_80' title="bbox 1095 1039 1884 1076; baseline 0 -9"><span class='ocrx_word' id='word_1_592' title='bbox 1095 1040 1190 1076; x_wconf 85' lang='grc' dir='ltr'>ρεσθαι</span> <span class='ocrx_word' id='word_1_593' title='bbox 1202 1040 1247 1067; x_wconf 83' lang='grc' dir='ltr'>τὸν</span> <span class='ocrx_word' id='word_1_594' title='bbox 1260 1040 1353 1075; x_wconf 89' lang='grc' dir='ltr'>νόμον·</span> <span class='ocrx_word' id='word_1_595' title='bbox 1374 1039 1442 1066; x_wconf 80' lang='grc' dir='ltr'>ἀλλὰ</span> <span class='ocrx_word' id='word_1_596' title='bbox 1453 1039 1501 1066; x_wconf 77' lang='grc' dir='ltr'>καὶ</span> <span class='ocrx_word' id='word_1_597' title='bbox 1512 1039 1544 1066; x_wconf 80' lang='grc' dir='ltr'>δι’</span> <span class='ocrx_word' id='word_1_598' title='bbox 1560 1039 1728 1074; x_wconf 73' lang='grc' dir='ltr'>ὑψηλοτέρας</span> <span class='ocrx_word' id='word_1_599' title='bbox 1742 1040 1862 1075; x_wconf 80' lang='grc' dir='ltr'>θεωρίας</span> <span class='ocrx_word' id='word_1_600' title='bbox 1872 1043 1884 1053; x_wconf 82' lang='lat'><strong><em>‘</em></strong></span> 
     </span>
    </p>
   </div>
   <div class='ocr_carea' id='block_1_81' title="bbox 1093 1083 1885 1122">
    <p class='ocr_par' dir='ltr' id='par_1_81' title="bbox 1093 1083 1885 1122">
     <span class='ocr_line' id='line_1_81' title="bbox 1093 1083 1885 1122; baseline 0.001 -10"><span class='ocrx_word' id='word_1_601' title='bbox 1093 1087 1111 1121; x_wconf 74' lang='grc' dir='ltr'>ἢ</span> <span class='ocrx_word' id='word_1_602' title='bbox 1124 1086 1205 1121; x_wconf 82' lang='grc' dir='ltr'>γεννᾷ</span> <span class='ocrx_word' id='word_1_603' title='bbox 1214 1086 1264 1121; x_wconf 82' lang='grc' dir='ltr'>τὴν</span> <span class='ocrx_word' id='word_1_604' title='bbox 1277 1085 1508 1122; x_wconf 82' lang='grc' dir='ltr'>γαστριμαργίαν.</span> <span class='ocrx_word' id='word_1_605' title='bbox 1521 1083 1581 1112; x_wconf 84' lang='grc' dir='ltr'>Ἵνα</span> <span class='ocrx_word' id='word_1_606' title='bbox 1599 1085 1628 1112; x_wconf 78' lang='grc' dir='ltr'>δὲ</span> <span class='ocrx_word' id='word_1_607' title='bbox 1652 1085 1700 1112; x_wconf 80' lang='grc' dir='ltr'>καὶ</span> <span class='ocrx_word' id='word_1_608' title='bbox 1714 1085 1749 1111; x_wconf 80' lang='grc' dir='ltr'>τὰ</span> <span class='ocrx_word' id='word_1_609' title='bbox 1761 1086 1885 1121; x_wconf 76' lang='grc' dir='ltr'>ὀνόματα.</span> 
     </span>
    </p>
   </div>
   <div class='ocr_carea' id='block_1_82' title="bbox 1093 1129 1887 1166">
    <p class='ocr_par' dir='ltr' id='par_1_82' title="bbox 1093 1129 1887 1166">
     <span class='ocr_line' id='line_1_82' title="bbox 1093 1129 1887 1166; baseline 0.001 -9"><span class='ocrx_word' id='word_1_610' title='bbox 1093 1130 1148 1157; x_wconf 85' lang='grc' dir='ltr'><strong>τῶν</strong></span> <span class='ocrx_word' id='word_1_611' title='bbox 1177 1131 1209 1157; x_wconf 64' lang='grc' dir='ltr'>ἐκ</span> <span class='ocrx_word' id='word_1_612' title='bbox 1231 1130 1348 1165; x_wconf 78' lang='grc' dir='ltr'>Ῥεσφᾶς</span> <span class='ocrx_word' id='word_1_613' title='bbox 1371 1129 1438 1156; x_wconf 80' lang='grc' dir='ltr'>υίῶν</span> <span class='ocrx_word' id='word_1_614' title='bbox 1461 1129 1670 1165; x_wconf 80' lang='grc' dir='ltr'>ἁναπτῦξωμεν,</span> <span class='ocrx_word' id='word_1_615' title='bbox 1692 1130 1804 1166; x_wconf 80' lang='grc' dir='ltr'>Ἑρμοθὶ</span> <span class='ocrx_word' id='word_1_616' title='bbox 1832 1131 1887 1166; x_wconf 77' lang='grc' dir='ltr'>μὲν</span> 
     </span>
    </p>
   </div>
   <div class='ocr_carea' id='block_1_83' title="bbox 1094 1174 1887 1212">
    <p class='ocr_par' dir='ltr' id='par_1_83' title="bbox 1094 1174 1887 1212">
     <span class='ocr_line' id='line_1_83' title="bbox 1094 1174 1887 1212; baseline 0.001 -10"><span class='ocrx_word' id='word_1_617' title='bbox 1094 1175 1275 1212; x_wconf 75' lang='grc' dir='ltr'>ἑρμηνεύεται</span> <span class='ocrx_word' id='word_1_618' title='bbox 1302 1175 1444 1210; x_wconf 80' lang='grc' dir='ltr'><strong>ἀνάθεμα·</strong></span> <span class='ocrx_word' id='word_1_619' title='bbox 1468 1175 1590 1202; x_wconf 83' lang='grc' dir='ltr'>τοιοῦτον</span> <span class='ocrx_word' id='word_1_620' title='bbox 1615 1174 1644 1202; x_wconf 71' lang='grc' dir='ltr'>δὲ</span> <span class='ocrx_word' id='word_1_621' title='bbox 1666 1176 1684 1211; x_wconf 79' lang='grc' dir='ltr'><strong>ἡ</strong></span> <span class='ocrx_word' id='word_1_622' title='bbox 1707 1175 1778 1203; x_wconf 81' lang='grc' dir='ltr'>κατὰ</span> <span class='ocrx_word' id='word_1_623' title='bbox 1801 1176 1887 1212; x_wconf 77' lang='grc' dir='ltr'>σῶμα</span> 
     </span>
    </p>
   </div>
   <div class='ocr_carea' id='block_1_84' title="bbox 1095 1220 1887 1258">
    <p class='ocr_par' dir='ltr' id='par_1_84' title="bbox 1095 1220 1887 1258">
     <span class='ocr_line' id='line_1_84' title="bbox 1095 1220 1887 1258; baseline 0.001 -9"><span class='ocrx_word' id='word_1_624' title='bbox 1095 1222 1226 1258; x_wconf 80' lang='grc' dir='ltr'>ἁμαρτία,</span> <span class='ocrx_word' id='word_1_625' title='bbox 1237 1221 1393 1249; x_wconf 82' lang='grc' dir='ltr'>ἀνατιθεῖσα</span> <span class='ocrx_word' id='word_1_626' title='bbox 1403 1221 1442 1256; x_wconf 87' lang='grc' dir='ltr'><strong>τῷ</strong></span> <span class='ocrx_word' id='word_1_627' title='bbox 1453 1221 1558 1256; x_wconf 86' lang='grc' dir='ltr'>δαίμονι</span> <span class='ocrx_word' id='word_1_628' title='bbox 1567 1220 1613 1248; x_wconf 71' lang='grc' dir='ltr'><strong>τὸν</strong></span> <span class='ocrx_word' id='word_1_629' title='bbox 1625 1220 1727 1257; x_wconf 81' lang='grc' dir='ltr'>ταύτην</span> <span class='ocrx_word' id='word_1_630' title='bbox 1737 1221 1887 1258; x_wconf 67' lang='grc' dir='ltr'>ἑνεργοῦν-</span> 
     </span>
    </p>
   </div>
   <div class='ocr_carea' id='block_1_85' title="bbox 1095 1266 1888 1303">
    <p class='ocr_par' dir='ltr' id='par_1_85' title="bbox 1095 1266 1888 1303">
     <span class='ocr_line' id='line_1_85' title="bbox 1095 1266 1888 1303; baseline 0 -8"><span class='ocrx_word' id='word_1_631' title='bbox 1095 1276 1139 1295; x_wconf 81' lang='grc' dir='ltr'>τα.</span> <span class='ocrx_word' id='word_1_632' title='bbox 1159 1267 1338 1303; x_wconf 75' lang='grc' dir='ltr'>Μεμφιϐοσθὶ</span> <span class='ocrx_word' id='word_1_633' title='bbox 1357 1266 1386 1294; x_wconf 81' lang='grc' dir='ltr'>δὲ</span> <span class='ocrx_word' id='word_1_634' title='bbox 1409 1267 1550 1302; x_wconf 73' lang='grc' dir='ltr'>αἰσχύνη.</span> <span class='ocrx_word' id='word_1_635' title='bbox 1575 1266 1701 1294; x_wconf 78' lang='grc' dir='ltr'>Τοιοῦτον</span> <span class='ocrx_word' id='word_1_636' title='bbox 1717 1266 1746 1294; x_wconf 78' lang='grc' dir='ltr'>δὲ</span> <span class='ocrx_word' id='word_1_637' title='bbox 1767 1267 1850 1296; x_wconf 75' lang='grc' dir='ltr'>πάλιν</span> <span class='ocrx_word' id='word_1_638' title='bbox 1866 1269 1888 1303; x_wconf 67' lang='grc' dir='ltr'><strong>ἡ</strong></span> 
     </span>
    </p>
   </div>
   <div class='ocr_carea' id='block_1_86' title="bbox 1096 1312 1888 1348">
    <p class='ocr_par' dir='ltr' id='par_1_86' title="bbox 1096 1312 1888 1348">
     <span class='ocr_line' id='line_1_86' title="bbox 1096 1312 1888 1348; baseline -0.003 -7"><span class='ocrx_word' id='word_1_639' title='bbox 1096 1313 1167 1341; x_wconf 78' lang='grc' dir='ltr'>κατὰ</span> <span class='ocrx_word' id='word_1_640' title='bbox 1190 1312 1253 1340; x_wconf 82' lang='grc' dir='ltr'>νοῦν</span> <span class='ocrx_word' id='word_1_641' title='bbox 1273 1312 1405 1348; x_wconf 80' lang='grc' dir='ltr'>ἁμαρτία,</span> <span class='ocrx_word' id='word_1_642' title='bbox 1427 1312 1592 1347; x_wconf 76' lang='grc' dir='ltr'>αἰσχύνουσα</span> <span class='ocrx_word' id='word_1_643' title='bbox 1613 1312 1660 1339; x_wconf 69' lang='grc' dir='ltr'>τὸν</span> <span class='ocrx_word' id='word_1_644' title='bbox 1681 1312 1755 1346; x_wconf 89' lang='grc' dir='ltr'>νοῦν,</span> <span class='ocrx_word' id='word_1_645' title='bbox 1772 1313 1801 1344; x_wconf 80' lang='grc' dir='ltr'>ὅς</span> <span class='ocrx_word' id='word_1_646' title='bbox 1825 1313 1888 1340; x_wconf 81' lang='grc' dir='ltr'>ἐστι</span> 
     </span>
    </p>
   </div>
   <div class='ocr_carea' id='block_1_87' title="bbox 1096 1357 1888 1395">
    <p class='ocr_par' dir='ltr' id='par_1_87' title="bbox 1096 1357 1888 1395">
     <span class='ocr_line' id='line_1_87' title="bbox 1096 1357 1888 1395; baseline -0.001 -9"><span class='ocrx_word' id='word_1_647' title='bbox 1096 1359 1159 1393; x_wconf 78' lang='grc' dir='ltr'>δόξα</span> <span class='ocrx_word' id='word_1_648' title='bbox 1173 1358 1271 1395; x_wconf 77' lang='grc' dir='ltr'>ψυχῆς.</span> <span class='ocrx_word' id='word_1_649' title='bbox 1289 1358 1399 1393; x_wconf 81' lang='grc' dir='ltr'>Ἐπειδὴ</span> <span class='ocrx_word' id='word_1_650' title='bbox 1415 1357 1499 1384; x_wconf 81' lang='grc' dir='ltr'>δὲκαὶ</span> <span class='ocrx_word' id='word_1_651' title='bbox 1514 1357 1651 1393; x_wconf 76' lang='grc' dir='ltr'>Ἑσδριὴλ,</span> <span class='ocrx_word' id='word_1_652' title='bbox 1668 1358 1715 1385; x_wconf 81' lang='grc' dir='ltr'><strong>τοῦ</strong></span> <span class='ocrx_word' id='word_1_653' title='bbox 1732 1358 1827 1393; x_wconf 77' lang='grc' dir='ltr'>ἀνδρὸς</span> <span class='ocrx_word' id='word_1_654' title='bbox 1834 1359 1888 1393; x_wconf 81' lang='grc' dir='ltr'>τῆς</span> 
     </span>
    </p>
   </div>
   <div class='ocr_carea' id='block_1_88' title="bbox 1097 1402 1889 1441">
    <p class='ocr_par' dir='ltr' id='par_1_88' title="bbox 1097 1402 1889 1441">
     <span class='ocr_line' id='line_1_88' title="bbox 1097 1402 1889 1441; baseline -0.003 -9"><span class='ocrx_word' id='word_1_655' title='bbox 1097 1404 1199 1441; x_wconf 86' lang='grc' dir='ltr'>Μερὼὸ</span> <span class='ocrx_word' id='word_1_656' title='bbox 1212 1404 1413 1439; x_wconf 73' lang='grc' dir='ltr'>ἐμνημόνευσεν</span> <span class='ocrx_word' id='word_1_657' title='bbox 1440 1403 1454 1429; x_wconf 85' lang='grc' dir='ltr'>ὀ</span> <span class='ocrx_word' id='word_1_658' title='bbox 1471 1402 1560 1437; x_wconf 79' lang='grc' dir='ltr'>λόγος,</span> <span class='ocrx_word' id='word_1_659' title='bbox 1577 1402 1755 1438; x_wconf 79' lang='grc' dir='ltr'>ἑρμηνεύεται</span> <span class='ocrx_word' id='word_1_660' title='bbox 1768 1404 1796 1430; x_wconf 80' lang='grc' dir='ltr'>δὲ</span> <span class='ocrx_word' id='word_1_661' title='bbox 1818 1404 1889 1430; x_wconf 79' lang='grc' dir='ltr'><strong>Ἑσ-</strong></span> 
     </span>
    </p>
   </div>
   <div class='ocr_carea' id='block_1_89' title="bbox 1097 1447 1890 1486">
    <p class='ocr_par' dir='ltr' id='par_1_89' title="bbox 1097 1447 1890 1486">
     <span class='ocr_line' id='line_1_89' title="bbox 1097 1447 1890 1486; baseline -0.001 -9"><span class='ocrx_word' id='word_1_662' title='bbox 1097 1450 1175 1486; x_wconf 82' lang='grc' dir='ltr'>δριὴλ</span> <span class='ocrx_word' id='word_1_663' title='bbox 1195 1449 1309 1484; x_wconf 74' lang='grc' dir='ltr'>,βλέψις</span> <span class='ocrx_word' id='word_1_664' title='bbox 1333 1449 1448 1481; x_wconf 80' lang='grc' dir='ltr'>δυνατή</span> <span class='ocrx_word' id='word_1_665' title='bbox 1460 1456 1467 1463; x_wconf 88' lang='grc'><strong>·</strong></span> <span class='ocrx_word' id='word_1_666' title='bbox 1486 1447 1604 1475; x_wconf 76' lang='grc' dir='ltr'>τοιοῦτον</span> <span class='ocrx_word' id='word_1_667' title='bbox 1621 1448 1649 1475; x_wconf 78' lang='grc' dir='ltr'>δὲ</span> <span class='ocrx_word' id='word_1_668' title='bbox 1664 1449 1678 1476; x_wconf 84' lang='grc' dir='ltr'><strong><em>ὁ</em></strong></span> <span class='ocrx_word' id='word_1_669' title='bbox 1703 1449 1773 1481; x_wconf 59' lang='grc' dir='ltr'>νοῦς</span> <span class='ocrx_word' id='word_1_670' title='bbox 1791 1449 1835 1484; x_wconf 76' lang='grc' dir='ltr'>εἴη</span> <span class='ocrx_word' id='word_1_671' title='bbox 1852 1450 1890 1476; x_wconf 79' lang='grc' dir='ltr'>ἂν</span> 
     </span>
    </p>
   </div>
   <div class='ocr_carea' id='block_1_90' title="bbox 1099 1494 1889 1532">
    <p class='ocr_par' dir='ltr' id='par_1_90' title="bbox 1099 1494 1889 1532">
     <span class='ocr_line' id='line_1_90' title="bbox 1099 1494 1889 1532; baseline -0.001 -9"><span class='ocrx_word' id='word_1_672' title='bbox 1099 1495 1233 1532; x_wconf 84' lang='grc' dir='ltr'>Ἐαδριὴλ,</span> <span class='ocrx_word' id='word_1_673' title='bbox 1258 1496 1272 1521; x_wconf 85' lang='grc' dir='ltr'><strong>ό</strong></span> <span class='ocrx_word' id='word_1_674' title='bbox 1295 1494 1499 1530; x_wconf 81' lang='grc' dir='ltr'>ὲπικλινόμενος</span> <span class='ocrx_word' id='word_1_675' title='bbox 1522 1496 1555 1531; x_wconf 82' lang='grc' dir='ltr'>τῇ</span> <span class='ocrx_word' id='word_1_676' title='bbox 1578 1495 1785 1532; x_wconf 77' lang='grc' dir='ltr'>γαστριμαργίᾳ</span> <span class='ocrx_word' id='word_1_677' title='bbox 1810 1495 1889 1528; x_wconf 78' lang='grc' dir='ltr'>νοῦς,</span> 
     </span>
    </p>
   </div>
   <div class='ocr_carea' id='block_1_91' title="bbox 1098 1539 1891 1576">
    <p class='ocr_par' dir='ltr' id='par_1_91' title="bbox 1098 1539 1891 1576">
     <span class='ocr_line' id='line_1_91' title="bbox 1098 1539 1891 1576; baseline -0.001 -9"><span class='ocrx_word' id='word_1_678' title='bbox 1098 1542 1146 1567; x_wconf 72' lang='grc' dir='ltr'>καὶ</span> <span class='ocrx_word' id='word_1_679' title='bbox 1164 1540 1358 1576; x_wconf 70' lang='grc' dir='ltr'>συγγινόμενος</span> <span class='ocrx_word' id='word_1_680' title='bbox 1375 1540 1454 1576; x_wconf 86' lang='grc' dir='ltr'>αὐτῇ.</span> <span class='ocrx_word' id='word_1_681' title='bbox 1469 1539 1622 1576; x_wconf 84' lang='grc' dir='ltr'>Τοιγαροῦν</span> <span class='ocrx_word' id='word_1_682' title='bbox 1640 1540 1696 1572; x_wconf 77' lang='grc' dir='ltr'>πᾶς</span> <span class='ocrx_word' id='word_1_683' title='bbox 1713 1539 1838 1576; x_wconf 70' lang='grc' dir='ltr'>ἐκζητῶν</span> <span class='ocrx_word' id='word_1_684' title='bbox 1856 1540 1891 1567; x_wconf 70' lang='grc' dir='ltr'><strong>τὸ</strong></span> 
     </span>
    </p>
   </div>
   <div class='ocr_carea' id='block_1_92' title="bbox 1098 1585 1891 1623">
    <p class='ocr_par' dir='ltr' id='par_1_92' title="bbox 1098 1585 1891 1623">
     <span class='ocr_line' id='line_1_92' title="bbox 1098 1585 1891 1623; baseline 0 -10"><span class='ocrx_word' id='word_1_685' title='bbox 1098 1587 1243 1623; x_wconf 82' lang='grc' dir='ltr'>πρόσωπον</span> <span class='ocrx_word' id='word_1_686' title='bbox 1257 1587 1362 1622; x_wconf 82' lang='grc' dir='ltr'>Κυρίου</span> <span class='ocrx_word' id='word_1_687' title='bbox 1387 1585 1458 1613; x_wconf 83' lang='grc' dir='ltr'>κατὰ</span> <span class='ocrx_word' id='word_1_688' title='bbox 1476 1585 1521 1612; x_wconf 79' lang='grc' dir='ltr'><strong>τὸν</strong></span> <span class='ocrx_word' id='word_1_689' title='bbox 1537 1585 1630 1618; x_wconf 71' lang='grc' dir='ltr'>Δαϐὶδ,</span> <span class='ocrx_word' id='word_1_690' title='bbox 1649 1586 1755 1621; x_wconf 77' lang='grc' dir='ltr'>ἀναιρεῖ</span> <span class='ocrx_word' id='word_1_691' title='bbox 1769 1587 1834 1617; x_wconf 80' lang='grc' dir='ltr'>τοὺς</span> <span class='ocrx_word' id='word_1_692' title='bbox 1850 1587 1891 1613; x_wconf 80' lang='grc' dir='ltr'>εί-</span> 
     </span>
    </p>
   </div>
   <div class='ocr_carea' id='block_1_93' title="bbox 1099 1630 1890 1670">
    <p class='ocr_par' dir='ltr' id='par_1_93' title="bbox 1099 1630 1890 1670">
     <span class='ocr_line' id='line_1_93' title="bbox 1099 1630 1890 1670; baseline -0.001 -10"><span class='ocrx_word' id='word_1_693' title='bbox 1099 1634 1234 1670; x_wconf 81' lang='grc' dir='ltr'>ρημένους</span> <span class='ocrx_word' id='word_1_694' title='bbox 1260 1633 1334 1664; x_wconf 83' lang='grc' dir='ltr'>υἱοὺς</span> <span class='ocrx_word' id='word_1_695' title='bbox 1354 1633 1402 1659; x_wconf 84' lang='grc' dir='ltr'>καὶ</span> <span class='ocrx_word' id='word_1_696' title='bbox 1425 1632 1537 1663; x_wconf 78' lang='grc' dir='ltr'>υἱωνοὺς</span> <span class='ocrx_word' id='word_1_697' title='bbox 1559 1631 1607 1659; x_wconf 84' lang='grc' dir='ltr'><strong>τοῦ</strong></span> <span class='ocrx_word' id='word_1_698' title='bbox 1621 1632 1717 1665; x_wconf 79' lang='grc' dir='ltr'>Σαοὺλ,</span> <span class='ocrx_word' id='word_1_699' title='bbox 1734 1630 1779 1659; x_wconf 81' lang='grc' dir='ltr'><strong>διὰ</strong></span> <span class='ocrx_word' id='word_1_700' title='bbox 1800 1632 1890 1668; x_wconf 80' lang='grc' dir='ltr'>μέσης</span> 
     </span>
    </p>
   </div>
   <div class='ocr_carea' id='block_1_94' title="bbox 1097 1677 1891 1714">
    <p class='ocr_par' dir='ltr' id='par_1_94' title="bbox 1097 1677 1891 1714">
     <span class='ocr_line' id='line_1_94' title="bbox 1097 1677 1891 1714; baseline -0.001 -9"><span class='ocrx_word' id='word_1_701' title='bbox 1097 1679 1147 1714; x_wconf 87' lang='grc' dir='ltr'>τῆς</span> <span class='ocrx_word' id='word_1_702' title='bbox 1161 1677 1277 1713; x_wconf 79' lang='grc' dir='ltr'>φυσικῆς</span> <span class='ocrx_word' id='word_1_703' title='bbox 1284 1677 1408 1713; x_wconf 84' lang='grc' dir='ltr'>θεωρίας,</span> <span class='ocrx_word' id='word_1_704' title='bbox 1417 1677 1445 1704; x_wconf 79' lang='grc' dir='ltr'>ὲν</span> <span class='ocrx_word' id='word_1_705' title='bbox 1454 1677 1493 1712; x_wconf 84' lang='grc' dir='ltr'><strong>τῷ</strong></span> <span class='ocrx_word' id='word_1_706' title='bbox 1503 1677 1564 1712; x_wconf 76' lang='grc' dir='ltr'>ὕψει</span> <span class='ocrx_word' id='word_1_707' title='bbox 1573 1677 1622 1713; x_wconf 84' lang='grc' dir='ltr'><strong>τῆς</strong></span> <span class='ocrx_word' id='word_1_708' title='bbox 1635 1677 1774 1711; x_wconf 83' lang='grc' dir='ltr'>γνώσεως,</span> <span class='ocrx_word' id='word_1_709' title='bbox 1792 1677 1891 1714; x_wconf 75' lang='grc' dir='ltr'>ὥσπερ</span> 
     </span>
    </p>
   </div>
   <div class='ocr_carea' id='block_1_95' title="bbox 1098 1722 1890 1759">
    <p class='ocr_par' dir='ltr' id='par_1_95' title="bbox 1098 1722 1890 1759">
     <span class='ocr_line' id='line_1_95' title="bbox 1098 1722 1890 1759; baseline -0.001 -8"><span class='ocrx_word' id='word_1_710' title='bbox 1098 1724 1201 1756; x_wconf 75' lang='grc' dir='ltr'>ἐκεῖνος</span> <span class='ocrx_word' id='word_1_711' title='bbox 1214 1723 1333 1756; x_wconf 73' lang='grc' dir='ltr'>ἐκείνους</span> <span class='ocrx_word' id='word_1_712' title='bbox 1358 1723 1404 1750; x_wconf 76' lang='grc' dir='ltr'><strong>διὰ</strong></span> <span class='ocrx_word' id='word_1_713' title='bbox 1429 1723 1484 1750; x_wconf 85' lang='grc' dir='ltr'><strong>τῶν</strong></span> <span class='ocrx_word' id='word_1_714' title='bbox 1499 1722 1679 1750; x_wconf 78' lang='grc' dir='ltr'>Γαδαωνιτῶν</span> <span class='ocrx_word' id='word_1_715' title='bbox 1701 1724 1731 1750; x_wconf 83' lang='grc' dir='ltr'>ὲν</span> <span class='ocrx_word' id='word_1_716' title='bbox 1755 1723 1794 1759; x_wconf 83' lang='grc' dir='ltr'>τῷ</span> <span class='ocrx_word' id='word_1_717' title='bbox 1815 1723 1890 1759; x_wconf 76' lang='grc' dir='ltr'>ὄρει,</span> 
     </span>
    </p>
   </div>
   <div class='ocr_carea' id='block_1_96' title="bbox 1099 1768 1893 1805">
    <p class='ocr_par' dir='ltr' id='par_1_96' title="bbox 1099 1768 1893 1805">
     <span class='ocr_line' id='line_1_96' title="bbox 1099 1768 1893 1805; baseline 0 -8"><span class='ocrx_word' id='word_1_718' title='bbox 1099 1770 1146 1797; x_wconf 76' lang='grc' dir='ltr'>καὶ</span> <span class='ocrx_word' id='word_1_719' title='bbox 1163 1769 1299 1805; x_wconf 79' lang='grc' dir='ltr'>ὲξηλιάζει</span> <span class='ocrx_word' id='word_1_720' title='bbox 1318 1768 1416 1800; x_wconf 80' lang='grc' dir='ltr'>αὐτοὺς</span> <span class='ocrx_word' id='word_1_721' title='bbox 1430 1768 1520 1796; x_wconf 71' lang='grc' dir='ltr'>ἔναντι</span> <span class='ocrx_word' id='word_1_722' title='bbox 1535 1769 1650 1805; x_wconf 73' lang='grc' dir='ltr'>Κυρίου*</span> <span class='ocrx_word' id='word_1_723' title='bbox 1666 1768 1738 1796; x_wconf 72' lang='grc' dir='ltr'>τοῦτ’</span> <span class='ocrx_word' id='word_1_724' title='bbox 1755 1769 1825 1802; x_wconf 74' lang='grc' dir='ltr'>ἔστι,</span> <span class='ocrx_word' id='word_1_725' title='bbox 1841 1770 1893 1797; x_wconf 85' lang='grc' dir='ltr'>δεί-</span> 
     </span>
    </p>
   </div>
   <div class='ocr_carea' id='block_1_97' title="bbox 1099 1815 1892 1852">
    <p class='ocr_par' dir='ltr' id='par_1_97' title="bbox 1099 1815 1892 1852">
     <span class='ocr_line' id='line_1_97' title="bbox 1099 1815 1892 1852; baseline 0 -9"><span class='ocrx_word' id='word_1_726' title='bbox 1099 1824 1194 1843; x_wconf 83' lang='grc' dir='ltr'>κνυσιν</span> <span class='ocrx_word' id='word_1_727' title='bbox 1210 1815 1310 1847; x_wconf 75' lang='grc' dir='ltr'>αὐτοὺς</span> <span class='ocrx_word' id='word_1_728' title='bbox 1326 1815 1440 1851; x_wconf 78' lang='grc' dir='ltr'>νεκροὺς</span> <span class='ocrx_word' id='word_1_729' title='bbox 1455 1815 1570 1842; x_wconf 82' lang='grc' dir='ltr'>ἐνώπιον</span> <span class='ocrx_word' id='word_1_730' title='bbox 1579 1815 1694 1851; x_wconf 83' lang='grc' dir='ltr'>Κυρίου.</span> <span class='ocrx_word' id='word_1_731' title='bbox 1709 1816 1892 1852; x_wconf 70' lang='grc' dir='ltr'>Ἐξηλιασμὸν</span> 
     </span>
    </p>
   </div>
   <div class='ocr_carea' id='block_1_98' title="bbox 1100 1860 1892 1898">
    <p class='ocr_par' dir='ltr' id='par_1_98' title="bbox 1100 1860 1892 1898">
     <span class='ocr_line' id='line_1_98' title="bbox 1100 1860 1892 1898; baseline 0.001 -10"><span class='ocrx_word' id='word_1_732' title='bbox 1100 1862 1153 1897; x_wconf 88' lang='grc' dir='ltr'><strong>γὰρ</strong></span> <span class='ocrx_word' id='word_1_733' title='bbox 1168 1861 1285 1889; x_wconf 75' lang='grc' dir='ltr'>ἐνταῦθα</span> <span class='ocrx_word' id='word_1_734' title='bbox 1302 1860 1417 1896; x_wconf 82' lang='grc' dir='ltr'>νοοῦμεν</span> <span class='ocrx_word' id='word_1_735' title='bbox 1440 1861 1488 1896; x_wconf 80' lang='grc' dir='ltr'>τὴν</span> <span class='ocrx_word' id='word_1_736' title='bbox 1514 1861 1678 1897; x_wconf 80' lang='grc' dir='ltr'>φανέρωαιν,</span> <span class='ocrx_word' id='word_1_737' title='bbox 1700 1862 1733 1898; x_wconf 75' lang='grc' dir='ltr'>ἦν</span> <span class='ocrx_word' id='word_1_738' title='bbox 1755 1862 1792 1888; x_wconf 84' lang='grc' dir='ltr'><strong>τὰ</strong></span> <span class='ocrx_word' id='word_1_739' title='bbox 1815 1862 1892 1898; x_wconf 78' lang='grc' dir='ltr'>πάθη</span> 
     </span>
    </p>
   </div>
   <div class='ocr_carea' id='block_1_99' title="bbox 1099 1905 1895 1943">
    <p class='ocr_par' dir='ltr' id='par_1_99' title="bbox 1099 1905 1895 1943">
     <span class='ocr_line' id='line_1_99' title="bbox 1099 1905 1895 1943; baseline 0 -9"><span class='ocrx_word' id='word_1_740' title='bbox 1099 1907 1245 1942; x_wconf 81' lang='grc' dir='ltr'>πάσχουσι,</span> <span class='ocrx_word' id='word_1_741' title='bbox 1274 1906 1318 1933; x_wconf 88' lang='grc' dir='ltr'><strong>διὰ</strong></span> <span class='ocrx_word' id='word_1_742' title='bbox 1337 1906 1392 1933; x_wconf 83' lang='grc' dir='ltr'>τῶν</span> <span class='ocrx_word' id='word_1_743' title='bbox 1417 1906 1527 1942; x_wconf 69' lang='grc' dir='ltr'>ὑψηλῶν</span> <span class='ocrx_word' id='word_1_744' title='bbox 1549 1906 1599 1942; x_wconf 86' lang='grc' dir='ltr'>τῆς</span> <span class='ocrx_word' id='word_1_745' title='bbox 1620 1905 1728 1941; x_wconf 78' lang='grc' dir='ltr'>φύσεως</span> <span class='ocrx_word' id='word_1_746' title='bbox 1749 1905 1895 1943; x_wconf 76' lang='grc' dir='ltr'>λογισμῶν</span> 
     </span>
    </p>
   </div>
   <div class='ocr_carea' id='block_1_100' title="bbox 1099 1950 1895 1987">
    <p class='ocr_par' dir='ltr' id='par_1_100' title="bbox 1099 1950 1895 1987">
     <span class='ocr_line' id='line_1_100' title="bbox 1099 1950 1895 1987; baseline -0.001 -8"><span class='ocrx_word' id='word_1_747' title='bbox 1099 1952 1169 1980; x_wconf 82' lang='grc' dir='ltr'>κατὰ</span> <span class='ocrx_word' id='word_1_748' title='bbox 1185 1951 1234 1987; x_wconf 78' lang='grc' dir='ltr'>τὴν</span> <span class='ocrx_word' id='word_1_749' title='bbox 1245 1951 1348 1987; x_wconf 81' lang='grc' dir='ltr'>ὑψηλὴν</span> <span class='ocrx_word' id='word_1_750' title='bbox 1359 1950 1474 1986; x_wconf 85' lang='grc' dir='ltr'>θεωρίαν</span> <span class='ocrx_word' id='word_1_751' title='bbox 1489 1950 1719 1986; x_wconf 74' lang='grc' dir='ltr'>θριαμϐευόμενα.</span> <span class='ocrx_word' id='word_1_752' title='bbox 1734 1951 1791 1978; x_wconf 76' lang='grc' dir='ltr'><strong>Καὶ</strong></span> <span class='ocrx_word' id='word_1_753' title='bbox 1804 1951 1895 1984; x_wconf 71' lang='grc' dir='ltr'>οὕτως</span> 
     </span>
    </p>
   </div>
   <div class='ocr_carea' id='block_1_101' title="bbox 1100 1995 1894 2032">
    <p class='ocr_par' dir='ltr' id='par_1_101' title="bbox 1100 1995 1894 2032">
     <span class='ocr_line' id='line_1_101' title="bbox 1100 1995 1894 2032; baseline -0.004 -7"><span class='ocrx_word' id='word_1_754' title='bbox 1100 1997 1252 2031; x_wconf 81' lang='grc' dir='ltr'>ὲξιλεοῦται</span> <span class='ocrx_word' id='word_1_755' title='bbox 1267 1997 1314 2024; x_wconf 76' lang='grc' dir='ltr'>τὸν</span> <span class='ocrx_word' id='word_1_756' title='bbox 1337 1996 1413 2023; x_wconf 88' lang='grc' dir='ltr'>Θεόν.</span> <span class='ocrx_word' id='word_1_757' title='bbox 1437 1995 1522 2032; x_wconf 83' lang='grc' dir='ltr'><strong>Ἀρχὴ</strong></span> <span class='ocrx_word' id='word_1_758' title='bbox 1536 1996 1564 2023; x_wconf 81' lang='grc' dir='ltr'>δὲ</span> <span class='ocrx_word' id='word_1_759' title='bbox 1587 1995 1717 2032; x_wconf 81' lang='grc' dir='ltr'>θερισμοῦ</span> <span class='ocrx_word' id='word_1_760' title='bbox 1734 1996 1851 2031; x_wconf 79' lang='grc' dir='ltr'>κριθῶν,</span> <span class='ocrx_word' id='word_1_761' title='bbox 1875 1997 1894 2032; x_wconf 73' lang='grc' dir='ltr'><strong>ἡ</strong></span> 
     </span>
    </p>
   </div>
   <div class='ocr_carea' id='block_1_102' title="bbox 1099 2042 1893 2081">
    <p class='ocr_par' dir='ltr' id='par_1_102' title="bbox 1099 2042 1893 2081">
     <span class='ocr_line' id='line_1_102' title="bbox 1099 2042 1893 2081; baseline -0.004 -9"><span class='ocrx_word' id='word_1_762' title='bbox 1099 2044 1171 2081; x_wconf 81' lang='grc' dir='ltr'>ἀρχὴ</span> <span class='ocrx_word' id='word_1_763' title='bbox 1191 2044 1241 2079; x_wconf 81' lang='grc' dir='ltr'>τῆς</span> <span class='ocrx_word' id='word_1_764' title='bbox 1263 2043 1333 2070; x_wconf 80' lang='grc' dir='ltr'>κατὰ</span> <span class='ocrx_word' id='word_1_765' title='bbox 1346 2042 1464 2078; x_wconf 81' lang='grc' dir='ltr'>φυσικὴν</span> <span class='ocrx_word' id='word_1_766' title='bbox 1480 2042 1596 2078; x_wconf 85' lang='grc' dir='ltr'>θεωρίαν</span> <span class='ocrx_word' id='word_1_767' title='bbox 1619 2042 1772 2075; x_wconf 73' lang='grc' dir='ltr'>εὐσεϐείας,</span> <span class='ocrx_word' id='word_1_768' title='bbox 1787 2042 1835 2070; x_wconf 76' lang='grc' dir='ltr'>ὅτε</span> <span class='ocrx_word' id='word_1_769' title='bbox 1846 2043 1893 2069; x_wconf 73' lang='grc' dir='ltr'>θεο</span> 
     </span>
    </p>
   </div>
   <div class='ocr_carea' id='block_1_103' title="bbox 1102 2087 1894 2127">
    <p class='ocr_par' dir='ltr' id='par_1_103' title="bbox 1102 2087 1894 2127">
     <span class='ocr_line' id='line_1_103' title="bbox 1102 2087 1894 2127; baseline -0.004 -10"><span class='ocrx_word' id='word_1_770' title='bbox 1102 2090 1220 2127; x_wconf 77' lang='grc' dir='ltr'>ρίξονται</span> <span class='ocrx_word' id='word_1_771' title='bbox 1232 2089 1266 2116; x_wconf 87' lang='grc' dir='ltr'><strong>τὰ</strong></span> <span class='ocrx_word' id='word_1_772' title='bbox 1278 2087 1412 2125; x_wconf 85' lang='grc' dir='ltr'>θρεπτικὰ</span> <span class='ocrx_word' id='word_1_773' title='bbox 1427 2087 1474 2114; x_wconf 85' lang='grc' dir='ltr'><strong>τοῦ</strong></span> <span class='ocrx_word' id='word_1_774' title='bbox 1491 2087 1589 2122; x_wconf 85' lang='grc' dir='ltr'>ἀλόγου</span> <span class='ocrx_word' id='word_1_775' title='bbox 1610 2088 1710 2124; x_wconf 81' lang='grc' dir='ltr'>μέρους</span> <span class='ocrx_word' id='word_1_776' title='bbox 1727 2087 1777 2124; x_wconf 81' lang='grc' dir='ltr'>τῆς</span> <span class='ocrx_word' id='word_1_777' title='bbox 1799 2087 1894 2124; x_wconf 74' lang='grc' dir='ltr'>ψυχῆς</span> 
     </span>
    </p>
   </div>
   <div class='ocr_carea' id='block_1_104' title="bbox 1098 2132 1892 2172">
    <p class='ocr_par' dir='ltr' id='par_1_104' title="bbox 1098 2132 1892 2172">
     <span class='ocr_line' id='line_1_104' title="bbox 1098 2132 1892 2172; baseline -0.004 -9"><span class='ocrx_word' id='word_1_778' title='bbox 1098 2136 1230 2172; x_wconf 83' lang='grc' dir='ltr'>νοήματα.</span> <span class='ocrx_word' id='word_1_779' title='bbox 1253 2133 1333 2160; x_wconf 81' lang='grc' dir='ltr'>Ἀλλὰ</span> <span class='ocrx_word' id='word_1_780' title='bbox 1353 2133 1411 2165; x_wconf 74' lang='grc' dir='ltr'>πῶς</span> <span class='ocrx_word' id='word_1_781' title='bbox 1424 2133 1448 2159; x_wconf 82' lang='grc' dir='ltr'>οἰ</span> <span class='ocrx_word' id='word_1_782' title='bbox 1463 2132 1632 2159; x_wconf 77' lang='grc' dir='ltr'>Γαϐαωνῖται</span> <span class='ocrx_word' id='word_1_783' title='bbox 1650 2132 1775 2167; x_wconf 78' lang='grc' dir='ltr'>λέγουσιν</span> <span class='ocrx_word' id='word_1_784' title='bbox 1791 2133 1892 2168; x_wconf 70' lang='grc' dir='ltr'>ἀφανί-</span> 
     </span>
    </p>
   </div>
   <div class='ocr_carea' id='block_1_105' title="bbox 1100 2177 1894 2214">
    <p class='ocr_par' dir='ltr' id='par_1_105' title="bbox 1100 2177 1894 2214">
     <span class='ocr_line' id='line_1_105' title="bbox 1100 2177 1894 2214; baseline -0.001 -7"><span class='ocrx_word' id='word_1_785' title='bbox 1100 2189 1146 2208; x_wconf 87' lang='grc' dir='ltr'><strong>σαι</strong></span> <span class='ocrx_word' id='word_1_786' title='bbox 1163 2181 1210 2207; x_wconf 74' lang='grc' dir='ltr'>τὸν</span> <span class='ocrx_word' id='word_1_787' title='bbox 1222 2179 1307 2207; x_wconf 68' lang='grc' dir='ltr'>Σαοὺλ</span> <span class='ocrx_word' id='word_1_788' title='bbox 1319 2179 1350 2205; x_wconf 75' lang='grc' dir='ltr'>ἐκ</span> <span class='ocrx_word' id='word_1_789' title='bbox 1369 2178 1468 2209; x_wconf 80' lang='grc' dir='ltr'>παντὸς</span> <span class='ocrx_word' id='word_1_790' title='bbox 1483 2178 1558 2213; x_wconf 86' lang='grc' dir='ltr'>ὁρίου</span> <span class='ocrx_word' id='word_1_791' title='bbox 1583 2177 1701 2214; x_wconf 75' lang='grc' dir='ltr'>Ἰσραὴλ,</span> <span class='ocrx_word' id='word_1_792' title='bbox 1725 2177 1816 2205; x_wconf 79' lang='grc' dir='ltr'>καίτοι</span> <span class='ocrx_word' id='word_1_793' title='bbox 1830 2178 1894 2206; x_wconf 70' lang='grc' dir='ltr'>Μα-</span> 
     </span>
    </p>
   </div>
   <div class='ocr_carea' id='block_1_106' title="bbox 1101 2222 1892 2262">
    <p class='ocr_par' dir='ltr' id='par_1_106' title="bbox 1101 2222 1892 2262">
     <span class='ocr_line' id='line_1_106' title="bbox 1101 2222 1892 2262; baseline -0.001 -9"><span class='ocrx_word' id='word_1_794' title='bbox 1101 2225 1199 2262; x_wconf 75' lang='grc' dir='ltr'>ριϐαὰλ</span> <span class='ocrx_word' id='word_1_795' title='bbox 1222 2224 1270 2252; x_wconf 91' lang='grc' dir='ltr'><strong>τοῦ</strong></span> <span class='ocrx_word' id='word_1_796' title='bbox 1294 2224 1353 2251; x_wconf 80' lang='grc' dir='ltr'>υἱοῦ</span> <span class='ocrx_word' id='word_1_797' title='bbox 1378 2224 1427 2259; x_wconf 86' lang='grc' dir='ltr'>μὲν</span> <span class='ocrx_word' id='word_1_798' title='bbox 1459 2222 1595 2255; x_wconf 79' lang='grc' dir='ltr'>Ίωνάθαν,</span> <span class='ocrx_word' id='word_1_799' title='bbox 1615 2222 1714 2250; x_wconf 79' lang='grc' dir='ltr'>υἱωνοῦ</span> <span class='ocrx_word' id='word_1_800' title='bbox 1735 2222 1765 2251; x_wconf 70' lang='grc' dir='ltr'>δι</span> <span class='ocrx_word' id='word_1_801' title='bbox 1790 2222 1892 2256; x_wconf 69' lang='grc' dir='ltr'>Σαοὺλ,</span> 
     </span>
    </p>
   </div>
   <div class='ocr_carea' id='block_1_107' title="bbox 1101 2267 1892 2306">
    <p class='ocr_par' dir='ltr' id='par_1_107' title="bbox 1101 2267 1892 2306">
     <span class='ocr_line' id='line_1_107' title="bbox 1101 2267 1892 2306; baseline -0.003 -8"><span class='ocrx_word' id='word_1_802' title='bbox 1101 2270 1177 2306; x_wconf 86' lang='grc' dir='ltr'>παρὰ</span> <span class='ocrx_word' id='word_1_803' title='bbox 1190 2271 1230 2306; x_wconf 86' lang='grc' dir='ltr'><strong>τῷ</strong></span> <span class='ocrx_word' id='word_1_804' title='bbox 1246 2270 1305 2305; x_wconf 86' lang='grc' dir='ltr'><strong>Θεῷ</strong></span> <span class='ocrx_word' id='word_1_805' title='bbox 1318 2269 1503 2302; x_wconf 79' lang='grc' dir='ltr'>διασωθέντος,</span> <span class='ocrx_word' id='word_1_806' title='bbox 1514 2269 1560 2296; x_wconf 78' lang='grc' dir='ltr'><strong>καὶ</strong></span> <span class='ocrx_word' id='word_1_807' title='bbox 1572 2269 1659 2296; x_wconf 80' lang='grc' dir='ltr'>ἀλλων</span> <span class='ocrx_word' id='word_1_808' title='bbox 1673 2267 1779 2296; x_wconf 77' lang='grc' dir='ltr'>πολλῶν</span> <span class='ocrx_word' id='word_1_809' title='bbox 1790 2277 1892 2303; x_wconf 84' lang='grc' dir='ltr'>συγγε-</span> 
     </span>
    </p>
   </div>
   <div class='ocr_carea' id='block_1_108' title="bbox 1100 2314 1893 2352">
    <p class='ocr_par' dir='ltr' id='par_1_108' title="bbox 1100 2314 1893 2352">
     <span class='ocr_line' id='line_1_108' title="bbox 1100 2314 1893 2352; baseline -0.005 -7"><span class='ocrx_word' id='word_1_810' title='bbox 1100 2319 1176 2351; x_wconf 89' lang='grc' dir='ltr'>νείας</span> <span class='ocrx_word' id='word_1_811' title='bbox 1194 2318 1291 2350; x_wconf 77' lang='grc' dir='ltr'>Σαοὺλ,</span> <span class='ocrx_word' id='word_1_812' title='bbox 1307 2317 1345 2349; x_wconf 87' lang='grc' dir='ltr'><strong>ὡς</strong></span> <span class='ocrx_word' id='word_1_813' title='bbox 1357 2317 1374 2352; x_wconf 83' lang='grc' dir='ltr'><strong>ή</strong></span> <span class='ocrx_word' id='word_1_814' title='bbox 1388 2316 1442 2343; x_wconf 84' lang='grc' dir='ltr'><strong>τῶν</strong></span> <span class='ocrx_word' id='word_1_815' title='bbox 1457 2315 1703 2351; x_wconf 85' lang='grc' dir='ltr'>Παραλειπομένων</span> <span class='ocrx_word' id='word_1_816' title='bbox 1715 2315 1836 2342; x_wconf 81' lang='grc' dir='ltr'>διδάσκει</span> <span class='ocrx_word' id='word_1_817' title='bbox 1850 2314 1893 2349; x_wconf 81' lang='grc' dir='ltr'><strong>βί-</strong></span> 
     </span>
    </p>
   </div>
   <div class='ocr_carea' id='block_1_109' title="bbox 1101 2360 1894 2400">
    <p class='ocr_par' dir='ltr' id='par_1_109' title="bbox 1101 2360 1894 2400">
     <span class='ocr_line' id='line_1_109' title="bbox 1101 2360 1894 2400; baseline -0.004 -10"><span class='ocrx_word' id='word_1_818' title='bbox 1101 2364 1174 2397; x_wconf 74' lang='grc' dir='ltr'>ϐλοςς</span> <span class='ocrx_word' id='word_1_819' title='bbox 1191 2362 1272 2396; x_wconf 82' lang='grc' dir='ltr'>’Δλλ⁹,</span> <span class='ocrx_word' id='word_1_820' title='bbox 1282 2363 1320 2394; x_wconf 85' lang='grc' dir='ltr'>ὡς</span> <span class='ocrx_word' id='word_1_821' title='bbox 1332 2360 1615 2397; x_wconf 65' lang='grc' dir='ltr'>έοιγεν,οῑκονομικῶς</span> <span class='ocrx_word' id='word_1_822' title='bbox 1626 2360 1766 2396; x_wconf 85' lang='grc' dir='ltr'>παρεμίγη</span> <span class='ocrx_word' id='word_1_823' title='bbox 1777 2361 1813 2396; x_wconf 72' lang='grc' dir='ltr'>τῇ</span> 
     </span>
    </p>
   </div>
   <div class='ocr_carea' id='block_1_110' title="bbox 1103 2405 1893 2444">
    <p class='ocr_par' dir='ltr' id='par_1_110' title="bbox 1103 2405 1893 2444">
     <span class='ocr_line' id='line_1_110' title="bbox 1103 2405 1893 2444; baseline -0.005 -9"><span class='ocrx_word' id='word_1_824' title='bbox 1103 2408 1148 2444; x_wconf 59' lang='lat' dir='ltr'><strong>pl;</strong></span> <span class='ocrx_word' id='word_1_825' title='bbox 1165 2408 1195 2435; x_wconf 81' lang='grc' dir='ltr'><strong>τὺ</strong></span> <span class='ocrx_word' id='word_1_826' title='bbox 1212 2407 1377 2444; x_wconf 81' lang='grc' dir='ltr'>παράλογον,</span> <span class='ocrx_word' id='word_1_827' title='bbox 1399 2407 1442 2435; x_wconf 80' lang='grc' dir='ltr'>ἵνα</span> <span class='ocrx_word' id='word_1_828' title='bbox 1464 2407 1631 2443; x_wconf 76' lang='grc' dir='ltr'>ζητήσαντες</span> <span class='ocrx_word' id='word_1_829' title='bbox 1649 2406 1678 2433; x_wconf 79' lang='grc' dir='ltr'>ὲν</span> <span class='ocrx_word' id='word_1_830' title='bbox 1693 2406 1727 2442; x_wconf 78' lang='grc' dir='ltr'>τῇ</span> <span class='ocrx_word' id='word_1_831' title='bbox 1747 2405 1893 2443; x_wconf 66' lang='grc' dir='ltr'>ἀναγωγῇ,</span> 
     </span>
    </p>
   </div>
   <div class='ocr_carea' id='block_1_111' title="bbox 1098 2450 1895 2489">
    <p class='ocr_par' dir='ltr' id='par_1_111' title="bbox 1098 2450 1895 2489">
     <span class='ocr_line' id='line_1_111' title="bbox 1098 2450 1895 2489; baseline -0.003 -9"><span class='ocrx_word' id='word_1_832' title='bbox 1098 2453 1130 2480; x_wconf 78' lang='grc' dir='ltr'>τὸ</span> <span class='ocrx_word' id='word_1_833' title='bbox 1145 2453 1255 2488; x_wconf 84' lang='grc' dir='ltr'>εῠλογον</span> <span class='ocrx_word' id='word_1_834' title='bbox 1267 2453 1401 2489; x_wconf 76' lang='grc' dir='ltr'>εὕρωμεν.</span> <span class='ocrx_word' id='word_1_835' title='bbox 1413 2454 1499 2480; x_wconf 81' lang='grc' dir='ltr'>Ὀταν</span> <span class='ocrx_word' id='word_1_836' title='bbox 1512 2452 1566 2488; x_wconf 83' lang='grc' dir='ltr'>γὰρ</span> <span class='ocrx_word' id='word_1_837' title='bbox 1580 2452 1605 2479; x_wconf 78' lang='lat' dir='ltr'><strong>oi</strong></span> <span class='ocrx_word' id='word_1_838' title='bbox 1619 2451 1691 2479; x_wconf 82' lang='grc' dir='ltr'>κατὰ</span> <span class='ocrx_word' id='word_1_839' title='bbox 1708 2450 1758 2488; x_wconf 73' lang='grc' dir='ltr'>τὴν</span> <span class='ocrx_word' id='word_1_840' title='bbox 1771 2451 1895 2489; x_wconf 70' lang='grc' dir='ltr'>φυσικὴν</span> 
     </span>
    </p>
   </div>
   <div class='ocr_carea' id='block_1_112' title="bbox 1100 2496 1893 2536">
    <p class='ocr_par' dir='ltr' id='par_1_112' title="bbox 1100 2496 1893 2536">
     <span class='ocr_line' id='line_1_112' title="bbox 1100 2496 1893 2536; baseline -0.003 -10"><span class='ocrx_word' id='word_1_841' title='bbox 1100 2499 1215 2535; x_wconf 84' lang='grc' dir='ltr'>θεωρίαν</span> <span class='ocrx_word' id='word_1_842' title='bbox 1239 2500 1398 2536; x_wconf 81' lang='grc' dir='ltr'>ὑψηλότεροι</span> <span class='ocrx_word' id='word_1_843' title='bbox 1409 2499 1483 2534; x_wconf 91' lang='grc' dir='ltr'>λόγοι</span> <span class='ocrx_word' id='word_1_844' title='bbox 1500 2499 1530 2525; x_wconf 82' lang='grc' dir='ltr'>τὸ</span> <span class='ocrx_word' id='word_1_845' title='bbox 1542 2497 1682 2533; x_wconf 73' lang='grc' dir='ltr'>ἐνδόσιμον</span> <span class='ocrx_word' id='word_1_846' title='bbox 1696 2496 1826 2530; x_wconf 73' lang='grc' dir='ltr'>λαϐόντες</span> <span class='ocrx_word' id='word_1_847' title='bbox 1834 2496 1893 2525; x_wconf 69' lang='grc' dir='ltr'><strong>ἀπὸ</strong></span> 
     </span>
    </p>
   </div>
   <div class='ocr_carea' id='block_1_113' title="bbox 1099 2542 1893 2581">
    <p class='ocr_par' dir='ltr' id='par_1_113' title="bbox 1099 2542 1893 2581">
     <span class='ocr_line' id='line_1_113' title="bbox 1099 2542 1893 2581; baseline -0.003 -11"><span class='ocrx_word' id='word_1_848' title='bbox 1099 2544 1146 2571; x_wconf 79' lang='grc' dir='ltr'><strong>τοῦ</strong></span> <span class='ocrx_word' id='word_1_849' title='bbox 1162 2545 1256 2580; x_wconf 80' lang='grc' dir='ltr'>νοητοῦ</span> <span class='ocrx_word' id='word_1_850' title='bbox 1282 2545 1376 2577; x_wconf 71' lang='grc' dir='ltr'>Δαόὶδ,</span> <span class='ocrx_word' id='word_1_851' title='bbox 1395 2546 1454 2581; x_wconf 79' lang='grc' dir='ltr'>ἦτοι</span> <span class='ocrx_word' id='word_1_852' title='bbox 1469 2544 1515 2572; x_wconf 86' lang='grc' dir='ltr'><strong>τοῦ</strong></span> <span class='ocrx_word' id='word_1_853' title='bbox 1539 2544 1609 2571; x_wconf 83' lang='grc' dir='ltr'>κατὰ</span> <span class='ocrx_word' id='word_1_854' title='bbox 1632 2543 1663 2570; x_wconf 72' lang='grc' dir='ltr'><strong>τὸ</strong></span> <span class='ocrx_word' id='word_1_855' title='bbox 1676 2542 1784 2578; x_wconf 83' lang='grc' dir='ltr'>πνεῦμα</span> <span class='ocrx_word' id='word_1_856' title='bbox 1796 2542 1893 2578; x_wconf 65' lang='grc' dir='ltr'>νόμον,</span> 
     </span>
    </p>
   </div>
   <div class='ocr_carea' id='block_1_114' title="bbox 1099 2587 1894 2627">
    <p class='ocr_par' dir='ltr' id='par_1_114' title="bbox 1099 2587 1894 2627">
     <span class='ocr_line' id='line_1_114' title="bbox 1099 2587 1894 2627; baseline 0 -12"><span class='ocrx_word' id='word_1_857' title='bbox 1099 2590 1162 2622; x_wconf 82' lang='grc' dir='ltr'>τοὺς</span> <span class='ocrx_word' id='word_1_858' title='bbox 1175 2591 1303 2626; x_wconf 80' lang='grc' dir='ltr'>ἀνωτέρω</span> <span class='ocrx_word' id='word_1_859' title='bbox 1323 2590 1520 2627; x_wconf 81' lang='grc' dir='ltr'>διαληφθέντας</span> <span class='ocrx_word' id='word_1_860' title='bbox 1537 2590 1611 2622; x_wconf 79' lang='grc' dir='ltr'>υἱοὺς</span> <span class='ocrx_word' id='word_1_861' title='bbox 1637 2590 1683 2616; x_wconf 78' lang='grc' dir='ltr'>καὶ</span> <span class='ocrx_word' id='word_1_862' title='bbox 1706 2589 1818 2620; x_wconf 78' lang='grc' dir='ltr'>υἱωνοὺς</span> <span class='ocrx_word' id='word_1_863' title='bbox 1845 2587 1894 2615; x_wconf 75' lang='grc' dir='ltr'><strong>τοῦ</strong></span> 
     </span>
    </p>
   </div>
   <div class='ocr_carea' id='block_1_115' title="bbox 955 2716 1199 2744">
    <p class='ocr_par' dir='ltr' id='par_1_115' title="bbox 955 2716 1199 2744">
     <span class='ocr_line' id='line_1_115' title="bbox 955 2716 1199 2744; baseline 0 -1"><span class='ocrx_word' id='word_1_864' title='bbox 955 2716 1042 2744; x_wconf 69' lang='lat' dir='ltr'><strong>Variae</strong></span> <span class='ocrx_word' id='word_1_865' title='bbox 1056 2716 1199 2744; x_wconf 89' lang='lat' dir='ltr'><strong>lectiones.</strong></span> 
     </span>
    </p>
   </div>
   <div class='ocr_carea' id='block_1_116' title="bbox 302 2769 750 2805">
    <p class='ocr_par' dir='ltr' id='par_1_116' title="bbox 302 2769 750 2805">
     <span class='ocr_line' id='line_1_116' title="bbox 302 2769 750 2805; baseline -0.002 -7"><span class='ocrx_word' id='word_1_866' title='bbox 302 2770 313 2783; x_wconf 83' lang='lat'>&#39;</span> <span class='ocrx_word' id='word_1_867' title='bbox 328 2769 440 2798; x_wconf 83' lang='lat' dir='ltr'><strong>Videtur</strong></span> <span class='ocrx_word' id='word_1_868' title='bbox 456 2770 502 2798; x_wconf 87' lang='lat' dir='ltr'><strong>hic</strong></span> <span class='ocrx_word' id='word_1_869' title='bbox 519 2770 622 2805; x_wconf 84' lang='lat' dir='ltr'><strong>aliquid</strong></span> <span class='ocrx_word' id='word_1_870' title='bbox 642 2771 750 2799; x_wconf 83' lang='lat' dir='ltr'><strong>deesse.</strong></span> 
     </span>
    </p>
   </div>
  </div>
