4062 6202
303 349 430 405 i257

1653 345 2176 406 COLLEC'I‘ANEA.

3407 335 3546 390 1258

303 462 468 518 Σαοὺλ
503 457 915 516 ἀποκτείνωσινσ
957 455 1078 510 τότε
1128 457 1344 522 πάντως
1385 457 1768 529 ὲξαφανίζεται
1808 461 1872 513 ὲκ

1986 459 2122 531 ιιιοά
2149 468 2235 516 εει
2273 457 2474 514 rationi
2510 462 2962 513 consentaneum.
2993 449 3130 507 Nam
3161 446 3381 519 quando
3409 446 3544 502 sub-

302 556 499 620 παντὸς
524 554 672 626 ὁρίου
721 549 959 621 Ἰσραὴλ,
993 548 1140 603 τοῦτ’
1171 550 1338 618 ἔστιν,
1371 553 1436 605 ὲκ
1476 549 1674 615 παντὸς
1711 550 1872 620 λόγου

303 667 358 705 τε
406 649 502 704 καὶ
544 646 748 717 τρόπου
794 642 1172 714 πνευματικῆς
1219 642 1526 714 θεωρίας,ὁ
1564 643 1873 714 σωματικὺς

303 741 420 804 νοῦς
443 739 538 792 τοῦ
570 734 864 792 Μωσαῖκοῦ
896 734 1082 805 νόμου,
1131 734 1226 786 καὶ
1255 735 1289 804 ἡ
1343 735 1488 789 κατά
1521 735 1583 788 τὺ
1612 735 1874 806 γράμμα,

303 831 437 887 κατὰ
448 833 549 901 τὴν
572 827 826 895 αἴσθησιν
853 826 1074 896 ἐκδοχή.
1110 844 1130 876 ι
1159 825 1272 879 Καὶ
1296 825 1477 891 ἔλαϐε,
1501 827 1656 896 φησι,
1671 825 1875 894 Ῥεσφὰ

303 924 386 977 τὸν
415 921 637 984 σάκκον,
665 919 760 972 καὶ
781 917 1111 988 διέστρωσεν
1139 916 1302 970 αὐτὸν
1335 918 1500 988 ἑαυτῆ
1521 917 1614 970 ἐπὶ
1639 917 1738 988 τὴν
1771 918 1874 971 πέ-

301 1012 568 1084 τραν,ἕως
590 1007 812 1074 ἔσταξεν
834 1009 920 1062 ἐπ’
941 1008 1138 1072 αὐτοὺς
1159 1008 1327 1063 ὕδατα
1347 1008 1482 1063 Θεοῦ
1509 1008 1568 1074 ἐξ
1586 1009 1869 1080 οὐρανοῦ.»

310 1103 510 1168 Ῥεσφά
535 1101 634 1173 μὲν
665 1101 812 1156 ἐστιν
862 1100 939 1163 ῶς
972 1100 1186 1170 εῐρηται
1213 1101 1248 1171 ἡ
1295 1099 1384 1154 διὰ
1414 1101 1577 1171 μόνου
1607 1102 1876 1170 στόματος

300 1196 546 1267 προφορά
573 1193 670 1246 τοῦ
717 1191 907 1263 νόμου,
938 1193 973 1263 ἦ
1008 1209 1092 1255 τις
1124 1192 1263 1262 μετὰ
1290 1191 1389 1264 τὴν
1445 1193 1724 1264 ἀναίρεσιν
1767 1193 1876 1247 τῶν

301 1288 356 1352 ἐξ
379 1287 548 1355 αὐτῆς
579 1284 790 1348 παθῶν,
825 1285 900 1348 ὼς
930 1283 1364 1354 προδιείληπται,
1394 1283 1646 1357 καθάπερ
1673 1284 1878 1340 σάκκον

301 1382 397 1452 τὴν
427 1379 714 1450 μετάνοιαν
768 1375 1097 1446 στρώννυσιν
1156 1378 1343 1449 ἑαυτῇ,
1373 1377 1470 1431 ἐπὶ
1511 1379 1612 1448 τὴν
1666 1378 1878 1450 πέτραν

302 1471 405 1524 τῶν
435 1468 676 1541 στερῥῶν
718 1467 1005 1538 δογμάτων
1034 1467 1134 1537 τῆς
1167 1467 1306 1522 κατὰ
1337 1467 1573 1539 Χριστὸν
1617 1468 1874 1535 πίστεως,

302 1564 405 1626 ἕως
437 1559 908 1630 καταπεμφθῶσιν
938 1560 994 1611 αἱ
1021 1558 1133 1612 τῶν
1164 1558 1325 1612 θείων
1357 1560 1590 1632 Γραφῶν
1645 1559 1878 1630 γνώσεις

303 1654 364 1706 ὲκ
388 1650 480 1704 τοῦ
507 1649 675 1719 ὕψους
695 1650 793 1718 τῆς
826 1649 1201 1718 πνευματικῆς
1225 1646 1481 1719 Θεωρίας,
1507 1650 1563 1702 al
1597 1649 1880 1704 σὸεστικαὶ

307 1741 401 1813 μὲν
447 1741 558 1794 τῶν
609 1740 830 1805 παθῶν,
891 1738 1184 1803 ὲξαπτικαὶ
1233 1739 1289 1792 δὲ
1337 1739 1446 1792 τῶν
1488 1740 1717 1810 ἀρετῶν.
1767 1741 1878 1796 Καὶ

305 1811 592 1904 ἐπήκουσε,
645 1832 831 1903 φησὶν,
866 1833 894 1884 6
933 1830 1062 1894 Θεὸς
1111 1832 1178 1901 τῇ
1213 1832 1306 1900 γῇ.
1345 1829 1500 1885 Μετά
1548 1832 1723 1886 ταῦτα
1777 1833 1875 1886 ὲπ-
1908 1811 1950 1866 Β

306 1925 531 1995 ήκουσεν
557 1925 716 1996 αὐτῇ,
740 1923 970 1995 δεομένῃ
991 1923 1088 1993 τῆς
1111 1922 1314 1976 ἄνωθεν
1340 1924 1533 1995 ῥοπῆς,
1555 1925 1650 1978 ml
1675 1924 1875 1997 τρόπον

304 2016 422 2069 τινὰ
445 2016 766 2087 δυσωπούσῃ
795 2015 884 2069 διὰ
913 2014 1006 2068 τοῦ
1039 2013 1280 2087 ἀκόσμου
1329 2015 1626 2084 σχήματος.
1657 2017 1734 2086 Γῆ
1773 2016 1874 2088 μὲν

306 2101 394 2158 οὖν
418 2107 452 2176 ἡ
501 2105 700 2178 καρδία
749 2105 842 2158 τοῦ
899 2104 1301 2176 μετανοοῦντος,
1337 2106 1534 2176 ὄμϐροι
1565 2105 1643 2172 δὲ,
1681 2107 1875 2162 αἰτῶν

305 2197 550 2269 δακρύων
595 2197 868 2269 ἐπιρῤοαί.
909 2197 1144 2266 Εὐθηνία
1201 2196 1256 2251 δὲ
1295 2199 1522 2268 καρπῶν
1554 2201 1588 2270 ἡ
1641 2199 1875 2271 χορηγία

305 2288 411 2342 τῶν
438 2290 821 2360 πνευματικῶν
845 2288 1221 2362 χαρισμάτων.
1249 2289 1359 2342 Kal
1397 2291 1544 2352 σῖτος
1575 2291 1674 2360 μὲν
1711 2292 1740 2343 6
1791 2291 1877 2343 διὰ

308 2381 555 2451 πράξεως
583 2381 883 2451 στηριγμὸς
910 2381 1007 2451 τῆς
1049 2380 1246 2451 ψυχῆς.
1271 2375 1425 2444 Οἶνος
1462 2380 1575 2452 δὲή
1625 2381 1713 2435 διὰ
1746 2381 1881 2435 θεω-

1974 551 2224 608 limiores
2258 566 2383 622 quae
2426 557 2556 606 sunt
2586 565 2655 604 ex
2692 545 2930 602 naturali
2965 540 3428 611 contemplatione
3455 555 3546 593 ra-

1973 645 2172 712 tiones,
2208 643 2499 700 occasione
2539 647 2758 711 sumpta
2800 653 2834 694 a
2875 635 3080 692 Davide
3124 633 3221 704 qui
3265 631 3413 687 cadit
3445 630 3548 686 sub

1973 735 2426 808 intelligentiam,
2459 749 2559 790 seu
2593 733 2716 804 lege
2750 737 2993 801 quae‘est
3038 723 3345 782 secundum
3381 720 3548 792 spiri-

1974 836 2113 894 tum,
2150 827 2408 899 superius
2428 834 2686 896 acceptos
2715 823 2860 877 ﬁlios
2895 829 2952 876 et
2981 825 3211 889 nepotes
3243 813 3426 871 Saulis
3460 826 3553 868 oc-

1973 919 2232 985 ciderint,
2269 929 2401 974 tunc
2433 916 2658 972 omnino
2699 913 2917 969 deletur
2948 926 3016 966 ex
3056 907 3314 965 omnibus
3349 903 3553 959 ﬁnibus

1972 1013 2161 1077 Israel,
2195 1013 2301 1067 hoc
2333 1021 2439 1076 est,
2472 1025 2540 1066 ex
2573 1008 2724 1064 omni
2754 1006 2968 1062 ratione
3002 1011 3057 1058 et
3092 1001 3256 1056 modo
3287 997 3550 1068 spiritua~

1974 1105 2044 1160 lis
2089 1102 2568 1174 contemplationis
2591 1142 2607 1168 ,
2645 1098 2948 1170 corporalis
2991 1095 3239 1151 Mosaicae
3280 1092 3419 1163 legis
3463 1091 3552 1145 in-

1976 1193 2302 1266 telligentia,
2337 1201 2538 1263 etquae
2561 1190 2867 1247 secundum
2902 1189 3143 1243 litteram
3168 1192 3254 1240 est
3286 1199 3354 1238 ex
3384 1197 3552 1238 sensu

1975 1285 2244 1356 acceptio.
2279 1304 2298 1336 ι
2339 1285 2410 1342 Ει
2442 1284 2677 1354 accepit,
2715 1281 2916 1353 inquit,
2955 1278 3173 1350 Respha
3201 1291 3419 1333 saccum
3445 1274 3553 1330 sibi

1976 1382 2033 1429 et
2066 1375 2261 1429 stravit
2292 1374 2472 1444 ipsum
2505 1388 2673 1442 supra
2713 1382 2926 1443 petram
2946 1411 2961 1435 ,
3000 1371 3178 1426 donec
3213 1367 3556 1423 distillarunt

1975 1481 2145 1536 super
2181 1466 2331 1535 ipsos
2363 1480 2517 1536 aqua:
2536 1464 2634 1520 Dei
2667 1479 2734 1519 ex
2764 1463 2987 1519 coelo”.
3018 1480 3037 1514 ι
3076 1459 3295 1530 Respha
3327 1455 3554 1526 quidem

1976 1567 2080 1623 est,
2109 1567 2183 1638 ut‘
2205 1557 2414 1612 dictum
2447 1563 2554 1620 est,
2587 1571 2708 1626 quae
2731 1570 2830 1625 per
2853 1569 2916 1609 os
2959 1553 3138 1609 solum
3165 1550 3226 1606 ﬁt
3262 1548 3398 1619 legis
3421 1560 3552 1616 pro-

1977 1650 2110 1704 latio
2153 1667 2165 1702 :
2202 1663 2322 1718 quae
2381 1648 2604 1718 quidem
2652 1655 2777 1718 post
2822 1644 3304 1714 interemptionem
3358 1654 3554 1696 eorum

1979 1757 2101 1812 quae
2142 1758 2212 1796 ex
2256 1743 2372 1814 ipsa
2409 1751 2538 1798 sunt
2576 1742 2839 1797 vitiorum
2889 1748 2944 1796 et
2976 1735 3458 1810 perturbationum
3499 1739 3558 1785 et

1980 1835 2356 1901 aﬁ‘ccti’onum,
2380 1834 2616 1904 utprius
2656 1833 2865 1887 dictum
2895 1839 3000 1896 est,
3039 1839 3299 1898 tauquam
3333 1836 3556 1880 saccum

1979 1931 2090 1985 sibi
2122 1930 2328 1984 sternit
2350 1927 2730 1997 paenitentiam
2756 1967 2770 1990 ,
2808 1938 2975 1994 super
3010 1933 3218 1993 petram
3253 1913 3556 1976 soli'dorum

1980 2021 2298 2092 dogmatum
2343 2018 2469 2074 ﬁdei
2505 2017 2561 2071 in
2604 2017 2905 2080 Christum,
2943 2014 3120 2069 donec
3152 2011 3404 2065 demissa:
3435 2008 3557 2062 fue-

1981 2111 2096 2165 rint
2135 2111 2450 2166 divinarum
2491 2109 2905 2179 Scripturarum
2958 2103 3298 2175 cognitiones
3332 2115 3401 2156 ex
3449 2100 3560 2154 alto

1983 2202 2184 2258 divinae
2215 2200 2719 2271 contemplationis,
2755 2212 2878 2269 quae
2912 2197 3048 2252 vitia
3091 2194 3314 2266 quidem
3348 2191 3562 2246 exstin—

1984 2303 2160 2367 guunt
2187 2305 2244 2350 et
2275 2293 2442 2348 animi
2467 2292 2928 2363 perturbationes,
2968 2288 3202 2344 virtutes
3246 2292 3430 2362 autem
3467 2296 3562 2338 ac-

1988 2386 2251 2441 cendunt.
2282 2385 2674 2451 Etexaudivit,
2700 2383 2899 2454 inquit,
2922 2383 3069 2437 Deus
3105 2389 3329 2434 terram.
3365 2377 3563 2431 Postea

310 2475 428 2545 ρίας
457 2473 765 2544 εὐφροσύνη
799 2473 894 2526 τοῦ
923 2472 1036 2527 νοῦ.
1059 2473 1280 2527 Ἔλαιον
1312 2473 1424 2544 δὲὴ
1452 2473 1516 2526 δι’
1555 2473 1882 2545 ἀμφοτέρων

1988 2478 2236 2534 exaudiit
2261 2478 2434 2548 ipsam
2451 2484 2702 2548 egentem
2728 2487 2969 2543 superno
2994 2469 3221 2532 auxilio,
3245 2477 3302 2522 et
3324 2465 3565 2535 quodam

310 2564 558 2636 ἱλαρότης
594 2566 687 2619 ml
717 2567 1064 2631 κατάστασις,
1093 2565 1186 2618 ml
1214 2567 1242 2619 6
1282 2565 1370 2618 διὰ
1400 2564 1492 2619 τοῦ
1525 2566 1680 2635 ἁγίου
1708 2565 1879 2620 Πνεύ-

1991 2569 2155 2624 modo
2211 2568 2421 2638 pudore
2468 2567 2720 2620 aﬂ'cctam
2767 2570 2995 2632 prepter
3029 2568 3248 2628 turpem
3289 2554 3562 2609 habitum.

311 2674 476 2728 ματος
509 2657 803 2728 φωτισμός.
1295 2706 1300 2711 .

1988 2659 2168 2728 Atque
2205 2669 2348 2711 terra
2367 2655 2589 2725 quidem
2623 2661 2707 2708 est
2743 2668 2840 2707 cor
2862 2651 3198 2722 paenitentis.
3232 2647 3437 2706 Pluvia:
3469 2657 3568 2698 au-

322 2759 455 2814 tem,
502 2748 682 2803 ﬂuxus
742 2748 1127 2819 lacrymarum.
1171 2746 1449 2803 Fertilitas
1492 2762 1624 2801 vero
1680 2746 1962 2804 fructuum
2000 2757 2087 2804 est
2132 2746 2502 2818 suppeditatio
2543 2745 2842 2817 gratiarum
2893 2743 3280 2815 spiritualium.
3333 2741 3404 2796 Et
3449 2738 3566 2793 fru-

309 2847 575 2904 mentum,
605 2838 1008 2892 ﬁrmamentum
1030 2837 1226 2891 anima:
1280 2853 1378 2907 per
1399 2836 1692 2891 actionem.
1754 2839 1958 2893 Vinum
1997 2831 2183 2894 autem
2241 2847 2326 2894 est
2376 2836 2562 2892 Iretitia
2611 2836 2813 2890 mentis
2873 2851 2972 2906 per
3022 2832 3566 2904 contemplationem.

307 2931 499 2987 Oleum
561 2939 747 2986 autem
817 2937 922 2996 est,
952 2945 1074 3001 quae
1141 2945 1240 2999 per
1270 2936 1567 2999 utrumque
1600 2929 1818 2984 exsistit
1851 2930 2103 2987 hilaritas
2137 2939 2194 2986 et
2229 2929 2553 2986 constitutio
2594 2936 2651 2984 et
2703 2943 2824 2999 qua:
2862 2943 2962 2998 per
2996 2936 3249 2983 sanctum
3297 2925 3570 2998 Spiritum

309 3025 368 3080 ﬁt
392 3023 742 3078 illuminatio.

309 3137 416 3194 Kal
438 3137 622 3192 ἔδωκε
649 3133 1152 3205 Κύριοςγῄοάναεον
1181 3132 1251 3186 ἐν
1286 3130 1537 3203 Ἰσραὴλ
1583 3133 1735 3202 πρωῒ
1771 3133 1884 3200 ἕως

855 3203 1012 3272 ὥρας
1050 3203 1322 3271 ἀρίστου.

1993 3129 2059 3185 Et
2095 3129 2237 3183 dedit
2282 3128 2544 3206 Dominus
2575 3136 2798 3206 mortem
2839 3131 2893 3184 in
2927 3130 3101 3206 Israel
3135 3151 3167 3188 a
3201 3151 3357 3189 mane
3407 3152 3572 3206 usque

2474 3199 2544 3252 ad
2568 3201 2753 3254 horam
2779 3203 2992 3270 prandii
3017 3202 3081 3257 ”.

391 3321 524 3376 Ἀπὸ
561 3317 707 3392 πρωῒ
733 3319 861 3388 γὰρ,
917 3317 1059 3370 τοῦτ’
1089 3317 1257 3383 ἔστιν,
1293 3319 1357 3370 ὲκ
1379 3314 1474 3370 τοῦ
1515 3316 1732 3388 πρώτου
1758 3332 1883 3368 και-

2056 3310 2100 3364 A
2145 3325 2305 3365 mane
2347 3310 2532 3376 enim,
2576 3310 2682 3364 hoc
2712 3321 2832 3376 est,
2875 3329 2905 3366 a
2946 3316 3124 3384 primo
3175 3325 3418 3387 tempore
3444 3321 3570 3376 vita:

312 3414 406 3486 ροῦ
429 3417 527 3484 τῆς
553 3411 900 3484 ἀνθρωπίνης
931 3411 1096 3481 ζωῆς,
1144 3412 1172 3464 6
1198 3410 1425 3473 Θάνατος
1461 3409 1548 3462 διά
1577 3410 1676 3479 τὴν
1707 3409 1888 3478 ἀμαρ-

309 3506 429 3560 τίαν
450 3503 790 3576 κατενεμήθη
836 3505 962 3567 τοὺς
986 3501 1306 3572 ἀνθρώπους
1337 3501 1442 3563 ἓως
1465 3501 1611 3570 ὥρας
1639 3498 1887 3568 ἀρίστου,

317 3598 453 3651 τοῦτ’
487 3597 654 3660 ἐστιν,
685 3594 792 3649 ἀπὸ
825 3594 999 3664 Ἀδὰμ
1028 3594 1156 3663 ἄχρι
1184 3591 1280 3644 τοῦ
1304 3590 1564 3660 Χριστοῦ.
1585 3584 1750 3652 Οὗτος
1778 3589 1889 3660 γάρ

313 3691 462 3742 ὲστιν
492 3687 712 3759 ἄριστος
735 3687 809 3749 ὡς
831 3687 994 3756 ἄρτος
1022 3685 1120 3753 τῆς
1144 3681 1314 3750 ζωῆς,
1338 3680 1430 3733 ml
1453 3681 1529 3744 ῶς
1550 3681 1764 3752 τρέφων
1794 3682 1889 3734 καὶ

312 3780 549 3844 ποτίζων
605 3779 754 3848 ἡμᾶς
807 3777 886 3847 τῷ
947 3775 1198 3847 ἀχράντῳ
1230 3773 1394 3826 αὐτοῦ
1421 3773 1654 3842 σώματι,
1681 3775 1774 3826 καὶ
1810 3773 1890 3845 τῷ

311 3870 481 3942 τιμίῳ
514 3869 728 3940 αἵματι.
780 3868 888 3920 Kal
924 3861 1048 3919 εἷπε
1096 3865 1278 3919 Δαϐίδ·
1321 3883 1338 3914 ι
1385 3864 1519 3917 Ἰδοὺ
1553 3863 1662 3932 ἐγὼ
1709 3865 1891 3938 ἡμάρ-

309 3979 478 4033 τηκα,
522 3961 616 4015 ml
668 3959 778 4027 ἐγὼ
805 3961 835 4011 6
875 3957 1082 4028 ποιμὴν
1115 3957 1510 4028 ἐκακοποίησαο
1559 3956 1797 4024 γενέσθω
1823 3958 1889 4028 δὴ

311 4052 346 4121 ὴ
374 4050 494 4122 χείρ
527 4067 619 4101 σου
654 4049 710 4100 ὲν
733 4046 876 4116 ἐμοὶ,
909 4044 1102 4116 Κύριε.
1135 4064 1152 4094 ι
1179 4043 1413 4116 Χριστὸς
1452 4045 1560 4116 γὰρ
1587 4047 1615 4098 6
1643 4045 1762 4110 νέος
1785 4047 1891 4098 Λα-

313 4140 422 4205 διδ,
450 4142 477 4192 6
506 4138 710 4206 ποιμὴν
741 4139 768 4190 6
786 4137 966 4200 καλὸς,
993 4137 1071 4200 είς
1098 4135 1290 4190 ἑαυτὸν
1321 4137 1418 4200 τὰς
1436 4137 1712 4207 ἁμαρτίας
1733 4136 1890 4207 ἡμῶν

312 4229 730 4299 ἀναδεξάμενος,
750 4228 910 4298 ἔθηκε
943 4228 1042 4296 τὴν
1066 4227 1243 4298 ψυχὴν
1268 4228 1408 4299 ὑπὲρ
1439 4229 1547 4281 τῶν
1581 4229 1889 4300 προϐάτων.

314 4321 425 4373 Καὶ
463 4317 724 4384 ἐξέτεινεν
751 4321 779 4372 6
813 4320 1041 4389 ἄγγελος
1077 4321 1176 4392 τὴν
1202 4322 1355 4391 χεῖρα
1393 4320 1580 4386 αὑτοῦ,
1607 4322 1791 4391 φησὶν,
1810 4323 1891 4384 είς

325 4411 684 4481 Ἰερουσαλὴμ
719 4409 813 4464 τοῦ
865 4410 1173 4482 διαφθεῖραι
1219 4413 1277 4464 ὲν
1321 4411 1478 4482 αὐτῇ.
1539 4432 1556 4464 ι
1593 4415 1701 4467 Kal
1743 4431 1888 4485 παρ-

310 4504 518 4575 εκλήθη
538 4503 755 4573 ’Κύριος
775 4503 870 4556 καὶ
899 4499 1072 4569 εἶπεν,
1097 4503 1298 4555 Ἱκανὸν
1326 4503 1442 4567 νῦν,
1463 4504 1587 4567 ἄνες
1609 4505 1706 4574 τὴν
1730 4505 1891 4575 χεῖρά

313 4615 433 4651 σου.
475 4616 493 4649 ι
546 4595 900 4667 Ἰερουσαλὴμ
944 4597 1052 4666 γάρ
1088 4598 1121 4666 ἠ
1178 4594 1476 4665 Ἐκκλησία
1528 4596 1638 4648 τῶν
1681 4596 1890 4648 πιστῶν

1991 3401 2265 3469 humanm,
2303 3418 2451 3457 mors
2490 3414 2716 3474 propter
2752 3416 3038 3474 peccatum
3081 3409 3305 3480 depasta
3348 3424 3435 3469 est
3465 3415 3569 3470 ho-

1992 3494 2170 3548 mines
2204 3509 2378 3562 usquc
2420 3493 2486 3549 ad
2540 3495 2730 3549 horam
2773 3497 3009 3564 prandii,
3037 3499 3142 3556 hoc
3170 3511 3254 3557 est
3292 3503 3362 3558 ab
3391 3505 3566 3562 Adam

1992 3601 2168 3655 usque
2207 3585 2275 3640 ad
2319 3585 2621 3641 Christum.
2666 3587 2786 3659 Ipse
2832 3589 2979 3644 enim
3017 3601 3101 3647 est
3133 3595 3424 3662 prandium
3458 3607 3570 3653 tan-

1992 3691 2157 3746 quam
2189 3677 2346 3747 panis
2371 3678 2516 3741 vitm,
2547 3685 2604 3733 et
2635 3688 2695 3734 ut
2718 3679 2811 3750 qui
2848 3697 2946 3736 nos
2969 3681 3077 3737 alat
3100 3694 3154 3739 ct
3193 3693 3346 3755 potet
3371 3689 3568 3744 imma-

1992 3769 2175 3825 culato
2217 3785 2318 3825 suo
2353 3771 2584 3842 eo‘rpore
2626 3779 2683 3827 et
2726 3773 2970 3843 pretioso
3005 3778 3290 3846 sanguine.
3329 3780 3395 3835 Et
3430 3782 3570 3837 dixit

1993 3860 2165 3915 David
2197 3879 2208 3914 :
2234 3880 2251 3912 ι
2286 3861 2426 3916 Ecce
2449 3877 2549 3931 ego
2579 3862 2822 3932 peccavi,
2845 3871 2900 3917 et
2919 3877 3020 3934 ego
3041 3873 3230 3934 pastor
3256 3870 3397 3923 male
3421 3869 3524 3925 feci
3552 3889 3564 3902 ·

1993 3951 2064 4006 sit
2104 3967 2300 4008 manus
2338 3961 2432 4008 tua
2477 3954 2532 4007 in
2584 3969 2671 4008 mc
2710 3953 2940 4010 Domine
2963 3955 3028 4009 ’“.
3070 3975 3087 4008 ι
3124 3956 3377 4015 Christus
3418 3964 3569 4018 cnim

1993 4059 2170 4099 novus
2205 4045 2408 4111 David,
2442 4055 2630 4116 pastor
2669 4047 2760 4101 ille
2789 4047 2990 4110 bonus,
3016 4048 3110 4117 qui
3151 4048 3205 4103 in
3241 4065 3299 4106 se
3325 4053 3570 4123 suscepit

1995 4145 2183 4191 nostra
2217 4148 2461 4208 peccata,
2489 4138 2674 4208 posuit
2704 4139 2943 4192 animam
2977 4154 3130 4193 suam
3157 4155 3257 4210 pro
3279 4142 3476 4196 ovibus
3495 4145 3559 4199 ".

1996 4227 2063 4282 Et
2098 4229 2346 4283 extendit
2368 4244 2613 4293 manum,
2651 4230 2848 4301 inquit,
2879 4247 3034 4285 suam
3065 4233 3292 4303 angelus
3320 4234 3374 4288 in
3397 4235 3558 4290 Jeru-

1996 4320 2188 4384 salem,
2225 4328 2286 4374 ut
2315 4321 2487 4391 ipsam
2515 4322 2790 4391 perderet.
2825 4341 2844 4373 ι
2879 4323 2947 4377 Ει
2975 4332 3232 4378 exoratus
3255 4324 3358 4378 luit
3380 4326 3568 4381 Domi-

1997 4426 2122 4475 nus,
2137 4419 2194 4464 ct
2209 4410 2348 4466 dixit
2373 4429 2385 4464 :
2406 4411 2618 4465 Suiﬁcit
2634 4427 2806 4476 nunc,
2823 4414 3044 4468 remitte
3056 4429 3276 4468 manum
3298 4422 3445 4469 tuam
3467 4418 3530 4470 ³⁸.
3545 4437 3562 4468 ι

1995 4501 2302 4557 Jerusalem
2349 4502 2497 4554 enim
2554 4511 2640 4556 cst
2696 4502 2943 4558 Ecclesia
2994 4502 3269 4568 ﬁdelium,
3315 4518 3416 4574 pro
3463 4521 3570 4575 qua

1997 4591 2253 4649 Christus
2291 4602 2572 4657 mortuus,
2625 4601 2682 4648 et
2717 4593 2893 4650 factus
2932 4611 3030 4666 pro
3063 4596 3222 4650 nobis
3255 4597 3322 4652 ad
3351 4599 3568 4654 Patrem

313 4689 460 4759 ὑπὲρ
488 4684 558 4760 ἦς
587 4689 618 4740 6
647 4687 880 4758 Χριστὸς
907 4687 1214 4752 ἀποθανὼν,
1253 4690 1348 4741 καὶ
1376 4687 1725 4759 παράκλητος
1751 4688 1885 4759 ὑπὲρ

1997 4685 2297 4740 advocatus
2321 4686 2397 4750 '9,
2434 4686 2698 4755 repressit
2741 4686 3010 4742 letiferam
3047 4704 3270 4742 manum
3313 4693 3574 4745 extermi-

312 4778 475 4848 ἡμῶν
505 4777 640 4849 πρὸς
663 4778 755 4831 τὸν
802 4777 1020 4848 Πατέρα
1048 4777 1358 4848 γενόμενος,
1389 4778 1582 4848 ἔστησε
1609 4779 1707 4850 τὴν
1729 4780 1894 4834 θανα-

311 4870 738 4941 τηφόρονχείρα
790 4869 884 4923 τοῦ
939 4868 1336 4940 ὀλοθρεύοντος.
1364 4869 1630 4932 ’Δναστάς
1660 4870 1769 4940 γὰρ
1829 4871 1893 4922 ἐκ

310 4960 528 5030 νεκρῶν
557 4963 873 5033 κατήργησε
917 4960 1010 5014 τὸν
1040 4959 1291 5024 θάνατον,
1349 4961 1443 5012 καὶ
1482 4959 1706 5030 ἀπαρχὴ
1761 4959 1892 5014 ἀθα-

309 5054 506 5115 νασίας
543 5057 655 5118 τοῖς
683 5056 963 5126 οἰκήτορσι
995 5053 1095 5123 τῆς
1127 5052 1452 5122 Ἐκκλησίας
1485 5053 1722 5120 ἐγένετο.
1757 5049 1892 5109 Εἶτα

311 5147 458 5200 κατά
483 5146 638 5199 θείαν
684 5145 990 5216 ὑπόμνησιί
1017 5147 1046 5198 6
1091 5143 1257 5198 Aa6l6
1281 5141 1410 5196 ἔνθα
1447 5143 1539 5196 τὸν
1567 5142 1895 5214 όλοθρευτὴν

309 5237 546 5306 ἄγγελον
573 5235 738 5300 εἶδεν,
777 5237 998 5306 ἑστήκει
1038 5235 1306 5305 διαπήξας
1345 5235 1755 5305 θυσιαστήριον,
1779 5236 1896 5289 ὀλο-

309 5327 654 5396 καυτώματα
679 5327 771 5378 ml
797 5327 1049 5396 εἰρηνικά
1075 5327 1346 5396 ἀνήνεγκε
1395 5325 1474 5396 τῷ
1513 5324 1651 5395 Θεῷ.
1679 5327 1895 5380 ’Ἱστατο

312 5418 416 5487 μὲν
445 5419 554 5488 γὰρ
581 5419 786 5481 ἐκεῖνος
825 5419 972 5489 παρά
1001 5419 1101 5489 τὴν
1127 5418 1241 5472 ἅλω
1272 5417 1366 5471 τοῦ
1404 5419 1593 5489 Ὀρνᾶ.
1625 5417 1804 5480 "Alex;
1835 5419 1892 5470 δὲ

309 5509 352 5579 ἡ
383 5507 682 5578 Ἐκκλησία
717 5512 824 5565 τῶν
853 5510 1116 5576 εὐσεϐῶν,
1165 5512 1243 5575 είς
1288 5512 1353 5577 ἢν
1402 5510 1690 5581 ἀσταχύων
1736 5508 1891 5581 δίκην

389 5664 433 5788 Ἰ
459 5665 502 5720 ll
532 5668 662 5736 Reg.
692 5683 801 5732 ιιι,
838 5666 922 5722 10.
1002 5669 1043 5700 ³⁸
1075 5669 1116 5722 Il
1141 5669 1271 5738 Reg.
1314 5687 1454 5734 XXIV.
1492 5671 1572 5724 l5-

309 5753 376 5802 ιι,
417 5753 460 5788 ι.

637 5828 902 5888 ΡΑΤιιτη..
949 5828 1062 5886 GR.
1113 5827 1392 5890 LXXVII.

1655 5669 1696 5701 ³⁸
1726 5668 1858 5723 ibid.
1901 5668 1981 5722 ΓΙ.
2063 5667 2105 5696 ³⁷
2131 5667 2286 5722 Joan.
2316 5684 2368 5735 κ,
2401 5669 2484 5725 15.

1999 4777 2228 4830 natoris.
2265 4777 2401 4830 Nam
2439 4791 2562 4830 cum
2590 4779 3011 4835 surrexissetex
3042 4780 3293 4843 mortuis,
3329 4781 3572 4837 abolevit

1998 4876 2255 4933 mortem,
2280 4874 2337 4920 et
2365 4867 2543 4922 factus
2573 4878 2657 4922 est
2677 4868 2935 4938 primitiae
2960 4870 3383 4926 immortalitatis
3409 4872 3568 4927 habi-

1998 4959 2270 5015 tatoribus
2297 4961 2576 5017 Ecclesia.
2625 4963 2834 5018 Deinde
2873 4964 3041 5018 David
3084 4965 3274 5022 divina
3317 4966 3570 5021 admoni-

1998 5052 2146 5106 tione
2184 5051 2276 5106 hic
2308 5051 2447 5106 vidit
2483 5053 2735 5122 angelum
2775 5055 3280 5122 exterminatorem,
3320 5064 3378 5111 et
3419 5057 3572 5112 stetit

1993 5143 2101 5198 ﬁxo
2145 5143 2339 5207 altari,
2382 5151 2440 5198 et
2483 5143 2801 5200 holocausta
2837 5155 2893 5200 et
2932 5147 3159 5216 paciﬁca
3192 5149 3304 5203 Deo
3345 5149 3568 5204 obtulit.

1991 5237 2128 5292 Nam
2162 5237 2254 5292 ille
2276 5237 2502 5307 quidem
2525 5237 2846 5303 stetitjuxta
2879 5253 3062 5292 arcam
3095 5239 3274 5298 Ornat.
3303 5242 3443 5297 Area
3472 5257 3570 5295 au-

1993 5337 2101 5384 tem
2136 5340 2218 5384 est
2239 5329 2455 5398 piorum
2492 5328 2758 5393 Ecclesia,
2804 5330 2860 5384 in
2884 5344 3047 5399 quam
3086 5332 3258 5387 instar
3290 5331 3563 5401 spicarum

1990 5426 2409 5488 comportantur
2447 5417 2485 5471 ii
2527 5417 2621 5487 qui
2671 5428 2955 5473 metuntur
2979 5435 3076 5488 per
3119 5420 3562 5490 praedicationem

1989 5509 2360 5580 evangelicam
2385 5549 2399 5574 ,
2430 5509 2500 5564 ab
2534 5526 2724 5570 errore
2764 5521 2820 5567 et
2853 5509 3193 5570 inﬁdelitate.
3238 5512 3409 5580 Quam
3442 5513 3564 5585 qui-

2597 5671 2639 5702 ”
2673 5667 2716 5724 II
2748 5668 2879 5738 Reg.
2910 5687 3052 5737 χειν,
3085 5673 3169 5729 16.
3270 5672 3312 5704 ⁸⁸
3349 5673 3364 5726 1
3399 5669 3556 5725 Joan.

3095 5832 3170 5894 ³10
