4062 6202
429 350 575 407 1265

1612 346 1666 403 S.
1711 345 1991 405 CYRILLI
2034 349 2123 405 ET
2159 349 2471 409 ALIORUM

3564 354 3737 411 ηδε

434 466 641 520 habent
684 468 744 515 ut
785 467 1047 531 petentur
1080 469 1333 517 sermone
1371 460 1676 516 tolerantia:
1708 464 1765 518 et
1806 464 2019 533 patien-

2126 466 2364 538 δεόμενοι
2398 467 2720 539 ποτισθῆναι
2749 467 2840 523 τὸν
2874 469 3004 540 περὶ
3038 467 3335 539 καρτερίας
3376 470 3473 525 καὶ
3498 470 3739 541 ὑπομο-

433 556 542 609 tim.
586 552 646 606 In
695 548 921 620 regione
957 555 1140 628 autem
1169 548 1466 617 campestri
1492 557 1621 605 sunt
1653 549 1689 602 ii
1728 550 1825 618 qui
1863 558 2012 604 recte

430 650 667 699 currunt
694 641 751 696 in
787 640 1015 705 virtute,
1052 646 1151 693 aut
1180 639 1277 709 qui
1302 638 1607 694 dilatantur
1632 640 1687 694 in
1711 640 1822 695 vita
1862 648 2012 695 recte

429 733 705 807 gerenda,
741 747 883 802 opus
928 731 1201 785 habentes
1244 739 1304 785 ut
1346 741 1629 802 petentur,
1671 733 1749 787 illi
1790 734 2013 804 quidem

427 838 686 882 sermone
708 822 802 896 [de
848 822 1182 890 humilitate,
1221 821 1279 877 hi
1305 838 1437 879 vero
1472 823 1540 880 de
1586 825 1888 895 gratiarum
1926 840 2016 881 ac-

435 914 633 988 tione,]
658 920 714 972 e't
744 915 812 971 de
838 916 1190 987 eleemosyna
1228 923 1284 971 et
1310 917 1833 973 communicatione.
1857 918 2013 973 Vini-

430 1014 580 1062 tores
610 1015 795 1061 autem
829 1004 981 1075 pacis
1004 1012 1152 1069 sunt,
1177 1002 1271 1073 qui
1299 1004 1353 1058 in
1390 1005 1504 1061 alto
1533 1008 2017 1078 contemplationis

429 1099 678 1154 colentes
710 1097 956 1153 divinam
998 1097 1270 1153 rationem
1313 1097 1664 1169 cognitionis,
1708 1100 1892 1155 animo
1916 1101 2016 1157 de-

431 1190 741 1255 lectantur,
776 1197 833 1245 et
868 1188 1092 1260 quidem
1133 1189 1334 1245 exstasi
1372 1190 1729 1261 abripiuntur
1759 1207 1790 1245 a
1841 1202 2015 1248 mate-

433 1283 557 1338 riali
606 1281 957 1337 habitudine.
996 1280 1135 1335 Nam
1190 1290 1247 1336 et
1278 1280 1568 1339 Carmelus
1620 1282 2018 1353 interpretatur

431 1374 635 1448 agnitio
664 1374 1099 1429 circumcisionis.
1138 1374 1273 1445 Ejus
1302 1375 1489 1445 itaque
1526 1372 1775 1431 dicemus
1812 1377 2016 1432 vinito-

431 1482 523 1522 res
546 1482 643 1522 eos
677 1465 771 1536 qui
795 1506 809 1530 ,
841 1482 940 1537 per
972 1464 1306 1537 agnitionem
1358 1466 1797 1523 circumcisionis
1830 1483 2017 1522 rerum

433 1559 824 1623 materialium,
851 1559 1040 1613 colunt
1066 1555 1341 1613 rationem
1363 1573 1485 1629 qua:
1509 1558 1858 1615 circumcidit
1893 1560 2016 1614 ani-

432 1666 578 1705 mam
606 1666 637 1705 a
679 1647 1148 1705 sollicitudinibus
1176 1650 1470 1719 superﬂuis
1492 1659 1547 1706 et
1573 1649 1864 1706 inutilibus
1893 1658 1948 1705 et
1986 1666 2017 1706 a

432 1741 684 1797 libidine.
727 1741 878 1814 Opus
912 1751 1103 1812 autem
1146 1741 1354 1796 habent.
1385 1749 1443 1796 et
1485 1742 1539 1797 hi
1574 1751 1630 1797 et
1665 1742 1742 1797 illi
1767 1742 2019 1797 doctrina

2115 562 2213 631 νῆς
2242 559 2420 628 λόγον.
2466 561 2553 613 Ἐν
2582 562 2649 631 τῇ
2703 560 2891 631 πεδινῇ
2936 560 2993 614 δὲ
3049 561 3102 615 oi
3144 560 3534 631 εὐδρομοῦντες
3581 564 3739 617 κατ’

2116 653 2343 724 ἀρετὴν,
2387 653 2420 724 ἧ
2469 653 2519 705 οἱ
2550 653 3017 724 ὲμπλατυνόμενοι
3045 656 3112 725 τῇ
3142 655 3284 708 κατὰ
3336 654 3429 708 τὸν
3470 655 3587 726 βίον
3618 657 3739 708 εὐ-

2120 746 2355 819 πραγίᾳ,
2392 746 2643 817 δεόμενοι
2669 744 3011 819 ποτισθῆναι,
3046 749 3094 801 oi
3131 748 3251 817 μὲν,
3282 749 3373 802 τὸν
3397 749 3526 820 περὶ
3546 749 3737 821 ἐλεη-

2121 838 2361 910 μοσύνης
2380 838 2474 892 καὶ
2503 839 2866 909 μεταδόσεως.
2907 839 3309 910 Ἀμπελουργοὶ
3340 840 3397 893 δὲ
3426 841 3525 911 τῆς
3546 843 3729 912 είρή⁹

2118 948 2215 1000 νης
2252 931 2390 984 εἰσιν
2441 932 2490 984 οἱ
2547 931 2605 984 ὲν
2625 930 2704 1000 τῷ
2760 930 2885 1000 ὕψει
2912 931 3014 1003 τῆς
3058 931 3291 1002 θεωρίας
3327 932 3733 1003 γεωργοῦντες

2118 1022 2208 1076 τὸν
2245 1021 2386 1077 θεῖον
2418 1023 2577 1092 λόγον
2630 1023 2732 1094 τῆς
2780 1021 3054 1091 γνώσεως,
3113 1023 3474 1094 εὐφραίνοντα
3498 1023 3729 1095 ψυχὴν,

2120 1114 2217 1167 καὶ
2263 1112 2560 1180 ὲξιστῶντα
2585 1114 2684 1185 τῆς
2732 1114 2921 1185 ὑλικῆς
2966 1114 3223 1185 σχέσεως.
3254 1114 3411 1168 Ἐπεὶ
3440 1114 3497 1168 δὲ
3545 1116 3650 1168 καὶ
3696 1117 3735 1168 ὁ

2120 1203 2417 1275 Κάρμηλος
2460 1201 2787 1272 ἐπίγνωσις
2818 1201 3143 1271 περιτομῆς
3173 1199 3561 1272 ἑρμηνεύεται,
3591 1203 3723 1272 ἀμ.-

2121 1295 2455 1366 πελουργούς
2488 1293 2653 1349 αὐτοῦ
2686 1294 2952 1365 φήσομεν,
2985 1293 3110 1357 τούς
3127 1292 3247 1346 κατ’
3281 1291 3579 1360 ἐπίγνωσιν
3602 1292 3727 1362 τῆς

2122 1387 2424 1459 περιτομῆς
2455 1388 2563 1441 τῶν
2589 1386 2787 1442 ὐλικῶν
2809 1386 3169 1458 πραγμάτων,
3207 1384 3586 1457 γεωργοῦντας
3610 1383 3725 1437 τὸν

2122 1478 2279 1548 λόγον
2311 1478 2401 1532 τὸν
2425 1478 2816 1550 περιτέμνοντα
2844 1479 2943 1549 τὴν
2969 1476 3149 1548 ψυχὴν
3178 1476 3288 1529 τῶν
3311 1475 3578 1546 περιττῶν
3609 1474 3723 1528 καὶ

2123 1569 2416 1639 ἀνωφελῶν
2448 1569 2744 1641 φροντίδων
2793 1568 2889 1622 καὶ
2933 1568 3033 1639 τῆς
3070 1567 3400 1638 φιληδονίας.
3422 1563 3721 1637 Χρῄζουσι

2122 1663 2178 1717 δὲ
2210 1662 2305 1715 καὶ
2330 1654 2474 1716 οὗτοι
2505 1661 2748 1714 κάκεῖνοι
2785 1658 3135 1723 διδασκαλίας
3163 1658 3272 1712 τῶν
3328 1658 3719 1729 παλαιοτέρων

2123 1771 2183 1809 τε
2218 1754 2312 1807 καὶ¹
2336 1752 2699 1824 τελεωτέρων.
2739 1751 2990 1822 Γεωργὸς
3025 1750 3082 1804 δὲ
3107 1748 3358 1821 ἀληθινὸς
3387 1752 3417 1804 ὁ
3442 1750 3714 1821 Χριστὸς,

434 1833 812 1903 antiquiorum
837 1841 893 1886 et
917 1830 1334 1902 perfectiorum.
1364 1831 1544 1887 Verus
1568 1847 1634 1887 au
1645 1842 1753 1887 tem
1777 1832 2017 1902 agricola

2126 1833 2489 1917 γεωργῶνδιά
2517 1844 2609 1897 τοῦ
2646 1842 2975 1913 Εὐαγγελίου
3005 1844 3130 1906 τοὺς
3166 1841 3715 1916 σωζομένουςὲωὰ

433 1933 519 1979 est
542 1920 818 1987 Christus,
848 1936 947 1976 eos
980 1921 1077 1991 qui
1112 1928 1410 1977 servantur
1434 1922 1622 1976 colens
1645 1937 1745 1992 per
1771 1923 2019 1994 Evange-

434 2015 592 2070 lium.
628 2013 737 2069 Sed
783 2013 1061 2083 quomodo
1098 2022 1281 2084 potest
1315 2011 1478 2068 Ozias
1514 2013 1722 2068 habere
1752 2013 2019 2071 vinitores

437 2106 493 2160 in
518 2104 794 2173 Carmelo,
832 2119 959 2160 cum
989 2104 1106 2175 ipse
1132 2102 1357 2174 quidem
1393 2103 1549 2160 Judm
1586 2119 1817 2177 regnum
1845 2105 2021 2159 admi—

436 2196 654 2261 nistret,
677 2196 815 2251 situs
831 2204 1018 2251 autem
1040 2195 1113 2251 sit
1135 2194 1423 2251 Carmelus
1444 2195 1547 2251 sub
1574 2211 1745 2268 regno
1769 2193 2022 2252 Israclis?

435 2290 556 2349 Non
587 2290 749 2345 aliter
771 2305 935 2363 quam
960 2304 1061 2361 per
1093 2290 1364 2345 rationem
1392 2305 1683 2363 anagoges.

439 2421 509 2477 Et
537 2429 655 2475 erat
686 2421 841 2476 Ozias
859 2436 1099 2491 quaerens
1133 2419 1417 2491 Dominum
1451 2423 1506 2477 in
1534 2423 1713 2477 diebus
1742 2424 2022 2480 Zachariae

507 2491 846 2615 ilp)ztclligen£i13
872 2490 934 2545 in
957 2492 1146 2546 timore
1164 2490 1401 2559 Domini,
1433 2500 1482 2546 et
1502 2493 1557 2547 in
1577 2494 1662 2548 via
1692 2510 1812 2549 eum
1829 2495 2023 2549 direxit

560 2578 767 2615 ominus
840 2602 854 2615 .

505 2651 778 2718 Quoniam
823 2651 986 2706 Ozias
1027 2648 1428 2720 interpretatur
1469 2650 1637 2704 virtus
1686 2649 1804 2716 Dei,
1864 2665 2025 2707 mens

437 2741 619 2796 cumis
660 2756 782 2811 quae
814 2741 922 2795 vim
960 2739 1177 2809 accepit
1222 2755 1253 2794 a
1283 2740 1397 2796 Deo
1432 2756 1500 2796 ex
1532 2742 2021 2812 contemplatione,

437 2849 536 2903 per
568 2834 741 2904 ipsam
772 2833 970 2903 quzerit
996 2834 1190 2888 Deum.
1218 2832 1424 2899 Quzerit
1467 2843 1652 2890 autem
1694 2835 1875 2905 ipsum
1912 2851 2026 2890 non

437 2924 711 2991 absolute,
738 2924 832 2978 sed
859 2925 915 2978 in
940 2923 1139 2977 diebus
1159 2924 1442 2978 memoriae
1464 2925 1583 2991 Dei,
1618 2926 1673 2979 in
1704 2927 1906 2995 quibus
1930 2928 2027 2983 Dei

439 3015 783 3069 recordatur.
814 3014 1214 3082 Interpretatur
1244 3013 1392 3067 enim
1436 3014 1733 3069 Zacharias
1767 3019 2025 3073 memoria

441 3105 555 3158 Dei.
582 3103 713 3169 Quae
752 3102 977 3172 quidem
1015 3102 1281 3157 memoria
1314 3101 1409 3155 Dei
1448 3118 1546 3158 eos
1581 3103 1675 3173 qui
1718 3104 1892 3174 ipsam
1926 3106 2027 3161 ha-

2120 1937 2238 2001 πῶς
2265 1936 2447 2002 Ὀζίας
2480 1936 2709 2007 ἠδύνατο
2737 1934 3153 2006 ἀμπελουργούς
3182 1934 3327 2005 ἔχειν
3356 1934 3416 1987 ὲν
3443 1934 3520 2004 τῷ
3545 1935 3713 2005 Καρ-

2122 2029 2300 2101 μήλῳ,
2327 2028 2488 2092 αὐτὸς
2520 2027 2616 2100 μὲν
2662 2027 2758 2101 τὴν
2791 2028 2886 2081 τοῦ
2937 2026 3110 2081 Ἰούδα.
3164 2026 3442 2098 βασιλείαν
3473 2027 3710 2091 διέπων,

2119 2121 2214 2176 τοῦ
2262 2122 2563 2193 Καρμήλου
2596 2120 2655 2174 δὲ
2709 2120 2961 2191 κειμένου
3018 2119 3124 2174 ὐπὸ
3149 2121 3248 2196 τῂν
3282 2120 3553 2191 βασιλείαν
3606 2119 3711 2173 τοῦ

2133 2213 2380 2286 Ἰσραήλ;
2404 2213 2667 2285 Οὐδαμῶς
2697 2214 2901 2285 ἑτέρως
2924 2212 2957 2286 ἢ
2988 2213 3134 2268 κατά
3155 2212 3312 2281 λόγον
3333 2214 3647 2284 ἀναγωγῆς.

2122 2415 2230 2471 Καὶ
2264 2412 2343 2486 ἦν
2385 2416 2573 2482 Ὀζίας
2593 2417 2852 2485 ἐκζητῶν
2884 2419 2993 2471 τὸν
3024 2418 3245 2487 Κύριον
3280 2416 3371 2487 ἐν,
3400 2416 3530 2483 ταῖς
3557 2418 3709 2486 ἠμέ-

2184 2502 2322 2554 ραις
2350 2488 2648 2555 Ζαχαρίου
2671 2487 2776 2541 τοῦ
2804 2486 3129 2557 συνιέντος
3157 2488 3229 2541 ἐν
3257 2486 3419 2557 φόϐῳ
3436 2489 3663 2557 Κυρίου
3686 2504 3701 2519 ⁶

2196 2557 2297 2609 καὶ
2329 2557 2641 2610 εὐώδωσεν
2672 2555 2833 2621 αὐτῷ
2864 2560 2896 2611 ὀ
2930 2558 3167 2626 Κύριος.

2208 2648 2470 2719 Ἐπείπερ
2525 2648 2709 2711 Ὀζίας
2733 2648 2913 2719 ἰσχὺς
2938 2649 3086 2703 Θεοῦ
3110 2648 3705 2721 ἐρμηνεύεται,λοιπὺν

2127 2739 2235 2801 πᾶς
2267 2738 2391 2801 νοῦς
2433 2739 2585 2809 ἰσχὺν
2612 2740 2675 2792 ὲκ
2708 2738 2844 2791 Θεοῦ
2874 2738 3054 2791 λαϐὼν
3085 2741 3165 2803 εἰς
3196 2738 3434 2810 Θεωρίαν
3482 2739 3706 2809 ὲκζητεῖ

2127 2832 2217 2884 τὸν
2263 2830 2396 2885 Θεὸν
2438 2831 2503 2884 δι’
2535 2831 2728 2901 αὐτῆς.
2777 2830 3029 2902 Ἐκζητεῖ
3057 2830 3114 2883 δὲ
3144 2830 3307 2885 αὐτὸν
3332 2832 3431 2902 οὐχ
3474 2832 3664 2895 ἁπλῶς
3686 2872 3702 2896 ,

2129 2922 2264 2978 ἀλλά
2286 2923 2344 2975 ὲν
2371 2925 2490 2986 ταῖς
2521 2923 2758 2994 ἡμέραις
2792 2923 2891 2993 τῆς
2934 2923 3159 2993 μνήμης
3200 2921 3297 2976 τοῦ
3330 2923 3489 2987 Θεοῦ,
3526 2924 3583 2977 ὲν
3612 2920 3705 2986 αἷς

2133 3014 2462 3086 μνημονεύει
2491 3014 2649 3071 Θεοῦ.
2667 3014 2946 3085 Ζαχαρίας
2974 3014 3086 3085 γὰρ
3113 3013 3322 3086 μνήμη
3355 3015 3505 3069 Θεοῦ
3532 3014 3706 3084 ἑρμη-

2130 3103 2343 3158 νεύεται
2370 3120 2383 3133 ·
2414 3104 2539 3174 ἥτις
2584 3105 2774 3175 μνήμη
2816 3103 3082 3168 συνετίζει
3101 3104 3227 3169 τοὺς
3259 3105 3481 3176 ἔχοντας
3509 3106 3704 3177 αὐτήν.

438 3196 573 3252 bent
602 3194 731 3249 facit
756 3194 1142 3264 intelligentes.
1172 3193 1279 3248 Eos
1300 3200 1483 3248 autem
1510 3194 1639 3249 facit
1658 3194 2022 3267 intelligentes

2130 3195 2402 3259 Συνετίζει
2430 3194 2485 3246 δὲ
2508 3194 2705 3258 αὐτοὺς
2732 3196 2790 3247 ὲν
2814 3194 2965 3265 φόϐῳ
2992 3195 3085 3249 τοῦ
3110 3196 3340 3267 Κυρίου,
3367 3195 3516 3249 τοῦτ’
3535 3196 3704 3259 ἐστιν,

404 3290 417 3301 ⁸
438 3288 496 3344 in
518 3286 716 3343 timore
741 3283 979 3349 Domini,
1010 3285 1116 3340 hoc
1146 3292 1250 3351 est,
1287 3285 1342 3339 in
1375 3285 1592 3341 actione
1617 3286 2022 3343 mandatorum.

446 3398 465 3431 ι
506 3377 729 3433 Initium
755 3376 923 3443 enim,
954 3377 1154 3447 inquit,
1173 3377 1456 3448 sapientiae
1479 3377 1645 3433 timor
1672 3377 1891 3434 Domini
1909 3377 1975 3434 ⁸⁸.
2001 3399 2019 3433 ι

439 3467 612 3535 Quem
634 3466 801 3522 etiam
827 3467 883 3521 in
912 3466 1002 3522 via
1036 3466 1223 3538 dirigit
1249 3467 1513 3523 Dominus
1536 3472 1605 3523 ad
1626 3468 2025 3537 inventionem,

438 3569 495 3615 et
518 3558 724 3614 docens
770 3559 965 3614 modos
995 3559 1416 3626 mandatorum,
1438 3569 1494 3614 et
1520 3575 1711 3615 eorum
1739 3578 1862 3633 quae
1901 3573 2030 3618 sunt

440 3652 692 3707 revelans
714 3649 975 3705 rationes.
1000 3649 1104 3717 Qui
1133 3665 1265 3721 ergo
1286 3651 1496 3721 absque
1521 3650 1836 3707 divinorum
1871 3669 2028 3709 man-

441 3740 695 3796 datorum
719 3740 1154 3813 actionequaerit
1176 3741 1371 3806 Deum,
1397 3757 1528 3796 eum
1557 3756 1670 3798 non
1708 3743 1943 3811 invenit,
1970 3754 2031 3800 ut

439 3833 533 3904 qui
558 3848 669 3889 non
696 3840 849 3889 recta
870 3834 955 3889 via
982 3834 1051 3891 ad
1074 3849 1201 3889 cum
1225 3833 1515 3906 dirigatur.

508 3927 660 3981 Mens
679 3926 947 3997 ejusmodi
978 3936 1129 3982 arcet
1151 3927 1357 3983 diaboli
1378 3928 1445 3983 ad
1464 3938 1704 3985 mentem
1722 3929 2028 4002 ingressum

440 4033 538 4088 per
549 4017 777 4073 sensilia.
788 4017 1339 4085 intermedia,.ﬁxisin
1357 4018 1596 4085 deserto,
1612 4021 1669 4075 in
1679 4023 1938 4087 naturali,
1954 4024 2031 4078 in.

439 4124 623 4179 quam,
636 4110 1117 4181 contemplatione,
1132 4118 1393 4180 tanquam
1407 4112 1558 4167 muni
1568 4113 1636 4167 tis
1646 4114 1911 4181 turribus,
1928 4116 2033 4187 piis

438 4203 506 4257 de
522 4202 590 4258 iis
605 4216 727 4274 quae
742 4211 872 4257 sunt
883 4201 1250 4273 dogmatibus.
1278 4202 1359 4256 Ad
1381 4218 1503 4274 qua:
1526 4204 1619 4274 qui
1642 4204 2032 4277 confugit,non

438 4294 698 4349 formidat
712 4292 989 4357 (immanes
1004 4293 1100 4363 qui
1119 4293 1175 4348 in
1194 4293 1299 4349 hac
1310 4294 1628 4359 solitudine,
1642 4295 1699 4350 in
1715 4304 1933 4364 natura,
1950 4298 2034 4353 in-

437 4401 624 4455 quam,
641 4401 835 4442 eorum
852 4401 974 4456 qua:
990 4385 1267 4453 videntur,
1285 4387 1702 4454 latrocinentur,
1720 4397 1777 4444 et
1791 4398 2032 4447 mentem

439 4492 539 4547 per
559 4492 787 4533 sensum
804 4476 1108 4548 decipiunt,
1132 4486 1189 4534 et
1201 4479 1486 4535 attrahunt
1514 4480 1581 4534 ad
1607 4480 1856 4537 exitium.
1883 4482 2034 4540 Mens

2128 3286 2186 3338 ὲν
2215 3288 2281 3356 τῇ
2302 3285 2494 3356 πράξει
2522 3286 2630 3339 τῶν
2655 3286 2905 3341 ἐντολῶν.
2930 3306 2948 3339 ι
2986 3287 3152 3357 Ἀρχὴ
3172 3289 3300 3360 γὰρ,
3328 3289 3483 3359 φησι,
3513 3287 3704 3357 σοφίας

2128 3376 2292 3446 φόϐος
2316 3375 2544 3448 Κυρίου.
2587 3393 2606 3427 ι
2632 3359 2712 3448 ’ῼ
2732 3377 2825 3429 καὶ
2851 3376 3027 3430 εὐοδοῖ
3058 3380 3087 3431 ό
3116 3359 3318 3448 Κύριος
3348 3379 3430 3440 είς
3463 3378 3702 3449 εὕρεσιν,

2126 3467 2254 3531 τούς
2283 3482 2343 3520 τε
2394 3466 2500 3520 τῶν
2539 3462 2771 3521 ἐντολῶν
2811 3468 3048 3538 τρόπους
3095 3468 3395 3533 διδάσκων,
3439 3469 3536 3522 καὶ
3576 3471 3705 3532 τοὺς

2128 3559 2236 3614 τῶν
2276 3560 2449 3614 ὄντων
2494 3558 2687 3628 λόγους
2724 3558 3140 3614 ἀποκαλύπτων.
3170 3559 3493 3631 Τοιγαροῦνλ
3518 3563 3547 3614 ὁ
3578 3560 3704 3631 δίχα

2130 3650 2384 3722 πράξεως
2413 3650 2524 3705 τῶν
2563 3650 2727 3704 θείων
2757 3651 2983 3705 ἐντολῶν
3016 3651 3261 3723 ἐκζητῶν
3290 3652 3385 3707 τὸν
3419 3652 3574 3718 Θεὸν,
3602 3652 3705 3723 οὐχ

2129 3741 2375 3813 εὑρίσκει
2397 3740 2583 3808 αὐτὸν,
2618 3740 2695 3812 μὴ
2724 3741 3076 3812 εὐοδούμενος
3097 3744 3177 3805 εἰς
3210 3741 3389 3796 τοῦτο.

2211 3923 2271 3975 'O
2312 3920 2552 3983 τοιοῦτος
2593 3920 2717 3985 νοῦς
2764 3922 3097 3992 ἀποτειχίζει
3126 3922 3224 3993 τὴν
3250 3923 3538 3995 γινομένην
3570 3923 3709 3994 πρὸς

2130 4014 2222 4067 τὸν
2264 4013 2388 4068 νοῦν
2436 4012 2525 4071 διὰ
2558 4013 2741 4083 μέσων
2775 4013 2885 4067 τῶν
2918 4012 3195 4084 αἰσθητῶν
3226 4015 3433 4069 εἴσοδον
3468 4014 3562 4068 τοῦ
3592 4015 3706 4067 δια-

2131 4105 2318 4171 ϐόλου,
2353 4103 2666 4175 πηξάμενος
2700 4105 2757 4156 ὲν
2784 4105 2852 4174 τῇ
2893 4103 3109 4174 ἐρήμῳ,
3139 4103 3282 4172 λέγω
3316 4102 3373 4156 δὲ
3400 4102 3468 4174 τῇ
3501 4103 3705 4172 φυσικῇ

2133 4197 2357 4269 θεωρίᾳ,
2392 4195 2644 4267 καθάπερ
2680 4196 2925 4266 πύργους
2961 4196 3224 4265 ἀσφαλεῖς
3251 4195 3320 4250 τά
3350 4197 3551 4267 εὐσεϐῆ
3578 4196 3707 4266 περὶ

2130 4290 2240 4344 τῶν
2284 4288 2454 4342 ὄντων
2488 4287 2755 4358 δόγματα.
2784 4288 2879 4351 Εἰς
2907 4287 2944 4341 ἀ
2974 4286 3003 4339 ὁ
3043 4287 3405 4358 καταφεύγων
3432 4289 3493 4341 οὐ
3524 4287 3708 4358 (potici-

2132 4400 2221 4437 ται
2249 4382 2376 4446 τοὺς
2402 4378 2548 4434 κατά
2574 4378 2673 4450 τὴν
2707 4379 2914 4450 ἔρημον
2946 4378 3172 4451 ταύτην,
3208 4379 3353 4451 φημὶ
3380 4379 3445 4451 δὴ
3474 4381 3571 4449 τὴν
3603 4380 3707 4447 φύ-

2134 4491 2218 4529 σιν
2258 4473 2368 4527 τῶν
2408 4470 2722 4543 ὁρωμένων,
2758 4470 3122 4542 λῃστεύοντας
3149 4471 3408 4543 δαίμονας
3446 4472 3538 4525 καὶ
3569 4469 3709 4523 πλαο

438 4566 715 4637 ejusmodi
771 4574 857 4624 est
890 4567 1063 4622 etiam
1097 4583 1262 4624 verus
1325 4570 1565 4640 agricola
1588 4611 1604 4637 ,
1638 4586 1779 4642 pura
1819 4587 1850 4627 a
1901 4572 2022 4630 lolic

2140 4570 2349 4631 νῶντσις
2387 4565 2479 4619 τὸν
2511 4562 2637 4618 νοῦν
2666 4564 2755 4617 διὰ
2784 4564 2883 4634 τῆς
2915 4562 3246 4635 αἰσθήσεως,
3291 4564 3385 4619 καὶ
3418 4564 3556 4635 πρὸς
3602 4564 3713 4616 ἀπ-

440 4669 540 4723 per
573 4655 819 4711 studium
859 4664 915 4711 et
953 4655 1291 4728 diligentiam
1342 4657 1528 4713 divina
1555 4674 1890 4716 conservans
1921 4660 2024 4716 bo-

442 4757 643 4800 norum
673 4745 907 4809 semina.

2148 4662 2346 4716 ὡλειαν
2389 4655 2823 4728 κατασύροντας.
2860 4656 2917 4709 'O
2940 4655 3183 4720 τοιοῦτος
3210 4656 3335 4720 νοῦς
3376 4655 3471 4711 καὶ⁵
3500 4653 3712 4725 ἀληθής

2152 4748 2583 4821 ἐστιογεωργὸς,
2627 4747 2849 4819 καθαρά
2890 4747 3179 4814 ζιζανίων,
3223 4747 3315 4802 διὰ
3360 4748 3460 4820 τῆς
3502 4748 3711 4810 οἰκείας

451 4836 690 4908 σπουδῆς
718 4838 815 4891 καὶ
844 4838 1183 4908 ἐπιμελείας,
1215 4841 1285 4893 τὰ
1350 4840 1470 4896 θεῖα
1537 4844 1642 4899 τῶν
1688 4846 1913 4916 ἀγαθῶν
1947 4849 2241 4921 σπέρματα
2265 4842 2570 4915 συντηρῶν.

914 4929 1017 4984 EX
1053 4928 1287 4987 EODEM
1325 4931 1552 4992 LIBRO.

1072 5037 1138 5077 DE
1161 5038 1398 5080 EZECﬂlA.

445 5113 512 5179 Et
538 5114 666 5170 vidit
686 5113 938 5185 Ezechias
970 5114 1112 5185 quod
1132 5117 1271 5170 venit
1291 5116 1605 5175 Senacherib
1627 5124 1696 5176 ad
1717 5123 2018 5185 bellumae-

510 5186 733 5240 rendum
762 5186 815 5238 in
830 5183 1130 5239 Jerusalem
1150 5202 1167 5239 :
1185 5196 1231 5239 et
1251 5190 1566 5244 consultavit
1592 5208 1707 5245 cum
1722 5183 2019 5249 senioribus

512 5258 617 5309 suis
637 5265 682 5309 et
704 5255 1001 5332 proceribus
1021 5255 1287 5332 o-Qstruere
1308 5276 1474 5332 aquas
1492 5262 1714 5329 fontium
1732 5278 1849 5332 quae
1870 5274 2024 5318 erant

496 5333 661 5404 castra
697 5325 981 5404 civitatem.
1036 5324 1262 5404 Etcum
1300 5324 1710 5397 conﬁrmarunt,
1744 5324 1800 5404 et
1814 5332 2022 5404 collegit

474 5424 475 5427 η
508 5394 734 5472 multum
766 5393 1019 5472 populum
1039 5435 1060 5472 ,_
1078 5403 1127 5472 et
1163 5393 1535 5472 obstruxerunt
1570 5393 1738 5471 aqua;
1774 5393 2019 5472 fontium,

513 5473 561 5515 et
596 5464 816 5532 ﬂuvium
850 5465 938 5533 qui
957 5464 1150 5534 dividit.
1174 5482 1268 5536 per
1299 5464 1645 5525 civitatem“.
1717 5466 1757 5516 Ἀ

518 5682 786 5753 Quoniam
840 5685 1103 5744 Ezechias
1140 5690 1539 5761 interpretatur
1594 5691 1691 5745 Dei
1744 5697 2017 5764 potentia,

515 5796 561 5831 “
593 5794 634 5854 ll
670 5796 844 5853 l’aral.
881 5815 1025 5867 xxvi,
1062 5801 1113 5857 5.

2504 4934 2597 4987 ΕΚ
2631 4933 2766 4986 ΤΗΣ
2796 4932 3029 4987 ΑΥΤΗΣ
3067 4931 3336 4987 ΒΙΒΛΟΥ.

2688 5022 2827 5091 Περὶ
2878 5021 3156 5091 Ἐζεκίου.

2133 5116 2238 5173 Καὶ
2267 5114 2427 5172 εἶδεν
2477 5115 2740 5186 Ἐζεκίας
2766 5114 2853 5168 ὅτι
2880 5114 3012 5186 ἣκει
3045 5113 3414 5186 Σεναχηρεὶμ
3457 5112 3566 5186 τοῦ
3601 5129 3710 5167 zo-

2200 5187 2463 5258 λεμῆσαι
2511 5183 3076 5258 ἐνἿΙερουᾳαλήμῇ
3139 5187 3239 5258 καὶ
3302 5184 3711 5258 ἐβδογλεύσειτο

2199 5250 2352 5328 μεὶᾶ
2384 5255 2507 5328 τῶν
2547 5250 2965 5328 πρεσϐυτέρων
2990 5250 3196 5328 ἀὑτοῦ
3254 5254 3371 5328 καὶ.
3401 5250 3707 5328 duratam.

2200 5320 2495 5398 ἓμςρράξαι
2529 5320 2601 5398 τά
2628 5325 2821 5379 ὕδατα
2840 5320 2973 5398 ’τῶν
3002 5323 3232 5398 πηγῶν,
3332 5320 3413 5393 ἦν
3437 5323 3555 5398 ἔξω
3596 5321 3710 5398 τῆς

2203 5391 2454 5461 doletne.
2497 5396 2607 5450 Καὶ
2651 5391 3123 5461 συνεπίοηιυσιινῖ⁸
3145 5391 3367 5460 αὑτὸν,
3399 5394 3499 5447 καὶ
3526 5391 3713 5461 omn}-

2202 5459 2528 5537 7-ayeladr
2556 5466 2776 5537 πολὺν,
2810 5464 2906 5516 καὶ
2921 5459 3330 5537 -ἓξέςεραξε-τὰ
3366 5462 3555 5537 ﬁdam
3590 5459 3711 5537 τῶν·

2203 5530 2448 5606 πηγῶν,
2489 5536 2587 5589 καὶ
2632 5535 2739 5589 τὸν
2776 5530 3052 5602 ποταμὸν
3081 5530 3188 5588 τὸν
3232 5530 3561 5601 διορίζοντα
3611 5530 3709 5584 διὰ

2204 5606 2315 5674 τῆς
2343 5607 2595 5672 πόλεως.

2214 5698 2364 5751 Ἐπεὶ
2392 5697 2636 5769 Ἐζεκίας
2658 5697 2872 5767 κράτος
2890 5695 3036 5751 Θεοῦ
3052 5696 3440 5767 ἑρμηνεύεται,
3460 5694 3565 5759 πᾶς
3586 5689 3708 5752 νοῦς

1192 5803 1236 5834 ⁸⁸
1272 5803 1441 5859 Eccli.
1481 5819 1518 5871 ι,
1554 5804 1637 5860 l6.
1716 5806 1759 5837 ’⁸⁸
1790 5806 1834 5861 II
1866 5807 2047 5864 Paral.
2084 5826 2250 5877 xxx",
2285 5810 2400 5876 2-4.
