4062 6202
366 299 508 357 1265

1749 294 2274 366 COLLECTANEA.

3500 302 3638 360 1386

361 421 451 474 διὰ
477 415 794 488 πρακτικῆς
822 413 1139 484 φιλοσοφίας
1170 413 1516 484 κτησάμενος
1540 415 1741 487 κράτος
1763 415 1937 481 θεῖον,

2055 431 2202 472 mens
2221 433 2426 484 omnis,
2445 433 2576 490 quae
2593 433 2694 490 per
2715 417 2950 473 activam
2973 414 3377 495 philosophiam
3395 415 3638 470 divinam

366 509 592 564 ἑπειδὰν
619 506 734 576 γνῷ
759 506 1080 574 κινούμενον
1105 505 1225 559 κατ’
1255 505 1421 560 αὐτοῦ
1451 506 1542 560 τὸν
1565 507 1755 578 νοητὸν
1790 507 1952 561 Σενα-

366 605 611 675 χηρεὶμ,
652 603 710 663 ὃς
759 601 1131 675 ἑρμηνεύεται
1169 603 1504 673 πειρασμὸς
1533 604 1862 673 ξηραίνειν,
1916 603 1951 675 ἢ

365 694 612 760 ὀδόντες
633 692 1020 762 ἠκονημένα,
1055 691 1239 756 ὁποῖός
1287 693 1438 747 ἑστιν
1467 694 1497 747 6
1536 693 1806 759 διάϐολος,
1837 691 1952 762 βου-

366 788 580 842 λεύεται
613 786 754 857 μετὰ
797 786 910 840 τῶν
953 785 1352 858 πρεσϐυτέριον
1404 786 1500 840 καὶ
1545 785 1788 839 δυνατῶν
1842 785 1952 840 τῶν

365 881 503 950 ἀμφ’
535 879 721 935 αὐτόνδ
765 873 926 934 Οὗτοι
956 878 1012 932 δέ
1038 880 1176 933 εἰσιν
1207 878 1242 949 ἢ
1265 895 1327 931 τε
1372 877 1655 950 λογιστικὴ
1684 877 1915 948 δύναμις
1934 917 1950 944 ,

366 971 461 1024 καὶ⁸
487 971 521 1041 ἡ
555 968 793 1040 θυμικὴ,
837 968 934 1023 καὶ
967 969 1001 1040 ἡ
1034 968 1411 1040 ἑπιθυμητική
1433 984 1447 998 ο
1482 966 1550 1032 ἃς
1590 967 1811 1039 εἴληχεν
1831 1008 1846 1033 ,
1874 968 1951 1032 ὡς

367 1062 779 1134 πρεσϐυτέρους
826 1059 962 1131 μὲν,
1001 1061 1088 1114 ὅτι
1119 1059 1335 1130 πρῶται
1369 1060 1630 1132 δυνάμεις
1663 1055 1825 1115 αὗται
1852 1060 1952 1130 τῆς

363 1155 567 1226 ψυχῆς,
614 1154 712 1209 καὶ
745 1153 1205 1225 συμπληριλινιτικα)⁵
1257 1154 1358 1225 τῆς
1404 1154 1597 1219 οὐσίας
1633 1154 1825 1225 αὐτῆς,
1875 1156 1952 1218 ὡς

363 1246 627 1309 δυνατοὺς
653 1244 734 1310 δὲ,
765 1245 848 1299 ὅτι
877 1244 971 1298 καὶ
994 1243 1131 1298 αὐτὸ
1153 1243 1314 1300 τοῦτο
1350 1246 1626 1316 Δυνάμεις
1649 1245 1950 1316 ὀνομάζονι

364 1356 456 1392 ται
476 1353 492 1369 ⁸
523 1339 620 1392 καὶ
644 1337 728 1392 ὃτι
763 1336 1019 1408 συνεργοί
1047 1337 1154 1390 είσι
1182 1336 1276 1391 τοῦ
1306 1337 1426 1402 νοὸς
1460 1337 1598 1410 πρὸς
1630 1338 1950 1408 καθαίρεσιν

367 1429 603 1494 κακίας,
632 1429 728 1482 καὶ
762 1427 1022 1487 σύστασιν
1067 1428 1270 1500 ἀρετῆς
1292 1469 1310 1497 ,
1357 1429 1454 1484 καὶ
1477 1431 1561 1484 ὅτι
1589 1432 1871 1502 ἄρχουσιν,
1915 1433 1950 1502 ἡ

372 1523 473 1594 μὲν
499 1521 701 1592 λογικὴ
725 1519 976 1592 δύναμις,
1009 1519 1116 1574 τῶν
1143 1523 1464 1590 γνωστικῶν
1484 1523 1766 1595 λογισμῶν
1791 1541 1806 1556 ο
1830 1527 1864 1595 ὴ
1894 1525 1951 1579 δὲ

367 1611 597 1684 θυμικὴ,
630 1611 822 1683 ὁρμῶν
841 1628 854 1641 ·
895 1611 991 1664 καὶ
1017 1612 1052 1682 ἡ
1076 1611 1454 1685 ὲπιθυμητικὴ
1478 1615 1585 1669 τῶν
1616 1615 1948 1688 ἐπιθυμητι-

370 1703 482 1758 κῶν
507 1702 744 1775 ὀρέξεων
763 1715 779 1733 ³
811 1701 891 1756 ἔτι
925 1702 984 1757 δὲ
1042 1702 1275 1775 ἑκάστη,
1303 1705 1414 1758 τῶν
1458 1707 1580 1761 κατ’
1610 1707 1782 1778 αὐτὴν
1811 1707 1948 1762 άπο-

367 1769 736 1866 τελεσμάτων.
759 1794 994 1860 Τούτους
1024 1789 1118 1849 οὖν
1145 1769 1274 1861 τους
1303 1797 1716 1869 πρεσϐυτέρους
1739 1769 1885 1869 έχων
1917 1800 1946 1852 6
1977 1769 2019 1825 Β

369 1885 494 1951 νοῦς
520 1887 696 1956 ὑγιεῖς
719 1903 780 1939 τε
820 1886 920 1940 καὶ
952 1887 1432 1959 άνεξαπατήτους,
1456 1888 1771 1958 βουλεύεται
1831 1890 1949 1960 μετ’

368 1977 571 2043 αὐτῶν,
593 1976 670 2041 ὡς
695 1977 993 2049 συνεργῶν,
1023 1977 1300 2049 ἐμφράξαι
1323 1977 1392 2032 τὰ
1419 1978 1591 2034 ὕδατα
1623 1979 1739 2033 τῶν
1757 1979 1952 2050 πηγῶν

369 2068 440 2122 τά
474 2067 582 2136 ἔξω
620 2069 723 2138 τῆς
767 2070 997 2135 πόλεως.
1040 2070 1229 2126 Ταῦτα
1265 2071 1324 2125 δέ
1362 2073 1502 2127 είσιν
1569 2074 1629 2128 αἱ
1661 2072 1805 2126 κατὰ
1848 2074 1951 2146 τὴν

372 2160 609 2233 φυσικὴν
637 2160 872 2233 θεωρίαν
909 2163 1194 2234 γινόμεναι
1235 2165 1566 2233 φαντασίαι,
1589 2164 1688 2219 καὶ
1721 2163 1790 2219 τὰ
1827 2165 1953 2237 νοή-

372 2270 520 2325 ματα
551 2253 660 2309 τῶν
686 2255 980 2326 αἰσθητῶν.
1018 2249 1120 2310 ’Ὧν
1163 2255 1488 2325 φαντασιῶν
1523 2257 1620 2311 καὶ¹
1659 2257 1952 2329 νοημάτων

370 2345 578 2416 πηγαὶ,
607 2346 750 2402 αύτά
773 2347 843 2402 τὰ
869 2348 1103 2420 αἰσθητὰ
1149 2347 1256 2414 ἔξω
1294 2350 1394 2420 τῆς
1425 2349 1636 2414 πόλεως
1679 2350 1910 2421 κείμενα
1931 2367 1949 2384 ·

369 2435 516 2504 λέγω
539 2435 604 2508 δὴ
631 2436 729 2508 τῆς
751 2436 962 2510 ψυχῆςο
1005 2439 1101 2494 καὶ⁵
1124 2437 1325 2506 ἔξωθεν
1361 2439 1461 2504 τὰς
1490 2440 1549 2506 ἐξ
1576 2441 1756 2496 αὐτῶν
1792 2441 1951 2512 ῥεού-

370 2545 470 2592 σας
504 2529 806 2597 φαντασίας
833 2531 915 2594 είς
951 2530 1122 2603 αὐτὴν
1153 2531 1464 2602 πέμποντα.
1497 2531 1700 2598 Καλῶς
1735 2528 1831 2587 οὖν
1858 2535 1953 2605 ἑμ-

369 2621 596 2692 φράττει
641 2621 710 2675 τά
757 2621 985 2675 τοιαῦτα
1023 2622 1227 2688 ὕδατα,
1263 2624 1352 2678 ἵνα
1398 2624 1474 2696 μὴ
1509 2624 1579 2678 δι’
1606 2625 1748 2680 αὐτὰ
1775 2643 1955 2696 παρα-

372 2711 553 2783 μένων
591 2713 622 2766 6
685 2712 881 2786 ἐχθρὸς
919 2715 1134 2786 πολεμῇ
1176 2718 1243 2787 τῇ
1297 2716 1465 2787 ψυχῇ.
1527 2717 1863 2788 Ἐμφράττει
1895 2717 1956 2772 δὲ

371 2806 466 2860 καὶ
504 2806 596 2860 τδν
638 2807 890 2878 ποταμὸν.
925 2807 1018 2861 τὸν
1050 2807 1401 2879 διερχόμενον
1452 2809 1544 2862 διὰ
1591 2810 1692 2879 τῆς
1739 2809 1917 2881 ψυχῆς
1934 2827 1949 2842 ο

363 2889 526 2963 οὗτος
551 2897 610 2952 δέ
639 2899 836 2953 ἐστινὸ
862 2898 964 2969 τῆς
993 2901 1231 2970 φυσικῆς
1259 2899 1493 2971 Θεωρίας
1523 2901 1952 2972 ἑπιστημονικδς

357 2991 564 3061 ,λόγος’
603 2991 692 3045 ἵνα
718 2989 793 3062 μὴ
818 2990 956 3063 λάθῃ
982 2991 1050 3044 δι’
1084 2991 1251 3046 αὑτοῦ
1272 2991 1566 3049 είσελθὼντ
1581 2992 1702 3065 Χρὴ
1725 2993 1835 3065 γὰρ
1862 2993 1955 3049 τὸν

2054 507 2348 577 acquisivit
2370 511 2697 579 potentiam,
2725 518 3016 579 postquam
3041 505 3357 577 cognoverit
3375 503 3641 560 adversus

2050 613 2114 660 se,
2130 600 2339 654 moveri
2352 600 2690 656 Senacberib
2701 600 2795 670 qui
2813 598 3076 654 cadit‘sub
3089 596 3529 666 intelligentiam,
3544 597 3641 666 qui

2053 689 2451 761 interpretatur
2473 693 2700 746 tentatio
2724 691 3016 755 exsiccem,
3039 696 3142 744 aut:
3157 688 3525 752 dentesacuti,
3543 703 3642 742 eu-

2046 781 2290 852 jusmodi
2307 792 2429 838 erat
2443 783 2722 850 diabolus,
2743 782 3022 837 consultat
3043 795 3172 836 cum
3186 780 3316 834 suis
3326 779 3642 836 senioribus

2050 881 2108 927 et
2127 873 2457 942 proceribus
2475 892 2490 928 :
2509 874 2546 929 ii
2569 884 2754 929 autem
2771 883 2903 928 sunt
2915 882 2972 929 et
2990 873 3075 928 vis
3085 871 3473 936 ratiocinandi,
3489 872 3642 927 otvis

2052 962 2346 1030 irascendi,
2371 973 2428 1021 et
2443 965 2526 1021 vis
2541 964 2990 1035 concupiscendi,
3013 979 3152 1034 quas
3165 963 3350 1029 habet,
3379 971 3638 1034 tanquam

2056 1057 2308 1112 seniores
2327 1057 2578 1128 quidem,
2613 1057 2875 1129 quoniam
2905 1073 2984 1114 ea:
2996 1064 3125 1112 sunt
3147 1056 3340 1126 prima:
3353 1055 3640 1112 facultates

2052 1164 2149 1204 seu
2169 1150 2318 1205 vires
2344 1150 2562 1218 animae,
2583 1159 2641 1208 et
2662 1151 2783 1223 ejus
2797 1150 3138 1221 complentes
3161 1149 3482 1216 essentiam,
3521 1159 3642 1206 tan-

2052 1277 2217 1333 quam
2243 1277 2505 1333 procercs
2528 1269 2714 1318 autem
2753 1277 2851 1318 seu
2879 1258 3152 1333 potentes,
3181 1262 3442 1331 quoniam
3473 1261 3640 1318 etiam

2051 1355 2160 1411 hoc
2187 1357 2367 1426 ipsum
2409 1356 2791 1421 nominantur,
2820 1369 3018 1425 nempe
3056 1355 3473 1410 Potestates:et
3493 1356 3641 1425 quod

2053 1449 2257 1504 mentis
2289 1449 2401 1504 sint
2421 1449 2705 1520 adjutores
2720 1449 2789 1503 ad
2810 1447 3209 1503 destruendum
3227 1446 3424 1501 vitium
3441 1455 3497 1501 et
3513 1463 3642 1502 con-

2051 1539 2390 1595 stituendam
2411 1539 2696 1604 virtutem,
2721 1537 2940 1606 etquod
2957 1536 3248 1607 imperant,
3277 1535 3642 1591 ratiocinandi

2051 1630 2276 1701 quidem
2335 1629 2597 1694 facultas,
2648 1627 3028 1700 cognoscendi
3071 1626 3587 1683 ratiocinationibus
3625 1647 3637 1681 :

2053 1721 2326 1776 irascendi
2358 1728 2543 1775 autem
2579 1719 2839 1785 facultas,
2880 1718 3050 1773 animi
3088 1717 3548 1773 incitationibus:
3586 1726 3642 1774 et

2053 1813 2137 1867 vis
2173 1810 2603 1882 concupiscendi
2669 1809 3119 1866 desiderantibus
3186 1806 3639 1879 appetitionibus.

2054 1913 2324 1974 praeterea
2371 1910 2555 1958 autem
2640 1916 2987 1972 unaquagqne
3031 1900 3147 1956 suis
3183 1900 3496 1956 affectibus.
3532 1899 3643 1956 llos

2051 2011 2183 2067 ergo
2235 1995 2483 2052 seniores
2537 2010 2694 2051 mens
2730 1995 2942 2051 habens
2996 2003 3054 2051 et
3077 2010 3260 2061 sanos,
3295 2003 3353 2050 et
3386 1993 3478 2064 qui
3532 2009 3641 2048 non

2053 2084 2211 2140 facile
2243 2093 2478 2156 possunt
2511 2085 2717 2156 decipi,
2755 2101 2882 2141 cum
2917 2086 2999 2141 cis
3035 2095 3294 2157 tanquam
3331 2085 3448 2140 suis
3482 2085 3641 2156 adju-

2055 2175 2268 2231 toribus
2299 2176 2580 2231 consultat
2599 2176 2885 2231 obstruere
2917 2192 3088 2247 aquas
3103 2176 3342 2231 fontium
3367 2191 3491 2246 quae
3514 2183 3644 2230 sunt

2049 2277 2207 2322 extra
2241 2267 2546 2322 civitatem.
2589 2267 2679 2322 Ea:
2714 2278 2899 2323 autem
2932 2275 3102 2335 sunt,
3151 2283 3275 2339 qua:
3308 2268 3363 2322 in
3400 2268 3641 2323 naturali

2053 2359 2524 2429 contemplatione
2561 2357 2960 2415 fiuntvisioncs
2994 2375 3058 2415 ac
3079 2359 3399 2431 phantasite,
3437 2367 3493 2414 et
3517 2373 3642 2414 sen-

2054 2450 2242 2505 silium
2286 2450 2666 2521 cogitationes.
2721 2449 2964 2517 Quarum
3008 2450 3282 2505 visionum
3325 2461 3382 2504 et
3435 2450 3640 2520 cegita-

2055 2539 2268 2594 tionum
2302 2538 2484 2594 fontes
2535 2546 2666 2593 sunt
2701 2538 2820 2608 ipsa
2853 2537 3078 2593 sensilia
3133 2537 3240 2594 sita
3266 2546 3418 2592 extra
3449 2537 3641 2594 civita-

2056 2639 2189 2695 tem,
2223 2637 2380 2684 extra
2397 2629 2660 2694 animam,
2699 2630 2944 2698 inquam,
2981 2639 3039 2684 et
3071 2645 3194 2698 qua!
3215 2645 3280 2683 ex
3313 2629 3447 2699 ipsis
3461 2627 3641 2683 ﬂuunt

2053 2722 2298 2776 visiones
2331 2721 2678 2776 extrinsecus
2707 2721 2777 2775 ad
2813 2721 2987 2791 ipsam
3020 2720 3267 2776 mittunt.
3305 2719 3476 2774 Recte
3507 2734 3639 2790 ergo

2055 2811 2297 2867 obstruit
2333 2827 2505 2881 aquas
2537 2811 2875 2882 huiusmodi,
2914 2826 2982 2866 ne
3016 2820 3242 2882 propter
3287 2810 3433 2881 ipsas
3465 2826 3641 2865 rema-

2057 2917 2196 2958 nens
2230 2903 2491 2958 inimicus
2522 2903 2788 2958 adversus
2820 2902 3060 2957 animam
3085 2903 3292 2957 bellum
3319 2909 3490 2972 gerat.
3525 2901 3638 2957 Ol»

2056 2995 2223 3048 struit
2257 3003 2442 3050 autem
2458 2994 2622 3049 etiam
2650 2993 2877 3049 fluvium
2893 2995 2989 3064 qui
3023 2993 3217 3049 transit
3247 3009 3356 3063 per
3378 2994 3638 3060 animam;

359 3084 452 3156 μὴ
485 3082 684 3146 τελέως
739 3081 1120 3153 ἀπαλλαγέντα
1162 3083 1372 3147 παθῶν,
1422 3084 1482 3136 ἑν
1519 3083 1598 3154 τῷ
1636 3083 1814 3155 καιρῷ
1857 3083 1954 3137 τοῦ

2058 3086 2108 3141 is
2141 3094 2326 3153 autem
2370 3094 2454 3140 est
2486 3086 2627 3140 ratio
2674 3085 2944 3140 naturalis
2986 3084 3470 3155 contemplationis
3520 3101 3642 3154 qua:

374 3177 611 3248 πολέμου
634 3177 742 3233 τῶν
763 3178 976 3245 παθῶν,
1001 3178 1158 3249 μύειν
1181 3178 1280 3244 τὰς
1309 3179 1613 3251 αἰσθήσεις,
1635 3180 1733 3233 καὶ
1761 3178 1955 3233 παύειν

375 3271 477 3342 μὲν
507 3257 602 3324 καὶ
621 3271 723 3336 τὰς
748 3272 1054 3340 φαντασίας
1072 3312 1087 3335 ,
1129 3273 1318 3328 καὶτὰ
1353 3274 1605 3344 νοήματα
1635 3273 1746 3326 τῶν
1767 3273 1961 3343 αἰσθη-

371 3360 501 3426 τῶν,
529 3364 548 3382 ⁴
581 3363 676 3416 καὶ
701 3362 799 3433 τὴν
836 3364 1074 3434 φυσικὴν
1105 3363 1450 3434 φιλοσοφίαν,
1482 3362 1830 3433 κακοπαθείᾳ
1861 3361 1957 3416 τοῦ

375 3453 646 3524 σώματος.
674 3449 777 3509 Ὧν
803 3454 904 3526 μὲν
931 3455 1032 3525 τῆς
1063 3455 1380 3528 προσευχῆς
1405 3454 1598 3523 τύπος,
1626 3455 1662 3525 ἡ
1685 3453 1780 3508 τοῦ
1811 3454 1962 3524 βασι-

373 3543 512 3610 λέως
551 3547 634 3610 είς
675 3545 767 3600 τὸν
797 3546 942 3601 θετον
979 3545 1107 3600 ναὸν
1132 3545 1315 3609 ἄνοδος
1342 3560 1358 3576 ·
1395 3545 1494 3615 τῆς
1530 3543 1590 3597 δὲ
1634 3543 1960 3614 σωματικῆς

374 3635 780 3704 κακοπαθείας,
817 3639 853 3706 ἠ
910 3635 1007 3691 τοῦ
1057 3637 1266 3690 σάκκου
1315 3633 1600 3706 παραϐολή
1645 3635 1696 3689 ιι.
1752 3634 1961 3688 Συνεπ-

387 3729 634 3800 ισχύουσι
661 3730 719 3784 δὲ
742 3730 838 3784 καὶ
868 3726 1227 3798 συνεργοῦσιν
1256 3725 1406 3796 αὐτῷ
1423 3725 1560 3797 πρὸς
1590 3724 1885 3798 ἑμφραξιν,
1909 3727 1963 3781 οῖ

375 3837 437 3874 τε
462 3819 796 3890 δηλωθέντες
821 3818 1188 3890 πρεσϐύτεροι
1208 3817 1302 3872 καὶ
1326 3817 1356 3870 6
1383 3817 1671 3887 συναχθεὶς
1695 3817 1849 3882 λαὸς,
1865 3818 1962 3872 ὅσ-

375 3929 460 3976 τις
490 3911 638 3965 ἐστὶν
661 3913 712 3965 οί
735 3911 979 3973 εὐσεϐεῖς
1001 3909 1254 3979 λογισμοὶ
1271 3908 1510 3979 ἑκάστης
1525 3909 1632 3963 τῶν
1651 3911 1772 3980 είρη
1782 3910 1961 3980 μένων

375 4004 545 4075 τριῶν
589 4002 895 4072 δυνάμεων.
947 4002 1070 4072 Χρὴ
1118 4000 1179 4055 δὲ
1217 3999 1510 4071 φυλάττειν
1558 4003 1654 4057 καὶ
1700 4001 1771 4056 τά
1802 4002 1958 4074 χείλη

373 4093 478 4162 τῆς
500 4092 679 4162 ψυχῆς
701 4130 718 4156 ,
749 4091 868 4162 ῆτοι
891 4090 1021 4154 «τὰς
1039 4091 1418 4163 φρουρητικὰς
1447 4091 1621 4163 αὐτῆς
1664 4093 1890 4163 ἀρετὰς,
1917 4093 1952 4164 ἢ

377 4184 477 4248 τὰς
509 4182 620 4237 τῶν
653 4182 867 4254 ἀρετῶν
905 4182 1246 4252 φυλακτικάς
1290 4184 1552 4256 μεθόδους
1576 4225 1592 4253 ,
1627 4185 1961 4257 ἐγκράτειαν

378 4276 474 4328 καὶ
505 4273 808 4346 ὑπομονὴν,
845 4276 942 4329 καὶ
972 4275 1304 4331 ταπείνωσιν
1334 4292 1349 4308 ·
1378 4277 1473 4330 καὶ
1499 4275 1673 4342 οὕτως
1693 4277 1962 4333 ἀποστέλ-

377 4366 530 4421 λεται
561 4364 748 4421 θεόθεν
776 4365 1036 4437 ἄγγελος,
1061 4369 1090 4421 6
1115 4366 1445 4439 διαφθείρων
1488 4368 1559 4423 τὰ
1604 4369 1754 4441 πάθη
1798 4369 1958 4439 λόγος

2059 3187 2145 3232 est
2188 3191 2256 3232 ex
2291 3177 2554 3243 scientia;
2592 3191 2662 3231 ne
2717 3176 2857 3230 clam
2893 3190 2994 3246 per
3048 3176 3228 3246 ipsum
3275 3175 3640 3246 ingrediatur.

2056 3266 2290 3337 Oportet
2318 3267 2467 3322 enim
2501 3255 2630 3322 eum
2664 3265 2760 3336 qui
2796 3281 2908 3320 non
2937 3272 3024 3320 est
3055 3265 3295 3335 perfecte
3322 3265 3587 3320 liberatus
3611 3279 3643 3319 a

2059 3359 2210 3414 vitiis
2225 3369 2283 3414 et
2297 3358 2464 3413 animi
2482 3356 3009 3429 perturbationibus,
3039 3365 3287 3427 tempore
3303 3356 3433 3410 belli
3449 3357 3642 3411 conni-

2058 3466 2190 3506 vere
2225 3449 2482 3505 sensibus
2509 3489 2524 3514 ,
2558 3455 2617 3504 et
2662 3461 3014 3518 compescere
3045 3447 3269 3516 quidem
3315 3447 3556 3502 visiones
3587 3454 3643 3501 et

2059 3541 2422 3613 cogitationes
2460 3539 2747 3596 sensilium
2783 3548 2840 3594 et
2874 3539 3180 3594 naturalem
3227 3539 3643 3608 contemplatio-

2059 3649 2186 3689 nem
2216 3673 2232 3698 ,
2267 3631 2534 3688 accedere
2575 3638 2762 3686 autem
2799 3630 2867 3686 ad
2901 3630 3173 3684 malorum
3230 3645 3464 3700 corpore
3513 3646 3641 3700 per-

2059 3726 2370 3798 pcssionem
2406 3739 2506 3796 per
2537 3726 2774 3781 activam
2823 3723 3248 3794 philosophiam.
3283 3723 3524 3790 Quarum
3564 3729 3644 3795 ty-

2061 3833 2166 3888 pus
2202 3817 2427 3888 quidem
2483 3816 2750 3872 orationis
2781 3824 2870 3871 est
2911 3814 3058 3885 regis
3110 3829 3372 3869 ascensus
3420 3814 3488 3868 ad
3544 3813 3642 3869 Dei

2060 3910 2328 3980 templum
2365 3927 2379 3964 :
2414 3909 2718 3980 corporalis
2757 3915 2945 3962 autem
3002 3904 3316 3960 aﬂlictionis
3339 3945 3354 3970 ,
3408 3906 3646 3961 amictus

2061 4003 2228 4057 sacci.
2265 3999 2403 4056 Eum
2428 4009 2611 4057 autem
2645 3998 2976 4055 confirmant
2997 4005 3054 4052 et
3086 3995 3138 4051 ei
3173 4011 3334 4066 opem
3359 3996 3544 4052 ferunt
3576 3998 3644 4052 ad

2061 4091 2495 4158 obstruendum,
2552 4099 2610 4147 et
2663 4091 2760 4162 qui
2791 4089 2926 4145 dicti
2977 4096 3107 4144 sunt
3140 4088 3419 4154 seniores,
3457 4096 3513 4143 et
3549 4088 3643 4158 qui

2061 4183 2324 4240 collectus
2375 4183 2482 4238 fuit
2535 4183 2794 4254 populus,
2828 4179 2924 4250 qui
2982 4186 3069 4235 est
3127 4179 3233 4248 pia:
3261 4177 3649 4248 .cogitationos

2061 4275 2496 4347 uniuscujusque
2547 4291 2615 4331 ex
2647 4273 2826 4329 tribus
2858 4287 2982 4343 qua:
3011 4269 3173 4325 dictzc
3206 4279 3336 4325 sunt
3371 4268 3646 4324 facultati-

2063 4365 2186 4422 bus.
2224 4363 2454 4436 Oportet
2486 4377 2672 4422 autem
2705 4365 2871 4421 etiam
2907 4361 3186 4417 custodire
3220 4360 3374 4415 labra
3425 4360 3642 4423 animae,

375 4452 476 4523 τῆς
507 4432 1057 4524 γνωστικῆςσοφίας,
1084 4455 1180 4508 καὶ
1205 4432 1422 4526 άναιρεῖ
1447 4456 1550 4520 τὰς
1575 4465 1692 4529 ρπε¹
1715 4432 1956 4528 ίιλιάδας

2065 4432 2530 4530 nempe—virtutes
2549 4471 2672 4512 eam
2705 4453 3102 4517 custodientes,
3127 4467 3232 4507 seu.
3257 4451 3548 4510 methodos
3580 4465 3646 4512 ac

378 4542 582 4596 αὐτῶν.
605 4541 707 4607 Ἐξ
746 4541 856 4614 γὰρ
883 4542 1106 4608 δεκάκις
1141 4543 1203 4609 ξ’,
1231 4545 1326 4598 καὶ
1352 4544 1474 4614 τρὶς
1517 4545 1559 4613 ξ’
1604 4547 1702 4600 καὶ
1737 4546 1847 4618 ρπ⁸,
1876 4542 1960 4611 οἷς

378 4632 786 4705 προστεθέντων
807 4633 902 4688 καὶ
926 4640 966 4685 ε’
989 4635 1450 4705 συναπαρτίζεται
1470 4637 1500 4688 6
1521 4636 1630 4690 τῶν
1658 4636 1959 4708 ἀναιρεθει-

378 4723 488 4778 σῶν
536 4724 787 4796 χιλιάδων
827 4725 1082 4798 ἀριθμός.
1135 4727 1290 4780 Ἐπεὶ
1326 4727 1438 4799 γὰρ
1481 4728 1517 4799 ἡ
1558 4728 1690 4798 περὶ
1727 4729 1743 4769 ί
1791 4727 1958 4797 φύσιν

376 4814 488 4868 τῶν
524 4815 942 4887 προειρημένων
971 4817 1142 4888 τριῶν
1168 4817 1475 4888 δυνάμεων,
1523 4819 1709 4872 πᾶσαν
1756 4817 1956 4873 κακίαν

378 4907 560 4959 ποιεῖ’
591 4907 682 4960 τὸν
720 4906 782 4973 ἒξ
815 4907 917 4979 μὲν
940 4907 1176 4978 ἀριθμὸν
1209 4907 1562 4979 λαμϐάνομεν
1595 4906 1684 4961 διὰ
1720 4907 1783 4961 τὸ
1807 4925 1971 4978 ποιη-

377 4993 528 5047 τικὸν
576 4994 674 5066 τῆς
717 4998 951 5062 κακίας·
999 4999 1057 5051 ὲν
1102 4997 1165 5062 ἓξ
1203 4997 1314 5069 γὰρ
1361 4997 1599 5070 ἡμέραις
1645 4996 1900 5066 ἑποίησεν
1929 5000 1958 5053 6

375 5083 510 5148 Θεὸς
535 5085 628 5140 τὸν
656 5086 881 5159 κόσμον.
906 5088 1142 5152 Δεκάκις
1167 5087 1330 5143 δὲδιὰ
1349 5089 1448 5161 τὴν
1471 5091 1531 5143 ἑν
1553 5088 1723 5160 κακίᾳ
1744 5089 1959 5145 τελείαν

378 5179 594 5249 κίνησιν
623 5177 864 5250 ἑκάστης
891 5179 1192 5250 δυνάμεως.
1230 5180 1450 5246 Τέλειος
1480 5180 1588 5254 γὰρ
1618 5182 1648 5234 6
1673 5182 1829 5249 δέκα,
1867 5199 1960 5236 τε-

377 5267 540 5322 λειῶν
567 5266 662 5321 καὶ
683 5269 1013 5340 περιορίζων
1037 5271 1249 5336 πάντας
1269 5273 1396 5337 τοὺς
1420 5274 1625 5345 κυρίως
1647 5273 1919 5346 ἀριθμούς
1938 5290 1956 5308 ο

378 5357 710 5429 τρισσοῦμεν
754 5360 826 5415 τά
867 5361 1300 5419 άποτελεσθέντα
1345 5365 1434 5420 διὰ
1471 5366 1534 5420 τὸ
1583 5367 1806 5439 τρισσὸν
1845 5369 1956 5422 τῶν

379 5449 726 5522 δηλωθεισῶν
758 5451 1064 5524 δυνάμεων.
1102 5454 1213 5509 Καὶ
1242 5458 1648 5528 προστιθέαμεν
1691 5457 1760 5512 τὰ
1790 5457 1954 5512 πέντε

2059 4549 2322 4616 rationes,
2375 4562 2499 4618 quat
2553 4546 2874 4602 custodiunt
2908 4542 3176 4606 virtutes,
3214 4556 3413 4611 nempe
3467 4539 3645 4596 conti-

2057 4642 2301 4697 nentiam
2328 4681 2343 4708 ,
2405 4647 2462 4695 et
2496 4637 2863 4704 tolerantiam,
2900 4644 2957 4693 et
2998 4633 3371 4692 humilitatem
3422 4650 3436 4687 :
3474 4640 3530 4687 et
3564 4630 3644 4686 sic

2056 4731 2295 4787 mittitur
2329 4746 2362 4786 a
2396 4730 2508 4786 Deo
2542 4730 2804 4808 angelus,
2841 4745 3038 4802 nempe
3090 4725 3230 4786 ratio
3264 4721 3645 4795 cognoscentis

2053 4821 2436 4894 philosophiae,
2464 4837 2585 4892 quae
2619 4821 2802 4892 perdit
2835 4821 2968 4877 vitia
2993 4830 3049 4877 et
3073 4827 3255 4874 motus
3278 4814 3471 4881 animi,
3497 4822 3555 4870 et
3575 4830 3642 4870 ex

2055 4912 2139 4968 eis
2165 4912 2670 4968 interimitcentum
2695 4912 2972 4982 octoginta
3001 4910 3245 4982 quinque
3279 4907 3472 4963 millia.
3505 4906 3640 4962 Nam

2058 5020 2157 5062 sex
2172 5005 2376 5071 decies,
2404 5004 2717 5076 sexaginta;
2739 5013 2796 5060 et
2817 5012 2902 5060 ter
2921 5004 3222 5074 sexaginta,
3244 5001 3454 5058 centies
3483 5008 3640 5056 octo-

2059 5097 2229 5169 ginta.
2265 5097 2486 5165 Quibus.
2509 5096 2757 5168 adjectis.
2777 5095 2943 5152 etiam
2975 5094 3241 5166 quinque,
3275 5091 3438 5148 simul
3472 5089 3641 5161 pcrd-

2065 5188 2212 5244 citur
2245 5202 2512 5244 numerus
2567 5185 2802 5242 millium
2855 5185 3296 5241 interfectorum.
3331 5183 3464 5238 Nam
3499 5197 3638 5252 quo-

2064 5277 2214 5332 niam
2237 5293 2305 5334 ex
2332 5277 2486 5348 prius
2509 5276 2673 5333 dictis
2709 5276 2890 5332 tribus
2932 5274 3287 5332 facultatibus
3315 5289 3380 5329 ea
3407 5287 3530 5344 quae
3557 5281 3642 5328 est

2061 5377 2262 5439 praeter
2285 5378 2560 5434 naturam,
2581 5367 2746 5424 eﬂicit
2766 5383 2930 5424 omne
2955 5367 3173 5434 vitium,
3201 5366 3478 5424 senarium
3510 5364 3638 5435 qui-v

2061 5458 2187 5514 dem
2207 5473 2500 5518 numerum
2530 5458 2852 5531 accipimus,
2874 5468 3100 5532 propter
3120 5459 3240 5516 vitii
3257 5457 3634 5516 efﬁcientiam.

1771 5610 1943 5667 Varia:
1976 5610 2259 5668 lectiones.
2299 5574 2308 5602 ‘

463 5712 490 5760 β
521 5712 600 5770 ῖσ.
645 5715 927 5788 περιϐολή.
1011 5717 1029 5758 ί
1063 5722 1144 5778 lu.
1174 5719 1344 5791 παρά.
