4062 6202
469 307 607 361 1287

1683 306 1741 358 S.
1781 302 2057 361 CYRILLI
2093 304 2185 360 ΕΤ
2220 305 2534 364 Αιιοιιυκ

3608 308 3747 366 1268

466 416 605 474 Nam
628 430 724 471 sex
746 414 945 471 diebus
973 416 1120 470 Deus
1153 414 1285 470 feeit
1314 414 1605 469 mundum.
1634 414 1828 471 Decies
1848 425 2054 482 autem,

2158 418 2246 474 διὰ
2271 419 2372 494 τὴν
2400 419 2678 490 αῐσθησιν,
2702 419 2832 492 περὶ
2864 420 2934 491 ἢν
2960 420 2994 490 ἠ
3039 419 3206 473 κακία
3235 420 3542 492 ἐνεργεῖται
3568 436 3585 452 ο
3616 438 3752 476 πεν-

465 516 698 582 propter
727 506 1032 579 perfectum
1060 505 1499 579 uniuscuiusque
1543 507 1805 578 potentiae
1844 517 2055 564 motum

468 618 527 658 ιιι
554 600 688 657 vitio
730 617 744 654 :
783 598 1063 671 perfectus
1104 600 1255 655 enim
1295 608 1382 656 est
1408 599 1694 665 denarius,
1727 615 1919 657 omnes
1959 602 2056 671 qui

468 700 599 748 sunt
622 691 846 762 proprie
884 691 1102 747 numeri
1136 690 1431 763 perﬁciens
1455 699 1513 746 et
1543 691 2005 749 circumscribens
2038 711 2053 748 :

469 784 810 855 triplicamus
837 799 904 839 ea
941 799 1065 855 quae
1090 792 1219 840 sunt
1255 783 1476 851 elIecta,
1506 794 1733 856 propter
1764 786 2053 857 triplicita-

469 886 580 934 tem
631 877 904 933 dictarum
953 878 1345 948 potentiarum.
1394 878 1464 934 Et
1510 878 1765 935 addimus
1810 880 2057 951 quinque

470 979 697 1042 propter
732 985 958 1026 sensum
990 970 1047 1025 in
1094 976 1497 1041 quo’versatur
1524 971 1757 1026 vitium:
1788 981 1876 1027 est
1905 972 2053 1027 enim

469 1076 667 1117 sensus
709 1062 1017 1133 quinarius.
1069 1062 1239 1117 Millia
1288 1072 1473 1118 autem
1506 1072 1637 1119 sunt
1668 1063 1866 1119 eﬁ’ecta
1907 1064 2052 1129 vitii,

470 1160 762 1222 propterea
788 1152 939 1223 quod
967 1153 1126 1208 valde
1162 1152 1414 1209 funditur
1455 1154 1721 1210 adversus
1744 1169 1867 1210 nos.
1896 1155 2055 1223 Quod

469 1252 654 1299 autem
675 1244 978 1315 phantasiis
999 1260 1065 1301 ac
1103 1246 1412 1302 visionibus
1427 1246 1714 1302 sensilium
1738 1256 1931 1302 contra
1953 1262 2056 1303 nos

468 1338 543 1394 sit
570 1337 778 1394 abusus
802 1337 897 1409 qui
931 1339 989 1394 in
1018 1338 1386 1411 intelligentia
1405 1346 1659 1395 versatur
1693 1338 2052 1405 Senacherib,

468 1432 741 1490 insultans
766 1440 823 1487 et
855 1432 1140 1488 exsiccans
1157 1432 1369 1487 animas
1402 1446 1598 1487 eorum
1620 1432 1715 1502 qui
1738 1430 2051 1502 capiuntur,

465 1539 536 1581 eo
558 1523 706 1596 quod
733 1523 882 1596 ipsas
921 1534 1140 1597 separet
1165 1541 1197 1581 a
1230 1525 1384 1581 fonte
1427 1525 1724 1591 bonorum,
1755 1533 1842 1580 est
1877 1525 2056 1581 cuivis

467 1619 839 1687 perspicuum.
880 1616 1015 1673 Nam
1042 1631 1142 1688 per
1163 1615 1482 1687 phantasias
1498 1631 1770 1686 expressae
1788 1615 1974 1687 ﬁgura:
1999 1625 2056 1672 et

466 1706 659 1763 forma:
680 1708 968 1763 sensilium
991 1722 1133 1777 saepe
1160 1716 1448 1763 remanent
1472 1706 1529 1761 in
1553 1707 1760 1774 anima,
1792 1708 2053 1779 alligant-

2161 510 2356 580 ταδικὴ
2400 508 2512 581 7&9
2559 510 2595 580 ἡ
2624 509 2898 582 αἴσθησις.
2944 509 3201 573 Χιλιάδες
3230 510 3287 563 δὲ
3316 510 3386 564 τὰ
3410 513 3512 582 τῆς
3542 512 3751 576 κακίας

2157 598 2598 670 ἀποτελέσματα,
2625 599 2716 654 διὰ
2741 599 2805 654 τὸ
2858 600 3072 672 χεῖσθαι
3100 600 3223 655 λίαν
3254 600 3377 655 καθ’
3404 601 3585 673 ήμῶν.
3618 604 3748 656 Ὀτι

2157 691 2214 745 δὲ
2239 693 2363 755 ταῖς
2390 692 2718 761 φαντασίαις
2759 693 2856 746 καὶ
2888 694 3003 757 τοῖς
3042 694 3282 764 νοήμασι
3322 692 3432 748 τῶν
3462 694 3750 765 αἰσθητῶν

2155 784 2539 859 ἀποκέχρηται
2576 784 2703 840 καθ’
2736 785 2899 858 ήμῶν
2927 787 2957 840 ὁ
2985 785 3176 856 νοητὸς
3221 787 3591 858 Σεναχηρεὶμ,
3638 788 3752 840 έπ-

2136 876 2414 949 .ηρεάζων
2450 878 2547 933 καὶ
2575 876 2847 950 ξ-ηραίνων
2876 879 2975 942 τὰς
3001 876 3182 949 ψυχὰς
3204 877 3317 933 τῶν
3341 878 3748 950 ἁλισκομένων.

2154 968 2234 1040 τῷ
2275 968 2534 1040 χωρίζειν
2562 968 2739 1033 αὑτὰς
2784 971 2889 1040 τῆς
2930 970 3116 1041 πηγῆς
3145 969 3254 1024 τῶν
3297 970 3543 1039 ἀγαθῶν,
3578 972 3752 1026 παντί

2156 1078 2261 1114 που
2289 1060 2469 1130 δῆλον.
2515 1062 2612 1116 Διά
2666 1062 2779 1133 7&9
2813 1061 2924 1115 τῶν
2964 1061 3279 1132 φαντασιῶν
3322 1061 3643 1133 τυπούμενα
3676 1063 3752 1117 τά

2158 1153 2411 1222 σχήματα
2434 1153 2531 1206 καὶ
2557 1153 2627 1207 τὰ
2656 1153 2897 1224 εἴδητῶν
2916 1153 3217 1224 αἰσθητῶν,
3249 1152 3509 1215 πολλάκις
3545 1155 3753 1207 ἐναπο-

2159 1244 2385 1314 μένουσι
2443 1246 2511 1315 τῇ
2540 1244 2713 1315 ψυχῇ,
2760 1244 2856 1297 καὶ
2909 1242 3172 1315 δεσμοῦσι
3204 1244 3300 1298 καὶ
3338 1242 3755 1316 κατασύρουσιν

2154 1335 2237 1398 εἰς
2263 1332 2364 1404 τὴν
2390 1332 2652 1404 σύγχυσιν
2670 1331 2782 1386 τῶν
2809 1332 3020 1397 παθῶν,
3052 1328 3122 1406 ἦς
3149 1335 3180 1388 ὁ
3215 1334 3561 1406 Σεναχηρεὶμ
3585 1327 3755 1398 οὗτος

2156 1423 2453 1493 βασιλεύει.
2489 1424 2569 1501 Ἡ⁵
2589 1421 2847 1478 Βαϐυλὼν
2877 1422 2986 1495 γὰρ
3009 1424 3317 1494 σύγχυσις
3348 1425 3749 1497 ἑρμηνεύεται.

2166 1518 2529 1590 ’Υποστρέφει
2550 1518 2607 1572 δὲ
2634 1518 2754 1589 μετ’
2782 1517 3045 1589 αἰσχύνης
3071 1521 3139 1589 τῇ
3170 1512 3526 1591 ὁδῷᾖῆλθεν.
3546 1520 3623 1582 ὡς
3652 1520 3754 1588 γέ-

2153 1628 2421 1683 γραπταιο
2454 1612 2573 1676 πῶς
2628 1610 2746 1675 ὁδός
2780 1612 2930 1664 ἐστιν
2962 1609 3104 1665 αὐτά
3133 1610 3204 1664 τὰ
3241 1611 3449 1679 φυσικά
3480 1611 3655 1681 πάθη,
3686 1610 3756 1665 τὸ

2152 1703 2381 1768 ἐσθίειν,
2402 1703 2465 1757 τὸ
2494 1703 2691 1768 πίνειν,
2713 1703 2777 1756 τὸ
2799 1701 3024 1767 ύπνοῦν,
3056 1702 3154 1758 καὶ
3178 1703 3279 1756 ὅσα
3311 1703 3450 1773 πρκ
3483 1703 3757 1758 σύστασιν

468 1812 576 1869 que
598 1807 655 1853 et
672 1797 957 1853 attrahunt
971 1796 1434 1865 ad,conl‘usioncm
1457 1797 1720 1852 vitiorum
1743 1805 1800 1853 et
1814 1796 2054 1853 alfectio-

2161 1796 2256 1851 τοῦ
2293 1796 2544 1866 σώματος
2569 1814 2583 1828 ο
2614 1795 2652 1850 ἀ.
2676 1794 2756 1866 τῷ
2784 1795 2883 1866 μὲν
2916 1792 3055 1865 ὑπὲρ
3081 1794 3184 1864 τὴν
3212 1794 3403 1866 χρείαν
3426 1795 3615 1865 τρόπῳ
3640 1796 3755 1864 τῆς

466 1902 623 1951 num,
657 1887 715 1942 in
749 1900 917 1957 quam
952 1901 1183 1957 regnum
1217 1886 1435 1943 obtinet
1460 1887 1552 1942 hic
1572 1886 1930 1943 Senacherib.
1953 1888 2053 1943 Ba-

467 1979 643 2052 bylon
691 1978 841 2034 enim
888 1977 1284 2049 interpretatur
1314 1977 1572 2049 confusio.
1608 1979 1924 2034 Revertitur
1953 1994 2053 2033 au-

467 2081 578 2126 tem
601 2085 729 2127 cum
769 2070 980 2141 pudore
1007 2071 1096 2127 via
1134 2086 1243 2142 qua
1272 2070 1445 2137 venit,
1491 2081 1554 2127 ut
1581 2070 1850 2142 scriptum
1876 2081 1961 2127 est
1983 2072 2052 2125 ⁸⁸.

466 2161 756 2230 Quomodo
783 2161 872 2217 via
891 2170 1018 2217 sunt
1047 2162 1179 2233 ipsae
1202 2163 1482 2219 naturales
1504 2162 1847 2229 affectiones,
1869 2176 2056 2219 come-

465 2254 631 2320 dere,
662 2255 895 2321 bibere.
919 2254 1183 2320 dormire,
1242 2264 1301 2310 et
1345 2270 1689 2326 quaecunque
1727 2255 1939 2313 faciunt
1984 2255 2055 2310 ad

466 2346 918 2403 constitutionem
950 2348 1230 2418 corporis:
1258 2363 1382 2419 qua:
1400 2348 1590 2404 utendi
1614 2347 1838 2419 quidem
1864 2348 2053 2415 modo,

465 2437 564 2506 qui
589 2446 753 2491 usum
787 2444 845 2491 et
870 2436 924 2491 id
949 2435 1096 2507 quod
1120 2450 1259 2506 opus
1278 2444 1364 2493 est
1390 2446 1631 2506 superat,
1651 2436 1719 2491 ad
1754 2451 1856 2492 nos
1876 2436 2054 2492 addu-

465 2535 603 2583 cant
646 2526 931 2584 diabolum
959 2545 972 2583 :
1000 2527 1167 2583 modo
1214 2535 1402 2583 autem
1440 2527 1632 2582 utendi
1657 2528 2057 2598 qui.convenit

465 2620 593 2676 usui
612 2629 669 2676 et
696 2621 747 2677 ei
775 2620 924 2691 quod
952 2628 1040 2677 est
1074 2636 1236 2691 opus,
1262 2635 1361 2691 per
1390 2634 1449 2674 se
1486 2619 1634 2690 ipsas
1674 2635 1803 2675 eum
1838 2619 2055 2691 fugien-

466 2718 583 2767 tem
616 2728 810 2771 rursus
841 2712 1117 2768 reducunt
1142 2712 1213 2767 ad
1247 2721 1453 2767 terram
1488 2726 1667 2777 suam,
1692 2726 1817 2781 quas
1846 2718 1933 2767 est
1967 2710 2059 2765 ﬁr-

466 2818 595 2859 mus
616 2818 682 2859 ac
703 2804 916 2862 stabilis
939 2804 1059 2859 vitii
1090 2803 1331 2867 habitus.
1366 2819 1533 2875 quem
1577 2801 1917 2858 interﬁciunt
1959 2801 2060 2858 ﬁlii

465 2898 588 2968 eius
616 2897 938 2969 fugientem,
960 2907 1018 2953 et
1036 2897 1255 2967 fugiunt
1288 2897 1346 2952 in
1387 2898 1725 2954 Armeniam.
1751 2898 1923 2954 Filios
1962 2914 2059 2953 au—

466 2998 583 3045 tem
613 2990 989 3059 intelligemus
1025 2989 1207 3043 malas.
1227 3003 1351 3057 quae
1380 3005 1451 3045 ex
1486 3003 1555 3044 eo
1579 2999 1884 3045 nascuntur
1906 2990 2059 3060 cogi-

470 3082 728 3146 tationes,
759 3096 792 3136 a
817 3082 1022 3151 quibus
1051 3081 1388 3137 interimitur
1416 3099 1429 3135 :
1466 3081 1687 3150 quando
1715 3081 1800 3137 eis
1838 3091 2060 3137 utemur

2156 1891 2407 1964 χρήσεως
2447 1890 2672 1958 ἄγουσιν
2726 1890 2809 1952 εἰς
2882 1891 3033 1961 ἡμᾶς
3082 1888 3177 1942 τὸν
3223 1886 3472 1942 διάϐολον
3495 1902 3513 1917 ·
3560 1887 3638 1957 τῷ
3692 1885 3755 1939 δὲ

2157 1984 2301 2039 κατὰ
2330 1983 2431 2054 τὴν
2467 1981 2658 2054 χρείαν
2700 1982 2895 2053 τρόπῳ
2938 1981 3039 2052 τῆς
3094 1980 3369 2051 χρήσεως,
3420 1978 3491 2033 δι’
3530 1979 3757 2033 ἑαυτῶν

2155 2071 2315 2140 αὖθις
2344 2074 2788 2145 ἀποστρέψουσιν
2841 2072 3028 2135 αὐτὸν,
3066 2073 3340 2141 φεύγοντα
3383 2071 3464 2134 εἰς
3508 2070 3611 2141 τὴν
3637 2071 3757 2142 γῆν

2156 2166 2323 2223 αὑτοῦ
2342 2180 2357 2196 ·
2387 2168 2513 2237 ἥτις
2541 2166 2691 2220 ἐστὶν
2722 2166 2755 2237 ή
2778 2164 2953 2234 παγία
2982 2164 3082 2235 τῆς
3112 2162 3313 2226 κακίας
3341 2162 3477 2229 ἕξις,
3522 2162 3585 2216 δν
3610 2162 3755 2231 φεύ-

2156 2278 2327 2331 γοντα
2368 2258 2690 2331 ἀναιροῦσιν
2733 2263 2781 2312 οἰ
2830 2258 2937 2313 υἱοὶ
2976 2256 3165 2320 αὐτοῦ,
3202 2257 3297 2310 καὶ
3338 2255 3634 2325 φεύγουσιν
3664 2258 3755 2319 εἰς

2169 2352 2483 2424 Ἀρμενίαν.
2514 2352 2678 2415 Υίοὺς
2702 2350 2762 2405 δὲ
2800 2347 2965 2404 αὐτοῦ
2998 2350 3267 2419 νοήσομεν
3306 2349 3435 2409 τοὺς
3476 2346 3536 2411 ἐξ
3575 2347 3754 2401 αὐτοῦ

2155 2443 2511 2513 τικτομένους
2541 2442 2818 2513 πονηροὺς
2849 2440 3168 2512 λογισμοὺς,
3196 2439 3287 2507 ὑφ’
3309 2432 3386 2494 ὧν
3412 2439 3754 2510 ἀναιρεῖται,

2154 2535 2243 2589 ὅτε
2291 2532 2720 2605 συγχρησόμεθα
2760 2531 2978 2596 τούτοις
3019 2532 3103 2595 εἰς
3145 2530 3387 2599 ἀγαθόν·
3428 2531 3524 2583 καὶ
3561 2529 3633 2582 δι’
3667 2522 3757 2583 ὧν

2156 2625 2489 2680 ἐσπούδασεν
2534 2624 2697 2690 ἑλεῖν,
2747 2623 2836 2678 διὰ
2882 2623 3090 2677 τούτων
3119 2622 3404 2692 ἀνέλωμεν
3442 2621 3627 2675 αὐτόν.
3681 2621 3757 2674 Οἱ

2157 2717 2250 2771 καὶ
2278 2716 2572 2787 φεύγουσιν
2606 2717 2686 2780 εἰς
2719 2714 3025 2785 παράθεσιν
3051 2714 3436 2776 ἀναπαύσεως.
3481 2712 3756 2782 Ἀρμενία

2157 2812 2269 2883 γὰρ
2302 2809 2668 2881 ἑρμηνεύεται
2696 2807 3033 2876 παράθεσις
3060 2806 3484 2871 ἀναπαύσεως.
3505 2803 3757 2874 Παρατε-

2157 2902 2315 2956 θέασι
2343 2900 2454 2972 γὰρ
2480 2900 2628 2971 ἡμᾶς
2657 2897 2964 2952 ἀναπαύσει
2992 2896 3202 2952 λοιπόν.
3255 2895 3417 2949 Ἀλλά
3444 2892 3612 2949 ταῦτα
3636 2894 3757 2963 μὲν

2144 2990 2352 3055 οὕτως.
2387 2990 2641 3061 Ποταμδς
2670 2989 2727 3042 δὲ
2753 2988 3007 3058 διορίζων
3038 2987 3126 3041 διὰ
3150 2987 3252 3057 τῆς
3276 2986 3505 3051 πόλεως,
3533 2986 3567 3054 ὴ
3596 2984 3755 3039 κατὰ

2161 3085 2263 3154 τὴν
2290 3083 2528 3154 φυσικὴν
2559 3082 2796 3153 Θεωρίαν
2823 3081 3025 3151 γνῶσις
3049 3080 3161 3133 τῶν
3190 3077 3489 3149 αἰσθητῶν,
3520 3078 3610 3130 ἵνα
3643 3092 3756 3129 σα-

470 3169 540 3227 ad
564 3169 795 3235 bonum,
822 3179 879 3227 et
898 3187 997 3242 per
1017 3186 1141 3242 quae
1166 3171 1380 3227 studuit
1399 3187 1620 3241 capere,
1640 3187 1740 3242 per
1760 3188 1824 3228 ea
1840 3188 1967 3228 eum
1986 3173 2054 3229 de

2163 3176 2427 3247 φέστερον
2456 3174 2705 3245 εἴπωμεν
2728 3187 2744 3203 ⁸
2776 3175 2901 3245 ἥτις
2938 3171 3265 3243 διερχομένη
3310 3169 3399 3224 διὰ
3442 3169 3615 3240 μέσης
3642 3168 3756 3238 τῆς

467 3260 659 3317 medio
682 3262 956 3319 tollemus.
981 3264 1091 3333 Qui
1123 3265 1293 3321 etiam
1321 3265 1539 3337 fugiunt
1565 3266 1620 3320 in
1653 3265 2054 3336 appositionem

468 3353 693 3423 quietis.
730 3354 994 3412 Armenia
1024 3357 1173 3413 enim
1206 3358 1605 3429 interpretatur
1631 3359 1818 3430 puietis
1845 3360 2056 3430 apposi-

469 3443 564 3497 δίο.
590 3442 702 3500 Nos
724 3445 876 3501 enim
902 3445 971 3502 de
994 3456 1196 3503 caetero
1223 3457 1510 3522 apponunt
1548 3448 1746 3519 quieti.
1785 3448 1893 3505 Sed
1936 3450 2055 3505 haec

468 3534 693 3606 quidem
720 3538 802 3593 sic
829 3539 1060 3596 habent.
1101 3540 1330 3598 Fluvius
1353 3553 1540 3598 autem
1571 3542 1827 3599 dividens
1854 3558 1953 3613 per
1976 3544 2055 3598 ci-

466 3628 715 3694 vitatem,
748 3638 834 3685 est
854 3632 1095 3703 cognitio
1114 3634 1461 3691 sensibilium
1490 3635 1795 3691 secundum
1826 3644 2051 3691 natura-

468 3716 577 3773 lem
611 3721 1134 3790 contemplationem
1163 3763 1179 3789 ,
1232 3734 1294 3779 ut
1342 3725 1591 3781 dicamus
1611 3725 1857 3795 apertius
1896 3741 2055 3796 τίμιαι

470 3810 745 3866 transiens
776 3827 875 3882 per
911 3814 1150 3870 mediam
1176 3816 1437 3881 animam,
1459 3816 1522 3872 ﬁt
1549 3816 1847 3873 conﬁnium
1874 3824 2055 3872 extre-

468 3914 685 3956 morum
706 3903 908 3960 mentis
928 3913 986 3960 et
1008 3919 1224 3971 sensus,
1254 3923 1353 3977 per
1373 3922 1432 3964 se
1453 3918 1694 3964 mentem
1716 3908 2055 3979 conjungens

2162 3268 2367 3339 φυκῆςν
2407 3268 2661 3339 μεθόριον
2690 3267 2800 3321 τῶν
2822 3267 3007 3337 ἄκρων
3036 3263 3271 3333 γίνεται,
3303 3261 3396 3316 νοῦ
3422 3262 3519 3316 καὶ
3544 3260 3754 3333 αἰσθή-

2165 3374 2303 3422 σεως
2324 3398 2340 3423 ,
2375 3357 2445 3411 δι’
2475 3358 2676 3427 ἑαυτῆς
2712 3357 3059 3410 συνάπτουσα
3104 3353 3198 3408 τὸν
3221 3352 3348 3409 νοῦν
3372 3356 3438 3423 τῇ
3468 3353 3749 3423 αἰσθήσει.

2173 3451 2239 3504 Ἦ
2271 3451 2382 3522 γὰρ
2408 3449 2614 3519 γνῶσις
2642 3448 2753 3503 τῶν
2780 3447 3087 3518 αἰσθητῶν,
3115 3446 3241 3500 καθ’
3278 3445 3308 3499 ὃ
3343 3444 3443 3515 μὲν
3476 3446 3558 3507 εἰς
3605 3440 3753 3507 εἶδος

2160 3540 2429 3596 concitat
2460 3541 2574 3603 τοῖς
2606 3540 2852 3609 σχήμασι
2888 3536 2998 3591 τῶν
3038 3534 3314 3605 αἰσθητῶν
3333 3573 3348 3599 ,
3376 3536 3627 3588 κοινωνεί
3661 3533 3751 3604 τῷ

2158 3634 2257 3705 νῷ.
2282 3634 2394 3688 Καὶ
2423 3634 2456 3704 ή
2486 3633 2725 3704 συνθήκη
2750 3632 2807 3685 δὲ
2835 3631 2944 3685 τῶν
2971 3630 3170 3695 λέξεων
3223 3628 3374 3700 δηλοί
3399 3627 3499 3698 τὴν
3525 3627 3752 3681 σύνοδον

2159 3724 2257 3780 τοῦ
2283 3724 2376 3780 νοῦ
2408 3725 2504 3778 καὶ
2540 3724 2639 3795 τῆς
2664 3722 2995 3793 αἰσθήσεως.
3040 3721 3247 3784 Γνῶσις
3275 3720 3386 3789 7&9
3412 3719 3521 3773 τῶν
3546 3717 3751 3787 αἰσθη-

2159 3817 2285 3874 τῶν.
2320 3818 2429 3871 Καὶ
2455 3818 2487 3887 ή
2515 3817 2614 3888 μὲν
2636 3815 2838 3885 γνῶσις
2855 3814 3035 3876 οἰκεία
3058 3814 3137 3885 τῷ
3161 3812 3239 3885 νῷ
3264 3830 3278 3846 ο
3306 3813 3376 3866 τὰ
3393 3812 3449 3866 δὲ
3479 3810 3747 3881 αἰσθητὰ,

2157 3909 2336 3962 οἰκεῖα
2360 3908 2427 3977 τῇ
2462 3905 2735 3976 αἰσθήσει.

469 3994 679 4048 sensui.
724 3994 862 4054 Nam
894 3997 1138 4067 cognitio
1187 3999 1497 4065 sensilium,
1537 4012 1813 4071 quatenus
1872 4001 2097 4071 quidem
2138 4000 2328 4072 ﬁguris
2390 3999 2678 4055 sensilium
2722 3997 3050 4069 exprimitur
3092 3997 3151 4051 in
3199 3995 3429 4053 formam
3474 3993 3578 4065 [ea
3614 4007 3746 4048 eum

469 4102 637 4149 sensu
675 4086 842 4143 habet
884 4088 1224 4145 societatem.
1266 4088 1551 4156 Quatenus
1592 4098 1775 4146 autem
1803 4090 2207 4161 contemplatur
2230 4091 2471 4145 rationes
2528 4088 2861 4160 sensilium],
2915 4104 2982 4144 ea
3037 4088 3357 4143 societatem
3394 4085 3561 4141 habet
3614 4102 3747 4140 cum

469 4189 675 4239 tuente.
737 4180 858 4235 Jam
878 4195 1010 4235 vero
1031 4179 1147 4250 ipsa
1167 4196 1388 4251 quoque
1416 4182 1724 4237 dictionum
1755 4183 2083 4253 compositio
2122 4182 2331 4237 iudicat
2354 4196 2710 4251 congressum
2771 4180 2972 4235 mentis
3002 4188 3059 4235 et
3082 4193 3296 4234 sensus.
3326 4177 3531 4247 Nempe
3553 4178 3747 4246 cogni—

470 4270 549 4328 tio
612 4271 900 4329 sensilium
937 4290 952 4327 :
987 4281 1043 4333 et
1078 4272 1319 4343 cognitio
1354 4275 1580 4345 quidem
1623 4286 1710 4332 est
1781 4292 1909 4333 cum
1960 4292 2124 4332 sensu
2164 4276 2459 4347 conjuncta
2516 4274 2888 4331 familiaritate
2933 4282 2991 4330 et
3038 4270 3471 4337 necessitudine,
3515 4270 3747 4324 sensilia

468 4374 656 4423 autem
684 4382 816 4423 cum
839 4382 1029 4424 $811311.

470 4478 541 4532 Et
564 4486 807 4554 precatus
832 4489 906 4533 est
940 4496 1033 4534 rea:
1066 4480 1338 4554 Ezechias,
1372 4492 1423 4536 et
1455 4483 1627 4538 Isaias
1648 4484 1795 4554 ﬁlius
1816 4487 2051 4551 Ammos,

529 4556 581 4625 et
604 4547 977 4625 clamauerunt
1006 4551 1076 4605 ad
1106 4551 1314 4615 caelum,
1342 4560 1389 4607 et
1425 4554 1565 4608 misit
1600 4547 1857 4610 Dominus
1893 4547 2053 4625 auge;

2158 4482 2266 4537 Kal
2282 4481 2669 4549 προσηύξατο
2696 4480 2959 4548 Ἐζεκίας
2975 4480 3006 4531 ὀ
3022 4472 3464 4549 ,Βαστλνεὺς,λκαὶ
3491 4471 3753 4549 ᾚσαζας

2232 4540 2361 4617 vid};
2400 4540 2621 4619 Ἀὶιμῶς
2650 4590 2665 4614 ,
2706 4540 3122 4619 καὶἜϐὄηᾲαν
3173 4548 3261 4611 εἰς
3302 4540 3414 4619 tot:
3454 4540 3750 4619 οἰέραγὸγ,

541 4619 762 4705 lamna
784 4622 1001 4705 _attrivit
1038 4637 1247 4705 omnem
1280 4612 1545 4705 potentem
1599 4634 1649 4697 et
1677 4612 2013 4705 _beilatoreni
2038 4666 2052 4692 ,

2232 4612 2682 4705 uera-remur
2726 4621 2943 4705 ιωρεος
2988 4612 3277 4705 ansae».
3318 4613 3436 4705 x93.
3460 4612 3752 4705 sese:

539 4698 588 4741 et
622 4691 915 4767 principem
947 4702 996 4743 et
1028 4690 1259 4767 Imilitem.
1274 4690 1329 4746 in
1355 4696 1541 4767 castris
1580 4690 1712 4767 regis
1748 4698 1914 4752 Assur
1953 4715 1967 4751 :
2005 4690 2055 4749 et

543 4761 733 4813 avertit
775 4776 895 4815 cum
930 4761 1133 4831 pudore
1167 4760 1427 4817 vultus“.

537 5013 773 5084 Oportet
788 5030 915 5070 cum
938 5015 1032 5085 qui
1054 5016 1294 5072 scienter
1317 5026 1375 5073 et
1390 5033 1459 5074 ex
1478 5019 1789 5089 cognitione
1805 5020 2048 5075 divinam

468 5106 872 5181 contemplatur
896 5106 1257 5178 Scripturam,
1294 5111 1541 5166 exerceri
1572 5112 1738 5166 etiam
1772 5112 1829 5167 in
1868 5114 2050 5167 nomi-

470 5210 605 5271 num
646 5196 1222 5269 interpretationibus,
1249 5216 1373 5271 qua:
1415 5216 1483 5256 ex
1528 5216 1589 5256 se
1622 5216 1767 5271 saepe
1819 5210 2050 5270 possunt

469 5286 753 5347 declarare
776 5305 998 5346 omnem
1028 5305 1253 5347 sensum
1277 5308 1469 5348 eorum
1492 5308 1614 5363 qua:
1648 5293 1852 5363 scripta
1887 5301 2049 5359 sunt,

471 5375 520 5431 si
552 5392 664 5432 non
697 5377 767 5433 ad
796 5394 1000 5449 corpus
1032 5381 1210 5439 solum
1232 5389 1293 5436 et.
1320 5390 1525 5438 terram
1550 5397 1702 5437 more
1724 5382 1955 5438 Iudaico
1978 5383 2052 5438 sit

469 5471 811 5529 deducturus
840 5474 1187 5539 altitudinem
1210 5475 1458 5546 Spiritus.
1483 5476 1665 5531 Achaz
1687 5477 1835 5532 enim
1860 5476 2051 5547 genuit

469 5561 784 5623 Ezechiam.
823 5563 1223 5634 Interpretatur
1258 5574 1443 5621 autem
1482 5565 1665 5622 Achaz
1709 5566 1934 5637 quidem
1969 5569 2044 5623 vis

540 5720 587 5760 ¹⁴¹
622 5718 672 5780 ιι
700 5719 874 5781 Paul.
907 5737 1072 5789 nan,
1101 5722 1189 5779 21.
1264 5723 1307 5755 ⁸¹
1341 5722 1391 5784 ll
1422 5724 1600 5783 Paral.
1641 5741 1808 5791 usti,
1832 5722 1921 5791 20,
1954 5723 2043 5777 21.

2233 4691 2432 4746 πάντα
2460 4691 2723 4745 δυνατὸν
2770 4681 2868 4742 καὶ
2903 4681 3310 4755 πολεμιστὴν,
3341 4682 3440 4755 καὶ
3460 4681 3754 4755 ᾼᾰρχοι-τα

2232 4762 2331 4814 καὶ
2384 4761 2724 4830 στρατηγὸν
2755 4800 2770 4824 ,
2801 4760 2885 4830 γὲν
2932 4757 3006 4824 τῇ
3051 4750 3405 4830 παρεμᾷολῇ
3429 4750 3754 4816 ,ϐασιλέως

2244 4824 2528 4917 ξΑσσοῦρ.
2557 4824 2668 4885 Kell
2696 4828 3043 4897 ἀπέστρεψε
3067 4827 3193 4896 μετ’
3220 4824 3521 4892 αἰσχύνης
3546 4834 3755 4888 προσ-

2228 4918 2412 4957 ωπον.

2225 5015 2348 5087 Χρὴ
2378 5015 2471 5069 τὸν
2506 5014 2822 5084 γνωστικῶς
2848 5010 3156 5081 θεωροῦντα
3181 5007 3280 5079 τὴν
3311 5006 3462 5060 θείαν
3515 5002 3755 5073 Γραφὴν

2158 5109 2469 5179 ἀσκηθῆναι
2497 5107 2594 5160 καὶ
2617 5106 2716 5169 τὰς
2731 5105 2843 5159 τῶν
2857 5105 3136 5173 ὀνομάτων
3169 5099 3490 5171 ἑρμηνείας,
3508 5095 3755 5149 αὐτόθεν

2158 5200 2463 5270 δυναμένας
2504 5197 2765 5261 πολλάκις
2816 5196 2945 5266 ὃλην
2994 5192 3310 5264 σαφηνίζειν
3344 5189 3452 5243 τῶν
3492 5203 3753 5257 γεγραμ-

2154 5292 2341 5365 ’μένων
2373 5292 2611 5346 διάνοιαν
2636 5308 2649 5322 °
2682 5292 2841 5361 εἴπερ
2884 5288 3065 5359 μέλλοι
3090 5288 3165 5357 μὴ
3210 5284 3346 5355 πρὸς
3388 5281 3548 5351 σῶμα
3583 5280 3756 5349 μόνον

2158 5386 2255 5438 καὶ
2277 5385 2380 5455 γῆν
2419 5382 2728 5445 Ἰουδαϊκῶς
2758 5381 3018 5448 κατάγειν
3039 5378 3099 5431 τὸ
3120 5376 3255 5446 ὕψος
3277 5373 3370 5428 τοῦ
3405 5372 3752 5441 πνεύματος.

2160 5474 2336 5547 Ἀχαζ
2362 5476 2617 5547 ἐγέννησε
2644 5474 2736 5527 τὸν
2778 5470 3045 5541 Ἐζεχίαν.
3062 5464 3456 5539 Ἐρμηνεύετιαι
3484 5461 3541 5513 δὲ
3565 5462 3758 5530 Ἀχαζ

2159 5568 2257 5640 μὲν
2281 5568 2459 5638 ἰσχύς
2480 5584 2492 5596 ·
2552 5564 2795 5637 Ἐζεχίας
2816 5563 2873 5617 δὲ
2889 5561 3107 5633 κράτος
3137 5558 3317 5615 θεῖον.
3340 5554 3452 5610 Καὶ
3468 5551 3755 5621 λαμ-θάνες
