4062 6202
261 266 494 323 .1209

1731 266 2252 327 COLLECTANEA.

3482 275 3635 329 μέγα

348 403 442 440 ται
468 388 502 456 ἡ
529 386 631 456 μὲν
661 386 814 456 ίσχὺς
856 388 938 451 είς
963 387 1064 457 τὴν
1088 387 1290 459 πρᾶξιν
1317 390 1427 444 τῶν
1456 390 1630 459 ἁγίων
1649 391 1882 444 ὲντολῶν
1907 406 1921 420 ·

2036 403 2128 447 seu
2163 393 2355 457 robur,
2388 392 2654 446 Ezechias
2704 399 2888 445 autem
2920 392 3097 446 divina
3143 395 3394 462 potentia.
3437 392 3508 447 Et
3533 408 3626 449 as-

352 479 414 531 τὸ
437 478 495 532 δὲ
515 478 657 532 θεῖον
677 479 877 549 κράτος
891 481 972 542 είς
993 479 1094 549 τὴν
1112 481 1336 551 ἀρετήν.
1361 483 1472 536 Καὶ
1498 481 1688 554 ῶσπερ
1705 485 1733 536 6
1753 483 1928 554 ’Δχαζ
1959 475 1961 478 ⁴

352 567 613 638 ἐγέννησε
639 568 730 621 τὸν
775 567 1044 638 Ἐζεκίαν,
1078 569 1222 624 οὕτω
1253 571 1348 625 καὶ
1381 573 1416 642 ή
1443 573 1644 644 πρᾶξις
1672 574 1773 644 τὴν
1801 575 1932 644 ἀρετ

355 660 493 728 τήνο
530 659 620 727 ὑφ’
647 655 716 731 ἧς
751 659 1128 731 διαφθείρεται
1156 664 1190 733 ἡ
1227 663 1420 718 κακία.
1454 665 1623 719 Πάλιν
1647 662 1763 730 οὖν,
1801 667 1936 737 Ἀμ-

355 751 473 821 μῶς
499 751 759 820 ἐγέννησε
780 751 874 806 τὸν
913 751 1166 809 Ἡσαΐαν.
1203 754 1596 826 Ἑρμηνέυεται
1615 757 1674 811 δὲ
1709 757 1936 828 ’Δμμῶς

355 843 456 912 μὲν
474 842 628 897 λαοῦ
641 844 848 910 πόνοςο
867 843 1093 910 Ἡσαΐας
1109 845 1167 900 δὲ
1186 847 1344 915 ὕψος
1388 850 1571 914 θεων,
1607 849 1702 902 καὶ
1717 848 1933 919 λαμϐά-

352 952 502 990 νεται
525 936 554 988 6
577 935 680 1006 μὲν
701 937 865 1002 πόνος
882 939 964 1002 είς
990 939 1119 1004 τοὺς
1151 939 1243 993 ἐπὶ
1264 943 1332 1012 τῇ
1366 940 1564 1011 πράξει
1591 941 1701 995 τῶν
1723 941 1936 1012 ἀρετῶν

356 1029 606 1100 ἱδρῶτας,
635 1030 670 1100 ἢ
689 1031 818 1094 τοὺς
847 1033 941 1086 επὶ
962 1035 1028 1104 τῇ
1054 1035 1260 1104 φυσικῇ
1296 1032 1502 1105 θεωρίᾳ
1526 1035 1831 1105 καμάτους,
1875 1035 1938 1089 τὸ

352 1123 416 1178 δὲ
447 1121 581 1192 ὕψος
603 1126 684 1188 είς
705 1124 804 1195 τὴν
832 1125 1035 1194 γνῶσιν
1068 1126 1168 1195 τῆς
1197 1125 1476 1198 ἀληθείας,
1509 1129 1577 1197 ἢν
1603 1127 1865 1196 γεννῶσιν
1885 1128 1935 1180 οἱ

352 1217 448 1269 ἐπὶ
476 1219 542 1287 τῇ
570 1216 768 1287 πράξει
791 1218 897 1274 τῶν
923 1219 1134 1289 ἀρετῶν
1172 1217 1416 1291 ἱδρῶτες,
1446 1219 1481 1290 ἢ
1508 1220 1610 1290 τῆς
1637 1219 1750 1273 τῶν
1781 1235 1936 1288 γεγο-

354 1307 523 1362 νότων
557 1307 792 1379 θεωρίας
816 1311 867 1363 οί
899 1310 1073 1375 πόνοι,
1103 1311 1524 1379 διαφθείρουσαν
1556 1311 1656 1384 τὴν
1685 1313 1934 1367 ἀντικει-

357 1400 529 1471 μένην
565 1402 705 1473 αὐτῇ
742 1403 974 1473 δύναμιν
999 1404 1094 1458 τοῦ
1121 1404 1586 1476 ψεύδους.Ὤσπερ
1626 1406 1759 1476 εὐχή
1789 1407 1936 1459 ἐστιν

354 1494 647 1562 ὑπόσχεσις
674 1494 785 1554 τῶν
821 1493 880 1562 ἐξ
925 1494 1230 1566 ἀνθρώπων
1277 1495 1398 1566 Θεῷ
1439 1498 1559 1550 κατ’
1597 1496 1934 1565 ἐπαγγελίαν

354 1584 784 1669 προσαγομένων
820 1586 1002 1640 καλῶν
1028 1601 1042 1615 ’
1092 1586 1238 1640 οὕτω
1293 1587 1594 1659 προσευχὴ,
1643 1587 1784 1640 κατὰ
1841 1587 1934 1640 τὸν

2031 485 2272 539 sumitur
2295 484 2618 554 quidemvis
2653 499 2752 539 seu
2788 483 2960 538 robur
2993 484 3062 538 ad
3112 455 3432 542 sanet/orum
3466 500 3624 539 man-

2033 577 2288 632 datorum
2317 577 2590 633 actionem
2626 594 2640 631 :
2682 576 2868 631 divina
2901 577 3147 646 potentia
3179 585 3365 632 autem
3403 577 3472 632 ad
3509 576 3623 630 vir-

2037 676 2232 724 tutem.
2271 667 2342 722 At
2390 667 2670 738 quomodo
2719 667 2905 722 Achaz
2948 667 3144 738 genuit
3176 667 3472 724 Ezechiam
3496 707 3511 730 ,
3549 668 3623 722 ita

2019 760 2204 815 etiam
2258 760 2405 816 actio
2456 759 2720 816 virtutem
2778 777 2810 817 a
2854 777 2963 831 qua
3021 759 3357 815 interimitur
3405 759 3625 813 vitium.

2043 853 2254 908 Rursus
2287 859 2472 907 autem
2507 851 2733 908 Ammos
2762 853 2953 923 genuit
2985 853 3200 909 Isaiam.
3227 852 3629 922 Interpretatur

2035 953 2219 1000 autem
2257 945 2484 1000 Ammos
2527 945 2752 1014 quidem
2779 944 2962 1017 populi
2993 945 3166 1011 labor,
3222 945 3394 1005 Isaias
3431 954 3622 1000 autem

2034 1034 2214 1090 divina
2243 1034 2491 1089 altitudo.
2522 1035 2590 1090 Et
2616 1035 2887 1106 accipitur
2918 1037 3142 1106 quidem
3172 1035 3330 1091 labor
3368 1051 3471 1106 pro
3511 1052 3607 1091 sit-

2035 1125 2268 1181 doribus
2310 1126 2368 1180 in
2411 1127 2739 1182 exercendis
2771 1128 3074 1183 virtutibus
3107 1135 3204 1182 aut
3250 1127 3536 1183 laboribus
3568 1127 3626 1182 in

2037 1220 2274 1275 naturali
2309 1221 2796 1292 contemplatiOne,
2856 1222 3094 1278 altitudo
3153 1229 3336 1277 autem
3376 1237 3482 1292 pro
3515 1237 3610 1276 co-

2035 1313 2282 1384 gnitione
2305 1314 2576 1380 veritatis,
2599 1331 2766 1384 quam
2792 1324 3058 1386 generant
3073 1314 3306 1370 sudores
3329 1314 3384 1368 in
3409 1315 3625 1370 actione

2037 1405 2328 1472 virtutum,
2366 1407 2552 1462 autin
2595 1422 2786 1462 eorum
2850 1422 2968 1476 quae
3023 1406 3250 1461 fuerunt
3291 1406 3628 1475 contempla-

2035 1499 2186 1554 tione
2235 1499 2493 1566 labores,
2533 1517 2657 1570 qua:
2690 1499 2911 1569 perimit
2966 1499 3018 1554 ei
3081 1499 3465 1554 adversantem
3513 1499 3623 1552 vim

2033 1588 2329 1644 mendacii.
2365 1589 2654 1656 Quomodo
2711 1595 2898 1643 autem
2949 1597 3142 1644 votum
3189 1597 3277 1644 est
3325 1588 3625 1658 promissio

352 1680 541 1733 είκότα
568 1679 746 1748 λόγον,
773 1679 926 1733 ἐσται
958 1680 1146 1748 σαφῶς
1177 1681 1211 1750 ἡ
1235 1680 1344 1732 τῶν
1382 1681 1446 1732 ὲκ
1482 1677 1619 1734 Θεοῦ
1654 1679 1791 1748 πρὸς
1822 1694 1930 1732 σω·-

2037 1680 2311 1736 bonorum
2365 1697 2488 1752 quae
2548 1697 2618 1736 ex
2676 1680 2996 1736 hominibus
3052 1682 3165 1736 Deo
3213 1681 3524 1736 offeruntur
3557 1697 3625 1736 ex

352 1771 550 1842 τηρίαν
582 1771 1002 1842 χορηγουμένων
1038 1773 1152 1836 τοῖς
1175 1770 1487 1843 ἀνθρώποις
1521 1771 1745 1840 ἀγαθῶν
1777 1771 1929 1835 ὲξαίο

351 1882 547 1935 τησις,
593 1864 862 1918 ἀντίδοσιν
913 1863 1154 1934 φέρουσα
1191 1863 1294 1933 τῆς
1343 1863 1452 1917 τῶν
1495 1861 1931 1932 προηγουμένων

351 1956 527 2026 καλῆς
547 1955 860 2018 διαθέσεως.
889 1955 994 2024 Βοὴ
1014 1956 1072 2009 δέ
1101 1957 1248 2010 ἐστιν
1299 1955 1462 2026 ἡτῶν
1487 1955 1631 2010 κατὰ
1651 1955 1753 2027 τὴν
1793 1957 1933 2026 πρᾶο

352 2045 436 2111 ξιν
482 2044 754 2115 ὲναρέτων
793 2043 1012 2114 τρόπων
1073 2044 1312 2099 καὶτῶν
1355 2046 1500 2100 κατὰ
1551 2047 1654 2117 τὴν
1692 2045 1930 2117 θεωρίαν

350 2137 666 2205 γνωστικῶν
687 2136 1081 2208 θεωρημάτων,
1117 2138 1176 2190 ὲν
1219 2137 1298 2208 τῷ
1325 2138 1505 2209 καιρῷ
1537 2139 1636 2209 τῆς
1682 2138 1793 2192 τῶν
1825 2155 1928 2192 πο-

349 2230 532 2301 νηρῶν
582 2228 853 2300 δαιμόνων
899 2229 1324 2294 ἐπαναστάσεως
1347 2268 1364 2294 ,
1425 2231 1668 2296 ἐπίδοσίς
1716 2249 1776 2286 τε
1835 2231 1931 2285 καὶ⁹

349 2320 653 2393 ὲπαύξησις
675 2338 689 2353 ο
721 2317 791 2395 ἦς
823 2323 1039 2377 πάντων
1067 2323 1168 2393 οὐχ
1211 2323 1416 2392 ἥκιστα
1461 2324 1708 2394 φυσικῶς
1740 2323 1929 2379 ἀκούει

347 2414 504 2480 Θεὸς,
537 2414 659 2468 ἀντὶ
711 2415 953 2485 μεγάλης
986 2415 1169 2484 φωνῆς
1204 2415 1303 2485 τὴν
1332 2415 1442 2469 τῶν
1472 2416 1675 2485 ἀρετῆς
1707 2415 1803 2469 καὶ
1831 2417 1929 2486 τῆς

349 2507 604 2575 γνώσεως
639 2507 1087 2578 ἐπιμελουμένων
1130 2505 1426 2577 λαμϐάνων
1455 2506 1717 2563 διάθεσιν.
1756 2508 1930 2578 Οὐραν-

347 2599 438 2663 νὸς
478 2599 536 2652 δὲ
565 2587 832 2663 πολλάκις
859 2599 1003 2654 κατὰ
1044 2599 1158 2672 silv;
1184 2599 1407 2672 Γραφὴν
1453 2600 1676 2668 λέγεται
1705 2599 1874 2663 αὐτὸς
1900 2603 1930 2668 6

349 2692 500 2757 Θεὸς,
535 2691 612 2756 ὡς
640 2693 703 2746 τὸ
722 2731 737 2753 ,
771 2710 790 2745 ι
815 2693 890 2747 Οὐ
929 2693 1154 2747 δύναται
1191 2692 1478 2763 ἄνθρωπος
1506 2692 1807 2762 λαμϐάνειν
1833 2692 1927 2759 ἀφ’

349 2783 545 2837 ἑαυτοῦ
571 2783 728 2837 οὐδὲν
748 2825 762 2850 ,
797 2783 893 2838 ἐὰν
926 2783 1002 2854 μὴ
1101 2783 1388 2852 δεδομένον
1417 2781 1567 2852 αὑτῷ
1603 2782 1671 2834 ἐκ
1714 2780 1808 2833 τοῦ
1838 2781 1930 2833 οὑ-

353 2873 538 2946 ρανοῦ,
561 2892 579 2927 ι
610 2874 732 2929 ἀντὶ
750 2875 866 2938 τοῦ,
889 2875 954 2927 ὲκ
970 2875 1063 2928 τοῦ
1079 2873 1237 2927 Θεοῦ.
1261 2875 1435 2926 Καλεῖ
1451 2873 1507 2926 δὲ
1531 2871 1762 2944 οὐρανὸν
1786 2871 1926 2940 αὔτη

350 2969 444 3022 καὶ
482 2967 582 3032 τὰς
605 2969 863 3039 οὐρανίας
886 2968 1164 3038 δυνάμεις.
1202 2967 1291 3032 Ὠς
1315 2966 1400 3033 τὸ,
1438 2986 1458 3018 ι
1492 2968 1554 3020 '0
1577 2969 1809 3038 οὐρανός
1836 2985 1928 3038 μοι

1961 1743 2005 1799 Β

2034 1773 2328 1842 promisso,
2363 1774 2438 1828 ita
2477 1773 2814 1844 deprecatio,
2852 1790 2922 1828 ex
2939 1773 3226 1828 verisimili
3249 1773 3486 1834 ratioe,
3518 1774 3626 1828 erit

2033 1871 2222 1933 aperte
2255 1863 2530 1920 bonorum
2557 1881 2682 1935 qua:
2715 1865 2784 1920 ad
2816 1866 3047 1920 salutem
3080 1865 3504 1936 suppeditantur
3521 1866 3623 1920 ho-

2031 1954 2279 2010 minibus
2321 1955 2624 2026 postulatio
2647 1996 2662 2020 ,
2699 1955 2884 2012 ferens
2929 1957 3433 2012 remunerationem
3468 1957 3628 2012 bona:

2030 2044 2342 2102 atl’ectionis
2371 2061 2566 2100 eorum
2610 2062 2733 2117 quae
2788 2047 3126 2118 praecedunt.
3177 2048 3396 2103 Clamor
3440 2055 3626 2104 autem

2031 2144 2116 2190 est
2177 2151 2395 2191 morum
2435 2138 2532 2207 qui
2567 2153 2636 2193 ex
2671 2139 2876 2194 virtute
2911 2148 3184 2210 aguntur,
3221 2150 3280 2195 et
3307 2139 3624 2196 theorema-

2033 2231 2173 2291 tum,
2210 2242 2334 2296 qua:
2365 2243 2435 2283 ex
2481 2227 2717 2283 scientia
2752 2229 2895 2284 ﬁunt
2944 2246 3043 2300 per
3075 2230 3623 2300 contemplationem,

2033 2319 2089 2374 in
2158 2329 2406 2390 tempore
2475 2320 2903 2376 iusurrectionis
2965 2323 3237 2377 malorum
3287 2323 3622 2387 daemonum,

2031 2419 2392 2480 augmentum
2432 2421 2490 2467 et
2519 2411 2952 2468 incrementum.
2985 2414 3144 2480 Quod
3188 2414 3414 2469 omnino
3449 2414 3623 2469 maxi-

2033 2516 2120 2556 me
2164 2502 2492 2557 naturaliter
2526 2503 2683 2558 audit
2737 2504 2882 2558 Deus
2903 2544 2919 2568 ,
2955 2520 3152 2558 eorum
3181 2503 3278 2573 qui
3313 2505 3536 2560 virtutis
3568 2515 3626 2562 et

2029 2591 2366 2662 cognitionis
2393 2607 2584 2647 curam
2616 2602 2816 2663 gerunt
2846 2595 3198 2650 affectionem
3224 2595 3502 2664 accipiens
3523 2611 3626 2666 pro

2031 2697 2226 2750 magna
2261 2698 2418 2736 voce.
2445 2682 2660 2738 leum
2694 2694 2880 2740 autem
2904 2685 2962 2740 in
2999 2685 3285 2756 Scriptura
3310 2701 3456 2758 saepe
3478 2691 3625 2744 acci-

2025 2770 2186 2840 pitur
2223 2771 2340 2841 ipse
2368 2773 2534 2838 Deus,
2554 2783 2617 2828 ut
2652 2775 2787 2830 illud
2831 2792 2846 2829 :
2889 2795 2909 2827 ι
2950 2777 3072 2832 Non
3109 2786 3296 2848 potest
3329 2779 3496 2834 homo
3518 2782 3621 2835 ali-

2029 2859 2164 2928 quid
2188 2875 2219 2914 a
2254 2876 2314 2915 se
2349 2877 2546 2931 capere
2564 2864 2672 2918 nisi
2696 2865 2748 2918 ei
2777 2865 2966 2921 datum
3002 2867 3077 2921 sit
3099 2869 3167 2922 de
3193 2869 3335 2923 coelo
3355 2870 3423 2934 ",
3451 2888 3471 2921 ι
3519 2870 3623 2927 hoc

2031 2958 2137 3015 est,
2166 2967 2196 3005 a
2231 2953 2366 3007 Deo.
2393 2953 2563 3009 Vocat
2585 2964 2772 3012 autem
2807 2957 2924 3027 ipsa
2960 2959 3163 3014 omium
3194 2960 3452 3017 omlestes
3483 2976 3622 3032 quo-

349 3060 556 3130 θρόνος.
583 3079 603 3113 ι
643 3060 873 3129 Λέγεται
927 3059 985 3112 δὲ
1017 3059 1247 3128 οὐρανὸς
1297 3059 1395 3113 καὶ
1441 3059 1502 3113 τὸ
1549 3057 1684 3128 ὕψος
1725 3060 1827 3128 τῆς
1872 3062 1930 3114 ὲν

2036 3058 2139 3111 que
2163 3041 2418 3109 virtutes,
2435 3055 2516 3111 ut,
2538 3064 2558 3098 ι
2587 3046 2802 3104 leum
2825 3049 2962 3103 mihi
2985 3059 3070 3104 est
3092 3051 3254 3107 sedes
3272 3053 3338 3106 ⁵³.
3363 3071 3383 3105 ι
3411 3053 3625 3110 Dicitur

349 3151 658 3223 ἀνθρώποις
685 3151 919 3221 ἀληθοῦς
945 3150 1218 3220 γνώσεως.
1255 3151 1313 3206 '0
1349 3151 1458 3222 γὰρ
1488 3149 1630 3222 μετὰ
1672 3150 1928 3222 πράξεως

350 3243 669 3313 γινώσκων,
701 3242 798 3297 καὶ
831 3242 972 3312 μετὰ
1003 3235 1260 3309 γνώσεακ
1288 3241 1568 3313 πράττων,
1610 3241 1802 3312 θρόνος
1831 3243 1930 3295 καὶ

349 3337 643 3391 ὑποπόδιόν
663 3335 780 3388 ἐστι
796 3333 890 3388 τοῦ
911 3333 1068 3388 Θεοῦ.
1101 3333 1301 3405 Θρόνος
1338 3333 1437 3405 μὲν
1461 3332 1551 3388 διὰ
1577 3335 1674 3404 τὴν
1702 3333 1928 3402 γνῶσιν,

351 3425 387 3504 ᾗ
415 3433 443 3484 6
475 3431 606 3493 Θεὸς
626 3428 994 3498 ένθρονίζεται
1013 3443 1026 3457 ⁸
1058 3425 1348 3480 ὑποπόδιον
1377 3424 1433 3478 δὲ
1459 3425 1550 3478 διὰ
1583 3423 1683 3494 τὴν
1703 3423 1926 3494 πρᾶξιν,

351 3525 436 3593 ἐφ’
457 3523 655 3593 ἑαυτῆς
681 3521 981 3592 δεχομένην
1001 3518 1101 3580 τὰς
1127 3518 1278 3580 θείας
1311 3515 1517 3586 βάσεις.
1548 3513 1767 3568 Τούτων
1787 3514 1932 3568 οὕτω

351 3615 872 3688 προθεωρηθέντων,
891 3613 1083 3666 λοιπὸν
1102 3613 1210 3671 πᾶς
1232 3609 1463 3679 εὐσεϐὴς
1492 3609 1662 3680 ἀρετῇ
1684 3609 1779 3663 καὶ
1798 3610 1933 3678 γνὼ-

353 3723 460 3769 σει,
485 3705 518 3773 ἦ
544 3702 738 3774 πράξει
768 3702 867 3756 καὶ
895 3700 1100 3770 θεωρίᾳ
1130 3697 1561 3771 φρουρούμενος,
1593 3699 1816 3758 ἐπειδὰν
1847 3700 1930 3771 ἴδῃ

351 3797 443 3850 διὰ
483 3795 593 3848 τῶν
639 3794 826 3848 παθῶν
901 3791 1290 3844 έπαναστᾶσαν
1329 3788 1480 3858 αὑτῷ
1541 3789 1642 3859 τὴν
1687 3792 1934 3862 πονηρὰν

352 3889 450 3944 καὶ
483 3886 726 3957 ὀλέθριον
773 3883 1043 3952 δύναμιν,
1076 3879 1329 3950 καθάπερ
1385 3881 1481 3933 καὶ
1539 3879 1786 3950 Ἐζεχίας
1840 3884 1934 3936 καὶ

365 3983 594 4042 Ἡσαΐας
623 3976 765 4031 εἶδον
795 3973 1162 4044 ἐπερχόμενον
1197 3972 1381 4036 uinci;
1427 3972 1519 4026 τὸν
1554 3972 1783 4043 βασιλέα
1825 3974 1934 4029 τῶν

366 4070 695 4140 ’Λσσυρίων,
731 4065 1070 4134 καταφεύγει
1129 4065 1265 4135 πρὸς
1297 4065 1389 4118 τὸν
1409 4065 1564 4132 Θεὸν,
1595 4066 1692 4120 καὶ
1732 4067 1934 4140 ἀλαλή-

357 4178 465 4224 τως
486 4161 584 4231 βοᾷ
610 4158 750 4230 πρὸς
768 4157 956 4220 αὐτὸν,
989 4155 1078 4209 διὰ
1103 4155 1205 4224 τῆς
1233 4155 1353 4209 κατ’
1386 4156 1590 4229 ἀρετὴν
1617 4159 1710 4212 καὶ
1735 4158 1934 4226 γνῶσιν

357 4252 668 4314 ἐπιδόσεως,
708 4250 818 4302 καί
841 4247 1055 4318 δέχεται
1081 4247 1370 4319 σύμμαχον
1393 4249 1624 4317 ἄγγελον
1645 4267 1657 4281 ·
1691 4249 1934 4322 δηλονότι

359 4342 586 4416 μείζονα
616 4340 810 4411 σοφίας
838 4339 934 4394 καὶ
975 4338 1233 4409 γνώσεως
1263 4340 1421 4408 λόγον
1464 4343 1785 4413 ἐκτρίϐοντα
1807 4345 1935 4409 τοὺς

2033 3144 2220 3190 autem
2277 3137 2478 3192 caelum
2515 3139 2684 3194 etiam
2725 3140 2960 3197 altitudo
3016 3159 3161 3198 verae
3197 3145 3280 3198 in-
3305 3145 3629 3202 hominibus

2036 3226 2392 3297 cognitionis.
2447 3227 2554 3295 Qui
2583 3231 2735 3285 enim
2788 3248 2915 3288 cum
2949 3235 3168 3289 actione
3217 3238 3533 3305 cognoscit,
3571 3249 3628 3292 ct

2035 3331 2161 3372 cum
2194 3319 2508 3388 cognitione
2543 3321 2675 3390 agit,
2705 3322 3058 3378 thronusest
3080 3331 3139 3378 et
3171 3325 3472 3380 scabellum
3503 3329 3620 3382 Dei.

2038 3408 2296 3464 Thronus
2315 3409 2562 3478 quidem,
2595 3420 2824 3480 prepter
2847 3413 3242 3481 c0gnitionem,
3265 3413 3321 3468 in
3341 3431 3457 3484 qua
3481 3417 3624 3471 Deus

2038 3498 2264 3565 insidet,
2297 3500 2599 3556 scabellum
2647 3509 2834 3557 autem
2861 3544 2876 3568 ,
2910 3512 3136 3573 propter
3177 3505 3449 3561 actionem
3501 3523 3626 3576 qua:

2025 3591 2252 3646 .divinas
2291 3591 2452 3647 bases
2487 3593 2543 3647 in
2570 3609 2628 3648 se
2655 3594 2906 3663 suscipit.
2940 3594 3037 3649 llis
3069 3596 3150 3650 sic
3178 3596 3333 3665 prius
3368 3599 3622 3653 conside-

2039 3683 2198 3746 ratis,
2234 3683 2414 3738 omnis
2437 3685 2552 3754 jam
2586 3684 2713 3754 pius
2747 3685 2996 3740 munitus
3029 3687 3288 3756 praesidio
3314 3688 3539 3745 virtutis
3570 3698 3628 3746 ct

2038 3775 2369 3847 cognitionis
2396 3815 2412 3840 ,
2452 3784 2744 3845 postquam
2795 3776 2999 3832 viderit
3050 3793 3148 3846 per
3189 3778 3512 3834 aifectiones
3569 3789 3626 3836 et

2039 3869 2210 3923 animi
2233 3876 2416 3924 motus
2450 3869 2507 3926 in
2533 3885 2592 3925 se
2623 3869 2994 3939 insurgentem
3027 3869 3320 3939 malignam
3349 3879 3406 3926 et
3427 3871 3622 3926 exitio-

2040 3975 2157 4014 sam
2192 3968 2541 4030 potestatem,
2580 3960 2724 4015 sicut
2761 3959 3026 4015 Ezechias
3064 3970 3123 4015 et
3155 3959 3322 4016 Isaias
3364 3962 3628 4017 viderunt

2042 4051 2098 4106 in
2123 4065 2185 4106 se
2207 4050 2583 4122 insurgentem
2618 4066 2801 4121 regem
2841 4049 3191 4121 Assyriorum
3211 4091 3227 4116 ,
3279 4051 3526 4121 confugit
3557 4053 3623 4107 ad

2041 4144 2236 4205 Deum,
2294 4152 2350 4198 et
2397 4143 2560 4198 tacite
2593 4143 2796 4198 clamat
2824 4143 2894 4198 ad
2931 4158 3058 4198 eum
3084 4158 3183 4212 per
3222 4142 3624 4198 incrementum

2043 4240 2101 4296 in
2122 4240 2328 4296 virtute
2347 4250 2404 4296 et
2425 4240 2773 4312 cognitione:
2806 4247 2862 4295 et
2886 4238 3087 4308 accipit
3115 4238 3324 4293 socium
3348 4237 3623 4308 angelum,

2043 4333 2257 4391 scilicet
2291 4334 2564 4389 rationem
2607 4333 2868 4401 majorem
2915 4330 3184 4401 sapientia
3213 4338 3271 4384 et
3315 4328 3626 4399 cognitione

357 4433 668 4505 πολεμίους.
710 4429 1040 4502 Παρεμϐολὴ
1104 4430 1161 4483 δὲ
1206 4430 1469 4500 βασιλέως
1523 4433 1753 4504 Ἀσσούρ
1792 4435 1937 4487 ἐστιν

2051 4434 2433 4482 conterentem
2495 4426 2703 4481 hostes.
2768 4423 2960 4478 Castra
3021 4429 3205 4477 autem
3259 4422 3400 4492 regis
3458 4422 3628 4476 Assur

356 4531 386 4581 ὁ
412 4526 546 4599 πρὸς
561 4524 756 4596 ἡδονὴν
783 4522 880 4586 τὰς
895 4523 1131 4591 φυσικὰς
1151 4522 1360 4591 ὀρέξεις
1388 4523 1569 4578 κινῶν.
1599 4524 1936 4596 Πολεμιστὴς

357 4619 414 4671 δὲ
451 4618 481 4669 6
520 4616 582 4672 τὸ
630 4614 859 4685 θυμικὸν
907 4614 1237 4684 διεγείρων,
1279 4615 1361 4678 εἰς
1425 4615 1526 4685 τὴν
1572 4615 1682 4670 τῶν
1733 4616 1936 4685 ἡδονῶν

361 4709 631 4777 φυλακήν.
667 4707 888 4777 Ἀρχων
926 4704 982 4758 δὲ
1006 4706 1034 4757 6
1065 4707 1183 4768 ταῖς
1209 4705 1554 4773 ἐπιφανείαις
1585 4705 1696 4759 τῶν
1729 4705 1938 4778 ἀρετῶν

357 4800 456 4862 τὰς
483 4797 766 4867 αἰσθήσεις
804 4796 1138 4869 διερεθίζων.
1170 4797 1493 4868 Στρατηγὸς.
1511 4797 1567 4849 δὲ
1597 4799 1626 4850 6
1670 4797 1937 4862 είδοποιὸς

357 4893 467 4946 τῶν
503 4892 714 4957 παθῶν,
749 4892 842 4944 καὶ
888 4891 991 4960 τῆς
1032 4890 1317 4960 ἐνεργείας
1354 4889 1534 4942 αὐτῶν
1571 4890 1936 4960 ἐπινοητικὸς.

360 4985 659 5056 Πρόσωπον
689 4983 746 5036 δὲ
773 4983 866 5037 τοῦ
897 4983 1150 5038 διαϐόλου
1172 5022 1187 5046 ,
1213 4983 1275 5035 τὸ
1305 4983 1444 5035 λεῖον
1477 4983 1574 5053 τῆς
1602 4984 1818 5056 ἡδονῆς,
1845 4984 1940 5038 καὶ

359 5077 427 5132 τὰ
461 5077 720 5131 θελκτικὰ
747 5075 854 5129 τῶν
883 5074 1189 5143 αἰσθήσεων
1217 5074 1474 5144 αἰσθητά.

361 5365 472 5421 Kal
503 5361 718 5417 πολλοὶ
759 5359 976 5428 ἔφερον
1002 5357 1160 5428 δῶρα
1182 5359 1263 5424 τῷ
1290 5359 1480 5426 Κυρίῳ
1509 5360 1595 5420 εις
1641 5359 1945 5428 Ἰερουσα-

435 5435 618 5555 δλῗιμ,
646 5431 744 5487 καὶ
768 5427 840 5484 fit
864 5427 1092 5500 δόματα
1128 5429 1208 5495 τῷ
1251 5428 1479 5499 Ἐζεκίᾳ
1511 5427 1771 5493 ,Βασιλεῖ
1807 5427 1945 5481 ’Ῑυυσ

474 5521 512 5553 α
539 5519 641 5556 ων.

435 5596 550 5656 Πᾶς
582 5594 705 5656 νοῦς
740 5595 908 5665 ἀρετῇ
949 5593 1043 5646 καὶ
1077 5591 1274 5661 γνώσει
1319 5589 1791 5660 κατεστεμμένος,
1848 5588 1941 5640 καὶ

2043 4515 2196 4588 [sunt
2231 4533 2504 4588 synagoga
2532 4532 2596 4571 ac
2631 4515 2982 4585 congregatio
3015 4515 3281 4568 malarum
3338 4515 3627 4584 cogitatio-

2044 4624 2176 4662 num
2201 4615 2294 4662 aut
2329 4607 2664 4670 dmmonum,
2691 4606 2746 4659 iu
2783 4622 2891 4675 qua
2917 4614 3115 4675 potens
3147 4603 3394 4674 quidem]
3426 4605 3626 4674 estqui

2045 4701 2311 4755 adversus
2348 4701 2686 4770 voluptatem
2716 4705 2899 4753 movet
2923 4698 3204 4752 naturales
3241 4697 3624 4767 appetitiones.

2047 4793 2284 4848 Bellator
2315 4801 2495 4846 autem
2550 4800 2635 4846 cst
2663 4791 2710 4844 is
2742 4791 2835 4860 qui
2878 4789 3014 4842 iram
3037 4788 3239 4843 excitat
3266 4789 3332 4842 ad
3357 4788 3630 4846 cavendas

2047 4885 2375 4954 voluptates.
2413 4883 2674 4952 Princeps
2691 4891 2898 4944 autem,
2927 4879 3021 4950 qui
3039 4881 3304 4934 virtutum
3331 4880 3630 4950 apparitio-

2046 4976 2210 5031 nibus
2240 4989 2432 5030 sensus
2460 4972 2684 5027 excitat.
2733 4973 2853 5027 Dux
2884 4980 3066 5026 autem
3113 4972 3242 5026 belli
3277 4981 3362 5026 est
3389 4972 3482 5040 qui
3513 4971 3624 5024 for-

2047 5083 2191 5122 mam
2225 5065 2418 5122 tribuit
2453 5065 2740 5119 affectibus
2762 5106 2775 5128 ,
2814 5075 2871 5119 et
2907 5081 3098 5119 carum
3131 5066 3400 5136 excogitat
3431 5081 3624 5134 opera-

2042 5160 2274 5214 tionem.
2311 5157 2524 5212 Diaboli
2554 5165 2737 5211 autem
2763 5156 2929 5210 facies
2959 5167 3044 5212 est
3075 5157 3279 5214 levitas
3309 5157 3624 5228 voluptatis,

2043 5263 2097 5306 et
2125 5252 2344 5306 sensilia
2372 5266 2494 5322 qua:
2525 5265 2718 5305 sensus
2744 5247 3036 5304 deliniunt.

2047 5365 2114 5420 Et
2147 5364 2298 5420 multi
2338 5365 2571 5434 ferebant
2607 5379 2838 5434 omnem
2871 5363 3100 5434 Domino
3123 5363 3176 5416 in
3211 5361 3531 5427 Jerusalem,
3579 5371 3627 5418 rt

2425 5435 2563 5488 dona
2595 5432 2833 5487 Ezechiw
2861 5434 2969 5504 regi
2997 5432 3148 5487 Jmlw
3186 5434 3250 5486 ⁵⁵.

2121 5585 2310 5645 Omnis
2357 5601 2512 5644 mens
2558 5596 2815 5644 coronata
2855 5587 3058 5644 virtute
3094 5592 3148 5642 et
3183 5583 3517 5655 cognitione,
3567 5588 3626 5634 et

440 5729 486 5763 δ’
512 5727 666 5787 Joau.
700 5745 777 5797 in,
807 5729 896 5784 ‘27.
972 5728 1139 5785 "15a.
1171 5745 1312 5797 LXVI,
1337 5729 1383 5782 Ι.
1459 5726 1503 5758 5"
1532 5724 1575 5780 ll
1610 5723 1788 5783 Pai'al.
1821 5739 1986 5794 xxxii,
2024 5722 2112 5778 25.
