4062 6202
516 293 645 350 ﬁ“

1738 301 1792 355 S.
1834 296 2105 357 CYRILLI
2147 295 2235 352 ΕΤ
2274 298 2584 357 ALIORUM

3625 295 3779 352 ητα

510 424 742 479 regnum
790 410 1048 467 obtinens
1084 428 1142 466 m
1178 412 1504 479 Jerusalem,
1548 428 1646 470 seu
1681 414 1735 469 in
1775 414 1969 470 habitu
2008 414 2083 469 vi-

2192 413 2493 484 βασιλεύων
2554 413 2942 487 Ἰερουσαλὴμ,
2987 416 3107 486 ἦτοι
3149 413 3251 483 τῆς
3295 412 3522 486 είρήνην
3552 413 3779 485 ὁρώσης

468 539 480 550 .
509 501 677 557 dente
700 516 911 572 pacem,
936 502 1352 570 constitutione,
1376 504 1623 575 inquam,
1646 506 1825 561 animi.
1844 507 2087 562 motibus

507 594 736 649 liberata
774 593 870 663 qui
898 592 1226 649 seditionem
1257 595 1534 667 agitabant
1566 596 1715 669 (visio
1747 597 1897 653 enim
1942 599 2088 669 pacis

509 685 909 753 interpretatur
945 685 1293 757 Jerusalem),
1337 687 1565 743 omnino
1602 688 1771 745 habet
1804 704 1927 745 eam
1964 704 2088 759 quae

504 784 734 846 apparet
772 786 1077 834 creaturam
1118 780 1223 835 sibi
1271 782 1492 852 quidem
1538 783 1682 838 dona
1719 783 2082 839 oﬁ'erentem:

504 866 620 925 Deo
656 876 840 941 autem
878 870 1021 927 dona
1058 888 1157 943 per
1180 888 1259 928 se.
1288 874 1423 929 Nam
1450 874 1669 946 proprie
1696 874 1920 945 quidem
1943 873 2087 930 dona

504 970 640 1017 sunt
674 976 797 1032 quae
826 962 1029 1019 dantur
1055 965 1434 1036 indigentibus
1458 984 1476 1022 :
1499 982 1729 1022 munera
1753 974 1939 1021 autem
1963 981 2087 1036 quae

504 1051 813 1108 aﬁ'eruntur
866 1055 931 1111 ad
992 1071 1089 1113 eos
1142 1057 1237 1127 qui
1294 1073 1402 1113 non
1464 1059 1730 1131 indigent.
1793 1058 2087 1128 Pmpterea

507 1144 741 1202 Domino
777 1147 1000 1217 quidem
1034 1150 1349 1207 oﬁeruntur
1380 1168 1629 1218 munera,
1662 1161 1724 1207 ut
1752 1153 1847 1222 qui
1881 1152 2086 1207 nullius

504 1250 682 1311 egeat,
722 1242 972 1298 Ezechiae
1006 1253 1190 1299 autem
1225 1244 1388 1311 dona,
1414 1253 1706 1315 propterea
1733 1244 1881 1315 quod
1907 1243 2087 1299 omnis

507 1333 673 1389 homo
711 1334 938 1405 indiget,
963 1344 1021 1391 et
1040 1337 1287 1393 moribus
1306 1336 1374 1392 ad
1401 1337 1681 1401 virtutem,
1703 1345 1760 1391 et
1781 1336 2088 1392 rationibus

505 1424 577 1482 ad
615 1426 1007 1497 cognitionem.
1055 1428 1163 1484 Sed
1210 1445 1441 1485 munera
1488 1429 1712 1499 quidem
1758 1438 1889 1485 sunt
1924 1428 2087 1499 spiri-

508 1517 684 1573 tuales
732 1518 975 1574 rationes
1015 1535 1140 1590 quae
1194 1520 1381 1575 insunt
1420 1521 1478 1575 in
1520 1536 1850 1591 unaquaque
1903 1520 2085 1590 specie

503 1626 699 1668 eorum
745 1626 867 1681 qua:
913 1611 1193 1682 complent
1220 1620 1550 1675 creaturam.
1582 1628 1683 1682 per
1710 1627 1847 1683 quas
1886 1627 2088 1682 cogno-

2187 508 2354 573 ἕξεως
2377 524 2393 539 ο
2427 507 2574 577 λέγω
2598 508 2663 580 δὴ
2686 507 2788 578 τῆς
2820 509 2930 561 τῶν
2954 506 3354 571 στασιαζόντων
3374 505 3564 561 παθῶν
3594 507 3784 576 ἀπηλ-

2188 600 2467 670 λαγμένης
2488 601 2875 664 καταστάσεως
2900 600 3132 670 (ὅρασις
3156 599 3268 670 γὰρ
3290 598 3536 667 εἰρήνης
3565 596 3779 669 Ἰερου⁹

2190 692 2374 764 σαλὴμ
2425 691 2832 765 ἐρμηνεύεται)·
2863 692 3084 755 πάντως
3129 691 3244 762 ἔχει
3287 692 3388 763 τὴν
3434 691 3784 760 φαινομένην

2187 785 2372 840 κτίσιν
2409 785 2828 858 προσφέρουσαν
2865 785 3015 854 αὺτῷ
3049 784 3149 855 μὲν
3181 784 3410 855 δόματα,
3449 783 3526 853 τῷ
3554 783 3613 835 δὲ
3652 781 3782 853 Θεῷ

2189 877 2339 950 δῶρα
2371 877 2436 931 δι’
2462 877 2649 934 αὐτοῦ.
2678 878 2902 948 κυρίως
2931 876 3040 948 γὰρ
3074 877 3282 947 δόματα
3316 875 3413 946 μὲν
3438 876 3507 928 τὰ
3534 878 3651 937 τοῖς
3688 877 3782 927 ὲν-

2188 968 2334 1022 δεέσι
2360 968 2614 1039 διδόμενα
2632 986 2645 1000 ο
2681 968 2831 1040 δῶρα
2852 968 2929 1033 δὲ,
2963 967 3032 1021 τὰ
3064 969 3178 1031 τοῖς
3206 966 3563 1036 ἀπροσδεέσιν
3592 968 3786 1019 εἰσκο-

2190 1059 2480 1131 μιζόμενα.
2503 1059 2594 1113 Διὸ
2619 1059 2698 1131 τῷ
2723 1059 2821 1130 μὲν
2842 1058 3031 1131 Κυρίῳ
3053 1058 3199 1129 δῶρα
3215 1057 3292 1121 ὡς
3316 1058 3533 1111 πάντων
3562 1057 3784 1128 ἀπροσ-

2187 1155 2321 1221 δεεῑ,
2349 1154 2428 1226 τῷ
2450 1154 2507 1208 δὲ
2544 1153 2763 1225 Ἐζεκίᾳ
2784 1152 3015 1223 δόματα,
3039 1151 3173 1205 διότι
3202 1152 3313 1214 πᾶς
3338 1149 3630 1220 ἄνθρωπος
3656 1150 3784 1200 ἐπι-

2188 1246 2402 1312 δεῖται,
2440 1248 2535 1301 καὶ
2566 1244 2784 1317 τρόπων
2819 1246 2902 1308 είς
2933 1243 3157 1315 ἀρετὴν,
3188 1243 3285 1297 καὶ
3312 1240 3488 1310 λόγων
3521 1241 3607 1303 εἰς
3637 1239 3785 1305 γνῶ-

2190 1357 2294 1394 σιν.
2338 1339 2502 1392 Ἀλλὰ
2526 1338 2674 1410 δῶρα
2719 1336 2849 1409 μὲν,
2875 1337 2926 1390 oi
2960 1336 3357 1407 ἑνυπάρχοντες
3384 1333 3604 1402 ἑκάστῳ
3647 1332 3783 1385 εῖδει

2185 1430 2297 1485 τῶν
2334 1428 2801 1500 συμπληρούντων
2831 1427 2932 1497 τὴν
2982 1425 3159 1479 κτίσιν
3189 1422 3551 1493 πνευματικοὶ
3597 1421 3778 1489 λόγοι,

2182 1522 2254 1576 δι’
2293 1513 2370 1575 ὧν
2401 1523 2429 1574 ὁ
2452 1521 2548 1591 τῆς
2576 1518 2812 1582 κτίσεως
2841 1516 3171 1587 γνωρίζεται
3196 1514 3445 1584 ποιητὴς,
3484 1513 3780 1565 διδασκόν-

2191 1631 2325 1679 των,
2358 1615 2443 1667 ὄτι
2474 1612 2592 1666 ὲστί
2623 1628 2707 1675 τις
2745 1610 2854 1664 τῶν
2884 1608 3227 1679 φαινομένων
3269 1606 3493 1675 κτίστης
3521 1606 3621 1658 καὶ
3661 1605 3783 1657 δεσ-

504 1700 682 1758 scitur
722 1710 940 1758 creator
970 1710 1258 1766 creaturae,
1297 1701 1557 1757 docentes
1588 1701 1736 1771 quod
1775 1702 1848 1756 sit
1885 1702 2083 1771 aliquis

2189 1708 2385 1778 πότης.
2425 1706 2647 1776 Δόματα
2677 1705 2734 1758 δὲ
2773 1704 2824 1758 οἱ
2868 1703 3077 1765 ἐνόντες
3125 1700 3342 1769 ἑκάστῳ
3380 1697 3591 1751 τούτων
3619 1693 3783 1759 αὖθις

504 1805 721 1852 creator
765 1805 823 1852 et
860 1796 1125 1851 Dominus
1164 1811 1355 1851 eorum
1400 1811 1523 1866 qua:
1570 1802 1896 1850 cernuntur.
1937 1795 2085 1850 Dona

505 1894 690 1943 autem
728 1896 859 1942 sunt
896 1903 1019 1958 quae
1060 1904 1258 1943 rursus
1297 1889 1353 1943 in
1393 1904 1729 1959 unoquoque
1769 1886 1965 1944 eorum
1997 1889 2085 1943 in-

506 1985 637 2034 sunt
685 1979 967 2034 naturales
1013 1980 1274 2044 rationes,
1321 1980 1428 2035 hoc
1467 1989 1552 2035 est
1585 1980 1741 2035 dotes
1780 1979 2085 2046 naturales,

504 2082 605 2137 per
630 2082 768 2139 quas
785 2067 1037 2123 eruditur
1063 2068 1263 2138 aliquis
1278 2069 1344 2124 ad
1365 2069 1623 2124 virtutem
1646 2087 1659 2122 :
1683 2069 1849 2139 hujus
1863 2068 2085 2139 quidem

504 2157 612 2213 hoc
648 2158 878 2228 eligens,
917 2159 1068 2215 illius
1108 2175 1241 2215 vero
1272 2160 1426 2225 illud,
1463 2169 1520 2215 et
1571 2160 1853 2214 naturales
1893 2174 2084 2213 earum

502 2248 652 2319 leges
688 2248 934 2304 liberalis
960 2250 1046 2304 sui
1076 2251 1293 2305 arbitrii
1319 2251 1482 2306 modo
1508 2251 1749 2305 imitans.
1783 2248 2087 2305 Seminavit

502 2342 651 2399 enim
675 2343 819 2398 Deus
840 2341 896 2398 in
933 2342 1302 2413 singularibus
1326 2344 1583 2417 partibus
1614 2353 1880 2400 creatum
1916 2343 2084 2414 spiri-

504 2435 683 2490 tuales
731 2449 951 2505 quoque
1002 2434 1152 2505 leges
1203 2434 1506 2506 sapientiae,
1555 2436 1861 2491 indicantes
1911 2436 2085 2490 Deum

500 2543 695 2585 earum
738 2536 1089 2584 creatorem:
1139 2537 1196 2585 et
1242 2530 1392 2601 leges
1440 2530 1721 2585 naturales
1765 2528 2086 2584 erudientes

499 2619 571 2675 ad
601 2620 864 2676 virtutem
882 2621 1163 2677 hominem
1187 2637 1379 2679 earum
1399 2630 1785 2694 spectatorem.
1810 2620 1881 2677 Ut
1900 2628 2084 2675 autem

499 2724 570 2766 ex
613 2711 802 2767 multis
840 2727 1016 2782 pauca
1055 2713 1427 2781 adducamus,
1468 2713 1664 2783 aquilae
1699 2714 1789 2768 lex
1820 2711 2085 2767 naturalis

498 2810 606 2867 est,
636 2802 707 2859 ad
745 2802 979 2858 solarem
1006 2804 1359 2873 splendorem
1390 2804 1582 2859 oculos
1613 2810 1795 2858 rectos
1822 2802 2081 2874 deﬁgere.

498 2892 660 2960 Quod
689 2893 913 2964 quidem
935 2894 1245 2949 imitabitur
1268 2895 1543 2965 quispiam
1561 2895 1629 2949 ad
1646 2894 1887 2949 divinam
1906 2895 2085 2949 lucem

500 2992 743 3041 mentem
787 2982 1052 3053 dirigens.
1096 2984 1408 3039 imitabitur
1435 2985 1603 3039 etiam
1644 2998 1868 3038 cervum
1895 2998 2085 3052 perse-

2190 1801 2408 1870 φυσικοὶ
2430 1798 2605 1867 νόμοι·
2622 1795 2767 1850 τοῦτ’
2787 1794 2923 1860 ἐστι,
2956 1792 3027 1847 τὰ
3056 1791 3265 1862 φυσικὰ
3294 1790 3778 1859 πλεονεκτήματα,

2184 1892 2251 1946 δι’
2289 1884 2364 1945 ὧν
2394 1887 2712 1944 παιδεύεται
2742 1904 2823 1951 τις
2851 1887 2989 1958 πρὸς
3021 1885 3222 1958 ἀρετήν
3246 1899 3262 1915 ·
3282 1881 3651 1952 ἐκλεγόμενος
3682 1876 3779 1932 τοῦ

2191 1987 2289 2058 μὲν
2317 1984 2458 2049 τόδε,
2493 1981 2588 2036 τοῦ
2619 1981 2677 2035 δὲ
2733 1980 2853 2035 τόδε
2872 1997 2887 2011 ·
2917 1978 3013 2033 καὶ
3039 1980 3165 2037 τοὺς
3189 1975 3451 2045 φυσικοὺς
3473 1973 3666 2026 αὐτῶν
3696 1972 3781 2024 νό-

2194 2094 2332 2149 μους
2359 2077 2475 2139 τοῖς
2504 2073 2915 2145 προαιρετικοῖς
2937 2069 3102 2124 αὐτοῦ
3124 2067 3349 2139 τρόποις
3377 2062 3779 2134 ἀπομιμούμε·

2188 2186 2299 2233 νος.
2358 2166 2793 2235 Ἐγκατέσπειρε
2841 2161 2953 2234 γὰρ
3000 2162 3029 2215 δ
3067 2159 3199 2222 Θεὸς
3247 2158 3361 2219 τοῖς
3408 2154 3557 2208 κατὰ
3610 2154 3782 2224 μέρος

2187 2264 2352 2317 εἴδεσι
2383 2260 2485 2331 τῆς
2539 2259 2774 2321 κτίσεως
2840 2256 2934 2309 καὶ¹
2980 2252 3175 2323 σοφίας
3208 2251 3403 2319 λόγους
3460 2264 3780 2315 πνευματι-

2184 2354 2339 2416 κοὺς,
2376 2350 2681 2422 μηνύοντας
2703 2348 2795 2402 τὸν
2820 2345 3050 2417 ποιητὴν
3080 2342 3257 2397 αὐτῶν
3287 2340 3420 2394 Θεόν
3442 2354 3455 2367 ·
3491 2338 3588 2391 καὶ
3618 2354 3780 2404 φυσε-

2186 2446 2317 2507 κοὺς
2344 2443 2544 2513 νόμους
2570 2437 3060 2507 παιδαγωγοῦντας
3092 2436 3173 2497 είς
3214 2431 3417 2504 ἀρετὴν
3448 2429 3546 2483 τὸν
3572 2429 3780 2496 θεατὴν

2186 2535 2369 2591 αὐτῶν
2408 2532 2719 2605 ἄνθρωπον.
2752 2531 2872 2584 Ἵνα
2899 2528 2954 2581 δὲ
2985 2529 3049 2580 ὲκ
3088 2525 3299 2579 πολλῶν
3328 2522 3486 2591 ὀλίγα
3515 2518 3779 2589 παραθῶ-

2190 2642 2308 2698 μεν,
2356 2622 2515 2679 ἀετοῦ
2562 2621 2791 2693 φυσικὸς
2831 2620 3030 2689 νόμος,
3059 2616 3119 2670 τὸ
3174 2614 3313 2686 πρὸς
3394 2612 3495 2682 τὴν
3540 2609 3780 2680 ἡλιακὴν

2189 2718 2560 2791 μαρμαρυγὴν
2594 2713 2853 2775 ἰθυτενῶς
2888 2709 3176 2774 ἀτενίζειν.
3206 2707 3272 2759 Ὀ
3330 2703 3641 2775 μιμήσεταί
3671 2718 3775 2769 τις,

2188 2811 2507 2869 ἀπευθύνων
2548 2809 2640 2862 τὸν
2679 2806 2806 2861 νοῦν
2849 2807 2930 2869 εἰς
2970 2803 3032 2857 τὸ
3080 2802 3222 2855 θεῖον
3271 2798 3407 2869 φῶς.
3448 2794 3779 2865 Μιμήσεται

2186 2906 2284 2960 καὶ
2333 2903 2432 2974 τὴν
2487 2901 2717 2969 ἔλαφον,
2762 2898 2832 2952 τὰ
2882 2895 2991 2967 ὖψη
3023 2895 3130 2949 τῶν
3164 2892 3326 2947 θείων
3372 2888 3776 2960 θεωρημάτων,

2186 2996 2438 3065 καθάπερ
2466 2993 2650 3062 ἐκείνη
2677 2990 2745 3045 τὰ
2777 2991 2900 3061 ὅρη,
2935 2984 3309 3059 μεταδιώκων.
3341 2980 3438 3035 καὶ
3460 2980 3531 3034 τὰ
3569 2981 3779 3049 ἐμφω-

498 3089 681 3143 quens
738 3072 1090 3127 altitudinem
1154 3074 1468 3130 divinarum
1516 3075 2082 3144 contemplationum,

2188 3088 2416 3141 λεύοντα
2444 3088 2557 3148 τοῖς
2584 3082 2888 3153 ὁρωμένοις
2915 3079 3081 3134 εἴδεσι
3111 3077 3283 3147 πάθη,
3313 3073 3567 3144 καθάπερ
3591 3071 3774 3141 ὄφεις,

498 3163 648 3219 sicut
682 3162 776 3217 ille
790 3169 1008 3216 montes
1038 3169 1131 3215 :et
1167 3162 1263 3231 qui
1302 3162 1359 3216 in
1392 3164 1460 3218 iis
1487 3178 1610 3232 quae
1646 3172 1953 3219 cernuntur
1978 3166 2081 3221 de—

2188 3182 2260 3253 τῷ
2301 3179 2447 3249 λόγῳ
2484 3176 2818 3245 διαφθείρων
2861 3174 2963 3242 τῆς
3009 3170 3335 3240 διακρίσεως
3361 3208 3377 3233 ,
3430 3165 3528 3220 καὶ¹
3566 3164 3665 3217 τὸν
3710 3163 3774 3253 τῇ

500 3256 762 3311 litescunt
817 3253 1085 3321 aﬂ’ectus,
1149 3264 1409 3327 tanquam
1464 3265 1785 3327 serpentes,
1842 3259 2080 3328 perdens

500 3347 713 3404 ratione
759 3347 1157 3404 discretionis:
1206 3356 1271 3403 et
1320 3364 1594 3405 venenum
1650 3350 1770 3405 vitii
1820 3352 1971 3421 quod
2023 3352 2079 3407 in

497 3439 768 3496 memoria
818 3440 1324 3511 comprehenditur,
1380 3442 1738 3514 exstinguens
1789 3443 1978 3499 multis
2024 3454 2082 3500 et

498 3532 736 3589 diversis
800 3531 1047 3589 fontibus
1112 3533 1461 3605 cognitionis.
1539 3534 1852 3591 lmitabitur
1914 3536 2080 3592 etiam

499 3632 724 3681 acutum
766 3622 947 3679 visum
992 3638 1226 3693 capreae,
1268 3624 1586 3680 transiliens
1612 3624 1839 3694 laqueos
1876 3626 2082 3682 daemo-

498 3731 636 3776 num
659 3714 755 3787 qui
781 3714 1116 3772 insidiantur
1138 3716 1351 3771 virtuti.
1377 3716 1686 3772 lmitabitur
1706 3726 1891 3773 autem
1913 3718 2080 3775 etiam

501 3806 621 3862 avis
662 3806 999 3873 cautionem,
1041 3808 1401 3879 supervolans
1444 3807 1582 3863 retia
1616 3808 1886 3864 malorum
1922 3810 2085 3880 spiri-

399 3884 407 3891 ’
502 3905 660 3954 tuum
697 3898 794 3968 qui
828 3897 1033 3954 bellum
1070 3908 1269 3971 gerunt
1299 3899 1560 3955 adversus
1589 3899 1980 3972 cognitionem.

572 3988 891 4045 Cernuntur
925 3990 1150 4061 quidem
1189 3990 1492 4048 diviniores
1529 4000 1796 4049 amaturae
1843 3994 2084 4071 rationes

502 4080 561 4137 in
596 4083 966 4152 providentia,
992 4090 1049 4137 et
1082 4083 1139 4137 in
1169 4098 1238 4138 eo
1261 4084 1409 4153 quod
1435 4084 1787 4141 contineatur
1813 4086 2085 4141 stabilitas

502 4172 940 4243 uniuscujusque
972 4173 1210 4244 generis,
1247 4174 1526 4229 naturales
1561 4185 1744 4230 autem
1768 4177 1889 4247 ejus
1914 4176 2081 4247 leges,

502 4266 561 4320 in
599 4280 668 4321 eo
715 4264 863 4335 quod
904 4264 978 4319 sit
1017 4264 1211 4320 eadem
1261 4266 1528 4321 naturalis
1573 4268 1822 4336 operatio
1857 4267 1913 4322 in
1949 4284 2086 4323 uno-

501 4372 725 4428 quoque
775 4371 999 4429 genere.
1049 4357 1155 4413 Per
1190 4374 1312 4428 quae
1343 4358 1529 4413 omnia
1564 4358 1904 4429 gloriﬁcatur
1941 4361 2086 4416 Deus

2186 3252 2289 3342 μνή
2300 3288 2375 3341 μῃ
2406 3264 2986 3337 ὲναπολαμδανόμενον
3019 3262 3096 3315 ίδν
3116 3260 3220 3328 τῆς
3243 3257 3464 3321 κακίας,
3488 3258 3612 3317 ταῖς
3645 3252 3776 3342 πολε

2181 3341 2303 3425 λαῖς
2347 3360 2443 3414 καὶ
2474 3357 2755 3427 διαφόροις
2788 3351 3223 3409 κατασύεννύων
3259 3350 3465 3420 πηγαῖς
3509 3348 3612 3415 τῆς
3648 3341 3779 3411 γνῶ·

2184 3471 2345 3516 σεως.
2387 3452 2711 3521 Μιμήσεται
2748 3447 2844 3500 καὶ
2882 3446 2986 3514 τῆς
3018 3443 3281 3515 δορκάδος
3313 3439 3414 3511 τὴν
3440 3434 3773 3502 ὁξυωπτίαν,

2179 3550 2307 3612 τοὺς
2339 3546 2565 3617 βρόχους
2586 3543 2697 3595 τῶν
2727 3539 3188 3595 ἐπιϐουλευόντων
3208 3537 3274 3606 τῇ
3302 3534 3471 3604 ἀρετῇ
3496 3528 3775 3599 δαιμόνων

2184 3638 2536 3711 ύπερπηδῶν.
2568 3638 2689 3689 Ἔτι
2716 3634 2774 3690 δὲ
2817 3633 2909 3687 καὶ
2939 3632 3036 3685 τοῦ
3078 3628 3269 3699 ὀρνέου
3302 3626 3403 3697 τὴν
3438 3623 3772 3692 ἀσφάλειαν.

2182 3732 2283 3796 τὰς
2313 3730 2548 3798 παγίδας
2591 3726 2700 3780 τῶν
2730 3726 2796 3796 τῇ
2836 3720 3040 3791 γνώσει
3080 3717 3477 3790 πολεμούντων
3506 3712 3768 3784 πονηρῶν

2182 3823 2514 3894 πνευμάτων
2549 3818 3025 3890 ὑπεριπτάμενος.

2262 4006 2328 4058 Oi.
2378 4003 2475 4074 μὲν
2519 3999 2784 4070 θειότεροι
2828 3996 2927 4065 τῆς
2956 3991 3208 4054 κτίσεως
3254 3988 3398 4056 λόγοι
3454 3984 3744 4054 φαίνονται

2187 4096 2245 4150 ὲν
2278 4097 2345 4167 τῇ
2373 4091 2602 4164 προνοίᾳ
2628 4090 2730 4144 καὶ
2763 4088 2964 4156 συνοχῇ
2998 4083 3097 4154 τῆς
3136 4080 3231 4135 τοῦ
3267 4078 3393 4133 καθ’
3432 4078 3674 4130 ἕκαστον
3701 4074 3775 4167 si:

2185 4185 2312 4248 δους
2338 4166 2714 4253 μονιμότητος,
2755 4179 2804 4231 οἱ
2848 4176 2906 4229 δὲ
2939 4171 3161 4243 φυσικοὶ
3183 4169 3339 4239 νόμοι
3368 4167 3602 4236 ταύτης,
3632 4169 3689 4218 ἐν
3710 4166 3770 4233 τῇ

2188 4275 2480 4346 ταυτότητι
2509 4273 2607 4343 τῆς
2632 4270 2729 4325 τοῦ
2756 4268 2881 4323 καθ’
2907 4266 3141 4320 ἕκαστον
3163 4262 3339 4323 εἴδους
3360 4259 3603 4330 φυσικῆς
3631 4260 3770 4326 ἐνερ-

2189 4370 2368 4439 γείας.
2403 4366 2481 4420 Δι’
2524 4359 2600 4419 ὧν
2640 4360 2777 4432 ὁμοῦ
2826 4360 3045 4415 πάντων
3087 4352 3371 4418 δοξάζεται
3404 4350 3502 4421 μὲν
3548 4351 3580 4402 ὀ
3611 4348 3770 4439 Θεὸς,

502 4464 535 4503 a
566 4463 677 4518 quo
711 4448 852 4503 facta
878 4456 1028 4514 sunt,
1066 4464 1258 4506 rursus
1288 4459 1471 4505 autem
1510 4449 1729 4520 proﬁcit
1760 4450 1927 4507 homo
1957 4468 2083 4523 pro-

2197 4438 2327 4532 παρ’
2355 4454 2417 4514 οὗ
2464 4457 2767 4527 γεγόνασι·
2809 4448 3111 4523 προκόπτει
3149 4445 3205 4499 δὲ
3234 4445 3263 4497 ό
3299 4442 3591 4515 ἄνθρωπος
3629 4440 3699 4494 δι’
3722 4438 3778 4493 δν

503 4548 627 4610 pter
657 4554 821 4611 quem
856 4539 997 4595 facta
1020 4549 1169 4596 sunt.

616 4687 685 4744 Et
729 4688 897 4747 elatus
937 4690 1037 4770 fuit
1076 4690 1131 4744 in
1170 4690 1334 4745 oculis
1373 4694 1609 4747 omnium
1646 4696 1879 4765 gentium
1911 4694 1979 4748 ".

573 4867 678 4936 Qui
742 4883 841 4939 per
897 4866 1169 4924 actionem
1226 4875 1283 4923 et
1338 4866 1857 4938 contemplationem
1910 4868 2089 4924 evasit

504 4974 757 5030 magnus,
783 4958 1065 5014 extollitur
1097 4972 1196 5028 per
1232 4956 1504 5013 actionem
1529 4958 1751 5028 quidem
1775 4944 1940 5028 supra
1965 4974 2087 5014 om-

503 5066 606 5107 nes
643 5051 891 5107 carnales
930 5057 988 5105 et
1029 5065 1153 5120 qua:
1206 5049 1349 5105 male
1384 5049 1619 5105 audiunt
1655 5058 1711 5104 et
1743 5059 1874 5106 sunt
1897 5049 2088 5105 divisa:

504 5143 846 5209 aﬁ'ectiones,
904 5150 967 5198 ut
1020 5142 1115 5212 qui
1170 5141 1244 5198 sit
1290 5142 1547 5212 superior
1589 5141 1931 5196 naturalibus
1968 5156 2090 5211 quae

506 5232 769 5287 dicuntur
816 5231 1172 5301 corporibus,
1226 5245 1426 5300 nempe
1477 5229 1546 5285 iis
1593 5244 1715 5299 quae
1750 5229 1955 5284 cadunt
1986 5231 2090 5287 sub

507 5331 690 5376 ortum
737 5329 795 5376 et
830 5322 1138 5387 interitum,
1176 5331 1233 5377 et
1268 5329 1329 5375 ut
1364 5321 1532 5377 semel
1572 5321 1772 5385 dicam,
1806 5338 1929 5391 qua),
1962 5333 2091 5377 sunt

509 5412 733 5466 sensilia
760 5429 774 5465 :
811 5428 911 5482 per
941 5413 1460 5483 contemplationem
1487 5421 1670 5468 autem
1694 5429 1788 5469 eas
1814 5430 1935 5484 quae
1960 5424 2088 5470 sunt

509 5500 570 5555 in
608 5500 742 5570 ipsis
785 5503 1027 5559 rationes
1071 5503 1454 5575 cognoscendo
1501 5505 1901 5571 transmittens,
1935 5514 1991 5561 et
2020 5505 2088 5560 ad

509 5607 578 5649 ea
626 5607 751 5662 qua:
794 5593 1001 5649 cadunt
1039 5596 1144 5651 sub
1189 5595 1632 5668 intelligentiam,
1679 5612 1803 5669 quae
1845 5606 1975 5667 sunt
2006 5598 2090 5654 eis

585 5749 630 5783 ⁸⁸
665 5747 711 5807 ιι
747 5748 923 5806 Paral.
957 5751 1205 5817 xxn,23.

2198 4548 2354 4615 αὖθις
2387 4548 2669 4618 γεγόνασι.

2198 4684 2304 4740 Καὶ
2367 4680 2673 4750 ὑπερήρθη
2725 4677 2855 4732 κατ’
2876 4674 3274 4800 ἐξαραλμοὺς
3344 4669 3594 4725 πάντων
3664 4668 3783 4724 τῶν

2945 4762 3088 4799 νων.

2945 4762 3088 4799 νων.

2275 4865 2335 4918 Ὃ
2366 4863 2455 4917 διὰ
2507 4859 2759 4933 πράξεως
2796 4858 2891 4913 καὶ
2929 4856 3163 4945 θεωρίας
3196 4851 3579 4945 μεγαλυνθεὶς.
3609 4850 3785 4945 ὑπερ-

2195 4955 2412 5028 αίρεται
2468 4951 2559 5005 διὰ
2608 4948 2861 5019 πράξεως
2906 4944 3006 5015 μὲν
3057 4943 3281 4996 πάντων
3328 4939 3438 4992 τῶν
3495 4939 3785 5008 σαρκικῶν

2196 5048 2291 5102 καὶ
2315 5041 2757 5115 διαϐεϐλημένων
2788 5037 2998 5104 παθῶν,
3023 5035 3279 5107 ὑπεράνω
3310 5030 3513 5085 τούτων
3558 5029 3785 5098 γινόμεο

2185 5158 2279 5207 νος
2311 5139 2421 5193 τῶν
2453 5136 2511 5190 δὲ
2554 5132 2800 5205 φυσικῶν
2835 5128 3145 5200 λεγομένων
3180 5124 3471 5195 σωμάτων,
3510 5121 3639 5191 ἦτοι
3677 5119 3786 5173 τῶν

2189 5232 2295 5285 ὑπὸ
2334 5229 2549 5298 γένεσιν
2601 5225 2771 5278 όντων
2809 5222 2901 5276 καὶ
2943 5217 3189 5290 φθοράνο
3234 5215 3329 5269 καὶ
3361 5211 3553 5274 ἁπλῶς
3604 5212 3788 5263 εἰπεῖν

2191 5323 2291 5377 ὅσα
2329 5320 2435 5374 ὑπὸ
2466 5318 2567 5389 τὴν
2607 5314 2859 5385 αἴσθησιν
2882 5328 2897 5343 ’
2934 5310 3025 5364 διὰ
3070 5308 3305 5380 θεωρίας
3347 5304 3475 5367 τοὺς
3507 5304 3568 5355 ὲν
3597 5302 3791 5363 aia-mi;

2190 5414 2384 5483 λόγους
2412 5407 2729 5480 γνωστικιῖκ
2758 5402 3117 5475 διἀπεράσας,
3157 5401 3252 5454 καὶ
3286 5397 3419 5469 πρὸς
3440 5396 3509 5449 τὰ
3540 5392 3793 5462 συγγενῆ

2194 5505 2362 5577 νοητὰ
2398 5503 2494 5558 καὶ
2540 5502 2663 5555 θεῖα
2692 5486 2784 5553 τδν
2825 5496 2952 5553 νοῦν
2998 5492 3242 5564 ἀγαγών.
3284 5490 3395 5543 Καὶ
3422 5486 3530 5559 γὰρ
3562 5488 3596 5556 ὴ
3637 5503 3791 5577 τερα-Σ

2197 5574 2359 5669 κτικὴ
2404 5595 2503 5668 μὲν
2542 5591 2833 5664 φιλοσοφία
2878 5590 2970 5645 τὸν
3014 5582 3320 5660 πρακτικὸν
3346 5578 3602 5653 ὑπεράνω
3638 5574 3793 5630 ποιεῖ
