4062 6202
357 215 498 276 1278

1719 217 2244 278 COLLECTANEA.

3481 229 3618 288 1274

354 336 467 391 τῶν
495 333 687 392 παθῶν
708 352 720 366 ·
759 336 793 406 ἡ
824 333 1028 405 θεωρία
1067 332 1125 387 δέ
1171 333 1264 389 τὸν
1297 332 1629 406 θεωρητικὸν
1673 336 1926 408 ὑπεράνω

2037 347 2272 411 cognata
2329 348 2384 395 et
2428 339 2649 406 divina,
2707 349 2947 398 mentem
3030 343 3329 399 adducens.
3400 344 3618 400 Etenim

277 487 283 491 _
355 426 470 481 τῶν
490 425 784 498 ὁρωμένων
811 424 1120 496 καθίστησι.

2045 430 2223 485 activa
2270 431 2494 500 quidem
2535 431 2883 502 philosophia
2928 432 3095 488 cllicit
3131 443 3191 488 ut
3228 433 3324 504 qui
3365 443 3620 490 versatur

356 515 416 570 in
445 517 664 572 actione
699 517 772 570 sit
826 514 1081 585 superior
1109 514 1493 574 affectionibus
1514 525 1572 574 et
1604 519 2138 589 perturbationibus,
2188 522 2612 592 contemplativa
2670 531 2886 589 autem,
2935 530 2999 579 ut
3035 524 3131 594 qui
3178 534 3428 580 versatur
3461 525 3517 579 in
3551 539 3617 578 ea

355 623 522 679 supra
554 624 646 664 res
672 607 918 664 visibiles
946 609 1332 664 constituatur.

353 727 466 780 Kal
496 728 568 798 οὐ
590 725 739 798 κατὰ
767 726 832 780 τὸ
857 726 1242 798 ἀνταπόδομα
1264 728 1294 782 6
1320 730 1745 785 ἀηαπέδωκεν
1771 731 1933 798 αὐτῷ

423 800 458 851 ὁ
501 797 645 870 Θξὸς
673 796 1094 870 (ﬁneseorum
1129 796 1409 870 Ἐζεκίας,
1459 801 1597 855 ἀλλ’
1625 802 1835 870 ὑψώθη
1890 796 1930 869 ἦ

424 866 635 940 καρδία
655 884 668 896 ο
841 866 1088 940 Δἐγένετο
1137 868 1228 921 ἐπ’
1253 866 1452 923 αὐτὸν
1495 870 1642 940 ὀργὴ
1673 866 1791 926 ’καὶ
1821 866 1932 927 ’ἐπὶ

436 936 673 990 Ἰούδαν
698 935 797 989 καὶ
828 936 926 989 ἐπὶ
970 936 1371 1008 Ἰερουσαλήμ.

426 1051 542 1115 Πᾶς
597 1050 722 1114 νοῦς
770 1051 1059 1121 φιλόσοφος
1101 1050 1238 1123 ὁμοῦ
1282 1054 1376 1106 καὶ
1411 1053 1658 1123 φιλόθεος
1710 1054 1806 1109 καί
1844 1055 1938 1110 τὸν

368 1140 569 1195 Ἰούδαν
607 1141 722 1212 ἔχει
750 1142 846 1196 καὶ
872 1143 971 1213 τὴν
1013 1141 1404 1215 Ἰερουσαλήμ·
1445 1144 1538 1199 τὸν
1581 1145 1679 1216 μέν
1727 1147 1805 1209 εἰς
1836 1146 1937 1214 τὴν

354 1236 467 1302 ἕξιν
489 1239 590 1308 τῆς
615 1236 1057 1308 ἐξομολογήσεως
1075 1238 1167 1290 καὶ
1188 1238 1475 1308 μετανοίας
1499 1239 1934 1310 λαμϐανόμενονο

351 1327 790 1399 ἐξομολόγησις
833 1330 941 1400 γὰρ
973 1331 1002 1383 6
1046 1329 1245 1393 Ἰούδας
1285 1330 1680 1402 ἑρμηνεύεται·
1728 1332 1826 1402 τὴν
1853 1331 1932 1397 δὲ,

354 1423 436 1485 εἰς
491 1421 592 1492 τὴν
628 1421 914 1493 εἰρηνικὴν
963 1421 1063 1492 τῆς
1113 1421 1383 1488 ἀπαθείας
1439 1425 1801 1488 κατάστασιν,
1851 1424 1932 1488 ὡς

352 1513 614 1584 ἀνωτέρω
668 1513 983 1585 δεδήλωται.
1039 1514 1149 1568 Καὶ
1199 1515 1288 1568 τὸν
1344 1517 1444 1600 μὲν
1495 1516 1571 1580 ὡς
1616 1517 1927 1588 πρακτικὴν

351 1605 694 1675 φιλοσοφίαν,
737 1607 838 1675 τὴν
885 1605 965 1669 δὲ,
1003 1604 1081 1669 ὡς
1121 1605 1464 1678 θεωρητικὴν
1508 1609 1924 1678 μυσταγωγίαν.

2045 732 2254 806 Εε-ηοη
2294 734 2584 806 secundum
2600 723 3032 806 _retributiouem
3083 754 3243 806 quam
3295 735 3531 789 retribuit
3571 739 3618 791 ei

2114 803 2255 875 Deus
2303 804 2542 857 retribuit
2594 804 2864 868 Ezechias,
2915 807 3006 859 sed
3044 803 3242 860 elutam
3288 806 3383 875 fuit
3417 823 3527 870 cor,
3570 819 3618 860 et

2112 873 2253 948 [acta
2290 884 2364 948 est
2388 890 2547 948 super
2581 876 2754 946 ipsum
2783 876 2866 928 ira
2896 885 2942 928 et
2968 893 3126 946 super
3149 873 3346 930 Judan
3379 886 3426 930 et
3462 894 3619 948 super

2108 942 2409 998 Jerusalem
2440 942 2507 997 “.

2104 1057 2258 1112 Mens
2289 1057 2468 1112 omnis
2501 1071 2624 1126 quin
2661 1056 2953 1126 sapientiast
2981 1057 3146 1113 simul
3181 1068 3237 1114 et
3272 1059 3368 1114 Dei
3397 1067 3618 1114 tenetur

2033 1163 2244 1212 amore,
2283 1147 2480 1203 Judam
2530 1147 2698 1201 habet
2742 1156 2800 1202 et
2830 1147 3134 1204 Jerusalem
3163 1167 3176 1203 :
3208 1150 3359 1204 illum
3393 1151 3615 1220 quidem

2033 1248 2315 1309 sumptum
2361 1253 2465 1308 pro
2507 1237 2706 1292 habitu
2753 1238 3115 1294 confessionis
3163 1251 3221 1294 et
3251 1242 3611 1310 pwnitentim:

2033 1331 2286 1401 confessio
2337 1330 2486 1384 enim
2544 1329 2943 1399 interpretatur
2996 1329 3167 1385 ludas
3221 1347 3240 1384 :
3283 1331 3426 1386 hanc
3483 1349 3617 1388 vero

2037 1438 2138 1493 pro
2186 1422 2416 1493 paciﬁco
2464 1429 2609 1477 statu
2655 1422 3107 1492 impatibilitatis,
3154 1432 3216 1477 ut
3247 1425 3502 1495 superius
3533 1437 3617 1480 est

2035 1513 2396 1568 declaratum.
2434 1514 2502 1567 Et
2535 1513 2689 1567 illum
2723 1513 2970 1583 quidem,
3003 1522 3067 1567 ut
3099 1515 3332 1568 activam
3353 1516 3615 1584 philoso-

2033 1607 2240 1678 phiam,
2290 1606 2434 1659 hanc
2477 1613 2685 1670 autem,
2725 1613 2788 1659 ut
2825 1605 3305 1675 contemplativam
3341 1615 3614 1677 mystago-

361 1695 553 1751 Ἦνίκα
579 1695 757 1752 τοίνυν
786 1699 964 1751 πᾶσαν
991 1697 1374 1769 ἀντικειμένην
1401 1700 1570 1770 ἀρετῇ
1605 1701 1698 1753 καὶ
1725 1699 1926 1768 γνώσει

2030 1698 2196 1769 giam.
2249 1696 2481 1763 Quando
2534 1712 2687 1767 ergo,
2714 1697 2866 1751 omni
2910 1698 3138 1767 depulsa
3195 1698 3440 1767 potentia
3493 1714 3616 1768 quae

349 1788 816 1860 διακρουσάμενος
859 1788 1111 1859 δύναμιν,
1139 1791 1235 1844 καὶ⁸
1264 1790 1325 1844 τὸ
1357 1790 1501 1844 κατά
1538 1790 1650 1845 τῶν
1680 1793 1926 1862 πνευμά-

347 1895 458 1933 ⁴τιον
506 1879 605 1949 τῆς
653 1877 919 1950 πονηρίας
964 1879 1370 1950 ἀναδυσάμενος
1409 1881 1647 1954 κράτος,
1701 1883 1927 1953 μὴιτὴν

347 1967 574 2023 δέουσαν
605 1969 954 2041 εὐχαριστίαν
981 1971 1308 2044 προσαγάγῃ
1348 1971 1426 2043 τῷ
1452 1973 1551 2042 τῆς
1575 1971 1733 2044 νίκης
1772 1973 1927 2043 αἰτίῳ

348 2058 491 2131 Θεῷ,
529 2060 647 2115 ἀλλ’
692 2060 882 2133 ὑψωθῇ
924 2061 1022 2132 τὴν
1065 2063 1311 2135 καρδίαν,
1354 2061 1534 2134 ἐαυτῷ
1586 2063 1647 2117 τὸ
1693 2065 1802 2118 πᾶν
1829 2062 1925 2116 τοῦ

350 2151 777 2224 κατορθώματος
835 2154 1319 2226 ἐπιγραψάμενος·
1365 2154 1670 2226 τηνικαῦτα
1724 2157 1801 2219 ὡς
1853 2156 1926 2228 μὴ

345 2243 682 2308 ἀνταποδοῦς
733 2243 815 2316 τῷ
854 2245 995 2317 Θεῷ,
1038 2246 1254 2317 δέχεται
1305 2248 1367 2300 ού
1422 2247 1583 2317 μόνον
1627 2247 1791 2311 αὐτὸς
1825 2248 1926 2318 τὴν

344 2333 517 2405 ὀργὴν
566 2335 667 2406 τῆς
716 2335 1175 2406 ἐγκαταλείψεως,
1232 2336 1370 2392 ἀλλὰ
1426 2339 1520 2392 καὶ
1576 2337 1778 2400 Ἰούδας
1831 2339 1928 2392 καὶ

357 2423 740 2498 Ἰερουσαλὴμ,
775 2426 923 2480 τοῦτ’
972 2426 1139 2493 ἔστιν,
1177 2427 1212 2498 ἦ
1245 2445 1304 2481 τε
1368 2428 1468 2500 τῆς
1511 2429 1762 2500 πράξεως
1813 2427 1928 2494 ἕξις

349 2515 446 2569 καὶ
479 2517 513 2587 ἡ
556 2516 655 2587 τῆς
701 2516 970 2588 θεωρίαςο
1009 2521 1076 2590 τῇ
1126 2519 1322 2590 πράξει
1353 2521 1453 2591 μὲν
1476 2521 1927 2592 ἐπανισταμένων

349 2605 538 2661 παθῶν
574 2608 821 2680 ἀτιμίας,
865 2613 933 2682 τῇ
971 2609 1178 2682 θεωρίᾳ.
1215 2611 1293 2676 δὲ,
1315 2611 1529 2680 ψευδῶν
1559 2613 1780 2666 ἐννοιῶν
1804 2629 1929 2666 συν-

347 2699 813 2771 επιπλεκομένων.
831 2701 985 2767 Θεῖος
1005 2703 1114 2774 γὰρ
1138 2704 1214 2768 ὡς
1239 2703 1454 2774 ἀληθῶς
1474 2705 1598 2775 ὅρος
1623 2706 1717 2758 καὶ
1740 2706 1923 2776 νόμος,

347 2790 587 2847 κελεύων
633 2793 985 2848 παιδεύεσθαι
1031 2796 1168 2866 πρὸς
1216 2796 1642 2868 εὐγνωμοσύνην
1689 2796 1781 2850 διὰ
1813 2795 1925 2851 τῶν

346 2882 626 2949 ἐναντίων,
662 2885 791 2948 τοὺς
825 2886 918 2940 ἐπὶ
945 2889 1058 2950 τοῖς
1101 2887 1376 2957 κρείττοσι
1412 2886 1685 2955 φανέντας
1716 2885 1925 2956 εὐγνώ-

351 2992 538 3047 μονας,
559 2975 654 3030 καὶ
673 2980 738 3048 τῇ
771 2977 1086 3032 σπάνειτῶν
1113 2978 1337 3049 ἀγαθῶν
1379 2980 1505 3044 τοὺς
1538 2980 1633 3034 ἐπὶ
1667 2983 1733 3052 τῇ
1757 2980 1927 3050 ἀφθο-

2029 1789 2353 1844 adversatur
2400 1787 2595 1842 virtuti
2641 1795 2699 1842 et
2734 1787 3058 1858 cognitioni,
3095 1788 3376 1842 accinctus
3403 1789 3612 1844 virtute

2029 1882 2293 1937 adversus
2323 1880 2555 1951 spiritus
2591 1880 2871 1950 nequitiae,
2907 1895 3018 1934 non
3054 1896 3176 1934 eam
3201 1896 3364 1949 quam
3401 1896 3499 1950 par
3529 1889 3616 1936 est

2029 1973 2295 2029 obtulerit
2327 1973 2627 2044 gratiarum
2664 1973 2934 2027 actionem
2971 1973 3083 2027 Deo
3114 1973 3325 2026 auctori
3347 1973 3611 2037 victoriae,

2027 2066 2126 2121 sed
2181 2065 2346 2122 corde
2393 2063 2564 2118 fuerit
2607 2064 2806 2128 elatus,
2852 2064 2958 2119 sibi
3007 2065 3288 2118 ascribens
3342 2065 3614 2135 quidquid

2029 2168 2181 2213 recte
2232 2167 2290 2214 et
2337 2175 2405 2214 ex
2445 2159 2653 2212 virtute
2703 2165 2886 2211 actum
2935 2165 3068 2210 cst:
3119 2165 3250 2210 tunc
3288 2157 3466 2226 utqui
3505 2157 3616 2212 Deo

2028 2264 2139 2303 non
2155 2249 2873 2317 retribuerit,suscipitnon
2913 2248 3090 2303 solum
3127 2247 3240 2317 ipse
3277 2247 3414 2302 iram
3449 2248 3615 2303 dere-

2026 2341 2292 2406 lictionis,
2341 2340 2437 2396 sed
2471 2348 2528 2394 et
2563 2340 2742 2395 ‘Judas
2771 2347 2829 2394 et
2861 2339 3189 2404 Jerusalem,
3228 2339 3334 2394 hoc
3367 2346 3472 2405 est,
3512 2338 3614 2394 ha-

2027 2431 2178 2486 bitus
2210 2432 2443 2486 actionis
2475 2439 2529 2485 et
2565 2428 3075 2498 contemplationis:
3112 2428 3376 2482 adversus
3434 2427 3617 2481 actio-

2028 2538 2153 2578 nem
2179 2521 2404 2590 quidem
2432 2519 2848 2589 insurgentibus
2869 2517 3256 2572 all‘eetionibus
3277 2517 3612 2587 ignominiae,

2027 2614 2309 2667 adversus‘
2328 2609 2850 2678 contemplationem
2890 2617 3098 2673 autem,
3137 2607 3289 2662 falsis
3331 2624 3454 2677 quae
3477 2623 3615 2663 con-

2026 2711 2327 2757 nectuntur
2383 2700 2724 2754 notionibus.
2787 2700 2884 2753 Est
2935 2700 3084 2754 enim
3128 2715 3325 2754 revera
3357 2700 3612 2756 divinum

2028 2795 2312 2849 decretum
2334 2802 2392 2847 et
2419 2793 2528 2856 lex,
2559 2791 2762 2862 jubens
2797 2789 2864 2845 ad
2902 2791 3158 2846 benevoli
3192 2802 3251 2846 et
3271 2792 3410 2862 grati
3436 2793 3612 2861 animi

2026 2885 2288 2940 virtutem
2321 2900 2422 2954 per
2442 2883 2718 2938 contraria
2741 2883 2946 2938 erudiri
2974 2899 3089 2948 eos,
3113 2883 3208 2954 qui
3234 2886 3248 2902 ‘
3272 2885 3615 2940 extolluntur

2028 2985 2255 3046 propter
2286 2990 2480 3030 eorum
2517 2975 2752 3044 copiam.
2789 2975 2923 3028 Nam
2959 2973 3028 3029 de
3064 2974 3232 3030 rebus
3265 2983 3414 3030 recte
3447 2975 3616 3046 gestis

345 3066 439 3138 νίᾳ
482 3065 687 3121 τούτων
741 3067 1156 3140 ἐπαιρομένους.
1208 3069 1269 3122 Ἦ
1299 3069 1409 3140 γὰρ
1433 3071 1527 3124 ἐπὶ
1567 3071 1926 3142 κατορθώμαο

2030 3075 2296 3137 concepta
2327 3067 2413 3123 sui
2433 3067 2622 3136 opinio
2647 3082 2875 3122 manens
2899 3067 3036 3122 citra
3063 3069 3484 3132 correctionem,
3511 3070 3617 3123 scit

349 3177 436 3214 σιν
460 3159 640 3232 οἴησις
661 3161 1121 3233 ἀπαιδαγώγητος
1153 3162 1412 3234 μένουσα,
1451 3163 1514 3217 τὸ
1555 3163 1653 3234 τῆς
1680 3163 1928 3218 ἀντιθέου

347 3251 554 3306 τίκτειν
596 3247 740 3307 οἶδεν
765 3253 1147 3326 ὑπερηφανίας
1177 3256 1427 3326 νόσημαο
1459 3257 1546 3310 ἵνα
1587 3256 1662 3327 μὴ
1691 3255 1929 3327 εὑρεθῶ-

351 3359 454 3412 μεν
476 3341 554 3413 τῷ
577 3341 730 3413 καλῷ
755 3343 892 3415 πρὸς
920 3344 1020 3414 τὴν
1043 3343 1139 3397 τοῦ
1160 3344 1330 3401 κακοῦ
1361 3347 1579 3414 γένεσιν
1605 3345 1883 3417 χρώμενοι
1909 3361 1924 3377 ⁶

349 3431 445 3486 καὶ
473 3432 541 3486 δι’
569 3429 646 3488 ὧν
670 3433 779 3488 ἐδει
808 3433 970 3488 πλέον
1007 3434 1435 3505 διασφαχθεῖσαν
1456 3435 1470 3485 i
1489 3475 1503 3498 ,
1537 3437 1596 3488 ἐν
1633 3437 1766 3504 ἡμῖν
1800 3434 1930 3488 ἀσά-

348 3522 536 3578 λευτον
578 3524 761 3595 μένειν
795 3525 893 3597 τὴν
930 3525 1082 3579 θείαν
1128 3525 1446 3593 ἐπίγνωσιν,
1482 3524 1550 3576 δι’
1581 3524 1806 3577 ἐκείνων
1824 3527 1929 3594 τὴν

348 3617 572 3686 ἄγνοιαν
599 3617 929 3690 νοσῄσαντες
968 3614 1192 3685 ταύτης.
1239 3615 1300 3670 Ὀ
1333 3615 1433 3685 μὲν
1461 3613 1572 3685 γὰρ
1591 3616 1837 3686 οἰόμενος
1857 3616 1926 3669 δι’

351 3703 545 3759 ἐαυτοῦ
585 3704 906 3775 κατορθοῦν,
947 3704 1050 3757 οὐκ
1098 3703 1425 3774 ἐπιζητήσει
1466 3703 1651 3757 λοιπὸν
1679 3704 1777 3775 τὴν
1821 3722 1929 3776 πη-

348 3797 512 3866 γαίαν
537 3797 648 3852 τῶν
691 3796 875 3850 καλῶν
912 3795 1093 3850 αἰτίαν
1113 3810 1127 3825 °
1160 3795 1189 3848 6
1216 3795 1274 3848 δέ
1297 3795 1399 3866 τῆς
1427 3795 1620 3850 ἐαυτοῦ
1644 3797 1926 3851 συναισθό-

351 3905 514 3958 μενος
565 3887 793 3958 περὶτὰ
841 3885 987 3940 καλά
1023 3885 1214 3951 πενίας
1262 3887 1357 3941 καὶ
1409 3888 1713 3955 ἀσθενείας,
1741 3889 1926 3960 τρέχει

346 3981 488 4051 πρὸς
518 3979 612 4033 τὸν
651 3977 837 4033 δοῦναι
875 3978 1175 4050 δυνάμενον
1209 3980 1309 4051 τῆς
1347 3980 1555 4045 ἐνδείας
1577 3981 1676 4053 τὴν
1705 3982 1926 4054 πλήρω-

346 4089 456 4124 σιν.
490 4072 707 4126 Γίνεται
745 4071 925 4125 τοίνυν
959 4072 1053 4126 ἐπὶ
1075 4072 1168 4125 τὸν
1207 4073 1496 4145 εἰρημένον
1517 4072 1642 4129 νοῦν
1671 4075 1705 4146 ἡ
1743 4077 1920 4148 σωτή-

348 4181 466 4236 ριος
501 4162 638 4237 ὀργὴ
681 4164 784 4236 τῆς
821 4163 1279 4236 ἐγκαταλείψεως,
1315 4166 1403 4222 ἵνα
1457 4168 1790 4239 ταπεινωθῇ,
1826 4169 1922 4222 καὶ

345 4256 555 4327 ἐπιγνῷ
609 4257 702 4310 τὸν
752 4257 987 4328 χορηγὸν
1039 4257 1148 4311 τῶν
1187 4259 1653 4331 κατορθωμάτωνο
1701 4263 1800 4314 καὶ
1845 4263 1921 4333 μὴ

343 4349 546 4420 ἐπέλθῃ
595 4349 686 4402 ἐπ’
710 4349 872 4404 αὐτὸν
918 4349 1050 4422 ἀλλη
1085 4350 1224 4423 ὀργὴ
1270 4352 1370 4423 τῆς
1418 4351 1760 4424 ἀφαιρέσεως
1811 4352 1921 4408 τῶν

341 4439 602 4493 δοθέντων
659 4439 1036 4511 χαρισμάτων.
1093 4441 1416 4513 Γέγραπται
1465 4441 1576 4513 γὰρ
1626 4441 1810 4507 εὐθὺς,
1839 4443 1922 4496 ὅτι

352 4549 371 4581 ι
390 4531 502 4583 Καὶ
531 4529 872 4602 ἐταπεινώθη
915 4529 1164 4602 Ἐζεκίας
1185 4532 1294 4586 ἀπὸ
1315 4530 1412 4586 τοῦ
1443 4531 1612 4602 ὕψους
1650 4531 1752 4603 τῆς
1781 4549 1922 4602 καρ-

339 4623 461 4687 δίας
486 4621 674 4687 αύτοῦ,
700 4624 796 4678 καὶ
821 4623 872 4677 οἱ
890 4624 1271 4689 κατοικοῦντες
1297 4625 1674 4697 Ἰερουσαλὴμ,
1703 4625 1796 4679 καὶ
1821 4625 1922 4679 οὐκ

339 4715 572 4788 ἐπῆλθεν
612 4716 700 4769 ἐπ’
728 4715 928 4780 αὐτοὺς
979 4716 1118 4788 ὀργὴ
1161 4718 1370 4789 Κυρίου
1407 4719 1466 4770 ἐν
1501 4719 1626 4782 ταῖς
1682 4717 1922 4788 ἡμέραις

352 4806 615 4878 Ἐζεκίου.
643 4825 662 4858 ι
705 4809 822 4872 Πᾶς
849 4807 1141 4879 τοιγαροῦν
1186 4809 1276 4863 διὰ
1307 4809 1443 4864 Θεοῦ
1475 4808 1575 4880 τὴν
1620 4809 1803 4880 νίκην,
1846 4808 1923 4873 ὡς

225 4917 228 4920 ’
341 4898 762 4970 προδεδήλωται,
795 4900 1162 4972 κτησάμενος,
1191 4901 1284 4954 καὶ
1316 4902 1391 4973 μὴ
1416 4900 1560 4956 κατὰ
1586 4900 1648 4954 τὺ
1680 4901 1920 4956 ἀνταπό-

337 4988 499 5060 δομα,
526 4990 949 5044 δάνταπέδωκεν
982 4991 1134 5062 αὐτῷ
1156 4991 1185 5044 6
1213 4993 1369 5058 Θεὸς,
1392 4992 1727 5057 ἀνταποδοὺς
1749 4991 1917 5064 αὐτῷ·

337 5081 486 5134 τοῦτ’
514 5080 652 5144 ἐστι,
685 5081 760 5150 μὴ
783 5080 861 5151 τῷ
885 5083 1110 5152 μεγέθει
1139 5083 1240 5155 τῆς
1266 5085 1543 5157 σωτηρίας
1563 5085 1832 5152 ἐξισώσας
1857 5086 1920 5140 τὸ

339 5172 547 5243 πλῆθος
596 5173 698 5240 τῆς
747 5173 1128 5244 εὐχαριστίαςο
1185 5176 1320 5248 μηδὲ
1372 5180 1438 5250 τῇ
1490 5178 1781 5250 εὐεργεσίᾳ
1822 5179 1918 5232 τοῦ
1935 5173 1944 5196 ⁵

339 5260 616 5325 σώσαντος
637 5262 1040 5334 ἀντιμετρήσας
1066 5266 1166 5337 τὴν
1203 5268 1413 5324 οἰκείαν
1467 5268 1735 5326 διάθεσιν·
1785 5270 1916 5325 ἀντ-

413 5418 460 5449 ⁸⁶
484 5417 530 5476 ll
558 5417 734 5474 Paral.
761 5434 924 5485 χχιιι,
952 5419 1041 5475 25.
1119 5422 1166 5455 ⁸⁷
1199 5422 1337 5481 Ibid.
1364 5424 1450 5483 26.

2030 3174 2327 3229 procreare
2375 3158 2633 3214 morbum
2669 3158 2946 3230 superbiae
2975 3159 3090 3213 Deo
3127 3159 3391 3224 adversus,
3428 3175 3498 3215 ne
3527 3161 3616 3213 in-
3678 3231 3680 3233 ν

2028 3251 2317 3306 veniamur
2360 3251 2442 3305 uti
2487 3251 2634 3305 bono
2666 3251 2736 3305 ad
2772 3251 2901 3304 mali
2935 3251 3389 3320 generatitmem:
3426 3259 3484 3306 et
3517 3266 3618 3320 per

2029 3358 2153 3412 qua:
2206 3341 2496 3412 oportebat
2552 3340 2726 3411 magis
2779 3340 3060 3395 astrictam
3093 3341 3150 3394 in
3198 3339 3361 3394 nobis
3392 3355 3616 3395 manere

2029 3433 2413 3488 inconcussam
2443 3431 2689 3486 divinam
2727 3430 3088 3501 agnitionem,
3113 3445 3215 3500 per
3242 3431 3336 3483 illa
3364 3430 3616 3487 laborare

2031 3525 2362 3598 ignorantia.
2409 3523 2525 3579 Hac
2559 3523 2775 3578 ratione
2817 3523 2864 3577 is
2902 3521 3128 3592 quidem
3181 3522 3278 3592 qui
3337 3523 3618 3577 existimat

2029 3633 2130 3689 per
2164 3631 2223 3672 se
2255 3624 2405 3672 recte
2439 3629 2623 3686 agere,
2656 3629 2766 3669 non
2803 3621 3014 3684 quazret
3044 3613 3323 3669 l'ontanam
3343 3614 3615 3668 bonorum

2028 3723 2271 3763 causam.
2311 3706 2418 3772 Qui
2468 3714 2651 3760 autem
2685 3705 2859 3761 sensit
2891 3719 3047 3759 suam
3082 3704 3137 3759 in
3175 3705 3337 3759 bonis
3375 3704 3615 3773 inopiam

2026 3809 2084 3856 et
2134 3800 2588 3862 imbecillitatem,
2633 3797 2811 3853 currit
2860 3798 2928 3852 ad
2957 3813 3085 3852 eum
3119 3798 3216 3868 qui
3259 3807 3443 3867 potest
3480 3797 3615 3853 dare

2027 3894 2490 3964 complementum
2541 3890 2760 3960 inopiae.
2807 3890 2892 3946 Fit
2927 3905 3062 3962 ergo
3104 3890 3370 3945 adversus
3410 3889 3614 3944 dictam

2028 3993 2269 4040 mentem
2325 3982 2581 4039 salutaris
2634 3982 2718 4038 ira
2765 3981 3188 4039 derelictionis:
3235 3990 3301 4037 ut
3349 3983 3616 4038 reddatur

2025 4074 2253 4131 humilis
2291 4085 2350 4130 et
2404 4081 2663 4145 agnoscat
2719 4073 3187 4144 suppeditatorem
3239 4082 3391 4129 recte
3448 4074 3617 4129 facto-

2025 4185 2186 4225 rum:
2221 4176 2278 4224 et
2324 4168 2382 4222 in
2417 4183 2545 4223 eum
2596 4182 2707 4222 non
2741 4166 2990 4222 incurrat
3043 4167 3151 4222 alia
3196 4167 3279 4220 ira
3321 4165 3615 4220 ablationis

2025 4261 2278 4316 datorum
2317 4259 2730 4315 charismatum.
2777 4258 2973 4314 Statim
3007 4259 3156 4313 enim
3185 4258 3452 4327 scriptum
3481 4263 3566 4310 est
3595 4273 3610 4310 :

2033 4373 2052 4406 ι
2073 4353 2141 4408 Et
2157 4353 2476 4427 humiliatus
2492 4351 2596 4404 fuit
2613 4350 2878 4405 Ezechias
2894 4351 2963 4405 ab
2980 4349 3270 4406 altitudine
3291 4349 3475 4405 cordis
3500 4349 3611 4414 sui,

2027 4455 2084 4502 et
2121 4445 2216 4517 qui
2255 4446 2578 4500 habitabant
2614 4444 2921 4498 Jerusalem
2954 4460 2968 4496 ι
3021 4451 3080 4499 ει
3117 4458 3231 4498 non
3257 4442 3412 4496 venit
3449 4457 3616 4511 super

2027 4553 2124 4594 eos
2153 4537 2232 4603 ira
2266 4535 2484 4591 Domini
2512 4535 2570 4589 in
2593 4533 2789 4589 diebus
2817 4531 3068 4588 Ezechiaa
3097 4532 3166 4585 ⁸⁷.
3198 4550 3217 4582 ι
3247 4529 3439 4586 Omnis
3459 4545 3612 4599 ergo,

2029 4628 2145 4699 qui,
2171 4637 2234 4683 ut
2254 4626 2461 4682 dictum
2484 4633 2590 4691 est,
2616 4639 2717 4696 per
2738 4624 2912 4679 Deum
2932 4621 3222 4677 victoriam
3245 4620 3351 4675 sibi
3377 4618 3610 4689 paravit,

2028 4730 2084 4776 et
2122 4735 2233 4774 non
2272 4718 2573 4774 secundum
2613 4715 3037 4772 retributionem
3071 4728 3234 4782 quam
3273 4709 3534 4790 retribuit
3558 4710 3612 4764 ei

2028 4813 2174 4867 Deus
2199 4810 2251 4865 ei
2284 4810 2559 4874 retribuit,
2600 4809 2708 4864 hoc
2743 4815 2848 4872 est,
2884 4803 3247 4876 magnitudini
3277 4801 3469 4857 salutis
3501 4815 3612 4855 non

2026 4901 2333 4974 exzequavit
2354 4901 2782 4973 magnitudinem
2801 4898 3098 4970 gratiarum
3120 4894 3353 4950 actionis
3380 4912 3392 4947 :
3423 4901 3480 4948 et
3502 4907 3610 4947 non

2025 5011 2095 5051 ex
2134 4992 2408 5049 beneﬁcio
2450 4993 2569 5063 ejus
2612 4991 2710 5061 qui
2744 4990 2978 5044 salutem
3016 4986 3170 5042 dedit
3205 4999 3490 5040 remensus
3527 4990 3613 5038 est

2027 5101 2184 5142 suam
2231 5083 2624 5149 all‘cctionem;
2675 5079 2971 5136 retributio
3017 5077 3166 5133 enim
3215 5077 3335 5148 ejus
3380 5074 3476 5144 qui
3525 5081 3612 5128 est

2025 5187 2400 5244 conservatus,
2432 5185 2518 5232 est
2545 5173 2764 5230 ali'cctio
2796 5187 2918 5242 quae
2955 5187 3055 5242 per
3089 5185 3254 5241 opera
3287 5166 3610 5238 rependitur

2025 5270 2316 5326 adversum
2355 5284 2481 5325 cum
2527 5267 2621 5339 qui
2661 5264 2902 5322 servavit
2937 5281 2950 5318 :
2993 5263 3086 5319 sed
3114 5263 3258 5319 elato
3288 5260 3454 5317 corde
3483 5274 3600 5327 suo,

1741 5533 1914 5590 Varia:
1942 5531 2227 5589 lectiones.

417 5617 432 5671 i
470 5620 555 5676 ῑσ.
583 5621 1045 5697 διασφιγχθ;ἰσαν.
