4062 6202
449 217 587 274 1275

1644 203 1701 259 S.
1742 199 2018 258 CYRILLI
2045 197 2146 254 ,ΕΤ
2186 195 2500 254 ALIORUM

3577 187 3734 248 ιετσ

447 347 706 403 tanquam
726 348 784 388 se
801 328 1084 402 mgnufice
1109 323 1561 393 circumspiciens
1577 336 1642 374 ac
1660 319 1764 374 sibi
1781 318 2022 387 placens,

2152 313 2385 376 ιπὸδοσις
2408 311 2516 389 γὰρ
2543 309 2636 365 τσῦ
2661 306 2928 374 σωθέντος
2951 308 3124 373 ἐστὶν,
3145 310 3177 379 ὴ
3200 307 3335 378 πρὸς
3350 307 3442 362 τὸν
3459 309 3736 362 σώσαντα

449 435 510 480 ut
545 425 696 494 quia
747 423 859 476 Deo
898 435 1007 474 non
1039 414 1338 484 acceperit,
1375 414 1500 484 jure
1551 409 1755 480 accipit
1796 407 2029 478 primam

450 531 574 584 quas
622 515 676 567 in
712 512 892 580 ipsum
931 508 992 562 fit
1039 507 1197 570 iram,
1255 507 1370 561 Deo
1423 501 1761 559 concedente
1811 497 2031 553 diabolo

453 601 890 672 intelligibiliter,
927 608 988 653 ut
1022 598 1098 651 ita
1134 597 1334 658 dicam,
1374 609 1499 649 cum
1528 608 1596 647 eo
1634 590 1947 660 conﬂigere,
1975 595 2033 641 et

451 710 550 751 eos
583 692 677 761 qui
715 700 844 746 sunt
869 690 925 743 in
963 687 1179 742 actione
1213 685 1541 742 labefactare
1567 683 1758 738 modos
1787 679 2028 743 virtutis,

452 792 512 839 et
551 797 673 852 quae
710 788 841 835 sunt
881 795 950 834 ex
984 776 1202 831 actione
1241 774 1548 846 pellucidas
1581 771 1909 827 conturbare
1939 783 2030 822 ra-

453 875 636 930 tiones
694 871 1054 942 cognitionis,
1124 875 1186 922 ut
1248 881 1376 921 cum
1433 863 1714 934 propriam
1777 857 2035 914 didicerit

455 964 922 1028 imbecillitatem,
976 968 1236 1032 agnoscat
1286 958 1528 1013 divinam
1579 955 1862 1017 virtutem,
1913 963 2035 1020 quae

453 1052 758 1126 prosternit
783 1066 881 1106 eos
905 1050 999 1120 qui
1041 1057 1168 1104 sunt
1191 1048 1248 1102 in
1269 1045 1428 1101 nobis
1452 1043 1682 1098 aﬂ‘ectus
1714 1056 1778 1095 ac
1814 1046 2035 1109 pertur-

454 1145 729 1206 bationes,
789 1150 848 1197 et
901 1139 1226 1194 humilietur
1279 1135 1489 1191 ducens
1544 1129 1922 1202 paenitentiam
1979 1134 2038 1182 et

456 1234 723 1306 abjiciens
755 1242 1024 1287 tumorem
1053 1231 1172 1301 ejus
1200 1243 1363 1298 quam
1386 1226 1454 1280 de
1475 1241 1532 1280 se
1554 1224 1719 1278 habet
1738 1219 2035 1291 opinionis,

455 1335 513 1381 et
545 1326 621 1379 ita
660 1326 772 1380 Deo
819 1326 1058 1395 placato,
1097 1327 1308 1375 avertat
1347 1317 1485 1371 iram
1525 1329 1648 1384 qua:
1690 1327 1788 1367 eos
1826 1309 2038 1365 invadit

457 1419 554 1488 qui
594 1427 764 1490 agunt
790 1415 1196 1487 paenitentiam,
1219 1411 1560 1466 auferentem
1587 1405 1815 1477 gratiam
1842 1403 2037 1458 anima:

458 1509 776 1571 custodem,
824 1516 881 1563 et
919 1508 1195 1562 desertum
1226 1503 1630 1571 relinquentem
1659 1513 1786 1552 eum
1827 1494 1922 1565 qui
1954 1499 2039 1548 est

460 1602 726 1673 ingratus.
782 1601 906 1655 Dies
949 1598 1198 1654 Ezechiae
1251 1594 1544 1664 intelliges,
1591 1591 1838 1646 diversas
1877 1587 2038 1642 dicta:

2126 406 2195 460 δι’
2237 405 2417 475 ἔργων
2474 402 2950 474 ἀντιμετρουμένη
3002 400 3243 464 διάθεσις
3263 417 3280 432 ’
3329 400 3445 455 ἀλλ’
3487 400 3730 471 rid-dna;

2128 497 2325 552 ἑαυτοῦ
2347 495 2447 566 τὴν
2477 495 2725 566 καρδίαν,
2759 493 2856 548 ατε
2891 494 3031 563 μέγα
3049 493 3324 564 φρονήσας
3347 493 3428 556 ὡς
3454 493 3530 564 μὴ
3561 492 3738 563 παρὰ

2128 586 2265 642 Θεοῦ
2314 585 2512 651 λαϐὼν,
2563 583 2785 651 ἐνδίκως
2836 582 3050 654 δέχεται
3095 582 3388 653 γινομένην
3428 581 3516 634 ἐπ’
3550 581 3738 637 αὐτὸν

2127 680 2229 750 τὴν
2262 678 2488 748 πρώτην
2513 677 2702 748 ὀργὴν,
2736 673 3150 746 συγχωροῦντος
3181 674 3276 728 τοῦ
3314 673 3450 728 Θεοῦ
3476 674 3559 745 τῷ
3595 674 3730 728 δια·-

2129 770 2274 842 6όλῳ
2301 769 2507 840 νοητῶς
2545 766 2696 838 αὐτῷ
2728 767 3138 837 συμπλακῆναι,
3169 766 3266 819 καὶ
3305 766 3434 830 τούς
3465 783 3526 819 τε
3572 764 3734 818 κατὰ

2131 863 2232 933 τὴν
2260 860 2458 931 πρᾶξιν
2483 857 2900 930 παραπλεῦσαι
2927 857 3175 929 τρόπους
3195 857 3297 927 τῆς
3311 857 3545 929 ἀρετῆςο
3580 855 3725 918 τούς

2131 969 2192 1005 τε
2245 949 2388 1004 κατά
2419 948 2518 1020 τὴν
2567 947 2802 1019 θεωρίαν
2851 946 3095 1014 διαυγεῖς
3141 944 3472 1000 έπιθολῶσαι
3516 945 3734 1013 λόγους

2132 1043 2230 1114 τῆς
2268 1040 2548 1112 γνώσεως,
2595 1040 2684 1094 ῖνα
2749 1037 2940 1110 μαθὼν
2981 1038 3082 1109 τὴν
3125 1036 3337 1092 οἰκείαν
3401 1037 3731 1101 ἀσθένειαν,

2134 1133 2344 1205 ἐπιγνῷ
2373 1133 2472 1204 τὴν
2503 1131 2651 1186 θείαν
2685 1131 2936 1200 δύναμιν,
2966 1129 3066 1200 τὴν
3095 1130 3154 1184 έν
3173 1131 3304 1201 ήμϊν
3331 1127 3402 1182 τὰ
3435 1128 3587 1197 πάθη
3617 1144 3729 1179 κα-

2134 1213 2572 1285 ταπαλαίουσαν,
2613 1223 2710 1276 καὶ
2752 1220 3064 1292 ταπεινωθῇ
3105 1221 3462 1291 μετανοήσας,
3499 1217 3602 1272 καὶ
3635 1215 3737 1269 τὸν

2136 1317 2300 1386 δγκον
2336 1313 2628 1370 ἀποϐαλὼν
2654 1313 2754 1384 τῆς
2797 1313 3048 1383 οἰήσεως,
3076 1313 3174 1366 καὶ
3204 1311 3380 1374 οὕτως
3412 1308 3735 1377 ίλεωσὰμε-

2137 1425 2227 1471 νος
2256 1407 2350 1461 τὸν
2381 1405 2516 1459 Θεὸν
2541 1402 2862 1475 ἀποστρέψῃ
2884 1401 2983 1473 τὴν
3006 1403 3384 1473 ἐπερχομένην
3407 1403 3726 1470 τοῖςμετα-

2137 1498 2350 1551 νοοῦσιν
2381 1495 2574 1566 ὀργὴν,
2608 1493 2707 1562 τὴν
2751 1491 3165 1563 ἀφαιρουμένην
3203 1491 3303 1561 τὴν
3346 1488 3740 1561 φρουρητικὴν

2140 1592 2302 1663 χάριν
2331 1591 2431 1661 τῆς
2461 1589 2660 1660 ψυχῆς,
2703 1588 2799 1642 καὶ⁸
2843 1586 3049 1657 ἔρημον
3075 1580 3596 1652 καταλιμπάνουσαν
3638 1576 3745 1630 τὸν

460 1669 662 1748 mentis
694 1690 1144 1752 illuminationes,
1171 1702 1310 1756 quas
1347 1694 1472 1739 ortu
1492 1683 1613 1752 suo:
1635 1680 1936 1737 fabricatur
1965 1677 2046 1733 sol

2152 1683 2467 1754 ἀγνώμονα.
2503 1680 2750 1752 Ἡμέρας
2779 1680 2838 1733 δὲ
2879 1675 3121 1744 Ἐζεκίου
3171 1675 3388 1744 νοήσεις
3433 1673 3561 1735 τοὺς
3611 1669 3745 1723 6w.-

457 1781 684 1853 justitias
702 1781 798 1852 qui
831 1787 1081 1835 versatur
1117 1778 1175 1832 in
1201 1772 1578 1846 intelligentia.

532 2048 624 2104 Ira
667 2045 765 2102 Dei
806 2052 892 2100 est
946 2041 1254 2099 laboriosus
1287 2054 1488 2095 sensus
1522 2051 1715 2092 eorum
1748 2035 1843 2106 qui
1880 2041 2043 2089 casti-

462 2141 697 2204 gantur,
753 2139 850 2188 aut
910 2138 1168 2199 tanquam
1230 2126 1728 2182 involuntariorum
1790 2125 2042 2179 laborum

465 2224 732 2289 inductio,
760 2239 860 2294 per
899 2238 1063 2292 quam
1119 2227 1359 2274 mentem
1404 2235 1526 2288 qua:
1561 2218 1786 2272 inﬂatur
1820 2226 2044 2286 propter

467 2318 724 2374 virtutem
778 2324 835 2372 et
894 2313 1300 2384 cognitionem,
1358 2314 1505 2367 Deus
1555 2327 1699 2380 saepe
1759 2308 1913 2364 ducit
1973 2307 2043 2362 ad

465 2412 899 2467 contractionem
923 2419 978 2464 et
1017 2407 1480 2469 humiliationem,
1506 2403 1815 2458 concedens
1839 2411 1901 2458 ut
1926 2403 2044 2472 ipsa

465 2517 527 2557 se
566 2510 844 2572 agnoscat,
885 2513 943 2556 et
971 2500 1046 2556 sit
1078 2498 1297 2555 conseia
1333 2513 1446 2552 sua;
1479 2495 1890 2551 imbecillitatis.
1924 2494 2046 2549 Alia

465 2602 650 2648 autem
690 2594 772 2647 ira
824 2594 920 2648 Dei
965 2603 1050 2647 est
1094 2589 1370 2660 repressio
1411 2586 1874 2658 suppeditationis
1907 2585 2047 2640 divi-

467 2701 666 2740 norum
695 2685 1108 2748 charismatum,
1133 2698 1255 2751 qua:
1275 2681 1499 2751 quidem
1525 2678 1953 2734 eonducibiliter
1987 2677 2048 2730 fit

467 2793 638 2848 super
675 2791 894 2832 omnem
922 2783 1162 2831 mentem
1187 2774 1352 2827 altam
1390 2781 1447 2826 et
1471 2770 1784 2835 sublimem,
1807 2777 1863 2824 et
1889 2767 2050 2823 bonis

469 2885 594 2937 quae
627 2868 735 2922 eia
774 2867 886 2920 Deo
916 2867 1042 2920 data
1078 2872 1230 2928 sunt,
1271 2870 1530 2932 tanquam
1563 2861 1678 2916 suis
1708 2870 1859 2916 recte
1892 2860 2050 2917 factis

469 2959 817 3029 gloriantem.

546 3048 633 3101 Fit
657 3063 756 3116 per
794 3047 1034 3100 divinam
1065 3045 1468 3114 providentiam
1491 3057 1658 3111 super
1678 3052 1917 3098 mentem
1943 3041 2053 3096 alta

473 3139 776 3207 sapientem
814 3137 896 3191 ira
928 3136 1326 3199 derelictionis,
1365 3150 1464 3189 seu
1497 3133 1786 3203 permissio
1835 3139 1898 3186 ut
1936 3132 2053 3202 ipsa

2150 1778 2352 1848 φόρους
2372 1774 2687 1846 φωτισμοὺς
2707 1771 2806 1826 τοῦ
2822 1769 3155 1842 δηλωθέντος
3180 1764 3441 1831 νοὺς,ὀθς
3460 1763 3746 1834 δημιουρ-

2145 1870 2234 1937 γεῖ
2267 1864 2360 1920 διὰ
2404 1865 2502 1935 τῆς
2542 1863 2679 1927 ιδίας
2729 1859 2996 1930 ἀνατολῆς
3024 1860 3056 1912 ὁ
3089 1854 3280 1928 νοητὸς
3329 1854 3480 1925 ἥλιος
3517 1852 3626 1922 τῆς
3661 1851 3748 1903 διο

2147 1958 2460 2027 καιοσύνης.
2549 1948 2555 1956 ’
3089 2023 3094 2029 δ

2231 2049 2398 2120 Ὀργὴ
2433 2045 2572 2101 Θεοῦ
2603 2047 2752 2100 ἐστιν
2802 2044 2837 2114 ή
2878 2041 2990 2096 τῶν
3032 2039 3571 2110 παιδαγιιησουμὲνων
3614 2038 3750 2093 ιπι.

2148 2152 2312 2200 πονος
2368 2134 2642 2205 αἴσθησις,
2695 2133 2815 2203 ὴτοι
2862 2133 2898 2202 ή
2941 2129 3051 2184 τῶν
3089 2129 3360 2186 ἀκουσίων
3399 2128 3582 2183 πόνων
3637 2130 3750 2181 ἑπ-

2149 2229 2362 2298 αγωγή·
2392 2228 2462 2281 δι’
2485 2223 2552 2299 ἧς
2583 2226 2675 2279 τὸν
2701 2226 2788 2278 ἐπ’
2814 2225 2984 2296 ἀρετῇ
3012 2223 3110 2277 καὶ
3133 2220 3335 2291 γνώσει
3365 2221 3751 2292 φυσιούμενον

2149 2320 2274 2375 νοῦν
2305 2321 2333 2372 ὁ
2361 2319 2491 2382 θεὸς
2516 2317 2775 2380 πολλάκις
2798 2317 2922 2385 ἄγει
2947 2315 3085 2386 πρὸς
3119 2312 3378 2384 συστολὴν
3413 2315 3507 2367 καὶ
3538 2313 3751 2367 ταπει-

2151 2428 2333 2477 νωσιν,
2374 2411 2536 2466 αὐτὸν
2579 2408 2775 2462 ἑαυτοῦ
2835 2407 3088 2476 γενέσθαι
3132 2406 3306 2470 διδοὺς
3355 2405 3742 2476 έπιγνώμονα,

2151 2504 2247 2558 καὶ
2305 2503 2404 2573 τῆς
2460 2500 2667 2565 οἰκείας
2703 2498 2988 2562 ἀσθενείας
3055 2498 3368 2567 συνίστορα.
3420 2497 3621 2567 Ἑτέρα
3681 2496 3747 2548 δι

2151 2593 2290 2666 ὀργὴ
2315 2593 2520 2663 Κυρίου
2557 2591 2704 2646 ἐστὶν
2747 2592 2781 2660 ὴ
2823 2589 3080 2659 ἀνακωχὴ
3109 2590 3210 2659 τῆς
3237 2588 3344 2641 τῶν
3373 2588 3534 2640 θείων
3578 2604 3754 2656 χαρι-

2157 2685 2380 2756 σμάτων
2437 2681 2733 2753 χορηγίας’
2783 2681 2907 2750 ἧτις
2964 2678 3352 2749 συμφερόντως
3405 2678 3498 2730 ἐπὶ
3558 2678 3756 2732 πάντα

2156 2775 2365 2844 γίνεται
2388 2774 2512 2828 νοῦν
2542 2773 2745 2844 ὑψηλὸν
2770 2772 2866 2826 καὶ
2897 2772 3194 2842 μετέωρον,
3235 2770 3330 2822 καὶ
3369 2771 3479 2833 τοῖς
3497 2769 3754 2823 δοθεῖσιν

2157 2865 2305 2937 αὐτῷ
2333 2865 2515 2919 θεόθεν
2543 2865 2750 2932 καλοῖς,
2779 2864 2856 2926 ὡς
2899 2862 2993 2917 ἐπὶ
3047 2861 3196 2925 ἰδίοις
3229 2858 3758 2932 μεγαλαυχούμενον

2159 2955 2569 3028 κατορθώμασι.
3363 3005 3382 3014 ,

2231 3048 2447 3101 Γίνεται
2478 3045 2621 3100 κατὰ
2659 3044 2918 3116 πρόνοιαν
2958 3043 3053 3097 ἐπὶ
3098 3041 3189 3097 τὸν
3225 3041 3578 3113 ὐψηλόφρονα
3616 3041 3760 3095 νοῦν

2160 3138 2298 3210 ὀργὴ
2317 3137 2778 3206 ἐγκαταλείψεως,
2794 3137 2915 3207 ἦτοι
2931 3133 3276 3206 συγχώρησις
3290 3132 3383 3187 τοῦ
3397 3133 3756 3205 διοχληθῆναι

407 3228 409 3230 ’
476 3235 709 3286 vexetur
753 3242 784 3281 a
822 3225 1183 3290 daemonibus,
1227 3234 1336 3280 tam
1392 3225 1448 3279 in
1509 3223 1723 3279 actione
1773 3238 1940 3292 quam
1999 3223 2048 3277 in

2160 3230 2325 3284 αὐτὸν
2346 3229 2453 3284 ὑπδ
2471 3228 2766 3298 δαιμόνων,
2791 3226 2935 3281 κατά
2955 3244 3015 3280 τε
3035 3225 3134 3297 τὴν
3160 3225 3383 3298 πρᾶξιν,
3400 3223 3548 3278 κατά
3565 3239 3627 3276 τε
3643 3222 3756 3292 τὴν

477 3317 987 3387 contemplatione:
1043 3326 1101 3372 ut
1141 3317 1375 3386 accipiat
1416 3315 1640 3385 quidem
1681 3330 1904 3370 sensum
1952 3330 2064 3370 sua:

479 3409 749 3464 naturalis
793 3408 1210 3471 imbecillitatis,
1255 3408 1590 3478 agnitionem
1636 3415 1820 3462 autem
1864 3405 2066 3462 divina

480 3501 700 3556 virtutis
731 3509 786 3556 ct
810 3501 997 3570 gratiae
1029 3516 1150 3570 quae
1183 3501 1358 3570 ipsam
1394 3500 1546 3570 tegit,
1581 3507 1638 3553 et
1663 3514 1827 3556 omne.
1858 3498 2065 3552 bonum

482 3601 630 3647 recte
692 3592 879 3656 efiicit,
933 3601 991 3646 et
1033 3592 1360 3646 humilietur
1414 3592 1606 3660 procul
1659 3606 1689 3644 a
1738 3605 1798 3644 se
1843 3590 2066 3644 omnino

480 3682 781 3738 amandans
827 3681 1061 3736 alienam
1099 3680 1467 3744 altitudinem,
1519 3689 1576 3735 et
1610 3695 1734 3748 qua:
1762 3686 1846 3733 est
1872 3687 2069 3748 prmter

483 3784 758 3838 naturam,
807 3789 877 3829 ne
915 3774 1022 3828 alia
1064 3773 1132 3828 ad
1168 3774 1341 3842 ipsam
1375 3780 1691 3826 revertatur
1733 3772 1836 3836 ira,
1868 3787 2068 3841 nempe

481 3866 686 3920 ablatio
705 3866 960 3920 datorum
985 3866 1398 3930 charismatum,
1432 3865 1779 3920 hannibalem
1811 3872 1867 3919 et
1890 3879 2069 3935 agno--

481 3964 731 4012 scentem
757 3972 883 4012 eum
907 3957 1003 4026 qui
1034 3958 1240 4026 prmbet
1264 3957 1428 4012 bona.

556 4049 661 4116 Qui
693 4065 805 4106 non
839 4059 932 4106 est
969 4050 1266 4120 castigatus
1303 4050 1484 4120 primo
1513 4049 1611 4104 irae
1647 4050 1833 4115 modo,
1873 4049 2070 4106 incidit

486 4141 542 4196 in
569 4143 896 4222 secundum,
933 4150 990 4196 et
1017 4143 1265 4211 privatur
1305 4142 1624 4211 operatione
1652 4142 2066 4208 charismatum,

483 4240 542 4286 et
568 4232 845 4289 deseritur
880 4248 912 4285 a
949 4232 1153 4286 virtute
1181 4249 1308 4286 eum
1339 4233 1704 4288 custodiente.
1741 4232 1901 4286 Alibi.
1919 4233 2068 4287 enim

485 4320 622 4375 dicit
659 4322 845 4378 Deus:
897 4339 913 4370 ι
948 4319 1207 4374 Auferam
1241 4321 1361 4392 ejus
1389 4336 1576 4390 sepem
1606 4329 1663 4375 et
1690 4321 1798 4375 erit
1836 4321 1893 4374 in
1917 4320 2067 4376 dire-

485 4409 752 4479 ptionem,
790 4418 846 4464 et
878 4410 1092 4465 diruam
1130 4412 1251 4482 ejus
1283 4411 1568 4481 parietem,
1606 4421 1664 4466 et
1699 4411 1809 4466 erit
1846 4411 1904 4466 in
1939 4427 2070 4466 con—

2166 3321 2418 3394 θεωρίαν⁶
2445 3321 2532 3374 ἵνα
2553 3318 2693 3390 λάϐῃ
2725 3319 2825 3389 τῆς
2857 3318 2957 3389 μὲν
2983 3316 3178 3372 ἑαυτοῦ
3206 3315 3440 3386 φυσικῆς
3457 3315 3757 3379 ἀσθενείας

2167 3413 2543 3485 συναίσθησιν,
2568 3412 2670 3481 τῆς
2689 3410 2746 3463 δὲ
2775 3409 3084 3480 σκεπούσης
3103 3409 3289 3473 αὐτὸν,
3316 3407 3412 3462 καὶ
3435 3407 3498 3461 τὸ
3524 3407 3756 3461 πάντων

2165 3505 2388 3572 ἀγαθῶν
2423 3501 2793 3573 κατορθούσης
2822 3501 2974 3564 θείας
3000 3499 3286 3570 δυνάμεώς
3312 3516 3372 3552 τε
3398 3499 3495 3553 καὶ
3520 3499 3759 3569 χάριτος

2167 3596 2482 3664 ἐπίγνωσιν,
2515 3595 2610 3650 καὶ
2650 3593 2984 3665 ταπεινωθῇ,
3020 3593 3213 3664 πόρρω
3243 3590 3523 3654 παντελῶς
3551 3590 3757 3643 ἑαυτοῦ

2167 3689 2228 3742 τὺ
2256 3688 2539 3760 ἀλλότριον
2563 3688 2658 3740 καὶ
2682 3687 2834 3757 παρά
2865 3685 3025 3755 φύσιν
3057 3684 3191 3754 ῦψος
3223 3682 3545 3753 ποιούμενος
3563 3698 3580 3711 ·
3607 3680 3758 3734 ὥστε

2171 3780 2247 3850 μὴ
2277 3778 2594 3833 ἐπανελθεῖν
2625 3779 2711 3830 ἐπ’
2747 3776 2911 3831 αὑτὸν
2949 3775 3062 3844 τὴν
3081 3774 3249 3845 ἄλλην
3282 3773 3472 3844 ὀργὴν,
3509 3772 3612 3842 τὴν
3639 3771 3764 3824 τῶν

2168 3874 2433 3929 δοθέντων
2464 3871 2823 3943 χαρισμάτων
2859 3870 3172 3940 ἀφαίρεσιν,
3212 3865 3619 3922 ταπεινωθέντα
3655 3865 3766 3918 καὶ

2169 3965 2461 4035 γενόμενον
2488 3963 2589 4031 τῆς
2619 3961 2714 4014 τοῦ
2744 3961 2814 4014 τά
2847 3959 2985 4013 καλὰ
3013 3958 3344 4029 παρέχοντος
3376 3955 3760 4023 ἐπιγνώσεως.

2251 4056 2310 4110 '0
2341 4055 2416 4126 μὴ
2459 4051 2854 4124 σωφρονισθείς
2892 4050 2970 4121 τῷ
3002 4050 3203 4120 πρώτῳ
3245 4049 3347 4120 τῆς
3393 4048 3586 4120 ὀργῆς,
3616 4047 3766 4100 ὕπο-

2171 4148 2358 4202 πίπτει
2401 4145 2482 4217 τῷ
2526 4145 2785 4216 δευτέρῳ,
2820 4144 2913 4197 καὶ
2945 4143 3262 4213 ἀφαιρεῖται
3292 4143 3392 4213 τὴν
3433 4141 3544 4194 τῶν
3600 4155 3766 4208 χαρι-

2172 4240 2393 4309 σμάτων
2425 4236 2730 4308 ἐνέργειαν,
2756 4236 2852 4289 καὶ
2877 4234 3087 4304 γίνεται
3108 4233 3206 4303 τῆς
3229 4233 3580 4305 φρουρούσης
3597 4230 3768 4283 δυνά-

2174 4345 2319 4400 μεως
2352 4327 2579 4399 ἔρημος.
2613 4325 2752 4396 Φησὶ
2780 4323 2889 4395 γὰρ
2915 4325 2973 4377 έν
3010 4323 3192 4386 ἄλλοις
3220 4325 3250 4376 ό
3293 4322 3446 4385 Θεὸς,
3492 4340 3511 4374 ι
3545 4322 3769 4389 ’Δφελῶ

2169 4419 2262 4470 τὸν
2303 4416 2558 4487 φραγμὸν
2617 4413 2808 4478 αὑτοῦ,
2839 4415 2936 4466 καὶ
2963 4413 3116 4466 ἔσται
3163 4413 3244 4475 είς
3279 4413 3626 4484 διαρπαγήν·
3662 4413 3772 4464 καὶ

486 4502 900 4557 culcationem:
949 4510 1006 4558 et
1059 4502 1331 4558 dimittam
1390 4503 1604 4558 vineam
1653 4519 1862 4566 meam,
1917 4511 1972 4558 et
2013 4502 2048 4556 ii

2174 4509 2386 4563 καθελῶ
2402 4508 2494 4561 τὸν
2523 4510 2704 4577 τοῖχον
2737 4504 2928 4569 αὑτοῦ,
2959 4505 3055 4560 καὶ
3080 4505 3233 4559 ἔσται
3255 4506 3335 4568 είς
3358 4505 3774 4574 καταπάτημα,

483 4591 660 4662 ipsam
684 4593 944 4648 ascendet
969 4594 1127 4662 spina
1159 4603 1415 4663 tanquam
1452 4594 1509 4648 in
1535 4604 1738 4649 terram
1767 4594 2031 4649 incultam

2175 4602 2268 4655 καὶ
2314 4600 2502 4670 ἀνήσω
2538 4573 2641 4652 τὸν
2659 4597 2961 4668 ἀμπελῶνά
2993 4613 3120 4667 μου,
3150 4595 3244 4650 καὶ
3275 4595 3615 4665 ἀναϐήσεται
3661 4573 3777 4647 αὑ-

480 4695 542 4740 et
579 4685 850 4740 mandabo
888 4685 1130 4741 nubibus
1166 4701 1235 4740 ne
1275 4686 1467 4755 pluant
1503 4687 1558 4740 in
1593 4686 1768 4756 ipsam
1797 4687 1861 4739 ³⁸.
1899 4705 1917 4737 ι
1959 4685 2048 4741 8οι

2172 4693 2285 4758 τὸν,
2317 4694 2394 4756 ὡς
2429 4694 2510 4754 εἰς
2537 4693 2733 4762 χέρσον
2761 4689 2976 4744 ἄκανθα
2999 4704 3014 4718 ο
3047 4690 3142 4742 καὶ
3172 4689 3294 4751 ταῖς
3317 4688 3574 4756 νεφέλαις
3609 4689 3777 4739 ὲντεδ

481 4778 780 4848 quomodo,
827 4794 953 4832 cum
1005 4777 1298 4832 cecidisset
1329 4779 1612 4843 Ezechias,
1665 4780 1804 4834 facta
1841 4788 1925 4834 est
1956 4796 2048 4832 nor

2174 4785 2374 4853 λοῦμαι
2401 4782 2495 4837 τοῦ
2547 4783 2622 4854 μὴ
2657 4782 2848 4854 βρέξαι
2882 4783 2963 4844 εἰς
2987 4781 3168 4834 αὐτόν.
3215 4799 3237 4832 ι
3282 4779 3444 4833 Ἀλλά
3492 4779 3632 4842 πῶς,
3665 4778 3772 4829 τοῦ

480 4870 663 4925 solum
698 4885 864 4940 super
885 4871 1064 4941 ipsum
1089 4871 1190 4937 ira,
1217 4871 1313 4925 sed
1339 4880 1394 4925 et
1416 4885 1582 4940 super
1605 4871 1799 4926 Judam
1823 4881 1878 4924 et
1901 4886 2048 4940 supei

2187 4875 2429 4945 Ἐζεκίου
2475 4874 2794 4944 σφαλέντος,
2839 4873 3056 4938 ἐγένετο
3079 4872 3181 4926 οὐκ
3222 4872 3309 4924 ἐπ’
3337 4871 3498 4924 αὑτὸν
3535 4869 3698 4940 μόνον
3729 4870 3770 4936 ἡ

480 4961 806 5022 Jerusalem,
825 4962 1038 5016 etiamsi
1057 4961 1320 5015 Dominus
1333 4970 1520 5030 aperte
1531 4961 1658 5017 alibi
1678 4960 2043 5031 pronuntiarit

2174 4969 2334 5040 ὀργὴ,
2367 4967 2506 5021 ἀλλὰ
2557 4966 2653 5020 κα)⁵
2694 4966 2789 5018 ἐπὶ
2833 4965 3054 5029 Ἰούδαν,
3099 4966 3193 5018 καὶ
3238 4963 3334 5016 ἐπὶ
3383 4959 3772 5031 Ἰερουσαλὴμ.

485 5068 556 5107 ne
577 5055 842 5110 moriatur
865 5055 1006 5110 alius
1028 5071 1128 5125 pro
1152 5064 1378 5124 peccato
1403 5055 1651 5122 alterius,
1676 5054 1775 5110 sed
1801 5055 2048 5109 m’oriatm

2176 5064 2355 5120 καίτοι
2393 5060 2488 5115 τοῦ
2530 5058 2739 5130 Κυρίου
2791 5059 2979 5126 σαφῶς
3006 5059 3064 5109 ὲν
3108 5056 3291 5119 ἄλλοις
3335 5051 3777 5123 ἀποφηναμένου

487 5147 868 5216 unusquisque
905 5147 964 5202 in
1003 5163 1104 5201 suo
1136 5147 1410 5217 peccato?

2179 5158 2257 5227 μὴ
2284 5155 2578 5209 ἀποθανεῖν
2610 5152 2769 5207 ἄλλον
2813 5151 2955 5222 ὑπὲρ
2999 5149 3102 5218 τῆς
3156 5147 3328 5202 ἄλλου’
3357 5144 3773 5216 πλημμελείας,

504 5299 510 5320 ;
661 5285 664 5287 λ
2174 5247 2552 5302 ἀλλ’,ἓκαστον
2581 5246 2636 5297 ὲν
2661 5246 2728 5314 τῇ
2762 5242 3010 5314 ἁμαρτίᾳ
3039 5239 3202 5294 αὑτοῦ
3238 5236 3655 5299 ἀποθανεῖσθαις

563 5341 829 5406 Quoniam
861 5346 1174 5414 acet-pimus
1197 5346 1485 5402 Ezechiam
1512 5360 1610 5415 pro
1639 5354 1822 5398 mente
1852 5353 2048 5398 amanti

2259 5337 2479 5407 Ἐπειδὴ
2503 5336 2596 5388 τὸν
2639 5335 2888 5406 Ἐζεκίαν
2919 5336 2999 5399 είς
3019 5333 3122 5387 ’τὸν
3163 5331 3454 5402 φιλόσοφον
3488 5328 3582 5381 καὶ
3609 5327 3774 5396 φιλό-

490 5431 774 5498 sapicntim
828 5445 882 5488 et
923 5436 1048 5500 Dei,
1097 5438 1293 5493 Judam
1335 5448 1514 5492 autem
1566 5452 1667 5507 pro
1711 5436 1946 5497 actione,
1983 5436 2043 5490 Je

2179 5431 2298 5483 θεον
2336 5427 2767 5499 προδιελάϐομεν
2805 5425 2951 5492 νοῦν,
2998 5426 3095 5480 καὶ
3147 5425 3239 5478 τὸν
3289 5422 3390 5494 μὲν
3433 5420 3640 5475 Ἰούδαν
3689 5420 3779 5483 εἰς

490 5520 728 5579 Γυεθῖυιη
771 5539 898 5577 V’Cl‘o
943 5544 1041 5594 pro
1081 5530 1540 5600 contemplatione
1580 5548 1591 5583 :
1640 5528 1861 5599 quando
1907 5528 2046 5583 intel.

2184 5522 2404 5596 πρᾶξιν,
2435 5521 2532 5591 τὴν
2570 5520 2628 5574 δὲ
2667 5519 3026 5591 Ἰερουσαλὴμ
3073 5515 3282 5587 είςλτὴν
3334 5513 3567 5585 θεωρίαν
3590 5529 3602 5544 ’
3636 5511 3788 5566 ὅταν

563 5655 746 5716 "13a.
781 5674 830 5718 ιν,
859 5658 909 5722 :‘5,
935 5659 986 5713 6.
