4062 6202
259 281 401 339 ηπ

1632 266 2159 334 επιεστιιινειε

3383 272 3524 331 1278

256 410 319 449 τι
337 391 461 448 καθ’
491 386 606 447 οἷον
624 392 697 465 δή
719 408 851 448 ποτε
866 388 1073 463 τρόπον
1101 387 1431 446 πεπονθιναι
1453 389 1548 444 τὸν
1565 388 1694 445 νοῦν
1717 391 1843 460 νοή-

1947 387 2242 445 lexerimus
2272 393 2512 443 mentem
2532 385 2734 457 quovis
2756 384 2922 441 modo
2951 398 3076 441 esse
3110 394 3351 455 passam,
3391 394 3526 440 tunc

257 501 469 557 «ευμεν,
492 487 615 561 τότε
645 485 744 540 καὶ.
781 483 885 557 τὴν
925 482 1439 557 πρακτικὴν,αύτοῦ
1473 483 1711 554 δύναμιν
1746 483 1843 538 καὶ

256 577 363 651 τὴν
380 576 722 650 θεωρητικὴν
738 575 1196 647 ,συμπεπονθιναι
1221 574 1572 646 πιστεύομεν.
1600 574 1709 628 Τοῦ
1732 574 1844 646 γάρ

260 669 626 742 ὑποκειμένου
650 668 976 738 πάσχοντος,
1004 668 1102 722 καὶ
1130 666 1204 721 τά
1228 667 1290 723 ιν
1320 665 1672 737 ῦποκειμίνῳ
1700 678 1843 734 συμ-

261 761 584 832 πάσχουσιν.
638 758 1031 830 Ὑποκείμενον
1062 759 1162 830 μιν
1184 757 1296 830 γάρ
1314 760 1344 812 6
1362 755 1509 824 νοῦς,
1538 757 1617 820 ὡς
1640 757 1845 827 ἀρετῆς

260 849 360 903 καὶ
385 846 643 917 γνώσεως
696 847 970 913 δικτικός.
1011 848 1101 902 Ἐν
1142 846 1497 919 ὑποκειμένῳ
1539 845 1600 899 δὲ
1641 844 1844 915 πρᾶξις

261 939 358 993 καὶ
394 937 619 1010 θεωρία,
665 938 892 1005 αῐτινες,
916 938 1061 1012 πρὸς
1104 937 1201 993 τδν
1245 938 1394 1004 νοῦν,
1419 935 1844 1009 συμϐεϐηκότων

256 1030 427 1100 λόγον
473 1030 755 1102 ιπέχουσι.
794 1033 892 1087 Διὸ
931 1032 1079 1088 κατά
1119 1032 1299 1088 πάντα
1322 1033 1531 1103 τρόπον
1576 1032 1671 1085 καὶ
1699 1047 1844 1101 συμο

260 1120 535 1191 πάσχουσι
555 1121 841 1192 πάσχοντι,
875 1121 978 1192 τὴν
1004 1121 1171 1176 αὐτοῦ
1201 1122 1363 1177 ποιάν
1388 1122 1627 1193 κίνησιν,
1661 1120 1839 1193 ἀρχὴν

263 1212 362 1283 τῆς
382 1211 945 1277 ﬂammatde
971 1212 1214 1285 εκωσιι.
1239 1214 1437 1278 nam:
1458 1209 1553 1269 οὖν
1580 1210 1659 1285 τῷ
1689 1213 1843 1285 ρητῷ

260 1302 360 1372 τῆς
399 1301 625 1373 Γραφῆς
652 1303 994 1375 συμφέρεται
1020 1303 1132 1374 τῆς
1161 1301 1396 1372 θεωρίας
1435 1304 1467 1356 6
1495 1301 1675 1371 λόγος,
1699 1301 1844 1357 λύων

261 1391 326 1448 τὸ
363 1393 692 1464 φαινόμενον
737 1393 966 1466 ἄπορον.
996 1395 1177 1458 Μόνος
1208 1394 1318 1466 γὰρ
1360 1396 1392 1448 ό
1420 1393 1549 1457 νοῦς
1587 1393 1843 1464 ὑψοῦται,

266 1483 694 1561 μεγαλοφρονῶν
733 1485 830 1539 ἐπὶ
871 1483 1283 1557 κατορθώματι.
1333 1484 1400 1540 Ἡ
1436 1483 1636 1556 πρᾶξις
1658 1483 1717 1539 δὲ
1747 1482 1846 1538 καὶ

264 1573 302 1644 ἰι
338 1572 546 1645 θεωρία
593 1573 656 1626 οὐ
703 1572 984 1645 πεφύκασι
1030 1572 1197 1629 τοῦτο
1220 1572 1475 1644 πάσχειν,
1506 1572 1584 1644 μὴ
1610 1571 1846 1646 θεωρού-

266 1679 431 1735 μεναι
458 1664 582 1721 καθ’
619 1666 821 1731 ιαυτὰς
851 1663 1230 1730 ὑποστατικῶς
1251 1680 1268 1699 ·
1296 1665 1448 1737 ὅμως
1500 1666 1603 1736 μέν
1649 1682 1736 1721 τοι
1764 1664 1844 1735 τῷ

265 1753 343 1826 νῷ
372 1756 519 1812 κατά
547 1773 605 1812 τι
625 1757 974 1830 μολυνομένῳ
1005 1757 1391 1830 συγχαίρονται
1412 1758 1466 1816 κ.

268 2039 381 2098 Kal
411 2040 602 2112 ἔθαψε
623 2041 740 2112 τὸν,
769 2040 1031 2112 Ἑζεκίαν
1048 2042 1121 2096 ἐν
1149 2040 1441 2112 ἀναϐάσει
1470 2039 1677 2111 τάφων
1704 2040 1850 2112 οἰῶν

340 2110 542 2193 Δρϐὶᾼδ,
573 2112 675 2193 καὶ
718 2110 922 2193 δεξί’-ζωῇ
934 2111 1034 2167 καὶ
1064 2110 1282 2193 ’τιιιῂνι
1300 2110 1555 2193 ἔδωκαν
1590 2111 1752 2193 αὐτῷ
1778 2113 1849 2164 ἐν

341 2179 690 2262 τιῖζθανὰτφ
730 2180 941 2262 αὐτοῦ-
966 2249 980 2262 ,
1006 2179 1388 2251 πᾶςήἸούδα,
1425 2181 1535 2262 καὶ.
1560 2185 1615 2237 οι
1650 2200 1849 2237 uarat-

338 2249 592 2319 κοῦντες
640 2249 1049 2322 Ἰερουσαλήμ.
1373 2249 1382 2251 “
1526 2254 1535 2263 ’

339 2366 504 2421 Δαϐὶδ
528 2366 892 2441 ἑρμηνεύεται
920 2366 1020 2438 μὲν
1042 2363 1462 2433 ἐξουδένωσις,
1485 2363 1848 2439 ἑρμηνεύεται

271 2456 328 2511 δὲ
353 2457 450 2511 καὶ
473 2455 680 2525 ἱκανὸς
709 2457 881 2528 χειρί.
908 2456 1005 2528 Είη
1030 2456 1076 2510 δ’
1103 2455 1169 2510 ἂν
1193 2453 1431 2522 τοιοῦτος
1459 2458 1758 2530 όΧριστδς,
1789 2457 1849 2514 ὃν

271 2546 775 2618 ἀποδοκιμάσαντες
798 2546 1160 2614 ὲξουδὲνωσαν
1183 2548 1232 2603 οἱ
1252 2547 1362 2602 τῶν
1390 2549 1658 2604 Ἰουδαίων
1685 2551 1848 2621 ἱερεῖς

270 2656 333 2693 τε
365 2639 460 2694 καὶ
486 2638 770 2711 ἄρχοντες,
806 2639 1098 2710 γενόμενον
1126 2640 1192 2695 δι’
1228 2641 1377 2712 ἡμᾶς
1407 2641 1607 2706 ὄνειδος
1636 2641 1849 2714 ἀνθρώ-

272 2748 392 2785 πων
414 2729 786 2785 ἀπιστούντων
815 2732 883 2804 τῇ
907 2729 1156 2802 ἀληθείᾳ,
1192 2732 1288 2785 καὶ
1321 2732 1662 2803 ὲξουδένωμα
1714 2732 1848 2789 λαοῦ

272 2821 514 2895 πλήρους
549 2820 857 2894 ἁμαρτιῶν.
895 2822 952 2876 Ὀ
982 2821 1187 2895 ποιμὴν
1207 2824 1236 2876 6
1276 2822 1462 2887 καλὸς,
1492 2825 1521 2877 6
1543 2823 1713 2886 τιθεὶς
1749 2823 1849 2894 τὴν

271 2913 450 2986 ψυχὴν
476 2914 615 2986 ὑπὲρ
658 2913 816 2985 ἡμῶν
844 2914 954 2968 τῶν
986 2912 1152 2968 αὑτοῦ
1176 2915 1464 2987 προϐάτων
1483 2932 1497 2947 ο
1531 2916 1560 2968 6
1588 2916 1848 2971 ἀποκτεί-

271 3021 370 3069 νας
392 3002 482 3056 τὸν
508 3002 697 3059 λέοντα
733 3004 827 3058 καὶ
851 3004 950 3076 τὴν
981 3003 1205 3076 ἄρκτον,
1228 3006 1319 3059 τὸν
1352 3004 1522 3077 θυμὸν
1555 3005 1721 3076 λέγω,
1752 3008 1848 3061 καὶ

268 3084 372 3166 ’τὴν
399 3094 716 3166 ἐπιθυμίαν,
759 3094 831 3149 τά
865 3096 1245 3167 σπαράττοντα
1284 3096 1385 3166 τῆς
1429 3097 1488 3151 ὲν
1522 3099 1653 3169 ἡμῖν
1697 3098 1844 3164 θείας

272 3185 479 3250 είκόνος
506 3186 567 3239 τὸ
591 3186 805 3249 κάλλος.
843 3185 901 3241 '0
935 3188 1250 3260 πυρῤάκης,
1279 3188 1368 3245 διά
1402 3188 1463 3243 τὸ
1492 3190 1725 3262 πάθημα
1748 3191 1848 3261 τῆς

276 3277 512 3349 σφαγῆς.
552 3279 708 3333 Μετά
738 3278 971 3345 κάλλους
1006 3278 1326 3350 ὀφθαλμῶν,
1353 3280 1501 3335 τοῦτ’
1533 3280 1671 3344 εστι,
1709 3280 1849 3352 μετὰ

271 3369 430 3443 δόξης
478 3368 588 3425 τῶν
636 3367 780 3443 κατά
825 3370 1083 3441 πρόνοιαν
1133 3369 1227 3425 καὶ
1284 3370 1466 3442 κρίσιν
1502 3370 1849 3443 ὑψηλοτέρων

272 3454 469 3529 λόγων.
518 3459 821 3531 Ὀφθαλμοὶ
850 3462 959 3533 γάρ
990 3456 1100 3514 εἷεν
1129 3459 1197 3515 ἂν
1229 3460 1323 3515 τοῦ
1358 3459 1520 3530 λόγου
1555 3462 1588 3533 ἡ
1620 3460 1850 3534 πρόνοια

276 3552 368 3607 καὶ
393 3552 427 3623 ἠ
461 3553 661 3624 κρίσις,
686 3552 751 3606 δι’
772 3544 847 3607 ὧν
878 3554 1111 3608 ποιεῖται
1142 3549 1238 3605 τοῦ
1270 3551 1469 3615 παντὸς
1494 3551 1594 3622 τὴν
1622 3553 1850 3606 ἐπισκο-

274 3644 404 3716 πήν.
440 3644 513 3698 Ἦ
538 3644 826 3715 πυρῤάκης
856 3643 954 3711 μὲν
983 3642 1071 3696 διὰ
1100 3641 1200 3713 τὴν
1226 3640 1558 3713 φαιδρότητα
1581 3641 1675 3696 τοῦ
1709 3642 1847 3713 βίου.

271 3730 431 3788 Μετά
467 3730 699 3795 κάλλους
729 3732 785 3785 δὲ
809 3729 1126 3801 ὀφθαλμῶν,
1144 3729 1233 3784 an
1259 3730 1349 3783 τὸν
1375 3730 1665 3803 ἄμεμπτον
1696 3732 1852 3802 λόγον

273 3823 374 3895 τῆς
408 3821 681 3893 γνώσεως.
722 3823 783 3879 '0
813 3821 908 3875 τοῦ
953 3819 1147 3892 νοητοῦ
1187 3821 1279 3875 καὶ
1307 3823 1680 3896 ὑπερηφάνου,
1709 3828 1853 3898 φημὶ

274 3915 340 3990 δὴ
364 3916 458 3971 τοῦ
503 3915 748 3971 διαϐόλου
780 3915 1047 3985 σφαγεὺς,
1097 3914 1191 3968 τοῦ
1245 3915 1599 3988 πεντάπηχυν
1639 3918 1854 3989 ἔχοντος

274 4008 374 4080 τὴν
402 4008 646 4080 ἠλικίαν,
685 4007 774 4060 διὰ
810 4006 912 4077 τὴν
954 4005 1083 4081 περὶ
1120 4004 1219 4069 τὰς
1248 4008 1410 4062 πέντε
1453 4007 1549 4063 τοῦ
1601 4010 1853 4080 σώματος

276 4099 555 4170 αἰσθήσεις
588 4097 815 4169 αῠξησιν
841 4097 941 4168 τῆς
972 4096 1138 4152 αὐτοῦ
1163 4099 1391 4161 κακίας·
1420 4101 1449 4153 6
1483 4098 1737 4170 βασιλεὺς
1758 4103 1851 4160 τοῦ

277 4162 530 4260 ἀληθινοῦ
578 4162 814 4260 Ἰσραὴλ,
842 4162 936 4242 καὶ.
966 4187 1203 4260 ὁρῶντος
1238 4189 1394 4255 Θεὸν,
1432 4162 1557 4245 ὅσον
1589 4162 1814 4263 ἐφικτόν
1834 4212 1849 4225 ·

279 4279 327 4333 εί
360 4281 454 4333 καὶ
482 4279 676 4346 Σαοὺλ,
706 4282 735 4336 ό
756 4280 986 4344 παλαιὸς
1011 4280 1152 4334 κατά
1175 4281 1265 4335 τὸν
1294 4281 1457 4351 νόμον
1485 4282 1632 4350 λαὸς,
1667 4285 1853 4355 μαίνε-

1947 493 2008 539 et
2040 481 2347 552 potentiam
2376 480 2497 551 ejus
2524 477 2757 533 activam
2779 483 2835 531 et
2860 474 3342 547 contemplativam
3359 474 3524 530 simul

1945 586 2165 644 passam
2221 584 2346 629 esse
2396 570 2693 626 credimus.
2746 569 2996 624 Patiente
3046 567 3196 622 enim
3250 567 3522 637 subjecto,

1943 666 2111 723 etiam
2159 680 2226 720 ea
2275 679 2400 735 quin
2446 669 2576 718 sunt
2626 662 2685 716 in
2734 661 2981 731 subjecto
3025 658 3331 729 patiuntur.
3388 656 3525 711 Nam

1943 770 2101 814 mens
2157 755 2382 826 quidem
2431 763 2519 810 est
2573 753 2920 824 subjectum,
2967 757 3031 806 ut
3081 765 3205 819 quae
3242 749 3315 803 sit
3352 760 3526 817 capax

1941 846 2167 904 virtutis
2200 854 2260 903 et
2289 844 2727 917 cognitionis..ln
2755 843 3004 914 subjecto
3021 851 3206 897 autem
3225 847 3356 895 sunt
3380 837 3527 893 actio

1941 950 2000 998 et
2052 940 2475 1011 contemplatio,
2538 952 2662 1008 quae
2708 936 2966 1007 quidem,
3014 933 3164 1005 quod
3212 933 3411 988 attinet
3455 930 3525 985 ad

1943 1043 2212 1096 mentem,
2260 1031 2442 1086 locum
2481 1038 2674 1084 tenent
2719 1027 3109 1083 accidentium.
3160 1024 3526 1092 Quamobrem

1943 1126 2093 1183 omni
2114 1124 2278 1180 modo
2299 1122 2462 1178 simul
2486 1121 2773 1192 patiuntur
2791 1133 2917 1174 cum
2939 1132 3004 1173 ea
3023 1117 3288 1189 patiente,
3308 1116 3526 1186 qualem

1944 1219 2065 1289 eius
2101 1223 2309 1271 motum
2342 1214 2611 1269 habentes
2654 1210 2988 1282 principium
3019 1224 3132 1265 sua:
3152 1207 3521 1263 alienationis.

1945 1310 2115 1366 Recte
2174 1320 2308 1377 ergo
2350 1318 2477 1361 cum
2530 1302 2679 1359 dicto
2726 1302 3025 1372 Scriptura:
3075 1299 3333 1356 convenit
3384 1297 3526 1352 ratio

1946 1396 2446 1469 contemplationis,
2499 1396 2721 1451 solvens
2775 1392 3006 1449 dubium
3064 1391 3213 1463 quod
3275 1397 3522 1460 apparet.

1946 1492 2071 1548 Sola
2111 1490 2259 1546 enim
2289 1504 2445 1544 mens
2480 1487 2785 1551 extollitur,
2826 1486 2897 1541 de
2932 1493 3083 1540 recte
3107 1483 3266 1539 factis
3294 1498 3523 1554 magno-

1947 1598 2083 1655 pene
2101 1582 2206 1637 sibi
2234 1581 2459 1651 placens
2484 1587 2540 1635 et
2556 1592 2782 1649 magnos
2805 1591 3029 1632 sumens
3041 1575 3291 1646 spiritus.
3307 1574 3525 1631 Actioni

1946 1681 2131 1729 autem
2163 1681 2223 1728 et
2247 1668 2697 1740 contemplationi
2720 1683 2753 1722 a
2780 1673 2979 1722 natura
3007 1682 3120 1721 non
3157 1673 3243 1721 est
3274 1665 3523 1721 innatum

1875 1738 1919 1795 Β
1947 1775 2010 1825 ut
2044 1768 2151 1823 hoc
2174 1738 2486 1837 patiantur,
2507 1770 2570 1817 ut
2606 1777 2728 1832 qua:
2751 1775 2852 1831 per
2888 1774 2949 1815 se
2970 1773 3081 1813 non
3106 1758 3527 1813 considerentur

1947 1856 2325 1929 hypostatiee,
2383 1863 2443 1910 et
2498 1861 2682 1908 tamen
2732 1858 2917 1906 mente
2962 1849 3206 1920 polluta,
3244 1861 3326 1903 ea:
3359 1845 3523 1902 simtl

1944 1950 2289 2021 polluuntur.

1947 2061 2018 2118 Et
2042 2060 2247 2132 sepeliit
2281 2059 2559 2132 Ezechiam
2584 2058 2639 2111 in
2664 2070 2889 2132 ‘ascensu
2907 2050 3269 2132 sepulcrorum
3286 2048 3525 2132 ﬁliorum

2016 2120 2208 2196 Da'vid,
2242 2138 2291 2184 et
2329 2130 2558 2200 glorians
2584 2138 2631 2200 et
2655 2128 2903 2181 honorem
2941 2120 3260 2200 dederuntei
3279 2122 3331 2200 in
3358 2127 3528 2200 morte

2017 2203 2154 2265 ejus,
2194 2191 2465 2255 ιιιιίυέηιιι
2494 2198 2659 2264 Iuda,
2694 2206 2744 2251 et
2778 2211 2957 2250 omnes
2998 2194 3087 2263 qui
3123 2191 3433 2247 habitabant
3464 2192 3527 2244 in

2052 2270 2317 2326 erusalem
2367 2270 2434 2323 ⁸⁸.

2017 2386 2191 2442 David
2214 2385 2614 2455 interpretatur
2643 2378 2891 2449 quidem,
2928 2374 3082 2431 nihil:
3116 2388 3325 2447 penna;
3355 2371 3529 2426 inter-

1947 2484 2196 2548 pretatur
2217 2485 2401 2531 autem
2428 2473 2617 2538 etiam,
2651 2485 2816 2525 manu
2854 2468 3075 2523 idoneus
3106 2482 3203 2520 seu
3227 2463 3524 2519 sufﬁciens.

1948 2547 2095 2623 'l‘alis
2134 2574 2320 2622 autem
2347 2569 2436 2617 est
2455 2560 2732 2622 Christus,
2767 2570 2931 2626 quem
2970 2553 3327 2624 reprobantes
3365 2547 3526 2607 nihili

1948 2659 2262 2730 penderunt
2282 2653 2594 2710 Judzeorum
2615 2647 2931 2703 sacerdotes
2949 2654 3006 2700 et
3028 2641 3322 2713 principes,
3348 2639 3529 2694 factus

1947 2764 2050 2819 pro
2093 2747 2259 2804 nobis
2308 2742 2669 2814 opprobrium
2706 2738 2993 2794 hominum
3032 2751 3145 2790 non
3182 2730 3529 2788 credentium

1948 2838 2192 2901 veritati,
2221 2844 2279 2893 et
2308 2833 2563 2905 abjectio,
2594 2847 2692 2887 seu
2727 2829 2887 2887 nihili
2923 2826 3116 2899 pensio
3147 2824 3321 2895 plebis
3351 2822 3529 2893 plenas

1948 2931 2213 3003 peccatis.
2264 2928 2450 2984 Bonus
2487 2933 2707 2996 pastor,
2744 2922 2841 2994 qui
2882 2920 3041 2991 ponit
3088 2918 3325 2974 animam
3370 2928 3529 2970 suam

1952 3040 2053 3095 pro
2104 3022 2268 3077 nobis
2319 3020 2388 3083 ‘°,
2443 3017 2539 3088 qui
2586 3030 2775 3071 sumus
2814 3028 2948 3068 oves
2986 3011 3108 3081 ejus
3141 3028 3158 3063 :
3190 3007 3290 3078 qui
3323 3005 3532 3063 occidit

1950 3117 2166 3171 leonem
2206 3121 2264 3167 et
2302 3122 2525 3174 ursum,
2567 3109 2726 3171 iram,
2760 3105 3021 3173 inquam.
3059 3109 3118 3157 et
3152 3098 3528 3168 cupiditatem,

1950 3219 2074 3275 quae
2101 3202 2422 3270 discerpunt
2448 3213 2511 3253 ac
2527 3197 2833 3253 dilacerant
2847 3188 3313 3264 pulchritudinem
3329 3186 3533 3243 divinat

1950 3311 2073 3366 quae
2106 3302 2193 3350 est
2231 3293 2289 3348 in
2325 3290 2486 3347 nobis
2525 3287 2799 3358 imaginis.
2834 3284 2943 3352 Qui
2968 3291 3061 3339 est
3103 3281 3261 3338 rufus
3306 3287 3533 3351 propter

1951 3385 2155 3442 caedem
2204 3399 2370 3453 quam
2432 3389 2519 3437 est
2566 3389 2882 3448 perpessus.
2929 3373 3069 3428 Cum
3117 3369 3531 3442 pulchritudine

1951 3474 2259 3541 oculorum,
2302 3471 2410 3527 hoc
2451 3477 2557 3531 est.
2598 3466 2772 3536 gloria
2811 3461 3196 3518 sublimiorum
3233 3458 3527 3519 rationum.

1952 3581 2089 3638 quae.
2111 3570 2241 3619 sunt
2272 3577 2341 3616 ex
2374 3555 2722 3629 providentia
2754 3562 2813 3609 et
2847 3551 3079 3623 judicio.
3116 3549 3346 3605 Fuerint
3379 3547 3529 3603 enim

1951 3656 2098 3713 oculi
2147 3652 2400 3715 rationis,
2450 3644 2798 3719 providentia
2839 3652 2896 3698 et
2943 3640 3235 3713 judicium,
3271 3656 3373 3709 per
3406 3653 3531 3709 quas

1952 3736 2177 3818 inspicit
2201 3752 2259 3801 et
2299 3742 2489 3799 visitat
2517 3736 2955 3795 universitatem.
2983 3734 3095 3789 Aut
3118 3732 3276 3788 rutus
3305 3731 3533 3802 quidem

1949 3844 2177 3909 propter
2205 3833 2330 3888 vitae
2361 3828 2720 3887 alacritatem.
2749 3826 2886 3882 Cum
2907 3822 3319 3895 pulchritudine
3343 3831 3531 3879 autem

1952 3927 2265 3989 oculorum,
2308 3929 2537 3994 propter
2587 3918 2857 3974 rationem
2892 3915 3224 3988 cognitionis
3270 3914 3328 3970 iu
3360 3928 3533 3983 quam

1953 4036 2063 4078 non
2121 4017 2271 4075 cadit
2328 4012 2707 4086 reprehensio.
2764 4011 2871 4079 Qui
2942 4010 3048 4067 sub
3112 4006 3533 4078 intelligentiam

1952 4112 2247 4170 cadentem
2271 4107 2681 4181 superbumque
2707 4102 2948 4164 Goliath,
2967 4100 3263 4163 diabolum,
3284 4098 3529 4167 inquam,

1954 4197 2251 4263 interiecit,
2296 4196 2395 4268 qui
2434 4195 2680 4266 quinque
2713 4192 2935 4264 quidem
2962 4190 3275 4246 cubitorum
3294 4186 3533 4242 habebat

1953 4301 2240 4356 staturam,
2264 4300 2489 4362 propter
2506 4286 2626 4341 vitii
2649 4285 2769 4356 ejus
2790 4284 3191 4339 incrementum
3212 4279 3270 4332 in
3289 4276 3533 4348 quinque

277 4368 367 4425 ται
396 4369 598 4463 φθόνῳ,
628 4370 714 4425 διὰ
742 4370 838 4442 τὴν
872 4372 1131 4426 ἀπιστίαν
1173 4374 1495 4443 τηκόμενος,
1526 4375 1619 4429 καὶ
1649 4375 1724 4447 μὴ
1753 4374 1848 4444 φέ-

1956 4381 2211 4437 sensibus
2258 4378 2526 4451 corporis.
2568 4375 2673 4442 Qui
2732 4383 2817 4430 est
2866 4374 2983 4428 Rex
3020 4372 3138 4427 veri
3186 4368 3423 4432 lsraelis,
3476 4374 3532 4422 et

281 4478 388 4535 ρων
417 4462 515 4534 τῆς
543 4462 876 4534 προσκαίρου
892 4461 1051 4532 δόξης
1076 4466 1175 4536 τὴν
1206 4466 1482 4538 στέρησιν.
1501 4457 1577 4521 Οὗ
1598 4467 1854 4539 ἀφαιρεῖ-

276 4570 365 4607 ται
399 4552 475 4628 τὸν
496 4554 622 4623 δόρυ
652 4553 746 4607 καὶ
776 4553 870 4606 τοῦ
898 4553 1090 4619 ὓδατος
1134 4554 1227 4610 τὸν
1272 4556 1445 4625 φακόν
1463 4572 1478 4587 ο
1510 4557 1654 4611 τοῦτ’
1678 4557 1851 4622 ἔστιν,

276 4644 340 4699 τὸ
360 4644 558 4716 κράτος
589 4644 689 4716 τῆς
712 4646 1026 4717 πρακτικῆς
1050 4646 1278 4718 ἀρετῆς,
1300 4648 1396 4700 καὶ
1423 4644 1522 4718 τὴν
1557 4648 1719 4719 χάριν
1748 4649 1854 4720 τῆς

277 4736 582 4807 τνωστικῆς
598 4736 902 4809 θεωρίας,εί
914 4737 1010 4793 καὶ
1025 4736 1200 4791 ταῦτα
1213 4737 1376 4793 πάλιν
1392 4738 1570 4791 δίδωσι
1589 4741 1703 4803 τοῖς
1717 4740 1854 4810 πρὸς

277 4830 438 4885 αὐτὸν
464 4829 602 4883 κατὰ
627 4829 727 4901 τὴν
754 4830 935 4884 πίστιν
964 4829 1329 4896 διαϐαίνουσι,
1350 4829 1441 4886 διά
1472 4831 1596 4893 τοὺς
1616 4830 1677 4896 ἐξ
1714 4832 1850 4886 Ἰου-

276 4922 442 4978 δαίων
465 4921 757 4992 μέλλοντας
795 4914 1155 4993 κληρονομεῖν
1188 4923 1482 4993 σωτηρίαν.
1515 4915 1701 4993 οὗπερ
1738 4923 1838 4979 πά-

276 5008 361 5065 λιν
381 5009 442 5064 ὲν
470 5008 548 5079 τῷ
588 5008 840 5080 σπηλαίῳ
868 5008 929 5065 τὺ
950 5011 1051 5080 τῆς
1078 5009 1347 5077 διπλοίδος
1374 5012 1692 5082 ἀφαιρεῖται
1718 5028 1850 5066 meo

278 5098 497 5171 ρύγιον·
526 5099 674 5152 τοῦτ’
718 5101 855 5163 ἐστι,
883 5097 1125 5171 τὸνῆθος
1171 5101 1270 5172 τῆς
1319 5103 1462 5157 κατὰ
1512 5102 1608 5174 τὴν
1655 5102 1852 5174 ἠθικὴν

277 5192 594 5262 φιλοσοφίαν
620 5190 1041 5262 ἀσχημοσύνης·
1076 5191 1108 5262 ἦ
1136 5192 1197 5246 τὸ
1234 5195 1292 5247 ὲν
1329 5195 1599 5266 νοήμασιν
1645 5195 1851 5267 ὑψηλὸν

276 5282 374 5355 τῆς
401 5283 512 5337 τῶν
548 5280 786 5351 νομικῶν
839 5280 1121 5352 συμϐόλων
1167 5284 1263 5337 καὶ
1288 5286 1662 5357 οίωνισμάτων
1694 5304 1852 5359 περι-

349 5436 397 5470 ⁸⁶
431 5437 474 5491 ll
504 5434 688 5491 Paral.
715 5449 882 5496 χχιιι,
916 5433 1006 5489 53.
1084 5436 1130 5470 "
1150 5436 1309 5494 John.
1342 5455 1397 5506 κ,
1427 5439 1515 5496 l5.

1955 4472 2127 4527 Deum
2180 4470 2439 4535 videntis,
2497 4467 2678 4538 quoad
2730 4467 2850 4538 ejus
2897 4463 3016 4519 ﬁeri
3058 4470 3276 4533 potest:
3316 4457 3533 4513 etiamsi

1956 4562 2107 4626 Saul,
2153 4575 2350 4630 nempe
2397 4568 2557 4613 vetus
2603 4556 2661 4611 in
2704 4557 2823 4629 lege
2864 4554 3119 4626 populus,
3162 4551 3397 4606 insaniat
3445 4548 3533 4604 in-

1952 4653 2124 4718 vidia,
2158 4653 2445 4707 tabescens
2506 4658 2735 4720 pr0pter
2789 4646 3260 4707 incredulitatem,
3306 4650 3363 4696 ct
3397 4651 3533 4696 tem-

1952 4743 2155 4814 poralis
2183 4741 2369 4813 gloriae
2401 4756 2512 4797 non
2541 4739 2724 4795 Ferens
2750 4736 3133 4810 privationem.
3163 4733 3333 4804 Cujus
3353 4731 3534 4787 aufert

1956 4834 2165 4889 hastam
2213 4843 2272 4888 et
2320 4833 2641 4893 lenticulam
2700 4844 2879 4901 aquae,
2924 4843 3122 4897 nempe
3176 4825 3289 4879 vim
3342 4823 3535 4879 activa

1954 4924 2197 4989 virtutis,
2235 4931 2293 4978 et
2329 4923 2557 4994 gratiam
2602 4917 3087 4990 contemplationis
3118 4922 3536 4985 qum'versatur

1955 5017 2015 5072 in
2066 5014 2400 5087 cognitione,
2450 5012 2665 5070 etiamsi
2715 5027 2907 5066 rursus
2960 5025 3025 5064 ea
3064 5008 3158 5063 det
3195 5007 3264 5062 iis
3307 5005 3401 5077 qui
3435 5020 3537 5075 per

1957 5109 2120 5164 ﬁdem
2150 5108 2219 5163 ad
2247 5108 2424 5179 ipsum
2451 5096 2758 5169 transeunt,
2786 5110 3010 5173 propter
3026 5116 3124 5156 eos
3138 5100 3315 5170 quiex
3333 5095 3538 5153 Judzuis

1955 5198 2128 5253 futuri
2145 5204 2275 5252 sunt
2297 5194 2545 5251 haercdes
2567 5193 2781 5249 salutis.
2809 5192 2978 5263 Cujus
2999 5190 3165 5245 etiam
3188 5189 3242 5243 in
3273 5187 3547 5259 spelunca:

1959 5289 2140 5345 aufert
2194 5287 2465 5344 ﬁmbriam
2502 5284 2785 5357 diploidis,
2826 5282 2935 5338 hoc
2980 5289 3084 5349 est,
3126 5294 3308 5335 mores
3351 5277 3533 5349 turpi-

1654 5553 1830 5610 Varia:
1859 5553 2145 5611 lectiones.

355 5640 381 5680 λ
413 5638 489 5697 ie.
523 5642 955 5715 συγχραίνονται.
