  <div class='ocr_page' id='page_1' title='image "/cluster/home/n/w/nwhite01/storage/ocr_20150623/77/hvd.32044052822863/645.png"; bbox 0 0 4062 6202; ppageno 0'>
   <div class='ocr_carea' id='block_1_1' title="bbox 504 203 641 262">
    <p class='ocr_par' dir='ltr' id='par_1_1' title="bbox 504 203 641 262">
     <span class='ocr_line' id='line_1_1' title="bbox 504 203 641 262; baseline 0.022 -3"><span class='ocrx_word' id='word_1_1' title='bbox 504 203 641 262; x_wconf 72' lang='grc'><strong>1279</strong></span> 
     </span>
    </p>
   </div>
   <div class='ocr_carea' id='block_1_2' title="bbox 1706 204 2558 267">
    <p class='ocr_par' dir='ltr' id='par_1_2' title="bbox 1706 204 2558 267">
     <span class='ocr_line' id='line_1_2' title="bbox 1706 204 2558 267; baseline 0.005 -6"><span class='ocrx_word' id='word_1_2' title='bbox 1706 204 1762 261; x_wconf 85' lang='lat' dir='ltr'><strong>S.</strong></span> <span class='ocrx_word' id='word_1_3' title='bbox 1805 205 2085 262; x_wconf 78' lang='lat' dir='ltr'><strong>CYRILLI</strong></span> <span class='ocrx_word' id='word_1_4' title='bbox 2121 207 2212 265; x_wconf 81' lang='lat' dir='ltr'><strong>ET</strong></span> <span class='ocrx_word' id='word_1_5' title='bbox 2249 208 2558 267; x_wconf 72' lang='grc' dir='ltr'><strong>Αιιοιιωι</strong></span> 
     </span>
    </p>
   </div>
   <div class='ocr_carea' id='block_1_3' title="bbox 3588 202 3811 261">
    <p class='ocr_par' dir='ltr' id='par_1_3' title="bbox 3588 202 3811 261">
     <span class='ocr_line' id='line_1_3' title="bbox 3588 202 3811 261; baseline -0.027 -1"><span class='ocrx_word' id='word_1_6' title='bbox 3588 202 3811 261; x_wconf 63' lang='lat'><strong>.123:</strong></span> 
     </span>
    </p>
   </div>
   <div class='ocr_carea' id='block_1_4' title="bbox 505 318 2105 397">
    <p class='ocr_par' dir='ltr' id='par_1_4' title="bbox 505 318 2093 391">
     <span class='ocr_line' id='line_1_4' title="bbox 505 318 2093 391; baseline 0.004 -17"><span class='ocrx_word' id='word_1_7' title='bbox 505 318 715 376; x_wconf 86' lang='lat' dir='ltr'><strong>tudinis</strong></span> <span class='ocrx_word' id='word_1_8' title='bbox 746 337 866 391; x_wconf 67' lang='lat' dir='ltr'><strong>quae</strong></span> <span class='ocrx_word' id='word_1_9' title='bbox 890 330 972 375; x_wconf 86' lang='lat' dir='ltr'><strong>est</strong></span> <span class='ocrx_word' id='word_1_10' title='bbox 1004 321 1058 374; x_wconf 92' lang='lat' dir='ltr'><strong>in</strong></span> <span class='ocrx_word' id='word_1_11' title='bbox 1084 319 1432 389; x_wconf 76' lang='lat' dir='ltr'><strong>philosophia</strong></span> <span class='ocrx_word' id='word_1_12' title='bbox 1458 320 1654 375; x_wconf 85' lang='lat' dir='ltr'><strong>morali</strong></span> <span class='ocrx_word' id='word_1_13' title='bbox 1681 339 1695 375; x_wconf 91' lang='lat'><strong>:</strong></span> <span class='ocrx_word' id='word_1_14' title='bbox 1729 333 1825 378; x_wconf 88' lang='lat' dir='ltr'><strong>aut</strong></span> <span class='ocrx_word' id='word_1_15' title='bbox 1844 325 2093 380; x_wconf 83' lang='lat' dir='ltr'><strong>sublimi-</strong></span> 
     </span>
    </p>
   </div>
   <div class='ocr_carea' id='block_1_5' title="bbox 2206 318 3816 397">
    <p class='ocr_par' dir='ltr' id='par_1_5' title="bbox 2206 318 3816 397">
     <span class='ocr_line' id='line_1_5' title="bbox 2206 318 3816 397; baseline -0.006 -17"><span class='ocrx_word' id='word_1_16' title='bbox 2206 326 2391 397; x_wconf 72' lang='grc' dir='ltr'><strong>ϐολῆςο</strong></span> <span class='ocrx_word' id='word_1_17' title='bbox 2425 326 2531 379; x_wconf 80' lang='grc' dir='ltr'><strong>οὐκ</strong></span> <span class='ocrx_word' id='word_1_18' title='bbox 2550 324 2701 393; x_wconf 77' lang='grc' dir='ltr'><strong>ἀξιον</strong></span> <span class='ocrx_word' id='word_1_19' title='bbox 2732 324 2927 395; x_wconf 85' lang='grc' dir='ltr'><strong>κρίνας</strong></span> <span class='ocrx_word' id='word_1_20' title='bbox 2951 322 3100 392; x_wconf 71' lang='grc' dir='ltr'><strong>ἔχειν</strong></span> <span class='ocrx_word' id='word_1_21' title='bbox 3128 321 3295 388; x_wconf 76' lang='grc' dir='ltr'><strong>αὐτὰ,</strong></span> <span class='ocrx_word' id='word_1_22' title='bbox 3323 321 3417 374; x_wconf 70' lang='grc' dir='ltr'><strong>τὸν</strong></span> <span class='ocrx_word' id='word_1_23' title='bbox 3442 322 3524 383; x_wconf 81' lang='grc' dir='ltr'><strong>ὡς</strong></span> <span class='ocrx_word' id='word_1_24' title='bbox 3544 318 3615 371; x_wconf 77' lang='grc' dir='ltr'><strong>ὲν</strong></span> <span class='ocrx_word' id='word_1_25' title='bbox 3650 334 3816 387; x_wconf 62' lang='grc' dir='ltr'><strong>ατη.</strong></span> 
     </span>
    </p>
   </div>
   <div class='ocr_carea' id='block_1_6' title="bbox 506 409 2087 484">
    <p class='ocr_par' dir='ltr' id='par_1_6' title="bbox 506 409 2087 484">
     <span class='ocr_line' id='line_1_6' title="bbox 506 409 2087 484; baseline 0.004 -21"><span class='ocrx_word' id='word_1_26' title='bbox 506 419 673 465; x_wconf 93' lang='lat' dir='ltr'><strong>tatem</strong></span> <span class='ocrx_word' id='word_1_27' title='bbox 709 411 944 463; x_wconf 78' lang='lat' dir='ltr'><strong>amictus</strong></span> <span class='ocrx_word' id='word_1_28' title='bbox 985 409 1241 478; x_wconf 77' lang='lat' dir='ltr'><strong>legalium</strong></span> <span class='ocrx_word' id='word_1_29' title='bbox 1276 409 1649 479; x_wconf 84' lang='lat' dir='ltr'><strong>symbolorum</strong></span> <span class='ocrx_word' id='word_1_30' title='bbox 1682 428 1748 467; x_wconf 86' lang='lat' dir='ltr'><strong>ac</strong></span> <span class='ocrx_word' id='word_1_31' title='bbox 1783 414 2087 484; x_wconf 87' lang='lat' dir='ltr'><strong>signorum,</strong></span> 
     </span>
    </p>
   </div>
   <div class='ocr_carea' id='block_1_7' title="bbox 505 500 2091 572">
    <p class='ocr_par' dir='ltr' id='par_1_7' title="bbox 505 500 2091 572">
     <span class='ocr_line' id='line_1_7' title="bbox 505 500 2091 572; baseline 0.004 -14"><span class='ocrx_word' id='word_1_32' title='bbox 505 520 628 571; x_wconf 78' lang='lat' dir='ltr'><strong>qua:</strong></span> <span class='ocrx_word' id='word_1_33' title='bbox 658 510 744 556; x_wconf 89' lang='lat' dir='ltr'><strong>est</strong></span> <span class='ocrx_word' id='word_1_34' title='bbox 767 500 1128 571; x_wconf 83' lang='lat' dir='ltr'><strong>intelligentia</strong></span> <span class='ocrx_word' id='word_1_35' title='bbox 1158 520 1170 555; x_wconf 88' lang='lat'><strong>:</strong></span> <span class='ocrx_word' id='word_1_36' title='bbox 1204 518 1315 557; x_wconf 88' lang='lat' dir='ltr'><strong>non</strong></span> <span class='ocrx_word' id='word_1_37' title='bbox 1342 519 1442 572; x_wconf 91' lang='lat' dir='ltr'><strong>par</strong></span> <span class='ocrx_word' id='word_1_38' title='bbox 1465 520 1589 560; x_wconf 87' lang='lat' dir='ltr'><strong>esse</strong></span> <span class='ocrx_word' id='word_1_39' title='bbox 1614 522 1849 563; x_wconf 82' lang='lat' dir='ltr'><strong>censeris</strong></span> <span class='ocrx_word' id='word_1_40' title='bbox 1871 517 1932 563; x_wconf 92' lang='lat' dir='ltr'><strong>ut</strong></span> <span class='ocrx_word' id='word_1_41' title='bbox 1957 510 2006 565; x_wconf 90' lang='lat' dir='ltr'><strong>is</strong></span> <span class='ocrx_word' id='word_1_42' title='bbox 2025 525 2091 565; x_wconf 90' lang='lat' dir='ltr'><strong>ea</strong></span> 
     </span>
    </p>
   </div>
   <div class='ocr_carea' id='block_1_8' title="bbox 510 592 2092 669">
    <p class='ocr_par' dir='ltr' id='par_1_8' title="bbox 510 592 2092 669">
     <span class='ocr_line' id='line_1_8' title="bbox 510 592 2092 669; baseline 0.006 -22"><span class='ocrx_word' id='word_1_43' title='bbox 510 595 706 649; x_wconf 89' lang='lat' dir='ltr'><strong>habeat</strong></span> <span class='ocrx_word' id='word_1_44' title='bbox 740 594 835 662; x_wconf 90' lang='lat' dir='ltr'><strong>qui</strong></span> <span class='ocrx_word' id='word_1_45' title='bbox 875 602 961 647; x_wconf 91' lang='lat' dir='ltr'><strong>est</strong></span> <span class='ocrx_word' id='word_1_46' title='bbox 990 592 1240 649; x_wconf 89' lang='lat' dir='ltr'><strong>inclusus</strong></span> <span class='ocrx_word' id='word_1_47' title='bbox 1269 596 1326 648; x_wconf 93' lang='lat' dir='ltr'><strong>in</strong></span> <span class='ocrx_word' id='word_1_48' title='bbox 1359 598 1642 665; x_wconf 84' lang='lat' dir='ltr'><strong>spelunca,</strong></span> <span class='ocrx_word' id='word_1_49' title='bbox 1677 615 1874 669; x_wconf 85' lang='lat' dir='ltr'><strong>nempe</strong></span> <span class='ocrx_word' id='word_1_50' title='bbox 1909 601 1965 655; x_wconf 92' lang='lat' dir='ltr'><strong>in</strong></span> <span class='ocrx_word' id='word_1_51' title='bbox 2008 610 2092 656; x_wconf 89' lang='lat' dir='ltr'><strong>te-</strong></span> 
     </span>
    </p>
   </div>
   <div class='ocr_carea' id='block_1_9' title="bbox 510 684 2093 763">
    <p class='ocr_par' dir='ltr' id='par_1_9' title="bbox 510 684 2093 763">
     <span class='ocr_line' id='line_1_9' title="bbox 510 684 2093 763; baseline 0.007 -25"><span class='ocrx_word' id='word_1_52' title='bbox 510 684 695 739; x_wconf 89' lang='lat' dir='ltr'><strong>nebris</strong></span> <span class='ocrx_word' id='word_1_53' title='bbox 721 686 1028 750; x_wconf 86' lang='lat' dir='ltr'><strong>sensilium,</strong></span> <span class='ocrx_word' id='word_1_54' title='bbox 1070 695 1127 739; x_wconf 89' lang='lat' dir='ltr'><strong>et</strong></span> <span class='ocrx_word' id='word_1_55' title='bbox 1167 687 1223 741; x_wconf 90' lang='lat' dir='ltr'><strong>in</strong></span> <span class='ocrx_word' id='word_1_56' title='bbox 1253 690 1445 743; x_wconf 88' lang='lat' dir='ltr'><strong>umbra</strong></span> <span class='ocrx_word' id='word_1_57' title='bbox 1469 690 1684 745; x_wconf 64' lang='lat' dir='ltr'><strong>littera.</strong></span> <span class='ocrx_word' id='word_1_58' title='bbox 1712 692 1920 763; x_wconf 90' lang='lat' dir='ltr'><strong>Diplois</strong></span> <span class='ocrx_word' id='word_1_59' title='bbox 1944 694 2093 750; x_wconf 86' lang='lat' dir='ltr'><strong>enim</strong></span> 
     </span>
    </p>
   </div>
   <div class='ocr_carea' id='block_1_10' title="bbox 509 776 2094 855">
    <p class='ocr_par' dir='ltr' id='par_1_10' title="bbox 509 776 2094 855">
     <span class='ocr_line' id='line_1_10' title="bbox 509 776 2094 855; baseline 0.008 -25"><span class='ocrx_word' id='word_1_60' title='bbox 509 785 595 831; x_wconf 87' lang='lat' dir='ltr'><strong>est</strong></span> <span class='ocrx_word' id='word_1_61' title='bbox 629 776 764 847; x_wconf 88' lang='lat' dir='ltr'><strong>legis</strong></span> <span class='ocrx_word' id='word_1_62' title='bbox 798 778 1114 847; x_wconf 88' lang='lat' dir='ltr'><strong>duplicitas,</strong></span> <span class='ocrx_word' id='word_1_63' title='bbox 1153 795 1351 850; x_wconf 87' lang='lat' dir='ltr'><strong>nempe</strong></span> <span class='ocrx_word' id='word_1_64' title='bbox 1405 781 1461 836; x_wconf 88' lang='lat' dir='ltr'><strong>id</strong></span> <span class='ocrx_word' id='word_1_65' title='bbox 1501 783 1648 852; x_wconf 92' lang='lat' dir='ltr'><strong>quod</strong></span> <span class='ocrx_word' id='word_1_66' title='bbox 1688 794 1915 855; x_wconf 84' lang='lat' dir='ltr'><strong>apparet</strong></span> <span class='ocrx_word' id='word_1_67' title='bbox 1943 796 1999 841; x_wconf 89' lang='lat' dir='ltr'><strong>et</strong></span> <span class='ocrx_word' id='word_1_68' title='bbox 2038 787 2094 841; x_wconf 89' lang='lat' dir='ltr'><strong>id</strong></span> 
     </span>
    </p>
   </div>
   <div class='ocr_carea' id='block_1_11' title="bbox 509 869 2094 946">
    <p class='ocr_par' dir='ltr' id='par_1_11' title="bbox 509 869 2094 946">
     <span class='ocr_line' id='line_1_11' title="bbox 509 869 2094 946; baseline 0.008 -26"><span class='ocrx_word' id='word_1_69' title='bbox 509 870 662 936; x_wconf 87' lang='lat' dir='ltr'><strong>quod</strong></span> <span class='ocrx_word' id='word_1_70' title='bbox 717 869 1077 940; x_wconf 80' lang='lat' dir='ltr'><strong>intelligitur,</strong></span> <span class='ocrx_word' id='word_1_71' title='bbox 1116 882 1174 927; x_wconf 91' lang='lat' dir='ltr'><strong>et</strong></span> <span class='ocrx_word' id='word_1_72' title='bbox 1213 873 1267 926; x_wconf 92' lang='lat' dir='ltr'><strong>id</strong></span> <span class='ocrx_word' id='word_1_73' title='bbox 1305 874 1455 943; x_wconf 91' lang='lat' dir='ltr'><strong>quod</strong></span> <span class='ocrx_word' id='word_1_74' title='bbox 1492 884 1578 929; x_wconf 91' lang='lat' dir='ltr'><strong>est</strong></span> <span class='ocrx_word' id='word_1_75' title='bbox 1615 878 1901 946; x_wconf 92' lang='lat' dir='ltr'><strong>corporale</strong></span> <span class='ocrx_word' id='word_1_76' title='bbox 1943 887 2001 934; x_wconf 88' lang='lat' dir='ltr'><strong>et</strong></span> <span class='ocrx_word' id='word_1_77' title='bbox 2039 878 2094 933; x_wconf 92' lang='lat' dir='ltr'><strong>id</strong></span> 
     </span>
    </p>
   </div>
   <div class='ocr_carea' id='block_1_12' title="bbox 512 957 2093 1035">
    <p class='ocr_par' dir='ltr' id='par_1_12' title="bbox 512 957 2093 1035">
     <span class='ocr_line' id='line_1_12' title="bbox 512 957 2093 1035; baseline 0.008 -24"><span class='ocrx_word' id='word_1_78' title='bbox 512 957 659 1028; x_wconf 89' lang='lat' dir='ltr'><strong>quod</strong></span> <span class='ocrx_word' id='word_1_79' title='bbox 694 968 778 1013; x_wconf 89' lang='lat' dir='ltr'><strong>est</strong></span> <span class='ocrx_word' id='word_1_80' title='bbox 814 959 1120 1029; x_wconf 90' lang='lat' dir='ltr'><strong>spiritualc.</strong></span> <span class='ocrx_word' id='word_1_81' title='bbox 1161 961 1265 1029; x_wconf 87' lang='lat' dir='ltr'><strong>Qui</strong></span> <span class='ocrx_word' id='word_1_82' title='bbox 1303 971 1387 1017; x_wconf 89' lang='lat' dir='ltr'><strong>est</strong></span> <span class='ocrx_word' id='word_1_83' title='bbox 1424 979 1590 1019; x_wconf 90' lang='lat' dir='ltr'><strong>verus</strong></span> <span class='ocrx_word' id='word_1_84' title='bbox 1629 966 1821 1021; x_wconf 84' lang='lat' dir='ltr'><strong>Pastor</strong></span> <span class='ocrx_word' id='word_1_85' title='bbox 1858 976 1915 1022; x_wconf 89' lang='lat' dir='ltr'><strong>et</strong></span> <span class='ocrx_word' id='word_1_86' title='bbox 1955 968 2093 1035; x_wconf 78' lang='lat' dir='ltr'><strong>Rex,</strong></span> 
     </span>
    </p>
   </div>
   <div class='ocr_carea' id='block_1_13' title="bbox 512 1050 2097 1127">
    <p class='ocr_par' dir='ltr' id='par_1_13' title="bbox 512 1050 2097 1127">
     <span class='ocr_line' id='line_1_13' title="bbox 512 1050 2097 1127; baseline 0.008 -23"><span class='ocrx_word' id='word_1_87' title='bbox 512 1059 569 1105; x_wconf 88' lang='lat' dir='ltr'><strong>et</strong></span> <span class='ocrx_word' id='word_1_88' title='bbox 614 1050 1055 1107; x_wconf 87' lang='lat' dir='ltr'><strong>adversariarum</strong></span> <span class='ocrx_word' id='word_1_89' title='bbox 1118 1054 1440 1110; x_wconf 80' lang='lat' dir='ltr'><strong>interfector</strong></span> <span class='ocrx_word' id='word_1_90' title='bbox 1486 1065 1839 1127; x_wconf 85' lang='lat' dir='ltr'><strong>potestatum.</strong></span> <span class='ocrx_word' id='word_1_91' title='bbox 1903 1060 2097 1117; x_wconf 81' lang='lat' dir='ltr'><strong>Pastor</strong></span> 
     </span>
    </p>
   </div>
   <div class='ocr_carea' id='block_1_14' title="bbox 515 1143 2095 1221">
    <p class='ocr_par' dir='ltr' id='par_1_14' title="bbox 515 1143 2095 1221">
     <span class='ocr_line' id='line_1_14' title="bbox 515 1143 2095 1221; baseline 0.006 -25"><span class='ocrx_word' id='word_1_92' title='bbox 515 1143 741 1213; x_wconf 88' lang='lat' dir='ltr'><strong>quidem</strong></span> <span class='ocrx_word' id='word_1_93' title='bbox 780 1159 972 1199; x_wconf 87' lang='lat' dir='ltr'><strong>eorum</strong></span> <span class='ocrx_word' id='word_1_94' title='bbox 994 1146 1089 1215; x_wconf 92' lang='lat' dir='ltr'><strong>qui</strong></span> <span class='ocrx_word' id='word_1_95' title='bbox 1119 1162 1238 1200; x_wconf 87' lang='lat' dir='ltr'><strong>eam</strong></span> <span class='ocrx_word' id='word_1_96' title='bbox 1264 1158 1672 1216; x_wconf 86' lang='lat' dir='ltr'><strong>persequuntur</strong></span> <span class='ocrx_word' id='word_1_97' title='bbox 1692 1150 2095 1221; x_wconf 87' lang='lat' dir='ltr'><strong>philosophiam</strong></span> 
     </span>
    </p>
   </div>
   <div class='ocr_carea' id='block_1_15' title="bbox 516 1238 2097 1312">
    <p class='ocr_par' dir='ltr' id='par_1_15' title="bbox 516 1238 2097 1312">
     <span class='ocr_line' id='line_1_15' title="bbox 516 1238 2097 1312; baseline 0.007 -24"><span class='ocrx_word' id='word_1_98' title='bbox 516 1251 641 1305; x_wconf 76' lang='lat' dir='ltr'><strong>qua:</strong></span> <span class='ocrx_word' id='word_1_99' title='bbox 674 1245 925 1291; x_wconf 82' lang='lat' dir='ltr'><strong>versatur</strong></span> <span class='ocrx_word' id='word_1_100' title='bbox 964 1238 1019 1291; x_wconf 90' lang='lat' dir='ltr'><strong>in</strong></span> <span class='ocrx_word' id='word_1_101' title='bbox 1044 1239 1283 1302; x_wconf 88' lang='lat' dir='ltr'><strong>actione,</strong></span> <span class='ocrx_word' id='word_1_102' title='bbox 1309 1248 1365 1292; x_wconf 89' lang='lat' dir='ltr'><strong>ct</strong></span> <span class='ocrx_word' id='word_1_103' title='bbox 1392 1240 1565 1294; x_wconf 89' lang='lat' dir='ltr'><strong>instar</strong></span> <span class='ocrx_word' id='word_1_104' title='bbox 1590 1241 1772 1297; x_wconf 71' lang='lat' dir='ltr'><strong>herba:</strong></span> <span class='ocrx_word' id='word_1_105' title='bbox 1793 1242 2097 1312; x_wconf 89' lang='lat' dir='ltr'><strong>depascunt</strong></span> 
     </span>
    </p>
   </div>
   <div class='ocr_carea' id='block_1_16' title="bbox 519 1328 2095 1405">
    <p class='ocr_par' dir='ltr' id='par_1_16' title="bbox 519 1328 2095 1405">
     <span class='ocr_line' id='line_1_16' title="bbox 519 1328 2095 1405; baseline 0.007 -25"><span class='ocrx_word' id='word_1_106' title='bbox 519 1328 824 1384; x_wconf 83' lang='lat' dir='ltr'><strong>naturalem</strong></span> <span class='ocrx_word' id='word_1_107' title='bbox 862 1330 1401 1399; x_wconf 87' lang='lat' dir='ltr'><strong>contemplationem.</strong></span> <span class='ocrx_word' id='word_1_108' title='bbox 1428 1332 1543 1385; x_wconf 83' lang='lat' dir='ltr'><strong>Rex</strong></span> <span class='ocrx_word' id='word_1_109' title='bbox 1572 1342 1751 1386; x_wconf 90' lang='lat' dir='ltr'><strong>autem</strong></span> <span class='ocrx_word' id='word_1_110' title='bbox 1782 1350 1975 1389; x_wconf 91' lang='lat' dir='ltr'><strong>eorum</strong></span> <span class='ocrx_word' id='word_1_111' title='bbox 2001 1336 2095 1405; x_wconf 87' lang='lat' dir='ltr'><strong>qui</strong></span> 
     </span>
    </p>
   </div>
   <div class='ocr_carea' id='block_1_17' title="bbox 516 1420 2099 1497">
    <p class='ocr_par' dir='ltr' id='par_1_17' title="bbox 516 1420 2099 1497">
     <span class='ocr_line' id='line_1_17' title="bbox 516 1420 2099 1497; baseline 0.006 -24"><span class='ocrx_word' id='word_1_112' title='bbox 516 1420 729 1489; x_wconf 77' lang='lat' dir='ltr'><strong>legibus</strong></span> <span class='ocrx_word' id='word_1_113' title='bbox 765 1429 823 1475; x_wconf 84' lang='lat' dir='ltr'><strong>et</strong></span> <span class='ocrx_word' id='word_1_114' title='bbox 856 1422 1161 1476; x_wconf 89' lang='lat' dir='ltr'><strong>rationibus</strong></span> <span class='ocrx_word' id='word_1_115' title='bbox 1190 1422 1471 1477; x_wconf 84' lang='lat' dir='ltr'><strong>ducuntur</strong></span> <span class='ocrx_word' id='word_1_116' title='bbox 1493 1424 1889 1492; x_wconf 88' lang='lat' dir='ltr'><strong>spiritualihus,</strong></span> <span class='ocrx_word' id='word_1_117' title='bbox 1917 1436 1974 1481; x_wconf 90' lang='lat' dir='ltr'><strong>et</strong></span> <span class='ocrx_word' id='word_1_118' title='bbox 1998 1444 2099 1497; x_wconf 89' lang='lat' dir='ltr'><strong>per</strong></span> 
     </span>
    </p>
   </div>
   <div class='ocr_carea' id='block_1_18' title="bbox 516 1511 2093 1584">
    <p class='ocr_par' dir='ltr' id='par_1_18' title="bbox 516 1511 2093 1584">
     <span class='ocr_line' id='line_1_18' title="bbox 516 1511 2093 1584; baseline 0.006 -20"><span class='ocrx_word' id='word_1_119' title='bbox 516 1511 846 1567; x_wconf 82' lang='lat' dir='ltr'><strong>diviniorem</strong></span> <span class='ocrx_word' id='word_1_120' title='bbox 878 1514 1396 1582; x_wconf 86' lang='lat' dir='ltr'><strong>contemplationem</strong></span> <span class='ocrx_word' id='word_1_121' title='bbox 1418 1515 1485 1568; x_wconf 88' lang='lat' dir='ltr'><strong>ad</strong></span> <span class='ocrx_word' id='word_1_122' title='bbox 1512 1516 1690 1584; x_wconf 85' lang='lat' dir='ltr'><strong>ipsum</strong></span> <span class='ocrx_word' id='word_1_123' title='bbox 1714 1518 2093 1573; x_wconf 85' lang='lat' dir='ltr'><strong>sustolluntur.</strong></span> 
     </span>
    </p>
   </div>
   <div class='ocr_carea' id='block_1_19' title="bbox 520 1604 2098 1679">
    <p class='ocr_par' dir='ltr' id='par_1_19' title="bbox 520 1604 2098 1679">
     <span class='ocr_line' id='line_1_19' title="bbox 520 1604 2098 1679; baseline 0.005 -21"><span class='ocrx_word' id='word_1_124' title='bbox 520 1604 697 1675; x_wconf 92' lang='lat' dir='ltr'><strong>llujus</strong></span> <span class='ocrx_word' id='word_1_125' title='bbox 744 1606 968 1661; x_wconf 82' lang='lat' dir='ltr'><strong>Davidis</strong></span> <span class='ocrx_word' id='word_1_126' title='bbox 1005 1608 1227 1676; x_wconf 83' lang='lat' dir='ltr'><strong>quidem</strong></span> <span class='ocrx_word' id='word_1_127' title='bbox 1268 1615 1396 1660; x_wconf 90' lang='lat' dir='ltr'><strong>sunt</strong></span> <span class='ocrx_word' id='word_1_128' title='bbox 1428 1606 1545 1670; x_wconf 86' lang='lat' dir='ltr'><strong>lilii,</strong></span> <span class='ocrx_word' id='word_1_129' title='bbox 1582 1610 1758 1663; x_wconf 90' lang='lat' dir='ltr'><strong>sancti</strong></span> <span class='ocrx_word' id='word_1_130' title='bbox 1796 1611 1890 1679; x_wconf 90' lang='lat' dir='ltr'><strong>qui</strong></span> <span class='ocrx_word' id='word_1_131' title='bbox 1935 1628 2003 1666; x_wconf 79' lang='lat' dir='ltr'><strong>ex</strong></span> <span class='ocrx_word' id='word_1_132' title='bbox 2030 1628 2098 1666; x_wconf 92' lang='lat' dir='ltr'><strong>eo</strong></span> 
     </span>
    </p>
   </div>
   <div class='ocr_carea' id='block_1_20' title="bbox 518 1680 2173 1769">
    <p class='ocr_par' dir='ltr' id='par_1_20' title="bbox 518 1680 2173 1769">
     <span class='ocr_line' id='line_1_20' title="bbox 518 1680 2173 1769; baseline 0.004 -18"><span class='ocrx_word' id='word_1_133' title='bbox 518 1698 767 1765; x_wconf 84' lang='lat' dir='ltr'><strong>generati</strong></span> <span class='ocrx_word' id='word_1_134' title='bbox 801 1707 932 1753; x_wconf 90' lang='lat' dir='ltr'><strong>sunt</strong></span> <span class='ocrx_word' id='word_1_135' title='bbox 971 1699 1027 1752; x_wconf 92' lang='lat' dir='ltr'><strong>in</strong></span> <span class='ocrx_word' id='word_1_136' title='bbox 1078 1698 1299 1767; x_wconf 83' lang='lat' dir='ltr'><strong>spiritu.</strong></span> <span class='ocrx_word' id='word_1_137' title='bbox 1350 1698 1611 1769; x_wconf 82' lang='lat' dir='ltr'><strong>Sepulcra</strong></span> <span class='ocrx_word' id='word_1_138' title='bbox 1659 1712 1842 1757; x_wconf 86' lang='lat' dir='ltr'><strong>autem</strong></span> <span class='ocrx_word' id='word_1_139' title='bbox 1883 1719 2096 1768; x_wconf 90' lang='lat' dir='ltr'><strong>eorum,</strong></span> <span class='ocrx_word' id='word_1_140' title='bbox 2132 1680 2173 1734; x_wconf 76' lang='grc' dir='ltr'><strong><em>Β</em></strong></span> 
     </span>
    </p>
   </div>
   <div class='ocr_carea' id='block_1_21' title="bbox 518 1789 2102 1850">
    <p class='ocr_par' dir='ltr' id='par_1_21' title="bbox 518 1789 2102 1850">
     <span class='ocr_line' id='line_1_21' title="bbox 518 1789 2102 1850; baseline 0.004 -8"><span class='ocrx_word' id='word_1_141' title='bbox 518 1797 647 1842; x_wconf 86' lang='lat' dir='ltr'><strong>sunt</strong></span> <span class='ocrx_word' id='word_1_142' title='bbox 687 1789 965 1843; x_wconf 76' lang='lat' dir='ltr'><strong>memoriae</strong></span> <span class='ocrx_word' id='word_1_143' title='bbox 999 1789 1122 1843; x_wconf 69' lang='lat' dir='ltr'><strong>vita:</strong></span> <span class='ocrx_word' id='word_1_144' title='bbox 1150 1805 1218 1843; x_wconf 77' lang='lat' dir='ltr'><strong>ex</strong></span> <span class='ocrx_word' id='word_1_145' title='bbox 1246 1790 1357 1844; x_wconf 88' lang='lat' dir='ltr'><strong>Deo</strong></span> <span class='ocrx_word' id='word_1_146' title='bbox 1385 1790 1439 1843; x_wconf 90' lang='lat' dir='ltr'><strong>in</strong></span> <span class='ocrx_word' id='word_1_147' title='bbox 1462 1792 1624 1847; x_wconf 88' lang='lat' dir='ltr'><strong>terris</strong></span> <span class='ocrx_word' id='word_1_148' title='bbox 1649 1802 1801 1847; x_wconf 70' lang='lat' dir='ltr'><strong>actae.</strong></span> <span class='ocrx_word' id='word_1_149' title='bbox 1830 1793 2102 1850; x_wconf 78' lang='lat' dir='ltr'><strong>Ascensus</strong></span> 
     </span>
    </p>
   </div>
   <div class='ocr_carea' id='block_1_22' title="bbox 520 1876 2102 1949">
    <p class='ocr_par' dir='ltr' id='par_1_22' title="bbox 520 1876 2102 1949">
     <span class='ocr_line' id='line_1_22' title="bbox 520 1876 2102 1949; baseline 0.004 -17"><span class='ocrx_word' id='word_1_150' title='bbox 520 1889 702 1934; x_wconf 87' lang='lat' dir='ltr'><strong>autem</strong></span> <span class='ocrx_word' id='word_1_151' title='bbox 765 1880 1214 1949; x_wconf 88' lang='lat' dir='ltr'><strong>sepulchrorum,</strong></span> <span class='ocrx_word' id='word_1_152' title='bbox 1276 1887 1403 1934; x_wconf 87' lang='lat' dir='ltr'><strong>sunt</strong></span> <span class='ocrx_word' id='word_1_153' title='bbox 1467 1896 1650 1935; x_wconf 88' lang='lat' dir='ltr'><strong>rerum</strong></span> <span class='ocrx_word' id='word_1_154' title='bbox 1705 1876 1852 1937; x_wconf 80' lang='lat' dir='ltr'><strong>recte</strong></span> <span class='ocrx_word' id='word_1_155' title='bbox 1904 1884 1973 1937; x_wconf 89' lang='lat' dir='ltr'><strong>ab</strong></span> <span class='ocrx_word' id='word_1_156' title='bbox 2020 1884 2102 1939; x_wconf 90' lang='lat' dir='ltr'><strong>eis</strong></span> 
     </span>
    </p>
   </div>
   <div class='ocr_carea' id='block_1_23' title="bbox 521 1970 2103 2044">
    <p class='ocr_par' dir='ltr' id='par_1_23' title="bbox 521 1970 2103 2044">
     <span class='ocr_line' id='line_1_23' title="bbox 521 1970 2103 2044; baseline 0.003 -22"><span class='ocrx_word' id='word_1_157' title='bbox 521 1976 798 2039; x_wconf 88' lang='lat' dir='ltr'><strong>gestarum</strong></span> <span class='ocrx_word' id='word_1_158' title='bbox 857 1970 1179 2025; x_wconf 87' lang='lat' dir='ltr'><strong>altitudines</strong></span> <span class='ocrx_word' id='word_1_159' title='bbox 1230 1987 1352 2041; x_wconf 72' lang='lat' dir='ltr'><strong>qua:</strong></span> <span class='ocrx_word' id='word_1_160' title='bbox 1401 1980 1529 2027; x_wconf 90' lang='lat' dir='ltr'><strong>sunt</strong></span> <span class='ocrx_word' id='word_1_161' title='bbox 1569 1972 1627 2026; x_wconf 91' lang='lat' dir='ltr'><strong>in</strong></span> <span class='ocrx_word' id='word_1_162' title='bbox 1680 1974 1962 2040; x_wconf 89' lang='lat' dir='ltr'><strong>memoria,</strong></span> <span class='ocrx_word' id='word_1_163' title='bbox 2004 1990 2103 2044; x_wconf 91' lang='lat' dir='ltr'><strong>per</strong></span> 
     </span>
    </p>
   </div>
   <div class='ocr_carea' id='block_1_24' title="bbox 521 2062 2105 2135">
    <p class='ocr_par' dir='ltr' id='par_1_24' title="bbox 521 2062 2105 2135">
     <span class='ocr_line' id='line_1_24' title="bbox 521 2062 2105 2135; baseline 0.003 -19"><span class='ocrx_word' id='word_1_164' title='bbox 521 2078 659 2131; x_wconf 89' lang='lat' dir='ltr'><strong>quas</strong></span> <span class='ocrx_word' id='word_1_165' title='bbox 682 2062 760 2117; x_wconf 90' lang='lat' dir='ltr'><strong>illi</strong></span> <span class='ocrx_word' id='word_1_166' title='bbox 784 2063 850 2117; x_wconf 94' lang='lat' dir='ltr'><strong>ad</strong></span> <span class='ocrx_word' id='word_1_167' title='bbox 882 2064 1052 2118; x_wconf 90' lang='lat' dir='ltr'><strong>Deum</strong></span> <span class='ocrx_word' id='word_1_168' title='bbox 1084 2064 1456 2119; x_wconf 89' lang='lat' dir='ltr'><strong>ascenderunt</strong></span> <span class='ocrx_word' id='word_1_169' title='bbox 1486 2082 1499 2117; x_wconf 89' lang='lat'><strong>:</strong></span> <span class='ocrx_word' id='word_1_170' title='bbox 1529 2065 1583 2118; x_wconf 93' lang='lat' dir='ltr'><strong>in</strong></span> <span class='ocrx_word' id='word_1_171' title='bbox 1606 2066 1807 2135; x_wconf 90' lang='lat' dir='ltr'><strong>quibus</strong></span> <span class='ocrx_word' id='word_1_172' title='bbox 1828 2066 2105 2135; x_wconf 89' lang='lat' dir='ltr'><strong>sepeliunt</strong></span> 
     </span>
    </p>
   </div>
   <div class='ocr_carea' id='block_1_25' title="bbox 522 2152 2102 2220">
    <p class='ocr_par' dir='ltr' id='par_1_25' title="bbox 522 2152 2102 2220">
     <span class='ocr_line' id='line_1_25' title="bbox 522 2152 2102 2220; baseline 0.003 -15"><span class='ocrx_word' id='word_1_173' title='bbox 522 2152 619 2220; x_wconf 87' lang='lat' dir='ltr'><strong>qui</strong></span> <span class='ocrx_word' id='word_1_174' title='bbox 675 2152 917 2209; x_wconf 85' lang='lat' dir='ltr'><strong>insident</strong></span> <span class='ocrx_word' id='word_1_175' title='bbox 958 2153 1106 2209; x_wconf 89' lang='lat' dir='ltr'><strong>modi</strong></span> <span class='ocrx_word' id='word_1_176' title='bbox 1147 2156 1448 2220; x_wconf 90' lang='lat' dir='ltr'><strong>actionum,</strong></span> <span class='ocrx_word' id='word_1_177' title='bbox 1489 2163 1545 2210; x_wconf 92' lang='lat' dir='ltr'><strong>et</strong></span> <span class='ocrx_word' id='word_1_178' title='bbox 1586 2156 1825 2211; x_wconf 88' lang='lat' dir='ltr'><strong>rationes</strong></span> <span class='ocrx_word' id='word_1_179' title='bbox 1854 2166 2102 2212; x_wconf 86' lang='lat' dir='ltr'><strong>contem-</strong></span> 
     </span>
    </p>
   </div>
   <div class='ocr_carea' id='block_1_26' title="bbox 524 2245 2102 2319">
    <p class='ocr_par' dir='ltr' id='par_1_26' title="bbox 524 2245 2102 2319">
     <span class='ocr_line' id='line_1_26' title="bbox 524 2245 2102 2319; baseline 0.004 -22"><span class='ocrx_word' id='word_1_180' title='bbox 524 2245 827 2313; x_wconf 89' lang='lat' dir='ltr'><strong>plationum</strong></span> <span class='ocrx_word' id='word_1_181' title='bbox 866 2263 879 2299; x_wconf 91' lang='lat'><strong>:</strong></span> <span class='ocrx_word' id='word_1_182' title='bbox 907 2246 975 2299; x_wconf 89' lang='lat' dir='ltr'><strong>ad</strong></span> <span class='ocrx_word' id='word_1_183' title='bbox 1008 2263 1147 2316; x_wconf 91' lang='lat' dir='ltr'><strong>quos</strong></span> <span class='ocrx_word' id='word_1_184' title='bbox 1184 2256 1473 2302; x_wconf 86' lang='lat' dir='ltr'><strong>assumunt</strong></span> <span class='ocrx_word' id='word_1_185' title='bbox 1512 2248 1692 2302; x_wconf 91' lang='lat' dir='ltr'><strong>omnis</strong></span> <span class='ocrx_word' id='word_1_186' title='bbox 1720 2248 1881 2313; x_wconf 80' lang='lat' dir='ltr'><strong>Juda,</strong></span> <span class='ocrx_word' id='word_1_187' title='bbox 1913 2258 1969 2303; x_wconf 86' lang='lat' dir='ltr'><strong>et</strong></span> <span class='ocrx_word' id='word_1_188' title='bbox 2007 2250 2102 2319; x_wconf 90' lang='lat' dir='ltr'><strong>qui</strong></span> 
     </span>
    </p>
   </div>
   <div class='ocr_carea' id='block_1_27' title="bbox 524 2336 2105 2409">
    <p class='ocr_par' dir='ltr' id='par_1_27' title="bbox 524 2336 2105 2409">
     <span class='ocr_line' id='line_1_27' title="bbox 524 2336 2105 2409; baseline 0.004 -20"><span class='ocrx_word' id='word_1_189' title='bbox 524 2336 774 2391; x_wconf 88' lang='lat' dir='ltr'><strong>habitant</strong></span> <span class='ocrx_word' id='word_1_190' title='bbox 828 2338 1169 2404; x_wconf 81' lang='lat' dir='ltr'><strong>Jerusalem,</strong></span> <span class='ocrx_word' id='word_1_191' title='bbox 1209 2354 1331 2393; x_wconf 89' lang='lat' dir='ltr'><strong>eam</strong></span> <span class='ocrx_word' id='word_1_192' title='bbox 1378 2349 1616 2393; x_wconf 88' lang='lat' dir='ltr'><strong>mentem</strong></span> <span class='ocrx_word' id='word_1_193' title='bbox 1668 2356 1790 2409; x_wconf 74' lang='lat' dir='ltr'><strong>qua:</strong></span> <span class='ocrx_word' id='word_1_194' title='bbox 1849 2341 2105 2397; x_wconf 89' lang='lat' dir='ltr'><strong>omnibus</strong></span> 
     </span>
    </p>
   </div>
   <div class='ocr_carea' id='block_1_28' title="bbox 523 2429 2103 2502">
    <p class='ocr_par' dir='ltr' id='par_1_28' title="bbox 523 2429 2103 2502">
     <span class='ocr_line' id='line_1_28' title="bbox 523 2429 2103 2502; baseline 0.003 -21"><span class='ocrx_word' id='word_1_195' title='bbox 523 2443 646 2496; x_wconf 71' lang='lat' dir='ltr'><strong>qua:</strong></span> <span class='ocrx_word' id='word_1_196' title='bbox 666 2437 795 2482; x_wconf 90' lang='lat' dir='ltr'><strong>sunt</strong></span> <span class='ocrx_word' id='word_1_197' title='bbox 819 2438 905 2483; x_wconf 91' lang='lat' dir='ltr'><strong>est</strong></span> <span class='ocrx_word' id='word_1_198' title='bbox 935 2438 1152 2483; x_wconf 88' lang='lat' dir='ltr'><strong>mortua</strong></span> <span class='ocrx_word' id='word_1_199' title='bbox 1176 2429 1528 2484; x_wconf 87' lang='lat' dir='ltr'><strong>laudabiliter</strong></span> <span class='ocrx_word' id='word_1_200' title='bbox 1552 2447 1565 2482; x_wconf 93' lang='lat'>:</span> <span class='ocrx_word' id='word_1_201' title='bbox 1595 2431 1951 2486; x_wconf 90' lang='lat' dir='ltr'><strong>sensibilibus</strong></span> <span class='ocrx_word' id='word_1_202' title='bbox 1978 2431 2103 2502; x_wconf 89' lang='lat' dir='ltr'><strong>qui-</strong></span> 
     </span>
    </p>
   </div>
   <div class='ocr_carea' id='block_1_29' title="bbox 456 2518 2107 2592">
    <p class='ocr_par' dir='ltr' id='par_1_29' title="bbox 456 2518 2107 2592">
     <span class='ocr_line' id='line_1_29' title="bbox 456 2518 2107 2592; baseline 0.005 -21"><span class='ocrx_word' id='word_1_203' title='bbox 456 2558 461 2561; x_wconf 91' lang='grc'><strong>-</strong></span> <span class='ocrx_word' id='word_1_204' title='bbox 523 2518 671 2585; x_wconf 85' lang='lat' dir='ltr'><strong>dem,</strong></span> <span class='ocrx_word' id='word_1_205' title='bbox 728 2536 827 2591; x_wconf 91' lang='lat' dir='ltr'><strong>per</strong></span> <span class='ocrx_word' id='word_1_206' title='bbox 875 2520 1276 2591; x_wconf 89' lang='lat' dir='ltr'><strong>depositioncm</strong></span> <span class='ocrx_word' id='word_1_207' title='bbox 1333 2521 1668 2591; x_wconf 86' lang='lat' dir='ltr'><strong>operationis</strong></span> <span class='ocrx_word' id='word_1_208' title='bbox 1719 2538 1841 2592; x_wconf 67' lang='lat' dir='ltr'><strong>qua:</strong></span> <span class='ocrx_word' id='word_1_209' title='bbox 1897 2532 1982 2578; x_wconf 87' lang='lat' dir='ltr'><strong>est</strong></span> <span class='ocrx_word' id='word_1_210' title='bbox 2037 2539 2107 2579; x_wconf 80' lang='lat' dir='ltr'><strong>ex</strong></span> 
     </span>
    </p>
   </div>
   <div class='ocr_carea' id='block_1_30' title="bbox 525 2611 2105 2685">
    <p class='ocr_par' dir='ltr' id='par_1_30' title="bbox 525 2611 2105 2685">
     <span class='ocr_line' id='line_1_30' title="bbox 525 2611 2105 2685; baseline 0.003 -20"><span class='ocrx_word' id='word_1_211' title='bbox 525 2626 714 2677; x_wconf 84' lang='lat' dir='ltr'><strong>sensu,</strong></span> <span class='ocrx_word' id='word_1_212' title='bbox 772 2611 842 2666; x_wconf 90' lang='lat' dir='ltr'><strong>iis</strong></span> <span class='ocrx_word' id='word_1_213' title='bbox 895 2628 1028 2667; x_wconf 75' lang='lat' dir='ltr'><strong>vero</strong></span> <span class='ocrx_word' id='word_1_214' title='bbox 1078 2628 1201 2682; x_wconf 84' lang='lat' dir='ltr'><strong>quae</strong></span> <span class='ocrx_word' id='word_1_215' title='bbox 1242 2613 1449 2667; x_wconf 86' lang='lat' dir='ltr'><strong>cadunt</strong></span> <span class='ocrx_word' id='word_1_216' title='bbox 1500 2613 1603 2667; x_wconf 90' lang='lat' dir='ltr'><strong>sub</strong></span> <span class='ocrx_word' id='word_1_217' title='bbox 1666 2613 2105 2685; x_wconf 83' lang='lat' dir='ltr'><strong>intelligentiam,</strong></span> 
     </span>
    </p>
   </div>
   <div class='ocr_carea' id='block_1_31' title="bbox 2190 408 3819 486">
    <p class='ocr_par' dir='ltr' id='par_1_31' title="bbox 2190 408 3819 486">
     <span class='ocr_line' id='line_1_31' title="bbox 2190 408 3819 486; baseline -0.006 -17"><span class='ocrx_word' id='word_1_218' title='bbox 2190 414 2415 486; x_wconf 83' lang='grc' dir='ltr'><strong>λαίῳτῷ</strong></span> <span class='ocrx_word' id='word_1_219' title='bbox 2437 414 2624 469; x_wconf 87' lang='grc' dir='ltr'><strong>σκότει</strong></span> <span class='ocrx_word' id='word_1_220' title='bbox 2641 414 2754 468; x_wconf 84' lang='grc' dir='ltr'><strong>τῶν</strong></span> <span class='ocrx_word' id='word_1_221' title='bbox 2781 413 3084 484; x_wconf 75' lang='grc' dir='ltr'><strong>αἰσθητῶν,</strong></span> <span class='ocrx_word' id='word_1_222' title='bbox 3114 412 3210 466; x_wconf 81' lang='grc' dir='ltr'><strong>καὶ</strong></span> <span class='ocrx_word' id='word_1_223' title='bbox 3226 413 3295 481; x_wconf 82' lang='grc' dir='ltr'><strong>τῇ</strong></span> <span class='ocrx_word' id='word_1_224' title='bbox 3325 411 3457 481; x_wconf 83' lang='grc' dir='ltr'><strong>σκιᾷ</strong></span> <span class='ocrx_word' id='word_1_225' title='bbox 3490 408 3593 462; x_wconf 78' lang='grc' dir='ltr'><strong>τοῦ</strong></span> <span class='ocrx_word' id='word_1_226' title='bbox 3618 409 3819 477; x_wconf 70' lang='grc' dir='ltr'><strong>γράμ-</strong></span> 
     </span>
    </p>
   </div>
   <div class='ocr_carea' id='block_1_32' title="bbox 2196 500 3825 578">
    <p class='ocr_par' dir='ltr' id='par_1_32' title="bbox 2196 500 3825 578">
     <span class='ocr_line' id='line_1_32' title="bbox 2196 500 3825 578; baseline -0.006 -17"><span class='ocrx_word' id='word_1_227' title='bbox 2196 524 2365 578; x_wconf 80' lang='grc' dir='ltr'><strong>ματος</strong></span> <span class='ocrx_word' id='word_1_228' title='bbox 2415 506 2892 578; x_wconf 73' lang='grc' dir='ltr'><strong>ἐγκεκλεισμένον.</strong></span> <span class='ocrx_word' id='word_1_229' title='bbox 2922 504 3142 568; x_wconf 79' lang='grc' dir='ltr'><strong>Διπλοῖς</strong></span> <span class='ocrx_word' id='word_1_230' title='bbox 3168 503 3301 575; x_wconf 80' lang='grc' dir='ltr'><strong>γὰρ,</strong></span> <span class='ocrx_word' id='word_1_231' title='bbox 3344 502 3406 556; x_wconf 81' lang='grc' dir='ltr'><strong>τὸ</strong></span> <span class='ocrx_word' id='word_1_232' title='bbox 3429 500 3681 556; x_wconf 75' lang='grc' dir='ltr'><strong>διπλοῦν</strong></span> <span class='ocrx_word' id='word_1_233' title='bbox 3712 500 3825 553; x_wconf 64' lang='grc' dir='ltr'><strong>αὖ</strong></span> 
     </span>
    </p>
   </div>
   <div class='ocr_carea' id='block_1_33' title="bbox 2193 595 3825 672">
    <p class='ocr_par' dir='ltr' id='par_1_33' title="bbox 2193 595 3825 672">
     <span class='ocr_line' id='line_1_33' title="bbox 2193 595 3825 672; baseline -0.007 -17"><span class='ocrx_word' id='word_1_234' title='bbox 2193 601 2474 672; x_wconf 47' lang='grc' dir='ltr'><strong>νόμουμτὸ</strong></span> <span class='ocrx_word' id='word_1_235' title='bbox 2503 600 2830 671; x_wconf 79' lang='grc' dir='ltr'><strong>φαινόμενόν</strong></span> <span class='ocrx_word' id='word_1_236' title='bbox 2867 615 2930 652; x_wconf 87' lang='grc' dir='ltr'><strong>τε</strong></span> <span class='ocrx_word' id='word_1_237' title='bbox 2955 599 3049 652; x_wconf 75' lang='grc' dir='ltr'><strong>καὶ</strong></span> <span class='ocrx_word' id='word_1_238' title='bbox 3077 598 3140 652; x_wconf 77' lang='grc' dir='ltr'><strong>τὸ</strong></span> <span class='ocrx_word' id='word_1_239' title='bbox 3159 596 3478 667; x_wconf 78' lang='grc' dir='ltr'><strong>νοούμενον,</strong></span> <span class='ocrx_word' id='word_1_240' title='bbox 3506 595 3576 648; x_wconf 75' lang='grc' dir='ltr'><strong>τὸ</strong></span> <span class='ocrx_word' id='word_1_241' title='bbox 3612 610 3825 663; x_wconf 71' lang='grc' dir='ltr'><strong>σωμαρ</strong></span> 
     </span>
    </p>
   </div>
   <div class='ocr_carea' id='block_1_34' title="bbox 2192 684 3819 761">
    <p class='ocr_par' dir='ltr' id='par_1_34' title="bbox 2192 684 3819 761">
     <span class='ocr_line' id='line_1_34' title="bbox 2192 684 3819 761; baseline -0.006 -16"><span class='ocrx_word' id='word_1_242' title='bbox 2192 694 2344 747; x_wconf 89' lang='grc' dir='ltr'><strong>τικόν</strong></span> <span class='ocrx_word' id='word_1_243' title='bbox 2371 710 2433 746; x_wconf 90' lang='grc' dir='ltr'><strong>τε</strong></span> <span class='ocrx_word' id='word_1_244' title='bbox 2482 693 2578 746; x_wconf 77' lang='grc' dir='ltr'><strong>καὶ</strong></span> <span class='ocrx_word' id='word_1_245' title='bbox 2613 693 2675 746; x_wconf 75' lang='grc' dir='ltr'><strong>τὸ</strong></span> <span class='ocrx_word' id='word_1_246' title='bbox 2719 690 3129 761; x_wconf 71' lang='grc' dir='ltr'><strong>πνευματικόν*</strong></span> <span class='ocrx_word' id='word_1_247' title='bbox 3179 690 3210 743; x_wconf 84' lang='grc' dir='ltr'><strong>ό</strong></span> <span class='ocrx_word' id='word_1_248' title='bbox 3249 687 3514 758; x_wconf 75' lang='grc' dir='ltr'><strong>ἀληθινὸς</strong></span> <span class='ocrx_word' id='word_1_249' title='bbox 3551 684 3819 754; x_wconf 64' lang='grc' dir='ltr'><strong>ποιμὴν,</strong></span> 
     </span>
    </p>
   </div>
   <div class='ocr_carea' id='block_1_35' title="bbox 2195 776 3820 855">
    <p class='ocr_par' dir='ltr' id='par_1_35' title="bbox 2195 776 3820 855">
     <span class='ocr_line' id='line_1_35' title="bbox 2195 776 3820 855; baseline -0.007 -15"><span class='ocrx_word' id='word_1_250' title='bbox 2195 787 2291 840; x_wconf 79' lang='grc' dir='ltr'><strong>καὶ</strong></span> <span class='ocrx_word' id='word_1_251' title='bbox 2321 784 2600 855; x_wconf 82' lang='grc' dir='ltr'><strong>βασιλεὺς,</strong></span> <span class='ocrx_word' id='word_1_252' title='bbox 2637 784 2735 837; x_wconf 84' lang='grc' dir='ltr'><strong>καὶ</strong></span> <span class='ocrx_word' id='word_1_253' title='bbox 2779 783 2892 836; x_wconf 86' lang='grc' dir='ltr'><strong>τῶν</strong></span> <span class='ocrx_word' id='word_1_254' title='bbox 2920 780 3316 851; x_wconf 76' lang='grc' dir='ltr'><strong>ἀντικειμένων</strong></span> <span class='ocrx_word' id='word_1_255' title='bbox 3359 778 3683 849; x_wconf 60' lang='grc' dir='ltr'><strong>ἀναιρέει-ης</strong></span> <span class='ocrx_word' id='word_1_256' title='bbox 3718 776 3820 828; x_wconf 75' lang='grc' dir='ltr'><strong>δο-</strong></span> 
     </span>
    </p>
   </div>
   <div class='ocr_carea' id='block_1_36' title="bbox 2194 866 3819 948">
    <p class='ocr_par' dir='ltr' id='par_1_36' title="bbox 2194 866 3819 948">
     <span class='ocr_line' id='line_1_36' title="bbox 2194 866 3819 948; baseline -0.008 -16"><span class='ocrx_word' id='word_1_257' title='bbox 2194 878 2433 948; x_wconf 84' lang='grc' dir='ltr'><strong>νάμεων.</strong></span> <span class='ocrx_word' id='word_1_258' title='bbox 2469 876 2683 947; x_wconf 79' lang='grc' dir='ltr'><strong>Ποιμὴν</strong></span> <span class='ocrx_word' id='word_1_259' title='bbox 2707 874 2807 945; x_wconf 77' lang='grc' dir='ltr'><strong>μὲν</strong></span> <span class='ocrx_word' id='word_1_260' title='bbox 2832 873 2943 927; x_wconf 85' lang='grc' dir='ltr'><strong>τῶν</strong></span> <span class='ocrx_word' id='word_1_261' title='bbox 2970 873 3070 943; x_wconf 78' lang='grc' dir='ltr'><strong>τὴν</strong></span> <span class='ocrx_word' id='word_1_262' title='bbox 3102 871 3416 943; x_wconf 76' lang='grc' dir='ltr'><strong>πρακτικὴν</strong></span> <span class='ocrx_word' id='word_1_263' title='bbox 3446 866 3819 941; x_wconf 68' lang='grc' dir='ltr'><strong>μετερχομέ</strong></span> 
     </span>
    </p>
   </div>
   <div class='ocr_carea' id='block_1_37' title="bbox 2196 959 3820 1039">
    <p class='ocr_par' dir='ltr' id='par_1_37' title="bbox 2196 959 3820 1039">
     <span class='ocr_line' id='line_1_37' title="bbox 2196 959 3820 1039; baseline -0.008 -14"><span class='ocrx_word' id='word_1_264' title='bbox 2196 987 2303 1025; x_wconf 82' lang='grc' dir='ltr'><strong>νων</strong></span> <span class='ocrx_word' id='word_1_265' title='bbox 2332 968 2673 1039; x_wconf 81' lang='grc' dir='ltr'><strong>φιλοσοφίαν,</strong></span> <span class='ocrx_word' id='word_1_266' title='bbox 2712 968 2809 1021; x_wconf 81' lang='grc' dir='ltr'><strong>καὶ</strong></span> <span class='ocrx_word' id='word_1_267' title='bbox 2841 966 2978 1028; x_wconf 82' lang='grc' dir='ltr'><strong>πόας</strong></span> <span class='ocrx_word' id='word_1_268' title='bbox 3008 964 3167 1035; x_wconf 83' lang='grc' dir='ltr'><strong>δίκην</strong></span> <span class='ocrx_word' id='word_1_269' title='bbox 3196 963 3524 1035; x_wconf 79' lang='grc' dir='ltr'><strong>νεμομένων</strong></span> <span class='ocrx_word' id='word_1_270' title='bbox 3548 959 3820 1030; x_wconf 68' lang='grc' dir='ltr'><strong>φυσικὴν</strong></span> 
     </span>
    </p>
   </div>
   <div class='ocr_carea' id='block_1_38' title="bbox 2198 1055 3817 1133">
    <p class='ocr_par' dir='ltr' id='par_1_38' title="bbox 2198 1055 3817 1133">
     <span class='ocr_line' id='line_1_38' title="bbox 2198 1055 3817 1133; baseline -0.007 -16"><span class='ocrx_word' id='word_1_271' title='bbox 2198 1062 2432 1133; x_wconf 77' lang='grc' dir='ltr'><strong>θεωρίαν</strong></span> <span class='ocrx_word' id='word_1_272' title='bbox 2454 1077 2469 1092; x_wconf 92' lang='grc'><strong>·</strong></span> <span class='ocrx_word' id='word_1_273' title='bbox 2511 1060 2765 1130; x_wconf 77' lang='grc' dir='ltr'><strong>βασιλεὺς</strong></span> <span class='ocrx_word' id='word_1_274' title='bbox 2814 1058 2873 1112; x_wconf 82' lang='grc' dir='ltr'><strong>δὲ</strong></span> <span class='ocrx_word' id='word_1_275' title='bbox 2904 1056 3014 1111; x_wconf 83' lang='grc' dir='ltr'><strong>τῶν</strong></span> <span class='ocrx_word' id='word_1_276' title='bbox 3060 1056 3247 1127; x_wconf 90' lang='grc' dir='ltr'><strong>νόμοις</strong></span> <span class='ocrx_word' id='word_1_277' title='bbox 3280 1056 3376 1109; x_wconf 77' lang='grc' dir='ltr'><strong>καὶ</strong></span> <span class='ocrx_word' id='word_1_278' title='bbox 3407 1055 3603 1123; x_wconf 83' lang='grc' dir='ltr'><strong>λόγοις</strong></span> <span class='ocrx_word' id='word_1_279' title='bbox 3638 1070 3817 1106; x_wconf 56' lang='lat' dir='ltr'><strong>me</strong></span> 
     </span>
    </p>
   </div>
   <div class='ocr_carea' id='block_1_39' title="bbox 2201 1146 3819 1226">
    <p class='ocr_par' dir='ltr' id='par_1_39' title="bbox 2201 1146 3819 1226">
     <span class='ocr_line' id='line_1_39' title="bbox 2201 1146 3819 1226; baseline -0.006 -18"><span class='ocrx_word' id='word_1_280' title='bbox 2201 1155 2454 1226; x_wconf 78' lang='grc' dir='ltr'><strong>ματικοϊς</strong></span> <span class='ocrx_word' id='word_1_281' title='bbox 2482 1152 2792 1223; x_wconf 82' lang='grc' dir='ltr'><strong>ἀγομένων,</strong></span> <span class='ocrx_word' id='word_1_282' title='bbox 2825 1151 2923 1205; x_wconf 72' lang='grc' dir='ltr'><strong>καὶ</strong></span> <span class='ocrx_word' id='word_1_283' title='bbox 2940 1149 3033 1203; x_wconf 81' lang='grc' dir='ltr'><strong>διὰ</strong></span> <span class='ocrx_word' id='word_1_284' title='bbox 3076 1150 3313 1220; x_wconf 82' lang='grc' dir='ltr'><strong>θεωρίας</strong></span> <span class='ocrx_word' id='word_1_285' title='bbox 3337 1148 3645 1218; x_wconf 76' lang='grc' dir='ltr'><strong>θειοτέρας</strong></span> <span class='ocrx_word' id='word_1_286' title='bbox 3672 1146 3819 1215; x_wconf 63' lang='grc' dir='ltr'><strong>πρὸς</strong></span> 
     </span>
    </p>
   </div>
   <div class='ocr_carea' id='block_1_40' title="bbox 2197 1236 3820 1315">
    <p class='ocr_par' dir='ltr' id='par_1_40' title="bbox 2197 1236 3820 1315">
     <span class='ocr_line' id='line_1_40' title="bbox 2197 1236 3820 1315; baseline -0.007 -13"><span class='ocrx_word' id='word_1_287' title='bbox 2197 1247 2361 1302; x_wconf 82' lang='grc' dir='ltr'><strong>αὑτὸν</strong></span> <span class='ocrx_word' id='word_1_288' title='bbox 2388 1246 2767 1315; x_wconf 83' lang='grc' dir='ltr'><strong>ἀναγομένων.</strong></span> <span class='ocrx_word' id='word_1_289' title='bbox 2792 1242 2997 1297; x_wconf 85' lang='grc' dir='ltr'><strong>Τούτου</strong></span> <span class='ocrx_word' id='word_1_290' title='bbox 3020 1241 3124 1294; x_wconf 80' lang='grc' dir='ltr'><strong>τοῦ</strong></span> <span class='ocrx_word' id='word_1_291' title='bbox 3156 1240 3322 1294; x_wconf 76' lang='grc' dir='ltr'><strong>Δαϐὶδ</strong></span> <span class='ocrx_word' id='word_1_292' title='bbox 3360 1240 3458 1311; x_wconf 84' lang='grc' dir='ltr'><strong>μὲν</strong></span> <span class='ocrx_word' id='word_1_293' title='bbox 3497 1240 3640 1303; x_wconf 72' lang='grc' dir='ltr'><strong>υἱοὶ,</strong></span> <span class='ocrx_word' id='word_1_294' title='bbox 3680 1241 3736 1291; x_wconf 79' lang='grc' dir='ltr'><strong>οἱ</strong></span> <span class='ocrx_word' id='word_1_295' title='bbox 3758 1236 3820 1302; x_wconf 62' lang='grc' dir='ltr'><strong>ἐξ</strong></span> 
     </span>
    </p>
   </div>
   <div class='ocr_carea' id='block_1_41' title="bbox 2198 1330 3818 1409">
    <p class='ocr_par' dir='ltr' id='par_1_41' title="bbox 2198 1330 3818 1409">
     <span class='ocr_line' id='line_1_41' title="bbox 2198 1330 3818 1409; baseline -0.007 -16"><span class='ocrx_word' id='word_1_296' title='bbox 2198 1338 2365 1393; x_wconf 85' lang='grc' dir='ltr'><strong>αὐτοῦ</strong></span> <span class='ocrx_word' id='word_1_297' title='bbox 2392 1337 2746 1409; x_wconf 84' lang='grc' dir='ltr'><strong>γεννηθέντες</strong></span> <span class='ocrx_word' id='word_1_298' title='bbox 2776 1337 2834 1389; x_wconf 74' lang='grc' dir='ltr'><strong>ἐν</strong></span> <span class='ocrx_word' id='word_1_299' title='bbox 2861 1334 3134 1404; x_wconf 79' lang='grc' dir='ltr'><strong>πνεύματι</strong></span> <span class='ocrx_word' id='word_1_300' title='bbox 3172 1334 3343 1399; x_wconf 72' lang='grc' dir='ltr'><strong>ἅγιοι.</strong></span> <span class='ocrx_word' id='word_1_301' title='bbox 3380 1334 3566 1401; x_wconf 80' lang='grc' dir='ltr'><strong>Τάφοι</strong></span> <span class='ocrx_word' id='word_1_302' title='bbox 3589 1332 3660 1386; x_wconf 79' lang='grc' dir='ltr'><strong>δὲ</strong></span> <span class='ocrx_word' id='word_1_303' title='bbox 3684 1330 3818 1383; x_wconf 82' lang='grc' dir='ltr'><strong>τού-</strong></span> 
     </span>
    </p>
   </div>
   <div class='ocr_carea' id='block_1_42' title="bbox 2200 1422 3819 1501">
    <p class='ocr_par' dir='ltr' id='par_1_42' title="bbox 2200 1422 3819 1501">
     <span class='ocr_line' id='line_1_42' title="bbox 2200 1422 3819 1501; baseline -0.007 -16"><span class='ocrx_word' id='word_1_304' title='bbox 2200 1449 2308 1485; x_wconf 86' lang='grc' dir='ltr'><strong>των</strong></span> <span class='ocrx_word' id='word_1_305' title='bbox 2333 1432 2387 1484; x_wconf 87' lang='grc' dir='ltr'><strong>αί</strong></span> <span class='ocrx_word' id='word_1_306' title='bbox 2422 1430 2639 1501; x_wconf 85' lang='grc' dir='ltr'><strong>μνῆμαι</strong></span> <span class='ocrx_word' id='word_1_307' title='bbox 2664 1427 2768 1498; x_wconf 80' lang='grc' dir='ltr'><strong>τῆς</strong></span> <span class='ocrx_word' id='word_1_308' title='bbox 2795 1424 2941 1481; x_wconf 88' lang='grc' dir='ltr'><strong>κατά</strong></span> <span class='ocrx_word' id='word_1_309' title='bbox 2978 1426 3114 1480; x_wconf 82' lang='grc' dir='ltr'><strong>Θεὸν</strong></span> <span class='ocrx_word' id='word_1_310' title='bbox 3151 1425 3333 1478; x_wconf 79' lang='grc' dir='ltr'><strong>αὐτῶν</strong></span> <span class='ocrx_word' id='word_1_311' title='bbox 3370 1424 3467 1478; x_wconf 70' lang='grc' dir='ltr'><strong>ἐπὶ</strong></span> <span class='ocrx_word' id='word_1_312' title='bbox 3493 1426 3605 1491; x_wconf 78' lang='grc' dir='ltr'><strong>γῆς</strong></span> <span class='ocrx_word' id='word_1_313' title='bbox 3658 1422 3819 1475; x_wconf 72' lang='grc' dir='ltr'><strong>πολι-</strong></span> 
     </span>
    </p>
   </div>
   <div class='ocr_carea' id='block_1_43' title="bbox 2199 1514 3821 1587">
    <p class='ocr_par' dir='ltr' id='par_1_43' title="bbox 2199 1514 3821 1587">
     <span class='ocr_line' id='line_1_43' title="bbox 2199 1514 3821 1587; baseline -0.007 -11"><span class='ocrx_word' id='word_1_314' title='bbox 2199 1523 2373 1587; x_wconf 88' lang='grc' dir='ltr'><strong>τείας.</strong></span> <span class='ocrx_word' id='word_1_315' title='bbox 2413 1520 2733 1583; x_wconf 78' lang='grc' dir='ltr'><strong>’Δναϐἀσεις</strong></span> <span class='ocrx_word' id='word_1_316' title='bbox 2764 1519 2823 1572; x_wconf 76' lang='grc' dir='ltr'><strong>δὲ</strong></span> <span class='ocrx_word' id='word_1_317' title='bbox 2846 1518 2958 1571; x_wconf 87' lang='grc' dir='ltr'><strong>τῶν</strong></span> <span class='ocrx_word' id='word_1_318' title='bbox 2984 1518 3177 1587; x_wconf 81' lang='grc' dir='ltr'><strong>τάφων</strong></span> <span class='ocrx_word' id='word_1_319' title='bbox 3202 1516 3403 1579; x_wconf 83' lang='grc' dir='ltr'><strong>αὐτῶν,</strong></span> <span class='ocrx_word' id='word_1_320' title='bbox 3440 1515 3514 1568; x_wconf 80' lang='grc' dir='ltr'><strong>τά</strong></span> <span class='ocrx_word' id='word_1_321' title='bbox 3548 1514 3673 1584; x_wconf 74' lang='grc' dir='ltr'><strong>ὕψη</strong></span> <span class='ocrx_word' id='word_1_322' title='bbox 3704 1514 3821 1565; x_wconf 72' lang='grc' dir='ltr'><strong>τῶν</strong></span> 
     </span>
    </p>
   </div>
   <div class='ocr_carea' id='block_1_44' title="bbox 2203 1599 3821 1683">
    <p class='ocr_par' dir='ltr' id='par_1_44' title="bbox 2203 1599 3821 1683">
     <span class='ocr_line' id='line_1_44' title="bbox 2203 1599 3821 1683; baseline -0.003 -18"><span class='ocrx_word' id='word_1_323' title='bbox 2203 1614 2261 1667; x_wconf 77' lang='grc' dir='ltr'><strong>ὲν</strong></span> <span class='ocrx_word' id='word_1_324' title='bbox 2309 1615 2433 1676; x_wconf 80' lang='grc' dir='ltr'><strong>ταῖς</strong></span> <span class='ocrx_word' id='word_1_325' title='bbox 2482 1612 2727 1683; x_wconf 80' lang='grc' dir='ltr'><strong>μνήμαις</strong></span> <span class='ocrx_word' id='word_1_326' title='bbox 2772 1608 3003 1673; x_wconf 81' lang='grc' dir='ltr'><strong>ταύταις</strong></span> <span class='ocrx_word' id='word_1_327' title='bbox 3061 1608 3535 1680; x_wconf 85' lang='grc' dir='ltr'><strong>κατορθωμάτων,</strong></span> <span class='ocrx_word' id='word_1_328' title='bbox 3595 1607 3681 1660; x_wconf 75' lang='grc' dir='ltr'><strong>δι’</strong></span> <span class='ocrx_word' id='word_1_329' title='bbox 3738 1599 3821 1660; x_wconf 70' lang='grc' dir='ltr'><strong>ὧν</strong></span> 
     </span>
    </p>
   </div>
   <div class='ocr_carea' id='block_1_45' title="bbox 2203 1696 3818 1775">
    <p class='ocr_par' dir='ltr' id='par_1_45' title="bbox 2203 1696 3818 1775">
     <span class='ocr_line' id='line_1_45' title="bbox 2203 1696 3818 1775; baseline -0.003 -18"><span class='ocrx_word' id='word_1_330' title='bbox 2203 1707 2400 1758; x_wconf 80' lang='grc' dir='ltr'><strong>ἐκεῖνοι</strong></span> <span class='ocrx_word' id='word_1_331' title='bbox 2453 1704 2589 1775; x_wconf 73' lang='grc' dir='ltr'><strong>πρὸς</strong></span> <span class='ocrx_word' id='word_1_332' title='bbox 2639 1702 2772 1756; x_wconf 79' lang='grc' dir='ltr'><strong>Θεὸν</strong></span> <span class='ocrx_word' id='word_1_333' title='bbox 2822 1700 3133 1771; x_wconf 76' lang='grc' dir='ltr'><strong>ἀνέϐησανο</strong></span> <span class='ocrx_word' id='word_1_334' title='bbox 3186 1696 3271 1764; x_wconf 75' lang='grc' dir='ltr'><strong>οἷς</strong></span> <span class='ocrx_word' id='word_1_335' title='bbox 3330 1699 3721 1753; x_wconf 79' lang='grc' dir='ltr'><strong>ὲνθάπτουσιν</strong></span> <span class='ocrx_word' id='word_1_336' title='bbox 3764 1702 3818 1752; x_wconf 70' lang='grc' dir='ltr'><strong>οἱ</strong></span> 
     </span>
    </p>
   </div>
   <div class='ocr_carea' id='block_1_46' title="bbox 2203 1791 3820 1868">
    <p class='ocr_par' dir='ltr' id='par_1_46' title="bbox 2203 1791 3820 1868">
     <span class='ocr_line' id='line_1_46' title="bbox 2203 1791 3820 1868; baseline -0.005 -18"><span class='ocrx_word' id='word_1_337' title='bbox 2203 1795 2561 1868; x_wconf 84' lang='grc' dir='ltr'><strong>ὲνιδρύοντες,</strong></span> <span class='ocrx_word' id='word_1_338' title='bbox 2590 1795 2645 1849; x_wconf 85' lang='grc' dir='ltr'><strong>οἴ</strong></span> <span class='ocrx_word' id='word_1_339' title='bbox 2672 1811 2733 1847; x_wconf 80' lang='grc' dir='ltr'><strong>τε</strong></span> <span class='ocrx_word' id='word_1_340' title='bbox 2767 1792 2911 1848; x_wconf 87' lang='grc' dir='ltr'><strong>κατά</strong></span> <span class='ocrx_word' id='word_1_341' title='bbox 2954 1792 3157 1864; x_wconf 78' lang='grc' dir='ltr'><strong>πρᾶξιν</strong></span> <span class='ocrx_word' id='word_1_342' title='bbox 3188 1791 3404 1863; x_wconf 83' lang='grc' dir='ltr'><strong>τρόποι,</strong></span> <span class='ocrx_word' id='word_1_343' title='bbox 3435 1791 3536 1845; x_wconf 77' lang='grc' dir='ltr'><strong>καὶ</strong></span> <span class='ocrx_word' id='word_1_344' title='bbox 3576 1792 3633 1843; x_wconf 83' lang='grc' dir='ltr'><strong>οἱ</strong></span> <span class='ocrx_word' id='word_1_345' title='bbox 3664 1792 3820 1843; x_wconf 76' lang='grc' dir='ltr'><strong>κατά</strong></span> 
     </span>
    </p>
   </div>
   <div class='ocr_carea' id='block_1_47' title="bbox 2203 1882 3817 1958">
    <p class='ocr_par' dir='ltr' id='par_1_47' title="bbox 2203 1882 3817 1958">
     <span class='ocr_line' id='line_1_47' title="bbox 2203 1882 3817 1958; baseline -0.005 -16"><span class='ocrx_word' id='word_1_346' title='bbox 2203 1888 2438 1958; x_wconf 77' lang='grc' dir='ltr'><strong>Θεωρίαν</strong></span> <span class='ocrx_word' id='word_1_347' title='bbox 2465 1886 2612 1955; x_wconf 83' lang='grc' dir='ltr'><strong>λόγοι</strong></span> <span class='ocrx_word' id='word_1_348' title='bbox 2640 1904 2655 1919; x_wconf 78' lang='grc'><em>’</em></span> <span class='ocrx_word' id='word_1_349' title='bbox 2688 1887 2768 1949; x_wconf 87' lang='grc' dir='ltr'><strong>είς</strong></span> <span class='ocrx_word' id='word_1_350' title='bbox 2795 1884 2890 1950; x_wconf 85' lang='grc' dir='ltr'><strong>οὒς</strong></span> <span class='ocrx_word' id='word_1_351' title='bbox 2911 1884 3279 1954; x_wconf 87' lang='grc' dir='ltr'><strong>λαμϐάνονται</strong></span> <span class='ocrx_word' id='word_1_352' title='bbox 3308 1885 3417 1946; x_wconf 79' lang='grc' dir='ltr'><strong>πᾶς</strong></span> <span class='ocrx_word' id='word_1_353' title='bbox 3459 1882 3673 1946; x_wconf 81' lang='grc' dir='ltr'><strong>Ἰούδα,</strong></span> <span class='ocrx_word' id='word_1_354' title='bbox 3716 1882 3817 1935; x_wconf 74' lang='grc' dir='ltr'><strong>καὶ</strong></span> 
     </span>
    </p>
   </div>
   <div class='ocr_carea' id='block_1_48' title="bbox 2202 1968 3817 2047">
    <p class='ocr_par' dir='ltr' id='par_1_48' title="bbox 2202 1968 3817 2047">
     <span class='ocr_line' id='line_1_48' title="bbox 2202 1968 3817 2047; baseline -0.006 -13"><span class='ocrx_word' id='word_1_355' title='bbox 2202 1982 2253 2034; x_wconf 93' lang='grc' dir='ltr'><strong>οί</strong></span> <span class='ocrx_word' id='word_1_356' title='bbox 2298 1978 2684 2041; x_wconf 86' lang='grc' dir='ltr'><strong>κατοικοῦντες</strong></span> <span class='ocrx_word' id='word_1_357' title='bbox 2719 1975 3097 2047; x_wconf 81' lang='grc' dir='ltr'><strong>Ἰερουσαλὴμ,</strong></span> <span class='ocrx_word' id='word_1_358' title='bbox 3126 1974 3219 2027; x_wconf 79' lang='grc' dir='ltr'><strong>τὸν</strong></span> <span class='ocrx_word' id='word_1_359' title='bbox 3249 1976 3361 2036; x_wconf 80' lang='grc' dir='ltr'><strong>τοῖς</strong></span> <span class='ocrx_word' id='word_1_360' title='bbox 3387 1968 3547 2027; x_wconf 80' lang='grc' dir='ltr'><strong>οὖσιν</strong></span> <span class='ocrx_word' id='word_1_361' title='bbox 3590 1975 3817 2027; x_wconf 72' lang='grc' dir='ltr'><strong>ἅπασιν</strong></span> 
     </span>
    </p>
   </div>
   <div class='ocr_carea' id='block_1_49' title="bbox 2204 2064 3812 2135">
    <p class='ocr_par' dir='ltr' id='par_1_49' title="bbox 2204 2064 3812 2135">
     <span class='ocr_line' id='line_1_49' title="bbox 2204 2064 3812 2135; baseline -0.007 -10"><span class='ocrx_word' id='word_1_362' title='bbox 2204 2069 2502 2134; x_wconf 79' lang='grc' dir='ltr'><strong>ὲπαινετῶς</strong></span> <span class='ocrx_word' id='word_1_363' title='bbox 2532 2068 2873 2122; x_wconf 80' lang='grc' dir='ltr'><strong>ἀποθανόντα</strong></span> <span class='ocrx_word' id='word_1_364' title='bbox 2906 2066 3031 2119; x_wconf 89' lang='grc' dir='ltr'><strong>νοῦν</strong></span> <span class='ocrx_word' id='word_1_365' title='bbox 3052 2081 3067 2096; x_wconf 71' lang='grc'><strong><em>⁸</em></strong></span> <span class='ocrx_word' id='word_1_366' title='bbox 3097 2067 3211 2129; x_wconf 83' lang='grc' dir='ltr'><strong>τοῖς</strong></span> <span class='ocrx_word' id='word_1_367' title='bbox 3246 2064 3345 2135; x_wconf 81' lang='grc' dir='ltr'><strong>μὲν</strong></span> <span class='ocrx_word' id='word_1_368' title='bbox 3393 2064 3720 2134; x_wconf 72' lang='grc' dir='ltr'><strong>αἰσθητοῖς,</strong></span> <span class='ocrx_word' id='word_1_369' title='bbox 3748 2066 3812 2133; x_wconf 75' lang='grc' dir='ltr'><strong>τῇ</strong></span> 
     </span>
    </p>
   </div>
   <div class='ocr_carea' id='block_1_50' title="bbox 2204 2156 3816 2230">
    <p class='ocr_par' dir='ltr' id='par_1_50' title="bbox 2204 2156 3816 2230">
     <span class='ocr_line' id='line_1_50' title="bbox 2204 2156 3816 2230; baseline -0.004 -15"><span class='ocrx_word' id='word_1_370' title='bbox 2204 2162 2465 2215; x_wconf 82' lang='grc' dir='ltr'><strong>ἀποθέσει</strong></span> <span class='ocrx_word' id='word_1_371' title='bbox 2503 2160 2605 2230; x_wconf 81' lang='grc' dir='ltr'><strong>τῆς</strong></span> <span class='ocrx_word' id='word_1_372' title='bbox 2648 2159 2766 2214; x_wconf 82' lang='grc' dir='ltr'><strong>κατ’</strong></span> <span class='ocrx_word' id='word_1_373' title='bbox 2788 2156 3043 2228; x_wconf 75' lang='grc' dir='ltr'><strong>αἴσθησιν</strong></span> <span class='ocrx_word' id='word_1_374' title='bbox 3078 2156 3394 2228; x_wconf 76' lang='grc' dir='ltr'><strong>ἐνεργείας·</strong></span> <span class='ocrx_word' id='word_1_375' title='bbox 3421 2158 3537 2218; x_wconf 84' lang='grc' dir='ltr'><strong>τοῖς</strong></span> <span class='ocrx_word' id='word_1_376' title='bbox 3577 2156 3636 2209; x_wconf 77' lang='grc' dir='ltr'><strong>δὲ</strong></span> <span class='ocrx_word' id='word_1_377' title='bbox 3692 2172 3816 2225; x_wconf 71' lang='lat' dir='ltr'><strong>W1;-</strong></span> 
     </span>
    </p>
   </div>
   <div class='ocr_carea' id='block_1_51' title="bbox 2204 2245 3813 2324">
    <p class='ocr_par' dir='ltr' id='par_1_51' title="bbox 2204 2245 3813 2324">
     <span class='ocr_line' id='line_1_51' title="bbox 2204 2245 3813 2324; baseline -0.007 -17"><span class='ocrx_word' id='word_1_378' title='bbox 2204 2256 2338 2317; x_wconf 83' lang='grc' dir='ltr'><strong>τοῖς,</strong></span> <span class='ocrx_word' id='word_1_379' title='bbox 2372 2254 2437 2324; x_wconf 78' lang='grc' dir='ltr'><strong>τῇ</strong></span> <span class='ocrx_word' id='word_1_380' title='bbox 2474 2249 2783 2305; x_wconf 87' lang='grc' dir='ltr'><strong>ἀποπαύσει</strong></span> <span class='ocrx_word' id='word_1_381' title='bbox 2814 2250 2916 2318; x_wconf 81' lang='grc' dir='ltr'><strong>τῆς</strong></span> <span class='ocrx_word' id='word_1_382' title='bbox 2953 2248 3145 2317; x_wconf 83' lang='grc' dir='ltr'><strong>νοερᾶς</strong></span> <span class='ocrx_word' id='word_1_383' title='bbox 3169 2247 3454 2317; x_wconf 81' lang='grc' dir='ltr'><strong>κινήσεως.</strong></span> <span class='ocrx_word' id='word_1_384' title='bbox 3486 2246 3598 2298; x_wconf 84' lang='grc' dir='ltr'><strong>Τὸν</strong></span> <span class='ocrx_word' id='word_1_385' title='bbox 3619 2245 3813 2299; x_wconf 79' lang='grc' dir='ltr'><strong>τοίνυν</strong></span> 
     </span>
    </p>
   </div>
   <div class='ocr_carea' id='block_1_52' title="bbox 2218 2332 3813 2415">
    <p class='ocr_par' dir='ltr' id='par_1_52' title="bbox 2218 2332 3813 2415">
     <span class='ocr_line' id='line_1_52' title="bbox 2218 2332 3813 2415; baseline -0.005 -19"><span class='ocrx_word' id='word_1_386' title='bbox 2218 2343 2464 2414; x_wconf 68' lang='grc' dir='ltr'><strong>Ἐζεκίαν</strong></span> <span class='ocrx_word' id='word_1_387' title='bbox 2487 2343 2693 2415; x_wconf 88' lang='grc' dir='ltr'><strong>κράτος</strong></span> <span class='ocrx_word' id='word_1_388' title='bbox 2714 2338 2849 2395; x_wconf 90' lang='grc' dir='ltr'><strong>Θεοῦ</strong></span> <span class='ocrx_word' id='word_1_389' title='bbox 2885 2332 3381 2410; x_wconf 79' lang='grc' dir='ltr'><strong>μνημονευόμενον,</strong></span> <span class='ocrx_word' id='word_1_390' title='bbox 3413 2337 3489 2400; x_wconf 86' lang='grc' dir='ltr'><strong>ὡς</strong></span> <span class='ocrx_word' id='word_1_391' title='bbox 3509 2338 3639 2389; x_wconf 85' lang='grc' dir='ltr'><strong>νοῦν</strong></span> <span class='ocrx_word' id='word_1_392' title='bbox 3667 2355 3813 2407; x_wconf 85' lang='grc' dir='ltr'><strong>κρα-</strong></span> 
     </span>
    </p>
   </div>
   <div class='ocr_carea' id='block_1_53' title="bbox 2206 2426 3812 2504">
    <p class='ocr_par' dir='ltr' id='par_1_53' title="bbox 2206 2426 3812 2504">
     <span class='ocr_line' id='line_1_53' title="bbox 2206 2426 3812 2504; baseline -0.005 -16"><span class='ocrx_word' id='word_1_393' title='bbox 2206 2434 2358 2489; x_wconf 82' lang='grc' dir='ltr'><strong>ταιὸν</strong></span> <span class='ocrx_word' id='word_1_394' title='bbox 2408 2434 2537 2504; x_wconf 77' lang='grc' dir='ltr'><strong>περὶ</strong></span> <span class='ocrx_word' id='word_1_395' title='bbox 2585 2431 2786 2504; x_wconf 77' lang='grc' dir='ltr'><strong>πρᾶξιν</strong></span> <span class='ocrx_word' id='word_1_396' title='bbox 2832 2430 2929 2484; x_wconf 76' lang='grc' dir='ltr'><strong>καὶ</strong></span> <span class='ocrx_word' id='word_1_397' title='bbox 2977 2430 3107 2500; x_wconf 76' lang='grc' dir='ltr'><strong>περὶ</strong></span> <span class='ocrx_word' id='word_1_398' title='bbox 3139 2429 3342 2497; x_wconf 80' lang='grc' dir='ltr'><strong>γνῶσιν</strong></span> <span class='ocrx_word' id='word_1_399' title='bbox 3384 2426 3812 2499; x_wconf 83' lang='grc' dir='ltr'><strong>λαμπρότατον,</strong></span> 
     </span>
    </p>
   </div>
   <div class='ocr_carea' id='block_1_54' title="bbox 2207 2519 3813 2586">
    <p class='ocr_par' dir='ltr' id='par_1_54' title="bbox 2207 2519 3813 2586">
     <span class='ocr_line' id='line_1_54' title="bbox 2207 2519 3813 2586; baseline -0.005 -6"><span class='ocrx_word' id='word_1_400' title='bbox 2207 2526 2507 2580; x_wconf 82' lang='grc' dir='ltr'><strong>θάπτουσιν</strong></span> <span class='ocrx_word' id='word_1_401' title='bbox 2556 2524 2933 2578; x_wconf 82' lang='grc' dir='ltr'><strong>ἀποθανόντα·</strong></span> <span class='ocrx_word' id='word_1_402' title='bbox 2972 2519 3120 2573; x_wconf 83' lang='grc' dir='ltr'><strong>τοῦτ’</strong></span> <span class='ocrx_word' id='word_1_403' title='bbox 3166 2520 3334 2586; x_wconf 75' lang='grc' dir='ltr'><strong>ἔστιν,</strong></span> <span class='ocrx_word' id='word_1_404' title='bbox 3411 2520 3637 2574; x_wconf 83' lang='grc' dir='ltr'><strong>πάντων</strong></span> <span class='ocrx_word' id='word_1_405' title='bbox 3700 2521 3813 2572; x_wconf 76' lang='grc' dir='ltr'><strong>τῶν</strong></span> 
     </span>
    </p>
   </div>
   <div class='ocr_carea' id='block_1_55' title="bbox 2206 2612 3813 2686">
    <p class='ocr_par' dir='ltr' id='par_1_55' title="bbox 2206 2612 3813 2686">
     <span class='ocr_line' id='line_1_55' title="bbox 2206 2612 3813 2686; baseline -0.004 -15"><span class='ocrx_word' id='word_1_406' title='bbox 2206 2618 2377 2671; x_wconf 76' lang='grc' dir='ltr'><strong>ὄντων</strong></span> <span class='ocrx_word' id='word_1_407' title='bbox 2424 2614 2569 2669; x_wconf 87' lang='grc' dir='ltr'><strong>κατά</strong></span> <span class='ocrx_word' id='word_1_408' title='bbox 2600 2614 2829 2686; x_wconf 83' lang='grc' dir='ltr'><strong>γνώμην</strong></span> <span class='ocrx_word' id='word_1_409' title='bbox 2864 2614 3291 2685; x_wconf 83' lang='grc' dir='ltr'><strong>ἀπογενόμενον,</strong></span> <span class='ocrx_word' id='word_1_410' title='bbox 3358 2613 3454 2665; x_wconf 79' lang='grc' dir='ltr'><strong>καὶ</strong></span> <span class='ocrx_word' id='word_1_411' title='bbox 3514 2614 3661 2684; x_wconf 77' lang='grc' dir='ltr'><strong>πρὸς</strong></span> <span class='ocrx_word' id='word_1_412' title='bbox 3718 2612 3813 2665; x_wconf 68' lang='grc' dir='ltr'><strong>τὸν</strong></span> 
     </span>
    </p>
   </div>
   <div class='ocr_carea' id='block_1_56' title="bbox 524 2703 2105 2782">
    <p class='ocr_par' dir='ltr' id='par_1_56' title="bbox 524 2703 2105 2778">
     <span class='ocr_line' id='line_1_56' title="bbox 524 2703 2105 2778; baseline 0.003 -22"><span class='ocrx_word' id='word_1_413' title='bbox 524 2717 624 2771; x_wconf 88' lang='lat' dir='ltr'><strong>per</strong></span> <span class='ocrx_word' id='word_1_414' title='bbox 678 2703 925 2773; x_wconf 89' lang='lat' dir='ltr'><strong>requiem</strong></span> <span class='ocrx_word' id='word_1_415' title='bbox 978 2713 1162 2759; x_wconf 90' lang='lat' dir='ltr'><strong>motus</strong></span> <span class='ocrx_word' id='word_1_416' title='bbox 1208 2704 1585 2775; x_wconf 86' lang='lat' dir='ltr'><strong>intelligentis.</strong></span> <span class='ocrx_word' id='word_1_417' title='bbox 1638 2705 1929 2760; x_wconf 85' lang='lat' dir='ltr'><strong>Ezechiam</strong></span> <span class='ocrx_word' id='word_1_418' title='bbox 1976 2722 2105 2778; x_wconf 79' lang='lat' dir='ltr'><strong>ergo</strong></span> 
     </span>
    </p>
   </div>
   <div class='ocr_carea' id='block_1_57' title="bbox 2206 2703 3813 2782">
    <p class='ocr_par' dir='ltr' id='par_1_57' title="bbox 2209 2704 3813 2782">
     <span class='ocr_line' id='line_1_57' title="bbox 2209 2704 3813 2782; baseline -0.005 -18"><span class='ocrx_word' id='word_1_419' title='bbox 2209 2710 2349 2782; x_wconf 81' lang='grc' dir='ltr'><strong>ὑπὲρ</strong></span> <span class='ocrx_word' id='word_1_420' title='bbox 2372 2710 2441 2763; x_wconf 86' lang='grc' dir='ltr'><strong>τά</strong></span> <span class='ocrx_word' id='word_1_421' title='bbox 2471 2709 2601 2763; x_wconf 80' lang='grc' dir='ltr'><strong>ὅντα</strong></span> <span class='ocrx_word' id='word_1_422' title='bbox 2632 2707 2944 2778; x_wconf 85' lang='grc' dir='ltr'><strong>γενόμενον.</strong></span> <span class='ocrx_word' id='word_1_423' title='bbox 2988 2708 3105 2771; x_wconf 67' lang='lat' dir='ltr'><strong>llic</strong></span> <span class='ocrx_word' id='word_1_424' title='bbox 3148 2704 3315 2759; x_wconf 87' lang='grc' dir='ltr'><strong>Ἰούδα</strong></span> <span class='ocrx_word' id='word_1_425' title='bbox 3351 2705 3447 2758; x_wconf 79' lang='grc' dir='ltr'><strong>καὶ</strong></span> <span class='ocrx_word' id='word_1_426' title='bbox 3499 2706 3553 2757; x_wconf 90' lang='grc' dir='ltr'><strong>οί</strong></span> <span class='ocrx_word' id='word_1_427' title='bbox 3619 2721 3813 2757; x_wconf 76' lang='grc' dir='ltr'><strong>κατοιο</strong></span> 
     </span>
    </p>
   </div>
   <div class='ocr_carea' id='block_1_58' title="bbox 526 2794 2105 2869">
    <p class='ocr_par' dir='ltr' id='par_1_58' title="bbox 526 2794 2105 2867">
     <span class='ocr_line' id='line_1_58' title="bbox 526 2794 2105 2867; baseline 0.004 -20"><span class='ocrx_word' id='word_1_428' title='bbox 526 2794 623 2864; x_wconf 82' lang='lat' dir='ltr'><strong>qni</strong></span> <span class='ocrx_word' id='word_1_429' title='bbox 667 2805 1007 2852; x_wconf 91' lang='lat' dir='ltr'><strong>memoratur</strong></span> <span class='ocrx_word' id='word_1_430' title='bbox 1034 2798 1131 2851; x_wconf 87' lang='lat' dir='ltr'><strong>Dei</strong></span> <span class='ocrx_word' id='word_1_431' title='bbox 1172 2798 1437 2867; x_wconf 87' lang='lat' dir='ltr'><strong>potentia,</strong></span> <span class='ocrx_word' id='word_1_432' title='bbox 1482 2804 1736 2866; x_wconf 86' lang='lat' dir='ltr'><strong>tanquam</strong></span> <span class='ocrx_word' id='word_1_433' title='bbox 1776 2807 2011 2853; x_wconf 86' lang='lat' dir='ltr'><strong>mentem</strong></span> <span class='ocrx_word' id='word_1_434' title='bbox 2052 2800 2105 2853; x_wconf 94' lang='lat' dir='ltr'><strong>in</strong></span> 
     </span>
    </p>
   </div>
   <div class='ocr_carea' id='block_1_59' title="bbox 2206 2794 3812 2869">
    <p class='ocr_par' dir='ltr' id='par_1_59' title="bbox 2209 2794 3812 2869">
     <span class='ocr_line' id='line_1_59' title="bbox 2209 2794 3812 2869; baseline -0.004 -16"><span class='ocrx_word' id='word_1_435' title='bbox 2209 2800 2433 2863; x_wconf 87' lang='grc' dir='ltr'><strong>κοῦντες</strong></span> <span class='ocrx_word' id='word_1_436' title='bbox 2475 2798 2854 2869; x_wconf 80' lang='grc' dir='ltr'><strong>Ἰερουσαλὴμ,</strong></span> <span class='ocrx_word' id='word_1_437' title='bbox 2901 2801 2935 2869; x_wconf 78' lang='grc' dir='ltr'><strong>ἡ</strong></span> <span class='ocrx_word' id='word_1_438' title='bbox 2979 2798 3100 2853; x_wconf 89' lang='grc' dir='ltr'><strong>κατ’</strong></span> <span class='ocrx_word' id='word_1_439' title='bbox 3137 2797 3341 2869; x_wconf 81' lang='grc' dir='ltr'><strong>ἀρετὴν</strong></span> <span class='ocrx_word' id='word_1_440' title='bbox 3384 2795 3587 2867; x_wconf 79' lang='grc' dir='ltr'><strong>πρᾶξις</strong></span> <span class='ocrx_word' id='word_1_441' title='bbox 3635 2794 3812 2848; x_wconf 80' lang='grc' dir='ltr'><strong>αὑτοῦ</strong></span> 
     </span>
    </p>
   </div>
   <div class='ocr_carea' id='block_1_60' title="bbox 525 2885 2105 2962">
    <p class='ocr_par' dir='ltr' id='par_1_60' title="bbox 525 2885 2105 2957">
     <span class='ocr_line' id='line_1_60' title="bbox 525 2885 2105 2957; baseline 0.003 -18"><span class='ocrx_word' id='word_1_442' title='bbox 525 2885 743 2941; x_wconf 78' lang='lat' dir='ltr'><strong>actione</strong></span> <span class='ocrx_word' id='word_1_443' title='bbox 780 2896 837 2941; x_wconf 90' lang='lat' dir='ltr'><strong>et</strong></span> <span class='ocrx_word' id='word_1_444' title='bbox 893 2887 949 2941; x_wconf 90' lang='lat' dir='ltr'><strong>in</strong></span> <span class='ocrx_word' id='word_1_445' title='bbox 978 2887 1438 2955; x_wconf 89' lang='lat' dir='ltr'><strong>contemplatione</strong></span> <span class='ocrx_word' id='word_1_446' title='bbox 1469 2888 1804 2955; x_wconf 69' lang='lat' dir='ltr'><strong>prmclaram,</strong></span> <span class='ocrx_word' id='word_1_447' title='bbox 1836 2888 2105 2957; x_wconf 87' lang='lat' dir='ltr'><strong>sepeliunt</strong></span> 
     </span>
    </p>
   </div>
   <div class='ocr_carea' id='block_1_61' title="bbox 2206 2885 3812 2962">
    <p class='ocr_par' dir='ltr' id='par_1_61' title="bbox 2208 2889 3812 2962">
     <span class='ocr_line' id='line_1_61' title="bbox 2208 2889 3812 2962; baseline -0.002 -16"><span class='ocrx_word' id='word_1_448' title='bbox 2208 2892 2470 2962; x_wconf 88' lang='grc' dir='ltr'><strong>δηλονότι,</strong></span> <span class='ocrx_word' id='word_1_449' title='bbox 2504 2892 2597 2947; x_wconf 80' lang='grc' dir='ltr'><strong>καὶ</strong></span> <span class='ocrx_word' id='word_1_450' title='bbox 2628 2892 2662 2961; x_wconf 77' lang='grc' dir='ltr'>ἡ</span> <span class='ocrx_word' id='word_1_451' title='bbox 2686 2892 2829 2945; x_wconf 87' lang='grc' dir='ltr'><strong>κατά</strong></span> <span class='ocrx_word' id='word_1_452' title='bbox 2856 2891 3059 2959; x_wconf 84' lang='grc' dir='ltr'><strong>γνῶσιν</strong></span> <span class='ocrx_word' id='word_1_453' title='bbox 3081 2890 3286 2962; x_wconf 82' lang='grc' dir='ltr'><strong>ἀληθὴς</strong></span> <span class='ocrx_word' id='word_1_454' title='bbox 3321 2889 3549 2960; x_wconf 81' lang='grc' dir='ltr'><strong>θεωρία,</strong></span> <span class='ocrx_word' id='word_1_455' title='bbox 3584 2890 3644 2943; x_wconf 84' lang='grc' dir='ltr'><strong>ὲν</strong></span> <span class='ocrx_word' id='word_1_456' title='bbox 3668 2890 3812 2942; x_wconf 79' lang='grc' dir='ltr'><strong>ἁνα-</strong></span> 
     </span>
    </p>
   </div>
   <div class='ocr_carea' id='block_1_62' title="bbox 528 2977 2105 3069">
    <p class='ocr_par' dir='ltr' id='par_1_62' title="bbox 528 2977 2105 3047">
     <span class='ocr_line' id='line_1_62' title="bbox 528 2977 2105 3047; baseline 0.003 -16"><span class='ocrx_word' id='word_1_457' title='bbox 528 2985 819 3041; x_wconf 88' lang='lat' dir='ltr'><strong>mortuam,</strong></span> <span class='ocrx_word' id='word_1_458' title='bbox 861 2978 965 3030; x_wconf 93' lang='lat' dir='ltr'><strong>hoc</strong></span> <span class='ocrx_word' id='word_1_459' title='bbox 1003 2986 1106 3041; x_wconf 88' lang='lat' dir='ltr'><strong>est,</strong></span> <span class='ocrx_word' id='word_1_460' title='bbox 1149 2992 1271 3045; x_wconf 70' lang='lat' dir='ltr'><strong>qua:</strong></span> <span class='ocrx_word' id='word_1_461' title='bbox 1303 2979 1371 3031; x_wconf 91' lang='lat' dir='ltr'><strong>ab</strong></span> <span class='ocrx_word' id='word_1_462' title='bbox 1397 2977 1653 3032; x_wconf 89' lang='lat' dir='ltr'><strong>omnibus</strong></span> <span class='ocrx_word' id='word_1_463' title='bbox 1692 2995 1813 3047; x_wconf 82' lang='lat' dir='ltr'><strong>quae</strong></span> <span class='ocrx_word' id='word_1_464' title='bbox 1844 2989 1970 3035; x_wconf 89' lang='lat' dir='ltr'><strong>sunt</strong></span> <span class='ocrx_word' id='word_1_465' title='bbox 2010 2995 2105 3035; x_wconf 91' lang='lat' dir='ltr'><strong>sua</strong></span> 
     </span>
    </p>
   </div>
   <div class='ocr_carea' id='block_1_63' title="bbox 2206 2977 3808 3069">
    <p class='ocr_par' dir='ltr' id='par_1_63' title="bbox 2213 2981 3808 3056">
     <span class='ocr_line' id='line_1_63' title="bbox 2213 2981 3808 3056; baseline -0.002 -18"><span class='ocrx_word' id='word_1_466' title='bbox 2213 2987 2366 3040; x_wconf 89' lang='grc' dir='ltr'><strong>ϐάσει</strong></span> <span class='ocrx_word' id='word_1_467' title='bbox 2390 2987 2578 3056; x_wconf 82' lang='grc' dir='ltr'><strong>τάφων</strong></span> <span class='ocrx_word' id='word_1_468' title='bbox 2608 2985 2739 3040; x_wconf 82' lang='grc' dir='ltr'><strong>υἱῶν</strong></span> <span class='ocrx_word' id='word_1_469' title='bbox 2771 2985 2958 3051; x_wconf 72' lang='grc' dir='ltr'><strong>Δαϐὶδ,</strong></span> <span class='ocrx_word' id='word_1_470' title='bbox 2993 2984 3052 3038; x_wconf 80' lang='grc' dir='ltr'><strong>ὲν</strong></span> <span class='ocrx_word' id='word_1_471' title='bbox 3076 2983 3156 3054; x_wconf 82' lang='grc' dir='ltr'><strong>τῷ</strong></span> <span class='ocrx_word' id='word_1_472' title='bbox 3184 2982 3331 3053; x_wconf 82' lang='grc' dir='ltr'><strong>ῦψει,</strong></span> <span class='ocrx_word' id='word_1_473' title='bbox 3359 2982 3523 3049; x_wconf 81' lang='grc' dir='ltr'><strong>λέγω,</strong></span> <span class='ocrx_word' id='word_1_474' title='bbox 3556 2984 3663 3050; x_wconf 84' lang='grc' dir='ltr'><strong>τῆς</strong></span> <span class='ocrx_word' id='word_1_475' title='bbox 3692 2981 3808 3035; x_wconf 78' lang='grc' dir='ltr'><strong>τῶν</strong></span> 
     </span>
    </p>
   </div>
   <div class='ocr_carea' id='block_1_64' title="bbox 528 3066 2109 3140">
    <p class='ocr_par' dir='ltr' id='par_1_64' title="bbox 528 3066 2109 3140">
     <span class='ocr_line' id='line_1_64' title="bbox 528 3066 2109 3140; baseline 0.004 -19"><span class='ocrx_word' id='word_1_476' title='bbox 528 3076 725 3137; x_wconf 86' lang='lat' dir='ltr'><strong>sponte</strong></span> <span class='ocrx_word' id='word_1_477' title='bbox 766 3068 1012 3129; x_wconf 89' lang='lat' dir='ltr'><strong>recessit,</strong></span> <span class='ocrx_word' id='word_1_478' title='bbox 1044 3076 1101 3120; x_wconf 88' lang='lat' dir='ltr'><strong>et</strong></span> <span class='ocrx_word' id='word_1_479' title='bbox 1138 3067 1207 3120; x_wconf 85' lang='lat' dir='ltr'><strong>ad</strong></span> <span class='ocrx_word' id='word_1_480' title='bbox 1242 3066 1640 3123; x_wconf 74' lang='lat' dir='ltr'><strong>eum‘acccssit</strong></span> <span class='ocrx_word' id='word_1_481' title='bbox 1682 3071 1775 3139; x_wconf 90' lang='lat' dir='ltr'><strong>qui</strong></span> <span class='ocrx_word' id='word_1_482' title='bbox 1814 3079 1899 3125; x_wconf 91' lang='lat' dir='ltr'><strong>est</strong></span> <span class='ocrx_word' id='word_1_483' title='bbox 1939 3086 2109 3140; x_wconf 86' lang='lat' dir='ltr'><strong>supra</strong></span> 
     </span>
    </p>
   </div>
   <div class='ocr_carea' id='block_1_65' title="bbox 527 3156 2109 3229">
    <p class='ocr_par' dir='ltr' id='par_1_65' title="bbox 527 3156 2109 3229">
     <span class='ocr_line' id='line_1_65' title="bbox 527 3156 2109 3229; baseline 0.005 -20"><span class='ocrx_word' id='word_1_484' title='bbox 527 3174 594 3212; x_wconf 82' lang='lat' dir='ltr'><strong>ea</strong></span> <span class='ocrx_word' id='word_1_485' title='bbox 633 3172 757 3227; x_wconf 67' lang='lat' dir='ltr'><strong>qua:</strong></span> <span class='ocrx_word' id='word_1_486' title='bbox 804 3166 954 3212; x_wconf 89' lang='lat' dir='ltr'><strong>sunt.</strong></span> <span class='ocrx_word' id='word_1_487' title='bbox 988 3156 1180 3211; x_wconf 88' lang='lat' dir='ltr'><strong>Omnis</strong></span> <span class='ocrx_word' id='word_1_488' title='bbox 1226 3173 1358 3227; x_wconf 88' lang='lat' dir='ltr'><strong>ergo</strong></span> <span class='ocrx_word' id='word_1_489' title='bbox 1411 3158 1573 3223; x_wconf 86' lang='lat' dir='ltr'><strong>Juda,</strong></span> <span class='ocrx_word' id='word_1_490' title='bbox 1629 3168 1685 3214; x_wconf 88' lang='lat' dir='ltr'><strong>et</strong></span> <span class='ocrx_word' id='word_1_491' title='bbox 1722 3160 1817 3229; x_wconf 93' lang='lat' dir='ltr'><strong>qui</strong></span> <span class='ocrx_word' id='word_1_492' title='bbox 1859 3161 2109 3217; x_wconf 86' lang='lat' dir='ltr'><strong>habitant</strong></span> 
     </span>
    </p>
   </div>
   <div class='ocr_carea' id='block_1_66' title="bbox 528 3247 2109 3318">
    <p class='ocr_par' dir='ltr' id='par_1_66' title="bbox 528 3247 2109 3318">
     <span class='ocr_line' id='line_1_66' title="bbox 528 3247 2109 3318; baseline 0.004 -15"><span class='ocrx_word' id='word_1_493' title='bbox 528 3248 853 3312; x_wconf 84' lang='lat' dir='ltr'><strong>Jerusalem,</strong></span> <span class='ocrx_word' id='word_1_494' title='bbox 880 3248 1001 3318; x_wconf 87' lang='lat' dir='ltr'><strong>ejus</strong></span> <span class='ocrx_word' id='word_1_495' title='bbox 1028 3247 1237 3303; x_wconf 89' lang='lat' dir='ltr'><strong>scilicet</strong></span> <span class='ocrx_word' id='word_1_496' title='bbox 1258 3250 1403 3304; x_wconf 91' lang='lat' dir='ltr'><strong>actio</strong></span> <span class='ocrx_word' id='word_1_497' title='bbox 1431 3266 1498 3305; x_wconf 79' lang='lat' dir='ltr'><strong>ex</strong></span> <span class='ocrx_word' id='word_1_498' title='bbox 1536 3250 1760 3316; x_wconf 79' lang='lat' dir='ltr'><strong>virtute,</strong></span> <span class='ocrx_word' id='word_1_499' title='bbox 1800 3261 1857 3307; x_wconf 90' lang='lat' dir='ltr'><strong>et</strong></span> <span class='ocrx_word' id='word_1_500' title='bbox 1886 3270 2018 3308; x_wconf 84' lang='lat' dir='ltr'><strong>vera</strong></span> <span class='ocrx_word' id='word_1_501' title='bbox 2039 3270 2109 3310; x_wconf 76' lang='lat' dir='ltr'><strong>ex</strong></span> 
     </span>
    </p>
   </div>
   <div class='ocr_carea' id='block_1_67' title="bbox 528 3340 2111 3412">
    <p class='ocr_par' dir='ltr' id='par_1_67' title="bbox 528 3340 2111 3412">
     <span class='ocr_line' id='line_1_67' title="bbox 528 3340 2111 3412; baseline 0.004 -17"><span class='ocrx_word' id='word_1_502' title='bbox 528 3340 841 3412; x_wconf 84' lang='lat' dir='ltr'><strong>cognitione</strong></span> <span class='ocrx_word' id='word_1_503' title='bbox 880 3341 1290 3411; x_wconf 88' lang='lat' dir='ltr'><strong>contemplatio,</strong></span> <span class='ocrx_word' id='word_1_504' title='bbox 1343 3342 1619 3412; x_wconf 88' lang='lat' dir='ltr'><strong>sepeliunt</strong></span> <span class='ocrx_word' id='word_1_505' title='bbox 1667 3344 1721 3397; x_wconf 89' lang='lat' dir='ltr'><strong>in</strong></span> <span class='ocrx_word' id='word_1_506' title='bbox 1760 3360 1989 3400; x_wconf 82' lang='lat' dir='ltr'><strong>ascensu</strong></span> <span class='ocrx_word' id='word_1_507' title='bbox 2024 3362 2111 3403; x_wconf 90' lang='lat' dir='ltr'><strong>se-</strong></span> 
     </span>
    </p>
   </div>
   <div class='ocr_carea' id='block_1_68' title="bbox 528 3431 2107 3508">
    <p class='ocr_par' dir='ltr' id='par_1_68' title="bbox 528 3431 2107 3508">
     <span class='ocr_line' id='line_1_68' title="bbox 528 3431 2107 3508; baseline 0.004 -22"><span class='ocrx_word' id='word_1_508' title='bbox 528 3433 888 3503; x_wconf 88' lang='lat' dir='ltr'><strong>pulchrorum</strong></span> <span class='ocrx_word' id='word_1_509' title='bbox 926 3431 1164 3487; x_wconf 82' lang='lat' dir='ltr'><strong>ﬂliorum</strong></span> <span class='ocrx_word' id='word_1_510' title='bbox 1188 3434 1379 3500; x_wconf 86' lang='lat' dir='ltr'><strong>David,</strong></span> <span class='ocrx_word' id='word_1_511' title='bbox 1412 3434 1470 3489; x_wconf 90' lang='lat' dir='ltr'><strong>in</strong></span> <span class='ocrx_word' id='word_1_512' title='bbox 1508 3435 1821 3501; x_wconf 90' lang='lat' dir='ltr'><strong>altitudine,</strong></span> <span class='ocrx_word' id='word_1_513' title='bbox 1863 3437 2107 3508; x_wconf 89' lang='lat' dir='ltr'><strong>inquam,</strong></span> 
     </span>
    </p>
   </div>
   <div class='ocr_carea' id='block_1_69' title="bbox 528 3524 2109 3595">
    <p class='ocr_par' dir='ltr' id='par_1_69' title="bbox 528 3524 2109 3595">
     <span class='ocr_line' id='line_1_69' title="bbox 528 3524 2109 3595; baseline 0.003 -17"><span class='ocrx_word' id='word_1_514' title='bbox 528 3524 809 3580; x_wconf 74' lang='lat' dir='ltr'><strong>memoria:</strong></span> <span class='ocrx_word' id='word_1_515' title='bbox 850 3534 1167 3580; x_wconf 86' lang='lat' dir='ltr'><strong>sanctorum</strong></span> <span class='ocrx_word' id='word_1_516' title='bbox 1205 3525 1302 3595; x_wconf 86' lang='lat' dir='ltr'><strong>qui</strong></span> <span class='ocrx_word' id='word_1_517' title='bbox 1340 3534 1469 3579; x_wconf 89' lang='lat' dir='ltr'><strong>sunt</strong></span> <span class='ocrx_word' id='word_1_518' title='bbox 1504 3542 1534 3580; x_wconf 90' lang='lat' dir='ltr'><strong>a</strong></span> <span class='ocrx_word' id='word_1_519' title='bbox 1568 3528 1787 3592; x_wconf 64' lang='lat' dir='ltr'><strong>sarculo,</strong></span> <span class='ocrx_word' id='word_1_520' title='bbox 1829 3526 2023 3583; x_wconf 90' lang='lat' dir='ltr'><strong>dantes</strong></span> <span class='ocrx_word' id='word_1_521' title='bbox 2058 3528 2109 3583; x_wconf 89' lang='lat' dir='ltr'><strong>ei</strong></span> 
     </span>
    </p>
   </div>
   <div class='ocr_carea' id='block_1_70' title="bbox 537 3613 2113 3688">
    <p class='ocr_par' dir='ltr' id='par_1_70' title="bbox 537 3613 2113 3688">
     <span class='ocr_line' id='line_1_70' title="bbox 537 3613 2113 3688; baseline 0.006 -23"><span class='ocrx_word' id='word_1_522' title='bbox 537 3613 769 3682; x_wconf 88' lang='lat' dir='ltr'><strong>gloriam</strong></span> <span class='ocrx_word' id='word_1_523' title='bbox 826 3623 885 3668; x_wconf 89' lang='lat' dir='ltr'><strong>et</strong></span> <span class='ocrx_word' id='word_1_524' title='bbox 938 3614 1201 3669; x_wconf 89' lang='lat' dir='ltr'><strong>honorem</strong></span> <span class='ocrx_word' id='word_1_525' title='bbox 1240 3632 1253 3667; x_wconf 89' lang='lat'>:</span> <span class='ocrx_word' id='word_1_526' title='bbox 1290 3614 1519 3685; x_wconf 82' lang='lat' dir='ltr'><strong>gloriam</strong></span> <span class='ocrx_word' id='word_1_527' title='bbox 1572 3616 1820 3685; x_wconf 89' lang='lat' dir='ltr'><strong>quidem,</strong></span> <span class='ocrx_word' id='word_1_528' title='bbox 1884 3628 2113 3688; x_wconf 89' lang='lat' dir='ltr'><strong>propter</strong></span> 
     </span>
    </p>
   </div>
   <div class='ocr_carea' id='block_1_71' title="bbox 529 3706 2110 3781">
    <p class='ocr_par' dir='ltr' id='par_1_71' title="bbox 529 3706 2110 3781">
     <span class='ocr_line' id='line_1_71' title="bbox 529 3706 2110 3781; baseline 0.004 -22"><span class='ocrx_word' id='word_1_529' title='bbox 529 3706 995 3775; x_wconf 87' lang='lat' dir='ltr'><strong>pulchritudinem</strong></span> <span class='ocrx_word' id='word_1_530' title='bbox 1023 3708 1076 3761; x_wconf 90' lang='lat' dir='ltr'><strong>in</strong></span> <span class='ocrx_word' id='word_1_531' title='bbox 1107 3706 1364 3781; x_wconf 81' lang='lat' dir='ltr'><strong>imagine,</strong></span> <span class='ocrx_word' id='word_1_532' title='bbox 1398 3708 1663 3764; x_wconf 89' lang='lat' dir='ltr'><strong>honorem</strong></span> <span class='ocrx_word' id='word_1_533' title='bbox 1682 3718 1863 3765; x_wconf 90' lang='lat' dir='ltr'><strong>autem</strong></span> <span class='ocrx_word' id='word_1_534' title='bbox 1883 3719 2110 3781; x_wconf 88' lang='lat' dir='ltr'><strong>propter</strong></span> 
     </span>
    </p>
   </div>
   <div class='ocr_carea' id='block_1_72' title="bbox 530 3774 2110 3873">
    <p class='ocr_par' dir='ltr' id='par_1_72' title="bbox 530 3774 2110 3873">
     <span class='ocr_line' id='line_1_72' title="bbox 530 3774 2110 3873; baseline 0.004 -21"><span class='ocrx_word' id='word_1_535' title='bbox 530 3774 892 3853; x_wconf 89' lang='lat' dir='ltr'><strong>imitationem</strong></span> <span class='ocrx_word' id='word_1_536' title='bbox 917 3799 983 3853; x_wconf 89' lang='lat' dir='ltr'><strong>ad</strong></span> <span class='ocrx_word' id='word_1_537' title='bbox 1006 3774 1444 3853; x_wconf 59' lang='lat' dir='ltr'><strong>similitudinem.</strong></span> <span class='ocrx_word' id='word_1_538' title='bbox 1467 3800 1602 3855; x_wconf 86' lang='lat' dir='ltr'><strong>Nam</strong></span> <span class='ocrx_word' id='word_1_539' title='bbox 1625 3801 1859 3857; x_wconf 88' lang='lat' dir='ltr'><strong>alterum</strong></span> <span class='ocrx_word' id='word_1_540' title='bbox 1883 3774 2110 3873; x_wconf 76' lang='lat' dir='ltr'><strong>quidem</strong></span> 
     </span>
    </p>
   </div>
   <div class='ocr_carea' id='block_1_73' title="bbox 530 3890 2115 3965">
    <p class='ocr_par' dir='ltr' id='par_1_73' title="bbox 530 3890 2115 3965">
     <span class='ocr_line' id='line_1_73' title="bbox 530 3890 2115 3965; baseline 0.006 -21"><span class='ocrx_word' id='word_1_541' title='bbox 530 3890 662 3945; x_wconf 81' lang='lat' dir='ltr'><strong>facit</strong></span> <span class='ocrx_word' id='word_1_542' title='bbox 700 3892 974 3945; x_wconf 89' lang='lat' dir='ltr'><strong>rationum</strong></span> <span class='ocrx_word' id='word_1_543' title='bbox 1015 3891 1387 3961; x_wconf 89' lang='lat' dir='ltr'><strong>spiritualium</strong></span> <span class='ocrx_word' id='word_1_544' title='bbox 1425 3908 1554 3948; x_wconf 85' lang='lat' dir='ltr'><strong>vera</strong></span> <span class='ocrx_word' id='word_1_545' title='bbox 1593 3896 2003 3965; x_wconf 87' lang='lat' dir='ltr'><strong>contemplatio.</strong></span> <span class='ocrx_word' id='word_1_546' title='bbox 2036 3898 2115 3953; x_wconf 92' lang='lat' dir='ltr'><strong>al-</strong></span> 
     </span>
    </p>
   </div>
   <div class='ocr_carea' id='block_1_74' title="bbox 532 3988 2114 4043">
    <p class='ocr_par' dir='ltr' id='par_1_74' title="bbox 532 3988 2114 4043">
     <span class='ocr_line' id='line_1_74' title="bbox 532 3988 2114 4043; baseline 0.004 -6"><span class='ocrx_word' id='word_1_547' title='bbox 532 3992 710 4037; x_wconf 85' lang='lat' dir='ltr'><strong>terum</strong></span> <span class='ocrx_word' id='word_1_548' title='bbox 755 3991 937 4037; x_wconf 85' lang='lat' dir='ltr'><strong>autem</strong></span> <span class='ocrx_word' id='word_1_549' title='bbox 978 4000 1170 4037; x_wconf 88' lang='lat' dir='ltr'><strong>rursus</strong></span> <span class='ocrx_word' id='word_1_550' title='bbox 1207 3994 1398 4039; x_wconf 79' lang='lat' dir='ltr'><strong>exacta</strong></span> <span class='ocrx_word' id='word_1_551' title='bbox 1428 3993 1485 4040; x_wconf 90' lang='lat' dir='ltr'><strong>et</strong></span> <span class='ocrx_word' id='word_1_552' title='bbox 1520 3996 1777 4041; x_wconf 88' lang='lat' dir='ltr'><strong>accurata</strong></span> <span class='ocrx_word' id='word_1_553' title='bbox 1801 3988 2114 4043; x_wconf 81' lang='lat' dir='ltr'><strong>divinorum</strong></span> 
     </span>
    </p>
   </div>
   <div class='ocr_carea' id='block_1_75' title="bbox 2213 3071 3812 3147">
    <p class='ocr_par' dir='ltr' id='par_1_75' title="bbox 2213 3071 3812 3147">
     <span class='ocr_line' id='line_1_75' title="bbox 2213 3071 3812 3147; baseline -0.006 -15"><span class='ocrx_word' id='word_1_554' title='bbox 2213 3079 2308 3132; x_wconf 82' lang='grc' dir='ltr'><strong>ἀπ’</strong></span> <span class='ocrx_word' id='word_1_555' title='bbox 2330 3078 2527 3141; x_wconf 85' lang='grc' dir='ltr'><strong>αίῶνος</strong></span> <span class='ocrx_word' id='word_1_556' title='bbox 2558 3076 2732 3146; x_wconf 82' lang='grc' dir='ltr'><strong>ἁγίων</strong></span> <span class='ocrx_word' id='word_1_557' title='bbox 2758 3077 3000 3147; x_wconf 86' lang='grc' dir='ltr'><strong>μνήμης,</strong></span> <span class='ocrx_word' id='word_1_558' title='bbox 3034 3074 3329 3136; x_wconf 84' lang='grc' dir='ltr'><strong>δεδωκότες</strong></span> <span class='ocrx_word' id='word_1_559' title='bbox 3354 3072 3501 3142; x_wconf 79' lang='grc' dir='ltr'><strong>αὐτῷ</strong></span> <span class='ocrx_word' id='word_1_560' title='bbox 3525 3071 3692 3137; x_wconf 84' lang='grc' dir='ltr'><strong>δόξαν</strong></span> <span class='ocrx_word' id='word_1_561' title='bbox 3714 3072 3812 3124; x_wconf 85' lang='grc' dir='ltr'><strong>καὶ</strong></span> 
     </span>
    </p>
   </div>
   <div class='ocr_carea' id='block_1_76' title="bbox 2213 3162 3810 3240">
    <p class='ocr_par' dir='ltr' id='par_1_76' title="bbox 2213 3162 3810 3240">
     <span class='ocr_line' id='line_1_76' title="bbox 2213 3162 3810 3240; baseline -0.006 -17"><span class='ocrx_word' id='word_1_562' title='bbox 2213 3170 2379 3240; x_wconf 84' lang='grc' dir='ltr'><strong>τιμήν</strong></span> <span class='ocrx_word' id='word_1_563' title='bbox 2402 3185 2417 3200; x_wconf 74' lang='grc' dir='ltr'><strong>ο</strong></span> <span class='ocrx_word' id='word_1_564' title='bbox 2451 3166 2610 3233; x_wconf 82' lang='grc' dir='ltr'><strong>δόξαν</strong></span> <span class='ocrx_word' id='word_1_565' title='bbox 2666 3168 2765 3238; x_wconf 84' lang='grc' dir='ltr'><strong>μὲν</strong></span> <span class='ocrx_word' id='word_1_566' title='bbox 2798 3166 2887 3221; x_wconf 85' lang='grc' dir='ltr'><strong>διὰ</strong></span> <span class='ocrx_word' id='word_1_567' title='bbox 2915 3166 2979 3219; x_wconf 78' lang='grc' dir='ltr'><strong>τὸ</strong></span> <span class='ocrx_word' id='word_1_568' title='bbox 3014 3165 3135 3219; x_wconf 85' lang='grc' dir='ltr'><strong>κατ’</strong></span> <span class='ocrx_word' id='word_1_569' title='bbox 3162 3164 3351 3217; x_wconf 77' lang='grc' dir='ltr'><strong>εἰκόνα</strong></span> <span class='ocrx_word' id='word_1_570' title='bbox 3381 3162 3603 3225; x_wconf 78' lang='grc' dir='ltr'><strong>κάλλος,</strong></span> <span class='ocrx_word' id='word_1_571' title='bbox 3638 3164 3810 3232; x_wconf 60' lang='grc' dir='ltr'><strong>τιμὴν</strong></span> 
     </span>
    </p>
   </div>
   <div class='ocr_carea' id='block_1_77' title="bbox 2213 3255 3812 3331">
    <p class='ocr_par' dir='ltr' id='par_1_77' title="bbox 2213 3255 3812 3331">
     <span class='ocr_line' id='line_1_77' title="bbox 2213 3255 3812 3331; baseline -0.006 -15"><span class='ocrx_word' id='word_1_572' title='bbox 2213 3261 2270 3316; x_wconf 83' lang='grc' dir='ltr'><strong>δὲ</strong></span> <span class='ocrx_word' id='word_1_573' title='bbox 2298 3261 2389 3316; x_wconf 81' lang='grc' dir='ltr'><strong>διὰ</strong></span> <span class='ocrx_word' id='word_1_574' title='bbox 2416 3260 2477 3316; x_wconf 74' lang='grc' dir='ltr'><strong>τὸ</strong></span> <span class='ocrx_word' id='word_1_575' title='bbox 2507 3260 2630 3315; x_wconf 81' lang='grc' dir='ltr'><strong>καθ’</strong></span> <span class='ocrx_word' id='word_1_576' title='bbox 2664 3259 2928 3331; x_wconf 87' lang='grc' dir='ltr'><strong>ὁμοίωσιν</strong></span> <span class='ocrx_word' id='word_1_577' title='bbox 2969 3259 3217 3329; x_wconf 83' lang='grc' dir='ltr'><strong>μίμημα.</strong></span> <span class='ocrx_word' id='word_1_578' title='bbox 3243 3256 3316 3309; x_wconf 85' lang='grc' dir='ltr'>Τὸ</span> <span class='ocrx_word' id='word_1_579' title='bbox 3372 3255 3471 3325; x_wconf 78' lang='grc' dir='ltr'><strong>μὲν</strong></span> <span class='ocrx_word' id='word_1_580' title='bbox 3501 3255 3617 3325; x_wconf 70' lang='grc' dir='ltr'><strong>γὰρ</strong></span> <span class='ocrx_word' id='word_1_581' title='bbox 3667 3256 3812 3308; x_wconf 70' lang='grc' dir='ltr'><strong>ποιεῖ</strong></span> 
     </span>
    </p>
   </div>
   <div class='ocr_carea' id='block_1_78' title="bbox 2215 3346 3807 3423">
    <p class='ocr_par' dir='ltr' id='par_1_78' title="bbox 2215 3346 3807 3423">
     <span class='ocr_line' id='line_1_78' title="bbox 2215 3346 3807 3423; baseline -0.006 -16"><span class='ocrx_word' id='word_1_582' title='bbox 2215 3353 2390 3423; x_wconf 90' lang='grc' dir='ltr'><strong>λόγων</strong></span> <span class='ocrx_word' id='word_1_583' title='bbox 2428 3352 2820 3423; x_wconf 84' lang='grc' dir='ltr'><strong>πνευματικῶν</strong></span> <span class='ocrx_word' id='word_1_584' title='bbox 2865 3350 3071 3421; x_wconf 81' lang='grc' dir='ltr'><strong>ἀληθὴς</strong></span> <span class='ocrx_word' id='word_1_585' title='bbox 3127 3348 3366 3420; x_wconf 86' lang='grc' dir='ltr'><strong>θεωρία·</strong></span> <span class='ocrx_word' id='word_1_586' title='bbox 3420 3347 3482 3400; x_wconf 82' lang='grc' dir='ltr'><strong>τὸ</strong></span> <span class='ocrx_word' id='word_1_587' title='bbox 3526 3347 3587 3399; x_wconf 83' lang='grc' dir='ltr'><strong>δὲ</strong></span> <span class='ocrx_word' id='word_1_588' title='bbox 3643 3346 3807 3400; x_wconf 74' lang='grc' dir='ltr'><strong>πάλιν</strong></span> 
     </span>
    </p>
   </div>
   <div class='ocr_carea' id='block_1_79' title="bbox 2215 3439 3809 3517">
    <p class='ocr_par' dir='ltr' id='par_1_79' title="bbox 2215 3439 3809 3517">
     <span class='ocr_line' id='line_1_79' title="bbox 2215 3439 3809 3517; baseline -0.004 -18"><span class='ocrx_word' id='word_1_589' title='bbox 2215 3443 2451 3517; x_wconf 77' lang='grc' dir='ltr'><strong>ἀκριϐὴς</strong></span> <span class='ocrx_word' id='word_1_590' title='bbox 2476 3444 2678 3515; x_wconf 82' lang='grc' dir='ltr'><strong>πρᾶξις</strong></span> <span class='ocrx_word' id='word_1_591' title='bbox 2699 3442 2809 3497; x_wconf 84' lang='grc' dir='ltr'><strong>τῶν</strong></span> <span class='ocrx_word' id='word_1_592' title='bbox 2837 3442 2999 3497; x_wconf 87' lang='grc' dir='ltr'><strong>θείων</strong></span> <span class='ocrx_word' id='word_1_593' title='bbox 3026 3440 3278 3497; x_wconf 82' lang='grc' dir='ltr'><strong>ἐντολῶν.</strong></span> <span class='ocrx_word' id='word_1_594' title='bbox 3325 3440 3423 3506; x_wconf 81' lang='grc' dir='ltr'><strong>Τὸ,</strong></span> <span class='ocrx_word' id='word_1_595' title='bbox 3447 3439 3720 3508; x_wconf 66' lang='grc' dir='ltr'><strong>ἔθαψαν,</strong></span> <span class='ocrx_word' id='word_1_596' title='bbox 3750 3439 3809 3492; x_wconf 74' lang='grc' dir='ltr'><strong>δὲ</strong></span> 
     </span>
    </p>
   </div>
   <div class='ocr_carea' id='block_1_80' title="bbox 2217 3530 3809 3606">
    <p class='ocr_par' dir='ltr' id='par_1_80' title="bbox 2217 3530 3809 3606">
     <span class='ocr_line' id='line_1_80' title="bbox 2217 3530 3809 3606; baseline -0.004 -17"><span class='ocrx_word' id='word_1_597' title='bbox 2217 3535 2453 3606; x_wconf 80' lang='grc' dir='ltr'><strong>νοήσεις,</strong></span> <span class='ocrx_word' id='word_1_598' title='bbox 2501 3534 2623 3589; x_wconf 75' lang='grc' dir='ltr'><strong>ἀντὶ</strong></span> <span class='ocrx_word' id='word_1_599' title='bbox 2657 3532 2751 3586; x_wconf 88' lang='grc' dir='ltr'><strong>τοῦ</strong></span> <span class='ocrx_word' id='word_1_600' title='bbox 2782 3533 3006 3604; x_wconf 78' lang='grc' dir='ltr'><strong>ἔθηκαν.</strong></span> <span class='ocrx_word' id='word_1_601' title='bbox 3046 3531 3470 3603; x_wconf 84' lang='grc' dir='ltr'><strong>Παρατηρητέον</strong></span> <span class='ocrx_word' id='word_1_602' title='bbox 3501 3530 3559 3584; x_wconf 81' lang='grc' dir='ltr'><strong>δὲ</strong></span> <span class='ocrx_word' id='word_1_603' title='bbox 3591 3531 3679 3583; x_wconf 77' lang='grc' dir='ltr'><strong>ὅτι</strong></span> <span class='ocrx_word' id='word_1_604' title='bbox 3714 3530 3809 3584; x_wconf 76' lang='grc' dir='ltr'><strong>οὺ-</strong></span> 
     </span>
    </p>
   </div>
   <div class='ocr_carea' id='block_1_81' title="bbox 2216 3621 3812 3696">
    <p class='ocr_par' dir='ltr' id='par_1_81' title="bbox 2216 3621 3812 3696">
     <span class='ocr_line' id='line_1_81' title="bbox 2216 3621 3812 3696; baseline -0.003 -16"><span class='ocrx_word' id='word_1_605' title='bbox 2216 3626 2328 3687; x_wconf 79' lang='grc' dir='ltr'><strong>δεὶς</strong></span> <span class='ocrx_word' id='word_1_606' title='bbox 2380 3624 2797 3696; x_wconf 83' lang='grc' dir='ltr'><strong>ἀναγέγραπται</strong></span> <span class='ocrx_word' id='word_1_607' title='bbox 2854 3624 3048 3693; x_wconf 79' lang='grc' dir='ltr'><strong>ταφεὶς</strong></span> <span class='ocrx_word' id='word_1_608' title='bbox 3098 3625 3159 3676; x_wconf 85' lang='grc' dir='ltr'><strong>ὲν</strong></span> <span class='ocrx_word' id='word_1_609' title='bbox 3208 3623 3400 3691; x_wconf 84' lang='grc' dir='ltr'><strong>τάφοις</strong></span> <span class='ocrx_word' id='word_1_610' title='bbox 3456 3621 3652 3686; x_wconf 78' lang='grc' dir='ltr'><strong>Δαϐὶδ,</strong></span> <span class='ocrx_word' id='word_1_611' title='bbox 3684 3622 3718 3691; x_wconf 77' lang='grc' dir='ltr'><strong>ἢ</strong></span> <span class='ocrx_word' id='word_1_612' title='bbox 3749 3623 3812 3676; x_wconf 70' lang='grc' dir='ltr'><strong>ἐν</strong></span> 
     </span>
    </p>
   </div>
   <div class='ocr_carea' id='block_1_82' title="bbox 2214 3712 3814 3787">
    <p class='ocr_par' dir='ltr' id='par_1_82' title="bbox 2214 3712 3814 3787">
     <span class='ocr_line' id='line_1_82' title="bbox 2214 3712 3814 3787; baseline -0.005 -15"><span class='ocrx_word' id='word_1_613' title='bbox 2214 3718 2478 3773; x_wconf 88' lang='grc' dir='ltr'><strong>ἀναϐάσει</strong></span> <span class='ocrx_word' id='word_1_614' title='bbox 2539 3718 2728 3787; x_wconf 86' lang='grc' dir='ltr'><strong>τάφων</strong></span> <span class='ocrx_word' id='word_1_615' title='bbox 2780 3716 2967 3770; x_wconf 81' lang='grc' dir='ltr'><strong>Δαϐίδ.</strong></span> <span class='ocrx_word' id='word_1_616' title='bbox 3025 3713 3133 3769; x_wconf 88' lang='grc' dir='ltr'><strong>Τοῦ</strong></span> <span class='ocrx_word' id='word_1_617' title='bbox 3187 3714 3298 3785; x_wconf 85' lang='grc' dir='ltr'><strong>γὰρ</strong></span> <span class='ocrx_word' id='word_1_618' title='bbox 3340 3714 3594 3785; x_wconf 84' lang='grc' dir='ltr'><strong>Σωτῆρος</strong></span> <span class='ocrx_word' id='word_1_619' title='bbox 3651 3712 3814 3781; x_wconf 76' lang='grc' dir='ltr'><strong>ἡμῶν</strong></span> 
     </span>
    </p>
   </div>
   <div class='ocr_carea' id='block_1_83' title="bbox 2216 3804 3811 3880">
    <p class='ocr_par' dir='ltr' id='par_1_83' title="bbox 2216 3804 3811 3880">
     <span class='ocr_line' id='line_1_83' title="bbox 2216 3804 3811 3880; baseline -0.006 -17"><span class='ocrx_word' id='word_1_620' title='bbox 2216 3810 2456 3880; x_wconf 83' lang='grc' dir='ltr'><strong>Χριστοῦ</strong></span> <span class='ocrx_word' id='word_1_621' title='bbox 2489 3807 2821 3877; x_wconf 87' lang='grc' dir='ltr'><strong>ἀσύγκριτος</strong></span> <span class='ocrx_word' id='word_1_622' title='bbox 2851 3807 2946 3861; x_wconf 74' lang='grc' dir='ltr'><strong>καὶ</strong></span> <span class='ocrx_word' id='word_1_623' title='bbox 2977 3805 3260 3877; x_wconf 81' lang='grc' dir='ltr'><strong>ἀχὼρητος</strong></span> <span class='ocrx_word' id='word_1_624' title='bbox 3287 3806 3317 3857; x_wconf 82' lang='grc' dir='ltr'>ὁ</span> <span class='ocrx_word' id='word_1_625' title='bbox 3360 3807 3419 3858; x_wconf 81' lang='grc' dir='ltr'><strong>ἐν</strong></span> <span class='ocrx_word' id='word_1_626' title='bbox 3462 3805 3638 3876; x_wconf 73' lang='grc' dir='ltr'><strong>σαρκὶ</strong></span> <span class='ocrx_word' id='word_1_627' title='bbox 3674 3804 3811 3873; x_wconf 82' lang='grc' dir='ltr'><strong>βίος,</strong></span> 
     </span>
    </p>
   </div>
   <div class='ocr_carea' id='block_1_84' title="bbox 2220 3897 3809 3971">
    <p class='ocr_par' dir='ltr' id='par_1_84' title="bbox 2220 3897 3809 3971">
     <span class='ocr_line' id='line_1_84' title="bbox 2220 3897 3809 3971; baseline -0.004 -17"><span class='ocrx_word' id='word_1_628' title='bbox 2220 3899 2364 3955; x_wconf 80' lang='grc' dir='ltr'><strong>κατὰ</strong></span> <span class='ocrx_word' id='word_1_629' title='bbox 2388 3899 2587 3971; x_wconf 88' lang='grc' dir='ltr'><strong>τρόπον</strong></span> <span class='ocrx_word' id='word_1_630' title='bbox 2607 3898 2744 3971; x_wconf 78' lang='grc' dir='ltr'><strong>ὁμοῦ</strong></span> <span class='ocrx_word' id='word_1_631' title='bbox 2770 3900 2867 3953; x_wconf 70' lang='grc' dir='ltr'><strong>καὶ</strong></span> <span class='ocrx_word' id='word_1_632' title='bbox 2893 3899 3073 3969; x_wconf 89' lang='grc' dir='ltr'><strong>λόγον.</strong></span> <span class='ocrx_word' id='word_1_633' title='bbox 3098 3916 3117 3950; x_wconf 83' lang='grc' dir='ltr'><strong>ι</strong></span> <span class='ocrx_word' id='word_1_634' title='bbox 3160 3897 3426 3967; x_wconf 76' lang='grc' dir='ltr'><strong>Ἑκάλυψε</strong></span> <span class='ocrx_word' id='word_1_635' title='bbox 3456 3898 3590 3967; x_wconf 88' lang='grc' dir='ltr'><strong>γάρ,</strong></span> <span class='ocrx_word' id='word_1_636' title='bbox 3620 3898 3809 3967; x_wconf 74' lang='grc' dir='ltr'><strong>φησιν,</strong></span> 
     </span>
    </p>
   </div>
   <div class='ocr_carea' id='block_1_85' title="bbox 2221 3988 3814 4062">
    <p class='ocr_par' dir='ltr' id='par_1_85' title="bbox 2221 3988 3814 4062">
     <span class='ocr_line' id='line_1_85' title="bbox 2221 3988 3814 4062; baseline -0.001 -18"><span class='ocrx_word' id='word_1_637' title='bbox 2221 3991 2486 4062; x_wconf 77' lang='grc' dir='ltr'><strong>οὐρανοὺς</strong></span> <span class='ocrx_word' id='word_1_638' title='bbox 2514 3992 2549 4061; x_wconf 79' lang='grc' dir='ltr'><strong>ἡ</strong></span> <span class='ocrx_word' id='word_1_639' title='bbox 2584 3990 2753 4061; x_wconf 76' lang='grc' dir='ltr'><strong>ἀρετὴ</strong></span> <span class='ocrx_word' id='word_1_640' title='bbox 2801 3990 2989 4053; x_wconf 83' lang='grc' dir='ltr'><strong>αὐτοῦ,</strong></span> <span class='ocrx_word' id='word_1_641' title='bbox 3018 4008 3037 4042; x_wconf 76' lang='grc' dir='ltr'><strong>ι</strong></span> <span class='ocrx_word' id='word_1_642' title='bbox 3091 3989 3237 4043; x_wconf 84' lang='grc' dir='ltr'><strong>τοῦτ’</strong></span> <span class='ocrx_word' id='word_1_643' title='bbox 3272 3989 3409 4054; x_wconf 80' lang='grc' dir='ltr'><strong>ἔστι,</strong></span> <span class='ocrx_word' id='word_1_644' title='bbox 3438 3989 3535 4042; x_wconf 75' lang='grc' dir='ltr'><strong>καὶ</strong></span> <span class='ocrx_word' id='word_1_645' title='bbox 3562 3988 3670 4052; x_wconf 78' lang='grc' dir='ltr'><strong>τὰς</strong></span> <span class='ocrx_word' id='word_1_646' title='bbox 3700 3988 3814 4042; x_wconf 74' lang='grc' dir='ltr'><strong>ἄνω</strong></span> 
     </span>
    </p>
   </div>
   <div class='ocr_carea' id='block_1_86' title="bbox 530 4076 2105 4151">
    <p class='ocr_par' dir='ltr' id='par_1_86' title="bbox 530 4076 2105 4150">
     <span class='ocr_line' id='line_1_86' title="bbox 530 4076 2105 4150; baseline 0.004 -21"><span class='ocrx_word' id='word_1_647' title='bbox 530 4076 908 4131; x_wconf 85' lang='lat' dir='ltr'><strong>mandatorum</strong></span> <span class='ocrx_word' id='word_1_648' title='bbox 923 4076 1085 4129; x_wconf 88' lang='lat' dir='ltr'><strong>actio.</strong></span> <span class='ocrx_word' id='word_1_649' title='bbox 1104 4076 1238 4129; x_wconf 88' lang='lat' dir='ltr'><strong>Illud</strong></span> <span class='ocrx_word' id='word_1_650' title='bbox 1260 4083 1464 4140; x_wconf 89' lang='lat' dir='ltr'><strong>autem,</strong></span> <span class='ocrx_word' id='word_1_651' title='bbox 1483 4077 1826 4147; x_wconf 80' lang='lat' dir='ltr'><strong>sepelierunt,</strong></span> <span class='ocrx_word' id='word_1_652' title='bbox 1847 4078 2105 4150; x_wconf 75' lang='lat' dir='ltr'><strong>intelliges</strong></span> 
     </span>
    </p>
   </div>
   <div class='ocr_carea' id='block_1_87' title="bbox 2206 4076 3336 4151">
    <p class='ocr_par' dir='ltr' id='par_1_87' title="bbox 2224 4078 3336 4151">
     <span class='ocr_line' id='line_1_87' title="bbox 2224 4078 3336 4151; baseline -0.001 -19"><span class='ocrx_word' id='word_1_653' title='bbox 2224 4079 2483 4151; x_wconf 88' lang='grc' dir='ltr'><strong>δυνάμεις</strong></span> <span class='ocrx_word' id='word_1_654' title='bbox 2514 4083 2581 4151; x_wconf 75' lang='grc' dir='ltr'><strong>τῇ</strong></span> <span class='ocrx_word' id='word_1_655' title='bbox 2606 4080 2848 4151; x_wconf 83' lang='grc' dir='ltr'><strong>ὑπεροχῇ</strong></span> <span class='ocrx_word' id='word_1_656' title='bbox 2878 4079 2978 4149; x_wconf 85' lang='grc' dir='ltr'><strong>τῆς</strong></span> <span class='ocrx_word' id='word_1_657' title='bbox 3007 4078 3336 4150; x_wconf 81' lang='grc' dir='ltr'><strong>ὑπερϐολῆς.</strong></span> 
     </span>
    </p>
   </div>
   <div class='ocr_carea' id='block_1_88' title="bbox 529 4168 3811 4245">
    <p class='ocr_par' dir='ltr' id='par_1_88' title="bbox 529 4168 3811 4245">
     <span class='ocr_line' id='line_1_88' title="bbox 529 4168 3811 4245; baseline -0.001 -19"><span class='ocrx_word' id='word_1_658' title='bbox 529 4187 630 4241; x_wconf 90' lang='lat' dir='ltr'><strong>pro</strong></span> <span class='ocrx_word' id='word_1_659' title='bbox 667 4180 991 4242; x_wconf 90' lang='lat' dir='ltr'><strong>posuerunt.</strong></span> <span class='ocrx_word' id='word_1_660' title='bbox 1028 4170 1127 4225; x_wconf 89' lang='lat' dir='ltr'><strong>Est</strong></span> <span class='ocrx_word' id='word_1_661' title='bbox 1153 4179 1335 4225; x_wconf 90' lang='lat' dir='ltr'><strong>autem</strong></span> <span class='ocrx_word' id='word_1_662' title='bbox 1380 4171 1785 4225; x_wconf 82' lang='lat' dir='ltr'><strong>observandum</strong></span> <span class='ocrx_word' id='word_1_663' title='bbox 1816 4173 1961 4241; x_wconf 89' lang='lat' dir='ltr'><strong>quod</strong></span> <span class='ocrx_word' id='word_1_664' title='bbox 2002 4174 2191 4229; x_wconf 89' lang='lat' dir='ltr'><strong>nullus</strong></span> <span class='ocrx_word' id='word_1_665' title='bbox 2228 4174 2467 4245; x_wconf 85' lang='lat' dir='ltr'><strong>scriptus</strong></span> <span class='ocrx_word' id='word_1_666' title='bbox 2507 4181 2591 4229; x_wconf 89' lang='lat' dir='ltr'><strong>est</strong></span> <span class='ocrx_word' id='word_1_667' title='bbox 2621 4189 2741 4229; x_wconf 91' lang='lat' dir='ltr'><strong>esse</strong></span> <span class='ocrx_word' id='word_1_668' title='bbox 2772 4174 3021 4244; x_wconf 87' lang='lat' dir='ltr'><strong>sepultus</strong></span> <span class='ocrx_word' id='word_1_669' title='bbox 3048 4173 3104 4227; x_wconf 91' lang='lat' dir='ltr'><strong>in</strong></span> <span class='ocrx_word' id='word_1_670' title='bbox 3143 4171 3415 4242; x_wconf 86' lang='lat' dir='ltr'><strong>sepulcris</strong></span> <span class='ocrx_word' id='word_1_671' title='bbox 3443 4168 3694 4233; x_wconf 74' lang='lat' dir='ltr'><strong>Davidis,</strong></span> <span class='ocrx_word' id='word_1_672' title='bbox 3715 4180 3811 4225; x_wconf 80' lang='lat' dir='ltr'><strong>aut</strong></span> 
     </span>
    </p>
   </div>
   <div class='ocr_carea' id='block_1_89' title="bbox 533 4263 3809 4338">
    <p class='ocr_par' dir='ltr' id='par_1_89' title="bbox 533 4263 3809 4338">
     <span class='ocr_line' id='line_1_89' title="bbox 533 4263 3809 4338; baseline 0.001 -19"><span class='ocrx_word' id='word_1_673' title='bbox 533 4267 589 4319; x_wconf 87' lang='lat' dir='ltr'><strong>in</strong></span> <span class='ocrx_word' id='word_1_674' title='bbox 627 4280 856 4320; x_wconf 84' lang='lat' dir='ltr'><strong>ascensu</strong></span> <span class='ocrx_word' id='word_1_675' title='bbox 907 4265 1288 4334; x_wconf 86' lang='lat' dir='ltr'><strong>sepulcrorum</strong></span> <span class='ocrx_word' id='word_1_676' title='bbox 1324 4264 1567 4320; x_wconf 79' lang='lat' dir='ltr'><strong>Davidis.</strong></span> <span class='ocrx_word' id='word_1_677' title='bbox 1611 4263 1919 4322; x_wconf 81' lang='lat' dir='ltr'><strong>Servatoris</strong></span> <span class='ocrx_word' id='word_1_678' title='bbox 1964 4268 2114 4323; x_wconf 92' lang='lat' dir='ltr'><strong>enim</strong></span> <span class='ocrx_word' id='word_1_679' title='bbox 2153 4270 2328 4325; x_wconf 90' lang='lat' dir='ltr'><strong>nostri</strong></span> <span class='ocrx_word' id='word_1_680' title='bbox 2368 4270 2571 4325; x_wconf 90' lang='lat' dir='ltr'><strong>Christi</strong></span> <span class='ocrx_word' id='word_1_681' title='bbox 2645 4279 2730 4325; x_wconf 88' lang='lat' dir='ltr'><strong>est</strong></span> <span class='ocrx_word' id='word_1_682' title='bbox 2804 4268 3247 4338; x_wconf 86' lang='lat' dir='ltr'><strong>incomparabilis</strong></span> <span class='ocrx_word' id='word_1_683' title='bbox 3291 4277 3347 4322; x_wconf 91' lang='lat' dir='ltr'><strong>et</strong></span> <span class='ocrx_word' id='word_1_684' title='bbox 3382 4283 3505 4337; x_wconf 62' lang='lat' dir='ltr'><strong>qua:</strong></span> <span class='ocrx_word' id='word_1_685' title='bbox 3544 4266 3669 4335; x_wconf 85' lang='lat' dir='ltr'><strong>capi</strong></span> <span class='ocrx_word' id='word_1_686' title='bbox 3700 4283 3809 4322; x_wconf 86' lang='lat' dir='ltr'><strong>non</strong></span> 
     </span>
    </p>
   </div>
   <div class='ocr_carea' id='block_1_90' title="bbox 529 4360 3811 4436">
    <p class='ocr_par' dir='ltr' id='par_1_90' title="bbox 529 4360 3811 4436">
     <span class='ocr_line' id='line_1_90' title="bbox 529 4360 3811 4436; baseline 0.001 -22"><span class='ocrx_word' id='word_1_687' title='bbox 529 4369 710 4430; x_wconf 87' lang='lat' dir='ltr'><strong>potest</strong></span> <span class='ocrx_word' id='word_1_688' title='bbox 746 4361 857 4415; x_wconf 83' lang='lat' dir='ltr'><strong>vita</strong></span> <span class='ocrx_word' id='word_1_689' title='bbox 898 4360 955 4415; x_wconf 88' lang='lat' dir='ltr'><strong>in</strong></span> <span class='ocrx_word' id='word_1_690' title='bbox 995 4376 1180 4427; x_wconf 89' lang='lat' dir='ltr'><strong>carne,</strong></span> <span class='ocrx_word' id='word_1_691' title='bbox 1218 4369 1275 4415; x_wconf 90' lang='lat' dir='ltr'><strong>et</strong></span> <span class='ocrx_word' id='word_1_692' title='bbox 1312 4361 1557 4416; x_wconf 90' lang='lat' dir='ltr'><strong>moribus</strong></span> <span class='ocrx_word' id='word_1_693' title='bbox 1595 4361 1759 4416; x_wconf 89' lang='lat' dir='ltr'><strong>simul</strong></span> <span class='ocrx_word' id='word_1_694' title='bbox 1796 4371 1852 4417; x_wconf 90' lang='lat' dir='ltr'><strong>et</strong></span> <span class='ocrx_word' id='word_1_695' title='bbox 1877 4363 2114 4420; x_wconf 88' lang='lat' dir='ltr'><strong>ratione.</strong></span> <span class='ocrx_word' id='word_1_696' title='bbox 2164 4384 2184 4417; x_wconf 79' lang='grc' dir='ltr'><strong>ι</strong></span> <span class='ocrx_word' id='word_1_697' title='bbox 2223 4365 2456 4436; x_wconf 87' lang='lat' dir='ltr'><strong>Operuit</strong></span> <span class='ocrx_word' id='word_1_698' title='bbox 2502 4365 2673 4433; x_wconf 87' lang='lat' dir='ltr'><strong>enim,</strong></span> <span class='ocrx_word' id='word_1_699' title='bbox 2721 4362 2922 4434; x_wconf 90' lang='lat' dir='ltr'><strong>inquit,</strong></span> <span class='ocrx_word' id='word_1_700' title='bbox 2962 4363 3132 4420; x_wconf 59' lang='lat' dir='ltr'><strong>caelos</strong></span> <span class='ocrx_word' id='word_1_701' title='bbox 3174 4362 3351 4418; x_wconf 88' lang='lat' dir='ltr'><strong>virtus</strong></span> <span class='ocrx_word' id='word_1_702' title='bbox 3385 4361 3507 4434; x_wconf 87' lang='lat' dir='ltr'><strong>ejus</strong></span> <span class='ocrx_word' id='word_1_703' title='bbox 3537 4360 3605 4426; x_wconf 83' lang='lat'><strong>&quot;,</strong></span> <span class='ocrx_word' id='word_1_704' title='bbox 3638 4378 3659 4411; x_wconf 78' lang='grc' dir='ltr'><strong>ι</strong></span> <span class='ocrx_word' id='word_1_705' title='bbox 3704 4360 3811 4416; x_wconf 82' lang='lat' dir='ltr'><strong>hoc</strong></span> 
     </span>
    </p>
   </div>
   <div class='ocr_carea' id='block_1_91' title="bbox 527 4460 2341 4533">
    <p class='ocr_par' dir='ltr' id='par_1_91' title="bbox 527 4460 2341 4533">
     <span class='ocr_line' id='line_1_91' title="bbox 527 4460 2341 4533; baseline 0.002 -18"><span class='ocrx_word' id='word_1_706' title='bbox 527 4468 635 4528; x_wconf 87' lang='lat' dir='ltr'><strong>est,</strong></span> <span class='ocrx_word' id='word_1_707' title='bbox 686 4461 853 4515; x_wconf 91' lang='lat' dir='ltr'><strong>etiam</strong></span> <span class='ocrx_word' id='word_1_708' title='bbox 897 4476 1165 4531; x_wconf 88' lang='lat' dir='ltr'><strong>supernas</strong></span> <span class='ocrx_word' id='word_1_709' title='bbox 1203 4461 1471 4524; x_wconf 76' lang='lat' dir='ltr'><strong>virtutes,</strong></span> <span class='ocrx_word' id='word_1_710' title='bbox 1510 4460 1837 4517; x_wconf 80' lang='lat' dir='ltr'><strong>excellentia</strong></span> <span class='ocrx_word' id='word_1_711' title='bbox 1876 4462 2341 4533; x_wconf 83' lang='lat' dir='ltr'><strong>cxsuperationis.</strong></span> 
     </span>
    </p>
   </div>
   <div class='ocr_carea' id='block_1_92' title="bbox 989 4571 1649 4628">
    <p class='ocr_par' dir='ltr' id='par_1_92' title="bbox 989 4571 1649 4628">
     <span class='ocr_line' id='line_1_92' title="bbox 989 4571 1649 4628; baseline -0.002 0"><span class='ocrx_word' id='word_1_712' title='bbox 989 4572 1084 4628; x_wconf 75' lang='lat' dir='ltr'><strong>EX</strong></span> <span class='ocrx_word' id='word_1_713' title='bbox 1130 4572 1336 4628; x_wconf 81' lang='lat' dir='ltr'><strong>LIBRO</strong></span> <span class='ocrx_word' id='word_1_714' title='bbox 1383 4571 1649 4627; x_wconf 70' lang='lat' dir='ltr'><strong>ESDRJE.</strong></span> 
     </span>
    </p>
   </div>
   <div class='ocr_carea' id='block_1_93' title="bbox 1111 4682 1526 4738">
    <p class='ocr_par' dir='ltr' id='par_1_93' title="bbox 1111 4682 1526 4738">
     <span class='ocr_line' id='line_1_93' title="bbox 1111 4682 1526 4738; baseline -0.002 0"><span class='ocrx_word' id='word_1_715' title='bbox 1111 4682 1187 4738; x_wconf 87' lang='lat' dir='ltr'><strong>De</strong></span> <span class='ocrx_word' id='word_1_716' title='bbox 1219 4682 1526 4737; x_wconf 85' lang='lat' dir='ltr'><strong>Zorobabcl.</strong></span> 
     </span>
    </p>
   </div>
   <div class='ocr_carea' id='block_1_94' title="bbox 536 4797 2115 4872">
    <p class='ocr_par' dir='ltr' id='par_1_94' title="bbox 536 4797 2115 4872">
     <span class='ocr_line' id='line_1_94' title="bbox 536 4797 2115 4872; baseline -0.002 -16"><span class='ocrx_word' id='word_1_717' title='bbox 536 4801 604 4857; x_wconf 80' lang='lat' dir='ltr'><strong>Et</strong></span> <span class='ocrx_word' id='word_1_718' title='bbox 636 4800 848 4872; x_wconf 74' lang='lat' dir='ltr'><strong>quando</strong></span> <span class='ocrx_word' id='word_1_719' title='bbox 885 4815 1120 4872; x_wconf 75' lang='lat' dir='ltr'><strong>egressus</strong></span> <span class='ocrx_word' id='word_1_720' title='bbox 1155 4806 1231 4852; x_wconf 72' lang='lat' dir='ltr'><strong>est</strong></span> <span class='ocrx_word' id='word_1_721' title='bbox 1278 4797 1609 4872; x_wconf 75' lang='lat' dir='ltr'><strong>adolescens,</strong></span> <span class='ocrx_word' id='word_1_722' title='bbox 1645 4798 1893 4872; x_wconf 72' lang='lat' dir='ltr'><strong>attollens</strong></span> <span class='ocrx_word' id='word_1_723' title='bbox 1930 4798 2115 4868; x_wconf 79' lang='lat' dir='ltr'><strong>faciem</strong></span> 
     </span>
    </p>
   </div>
   <div class='ocr_carea' id='block_1_95' title="bbox 603 4868 2116 4939">
    <p class='ocr_par' dir='ltr' id='par_1_95' title="bbox 603 4868 2116 4939">
     <span class='ocr_line' id='line_1_95' title="bbox 603 4868 2116 4939; baseline -0.003 -13"><span class='ocrx_word' id='word_1_724' title='bbox 603 4868 659 4926; x_wconf 78' lang='grc' dir='ltr'><strong>ίιι</strong></span> <span class='ocrx_word' id='word_1_725' title='bbox 695 4871 885 4926; x_wconf 71' lang='lat' dir='ltr'><strong>mlum</strong></span> <span class='ocrx_word' id='word_1_726' title='bbox 906 4868 971 4925; x_wconf 71' lang='lat' dir='ltr'><strong>ea:</strong></span> <span class='ocrx_word' id='word_1_727' title='bbox 1020 4870 1238 4925; x_wconf 74' lang='lat' dir='ltr'><strong>aduerso</strong></span> <span class='ocrx_word' id='word_1_728' title='bbox 1272 4868 1608 4935; x_wconf 78' lang='lat' dir='ltr'><strong>Jerusalem,</strong></span> <span class='ocrx_word' id='word_1_729' title='bbox 1644 4870 1903 4924; x_wconf 72' lang='lat' dir='ltr'><strong>benedixit</strong></span> <span class='ocrx_word' id='word_1_730' title='bbox 1942 4886 2116 4939; x_wconf 85' lang='lat' dir='ltr'><strong>regem</strong></span> 
     </span>
    </p>
   </div>
   <div class='ocr_carea' id='block_1_96' title="bbox 602 4940 2111 5012">
    <p class='ocr_par' dir='ltr' id='par_1_96' title="bbox 602 4940 2111 5012">
     <span class='ocr_line' id='line_1_96' title="bbox 602 4940 2111 5012; baseline -0.001 -17"><span class='ocrx_word' id='word_1_731' title='bbox 602 4941 747 5001; x_wconf 74' lang='lat' dir='ltr'><strong>mli.</strong></span> <span class='ocrx_word' id='word_1_732' title='bbox 783 4942 957 4995; x_wconf 78' lang='lat' dir='ltr'><strong>dicens</strong></span> <span class='ocrx_word' id='word_1_733' title='bbox 991 4957 1010 4995; x_wconf 89' lang='lat'><strong><em>:</em></strong></span> <span class='ocrx_word' id='word_1_734' title='bbox 1042 4940 1084 4995; x_wconf 82' lang='lat' dir='ltr'><strong><em>A</em></strong></span> <span class='ocrx_word' id='word_1_735' title='bbox 1124 4949 1172 4993; x_wconf 88' lang='lat' dir='ltr'><strong>te</strong></span> <span class='ocrx_word' id='word_1_736' title='bbox 1215 4940 1469 5012; x_wconf 66' lang='lat' dir='ltr'><strong>victoria,</strong></span> <span class='ocrx_word' id='word_1_737' title='bbox 1507 4948 1555 4994; x_wconf 84' lang='lat' dir='ltr'><strong>et</strong></span> <span class='ocrx_word' id='word_1_738' title='bbox 1599 4959 1632 4996; x_wconf 90' lang='lat' dir='ltr'><strong>a</strong></span> <span class='ocrx_word' id='word_1_739' title='bbox 1672 4949 1720 4996; x_wconf 79' lang='lat' dir='ltr'><strong>te</strong></span> <span class='ocrx_word' id='word_1_740' title='bbox 1766 4941 2028 5012; x_wconf 76' lang='lat' dir='ltr'><strong>sapientia</strong></span> <span class='ocrx_word' id='word_1_741' title='bbox 2062 4948 2111 4994; x_wconf 84' lang='lat' dir='ltr'><strong>et</strong></span> 
     </span>
    </p>
   </div>
   <div class='ocr_carea' id='block_1_97' title="bbox 602 5009 1522 5083">
    <p class='ocr_par' dir='ltr' id='par_1_97' title="bbox 602 5009 1522 5083">
     <span class='ocr_line' id='line_1_97' title="bbox 602 5009 1522 5083; baseline -0.001 -17"><span class='ocrx_word' id='word_1_742' title='bbox 602 5012 847 5079; x_wconf 76' lang='lat' dir='ltr'><strong>claritas,</strong></span> <span class='ocrx_word' id='word_1_743' title='bbox 877 5022 925 5067; x_wconf 85' lang='lat' dir='ltr'><strong>et</strong></span> <span class='ocrx_word' id='word_1_744' title='bbox 960 5028 1055 5083; x_wconf 86' lang='lat' dir='ltr'><strong>ego</strong></span> <span class='ocrx_word' id='word_1_745' title='bbox 1084 5026 1263 5065; x_wconf 70' lang='lat' dir='ltr'><strong>servus</strong></span> <span class='ocrx_word' id='word_1_746' title='bbox 1296 5020 1416 5064; x_wconf 67' lang='lat' dir='ltr'><strong>tua</strong></span> <span class='ocrx_word' id='word_1_747' title='bbox 1452 5009 1522 5065; x_wconf 82' lang='grc'><strong>⁶¹.</strong></span> 
     </span>
    </p>
   </div>
   <div class='ocr_carea' id='block_1_98' title="bbox 606 5190 2116 5279">
    <p class='ocr_par' dir='ltr' id='par_1_98' title="bbox 606 5190 2116 5279">
     <span class='ocr_line' id='line_1_98' title="bbox 606 5190 2116 5279; baseline -0.004 -14"><span class='ocrx_word' id='word_1_748' title='bbox 606 5210 910 5266; x_wconf 82' lang='lat' dir='ltr'><strong>Zorobabel</strong></span> <span class='ocrx_word' id='word_1_749' title='bbox 964 5210 1358 5279; x_wconf 88' lang='lat' dir='ltr'><strong>interpretatur</strong></span> <span class='ocrx_word' id='word_1_750' title='bbox 1411 5190 2116 5277; x_wconf 74' lang='lat' dir='ltr'><strong>semiuatio&#39;eonfusionis,</strong></span> 
     </span>
    </p>
   </div>
   <div class='ocr_carea' id='block_1_99' title="bbox 536 5295 2119 5370">
    <p class='ocr_par' dir='ltr' id='par_1_99' title="bbox 536 5295 2119 5370">
     <span class='ocr_line' id='line_1_99' title="bbox 536 5295 2119 5370; baseline -0.002 -18"><span class='ocrx_word' id='word_1_751' title='bbox 536 5307 631 5352; x_wconf 74' lang='lat' dir='ltr'><strong>aut</strong></span> <span class='ocrx_word' id='word_1_752' title='bbox 660 5299 804 5368; x_wconf 75' lang='lat' dir='ltr'><strong>quies</strong></span> <span class='ocrx_word' id='word_1_753' title='bbox 840 5316 853 5330; x_wconf 70' lang='lat'>&#39;</span> <span class='ocrx_word' id='word_1_754' title='bbox 879 5298 1182 5354; x_wconf 88' lang='lat' dir='ltr'><strong>seminatus</strong></span> <span class='ocrx_word' id='word_1_755' title='bbox 1208 5308 1292 5353; x_wconf 88' lang='lat' dir='ltr'><strong>est</strong></span> <span class='ocrx_word' id='word_1_756' title='bbox 1323 5299 1471 5352; x_wconf 87' lang='lat' dir='ltr'><strong>enim</strong></span> <span class='ocrx_word' id='word_1_757' title='bbox 1500 5298 1553 5352; x_wconf 93' lang='lat' dir='ltr'><strong>in</strong></span> <span class='ocrx_word' id='word_1_758' title='bbox 1593 5297 1867 5370; x_wconf 76' lang='lat' dir='ltr'><strong>Babylone</strong></span> <span class='ocrx_word' id='word_1_759' title='bbox 1891 5312 2013 5367; x_wconf 68' lang='lat' dir='ltr'><strong>qua:</strong></span> <span class='ocrx_word' id='word_1_760' title='bbox 2042 5295 2119 5350; x_wconf 89' lang='lat' dir='ltr'><strong>si-</strong></span> 
     </span>
    </p>
   </div>
   <div class='ocr_carea' id='block_1_100' title="bbox 536 5385 2120 5457">
    <p class='ocr_par' dir='ltr' id='par_1_100' title="bbox 536 5385 2120 5457">
     <span class='ocr_line' id='line_1_100' title="bbox 536 5385 2120 5457; baseline -0.001 -17"><span class='ocrx_word' id='word_1_761' title='bbox 536 5386 757 5455; x_wconf 77' lang='lat' dir='ltr'><strong>gniﬁcat</strong></span> <span class='ocrx_word' id='word_1_762' title='bbox 777 5388 1179 5452; x_wconf 82' lang='lat' dir='ltr'><strong>confusionem,</strong></span> <span class='ocrx_word' id='word_1_763' title='bbox 1213 5404 1339 5443; x_wconf 91' lang='lat' dir='ltr'><strong>cum</strong></span> <span class='ocrx_word' id='word_1_764' title='bbox 1371 5388 1484 5444; x_wconf 91' lang='lat' dir='ltr'><strong>illic</strong></span> <span class='ocrx_word' id='word_1_765' title='bbox 1509 5388 1890 5444; x_wconf 89' lang='lat' dir='ltr'><strong>detinerentur</strong></span> <span class='ocrx_word' id='word_1_766' title='bbox 1917 5385 2120 5457; x_wconf 86' lang='lat' dir='ltr'><strong>captivi</strong></span> 
     </span>
    </p>
   </div>
   <div class='ocr_carea' id='block_1_101' title="bbox 536 5478 2121 5548">
    <p class='ocr_par' dir='ltr' id='par_1_101' title="bbox 536 5478 2121 5548">
     <span class='ocr_line' id='line_1_101' title="bbox 536 5478 2121 5548; baseline 0.001 -16"><span class='ocrx_word' id='word_1_767' title='bbox 536 5478 660 5548; x_wconf 86' lang='lat' dir='ltr'><strong>ejus</strong></span> <span class='ocrx_word' id='word_1_768' title='bbox 690 5479 986 5547; x_wconf 82' lang='lat' dir='ltr'><strong>genitores.</strong></span> <span class='ocrx_word' id='word_1_769' title='bbox 1022 5480 1099 5537; x_wconf 82' lang='lat' dir='ltr'><strong>Et</strong></span> <span class='ocrx_word' id='word_1_770' title='bbox 1139 5490 1295 5536; x_wconf 88' lang='lat' dir='ltr'><strong>ortus</strong></span> <span class='ocrx_word' id='word_1_771' title='bbox 1324 5489 1411 5535; x_wconf 89' lang='lat' dir='ltr'><strong>est</strong></span> <span class='ocrx_word' id='word_1_772' title='bbox 1443 5480 1578 5547; x_wconf 86' lang='lat' dir='ltr'><strong>illic,</strong></span> <span class='ocrx_word' id='word_1_773' title='bbox 1622 5481 1693 5536; x_wconf 91' lang='lat' dir='ltr'><strong>ab</strong></span> <span class='ocrx_word' id='word_1_774' title='bbox 1728 5480 1958 5537; x_wconf 82' lang='lat' dir='ltr'><strong>infantia</strong></span> <span class='ocrx_word' id='word_1_775' title='bbox 1995 5478 2121 5535; x_wconf 84' lang='lat' dir='ltr'><strong>illu-</strong></span> 
     </span>
    </p>
   </div>
   <div class='ocr_carea' id='block_1_102' title="bbox 612 5657 1818 5727">
    <p class='ocr_par' dir='ltr' id='par_1_102' title="bbox 612 5657 1818 5727">
     <span class='ocr_line' id='line_1_102' title="bbox 612 5657 1818 5727; baseline -0.002 -11"><span class='ocrx_word' id='word_1_776' title='bbox 612 5658 653 5693; x_wconf 84' lang='lat'>“</span> <span class='ocrx_word' id='word_1_777' title='bbox 680 5657 885 5717; x_wconf 74' lang='lat' dir='ltr'><strong>Hahae.</strong></span> <span class='ocrx_word' id='word_1_778' title='bbox 922 5677 1000 5727; x_wconf 85' lang='grc' dir='ltr'><strong>ιιι,</strong></span> <span class='ocrx_word' id='word_1_779' title='bbox 1030 5661 1083 5716; x_wconf 80' lang='lat'><strong>5.</strong></span> <span class='ocrx_word' id='word_1_780' title='bbox 1158 5664 1201 5693; x_wconf 84' lang='lat'>“</span> <span class='ocrx_word' id='word_1_781' title='bbox 1233 5662 1300 5718; x_wconf 84' lang='lat' dir='ltr'><strong>Ill</strong></span> <span class='ocrx_word' id='word_1_782' title='bbox 1329 5661 1484 5716; x_wconf 77' lang='lat' dir='ltr'><strong>Esdr.</strong></span> <span class='ocrx_word' id='word_1_783' title='bbox 1523 5677 1594 5727; x_wconf 71' lang='grc' dir='ltr'><strong>ιν,</strong></span> <span class='ocrx_word' id='word_1_784' title='bbox 1618 5660 1705 5725; x_wconf 75' lang='grc'><strong>58,</strong></span> <span class='ocrx_word' id='word_1_785' title='bbox 1734 5660 1818 5715; x_wconf 76' lang='grc'><strong>59.</strong></span> 
     </span>
    </p>
   </div>
   <div class='ocr_carea' id='block_1_103' title="bbox 2591 4569 3427 4631">
    <p class='ocr_par' dir='ltr' id='par_1_103' title="bbox 2591 4569 3427 4631">
     <span class='ocr_line' id='line_1_103' title="bbox 2591 4569 3427 4631; baseline -0.005 0"><span class='ocrx_word' id='word_1_786' title='bbox 2591 4578 2686 4631; x_wconf 81' lang='grc' dir='ltr'><strong>ΕΚ</strong></span> <span class='ocrx_word' id='word_1_787' title='bbox 2724 4576 2861 4629; x_wconf 80' lang='grc' dir='ltr'><strong>ΤΗΣ</strong></span> <span class='ocrx_word' id='word_1_788' title='bbox 2896 4573 3150 4628; x_wconf 84' lang='grc' dir='ltr'><strong>ΒΙΒΛΟΥ</strong></span> <span class='ocrx_word' id='word_1_789' title='bbox 3187 4569 3427 4627; x_wconf 79' lang='grc' dir='ltr'><strong>ΕΣΔΡΔ.</strong></span> 
     </span>
    </p>
   </div>
   <div class='ocr_carea' id='block_1_104' title="bbox 2732 4685 3265 4756">
    <p class='ocr_par' dir='ltr' id='par_1_104' title="bbox 2732 4685 3265 4756">
     <span class='ocr_line' id='line_1_104' title="bbox 2732 4685 3265 4756; baseline -0.006 -14"><span class='ocrx_word' id='word_1_790' title='bbox 2732 4687 2873 4756; x_wconf 74' lang='grc' dir='ltr'><strong>Περὶ</strong></span> <span class='ocrx_word' id='word_1_791' title='bbox 2907 4685 3265 4755; x_wconf 72' lang='grc' dir='ltr'><strong>Ζοροϐάϐελ.</strong></span> 
     </span>
    </p>
   </div>
   <div class='ocr_carea' id='block_1_105' title="bbox 2216 4795 3804 4873">
    <p class='ocr_par' dir='ltr' id='par_1_105' title="bbox 2216 4795 3804 4873">
     <span class='ocr_line' id='line_1_105' title="bbox 2216 4795 3804 4873; baseline -0.001 -12"><span class='ocrx_word' id='word_1_792' title='bbox 2216 4805 2325 4862; x_wconf 81' lang='lat' dir='ltr'><strong>Kal</strong></span> <span class='ocrx_word' id='word_1_793' title='bbox 2360 4807 2459 4860; x_wconf 77' lang='grc' dir='ltr'><strong>ὅτε</strong></span> <span class='ocrx_word' id='word_1_794' title='bbox 2494 4804 2754 4873; x_wconf 72' lang='grc' dir='ltr'><strong>ἐξῆλθεν</strong></span> <span class='ocrx_word' id='word_1_795' title='bbox 2813 4805 2849 4858; x_wconf 83' lang='grc' dir='ltr'><em>ὁ</em></span> <span class='ocrx_word' id='word_1_796' title='bbox 2899 4802 3251 4873; x_wconf 74' lang='grc' dir='ltr'><strong>νεανίσκος.</strong></span> <span class='ocrx_word' id='word_1_797' title='bbox 3296 4799 3447 4867; x_wconf 76' lang='grc' dir='ltr'><strong>ὁρας</strong></span> <span class='ocrx_word' id='word_1_798' title='bbox 3490 4795 3573 4873; x_wconf 38' lang='grc' dir='ltr'><strong>τὸ.</strong></span> <span class='ocrx_word' id='word_1_799' title='bbox 3615 4797 3804 4873; x_wconf 61' lang='grc' dir='ltr'><strong>πράξ-</strong></span> 
     </span>
    </p>
   </div>
   <div class='ocr_carea' id='block_1_106' title="bbox 2286 4866 3803 4942">
    <p class='ocr_par' dir='ltr' id='par_1_106' title="bbox 2286 4866 3803 4942">
     <span class='ocr_line' id='line_1_106' title="bbox 2286 4866 3803 4942; baseline 0.005 -12"><span class='ocrx_word' id='word_1_800' title='bbox 2286 4893 2453 4931; x_wconf 75' lang='grc' dir='ltr'><strong>ωπον</strong></span> <span class='ocrx_word' id='word_1_801' title='bbox 2482 4866 2570 4942; x_wconf 54' lang='lat' dir='ltr'><strong>sle</strong></span> <span class='ocrx_word' id='word_1_802' title='bbox 2590 4866 2891 4942; x_wconf 78' lang='grc' dir='ltr'><strong>ὀὺρανὸν,</strong></span> <span class='ocrx_word' id='word_1_803' title='bbox 2926 4866 3211 4927; x_wconf 68' lang='grc' dir='ltr'><strong>ἐναντιον</strong></span> <span class='ocrx_word' id='word_1_804' title='bbox 3243 4866 3803 4942; x_wconf 46' lang='grc' dir='ltr'><strong>τιερουιξαλὴμνμεῦῖ</strong></span> 
     </span>
    </p>
   </div>
   <div class='ocr_carea' id='block_1_107' title="bbox 2289 4936 3803 5029">
    <p class='ocr_par' dir='ltr' id='par_1_107' title="bbox 2289 4936 3803 5029">
     <span class='ocr_line' id='line_1_107' title="bbox 2289 4936 3803 5029; baseline -0.001 1"><span class='ocrx_word' id='word_1_805' title='bbox 2289 4936 2656 5029; x_wconf 47' lang='lat' dir='ltr'><strong>46mm?“</strong></span> <span class='ocrx_word' id='word_1_806' title='bbox 2670 4936 2940 5029; x_wconf 59' lang='grc' dir='ltr'><strong>Βισιλέςι</strong></span> <span class='ocrx_word' id='word_1_807' title='bbox 2959 4943 3064 5024; x_wconf 64' lang='grc' dir='ltr'><strong>τοῦ</strong></span> <span class='ocrx_word' id='word_1_808' title='bbox 3086 4936 3613 5029; x_wconf 53' lang='grc' dir='ltr'><strong>ςῠρανρῧοὲέπῖιῆξ</strong></span> <span class='ocrx_word' id='word_1_809' title='bbox 3638 4936 3803 5029; x_wconf 63' lang='lat'><strong>£1399</strong></span> 
     </span>
    </p>
   </div>
   <div class='ocr_carea' id='block_1_108' title="bbox 2287 5006 3800 5083">
    <p class='ocr_par' dir='ltr' id='par_1_108' title="bbox 2287 5006 3800 5083">
     <span class='ocr_line' id='line_1_108' title="bbox 2287 5006 3800 5083; baseline -0.009 -12"><span class='ocrx_word' id='word_1_810' title='bbox 2287 5006 2405 5071; x_wconf 74' lang='grc' dir='ltr'>σοῦ</span> <span class='ocrx_word' id='word_1_811' title='bbox 2474 5017 2635 5078; x_wconf 79' lang='grc' dir='ltr'><strong>νίκη.</strong></span> <span class='ocrx_word' id='word_1_812' title='bbox 2658 5006 2756 5069; x_wconf 71' lang='grc' dir='ltr'><strong>καί</strong></span> <span class='ocrx_word' id='word_1_813' title='bbox 2774 5014 2933 5081; x_wconf 83' lang='grc' dir='ltr'><strong>παρὰ</strong></span> <span class='ocrx_word' id='word_1_814' title='bbox 2945 5012 3061 5068; x_wconf 86' lang='grc' dir='ltr'><strong>σοῦ</strong></span> <span class='ocrx_word' id='word_1_815' title='bbox 3082 5014 3121 5081; x_wconf 80' lang='grc' dir='ltr'><strong><em>ἠ</em></strong></span> <span class='ocrx_word' id='word_1_816' title='bbox 3138 5006 3345 5082; x_wconf 68' lang='grc' dir='ltr'><strong>ἁοφία,</strong></span> <span class='ocrx_word' id='word_1_817' title='bbox 3366 5008 3462 5063; x_wconf 73' lang='grc' dir='ltr'><strong>καί</strong></span> <span class='ocrx_word' id='word_1_818' title='bbox 3480 5006 3565 5076; x_wconf 80' lang='grc' dir='ltr'><strong>σὴ</strong></span> <span class='ocrx_word' id='word_1_819' title='bbox 3580 5008 3616 5075; x_wconf 78' lang='grc' dir='ltr'><strong><em>ἠ</em></strong></span> <span class='ocrx_word' id='word_1_820' title='bbox 3634 5006 3800 5072; x_wconf 75' lang='grc' dir='ltr'><strong>δόξα,</strong></span> 
     </span>
    </p>
   </div>
   <div class='ocr_carea' id='block_1_109' title="bbox 2289 5083 2972 5155">
    <p class='ocr_par' dir='ltr' id='par_1_109' title="bbox 2289 5083 2972 5155">
     <span class='ocr_line' id='line_1_109' title="bbox 2289 5083 2972 5155; baseline -0.006 -14"><span class='ocrx_word' id='word_1_821' title='bbox 2289 5087 2384 5141; x_wconf 74' lang='grc' dir='ltr'><strong>καὶ</strong></span> <span class='ocrx_word' id='word_1_822' title='bbox 2417 5085 2533 5155; x_wconf 72' lang='grc' dir='ltr'><strong>ἐγὼ</strong></span> <span class='ocrx_word' id='word_1_823' title='bbox 2564 5085 2679 5153; x_wconf 86' lang='grc' dir='ltr'><strong>σὸς</strong></span> <span class='ocrx_word' id='word_1_824' title='bbox 2712 5083 2972 5151; x_wconf 70' lang='grc' dir='ltr'><strong>οἰκέτης.</strong></span> 
     </span>
    </p>
   </div>
   <div class='ocr_carea' id='block_1_110' title="bbox 2303 5190 3803 5270">
    <p class='ocr_par' dir='ltr' id='par_1_110' title="bbox 2303 5190 3803 5270">
     <span class='ocr_line' id='line_1_110' title="bbox 2303 5190 3803 5270; baseline -0.008 -16"><span class='ocrx_word' id='word_1_825' title='bbox 2303 5200 2362 5254; x_wconf 83' lang='lat'><strong>&#39;0</strong></span> <span class='ocrx_word' id='word_1_826' title='bbox 2398 5198 2702 5270; x_wconf 80' lang='grc' dir='ltr'><strong>Ζοροϐάϐελ</strong></span> <span class='ocrx_word' id='word_1_827' title='bbox 2753 5197 2957 5267; x_wconf 79' lang='grc' dir='ltr'><strong>σπορὰ</strong></span> <span class='ocrx_word' id='word_1_828' title='bbox 2994 5194 3372 5266; x_wconf 71' lang='grc' dir='ltr'><strong>συγχύσεως,</strong></span> <span class='ocrx_word' id='word_1_829' title='bbox 3400 5192 3433 5263; x_wconf 82' lang='grc' dir='ltr'>ἢ</span> <span class='ocrx_word' id='word_1_830' title='bbox 3461 5190 3803 5256; x_wconf 73' lang='grc' dir='ltr'><strong>ἀνάπαυσις</strong></span> 
     </span>
    </p>
   </div>
   <div class='ocr_carea' id='block_1_111' title="bbox 2218 5280 3801 5361">
    <p class='ocr_par' dir='ltr' id='par_1_111' title="bbox 2218 5280 3801 5361">
     <span class='ocr_line' id='line_1_111' title="bbox 2218 5280 3801 5361; baseline -0.008 -17"><span class='ocrx_word' id='word_1_831' title='bbox 2218 5289 2609 5361; x_wconf 71' lang='grc' dir='ltr'><strong>ἑρμηνεύεταιο</strong></span> <span class='ocrx_word' id='word_1_832' title='bbox 2643 5289 2858 5360; x_wconf 83' lang='grc' dir='ltr'><strong>ὲσπάρη</strong></span> <span class='ocrx_word' id='word_1_833' title='bbox 2884 5285 2995 5356; x_wconf 89' lang='grc' dir='ltr'><strong>γάρ</strong></span> <span class='ocrx_word' id='word_1_834' title='bbox 3029 5287 3088 5338; x_wconf 82' lang='grc' dir='ltr'><strong>ὲν</strong></span> <span class='ocrx_word' id='word_1_835' title='bbox 3131 5283 3433 5347; x_wconf 84' lang='grc' dir='ltr'><strong>Βαϐυλῶνι,</strong></span> <span class='ocrx_word' id='word_1_836' title='bbox 3469 5283 3504 5353; x_wconf 72' lang='grc' dir='ltr'><strong>ἢ</strong></span> <span class='ocrx_word' id='word_1_837' title='bbox 3537 5280 3801 5349; x_wconf 81' lang='grc' dir='ltr'><strong>σημαίνει</strong></span> 
     </span>
    </p>
   </div>
   <div class='ocr_carea' id='block_1_112' title="bbox 2221 5370 3802 5452">
    <p class='ocr_par' dir='ltr' id='par_1_112' title="bbox 2221 5370 3802 5452">
     <span class='ocr_line' id='line_1_112' title="bbox 2221 5370 3802 5452; baseline -0.009 -17"><span class='ocrx_word' id='word_1_838' title='bbox 2221 5382 2505 5451; x_wconf 85' lang='grc' dir='ltr'><strong>σύγχυσιν,</strong></span> <span class='ocrx_word' id='word_1_839' title='bbox 2546 5378 3063 5452; x_wconf 73' lang='grc' dir='ltr'><strong>αίχμαλάηων,ὲκεῖ</strong></span> <span class='ocrx_word' id='word_1_840' title='bbox 3108 5374 3488 5446; x_wconf 81' lang='grc' dir='ltr'><strong>κατεχομένων</strong></span> <span class='ocrx_word' id='word_1_841' title='bbox 3536 5370 3650 5424; x_wconf 80' lang='grc' dir='ltr'><strong>τῶν</strong></span> <span class='ocrx_word' id='word_1_842' title='bbox 3682 5387 3802 5437; x_wconf 87' lang='grc' dir='ltr'><strong>γεν-</strong></span> 
     </span>
    </p>
   </div>
   <div class='ocr_carea' id='block_1_113' title="bbox 2223 5464 3801 5549">
    <p class='ocr_par' dir='ltr' id='par_1_113' title="bbox 2223 5464 3801 5549">
     <span class='ocr_line' id='line_1_113' title="bbox 2223 5464 3801 5549; baseline -0.008 -18"><span class='ocrx_word' id='word_1_843' title='bbox 2223 5475 2463 5549; x_wconf 78' lang='grc' dir='ltr'><strong>νητόρων</strong></span> <span class='ocrx_word' id='word_1_844' title='bbox 2492 5473 2679 5531; x_wconf 83' lang='grc' dir='ltr'><strong>αὐτοῦ.</strong></span> <span class='ocrx_word' id='word_1_845' title='bbox 2706 5473 2817 5529; x_wconf 77' lang='grc' dir='ltr'><strong>Καὶ</strong></span> <span class='ocrx_word' id='word_1_846' title='bbox 2848 5471 3126 5529; x_wconf 81' lang='grc' dir='ltr'><strong>ἀνέτειλεν</strong></span> <span class='ocrx_word' id='word_1_847' title='bbox 3158 5470 3296 5541; x_wconf 78' lang='grc' dir='ltr'><strong>ἐκεῖ,</strong></span> <span class='ocrx_word' id='word_1_848' title='bbox 3326 5465 3581 5540; x_wconf 75' lang='grc' dir='ltr'><strong>νηπιόθεν</strong></span> <span class='ocrx_word' id='word_1_849' title='bbox 3627 5464 3801 5533; x_wconf 55' lang='grc' dir='ltr'><strong>αὐγάν</strong></span> 
     </span>
    </p>
   </div>
  </div>
