  <div class='ocr_page' id='page_1' title='image "/cluster/home/n/w/nwhite01/storage/ocr_20150623/77/hvd.32044052822863/646.png"; bbox 0 0 4062 6202; ppageno 0'>
   <div class='ocr_carea' id='block_1_1' title="bbox 231 288 401 364">
    <p class='ocr_par' dir='ltr' id='par_1_1' title="bbox 231 288 401 364">
     <span class='ocr_line' id='line_1_1' title="bbox 231 288 401 364; baseline -0.006 -17"><span class='ocrx_word' id='word_1_1' title='bbox 231 288 401 364; x_wconf 46' lang='grc' dir='ltr'>,ιεεί</span> 
     </span>
    </p>
   </div>
   <div class='ocr_carea' id='block_1_2' title="bbox 1645 289 2167 352">
    <p class='ocr_par' dir='ltr' id='par_1_2' title="bbox 1645 289 2167 352">
     <span class='ocr_line' id='line_1_2' title="bbox 1645 289 2167 352; baseline 0.006 -3"><span class='ocrx_word' id='word_1_2' title='bbox 1645 289 2167 352; x_wconf 80' lang='lat' dir='ltr'><strong>COLLECTANEA.</strong></span> 
     </span>
    </p>
   </div>
   <div class='ocr_carea' id='block_1_3' title="bbox 3379 290 3519 347">
    <p class='ocr_par' dir='ltr' id='par_1_3' title="bbox 3379 290 3519 347">
     <span class='ocr_line' id='line_1_3' title="bbox 3379 290 3519 347; baseline 0.014 -2"><span class='ocrx_word' id='word_1_3' title='bbox 3379 290 3519 347; x_wconf 69' lang='grc'><strong>1282</strong></span> 
     </span>
    </p>
   </div>
   <div class='ocr_carea' id='block_1_4' title="bbox 257 406 1856 486">
    <p class='ocr_par' dir='ltr' id='par_1_4' title="bbox 257 406 1842 480">
     <span class='ocr_line' id='line_1_4' title="bbox 257 406 1842 480; baseline 0.001 -17"><span class='ocrx_word' id='word_1_4' title='bbox 257 410 372 475; x_wconf 76' lang='grc' dir='ltr'><strong>ζων</strong></span> <span class='ocrx_word' id='word_1_5' title='bbox 405 408 469 462; x_wconf 75' lang='grc' dir='ltr'>τὸ</span> <span class='ocrx_word' id='word_1_6' title='bbox 499 406 692 473; x_wconf 85' lang='grc' dir='ltr'>κάλλος</span> <span class='ocrx_word' id='word_1_7' title='bbox 743 409 844 480; x_wconf 85' lang='grc' dir='ltr'>τῆς</span> <span class='ocrx_word' id='word_1_8' title='bbox 887 407 1111 480; x_wconf 80' lang='grc' dir='ltr'>ἀρετῆς,</span> <span class='ocrx_word' id='word_1_9' title='bbox 1147 407 1246 463; x_wconf 67' lang='grc' dir='ltr'><strong>καὶ</strong></span> <span class='ocrx_word' id='word_1_10' title='bbox 1285 407 1389 480; x_wconf 84' lang='grc' dir='ltr'>τῆς</span> <span class='ocrx_word' id='word_1_11' title='bbox 1439 409 1724 478; x_wconf 78' lang='grc' dir='ltr'><strong>γνώσεως⁹</strong></span> <span class='ocrx_word' id='word_1_12' title='bbox 1748 411 1842 464; x_wconf 75' lang='grc' dir='ltr'>καὶ</span> 
     </span>
    </p>
   </div>
   <div class='ocr_carea' id='block_1_5' title="bbox 1957 406 3522 486">
    <p class='ocr_par' dir='ltr' id='par_1_5' title="bbox 1957 406 3522 486">
     <span class='ocr_line' id='line_1_5' title="bbox 1957 406 3522 486; baseline -0.003 -18"><span class='ocrx_word' id='word_1_13' title='bbox 1957 414 2160 471; x_wconf 82' lang='lat' dir='ltr'><strong>minans</strong></span> <span class='ocrx_word' id='word_1_14' title='bbox 2205 411 2672 486; x_wconf 77' lang='lat' dir='ltr'><strong>pulchritudinem</strong></span> <span class='ocrx_word' id='word_1_15' title='bbox 2717 406 2940 466; x_wconf 88' lang='lat' dir='ltr'><strong>virtutis</strong></span> <span class='ocrx_word' id='word_1_16' title='bbox 2970 417 3026 465; x_wconf 91' lang='lat' dir='ltr'><strong>et</strong></span> <span class='ocrx_word' id='word_1_17' title='bbox 3057 407 3386 481; x_wconf 78' lang='lat' dir='ltr'><strong>cognitionis</strong></span> <span class='ocrx_word' id='word_1_18' title='bbox 3419 426 3434 462; x_wconf 89' lang='lat'><strong>:</strong></span> <span class='ocrx_word' id='word_1_19' title='bbox 3464 417 3522 464; x_wconf 86' lang='lat' dir='ltr'><strong>et</strong></span> 
     </span>
    </p>
   </div>
   <div class='ocr_carea' id='block_1_6' title="bbox 256 499 1840 572">
    <p class='ocr_par' dir='ltr' id='par_1_6' title="bbox 256 499 1840 572">
     <span class='ocr_line' id='line_1_6' title="bbox 256 499 1840 572; baseline 0 -15"><span class='ocrx_word' id='word_1_20' title='bbox 256 499 581 568; x_wconf 73' lang='grc' dir='ltr'><strong>ἀπαλλάξας</strong></span> <span class='ocrx_word' id='word_1_21' title='bbox 612 501 734 555; x_wconf 84' lang='grc' dir='ltr'><strong>ὅλον</strong></span> <span class='ocrx_word' id='word_1_22' title='bbox 769 500 830 554; x_wconf 80' lang='grc' dir='ltr'>τὸ</span> <span class='ocrx_word' id='word_1_23' title='bbox 876 500 1036 568; x_wconf 79' lang='grc' dir='ltr'>γένος</span> <span class='ocrx_word' id='word_1_24' title='bbox 1070 501 1170 572; x_wconf 85' lang='grc' dir='ltr'>τῆς</span> <span class='ocrx_word' id='word_1_25' title='bbox 1220 501 1338 555; x_wconf 70' lang='grc' dir='ltr'>ἐκεῖ</span> <span class='ocrx_word' id='word_1_26' title='bbox 1388 501 1656 568; x_wconf 79' lang='grc' dir='ltr'><strong>δουλείας,</strong></span> <span class='ocrx_word' id='word_1_27' title='bbox 1704 503 1840 557; x_wconf 82' lang='grc' dir='ltr'>ἀνά-</span> 
     </span>
    </p>
   </div>
   <div class='ocr_carea' id='block_1_7' title="bbox 1939 501 3519 578">
    <p class='ocr_par' dir='ltr' id='par_1_7' title="bbox 1939 501 3519 578">
     <span class='ocr_line' id='line_1_7' title="bbox 1939 501 3519 578; baseline -0.004 -19"><span class='ocrx_word' id='word_1_28' title='bbox 1939 505 2174 562; x_wconf 87' lang='lat' dir='ltr'><strong>liberato</strong></span> <span class='ocrx_word' id='word_1_29' title='bbox 2200 515 2314 561; x_wconf 89' lang='lat' dir='ltr'><strong>toto</strong></span> <span class='ocrx_word' id='word_1_30' title='bbox 2339 521 2539 578; x_wconf 82' lang='lat' dir='ltr'><strong>genere</strong></span> <span class='ocrx_word' id='word_1_31' title='bbox 2565 506 2634 560; x_wconf 88' lang='lat' dir='ltr'><strong>ab</strong></span> <span class='ocrx_word' id='word_1_32' title='bbox 2657 520 2721 559; x_wconf 91' lang='lat' dir='ltr'><strong>ea</strong></span> <span class='ocrx_word' id='word_1_33' title='bbox 2746 505 2801 557; x_wconf 95' lang='lat' dir='ltr'><strong>in</strong></span> <span class='ocrx_word' id='word_1_34' title='bbox 2830 519 2938 572; x_wconf 90' lang='lat' dir='ltr'><strong>qua</strong></span> <span class='ocrx_word' id='word_1_35' title='bbox 2967 503 3080 557; x_wconf 89' lang='lat' dir='ltr'><strong>illic</strong></span> <span class='ocrx_word' id='word_1_36' title='bbox 3105 501 3376 571; x_wconf 89' lang='lat' dir='ltr'><strong>degebant</strong></span> <span class='ocrx_word' id='word_1_37' title='bbox 3398 515 3519 556; x_wconf 87' lang='lat' dir='ltr'><strong>ser-</strong></span> 
     </span>
    </p>
   </div>
   <div class='ocr_carea' id='block_1_8' title="bbox 257 587 1856 666">
    <p class='ocr_par' dir='ltr' id='par_1_8' title="bbox 257 588 1844 666">
     <span class='ocr_line' id='line_1_8' title="bbox 257 588 1844 666; baseline 0.001 -20"><span class='ocrx_word' id='word_1_38' title='bbox 257 608 468 657; x_wconf 88' lang='grc' dir='ltr'>παυσις</span> <span class='ocrx_word' id='word_1_39' title='bbox 513 593 699 656; x_wconf 79' lang='grc' dir='ltr'>αὐτοῖς</span> <span class='ocrx_word' id='word_1_40' title='bbox 746 591 989 661; x_wconf 84' lang='grc' dir='ltr'>γέγονεν.</span> <span class='ocrx_word' id='word_1_41' title='bbox 1025 592 1230 647; x_wconf 79' lang='grc' dir='ltr'><strong>Λοιπὸν</strong></span> <span class='ocrx_word' id='word_1_42' title='bbox 1263 588 1358 647; x_wconf 79' lang='grc' dir='ltr'>οὖν</span> <span class='ocrx_word' id='word_1_43' title='bbox 1385 591 1474 664; x_wconf 82' lang='grc' dir='ltr'>εῐη</span> <span class='ocrx_word' id='word_1_44' title='bbox 1519 593 1584 649; x_wconf 81' lang='grc' dir='ltr'>ἀν</span> <span class='ocrx_word' id='word_1_45' title='bbox 1611 592 1844 666; x_wconf 77' lang='grc' dir='ltr'>Ζοροϐάο</span> 
     </span>
    </p>
   </div>
   <div class='ocr_carea' id='block_1_9' title="bbox 1957 587 3520 666">
    <p class='ocr_par' dir='ltr' id='par_1_9' title="bbox 1957 587 3520 664">
     <span class='ocr_line' id='line_1_9' title="bbox 1957 587 3520 664; baseline -0.004 -16"><span class='ocrx_word' id='word_1_46' title='bbox 1957 594 2137 662; x_wconf 73' lang='lat' dir='ltr'><strong>vitute,</strong></span> <span class='ocrx_word' id='word_1_47' title='bbox 2176 595 2279 650; x_wconf 90' lang='lat' dir='ltr'><strong>fuit</strong></span> <span class='ocrx_word' id='word_1_48' title='bbox 2310 596 2392 650; x_wconf 90' lang='lat' dir='ltr'><strong>eis</strong></span> <span class='ocrx_word' id='word_1_49' title='bbox 2427 595 2664 664; x_wconf 84' lang='lat' dir='ltr'><strong>requies.</strong></span> <span class='ocrx_word' id='word_1_50' title='bbox 2691 593 2810 648; x_wconf 87' lang='lat' dir='ltr'><strong>Jam</strong></span> <span class='ocrx_word' id='word_1_51' title='bbox 2845 607 2978 662; x_wconf 86' lang='lat' dir='ltr'><strong>ergo</strong></span> <span class='ocrx_word' id='word_1_52' title='bbox 3017 589 3184 644; x_wconf 90' lang='lat' dir='ltr'><strong>fuerit</strong></span> <span class='ocrx_word' id='word_1_53' title='bbox 3216 587 3520 644; x_wconf 87' lang='lat' dir='ltr'><strong>Zorobabel</strong></span> 
     </span>
    </p>
   </div>
   <div class='ocr_carea' id='block_1_10' title="bbox 258 679 1859 753">
    <p class='ocr_par' dir='ltr' id='par_1_10' title="bbox 258 679 1859 753">
     <span class='ocr_line' id='line_1_10' title="bbox 258 679 1859 753; baseline 0.002 -20"><span class='ocrx_word' id='word_1_54' title='bbox 258 679 382 745; x_wconf 90' lang='grc' dir='ltr'>ϐελ,</span> <span class='ocrx_word' id='word_1_55' title='bbox 431 681 558 744; x_wconf 90' lang='grc' dir='ltr'>νοῦς</span> <span class='ocrx_word' id='word_1_56' title='bbox 618 680 930 750; x_wconf 83' lang='grc' dir='ltr'>φιλόσοφος,</span> <span class='ocrx_word' id='word_1_57' title='bbox 982 680 1203 752; x_wconf 85' lang='grc' dir='ltr'>πρῶτον</span> <span class='ocrx_word' id='word_1_58' title='bbox 1256 682 1360 753; x_wconf 75' lang='grc' dir='ltr'>μὲν</span> <span class='ocrx_word' id='word_1_59' title='bbox 1409 681 1500 737; x_wconf 86' lang='grc' dir='ltr'><strong>διά</strong></span> <span class='ocrx_word' id='word_1_60' title='bbox 1549 683 1859 752; x_wconf 74' lang='grc' dir='ltr'><strong>μετανοίας</strong></span> 
     </span>
    </p>
   </div>
   <div class='ocr_carea' id='block_1_11' title="bbox 262 767 1846 845">
    <p class='ocr_par' dir='ltr' id='par_1_11' title="bbox 262 767 1846 845">
     <span class='ocr_line' id='line_1_11' title="bbox 262 767 1846 845; baseline 0.001 -22"><span class='ocrx_word' id='word_1_61' title='bbox 262 770 625 841; x_wconf 80' lang='grc' dir='ltr'><strong>σπειρόμενος</strong></span> <span class='ocrx_word' id='word_1_62' title='bbox 649 771 708 822; x_wconf 78' lang='grc' dir='ltr'><strong>έν</strong></span> <span class='ocrx_word' id='word_1_63' title='bbox 740 771 810 839; x_wconf 75' lang='grc' dir='ltr'>τῇ</span> <span class='ocrx_word' id='word_1_64' title='bbox 842 768 1104 840; x_wconf 72' lang='grc' dir='ltr'><strong>συγχύσει</strong></span> <span class='ocrx_word' id='word_1_65' title='bbox 1132 769 1244 825; x_wconf 85' lang='grc' dir='ltr'><strong>τῶν</strong></span> <span class='ocrx_word' id='word_1_66' title='bbox 1290 769 1500 845; x_wconf 80' lang='grc' dir='ltr'>παθῶν,</span> <span class='ocrx_word' id='word_1_67' title='bbox 1532 767 1650 824; x_wconf 74' lang='grc' dir='ltr'>εἶτα</span> <span class='ocrx_word' id='word_1_68' title='bbox 1673 771 1846 840; x_wconf 81' lang='grc' dir='ltr'>φωτί-</span> 
     </span>
    </p>
   </div>
   <div class='ocr_carea' id='block_1_12' title="bbox 263 858 1844 932">
    <p class='ocr_par' dir='ltr' id='par_1_12' title="bbox 263 858 1844 932">
     <span class='ocr_line' id='line_1_12' title="bbox 263 858 1844 932; baseline -0.001 -18"><span class='ocrx_word' id='word_1_69' title='bbox 263 859 398 924; x_wconf 81' lang='grc' dir='ltr'>ζων,</span> <span class='ocrx_word' id='word_1_70' title='bbox 431 859 523 912; x_wconf 71' lang='grc' dir='ltr'><strong>καὶ</strong></span> <span class='ocrx_word' id='word_1_71' title='bbox 558 858 929 914; x_wconf 82' lang='grc' dir='ltr'><strong>ὑποδεικνύων</strong></span> <span class='ocrx_word' id='word_1_72' title='bbox 956 860 1056 932; x_wconf 84' lang='grc' dir='ltr'><strong>τὴν</strong></span> <span class='ocrx_word' id='word_1_73' title='bbox 1084 859 1349 932; x_wconf 70' lang='grc' dir='ltr'>αἰσχύνην</span> <span class='ocrx_word' id='word_1_74' title='bbox 1373 859 1577 915; x_wconf 83' lang='grc' dir='ltr'>αὐτῶν.</span> <span class='ocrx_word' id='word_1_75' title='bbox 1612 861 1844 913; x_wconf 80' lang='grc' dir='ltr'>Ἔπειτα</span> 
     </span>
    </p>
   </div>
   <div class='ocr_carea' id='block_1_13' title="bbox 264 951 1846 1025">
    <p class='ocr_par' dir='ltr' id='par_1_13' title="bbox 264 951 1846 1025">
     <span class='ocr_line' id='line_1_13' title="bbox 264 951 1846 1025; baseline -0.001 -18"><span class='ocrx_word' id='word_1_76' title='bbox 264 951 568 1020; x_wconf 71' lang='grc' dir='ltr'>ἐλευθερῶν</span> <span class='ocrx_word' id='word_1_77' title='bbox 603 953 733 1016; x_wconf 84' lang='grc' dir='ltr'>τοὺς</span> <span class='ocrx_word' id='word_1_78' title='bbox 769 952 1067 1025; x_wconf 80' lang='grc' dir='ltr'>λογισμοὺς</span> <span class='ocrx_word' id='word_1_79' title='bbox 1110 955 1206 1008; x_wconf 79' lang='grc' dir='ltr'>καὶ</span> <span class='ocrx_word' id='word_1_80' title='bbox 1238 952 1340 1025; x_wconf 80' lang='grc' dir='ltr'><strong>τὴν</strong></span> <span class='ocrx_word' id='word_1_81' title='bbox 1373 952 1552 1024; x_wconf 80' lang='grc' dir='ltr'>ψυχὴν</span> <span class='ocrx_word' id='word_1_82' title='bbox 1588 952 1698 1007; x_wconf 78' lang='grc' dir='ltr'>ἀπὸ</span> <span class='ocrx_word' id='word_1_83' title='bbox 1744 955 1846 1024; x_wconf 79' lang='grc' dir='ltr'>τῆς</span> 
     </span>
    </p>
   </div>
   <div class='ocr_carea' id='block_1_14' title="bbox 263 1039 1846 1115">
    <p class='ocr_par' dir='ltr' id='par_1_14' title="bbox 263 1039 1846 1115">
     <span class='ocr_line' id='line_1_14' title="bbox 263 1039 1846 1115; baseline 0.001 -17"><span class='ocrx_word' id='word_1_84' title='bbox 263 1043 520 1114; x_wconf 80' lang='grc' dir='ltr'><strong>τοιαύτης</strong></span> <span class='ocrx_word' id='word_1_85' title='bbox 543 1044 922 1115; x_wconf 71' lang='grc' dir='ltr'><strong>αἰχμαλωσίας</strong></span> <span class='ocrx_word' id='word_1_86' title='bbox 953 1046 1050 1100; x_wconf 81' lang='grc' dir='ltr'>καὶ</span> <span class='ocrx_word' id='word_1_87' title='bbox 1090 1045 1385 1100; x_wconf 77' lang='grc' dir='ltr'><strong>ἀναπαύων</strong></span> <span class='ocrx_word' id='word_1_88' title='bbox 1418 1043 1634 1108; x_wconf 86' lang='grc' dir='ltr'>αὐτούς.</span> <span class='ocrx_word' id='word_1_89' title='bbox 1677 1039 1846 1108; x_wconf 78' lang='grc' dir='ltr'>Οὗτος</span> 
     </span>
    </p>
   </div>
   <div class='ocr_carea' id='block_1_15' title="bbox 262 1135 1847 1210">
    <p class='ocr_par' dir='ltr' id='par_1_15' title="bbox 262 1135 1847 1210">
     <span class='ocr_line' id='line_1_15' title="bbox 262 1135 1847 1210; baseline -0.001 -20"><span class='ocrx_word' id='word_1_90' title='bbox 262 1136 443 1191; x_wconf 78' lang='grc' dir='ltr'><strong>τοίνυν</strong></span> <span class='ocrx_word' id='word_1_91' title='bbox 484 1137 576 1190; x_wconf 81' lang='grc' dir='ltr'>ὅτε</span> <span class='ocrx_word' id='word_1_92' title='bbox 611 1135 808 1210; x_wconf 72' lang='grc' dir='ltr'>ἐξέλθῃ</span> <span class='ocrx_word' id='word_1_93' title='bbox 837 1137 947 1192; x_wconf 78' lang='grc' dir='ltr'><strong>ἀπὸ</strong></span> <span class='ocrx_word' id='word_1_94' title='bbox 973 1136 1069 1192; x_wconf 84' lang='grc' dir='ltr'><strong>τοῦ</strong></span> <span class='ocrx_word' id='word_1_95' title='bbox 1101 1137 1372 1209; x_wconf 84' lang='grc' dir='ltr'>βασιλέως</span> <span class='ocrx_word' id='word_1_96' title='bbox 1419 1137 1670 1206; x_wconf 79' lang='grc' dir='ltr'><strong>Δαρείου,</strong></span> <span class='ocrx_word' id='word_1_97' title='bbox 1703 1135 1847 1203; x_wconf 84' lang='grc' dir='ltr'>λέγω</span> 
     </span>
    </p>
   </div>
   <div class='ocr_carea' id='block_1_16' title="bbox 263 1227 1848 1302">
    <p class='ocr_par' dir='ltr' id='par_1_16' title="bbox 263 1227 1848 1302">
     <span class='ocr_line' id='line_1_16' title="bbox 263 1227 1848 1302; baseline -0.001 -20"><span class='ocrx_word' id='word_1_98' title='bbox 263 1229 330 1301; x_wconf 77' lang='grc' dir='ltr'>δὴ</span> <span class='ocrx_word' id='word_1_99' title='bbox 350 1229 446 1282; x_wconf 86' lang='grc' dir='ltr'><strong>τοῦ</strong></span> <span class='ocrx_word' id='word_1_100' title='bbox 482 1229 720 1298; x_wconf 81' lang='grc' dir='ltr'>φυσικοῦ</span> <span class='ocrx_word' id='word_1_101' title='bbox 750 1231 940 1302; x_wconf 87' lang='grc' dir='ltr'>νόμου,</span> <span class='ocrx_word' id='word_1_102' title='bbox 972 1231 1204 1302; x_wconf 79' lang='grc' dir='ltr'><strong>νικήσας</strong></span> <span class='ocrx_word' id='word_1_103' title='bbox 1244 1231 1376 1301; x_wconf 84' lang='grc' dir='ltr'>παρ’</span> <span class='ocrx_word' id='word_1_104' title='bbox 1403 1227 1593 1295; x_wconf 78' lang='grc' dir='ltr'>αὑτοῦ,</span> <span class='ocrx_word' id='word_1_105' title='bbox 1618 1227 1766 1299; x_wconf 84' lang='grc' dir='ltr'>αῐρει</span> <span class='ocrx_word' id='word_1_106' title='bbox 1785 1227 1848 1280; x_wconf 79' lang='grc' dir='ltr'>τὸ</span> 
     </span>
    </p>
   </div>
   <div class='ocr_carea' id='block_1_17' title="bbox 263 1319 1846 1394">
    <p class='ocr_par' dir='ltr' id='par_1_17' title="bbox 263 1319 1846 1394">
     <span class='ocr_line' id='line_1_17' title="bbox 263 1319 1846 1394; baseline 0.001 -21"><span class='ocrx_word' id='word_1_107' title='bbox 263 1321 558 1392; x_wconf 88' lang='grc' dir='ltr'>πρόσωπον</span> <span class='ocrx_word' id='word_1_108' title='bbox 591 1322 674 1386; x_wconf 83' lang='grc' dir='ltr'><strong>είς</strong></span> <span class='ocrx_word' id='word_1_109' title='bbox 720 1321 813 1376; x_wconf 81' lang='grc' dir='ltr'>τὸν</span> <span class='ocrx_word' id='word_1_110' title='bbox 863 1322 1115 1394; x_wconf 81' lang='grc' dir='ltr'>οὐρανὸν,</span> <span class='ocrx_word' id='word_1_111' title='bbox 1143 1322 1288 1376; x_wconf 76' lang='grc' dir='ltr'>τοῦτ’</span> <span class='ocrx_word' id='word_1_112' title='bbox 1315 1323 1456 1388; x_wconf 80' lang='grc' dir='ltr'>ἐστι,</span> <span class='ocrx_word' id='word_1_113' title='bbox 1481 1320 1582 1392; x_wconf 82' lang='grc' dir='ltr'>τὴν</span> <span class='ocrx_word' id='word_1_114' title='bbox 1605 1319 1846 1374; x_wconf 87' lang='grc' dir='ltr'>διάθεσιν</span> 
     </span>
    </p>
   </div>
   <div class='ocr_carea' id='block_1_18' title="bbox 264 1407 1848 1488">
    <p class='ocr_par' dir='ltr' id='par_1_18' title="bbox 264 1407 1848 1488">
     <span class='ocr_line' id='line_1_18' title="bbox 264 1407 1848 1488; baseline 0.001 -22"><span class='ocrx_word' id='word_1_115' title='bbox 264 1414 362 1483; x_wconf 82' lang='grc' dir='ltr'>τῆς</span> <span class='ocrx_word' id='word_1_116' title='bbox 389 1412 588 1484; x_wconf 76' lang='grc' dir='ltr'>ψυχῆς,</span> <span class='ocrx_word' id='word_1_117' title='bbox 608 1415 668 1468; x_wconf 76' lang='grc' dir='ltr'>ὲν</span> <span class='ocrx_word' id='word_1_118' title='bbox 742 1414 794 1467; x_wconf 76' lang='grc' dir='ltr'>οἱ</span> <span class='ocrx_word' id='word_1_119' title='bbox 821 1415 1168 1487; x_wconf 80' lang='grc' dir='ltr'><strong>χαρακτῆρες</strong></span> <span class='ocrx_word' id='word_1_120' title='bbox 1185 1415 1296 1470; x_wconf 84' lang='grc' dir='ltr'><strong>τῶν</strong></span> <span class='ocrx_word' id='word_1_121' title='bbox 1314 1415 1515 1480; x_wconf 88' lang='grc' dir='ltr'>καλῶν,</span> <span class='ocrx_word' id='word_1_122' title='bbox 1533 1413 1613 1478; x_wconf 84' lang='grc' dir='ltr'><strong>είς</strong></span> <span class='ocrx_word' id='word_1_123' title='bbox 1631 1413 1694 1467; x_wconf 80' lang='grc' dir='ltr'>τὸ</span> <span class='ocrx_word' id='word_1_124' title='bbox 1715 1412 1848 1483; x_wconf 69' lang='grc' dir='ltr'>ὕψος</span> 
     </span>
    </p>
   </div>
   <div class='ocr_carea' id='block_1_19' title="bbox 263 1506 1846 1579">
    <p class='ocr_par' dir='ltr' id='par_1_19' title="bbox 263 1506 1846 1579">
     <span class='ocr_line' id='line_1_19' title="bbox 263 1506 1846 1579; baseline 0.001 -20"><span class='ocrx_word' id='word_1_125' title='bbox 263 1507 365 1579; x_wconf 82' lang='grc' dir='ltr'>τῆς</span> <span class='ocrx_word' id='word_1_126' title='bbox 382 1506 637 1576; x_wconf 84' lang='grc' dir='ltr'>γνώσεως</span> <span class='ocrx_word' id='word_1_127' title='bbox 653 1507 884 1562; x_wconf 72' lang='grc' dir='ltr'>ἐνώπιον</span> <span class='ocrx_word' id='word_1_128' title='bbox 897 1508 1000 1579; x_wconf 79' lang='grc' dir='ltr'>τῆς</span> <span class='ocrx_word' id='word_1_129' title='bbox 1019 1507 1308 1570; x_wconf 79' lang='grc' dir='ltr'><strong>ἀπαθείας.</strong></span> <span class='ocrx_word' id='word_1_130' title='bbox 1327 1508 1426 1562; x_wconf 80' lang='grc' dir='ltr'>Διά</span> <span class='ocrx_word' id='word_1_131' title='bbox 1445 1507 1554 1578; x_wconf 81' lang='grc' dir='ltr'><strong>γὰρ</strong></span> <span class='ocrx_word' id='word_1_132' title='bbox 1571 1507 1674 1578; x_wconf 80' lang='grc' dir='ltr'>τῆς</span> <span class='ocrx_word' id='word_1_133' title='bbox 1697 1507 1846 1561; x_wconf 82' lang='grc' dir='ltr'>ἀπα·-</span> 
     </span>
    </p>
   </div>
   <div class='ocr_carea' id='block_1_20' title="bbox 267 1598 1847 1670">
    <p class='ocr_par' dir='ltr' id='par_1_20' title="bbox 267 1598 1847 1670">
     <span class='ocr_line' id='line_1_20' title="bbox 267 1598 1847 1670; baseline -0.001 -18"><span class='ocrx_word' id='word_1_134' title='bbox 267 1599 422 1663; x_wconf 85' lang='grc' dir='ltr'>θείας</span> <span class='ocrx_word' id='word_1_135' title='bbox 448 1602 527 1664; x_wconf 79' lang='grc' dir='ltr'><strong>εἰς</strong></span> <span class='ocrx_word' id='word_1_136' title='bbox 557 1601 620 1654; x_wconf 82' lang='grc' dir='ltr'>τὸ</span> <span class='ocrx_word' id='word_1_137' title='bbox 656 1599 790 1670; x_wconf 68' lang='grc' dir='ltr'>ὕψος</span> <span class='ocrx_word' id='word_1_138' title='bbox 817 1601 919 1670; x_wconf 85' lang='grc' dir='ltr'>τῆς</span> <span class='ocrx_word' id='word_1_139' title='bbox 951 1600 1211 1669; x_wconf 82' lang='grc' dir='ltr'>γνώσεως</span> <span class='ocrx_word' id='word_1_140' title='bbox 1263 1598 1630 1664; x_wconf 87' lang='grc' dir='ltr'>ἀνατείνεται,</span> <span class='ocrx_word' id='word_1_141' title='bbox 1665 1598 1847 1670; x_wconf 81' lang='grc' dir='ltr'><strong>ζητῶν</strong></span> 
     </span>
    </p>
   </div>
   <div class='ocr_carea' id='block_1_21' title="bbox 266 1689 1845 1762">
    <p class='ocr_par' dir='ltr' id='par_1_21' title="bbox 266 1689 1845 1762">
     <span class='ocr_line' id='line_1_21' title="bbox 266 1689 1845 1762; baseline -0.001 -18"><span class='ocrx_word' id='word_1_142' title='bbox 266 1692 359 1745; x_wconf 80' lang='grc' dir='ltr'><strong>τὸν</strong></span> <span class='ocrx_word' id='word_1_143' title='bbox 385 1691 590 1762; x_wconf 81' lang='grc' dir='ltr'><strong>δοτῆρα</strong></span> <span class='ocrx_word' id='word_1_144' title='bbox 621 1690 725 1760; x_wconf 78' lang='grc' dir='ltr'>τῆς</span> <span class='ocrx_word' id='word_1_145' title='bbox 767 1690 947 1760; x_wconf 85' lang='grc' dir='ltr'>νίκης.</span> <span class='ocrx_word' id='word_1_146' title='bbox 993 1689 1355 1762; x_wconf 81' lang='grc' dir='ltr'>Ἰερουσαλὴμ</span> <span class='ocrx_word' id='word_1_147' title='bbox 1383 1690 1493 1761; x_wconf 82' lang='grc' dir='ltr'><strong>γὰρ</strong></span> <span class='ocrx_word' id='word_1_148' title='bbox 1518 1689 1734 1758; x_wconf 72' lang='grc' dir='ltr'><strong>ὅρασιν⁵</strong></span> <span class='ocrx_word' id='word_1_149' title='bbox 1762 1692 1845 1742; x_wconf 78' lang='grc' dir='ltr'><strong>εὶ-</strong></span> 
     </span>
    </p>
   </div>
   <div class='ocr_carea' id='block_1_22' title="bbox 1942 677 3520 756">
    <p class='ocr_par' dir='ltr' id='par_1_22' title="bbox 1942 677 3520 756">
     <span class='ocr_line' id='line_1_22' title="bbox 1942 677 3520 756; baseline -0.006 -17"><span class='ocrx_word' id='word_1_150' title='bbox 1942 700 2100 741; x_wconf 87' lang='lat' dir='ltr'><strong>mens</strong></span> <span class='ocrx_word' id='word_1_151' title='bbox 2131 686 2478 756; x_wconf 87' lang='lat' dir='ltr'><strong>philosopha,</strong></span> <span class='ocrx_word' id='word_1_152' title='bbox 2515 685 2754 756; x_wconf 89' lang='lat' dir='ltr'><strong>primum</strong></span> <span class='ocrx_word' id='word_1_153' title='bbox 2797 681 3019 752; x_wconf 87' lang='lat' dir='ltr'><strong>quidem</strong></span> <span class='ocrx_word' id='word_1_154' title='bbox 3055 695 3176 750; x_wconf 63' lang='lat' dir='ltr'><strong>qua:</strong></span> <span class='ocrx_word' id='word_1_155' title='bbox 3209 693 3307 748; x_wconf 90' lang='lat' dir='ltr'><strong>per</strong></span> <span class='ocrx_word' id='word_1_156' title='bbox 3339 677 3520 747; x_wconf 64' lang='lat' dir='ltr'><strong>peni-</strong></span> 
     </span>
    </p>
   </div>
   <div class='ocr_carea' id='block_1_23' title="bbox 1944 771 3520 838">
    <p class='ocr_par' dir='ltr' id='par_1_23' title="bbox 1944 771 3520 838">
     <span class='ocr_line' id='line_1_23' title="bbox 1944 771 3520 838; baseline -0.007 -5"><span class='ocrx_word' id='word_1_157' title='bbox 1944 779 2174 833; x_wconf 83' lang='lat' dir='ltr'><strong>tentiam</strong></span> <span class='ocrx_word' id='word_1_158' title='bbox 2206 779 2508 833; x_wconf 85' lang='lat' dir='ltr'><strong>seminatur</strong></span> <span class='ocrx_word' id='word_1_159' title='bbox 2536 777 2590 832; x_wconf 90' lang='lat' dir='ltr'><strong>in</strong></span> <span class='ocrx_word' id='word_1_160' title='bbox 2623 774 2944 830; x_wconf 78' lang='lat' dir='ltr'><strong>confusione</strong></span> <span class='ocrx_word' id='word_1_161' title='bbox 2975 771 3272 826; x_wconf 85' lang='lat' dir='ltr'><strong>affectuum</strong></span> <span class='ocrx_word' id='word_1_162' title='bbox 3302 779 3359 824; x_wconf 90' lang='lat' dir='ltr'><strong>et</strong></span> <span class='ocrx_word' id='word_1_163' title='bbox 3391 783 3520 838; x_wconf 90' lang='lat' dir='ltr'><strong>per-</strong></span> 
     </span>
    </p>
   </div>
   <div class='ocr_carea' id='block_1_24' title="bbox 1943 860 3522 923">
    <p class='ocr_par' dir='ltr' id='par_1_24' title="bbox 1943 860 3522 923">
     <span class='ocr_line' id='line_1_24' title="bbox 1943 860 3522 923; baseline -0.008 0"><span class='ocrx_word' id='word_1_164' title='bbox 1943 868 2323 923; x_wconf 86' lang='lat' dir='ltr'><strong>turbationum</strong></span> <span class='ocrx_word' id='word_1_165' title='bbox 2351 884 2365 921; x_wconf 90' lang='lat'>:</span> <span class='ocrx_word' id='word_1_166' title='bbox 2391 866 2590 922; x_wconf 90' lang='lat' dir='ltr'><strong>deinde</strong></span> <span class='ocrx_word' id='word_1_167' title='bbox 2611 864 2928 919; x_wconf 88' lang='lat' dir='ltr'><strong>illuminans</strong></span> <span class='ocrx_word' id='word_1_168' title='bbox 2959 870 3016 916; x_wconf 92' lang='lat' dir='ltr'><strong>et</strong></span> <span class='ocrx_word' id='word_1_169' title='bbox 3051 860 3300 915; x_wconf 89' lang='lat' dir='ltr'><strong>indicans</strong></span> <span class='ocrx_word' id='word_1_170' title='bbox 3329 872 3522 914; x_wconf 87' lang='lat' dir='ltr'><strong>eorum</strong></span> 
     </span>
    </p>
   </div>
   <div class='ocr_carea' id='block_1_25' title="bbox 1942 955 3522 1031">
    <p class='ocr_par' dir='ltr' id='par_1_25' title="bbox 1942 955 3522 1031">
     <span class='ocr_line' id='line_1_25' title="bbox 1942 955 3522 1031; baseline -0.005 -15"><span class='ocrx_word' id='word_1_171' title='bbox 1942 961 2246 1031; x_wconf 86' lang='lat' dir='ltr'><strong>pudorem:</strong></span> <span class='ocrx_word' id='word_1_172' title='bbox 2285 961 2525 1030; x_wconf 86' lang='lat' dir='ltr'><strong>denique</strong></span> <span class='ocrx_word' id='word_1_173' title='bbox 2557 959 2802 1015; x_wconf 91' lang='lat' dir='ltr'><strong>liberans</strong></span> <span class='ocrx_word' id='word_1_174' title='bbox 2823 956 3183 1028; x_wconf 83' lang='lat' dir='ltr'><strong>cogitationes</strong></span> <span class='ocrx_word' id='word_1_175' title='bbox 3206 963 3261 1010; x_wconf 90' lang='lat' dir='ltr'><strong>et</strong></span> <span class='ocrx_word' id='word_1_176' title='bbox 3282 955 3522 1009; x_wconf 89' lang='lat' dir='ltr'><strong>animam</strong></span> 
     </span>
    </p>
   </div>
   <div class='ocr_carea' id='block_1_26' title="bbox 1943 1045 3528 1120">
    <p class='ocr_par' dir='ltr' id='par_1_26' title="bbox 1943 1045 3528 1120">
     <span class='ocr_line' id='line_1_26' title="bbox 1943 1045 3528 1120; baseline -0.002 -17"><span class='ocrx_word' id='word_1_177' title='bbox 1943 1050 2014 1103; x_wconf 90' lang='lat' dir='ltr'><strong>ab</strong></span> <span class='ocrx_word' id='word_1_178' title='bbox 2048 1049 2317 1120; x_wconf 88' lang='lat' dir='ltr'><strong>ejusmodi</strong></span> <span class='ocrx_word' id='word_1_179' title='bbox 2351 1049 2668 1118; x_wconf 85' lang='lat' dir='ltr'><strong>captivitate</strong></span> <span class='ocrx_word' id='word_1_180' title='bbox 2701 1056 2757 1103; x_wconf 91' lang='lat' dir='ltr'><strong>et</strong></span> <span class='ocrx_word' id='word_1_181' title='bbox 2783 1049 3072 1112; x_wconf 81' lang='lat' dir='ltr'><strong>servitute,</strong></span> <span class='ocrx_word' id='word_1_182' title='bbox 3098 1054 3153 1100; x_wconf 85' lang='lat' dir='ltr'><strong>et</strong></span> <span class='ocrx_word' id='word_1_183' title='bbox 3183 1061 3278 1101; x_wconf 88' lang='lat' dir='ltr'><strong>eos</strong></span> <span class='ocrx_word' id='word_1_184' title='bbox 3303 1045 3528 1101; x_wconf 77' lang='lat' dir='ltr'><strong>tradens</strong></span> 
     </span>
    </p>
   </div>
   <div class='ocr_carea' id='block_1_27' title="bbox 1944 1136 3523 1208">
    <p class='ocr_par' dir='ltr' id='par_1_27' title="bbox 1944 1136 3523 1208">
     <span class='ocr_line' id='line_1_27' title="bbox 1944 1136 3523 1208; baseline -0.001 -16"><span class='ocrx_word' id='word_1_185' title='bbox 1944 1139 2140 1208; x_wconf 86' lang='lat' dir='ltr'><strong>quieti.</strong></span> <span class='ocrx_word' id='word_1_186' title='bbox 2168 1139 2269 1192; x_wconf 83' lang='lat' dir='ltr'><strong>Hic</strong></span> <span class='ocrx_word' id='word_1_187' title='bbox 2297 1154 2430 1208; x_wconf 87' lang='lat' dir='ltr'><strong>ergo</strong></span> <span class='ocrx_word' id='word_1_188' title='bbox 2465 1154 2590 1193; x_wconf 91' lang='lat' dir='ltr'><strong>cum</strong></span> <span class='ocrx_word' id='word_1_189' title='bbox 2621 1139 2881 1193; x_wconf 77' lang='lat' dir='ltr'><strong>exivisset</strong></span> <span class='ocrx_word' id='word_1_190' title='bbox 2909 1153 2939 1192; x_wconf 90' lang='lat' dir='ltr'><strong>a</strong></span> <span class='ocrx_word' id='word_1_191' title='bbox 2968 1153 3093 1208; x_wconf 87' lang='lat' dir='ltr'><strong>rege</strong></span> <span class='ocrx_word' id='word_1_192' title='bbox 3115 1137 3299 1202; x_wconf 87' lang='lat' dir='ltr'><strong>Dario,</strong></span> <span class='ocrx_word' id='word_1_193' title='bbox 3327 1153 3358 1190; x_wconf 89' lang='lat' dir='ltr'><strong>a</strong></span> <span class='ocrx_word' id='word_1_194' title='bbox 3383 1136 3523 1207; x_wconf 88' lang='lat' dir='ltr'><strong>lege,</strong></span> 
     </span>
    </p>
   </div>
   <div class='ocr_carea' id='block_1_28' title="bbox 1945 1230 3522 1300">
    <p class='ocr_par' dir='ltr' id='par_1_28' title="bbox 1945 1230 3522 1300">
     <span class='ocr_line' id='line_1_28' title="bbox 1945 1230 3522 1300; baseline 0.001 -17"><span class='ocrx_word' id='word_1_195' title='bbox 1945 1230 2205 1300; x_wconf 88' lang='lat' dir='ltr'><strong>inquam,</strong></span> <span class='ocrx_word' id='word_1_196' title='bbox 2243 1232 2513 1297; x_wconf 87' lang='lat' dir='ltr'><strong>naturali,</strong></span> <span class='ocrx_word' id='word_1_197' title='bbox 2549 1231 2836 1286; x_wconf 80' lang='lat' dir='ltr'><strong>victoriam</strong></span> <span class='ocrx_word' id='word_1_198' title='bbox 2886 1231 2954 1284; x_wconf 91' lang='lat' dir='ltr'><strong>ab</strong></span> <span class='ocrx_word' id='word_1_199' title='bbox 3002 1231 3117 1299; x_wconf 88' lang='lat' dir='ltr'><strong>ipsa</strong></span> <span class='ocrx_word' id='word_1_200' title='bbox 3159 1237 3522 1294; x_wconf 90' lang='lat' dir='ltr'><strong>consecutus,</strong></span> 
     </span>
    </p>
   </div>
   <div class='ocr_carea' id='block_1_29' title="bbox 1949 1319 3522 1386">
    <p class='ocr_par' dir='ltr' id='par_1_29' title="bbox 1949 1319 3522 1386">
     <span class='ocr_line' id='line_1_29' title="bbox 1949 1319 3522 1386; baseline -0.002 -11"><span class='ocrx_word' id='word_1_201' title='bbox 1949 1321 2090 1375; x_wconf 91' lang='lat' dir='ltr'><strong>tollit</strong></span> <span class='ocrx_word' id='word_1_202' title='bbox 2110 1322 2323 1376; x_wconf 84' lang='lat' dir='ltr'><strong>vultum</strong></span> <span class='ocrx_word' id='word_1_203' title='bbox 2352 1325 2407 1375; x_wconf 89' lang='lat' dir='ltr'><strong>in</strong></span> <span class='ocrx_word' id='word_1_204' title='bbox 2430 1323 2653 1386; x_wconf 66' lang='lat' dir='ltr'><strong>coelum,</strong></span> <span class='ocrx_word' id='word_1_205' title='bbox 2682 1321 2786 1375; x_wconf 91' lang='lat' dir='ltr'><strong>hoc</strong></span> <span class='ocrx_word' id='word_1_206' title='bbox 2805 1328 2908 1383; x_wconf 90' lang='lat' dir='ltr'><strong>est,</strong></span> <span class='ocrx_word' id='word_1_207' title='bbox 2936 1319 3130 1374; x_wconf 80' lang='lat' dir='ltr'><strong>anima:</strong></span> <span class='ocrx_word' id='word_1_208' title='bbox 3154 1319 3522 1380; x_wconf 77' lang='lat' dir='ltr'><strong>affectionem.</strong></span> 
     </span>
    </p>
   </div>
   <div class='ocr_carea' id='block_1_30' title="bbox 1945 1410 3527 1482">
    <p class='ocr_par' dir='ltr' id='par_1_30' title="bbox 1945 1410 3527 1482">
     <span class='ocr_line' id='line_1_30' title="bbox 1945 1410 3527 1482; baseline -0.001 -16"><span class='ocrx_word' id='word_1_209' title='bbox 1945 1413 2004 1466; x_wconf 84' lang='lat' dir='ltr'><strong>in</strong></span> <span class='ocrx_word' id='word_1_210' title='bbox 2038 1428 2146 1482; x_wconf 83' lang='lat' dir='ltr'><strong>qua</strong></span> <span class='ocrx_word' id='word_1_211' title='bbox 2179 1421 2307 1467; x_wconf 86' lang='lat' dir='ltr'><strong>sunt</strong></span> <span class='ocrx_word' id='word_1_212' title='bbox 2341 1413 2687 1468; x_wconf 86' lang='lat' dir='ltr'><strong>characteres</strong></span> <span class='ocrx_word' id='word_1_213' title='bbox 2737 1411 3029 1476; x_wconf 88' lang='lat' dir='ltr'><strong>bonorum,</strong></span> <span class='ocrx_word' id='word_1_214' title='bbox 3069 1411 3126 1464; x_wconf 90' lang='lat' dir='ltr'><strong>in</strong></span> <span class='ocrx_word' id='word_1_215' title='bbox 3178 1410 3527 1464; x_wconf 87' lang='lat' dir='ltr'><strong>altitudinem</strong></span> 
     </span>
    </p>
   </div>
   <div class='ocr_carea' id='block_1_31' title="bbox 1945 1503 3529 1576">
    <p class='ocr_par' dir='ltr' id='par_1_31' title="bbox 1945 1503 3529 1576">
     <span class='ocr_line' id='line_1_31' title="bbox 1945 1503 3529 1576; baseline -0.002 -16"><span class='ocrx_word' id='word_1_216' title='bbox 1945 1505 2296 1576; x_wconf 83' lang='lat' dir='ltr'><strong>cognitionis,</strong></span> <span class='ocrx_word' id='word_1_217' title='bbox 2329 1520 2513 1560; x_wconf 91' lang='lat' dir='ltr'><strong>coram</strong></span> <span class='ocrx_word' id='word_1_218' title='bbox 2549 1505 2976 1574; x_wconf 88' lang='lat' dir='ltr'><strong>impatibilitate.</strong></span> <span class='ocrx_word' id='word_1_219' title='bbox 3013 1503 3147 1558; x_wconf 86' lang='lat' dir='ltr'><strong>Nam</strong></span> <span class='ocrx_word' id='word_1_220' title='bbox 3178 1519 3278 1574; x_wconf 91' lang='lat' dir='ltr'><strong>per</strong></span> <span class='ocrx_word' id='word_1_221' title='bbox 3310 1504 3529 1574; x_wconf 91' lang='lat' dir='ltr'><strong>impati-</strong></span> 
     </span>
    </p>
   </div>
   <div class='ocr_carea' id='block_1_32' title="bbox 1948 1595 3524 1665">
    <p class='ocr_par' dir='ltr' id='par_1_32' title="bbox 1948 1595 3524 1665">
     <span class='ocr_line' id='line_1_32' title="bbox 1948 1595 3524 1665; baseline -0.002 -14"><span class='ocrx_word' id='word_1_222' title='bbox 1948 1597 2218 1651; x_wconf 90' lang='lat' dir='ltr'><strong>bilitatem</strong></span> <span class='ocrx_word' id='word_1_223' title='bbox 2272 1597 2592 1652; x_wconf 85' lang='lat' dir='ltr'><strong>extenditur</strong></span> <span class='ocrx_word' id='word_1_224' title='bbox 2644 1598 2698 1651; x_wconf 93' lang='lat' dir='ltr'><strong>in</strong></span> <span class='ocrx_word' id='word_1_225' title='bbox 2757 1595 3105 1650; x_wconf 88' lang='lat' dir='ltr'><strong>altitudinem</strong></span> <span class='ocrx_word' id='word_1_226' title='bbox 3163 1595 3524 1665; x_wconf 85' lang='lat' dir='ltr'><strong>cognitionis,</strong></span> 
     </span>
    </p>
   </div>
   <div class='ocr_carea' id='block_1_33' title="bbox 1947 1687 3525 1760">
    <p class='ocr_par' dir='ltr' id='par_1_33' title="bbox 1947 1687 3525 1760">
     <span class='ocr_line' id='line_1_33' title="bbox 1947 1687 3525 1760; baseline -0.001 -17"><span class='ocrx_word' id='word_1_227' title='bbox 1947 1705 2199 1760; x_wconf 63' lang='lat' dir='ltr'><strong>quaerens</strong></span> <span class='ocrx_word' id='word_1_228' title='bbox 2237 1688 2486 1744; x_wconf 84' lang='lat' dir='ltr'><strong>datorem</strong></span> <span class='ocrx_word' id='word_1_229' title='bbox 2531 1689 2794 1744; x_wconf 63' lang='lat' dir='ltr'><strong>victor-iw.</strong></span> <span class='ocrx_word' id='word_1_230' title='bbox 2838 1689 3138 1743; x_wconf 83' lang='lat' dir='ltr'><strong>Jerusalem</strong></span> <span class='ocrx_word' id='word_1_231' title='bbox 3170 1689 3316 1743; x_wconf 91' lang='lat' dir='ltr'><strong>enim</strong></span> <span class='ocrx_word' id='word_1_232' title='bbox 3353 1687 3525 1743; x_wconf 88' lang='lat' dir='ltr'><strong>inter-</strong></span> 
     </span>
    </p>
   </div>
   <div class='ocr_carea' id='block_1_34' title="bbox 262 1772 1856 1856">
    <p class='ocr_par' dir='ltr' id='par_1_34' title="bbox 262 1778 1848 1856">
     <span class='ocr_line' id='line_1_34' title="bbox 262 1778 1848 1856; baseline -0.001 -19"><span class='ocrx_word' id='word_1_233' title='bbox 262 1785 458 1854; x_wconf 80' lang='grc' dir='ltr'>ρήνης</span> <span class='ocrx_word' id='word_1_234' title='bbox 508 1783 823 1856; x_wconf 82' lang='grc' dir='ltr'>έρμηνεύει.</span> <span class='ocrx_word' id='word_1_235' title='bbox 869 1783 1047 1854; x_wconf 84' lang='grc' dir='ltr'>Νίκην</span> <span class='ocrx_word' id='word_1_236' title='bbox 1097 1783 1198 1854; x_wconf 83' lang='grc' dir='ltr'>μὲν</span> <span class='ocrx_word' id='word_1_237' title='bbox 1239 1778 1335 1836; x_wconf 80' lang='grc' dir='ltr'><strong>οὖν</strong></span> <span class='ocrx_word' id='word_1_238' title='bbox 1389 1782 1540 1851; x_wconf 81' lang='grc' dir='ltr'>λέγει</span> <span class='ocrx_word' id='word_1_239' title='bbox 1590 1782 1653 1836; x_wconf 83' lang='grc' dir='ltr'>τὸ</span> <span class='ocrx_word' id='word_1_240' title='bbox 1702 1781 1848 1836; x_wconf 89' lang='grc' dir='ltr'><strong>κατά</strong></span> 
     </span>
    </p>
   </div>
   <div class='ocr_carea' id='block_1_35' title="bbox 1957 1772 3529 1856">
    <p class='ocr_par' dir='ltr' id='par_1_35' title="bbox 1957 1779 3529 1852">
     <span class='ocr_line' id='line_1_35' title="bbox 1957 1779 3529 1852; baseline -0.002 -16"><span class='ocrx_word' id='word_1_241' title='bbox 1957 1790 2198 1852; x_wconf 85' lang='lat' dir='ltr'><strong>pretatur</strong></span> <span class='ocrx_word' id='word_1_242' title='bbox 2233 1782 2364 1834; x_wconf 74' lang='lat' dir='ltr'><strong>uisio</strong></span> <span class='ocrx_word' id='word_1_243' title='bbox 2396 1781 2558 1851; x_wconf 76' lang='lat' dir='ltr'><strong>pacis.</strong></span> <span class='ocrx_word' id='word_1_244' title='bbox 2589 1779 2767 1849; x_wconf 75' lang='lat' dir='ltr'><strong>Atque</strong></span> <span class='ocrx_word' id='word_1_245' title='bbox 2790 1780 3076 1834; x_wconf 85' lang='lat' dir='ltr'><strong>victoriam</strong></span> <span class='ocrx_word' id='word_1_246' title='bbox 3102 1779 3324 1850; x_wconf 89' lang='lat' dir='ltr'><strong>quidem</strong></span> <span class='ocrx_word' id='word_1_247' title='bbox 3369 1787 3529 1834; x_wconf 88' lang='lat' dir='ltr'><strong>vocat</strong></span> 
     </span>
    </p>
   </div>
   <div class='ocr_carea' id='block_1_36' title="bbox 265 1875 1848 1948">
    <p class='ocr_par' dir='ltr' id='par_1_36' title="bbox 265 1875 1848 1948">
     <span class='ocr_line' id='line_1_36' title="bbox 265 1875 1848 1948; baseline -0.002 -16"><span class='ocrx_word' id='word_1_248' title='bbox 265 1878 376 1932; x_wconf 83' lang='grc' dir='ltr'><strong>τῶν</strong></span> <span class='ocrx_word' id='word_1_249' title='bbox 420 1877 608 1931; x_wconf 88' lang='grc' dir='ltr'>παθῶν</span> <span class='ocrx_word' id='word_1_250' title='bbox 660 1877 860 1948; x_wconf 88' lang='grc' dir='ltr'>κράτος</span> <span class='ocrx_word' id='word_1_251' title='bbox 900 1877 1002 1948; x_wconf 84' lang='grc' dir='ltr'>τῆς</span> <span class='ocrx_word' id='word_1_252' title='bbox 1033 1876 1377 1947; x_wconf 82' lang='grc' dir='ltr'>πρακτικῆς’</span> <span class='ocrx_word' id='word_1_253' title='bbox 1408 1875 1601 1946; x_wconf 81' lang='grc' dir='ltr'>σοφίαν</span> <span class='ocrx_word' id='word_1_254' title='bbox 1644 1875 1722 1940; x_wconf 82' lang='grc' dir='ltr'>δὲ,</span> <span class='ocrx_word' id='word_1_255' title='bbox 1745 1876 1848 1946; x_wconf 85' lang='grc' dir='ltr'>τὴν</span> 
     </span>
    </p>
   </div>
   <div class='ocr_carea' id='block_1_37' title="bbox 267 1967 1848 2041">
    <p class='ocr_par' dir='ltr' id='par_1_37' title="bbox 267 1967 1848 2041">
     <span class='ocr_line' id='line_1_37' title="bbox 267 1967 1848 2041; baseline -0.001 -19"><span class='ocrx_word' id='word_1_256' title='bbox 267 1967 355 2022; x_wconf 85' lang='grc' dir='ltr'><strong>διά</strong></span> <span class='ocrx_word' id='word_1_257' title='bbox 387 1969 486 2040; x_wconf 85' lang='grc' dir='ltr'><strong>τῆς</strong></span> <span class='ocrx_word' id='word_1_258' title='bbox 524 1969 869 2041; x_wconf 86' lang='grc' dir='ltr'>θεωρητικῆς</span> <span class='ocrx_word' id='word_1_259' title='bbox 920 1968 1128 2039; x_wconf 88' lang='grc' dir='ltr'>γνῶσιν</span> <span class='ocrx_word' id='word_1_260' title='bbox 1157 1971 1259 2040; x_wconf 74' lang='grc' dir='ltr'><strong>τῇς</strong></span> <span class='ocrx_word' id='word_1_261' title='bbox 1287 1967 1566 2040; x_wconf 81' lang='grc' dir='ltr'>ἀληθείας.</span> <span class='ocrx_word' id='word_1_262' title='bbox 1594 1968 1764 2032; x_wconf 76' lang='grc' dir='ltr'>Δόξαν</span> <span class='ocrx_word' id='word_1_263' title='bbox 1789 1967 1848 2020; x_wconf 79' lang='grc' dir='ltr'>δὲ</span> 
     </span>
    </p>
   </div>
   <div class='ocr_carea' id='block_1_38' title="bbox 267 2059 1846 2132">
    <p class='ocr_par' dir='ltr' id='par_1_38' title="bbox 267 2059 1846 2132">
     <span class='ocr_line' id='line_1_38' title="bbox 267 2059 1846 2132; baseline 0 -19"><span class='ocrx_word' id='word_1_264' title='bbox 267 2060 366 2131; x_wconf 79' lang='grc' dir='ltr'>τὴν</span> <span class='ocrx_word' id='word_1_265' title='bbox 407 2059 469 2124; x_wconf 75' lang='grc' dir='ltr'><strong>ἐξ</strong></span> <span class='ocrx_word' id='word_1_266' title='bbox 527 2061 858 2132; x_wconf 73' lang='grc' dir='ltr'>ἀμφοτέρων</span> <span class='ocrx_word' id='word_1_267' title='bbox 935 2060 1251 2132; x_wconf 81' lang='grc' dir='ltr'>ὡραιότητα</span> <span class='ocrx_word' id='word_1_268' title='bbox 1307 2061 1404 2115; x_wconf 79' lang='grc' dir='ltr'>καὶ</span> <span class='ocrx_word' id='word_1_269' title='bbox 1466 2059 1846 2131; x_wconf 85' lang='grc' dir='ltr'>λαμπρότητα.</span> 
     </span>
    </p>
   </div>
   <div class='ocr_carea' id='block_1_39' title="bbox 280 2146 1850 2225">
    <p class='ocr_par' dir='ltr' id='par_1_39' title="bbox 280 2146 1850 2225">
     <span class='ocr_line' id='line_1_39' title="bbox 280 2146 1850 2225; baseline 0 -21"><span class='ocrx_word' id='word_1_270' title='bbox 280 2151 596 2223; x_wconf 79' lang='grc' dir='ltr'>Ἐνούμεναι</span> <span class='ocrx_word' id='word_1_271' title='bbox 637 2151 746 2223; x_wconf 81' lang='grc' dir='ltr'>γὰρ</span> <span class='ocrx_word' id='word_1_272' title='bbox 794 2152 924 2225; x_wconf 86' lang='grc' dir='ltr'>μίαν</span> <span class='ocrx_word' id='word_1_273' title='bbox 964 2154 1438 2225; x_wconf 82' lang='grc' dir='ltr'>ἀναστράπτουσιν</span> <span class='ocrx_word' id='word_1_274' title='bbox 1468 2151 1684 2224; x_wconf 76' lang='grc' dir='ltr'>αἴγλην.</span> <span class='ocrx_word' id='word_1_275' title='bbox 1715 2146 1850 2204; x_wconf 84' lang='grc' dir='ltr'>Εἶτα</span> 
     </span>
    </p>
   </div>
   <div class='ocr_carea' id='block_1_40' title="bbox 215 2233 1848 2318">
    <p class='ocr_par' dir='ltr' id='par_1_40' title="bbox 215 2233 1848 2318">
     <span class='ocr_line' id='line_1_40' title="bbox 215 2233 1848 2318; baseline -0.002 -19"><span class='ocrx_word' id='word_1_276' title='bbox 215 2233 224 2238; x_wconf 56' lang='grc'><strong>’</strong></span> <span class='ocrx_word' id='word_1_277' title='bbox 270 2247 650 2318; x_wconf 81' lang='grc' dir='ltr'>προστήρησον</span> <span class='ocrx_word' id='word_1_278' title='bbox 669 2261 682 2274; x_wconf 85' lang='lat'><strong><em>°</em></strong></span> <span class='ocrx_word' id='word_1_279' title='bbox 719 2245 802 2300; x_wconf 84' lang='grc' dir='ltr'>ὃτι</span> <span class='ocrx_word' id='word_1_280' title='bbox 829 2245 940 2300; x_wconf 75' lang='lat' dir='ltr'><strong>Kal</strong></span> <span class='ocrx_word' id='word_1_281' title='bbox 967 2244 1080 2315; x_wconf 76' lang='grc' dir='ltr'><strong>ἐγὼ</strong></span> <span class='ocrx_word' id='word_1_282' title='bbox 1105 2246 1197 2309; x_wconf 82' lang='grc' dir='ltr'>σὸς</span> <span class='ocrx_word' id='word_1_283' title='bbox 1227 2245 1468 2316; x_wconf 78' lang='grc' dir='ltr'>οἰκέτης.</span> <span class='ocrx_word' id='word_1_284' title='bbox 1499 2245 1600 2298; x_wconf 87' lang='grc' dir='ltr'>Διά</span> <span class='ocrx_word' id='word_1_285' title='bbox 1615 2243 1738 2316; x_wconf 17' lang='grc' dir='ltr'><strong>γάρ,</strong></span> <span class='ocrx_word' id='word_1_286' title='bbox 1755 2243 1848 2297; x_wconf 86' lang='grc' dir='ltr'><strong>τοῦ</strong></span> 
     </span>
    </p>
   </div>
   <div class='ocr_carea' id='block_1_41' title="bbox 268 2338 1850 2411">
    <p class='ocr_par' dir='ltr' id='par_1_41' title="bbox 268 2338 1850 2411">
     <span class='ocr_line' id='line_1_41' title="bbox 268 2338 1850 2411; baseline 0 -19"><span class='ocrx_word' id='word_1_287' title='bbox 268 2339 512 2392; x_wconf 86' lang='grc' dir='ltr'>τοιούτου</span> <span class='ocrx_word' id='word_1_288' title='bbox 561 2338 700 2407; x_wconf 81' lang='grc' dir='ltr'>νοὸς,</span> <span class='ocrx_word' id='word_1_289' title='bbox 748 2338 825 2404; x_wconf 79' lang='grc' dir='ltr'><strong>ῶς</strong></span> <span class='ocrx_word' id='word_1_290' title='bbox 865 2339 933 2393; x_wconf 87' lang='grc' dir='ltr'><strong>δι’</strong></span> <span class='ocrx_word' id='word_1_291' title='bbox 977 2339 1380 2411; x_wconf 76' lang='grc' dir='ltr'>ὑπηρετοῦντος</span> <span class='ocrx_word' id='word_1_292' title='bbox 1432 2338 1691 2410; x_wconf 83' lang='grc' dir='ltr'>ὀργάνου,</span> <span class='ocrx_word' id='word_1_293' title='bbox 1751 2338 1850 2410; x_wconf 81' lang='grc' dir='ltr'>τὴν</span> 
     </span>
    </p>
   </div>
   <div class='ocr_carea' id='block_1_42' title="bbox 270 2430 1848 2504">
    <p class='ocr_par' dir='ltr' id='par_1_42' title="bbox 270 2430 1848 2504">
     <span class='ocr_line' id='line_1_42' title="bbox 270 2430 1848 2504; baseline -0.002 -17"><span class='ocrx_word' id='word_1_294' title='bbox 270 2432 472 2502; x_wconf 79' lang='grc' dir='ltr'>ἀρετὴν</span> <span class='ocrx_word' id='word_1_295' title='bbox 511 2431 607 2484; x_wconf 80' lang='grc' dir='ltr'>καὶ</span> <span class='ocrx_word' id='word_1_296' title='bbox 656 2430 756 2502; x_wconf 82' lang='grc' dir='ltr'><strong>τὴν</strong></span> <span class='ocrx_word' id='word_1_297' title='bbox 793 2430 996 2500; x_wconf 89' lang='grc' dir='ltr'>γνῶσιν</span> <span class='ocrx_word' id='word_1_298' title='bbox 1037 2432 1098 2486; x_wconf 84' lang='grc' dir='ltr'><strong>ὲν</strong></span> <span class='ocrx_word' id='word_1_299' title='bbox 1141 2431 1220 2504; x_wconf 85' lang='grc' dir='ltr'><strong>τῷ</strong></span> <span class='ocrx_word' id='word_1_300' title='bbox 1267 2431 1542 2504; x_wconf 81' lang='grc' dir='ltr'>ἀνθρώπῳ</span> <span class='ocrx_word' id='word_1_301' title='bbox 1589 2432 1848 2500; x_wconf 74' lang='grc' dir='ltr'>ἐπιτελεῖ,</span> 
     </span>
    </p>
   </div>
   <div class='ocr_carea' id='block_1_43' title="bbox 275 2524 1852 2598">
    <p class='ocr_par' dir='ltr' id='par_1_43' title="bbox 275 2524 1852 2598">
     <span class='ocr_line' id='line_1_43' title="bbox 275 2524 1852 2598; baseline 0.001 -20"><span class='ocrx_word' id='word_1_302' title='bbox 275 2524 440 2596; x_wconf 72' lang='grc' dir='ltr'>μηδὲν</span> <span class='ocrx_word' id='word_1_303' title='bbox 469 2525 658 2596; x_wconf 75' lang='grc' dir='ltr'>ἕτερον</span> <span class='ocrx_word' id='word_1_304' title='bbox 691 2525 1095 2597; x_wconf 84' lang='grc' dir='ltr'>συνεισφέροντι</span> <span class='ocrx_word' id='word_1_305' title='bbox 1126 2526 1268 2597; x_wconf 78' lang='grc' dir='ltr'>πλὴν</span> <span class='ocrx_word' id='word_1_306' title='bbox 1314 2527 1414 2597; x_wconf 79' lang='grc' dir='ltr'>τῆς</span> <span class='ocrx_word' id='word_1_307' title='bbox 1473 2525 1734 2598; x_wconf 82' lang='grc' dir='ltr'>θελούσης</span> <span class='ocrx_word' id='word_1_308' title='bbox 1782 2528 1852 2580; x_wconf 81' lang='grc' dir='ltr'>τὰ</span> 
     </span>
    </p>
   </div>
   <div class='ocr_carea' id='block_1_44' title="bbox 274 2617 1853 2690">
    <p class='ocr_par' dir='ltr' id='par_1_44' title="bbox 274 2617 1853 2690">
     <span class='ocr_line' id='line_1_44' title="bbox 274 2617 1853 2690; baseline 0 -18"><span class='ocrx_word' id='word_1_309' title='bbox 274 2619 413 2673; x_wconf 88' lang='grc' dir='ltr'><strong>καλά</strong></span> <span class='ocrx_word' id='word_1_310' title='bbox 451 2618 762 2683; x_wconf 88' lang='grc' dir='ltr'>διαθέσεως.</span> <span class='ocrx_word' id='word_1_311' title='bbox 818 2619 960 2672; x_wconf 71' lang='grc' dir='ltr'>Ἀλλ’</span> <span class='ocrx_word' id='word_1_312' title='bbox 1000 2620 1030 2672; x_wconf 98' lang='lat'><strong>6</strong></span> <span class='ocrx_word' id='word_1_313' title='bbox 1083 2619 1182 2689; x_wconf 83' lang='grc' dir='ltr'>μὲν</span> <span class='ocrx_word' id='word_1_314' title='bbox 1227 2619 1445 2690; x_wconf 88' lang='grc' dir='ltr'>πρῶτος</span> <span class='ocrx_word' id='word_1_315' title='bbox 1477 2620 1755 2682; x_wconf 85' lang='grc' dir='ltr'>νεανίσκος</span> <span class='ocrx_word' id='word_1_316' title='bbox 1772 2617 1853 2690; x_wconf 85' lang='grc' dir='ltr'><strong>τῷ</strong></span> 
     </span>
    </p>
   </div>
   <div class='ocr_carea' id='block_1_45' title="bbox 273 2708 1853 2782">
    <p class='ocr_par' dir='ltr' id='par_1_45' title="bbox 273 2708 1853 2782">
     <span class='ocr_line' id='line_1_45' title="bbox 273 2708 1853 2782; baseline 0.001 -20"><span class='ocrx_word' id='word_1_317' title='bbox 273 2709 398 2781; x_wconf 83' lang='grc' dir='ltr'>οῐνῳ</span> <span class='ocrx_word' id='word_1_318' title='bbox 446 2709 568 2772; x_wconf 82' lang='grc' dir='ltr'>δοὺς</span> <span class='ocrx_word' id='word_1_319' title='bbox 603 2708 666 2762; x_wconf 80' lang='grc' dir='ltr'>τὸ</span> <span class='ocrx_word' id='word_1_320' title='bbox 711 2709 854 2764; x_wconf 89' lang='grc' dir='ltr'><strong>κατά</strong></span> <span class='ocrx_word' id='word_1_321' title='bbox 892 2710 1111 2765; x_wconf 88' lang='grc' dir='ltr'>πάντων</span> <span class='ocrx_word' id='word_1_322' title='bbox 1158 2712 1379 2782; x_wconf 88' lang='grc' dir='ltr'>κράτος,</span> <span class='ocrx_word' id='word_1_323' title='bbox 1426 2713 1492 2782; x_wconf 80' lang='grc' dir='ltr'><strong>τῇ</strong></span> <span class='ocrx_word' id='word_1_324' title='bbox 1547 2709 1696 2774; x_wconf 82' lang='grc' dir='ltr'>ζέσει</span> <span class='ocrx_word' id='word_1_325' title='bbox 1743 2709 1853 2763; x_wconf 91' lang='grc' dir='ltr'><strong>τῶν</strong></span> 
     </span>
    </p>
   </div>
   <div class='ocr_carea' id='block_1_46' title="bbox 277 2799 1852 2874">
    <p class='ocr_par' dir='ltr' id='par_1_46' title="bbox 277 2799 1852 2874">
     <span class='ocr_line' id='line_1_46' title="bbox 277 2799 1852 2874; baseline -0.003 -17"><span class='ocrx_word' id='word_1_326' title='bbox 277 2801 556 2874; x_wconf 82' lang='grc' dir='ltr'>σαρκικῶν</span> <span class='ocrx_word' id='word_1_327' title='bbox 583 2801 785 2874; x_wconf 74' lang='grc' dir='ltr'>ἡδονῶν</span> <span class='ocrx_word' id='word_1_328' title='bbox 828 2800 926 2872; x_wconf 83' lang='grc' dir='ltr'>τὴν</span> <span class='ocrx_word' id='word_1_329' title='bbox 969 2800 1124 2871; x_wconf 89' lang='grc' dir='ltr'>νίκην</span> <span class='ocrx_word' id='word_1_330' title='bbox 1153 2802 1597 2872; x_wconf 85' lang='grc' dir='ltr'>κατεχωρήσατο.</span> <span class='ocrx_word' id='word_1_331' title='bbox 1641 2801 1701 2853; x_wconf 86' lang='grc'><strong>’0</strong></span> <span class='ocrx_word' id='word_1_332' title='bbox 1728 2799 1852 2853; x_wconf 87' lang='grc' dir='ltr'>δεύ-</span> 
     </span>
    </p>
   </div>
   <div class='ocr_carea' id='block_1_47' title="bbox 274 2891 1854 2966">
    <p class='ocr_par' dir='ltr' id='par_1_47' title="bbox 274 2891 1854 2966">
     <span class='ocr_line' id='line_1_47' title="bbox 274 2891 1854 2966; baseline -0.003 -17"><span class='ocrx_word' id='word_1_333' title='bbox 274 2911 431 2966; x_wconf 79' lang='grc' dir='ltr'>τερος</span> <span class='ocrx_word' id='word_1_334' title='bbox 459 2894 516 2948; x_wconf 86' lang='grc' dir='ltr'>δὲ</span> <span class='ocrx_word' id='word_1_335' title='bbox 545 2893 623 2964; x_wconf 82' lang='grc' dir='ltr'><strong>τῷ</strong></span> <span class='ocrx_word' id='word_1_336' title='bbox 653 2891 863 2964; x_wconf 86' lang='grc' dir='ltr'>βασιλεῖ</span> <span class='ocrx_word' id='word_1_337' title='bbox 890 2892 1049 2946; x_wconf 88' lang='grc' dir='ltr'>τοῦτο</span> <span class='ocrx_word' id='word_1_338' title='bbox 1079 2892 1226 2960; x_wconf 76' lang='grc' dir='ltr'>δοὺς,</span> <span class='ocrx_word' id='word_1_339' title='bbox 1265 2891 1365 2963; x_wconf 78' lang='grc' dir='ltr'><strong>τὴν</strong></span> <span class='ocrx_word' id='word_1_340' title='bbox 1394 2891 1664 2964; x_wconf 82' lang='grc' dir='ltr'>κοσμικὴν</span> <span class='ocrx_word' id='word_1_341' title='bbox 1695 2891 1854 2955; x_wconf 78' lang='grc' dir='ltr'>δόξαν</span> 
     </span>
    </p>
   </div>
   <div class='ocr_carea' id='block_1_48' title="bbox 275 2981 1855 3058">
    <p class='ocr_par' dir='ltr' id='par_1_48' title="bbox 275 2981 1855 3058">
     <span class='ocr_line' id='line_1_48' title="bbox 275 2981 1855 3058; baseline -0.004 -15"><span class='ocrx_word' id='word_1_342' title='bbox 275 2986 626 3058; x_wconf 85' lang='grc' dir='ltr'>ὑπερισχύειν</span> <span class='ocrx_word' id='word_1_343' title='bbox 652 2985 894 3058; x_wconf 70' lang='grc' dir='ltr'>ᾐνίξατο.</span> <span class='ocrx_word' id='word_1_344' title='bbox 947 2985 1006 3038; x_wconf 87' lang='lat'><strong>&#39;0</strong></span> <span class='ocrx_word' id='word_1_345' title='bbox 1037 2984 1094 3038; x_wconf 81' lang='grc' dir='ltr'>δὲ</span> <span class='ocrx_word' id='word_1_346' title='bbox 1123 2984 1309 3055; x_wconf 89' lang='grc' dir='ltr'>τρίτος</span> <span class='ocrx_word' id='word_1_347' title='bbox 1343 2985 1372 3037; x_wconf 98' lang='lat'><strong>6</strong></span> <span class='ocrx_word' id='word_1_348' title='bbox 1414 2981 1720 3055; x_wconf 88' lang='grc' dir='ltr'>Ζοροϐάϐελ</span> <span class='ocrx_word' id='word_1_349' title='bbox 1766 2983 1855 3038; x_wconf 84' lang='grc' dir='ltr'>διὰ</span> 
     </span>
    </p>
   </div>
   <div class='ocr_carea' id='block_1_49' title="bbox 279 3071 1851 3151">
    <p class='ocr_par' dir='ltr' id='par_1_49' title="bbox 279 3071 1851 3151">
     <span class='ocr_line' id='line_1_49' title="bbox 279 3071 1851 3151; baseline -0.006 -17"><span class='ocrx_word' id='word_1_350' title='bbox 279 3080 378 3151; x_wconf 85' lang='grc' dir='ltr'><strong>μὲν</strong></span> <span class='ocrx_word' id='word_1_351' title='bbox 430 3078 538 3133; x_wconf 85' lang='grc' dir='ltr'><strong>τῶν</strong></span> <span class='ocrx_word' id='word_1_352' title='bbox 587 3075 865 3146; x_wconf 88' lang='grc' dir='ltr'>γυναικῶν</span> <span class='ocrx_word' id='word_1_353' title='bbox 910 3074 1138 3145; x_wconf 74' lang='grc' dir='ltr'>ἐνέφηνε</span> <span class='ocrx_word' id='word_1_354' title='bbox 1180 3074 1242 3127; x_wconf 87' lang='grc' dir='ltr'>τὸ</span> <span class='ocrx_word' id='word_1_355' title='bbox 1285 3072 1438 3136; x_wconf 81' lang='grc' dir='ltr'>τέλος</span> <span class='ocrx_word' id='word_1_356' title='bbox 1473 3072 1583 3126; x_wconf 89' lang='grc' dir='ltr'><strong>τῶν</strong></span> <span class='ocrx_word' id='word_1_357' title='bbox 1621 3071 1851 3143; x_wconf 79' lang='grc' dir='ltr'>ἀρετῶν,</span> 
     </span>
    </p>
   </div>
   <div class='ocr_carea' id='block_1_50' title="bbox 275 3164 1851 3244">
    <p class='ocr_par' dir='ltr' id='par_1_50' title="bbox 275 3164 1851 3244">
     <span class='ocr_line' id='line_1_50' title="bbox 275 3164 1851 3244; baseline -0.004 -19"><span class='ocrx_word' id='word_1_358' title='bbox 275 3175 374 3244; x_wconf 80' lang='grc' dir='ltr'>τὴν</span> <span class='ocrx_word' id='word_1_359' title='bbox 405 3173 486 3236; x_wconf 88' lang='grc' dir='ltr'><strong>είς</strong></span> <span class='ocrx_word' id='word_1_360' title='bbox 511 3171 605 3225; x_wconf 83' lang='grc' dir='ltr'>τὸν</span> <span class='ocrx_word' id='word_1_361' title='bbox 642 3169 776 3226; x_wconf 82' lang='grc' dir='ltr'>Θεὸν</span> <span class='ocrx_word' id='word_1_362' title='bbox 810 3169 904 3223; x_wconf 74' lang='grc' dir='ltr'>καὶ</span> <span class='ocrx_word' id='word_1_363' title='bbox 946 3169 1026 3231; x_wconf 78' lang='grc' dir='ltr'>εἰς</span> <span class='ocrx_word' id='word_1_364' title='bbox 1070 3169 1165 3221; x_wconf 85' lang='grc' dir='ltr'>τὸν</span> <span class='ocrx_word' id='word_1_365' title='bbox 1210 3167 1441 3238; x_wconf 85' lang='grc' dir='ltr'>πλήσιον</span> <span class='ocrx_word' id='word_1_366' title='bbox 1493 3167 1718 3236; x_wconf 81' lang='grc' dir='ltr'>ἀγάπην</span> <span class='ocrx_word' id='word_1_367' title='bbox 1761 3164 1851 3218; x_wconf 81' lang='grc' dir='ltr'><strong>διὰ</strong></span> 
     </span>
    </p>
   </div>
   <div class='ocr_carea' id='block_1_51' title="bbox 275 3257 1855 3335">
    <p class='ocr_par' dir='ltr' id='par_1_51' title="bbox 275 3257 1855 3335">
     <span class='ocr_line' id='line_1_51' title="bbox 275 3257 1855 3335; baseline -0.006 -16"><span class='ocrx_word' id='word_1_368' title='bbox 275 3266 332 3320; x_wconf 85' lang='grc' dir='ltr'>δὲ</span> <span class='ocrx_word' id='word_1_369' title='bbox 361 3266 461 3335; x_wconf 82' lang='grc' dir='ltr'>τῆς</span> <span class='ocrx_word' id='word_1_370' title='bbox 492 3262 770 3334; x_wconf 85' lang='grc' dir='ltr'>ἀληθείας,</span> <span class='ocrx_word' id='word_1_371' title='bbox 821 3262 882 3316; x_wconf 84' lang='grc' dir='ltr'><strong>τὺ</strong></span> <span class='ocrx_word' id='word_1_372' title='bbox 925 3261 1078 3326; x_wconf 87' lang='grc' dir='ltr'>τέλος</span> <span class='ocrx_word' id='word_1_373' title='bbox 1130 3259 1238 3314; x_wconf 87' lang='grc' dir='ltr'><strong>τῶν</strong></span> <span class='ocrx_word' id='word_1_374' title='bbox 1267 3259 1545 3328; x_wconf 85' lang='grc' dir='ltr'>γνώσεων.</span> <span class='ocrx_word' id='word_1_375' title='bbox 1577 3259 1697 3330; x_wconf 68' lang='grc' dir='ltr'>ἤτοι</span> <span class='ocrx_word' id='word_1_376' title='bbox 1746 3257 1855 3311; x_wconf 89' lang='grc' dir='ltr'><strong>τῶν</strong></span> 
     </span>
    </p>
   </div>
   <div class='ocr_carea' id='block_1_52' title="bbox 276 3349 1855 3428">
    <p class='ocr_par' dir='ltr' id='par_1_52' title="bbox 276 3349 1855 3428">
     <span class='ocr_line' id='line_1_52' title="bbox 276 3349 1855 3428; baseline -0.005 -18"><span class='ocrx_word' id='word_1_377' title='bbox 276 3357 444 3411; x_wconf 73' lang='grc' dir='ltr'>ὄντων</span> <span class='ocrx_word' id='word_1_378' title='bbox 475 3357 653 3428; x_wconf 83' lang='grc' dir='ltr'>ἀρχήν</span> <span class='ocrx_word' id='word_1_379' title='bbox 671 3371 686 3385; x_wconf 86' lang='grc'>·</span> <span class='ocrx_word' id='word_1_380' title='bbox 715 3353 859 3423; x_wconf 91' lang='grc' dir='ltr'>λέγω</span> <span class='ocrx_word' id='word_1_381' title='bbox 895 3352 960 3424; x_wconf 75' lang='grc' dir='ltr'>δὴ</span> <span class='ocrx_word' id='word_1_382' title='bbox 1001 3352 1092 3408; x_wconf 84' lang='grc' dir='ltr'><strong>τὸν</strong></span> <span class='ocrx_word' id='word_1_383' title='bbox 1121 3351 1276 3408; x_wconf 80' lang='grc' dir='ltr'>θεόν.</span> <span class='ocrx_word' id='word_1_384' title='bbox 1308 3351 1419 3406; x_wconf 80' lang='lat' dir='ltr'><strong>Kal</strong></span> <span class='ocrx_word' id='word_1_385' title='bbox 1447 3352 1496 3404; x_wconf 84' lang='grc' dir='ltr'><strong>οί</strong></span> <span class='ocrx_word' id='word_1_386' title='bbox 1527 3350 1628 3422; x_wconf 82' lang='grc' dir='ltr'>μὲν</span> <span class='ocrx_word' id='word_1_387' title='bbox 1649 3349 1696 3420; x_wconf 82' lang='grc' dir='ltr'><strong>β’</strong></span> <span class='ocrx_word' id='word_1_388' title='bbox 1727 3366 1855 3404; x_wconf 90' lang='grc' dir='ltr'>νεα-</span> 
     </span>
    </p>
   </div>
   <div class='ocr_carea' id='block_1_53' title="bbox 280 3440 1856 3518">
    <p class='ocr_par' dir='ltr' id='par_1_53' title="bbox 280 3440 1856 3518">
     <span class='ocr_line' id='line_1_53' title="bbox 280 3440 1856 3518; baseline -0.007 -14"><span class='ocrx_word' id='word_1_389' title='bbox 280 3449 452 3504; x_wconf 84' lang='grc' dir='ltr'>νίσκοι</span> <span class='ocrx_word' id='word_1_390' title='bbox 498 3447 593 3500; x_wconf 89' lang='grc' dir='ltr'><strong>τοῦ</strong></span> <span class='ocrx_word' id='word_1_391' title='bbox 623 3446 685 3512; x_wconf 79' lang='grc' dir='ltr'>ἐξ</span> <span class='ocrx_word' id='word_1_392' title='bbox 736 3446 870 3518; x_wconf 86' lang='grc' dir='ltr'>ῦλης</span> <span class='ocrx_word' id='word_1_393' title='bbox 918 3446 1014 3500; x_wconf 75' lang='grc' dir='ltr'>καὶ</span> <span class='ocrx_word' id='word_1_394' title='bbox 1060 3445 1234 3509; x_wconf 72' lang='grc' dir='ltr'>εἴδους</span> <span class='ocrx_word' id='word_1_395' title='bbox 1287 3443 1544 3498; x_wconf 85' lang='grc' dir='ltr'>συνθέτου</span> <span class='ocrx_word' id='word_1_396' title='bbox 1603 3440 1856 3512; x_wconf 83' lang='grc' dir='ltr'>σώματος</span> 
     </span>
    </p>
   </div>
   <div class='ocr_carea' id='block_1_54' title="bbox 281 3534 1858 3611">
    <p class='ocr_par' dir='ltr' id='par_1_54' title="bbox 281 3534 1858 3611">
     <span class='ocr_line' id='line_1_54' title="bbox 281 3534 1858 3611; baseline -0.005 -16"><span class='ocrx_word' id='word_1_397' title='bbox 281 3542 466 3596; x_wconf 85' lang='grc' dir='ltr'>είκόνα</span> <span class='ocrx_word' id='word_1_398' title='bbox 515 3540 804 3611; x_wconf 84' lang='grc' dir='ltr'>φέρουσιν·</span> <span class='ocrx_word' id='word_1_399' title='bbox 837 3540 934 3595; x_wconf 78' lang='grc' dir='ltr'>καὶ</span> <span class='ocrx_word' id='word_1_400' title='bbox 961 3540 990 3594; x_wconf 90' lang='lat'><strong>6</strong></span> <span class='ocrx_word' id='word_1_401' title='bbox 1027 3541 1128 3610; x_wconf 81' lang='grc' dir='ltr'><strong>μὲν</strong></span> <span class='ocrx_word' id='word_1_402' title='bbox 1167 3541 1235 3610; x_wconf 76' lang='grc' dir='ltr'>τῇ</span> <span class='ocrx_word' id='word_1_403' title='bbox 1279 3535 1568 3608; x_wconf 73' lang='grc' dir='ltr'>ἐπιθυμίᾳ,</span> <span class='ocrx_word' id='word_1_404' title='bbox 1597 3537 1626 3588; x_wconf 94' lang='lat'><strong>6</strong></span> <span class='ocrx_word' id='word_1_405' title='bbox 1671 3535 1729 3588; x_wconf 75' lang='grc' dir='ltr'>δὲ</span> <span class='ocrx_word' id='word_1_406' title='bbox 1779 3534 1858 3606; x_wconf 83' lang='grc' dir='ltr'><strong>τῷ</strong></span> 
     </span>
    </p>
   </div>
   <div class='ocr_carea' id='block_1_55' title="bbox 283 3625 1856 3705">
    <p class='ocr_par' dir='ltr' id='par_1_55' title="bbox 283 3625 1856 3705">
     <span class='ocr_line' id='line_1_55' title="bbox 283 3625 1856 3705; baseline -0.007 -17"><span class='ocrx_word' id='word_1_407' title='bbox 283 3633 438 3705; x_wconf 86' lang='grc' dir='ltr'><strong>θυμῷ</strong></span> <span class='ocrx_word' id='word_1_408' title='bbox 466 3634 764 3704; x_wconf 79' lang='grc' dir='ltr'>προσνέμει</span> <span class='ocrx_word' id='word_1_409' title='bbox 789 3632 850 3686; x_wconf 84' lang='grc' dir='ltr'><strong>τὺ</strong></span> <span class='ocrx_word' id='word_1_410' title='bbox 877 3632 1066 3701; x_wconf 88' lang='grc' dir='ltr'>κύρος.</span> <span class='ocrx_word' id='word_1_411' title='bbox 1105 3630 1163 3683; x_wconf 91' lang='lat'><strong>&#39;0</strong></span> <span class='ocrx_word' id='word_1_412' title='bbox 1215 3628 1316 3699; x_wconf 77' lang='grc' dir='ltr'>μὲν</span> <span class='ocrx_word' id='word_1_413' title='bbox 1361 3627 1472 3696; x_wconf 85' lang='grc' dir='ltr'><strong>γὰρ</strong></span> <span class='ocrx_word' id='word_1_414' title='bbox 1516 3625 1638 3690; x_wconf 85' lang='grc' dir='ltr'>νοῦς</span> <span class='ocrx_word' id='word_1_415' title='bbox 1666 3625 1856 3680; x_wconf 80' lang='grc' dir='ltr'>ἐπιθυ-</span> 
     </span>
    </p>
   </div>
   <div class='ocr_carea' id='block_1_56' title="bbox 285 3718 1858 3798">
    <p class='ocr_par' dir='ltr' id='par_1_56' title="bbox 285 3718 1858 3798">
     <span class='ocr_line' id='line_1_56' title="bbox 285 3718 1858 3798; baseline -0.005 -18"><span class='ocrx_word' id='word_1_416' title='bbox 285 3728 411 3798; x_wconf 87' lang='grc' dir='ltr'>μίας</span> <span class='ocrx_word' id='word_1_417' title='bbox 465 3726 754 3797; x_wconf 87' lang='grc' dir='ltr'>σύμϐολον,</span> <span class='ocrx_word' id='word_1_418' title='bbox 810 3726 839 3780; x_wconf 89' lang='lat'><strong>6</strong></span> <span class='ocrx_word' id='word_1_419' title='bbox 867 3725 924 3778; x_wconf 80' lang='grc' dir='ltr'>δὲ</span> <span class='ocrx_word' id='word_1_420' title='bbox 982 3721 1237 3794; x_wconf 83' lang='grc' dir='ltr'>βασιλεὺς</span> <span class='ocrx_word' id='word_1_421' title='bbox 1277 3719 1491 3791; x_wconf 86' lang='grc' dir='ltr'>θυμοῦ·</span> <span class='ocrx_word' id='word_1_422' title='bbox 1535 3718 1858 3789; x_wconf 84' lang='grc' dir='ltr'>τυραννικὸν</span> 
     </span>
    </p>
   </div>
   <div class='ocr_carea' id='block_1_57' title="bbox 282 3809 1860 3889">
    <p class='ocr_par' dir='ltr' id='par_1_57' title="bbox 282 3809 1860 3889">
     <span class='ocr_line' id='line_1_57' title="bbox 282 3809 1860 3889; baseline -0.004 -19"><span class='ocrx_word' id='word_1_423' title='bbox 282 3818 389 3889; x_wconf 84' lang='grc' dir='ltr'>γὰρ</span> <span class='ocrx_word' id='word_1_424' title='bbox 414 3817 444 3871; x_wconf 92' lang='lat'><strong>6</strong></span> <span class='ocrx_word' id='word_1_425' title='bbox 473 3815 664 3888; x_wconf 83' lang='grc' dir='ltr'>θυμός.</span> <span class='ocrx_word' id='word_1_426' title='bbox 703 3817 765 3868; x_wconf 90' lang='lat'><strong>&#39;0</strong></span> <span class='ocrx_word' id='word_1_427' title='bbox 789 3815 847 3868; x_wconf 81' lang='grc' dir='ltr'><strong>δέ</strong></span> <span class='ocrx_word' id='word_1_428' title='bbox 892 3831 956 3883; x_wconf 91' lang='grc' dir='ltr'><strong>γε</strong></span> <span class='ocrx_word' id='word_1_429' title='bbox 1009 3810 1314 3882; x_wconf 85' lang='grc' dir='ltr'>Ζοροϐάϐελ</span> <span class='ocrx_word' id='word_1_430' title='bbox 1340 3810 1509 3864; x_wconf 89' lang='grc' dir='ltr'>τύπον</span> <span class='ocrx_word' id='word_1_431' title='bbox 1538 3809 1725 3880; x_wconf 81' lang='grc' dir='ltr'>ἐπέχει</span> <span class='ocrx_word' id='word_1_432' title='bbox 1755 3811 1860 3882; x_wconf 73' lang='grc' dir='ltr'>τῆς</span> 
     </span>
    </p>
   </div>
   <div class='ocr_carea' id='block_1_58' title="bbox 283 3900 1861 3980">
    <p class='ocr_par' dir='ltr' id='par_1_58' title="bbox 283 3900 1861 3980">
     <span class='ocr_line' id='line_1_58' title="bbox 283 3900 1861 3980; baseline -0.007 -15"><span class='ocrx_word' id='word_1_433' title='bbox 283 3911 460 3980; x_wconf 79' lang='grc' dir='ltr'>ἁπλῆς</span> <span class='ocrx_word' id='word_1_434' title='bbox 519 3911 614 3963; x_wconf 77' lang='grc' dir='ltr'>καὶ</span> <span class='ocrx_word' id='word_1_435' title='bbox 665 3905 958 3962; x_wconf 86' lang='grc' dir='ltr'>άσυνθέτου</span> <span class='ocrx_word' id='word_1_436' title='bbox 997 3903 1118 3957; x_wconf 80' lang='grc' dir='ltr'>κατ’</span> <span class='ocrx_word' id='word_1_437' title='bbox 1151 3902 1340 3958; x_wconf 85' lang='grc' dir='ltr'>οὐσίαν</span> <span class='ocrx_word' id='word_1_438' title='bbox 1390 3900 1600 3972; x_wconf 77' lang='grc' dir='ltr'>ψυχῆςο</span> <span class='ocrx_word' id='word_1_439' title='bbox 1629 3901 1710 3955; x_wconf 82' lang='grc' dir='ltr'>διὸ</span> <span class='ocrx_word' id='word_1_440' title='bbox 1766 3902 1861 3954; x_wconf 74' lang='grc' dir='ltr'><strong>καὶ</strong></span> 
     </span>
    </p>
   </div>
   <div class='ocr_carea' id='block_1_59' title="bbox 286 3994 1856 4074">
    <p class='ocr_par' dir='ltr' id='par_1_59' title="bbox 286 3994 1856 4074">
     <span class='ocr_line' id='line_1_59' title="bbox 286 3994 1856 4074; baseline -0.008 -17"><span class='ocrx_word' id='word_1_441' title='bbox 286 4004 459 4074; x_wconf 79' lang='grc' dir='ltr'>σοφῆς</span> <span class='ocrx_word' id='word_1_442' title='bbox 495 3999 784 4070; x_wconf 85' lang='grc' dir='ltr'>ἀντέθηκε.</span> <span class='ocrx_word' id='word_1_443' title='bbox 814 3997 949 4060; x_wconf 86' lang='grc' dir='ltr'>Ταῖς</span> <span class='ocrx_word' id='word_1_444' title='bbox 997 3995 1097 4066; x_wconf 82' lang='grc' dir='ltr'>μὲν</span> <span class='ocrx_word' id='word_1_445' title='bbox 1139 3996 1251 4065; x_wconf 86' lang='grc' dir='ltr'>γὰρ</span> <span class='ocrx_word' id='word_1_446' title='bbox 1295 3996 1589 4066; x_wconf 87' lang='grc' dir='ltr'>σαρκικαῖς</span> <span class='ocrx_word' id='word_1_447' title='bbox 1616 3994 1856 4066; x_wconf 78' lang='grc' dir='ltr'>ἡδοναῖς,</span> 
     </span>
    </p>
   </div>
   <div class='ocr_carea' id='block_1_60' title="bbox 284 4081 1860 4166">
    <p class='ocr_par' dir='ltr' id='par_1_60' title="bbox 284 4081 1860 4166">
     <span class='ocr_line' id='line_1_60' title="bbox 284 4081 1860 4166; baseline -0.008 -18"><span class='ocrx_word' id='word_1_448' title='bbox 284 4095 384 4166; x_wconf 81' lang='grc' dir='ltr'><strong>τὴν</strong></span> <span class='ocrx_word' id='word_1_449' title='bbox 442 4087 826 4160; x_wconf 78' lang='grc' dir='ltr'>πνευματικὴν</span> <span class='ocrx_word' id='word_1_450' title='bbox 871 4089 972 4158; x_wconf 81' lang='grc' dir='ltr'>τὴν</span> <span class='ocrx_word' id='word_1_451' title='bbox 1019 4088 1086 4139; x_wconf 80' lang='grc' dir='ltr'>ὲκ</span> <span class='ocrx_word' id='word_1_452' title='bbox 1129 4085 1230 4156; x_wconf 83' lang='grc' dir='ltr'>τῆς</span> <span class='ocrx_word' id='word_1_453' title='bbox 1284 4083 1583 4155; x_wconf 80' lang='grc' dir='ltr'>εἰρημένης</span> <span class='ocrx_word' id='word_1_454' title='bbox 1637 4081 1860 4154; x_wconf 81' lang='grc' dir='ltr'>ἀγάπης</span> 
     </span>
    </p>
   </div>
   <div class='ocr_carea' id='block_1_61' title="bbox 286 4176 1855 4257">
    <p class='ocr_par' dir='ltr' id='par_1_61' title="bbox 286 4176 1855 4257">
     <span class='ocr_line' id='line_1_61' title="bbox 286 4176 1855 4257; baseline -0.004 -17"><span class='ocrx_word' id='word_1_455' title='bbox 286 4185 576 4257; x_wconf 86' lang='grc' dir='ltr'>γινομένην</span> <span class='ocrx_word' id='word_1_456' title='bbox 596 4199 610 4214; x_wconf 72' lang='grc'><strong><em>⁸</em></strong></span> <span class='ocrx_word' id='word_1_457' title='bbox 641 4181 720 4252; x_wconf 84' lang='grc' dir='ltr'>τῷ</span> <span class='ocrx_word' id='word_1_458' title='bbox 755 4180 812 4234; x_wconf 74' lang='grc' dir='ltr'>δὲ</span> <span class='ocrx_word' id='word_1_459' title='bbox 843 4177 1184 4250; x_wconf 81' lang='grc' dir='ltr'>φθειρομένῳ</span> <span class='ocrx_word' id='word_1_460' title='bbox 1213 4178 1427 4249; x_wconf 91' lang='grc' dir='ltr'>κράτει,</span> <span class='ocrx_word' id='word_1_461' title='bbox 1463 4177 1524 4232; x_wconf 81' lang='grc' dir='ltr'><strong>τὺ</strong></span> <span class='ocrx_word' id='word_1_462' title='bbox 1559 4176 1855 4248; x_wconf 77' lang='grc' dir='ltr'>ἄφθαρτον.</span> 
     </span>
    </p>
   </div>
   <div class='ocr_carea' id='block_1_62' title="bbox 289 4269 1864 4348">
    <p class='ocr_par' dir='ltr' id='par_1_62' title="bbox 289 4269 1864 4348">
     <span class='ocr_line' id='line_1_62' title="bbox 289 4269 1864 4348; baseline -0.005 -14"><span class='ocrx_word' id='word_1_463' title='bbox 289 4280 396 4333; x_wconf 78' lang='grc' dir='ltr'>Καὶ</span> <span class='ocrx_word' id='word_1_464' title='bbox 441 4275 742 4348; x_wconf 75' lang='grc' dir='ltr'>διαλεχθεὶς</span> <span class='ocrx_word' id='word_1_465' title='bbox 773 4273 915 4327; x_wconf 85' lang='grc' dir='ltr'>οῦτω</span> <span class='ocrx_word' id='word_1_466' title='bbox 960 4272 1053 4326; x_wconf 79' lang='grc' dir='ltr'>καὶ</span> <span class='ocrx_word' id='word_1_467' title='bbox 1102 4272 1352 4342; x_wconf 82' lang='grc' dir='ltr'>νικήσας,</span> <span class='ocrx_word' id='word_1_468' title='bbox 1382 4269 1729 4343; x_wconf 73' lang='grc' dir='ltr'>ἠλευθέρωσε</span> <span class='ocrx_word' id='word_1_469' title='bbox 1768 4273 1864 4326; x_wconf 81' lang='grc' dir='ltr'>τὸν</span> 
     </span>
    </p>
   </div>
   <div class='ocr_carea' id='block_1_63' title="bbox 288 4364 1860 4438">
    <p class='ocr_par' dir='ltr' id='par_1_63' title="bbox 288 4364 1860 4438">
     <span class='ocr_line' id='line_1_63' title="bbox 288 4364 1860 4438; baseline -0.005 -12"><span class='ocrx_word' id='word_1_470' title='bbox 288 4373 437 4436; x_wconf 81' lang='grc' dir='ltr'>λαὸν,</span> <span class='ocrx_word' id='word_1_471' title='bbox 463 4371 539 4434; x_wconf 85' lang='grc' dir='ltr'><strong>ῶς</strong></span> <span class='ocrx_word' id='word_1_472' title='bbox 585 4366 844 4438; x_wconf 87' lang='grc' dir='ltr'>ἀνωτέρω</span> <span class='ocrx_word' id='word_1_473' title='bbox 891 4365 1354 4437; x_wconf 79' lang='grc' dir='ltr'>προδιελάϐομενο</span> <span class='ocrx_word' id='word_1_474' title='bbox 1386 4364 1482 4419; x_wconf 76' lang='grc' dir='ltr'>καὶ</span> <span class='ocrx_word' id='word_1_475' title='bbox 1511 4366 1860 4436; x_wconf 79' lang='grc' dir='ltr'><strong>ἐπανήγαγεν</strong></span> 
     </span>
    </p>
   </div>
   <div class='ocr_carea' id='block_1_64' title="bbox 289 4456 1938 4536">
    <p class='ocr_par' dir='ltr' id='par_1_64' title="bbox 289 4456 1938 4536">
     <span class='ocr_line' id='line_1_64' title="bbox 289 4456 1938 4536; baseline -0.005 -18"><span class='ocrx_word' id='word_1_476' title='bbox 289 4466 370 4529; x_wconf 81' lang='grc' dir='ltr'><strong>είς</strong></span> <span class='ocrx_word' id='word_1_477' title='bbox 394 4461 493 4534; x_wconf 76' lang='grc' dir='ltr'><strong>τὴν</strong></span> <span class='ocrx_word' id='word_1_478' title='bbox 521 4458 803 4524; x_wconf 82' lang='grc' dir='ltr'>Ἰουδαίαν,</span> <span class='ocrx_word' id='word_1_479' title='bbox 835 4456 869 4527; x_wconf 77' lang='grc' dir='ltr'>ἢ</span> <span class='ocrx_word' id='word_1_480' title='bbox 898 4459 977 4520; x_wconf 83' lang='grc' dir='ltr'><strong>είς</strong></span> <span class='ocrx_word' id='word_1_481' title='bbox 1013 4457 1304 4528; x_wconf 86' lang='grc' dir='ltr'>μετάνοιαν</span> <span class='ocrx_word' id='word_1_482' title='bbox 1327 4457 1423 4510; x_wconf 84' lang='grc' dir='ltr'>καὶ</span> <span class='ocrx_word' id='word_1_483' title='bbox 1451 4456 1860 4528; x_wconf 75' lang='grc' dir='ltr'>ἐξομολόγησιν,</span> <span class='ocrx_word' id='word_1_484' title='bbox 1897 4481 1938 4536; x_wconf 81' lang='lat' dir='ltr'><strong>D</strong></span> 
     </span>
    </p>
   </div>
   <div class='ocr_carea' id='block_1_65' title="bbox 290 4545 1862 4620">
    <p class='ocr_par' dir='ltr' id='par_1_65' title="bbox 290 4545 1862 4620">
     <span class='ocr_line' id='line_1_65' title="bbox 290 4545 1862 4620; baseline -0.004 -13"><span class='ocrx_word' id='word_1_485' title='bbox 290 4554 386 4608; x_wconf 75' lang='grc' dir='ltr'>καὶ</span> <span class='ocrx_word' id='word_1_486' title='bbox 439 4552 522 4614; x_wconf 86' lang='grc' dir='ltr'><strong>είς</strong></span> <span class='ocrx_word' id='word_1_487' title='bbox 559 4547 934 4620; x_wconf 82' lang='grc' dir='ltr'>Ἰερουσαλὴμ,</span> <span class='ocrx_word' id='word_1_488' title='bbox 965 4547 1108 4618; x_wconf 85' lang='grc' dir='ltr'><strong>φημί</strong></span> <span class='ocrx_word' id='word_1_489' title='bbox 1160 4547 1224 4618; x_wconf 82' lang='grc' dir='ltr'>δὴ</span> <span class='ocrx_word' id='word_1_490' title='bbox 1278 4547 1378 4618; x_wconf 83' lang='grc' dir='ltr'>τὴν</span> <span class='ocrx_word' id='word_1_491' title='bbox 1429 4545 1712 4619; x_wconf 71' lang='grc' dir='ltr'>εἰρηνικὴν</span> <span class='ocrx_word' id='word_1_492' title='bbox 1766 4548 1862 4601; x_wconf 72' lang='grc' dir='ltr'>καὶ</span> 
     </span>
    </p>
   </div>
   <div class='ocr_carea' id='block_1_66' title="bbox 290 4635 1864 4711">
    <p class='ocr_par' dir='ltr' id='par_1_66' title="bbox 290 4635 1864 4711">
     <span class='ocr_line' id='line_1_66' title="bbox 290 4635 1864 4711; baseline -0.004 -14"><span class='ocrx_word' id='word_1_493' title='bbox 290 4641 478 4711; x_wconf 83' lang='grc' dir='ltr'>ἀπαθῆ</span> <span class='ocrx_word' id='word_1_494' title='bbox 522 4639 884 4693; x_wconf 79' lang='grc' dir='ltr'>κατάστασινο</span> <span class='ocrx_word' id='word_1_495' title='bbox 931 4638 1032 4692; x_wconf 77' lang='grc' dir='ltr'><strong>καὶ·</strong></span> <span class='ocrx_word' id='word_1_496' title='bbox 1082 4635 1402 4708; x_wconf 83' lang='grc' dir='ltr'>ᾠκοδόμησε</span> <span class='ocrx_word' id='word_1_497' title='bbox 1458 4639 1551 4691; x_wconf 82' lang='grc' dir='ltr'>τὸν</span> <span class='ocrx_word' id='word_1_498' title='bbox 1588 4639 1735 4703; x_wconf 81' lang='grc' dir='ltr'>ναδν,</span> <span class='ocrx_word' id='word_1_499' title='bbox 1763 4637 1864 4709; x_wconf 78' lang='grc' dir='ltr'>τὴν</span> 
     </span>
    </p>
   </div>
   <div class='ocr_carea' id='block_1_67' title="bbox 290 4729 1428 4806">
    <p class='ocr_par' dir='ltr' id='par_1_67' title="bbox 290 4729 1428 4806">
     <span class='ocr_line' id='line_1_67' title="bbox 290 4729 1428 4806; baseline -0.004 -16"><span class='ocrx_word' id='word_1_500' title='bbox 290 4732 544 4806; x_wconf 77' lang='grc' dir='ltr'>δεκτικὴν</span> <span class='ocrx_word' id='word_1_501' title='bbox 561 4732 662 4804; x_wconf 82' lang='grc' dir='ltr'>τῆς</span> <span class='ocrx_word' id='word_1_502' title='bbox 693 4730 953 4786; x_wconf 83' lang='grc' dir='ltr'>ἀνωτάτω</span> <span class='ocrx_word' id='word_1_503' title='bbox 988 4729 1180 4800; x_wconf 88' lang='grc' dir='ltr'>σοφίας</span> <span class='ocrx_word' id='word_1_504' title='bbox 1207 4731 1428 4799; x_wconf 88' lang='grc' dir='ltr'>γνῶσιν.</span> 
     </span>
    </p>
   </div>
   <div class='ocr_carea' id='block_1_68' title="bbox 419 4888 1654 4973">
    <p class='ocr_par' dir='ltr' id='par_1_68' title="bbox 419 4888 1654 4973">
     <span class='ocr_line' id='line_1_68' title="bbox 419 4888 1654 4973; baseline 0.001 -15"><span class='ocrx_word' id='word_1_505' title='bbox 419 4907 424 4910; x_wconf 85' lang='grc'><em>’</em></span> <span class='ocrx_word' id='word_1_506' title='bbox 515 4888 721 4973; x_wconf 81' lang='grc' dir='ltr'>Ἑτέρα</span> <span class='ocrx_word' id='word_1_507' title='bbox 753 4903 963 4972; x_wconf 81' lang='grc' dir='ltr'>θεωρία</span> <span class='ocrx_word' id='word_1_508' title='bbox 1019 4904 1102 4969; x_wconf 83' lang='grc' dir='ltr'>εις</span> <span class='ocrx_word' id='word_1_509' title='bbox 1140 4902 1248 4957; x_wconf 79' lang='grc' dir='ltr'><strong>τὸν</strong></span> <span class='ocrx_word' id='word_1_510' title='bbox 1299 4902 1654 4972; x_wconf 76' lang='grc' dir='ltr'>Ζοροϐάϐελ.</span> 
     </span>
    </p>
   </div>
   <div class='ocr_carea' id='block_1_69' title="bbox 295 4993 1871 5070">
    <p class='ocr_par' dir='ltr' id='par_1_69' title="bbox 295 4993 1871 5070">
     <span class='ocr_line' id='line_1_69' title="bbox 295 4993 1871 5070; baseline -0.003 -16"><span class='ocrx_word' id='word_1_511' title='bbox 295 4999 298 5002; x_wconf 75' lang='grc'><strong>’</strong></span> <span class='ocrx_word' id='word_1_512' title='bbox 364 4995 673 5070; x_wconf 86' lang='grc' dir='ltr'>Ζοροϐάϐελ</span> <span class='ocrx_word' id='word_1_513' title='bbox 710 4995 829 5058; x_wconf 87' lang='grc' dir='ltr'>νέος</span> <span class='ocrx_word' id='word_1_514' title='bbox 881 4995 1032 5048; x_wconf 73' lang='grc' dir='ltr'>ἐστὶν</span> <span class='ocrx_word' id='word_1_515' title='bbox 1076 4995 1106 5046; x_wconf 90' lang='lat'><strong>6</strong></span> <span class='ocrx_word' id='word_1_516' title='bbox 1150 4993 1239 5048; x_wconf 83' lang='lat' dir='ltr'><strong>6t&amp;</strong></span> <span class='ocrx_word' id='word_1_517' title='bbox 1269 4993 1364 5048; x_wconf 86' lang='grc' dir='ltr'><strong>τοῦ</strong></span> <span class='ocrx_word' id='word_1_518' title='bbox 1406 4994 1638 5049; x_wconf 87' lang='grc' dir='ltr'>παλαιοῦ</span> <span class='ocrx_word' id='word_1_519' title='bbox 1669 4996 1871 5049; x_wconf 86' lang='grc' dir='ltr'>τυπού-</span> 
     </span>
    </p>
   </div>
   <div class='ocr_carea' id='block_1_70' title="bbox 299 5081 1870 5158">
    <p class='ocr_par' dir='ltr' id='par_1_70' title="bbox 299 5081 1870 5158">
     <span class='ocr_line' id='line_1_70' title="bbox 299 5081 1870 5158; baseline -0.008 -18"><span class='ocrx_word' id='word_1_520' title='bbox 299 5103 458 5158; x_wconf 88' lang='grc' dir='ltr'>μενος</span> <span class='ocrx_word' id='word_1_521' title='bbox 508 5081 716 5156; x_wconf 84' lang='grc' dir='ltr'>Ἰησοῦς</span> <span class='ocrx_word' id='word_1_522' title='bbox 763 5083 1018 5153; x_wconf 80' lang='grc' dir='ltr'>Χριστὸς,</span> <span class='ocrx_word' id='word_1_523' title='bbox 1067 5083 1097 5136; x_wconf 95' lang='lat'><strong>6</strong></span> <span class='ocrx_word' id='word_1_524' title='bbox 1139 5084 1196 5136; x_wconf 76' lang='grc' dir='ltr'><strong>ἐν</strong></span> <span class='ocrx_word' id='word_1_525' title='bbox 1232 5085 1298 5154; x_wconf 79' lang='grc' dir='ltr'>τῇ</span> <span class='ocrx_word' id='word_1_526' title='bbox 1334 5083 1591 5154; x_wconf 83' lang='grc' dir='ltr'>συγχύσει</span> <span class='ocrx_word' id='word_1_527' title='bbox 1638 5084 1738 5155; x_wconf 84' lang='grc' dir='ltr'>τῆς</span> <span class='ocrx_word' id='word_1_528' title='bbox 1766 5085 1870 5155; x_wconf 82' lang='grc' dir='ltr'>φύ-</span> 
     </span>
    </p>
   </div>
   <div class='ocr_carea' id='block_1_71' title="bbox 300 5169 1871 5246">
    <p class='ocr_par' dir='ltr' id='par_1_71' title="bbox 300 5169 1871 5246">
     <span class='ocr_line' id='line_1_71' title="bbox 300 5169 1871 5246; baseline 0 -15"><span class='ocrx_word' id='word_1_529' title='bbox 300 5194 436 5241; x_wconf 88' lang='grc' dir='ltr'>σεως</span> <span class='ocrx_word' id='word_1_530' title='bbox 463 5175 619 5246; x_wconf 79' lang='grc' dir='ltr'>ἡμῶν</span> <span class='ocrx_word' id='word_1_531' title='bbox 665 5169 1012 5244; x_wconf 81' lang='grc' dir='ltr'>συλληφθεὶς,</span> <span class='ocrx_word' id='word_1_532' title='bbox 1064 5172 1159 5225; x_wconf 70' lang='grc' dir='ltr'>καὶ</span> <span class='ocrx_word' id='word_1_533' title='bbox 1197 5172 1480 5244; x_wconf 81' lang='grc' dir='ltr'>γεννηθεὶς</span> <span class='ocrx_word' id='word_1_534' title='bbox 1529 5175 1735 5239; x_wconf 84' lang='grc' dir='ltr'>τέλειος</span> <span class='ocrx_word' id='word_1_535' title='bbox 1784 5178 1871 5232; x_wconf 72' lang='grc' dir='ltr'><strong>ἀνι</strong></span> 
     </span>
    </p>
   </div>
   <div class='ocr_carea' id='block_1_72' title="bbox 301 5263 1870 5341">
    <p class='ocr_par' dir='ltr' id='par_1_72' title="bbox 301 5263 1870 5341">
     <span class='ocr_line' id='line_1_72' title="bbox 301 5263 1870 5341; baseline 0.002 -21"><span class='ocrx_word' id='word_1_536' title='bbox 301 5268 544 5341; x_wconf 83' lang='grc' dir='ltr'>θρωπος,</span> <span class='ocrx_word' id='word_1_537' title='bbox 565 5265 594 5316; x_wconf 91' lang='lat'><strong>6</strong></span> <span class='ocrx_word' id='word_1_538' title='bbox 631 5263 706 5335; x_wconf 83' lang='grc' dir='ltr'>μὴ</span> <span class='ocrx_word' id='word_1_539' title='bbox 736 5264 1024 5333; x_wconf 84' lang='grc' dir='ltr'>γενόμενος</span> <span class='ocrx_word' id='word_1_540' title='bbox 1064 5263 1162 5333; x_wconf 83' lang='grc' dir='ltr'>μὲν</span> <span class='ocrx_word' id='word_1_541' title='bbox 1201 5264 1298 5318; x_wconf 80' lang='grc' dir='ltr'>σὺν</span> <span class='ocrx_word' id='word_1_542' title='bbox 1331 5266 1463 5336; x_wconf 77' lang='grc' dir='ltr'>ἡμῖν</span> <span class='ocrx_word' id='word_1_543' title='bbox 1500 5267 1870 5339; x_wconf 82' lang='grc' dir='ltr'>αἰχμάλωτος,</span> 
     </span>
    </p>
   </div>
   <div class='ocr_carea' id='block_1_73' title="bbox 304 5351 1868 5430">
    <p class='ocr_par' dir='ltr' id='par_1_73' title="bbox 304 5351 1868 5430">
     <span class='ocr_line' id='line_1_73' title="bbox 304 5351 1868 5430; baseline 0.004 -23"><span class='ocrx_word' id='word_1_544' title='bbox 304 5356 439 5427; x_wconf 66' lang='grc' dir='ltr'>μηδὲ</span> <span class='ocrx_word' id='word_1_545' title='bbox 484 5352 621 5425; x_wconf 80' lang='grc' dir='ltr'>πρὸς</span> <span class='ocrx_word' id='word_1_546' title='bbox 670 5352 768 5424; x_wconf 80' lang='grc' dir='ltr'>τὴν</span> <span class='ocrx_word' id='word_1_547' title='bbox 818 5353 927 5408; x_wconf 90' lang='grc' dir='ltr'><strong>τῶν</strong></span> <span class='ocrx_word' id='word_1_548' title='bbox 973 5351 1164 5406; x_wconf 89' lang='grc' dir='ltr'>παθῶν</span> <span class='ocrx_word' id='word_1_549' title='bbox 1209 5354 1472 5424; x_wconf 89' lang='grc' dir='ltr'>σύγχυσιν</span> <span class='ocrx_word' id='word_1_550' title='bbox 1524 5360 1868 5430; x_wconf 83' lang='grc' dir='ltr'>κατασυρείς.</span> 
     </span>
    </p>
   </div>
   <div class='ocr_carea' id='block_1_74' title="bbox 307 5445 1873 5521">
    <p class='ocr_par' dir='ltr' id='par_1_74' title="bbox 307 5445 1873 5521">
     <span class='ocr_line' id='line_1_74' title="bbox 307 5445 1873 5521; baseline 0.001 -17"><span class='ocrx_word' id='word_1_551' title='bbox 307 5472 326 5503; x_wconf 73' lang='grc' dir='ltr'><strong>ε</strong></span> <span class='ocrx_word' id='word_1_552' title='bbox 377 5447 679 5521; x_wconf 82' lang='grc' dir='ltr'>’Δμαρτίαν</span> <span class='ocrx_word' id='word_1_553' title='bbox 722 5446 850 5516; x_wconf 82' lang='grc' dir='ltr'>γὰρ,</span> <span class='ocrx_word' id='word_1_554' title='bbox 904 5445 1090 5515; x_wconf 74' lang='grc' dir='ltr'>φησὶν,</span> <span class='ocrx_word' id='word_1_555' title='bbox 1119 5445 1221 5500; x_wconf 79' lang='grc' dir='ltr'><strong>οὐκ</strong></span> <span class='ocrx_word' id='word_1_556' title='bbox 1259 5449 1534 5520; x_wconf 71' lang='grc' dir='ltr'>ἐποίησεν,</span> <span class='ocrx_word' id='word_1_557' title='bbox 1565 5450 1623 5503; x_wconf 80' lang='grc' dir='ltr'><strong>ἐν</strong></span> <span class='ocrx_word' id='word_1_558' title='bbox 1650 5451 1780 5521; x_wconf 79' lang='grc' dir='ltr'>ἡμῖν</span> <span class='ocrx_word' id='word_1_559' title='bbox 1816 5453 1873 5506; x_wconf 84' lang='grc' dir='ltr'>δὲ</span> 
     </span>
    </p>
   </div>
   <div class='ocr_carea' id='block_1_75' title="bbox 303 5534 1875 5609">
    <p class='ocr_par' dir='ltr' id='par_1_75' title="bbox 303 5534 1875 5609">
     <span class='ocr_line' id='line_1_75' title="bbox 303 5534 1875 5609; baseline -0.006 -18"><span class='ocrx_word' id='word_1_560' title='bbox 303 5541 414 5602; x_wconf 83' lang='grc' dir='ltr'>τοῖς</span> <span class='ocrx_word' id='word_1_561' title='bbox 449 5535 812 5608; x_wconf 75' lang='grc' dir='ltr'>αἰχμαλώτοις</span> <span class='ocrx_word' id='word_1_562' title='bbox 861 5534 1089 5605; x_wconf 71' lang='grc' dir='ltr'>τεχθεὶς,</span> <span class='ocrx_word' id='word_1_563' title='bbox 1141 5537 1234 5590; x_wconf 77' lang='grc' dir='ltr'>καὶ</span> <span class='ocrx_word' id='word_1_564' title='bbox 1279 5537 1398 5608; x_wconf 87' lang='grc' dir='ltr'>μεθ’</span> <span class='ocrx_word' id='word_1_565' title='bbox 1429 5538 1588 5609; x_wconf 76' lang='grc' dir='ltr'>ἡμῶν</span> <span class='ocrx_word' id='word_1_566' title='bbox 1616 5539 1722 5593; x_wconf 89' lang='grc' dir='ltr'><strong>τῶν</strong></span> <span class='ocrx_word' id='word_1_567' title='bbox 1759 5541 1875 5596; x_wconf 83' lang='grc' dir='ltr'>ἁνό-</span> 
     </span>
    </p>
   </div>
   <div class='ocr_carea' id='block_1_76' title="bbox 309 5622 1874 5702">
    <p class='ocr_par' dir='ltr' id='par_1_76' title="bbox 309 5622 1874 5702">
     <span class='ocr_line' id='line_1_76' title="bbox 309 5622 1874 5702; baseline 0.003 -19"><span class='ocrx_word' id='word_1_568' title='bbox 309 5647 424 5700; x_wconf 89' lang='grc' dir='ltr'><strong>μων</strong></span> <span class='ocrx_word' id='word_1_569' title='bbox 461 5629 751 5699; x_wconf 86' lang='grc' dir='ltr'>λογισθείς.</span> <span class='ocrx_word' id='word_1_570' title='bbox 794 5647 813 5680; x_wconf 79' lang='grc' dir='ltr'><strong>ι</strong></span> <span class='ocrx_word' id='word_1_571' title='bbox 852 5622 1018 5692; x_wconf 79' lang='grc' dir='ltr'>Οὗτός</span> <span class='ocrx_word' id='word_1_572' title='bbox 1056 5628 1202 5681; x_wconf 77' lang='grc' dir='ltr'>ἐστιν</span> <span class='ocrx_word' id='word_1_573' title='bbox 1242 5629 1275 5698; x_wconf 82' lang='grc' dir='ltr'><strong>ἡ</strong></span> <span class='ocrx_word' id='word_1_574' title='bbox 1307 5629 1540 5700; x_wconf 79' lang='grc' dir='ltr'>ἀνατολὴ</span> <span class='ocrx_word' id='word_1_575' title='bbox 1574 5631 1750 5700; x_wconf 85' lang='grc' dir='ltr'>φωτὸς</span> <span class='ocrx_word' id='word_1_576' title='bbox 1776 5631 1874 5702; x_wconf 85' lang='grc' dir='ltr'><strong>τῆς</strong></span> 
     </span>
    </p>
   </div>
   <div class='ocr_carea' id='block_1_77' title="bbox 379 5744 1336 5813">
    <p class='ocr_par' dir='ltr' id='par_1_77' title="bbox 379 5744 1336 5813">
     <span class='ocr_line' id='line_1_77' title="bbox 379 5744 1336 5813; baseline -0.004 -12"><span class='ocrx_word' id='word_1_577' title='bbox 379 5747 423 5777; x_wconf 82' lang='grc'>⁸³</span> <span class='ocrx_word' id='word_1_578' title='bbox 453 5744 692 5812; x_wconf 81' lang='lat' dir='ltr'><strong>lsa.t.m,</strong></span> <span class='ocrx_word' id='word_1_579' title='bbox 717 5745 770 5811; x_wconf 87' lang='lat'><strong>9,</strong></span> <span class='ocrx_word' id='word_1_580' title='bbox 797 5745 892 5813; x_wconf 74' lang='lat'><strong>12;</strong></span> <span class='ocrx_word' id='word_1_581' title='bbox 930 5745 950 5799; x_wconf 92' lang='lat' dir='ltr'><strong>l</strong></span> <span class='ocrx_word' id='word_1_582' title='bbox 984 5745 1128 5801; x_wconf 83' lang='lat' dir='ltr'><strong>Petr.</strong></span> <span class='ocrx_word' id='word_1_583' title='bbox 1162 5760 1220 5811; x_wconf 83' lang='grc' dir='ltr'><strong>ιι,</strong></span> <span class='ocrx_word' id='word_1_584' title='bbox 1247 5744 1336 5798; x_wconf 75' lang='lat'><strong>22.</strong></span> 
     </span>
    </p>
   </div>
   <div class='ocr_carea' id='block_1_78' title="bbox 1947 1872 3526 1944">
    <p class='ocr_par' dir='ltr' id='par_1_78' title="bbox 1947 1872 3526 1944">
     <span class='ocr_line' id='line_1_78' title="bbox 1947 1872 3526 1944; baseline -0.001 -16"><span class='ocrx_word' id='word_1_585' title='bbox 1947 1874 2138 1928; x_wconf 67' lang='lat' dir='ltr'><strong>activae</strong></span> <span class='ocrx_word' id='word_1_586' title='bbox 2165 1873 2528 1944; x_wconf 67' lang='lat' dir='ltr'><strong>philosophiae</strong></span> <span class='ocrx_word' id='word_1_587' title='bbox 2561 1873 2733 1927; x_wconf 90' lang='lat' dir='ltr'><strong>robur</strong></span> <span class='ocrx_word' id='word_1_588' title='bbox 2764 1873 3028 1928; x_wconf 88' lang='lat' dir='ltr'><strong>adversus</strong></span> <span class='ocrx_word' id='word_1_589' title='bbox 3058 1872 3288 1928; x_wconf 73' lang='lat' dir='ltr'><strong>affectus</strong></span> <span class='ocrx_word' id='word_1_590' title='bbox 3319 1882 3375 1927; x_wconf 90' lang='lat' dir='ltr'><strong>et</strong></span> <span class='ocrx_word' id='word_1_591' title='bbox 3407 1886 3526 1926; x_wconf 89' lang='lat' dir='ltr'><strong>mo-</strong></span> 
     </span>
    </p>
   </div>
   <div class='ocr_carea' id='block_1_79' title="bbox 1948 1963 3530 2035">
    <p class='ocr_par' dir='ltr' id='par_1_79' title="bbox 1948 1963 3530 2035">
     <span class='ocr_line' id='line_1_79' title="bbox 1948 1963 3530 2035; baseline -0.001 -14"><span class='ocrx_word' id='word_1_592' title='bbox 1948 1975 2037 2021; x_wconf 89' lang='lat' dir='ltr'><strong>tus</strong></span> <span class='ocrx_word' id='word_1_593' title='bbox 2059 1965 2248 2020; x_wconf 91' lang='lat' dir='ltr'><strong>animi.</strong></span> <span class='ocrx_word' id='word_1_594' title='bbox 2285 1964 2621 2034; x_wconf 86' lang='lat' dir='ltr'><strong>Sapientiam</strong></span> <span class='ocrx_word' id='word_1_595' title='bbox 2659 1972 2862 2030; x_wconf 90' lang='lat' dir='ltr'><strong>autem,</strong></span> <span class='ocrx_word' id='word_1_596' title='bbox 2887 1964 3136 2019; x_wconf 82' lang='lat' dir='ltr'><strong>veritatis</strong></span> <span class='ocrx_word' id='word_1_597' title='bbox 3161 1963 3530 2035; x_wconf 87' lang='lat' dir='ltr'><strong>cognitionem</strong></span> 
     </span>
    </p>
   </div>
   <div class='ocr_carea' id='block_1_80' title="bbox 1947 2056 3533 2130">
    <p class='ocr_par' dir='ltr' id='par_1_80' title="bbox 1947 2056 3533 2130">
     <span class='ocr_line' id='line_1_80' title="bbox 1947 2056 3533 2130; baseline -0.001 -17"><span class='ocrx_word' id='word_1_598' title='bbox 1947 2076 2048 2130; x_wconf 88' lang='lat' dir='ltr'><strong>per</strong></span> <span class='ocrx_word' id='word_1_599' title='bbox 2071 2059 2611 2128; x_wconf 83' lang='lat' dir='ltr'><strong>contemplationem.</strong></span> <span class='ocrx_word' id='word_1_600' title='bbox 2629 2056 2869 2113; x_wconf 88' lang='lat' dir='ltr'><strong>Gloriam</strong></span> <span class='ocrx_word' id='word_1_601' title='bbox 2894 2067 3100 2122; x_wconf 87' lang='lat' dir='ltr'><strong>autem,</strong></span> <span class='ocrx_word' id='word_1_602' title='bbox 3128 2073 3248 2127; x_wconf 74' lang='lat' dir='ltr'><strong>qua:</strong></span> <span class='ocrx_word' id='word_1_603' title='bbox 3278 2072 3344 2111; x_wconf 80' lang='lat' dir='ltr'><strong>ex</strong></span> <span class='ocrx_word' id='word_1_604' title='bbox 3367 2057 3533 2112; x_wconf 86' lang='lat' dir='ltr'><strong>utris—</strong></span> 
     </span>
    </p>
   </div>
   <div class='ocr_carea' id='block_1_81' title="bbox 1948 2149 3534 2222">
    <p class='ocr_par' dir='ltr' id='par_1_81' title="bbox 1948 2149 3534 2222">
     <span class='ocr_line' id='line_1_81' title="bbox 1948 2149 3534 2222; baseline -0.002 -15"><span class='ocrx_word' id='word_1_605' title='bbox 1948 2167 2056 2222; x_wconf 87' lang='lat' dir='ltr'><strong>que</strong></span> <span class='ocrx_word' id='word_1_606' title='bbox 2091 2161 2336 2216; x_wconf 86' lang='lat' dir='ltr'><strong>constat,</strong></span> <span class='ocrx_word' id='word_1_607' title='bbox 2380 2150 2848 2221; x_wconf 86' lang='lat' dir='ltr'><strong>pulchritudinem</strong></span> <span class='ocrx_word' id='word_1_608' title='bbox 2883 2158 2938 2204; x_wconf 90' lang='lat' dir='ltr'><strong>et</strong></span> <span class='ocrx_word' id='word_1_609' title='bbox 2977 2149 3347 2219; x_wconf 88' lang='lat' dir='ltr'><strong>splendorem.</strong></span> <span class='ocrx_word' id='word_1_610' title='bbox 3384 2149 3534 2206; x_wconf 88' lang='lat' dir='ltr'><strong>Uniti</strong></span> 
     </span>
    </p>
   </div>
   <div class='ocr_carea' id='block_1_82' title="bbox 1948 2240 3535 2313">
    <p class='ocr_par' dir='ltr' id='par_1_82' title="bbox 1948 2240 3535 2313">
     <span class='ocr_line' id='line_1_82' title="bbox 1948 2240 3535 2313; baseline -0.003 -14"><span class='ocrx_word' id='word_1_611' title='bbox 1948 2243 2098 2299; x_wconf 88' lang='lat' dir='ltr'><strong>enim</strong></span> <span class='ocrx_word' id='word_1_612' title='bbox 2129 2259 2299 2298; x_wconf 91' lang='lat' dir='ltr'><strong>unum</strong></span> <span class='ocrx_word' id='word_1_613' title='bbox 2323 2243 2586 2298; x_wconf 90' lang='lat' dir='ltr'><strong>emittunt</strong></span> <span class='ocrx_word' id='word_1_614' title='bbox 2606 2241 2893 2313; x_wconf 83' lang='lat' dir='ltr'><strong>fulgorem.</strong></span> <span class='ocrx_word' id='word_1_615' title='bbox 2921 2241 3129 2297; x_wconf 90' lang='lat' dir='ltr'><strong>Deinde</strong></span> <span class='ocrx_word' id='word_1_616' title='bbox 3154 2240 3289 2296; x_wconf 91' lang='lat' dir='ltr'><strong>illud</strong></span> <span class='ocrx_word' id='word_1_617' title='bbox 3315 2256 3535 2310; x_wconf 86' lang='lat' dir='ltr'><strong>quoque</strong></span> 
     </span>
    </p>
   </div>
   <div class='ocr_carea' id='block_1_83' title="bbox 1949 2333 3534 2407">
    <p class='ocr_par' dir='ltr' id='par_1_83' title="bbox 1949 2333 3534 2407">
     <span class='ocr_line' id='line_1_83' title="bbox 1949 2333 3534 2407; baseline -0.001 -16"><span class='ocrx_word' id='word_1_618' title='bbox 1949 2336 2204 2402; x_wconf 86' lang='lat' dir='ltr'><strong>observa,</strong></span> <span class='ocrx_word' id='word_1_619' title='bbox 2245 2335 2504 2407; x_wconf 88' lang='lat' dir='ltr'><strong>quoniam</strong></span> <span class='ocrx_word' id='word_1_620' title='bbox 2547 2335 2616 2390; x_wconf 88' lang='lat' dir='ltr'><strong>Et</strong></span> <span class='ocrx_word' id='word_1_621' title='bbox 2647 2349 2748 2406; x_wconf 89' lang='lat' dir='ltr'><strong>ego</strong></span> <span class='ocrx_word' id='word_1_622' title='bbox 2788 2349 2909 2388; x_wconf 91' lang='lat' dir='ltr'><strong>sum</strong></span> <span class='ocrx_word' id='word_1_623' title='bbox 2949 2343 3078 2389; x_wconf 93' lang='lat' dir='ltr'><strong>tuus</strong></span> <span class='ocrx_word' id='word_1_624' title='bbox 3107 2333 3363 2389; x_wconf 90' lang='lat' dir='ltr'><strong>famulus.</strong></span> <span class='ocrx_word' id='word_1_625' title='bbox 3397 2333 3534 2389; x_wconf 86' lang='lat' dir='ltr'><strong>Nam</strong></span> 
     </span>
    </p>
   </div>
   <div class='ocr_carea' id='block_1_84' title="bbox 1949 2425 3537 2498">
    <p class='ocr_par' dir='ltr' id='par_1_84' title="bbox 1949 2425 3537 2498">
     <span class='ocr_line' id='line_1_84' title="bbox 1949 2425 3537 2498; baseline 0 -17"><span class='ocrx_word' id='word_1_626' title='bbox 1949 2443 2050 2497; x_wconf 90' lang='lat' dir='ltr'><strong>per</strong></span> <span class='ocrx_word' id='word_1_627' title='bbox 2091 2425 2407 2498; x_wconf 72' lang='lat' dir='ltr'><strong>huiusmodi</strong></span> <span class='ocrx_word' id='word_1_628' title='bbox 2439 2434 2703 2492; x_wconf 88' lang='lat' dir='ltr'><strong>mentem,</strong></span> <span class='ocrx_word' id='word_1_629' title='bbox 2739 2433 2997 2497; x_wconf 90' lang='lat' dir='ltr'><strong>tanquam</strong></span> <span class='ocrx_word' id='word_1_630' title='bbox 3037 2442 3136 2497; x_wconf 90' lang='lat' dir='ltr'><strong>per</strong></span> <span class='ocrx_word' id='word_1_631' title='bbox 3168 2426 3414 2482; x_wconf 86' lang='lat' dir='ltr'><strong>serviens</strong></span> <span class='ocrx_word' id='word_1_632' title='bbox 3452 2427 3537 2481; x_wconf 56' lang='lat' dir='ltr'><strong>in.-</strong></span> 
     </span>
    </p>
   </div>
   <div class='ocr_carea' id='block_1_85' title="bbox 1951 2518 3534 2588">
    <p class='ocr_par' dir='ltr' id='par_1_85' title="bbox 1951 2518 3534 2588">
     <span class='ocr_line' id='line_1_85' title="bbox 1951 2518 3534 2588; baseline 0.001 -14"><span class='ocrx_word' id='word_1_633' title='bbox 1951 2527 2344 2584; x_wconf 89' lang='lat' dir='ltr'><strong>strumentum,</strong></span> <span class='ocrx_word' id='word_1_634' title='bbox 2377 2527 2434 2573; x_wconf 93' lang='lat' dir='ltr'><strong>et</strong></span> <span class='ocrx_word' id='word_1_635' title='bbox 2467 2518 2731 2573; x_wconf 83' lang='lat' dir='ltr'><strong>virtutem</strong></span> <span class='ocrx_word' id='word_1_636' title='bbox 2775 2527 2830 2573; x_wconf 92' lang='lat' dir='ltr'><strong>et</strong></span> <span class='ocrx_word' id='word_1_637' title='bbox 2864 2519 3231 2588; x_wconf 87' lang='lat' dir='ltr'><strong>cognitionem</strong></span> <span class='ocrx_word' id='word_1_638' title='bbox 3265 2520 3431 2575; x_wconf 77' lang='lat' dir='ltr'><strong>edicit</strong></span> <span class='ocrx_word' id='word_1_639' title='bbox 3477 2521 3534 2576; x_wconf 89' lang='lat' dir='ltr'><strong>in</strong></span> 
     </span>
    </p>
   </div>
   <div class='ocr_carea' id='block_1_86' title="bbox 1952 2608 3537 2678">
    <p class='ocr_par' dir='ltr' id='par_1_86' title="bbox 1952 2608 3537 2678">
     <span class='ocr_line' id='line_1_86' title="bbox 1952 2608 3537 2678; baseline 0.001 -13"><span class='ocrx_word' id='word_1_640' title='bbox 1952 2610 2176 2665; x_wconf 87' lang='lat' dir='ltr'><strong>homine</strong></span> <span class='ocrx_word' id='word_1_641' title='bbox 2212 2609 2349 2664; x_wconf 91' lang='lat' dir='ltr'><strong>nihil</strong></span> <span class='ocrx_word' id='word_1_642' title='bbox 2384 2609 2534 2664; x_wconf 89' lang='lat' dir='ltr'><strong>aliud</strong></span> <span class='ocrx_word' id='word_1_643' title='bbox 2581 2608 2898 2663; x_wconf 88' lang='lat' dir='ltr'><strong>conferente</strong></span> <span class='ocrx_word' id='word_1_644' title='bbox 2934 2618 3132 2678; x_wconf 63' lang='lat' dir='ltr'><strong>praeter</strong></span> <span class='ocrx_word' id='word_1_645' title='bbox 3171 2609 3314 2665; x_wconf 88' lang='lat' dir='ltr'><strong>bona</strong></span> <span class='ocrx_word' id='word_1_646' title='bbox 3347 2612 3537 2666; x_wconf 85' lang='lat' dir='ltr'><strong>volen-</strong></span> 
     </span>
    </p>
   </div>
   <div class='ocr_carea' id='block_1_87' title="bbox 1953 2698 3533 2769">
    <p class='ocr_par' dir='ltr' id='par_1_87' title="bbox 1953 2698 3533 2769">
     <span class='ocr_line' id='line_1_87' title="bbox 1953 2698 3533 2769; baseline 0.001 -13"><span class='ocrx_word' id='word_1_647' title='bbox 1953 2711 2063 2756; x_wconf 91' lang='lat' dir='ltr'><strong>tem</strong></span> <span class='ocrx_word' id='word_1_648' title='bbox 2097 2700 2468 2756; x_wconf 77' lang='lat' dir='ltr'><strong>atfectionem.</strong></span> <span class='ocrx_word' id='word_1_649' title='bbox 2513 2698 2621 2754; x_wconf 90' lang='lat' dir='ltr'><strong>Sed</strong></span> <span class='ocrx_word' id='word_1_650' title='bbox 2662 2698 2875 2768; x_wconf 90' lang='lat' dir='ltr'><strong>primus</strong></span> <span class='ocrx_word' id='word_1_651' title='bbox 2911 2700 3134 2769; x_wconf 89' lang='lat' dir='ltr'><strong>quidem</strong></span> <span class='ocrx_word' id='word_1_652' title='bbox 3177 2700 3533 2766; x_wconf 89' lang='lat' dir='ltr'><strong>adolescens,</strong></span> 
     </span>
    </p>
   </div>
   <div class='ocr_carea' id='block_1_88' title="bbox 1952 2788 3540 2859">
    <p class='ocr_par' dir='ltr' id='par_1_88' title="bbox 1952 2788 3540 2859">
     <span class='ocr_line' id='line_1_88' title="bbox 1952 2788 3540 2859; baseline 0.004 -17"><span class='ocrx_word' id='word_1_653' title='bbox 1952 2789 2048 2859; x_wconf 90' lang='lat' dir='ltr'><strong>qui</strong></span> <span class='ocrx_word' id='word_1_654' title='bbox 2084 2789 2237 2843; x_wconf 90' lang='lat' dir='ltr'><strong>dedit</strong></span> <span class='ocrx_word' id='word_1_655' title='bbox 2279 2789 2410 2843; x_wconf 93' lang='lat' dir='ltr'><strong>vino</strong></span> <span class='ocrx_word' id='word_1_656' title='bbox 2442 2788 2706 2843; x_wconf 88' lang='lat' dir='ltr'><strong>adversus</strong></span> <span class='ocrx_word' id='word_1_657' title='bbox 2743 2803 2936 2843; x_wconf 89' lang='lat' dir='ltr'><strong>omnes</strong></span> <span class='ocrx_word' id='word_1_658' title='bbox 2981 2790 3309 2859; x_wconf 86' lang='lat' dir='ltr'><strong>potentiam,</strong></span> <span class='ocrx_word' id='word_1_659' title='bbox 3347 2807 3540 2848; x_wconf 87' lang='lat' dir='ltr'><strong>carna-</strong></span> 
     </span>
    </p>
   </div>
   <div class='ocr_carea' id='block_1_89' title="bbox 1953 2879 3539 2950">
    <p class='ocr_par' dir='ltr' id='par_1_89' title="bbox 1953 2879 3539 2950">
     <span class='ocr_line' id='line_1_89' title="bbox 1953 2879 3539 2950; baseline 0.004 -16"><span class='ocrx_word' id='word_1_660' title='bbox 1953 2881 2088 2934; x_wconf 89' lang='lat' dir='ltr'><strong>lium</strong></span> <span class='ocrx_word' id='word_1_661' title='bbox 2119 2881 2463 2950; x_wconf 88' lang='lat' dir='ltr'><strong>voluptatum</strong></span> <span class='ocrx_word' id='word_1_662' title='bbox 2500 2879 2701 2934; x_wconf 90' lang='lat' dir='ltr'><strong>fervori</strong></span> <span class='ocrx_word' id='word_1_663' title='bbox 2739 2879 2963 2934; x_wconf 88' lang='lat' dir='ltr'><strong>donavit</strong></span> <span class='ocrx_word' id='word_1_664' title='bbox 2996 2881 3304 2937; x_wconf 81' lang='lat' dir='ltr'><strong>victoriam.</strong></span> <span class='ocrx_word' id='word_1_665' title='bbox 3333 2883 3539 2940; x_wconf 79' lang='lat' dir='ltr'><strong>Secun-</strong></span> 
     </span>
    </p>
   </div>
   <div class='ocr_carea' id='block_1_90' title="bbox 1955 2969 3541 3046">
    <p class='ocr_par' dir='ltr' id='par_1_90' title="bbox 1955 2969 3541 3046">
     <span class='ocr_line' id='line_1_90' title="bbox 1955 2969 3541 3046; baseline 0.001 -18"><span class='ocrx_word' id='word_1_666' title='bbox 1955 2974 2061 3028; x_wconf 87' lang='lat' dir='ltr'><strong>dus</strong></span> <span class='ocrx_word' id='word_1_667' title='bbox 2111 2980 2291 3026; x_wconf 90' lang='lat' dir='ltr'><strong>autem</strong></span> <span class='ocrx_word' id='word_1_668' title='bbox 2328 2971 2423 3042; x_wconf 83' lang='lat' dir='ltr'><strong>qui</strong></span> <span class='ocrx_word' id='word_1_669' title='bbox 2460 2971 2566 3025; x_wconf 89' lang='lat' dir='ltr'><strong>hoc</strong></span> <span class='ocrx_word' id='word_1_670' title='bbox 2596 2969 2750 3026; x_wconf 91' lang='lat' dir='ltr'><strong>dedit</strong></span> <span class='ocrx_word' id='word_1_671' title='bbox 2782 2971 2917 3042; x_wconf 87' lang='lat' dir='ltr'><strong>regi,</strong></span> <span class='ocrx_word' id='word_1_672' title='bbox 2950 2971 3290 3043; x_wconf 78' lang='lat' dir='ltr'><strong>amigmatice</strong></span> <span class='ocrx_word' id='word_1_673' title='bbox 3333 2975 3541 3046; x_wconf 82' lang='lat' dir='ltr'><strong>signiﬁ-</strong></span> 
     </span>
    </p>
   </div>
   <div class='ocr_carea' id='block_1_91' title="bbox 1957 3062 3540 3133">
    <p class='ocr_par' dir='ltr' id='par_1_91' title="bbox 1957 3062 3540 3133">
     <span class='ocr_line' id='line_1_91' title="bbox 1957 3062 3540 3133; baseline 0.003 -14"><span class='ocrx_word' id='word_1_674' title='bbox 1957 3064 2104 3119; x_wconf 88' lang='lat' dir='ltr'><strong>cavit</strong></span> <span class='ocrx_word' id='word_1_675' title='bbox 2131 3063 2461 3118; x_wconf 87' lang='lat' dir='ltr'><strong>mundanam</strong></span> <span class='ocrx_word' id='word_1_676' title='bbox 2489 3062 2612 3131; x_wconf 91' lang='lat' dir='ltr'><strong>plus</strong></span> <span class='ocrx_word' id='word_1_677' title='bbox 2641 3077 2801 3131; x_wconf 90' lang='lat' dir='ltr'><strong>posse</strong></span> <span class='ocrx_word' id='word_1_678' title='bbox 2836 3063 3083 3133; x_wconf 89' lang='lat' dir='ltr'><strong>gloriam.</strong></span> <span class='ocrx_word' id='word_1_679' title='bbox 3113 3064 3333 3121; x_wconf 89' lang='lat' dir='ltr'><strong>Tertius</strong></span> <span class='ocrx_word' id='word_1_680' title='bbox 3355 3074 3540 3123; x_wconf 86' lang='lat' dir='ltr'><strong>autem</strong></span> 
     </span>
    </p>
   </div>
   <div class='ocr_carea' id='block_1_92' title="bbox 1961 3152 3542 3223">
    <p class='ocr_par' dir='ltr' id='par_1_92' title="bbox 1961 3152 3542 3223">
     <span class='ocr_line' id='line_1_92' title="bbox 1961 3152 3542 3223; baseline 0.003 -14"><span class='ocrx_word' id='word_1_681' title='bbox 1961 3154 2266 3209; x_wconf 87' lang='lat' dir='ltr'><strong>Zorobabel</strong></span> <span class='ocrx_word' id='word_1_682' title='bbox 2319 3169 2420 3222; x_wconf 91' lang='lat' dir='ltr'><strong>per</strong></span> <span class='ocrx_word' id='word_1_683' title='bbox 2454 3152 2716 3208; x_wconf 90' lang='lat' dir='ltr'><strong>mulieres</strong></span> <span class='ocrx_word' id='word_1_684' title='bbox 2747 3153 2971 3223; x_wconf 90' lang='lat' dir='ltr'><strong>quidem</strong></span> <span class='ocrx_word' id='word_1_685' title='bbox 2997 3156 3241 3210; x_wconf 92' lang='lat' dir='ltr'><strong>ostendit</strong></span> <span class='ocrx_word' id='word_1_686' title='bbox 3276 3157 3542 3213; x_wconf 87' lang='lat' dir='ltr'><strong>virtutum</strong></span> 
     </span>
    </p>
   </div>
   <div class='ocr_carea' id='block_1_93' title="bbox 1962 3244 3542 3318">
    <p class='ocr_par' dir='ltr' id='par_1_93' title="bbox 1962 3244 3542 3318">
     <span class='ocr_line' id='line_1_93' title="bbox 1962 3244 3542 3318; baseline 0.003 -18"><span class='ocrx_word' id='word_1_687' title='bbox 1962 3246 2127 3300; x_wconf 84' lang='lat' dir='ltr'><strong>ﬁnem</strong></span> <span class='ocrx_word' id='word_1_688' title='bbox 2172 3259 2294 3300; x_wconf 90' lang='lat' dir='ltr'><strong>esse</strong></span> <span class='ocrx_word' id='word_1_689' title='bbox 2346 3244 2672 3300; x_wconf 89' lang='lat' dir='ltr'><strong>charitatem</strong></span> <span class='ocrx_word' id='word_1_690' title='bbox 2718 3245 2772 3300; x_wconf 90' lang='lat' dir='ltr'><strong>in</strong></span> <span class='ocrx_word' id='word_1_691' title='bbox 2807 3245 2982 3300; x_wconf 90' lang='lat' dir='ltr'><strong>Deum</strong></span> <span class='ocrx_word' id='word_1_692' title='bbox 3030 3254 3086 3300; x_wconf 91' lang='lat' dir='ltr'><strong>et</strong></span> <span class='ocrx_word' id='word_1_693' title='bbox 3116 3246 3173 3302; x_wconf 94' lang='lat' dir='ltr'><strong>in</strong></span> <span class='ocrx_word' id='word_1_694' title='bbox 3208 3247 3542 3318; x_wconf 80' lang='lat' dir='ltr'><strong>proximum,</strong></span> 
     </span>
    </p>
   </div>
   <div class='ocr_carea' id='block_1_94' title="bbox 1961 3335 3544 3408">
    <p class='ocr_par' dir='ltr' id='par_1_94' title="bbox 1961 3335 3544 3408">
     <span class='ocr_line' id='line_1_94' title="bbox 1961 3335 3544 3408; baseline 0.003 -16"><span class='ocrx_word' id='word_1_695' title='bbox 1961 3353 2062 3408; x_wconf 90' lang='lat' dir='ltr'><strong>per</strong></span> <span class='ocrx_word' id='word_1_696' title='bbox 2084 3338 2374 3392; x_wconf 87' lang='lat' dir='ltr'><strong>veritatem</strong></span> <span class='ocrx_word' id='word_1_697' title='bbox 2399 3350 2552 3400; x_wconf 89' lang='lat' dir='ltr'><strong>vero,</strong></span> <span class='ocrx_word' id='word_1_698' title='bbox 2587 3335 2752 3391; x_wconf 82' lang='lat' dir='ltr'><strong>finem</strong></span> <span class='ocrx_word' id='word_1_699' title='bbox 2780 3337 3178 3408; x_wconf 87' lang='lat' dir='ltr'><strong>c0gnitionum,</strong></span> <span class='ocrx_word' id='word_1_700' title='bbox 3211 3339 3326 3394; x_wconf 88' lang='lat' dir='ltr'><strong>sive</strong></span> <span class='ocrx_word' id='word_1_701' title='bbox 3349 3356 3544 3396; x_wconf 88' lang='lat' dir='ltr'><strong>eorum</strong></span> 
     </span>
    </p>
   </div>
   <div class='ocr_carea' id='block_1_95' title="bbox 1961 3429 3543 3502">
    <p class='ocr_par' dir='ltr' id='par_1_95' title="bbox 1961 3429 3543 3502">
     <span class='ocr_line' id='line_1_95' title="bbox 1961 3429 3543 3502; baseline 0.003 -17"><span class='ocrx_word' id='word_1_702' title='bbox 1961 3445 2084 3502; x_wconf 71' lang='lat' dir='ltr'><strong>qua:</strong></span> <span class='ocrx_word' id='word_1_703' title='bbox 2106 3439 2236 3485; x_wconf 90' lang='lat' dir='ltr'><strong>sunt</strong></span> <span class='ocrx_word' id='word_1_704' title='bbox 2258 3429 2612 3498; x_wconf 89' lang='lat' dir='ltr'><strong>principium,</strong></span> <span class='ocrx_word' id='word_1_705' title='bbox 2638 3445 2834 3498; x_wconf 91' lang='lat' dir='ltr'><strong>nempe</strong></span> <span class='ocrx_word' id='word_1_706' title='bbox 2860 3429 3054 3484; x_wconf 88' lang='lat' dir='ltr'><strong>Deum.</strong></span> <span class='ocrx_word' id='word_1_707' title='bbox 3089 3430 3156 3484; x_wconf 87' lang='lat' dir='ltr'><strong>Et</strong></span> <span class='ocrx_word' id='word_1_708' title='bbox 3187 3431 3297 3485; x_wconf 93' lang='lat' dir='ltr'><strong>duo</strong></span> <span class='ocrx_word' id='word_1_709' title='bbox 3319 3433 3543 3502; x_wconf 87' lang='lat' dir='ltr'><strong>quidem</strong></span> 
     </span>
    </p>
   </div>
   <div class='ocr_carea' id='block_1_96' title="bbox 1963 3517 3547 3593">
    <p class='ocr_par' dir='ltr' id='par_1_96' title="bbox 1963 3517 3547 3593">
     <span class='ocr_line' id='line_1_96' title="bbox 1963 3517 3547 3593; baseline 0.001 -15"><span class='ocrx_word' id='word_1_710' title='bbox 1963 3523 2339 3579; x_wconf 88' lang='lat' dir='ltr'><strong>adolescentes</strong></span> <span class='ocrx_word' id='word_1_711' title='bbox 2362 3517 2545 3574; x_wconf 89' lang='lat' dir='ltr'><strong>ferunt</strong></span> <span class='ocrx_word' id='word_1_712' title='bbox 2572 3520 2861 3591; x_wconf 87' lang='lat' dir='ltr'><strong>imaginem</strong></span> <span class='ocrx_word' id='word_1_713' title='bbox 2889 3522 3138 3591; x_wconf 90' lang='lat' dir='ltr'><strong>corporis</strong></span> <span class='ocrx_word' id='word_1_714' title='bbox 3165 3524 3451 3593; x_wconf 84' lang='lat' dir='ltr'><strong>compositi</strong></span> <span class='ocrx_word' id='word_1_715' title='bbox 3475 3541 3547 3580; x_wconf 82' lang='lat' dir='ltr'><strong>ex</strong></span> 
     </span>
    </p>
   </div>
   <div class='ocr_carea' id='block_1_97' title="bbox 1963 3611 3552 3683">
    <p class='ocr_par' dir='ltr' id='par_1_97' title="bbox 1963 3611 3552 3683">
     <span class='ocr_line' id='line_1_97' title="bbox 1963 3611 3552 3683; baseline 0.001 -13"><span class='ocrx_word' id='word_1_716' title='bbox 1963 3615 2195 3670; x_wconf 89' lang='lat' dir='ltr'><strong>materia</strong></span> <span class='ocrx_word' id='word_1_717' title='bbox 2219 3621 2275 3669; x_wconf 91' lang='lat' dir='ltr'><strong>et</strong></span> <span class='ocrx_word' id='word_1_718' title='bbox 2305 3611 2500 3667; x_wconf 88' lang='lat' dir='ltr'><strong>forma.</strong></span> <span class='ocrx_word' id='word_1_719' title='bbox 2537 3612 2604 3666; x_wconf 87' lang='lat' dir='ltr'><strong>Et</strong></span> <span class='ocrx_word' id='word_1_720' title='bbox 2637 3612 2778 3667; x_wconf 86' lang='lat' dir='ltr'><strong>alter</strong></span> <span class='ocrx_word' id='word_1_721' title='bbox 2809 3613 3030 3682; x_wconf 89' lang='lat' dir='ltr'><strong>quidem</strong></span> <span class='ocrx_word' id='word_1_722' title='bbox 3065 3613 3371 3683; x_wconf 88' lang='lat' dir='ltr'><strong>cupiditati,</strong></span> <span class='ocrx_word' id='word_1_723' title='bbox 3407 3616 3552 3672; x_wconf 83' lang='lat' dir='ltr'><strong>alter</strong></span> 
     </span>
    </p>
   </div>
   <div class='ocr_carea' id='block_1_98' title="bbox 1964 3704 3546 3779">
    <p class='ocr_par' dir='ltr' id='par_1_98' title="bbox 1964 3704 3546 3779">
     <span class='ocr_line' id='line_1_98' title="bbox 1964 3704 3546 3779; baseline -0.002 -14"><span class='ocrx_word' id='word_1_724' title='bbox 1964 3724 2097 3765; x_wconf 84' lang='lat' dir='ltr'><strong>vero</strong></span> <span class='ocrx_word' id='word_1_725' title='bbox 2134 3709 2226 3763; x_wconf 69' lang='lat' dir='ltr'><strong>irae</strong></span> <span class='ocrx_word' id='word_1_726' title='bbox 2261 3705 2456 3761; x_wconf 89' lang='lat' dir='ltr'><strong>tribuit</strong></span> <span class='ocrx_word' id='word_1_727' title='bbox 2485 3704 2772 3760; x_wconf 89' lang='lat' dir='ltr'><strong>victoriam</strong></span> <span class='ocrx_word' id='word_1_728' title='bbox 2806 3720 2822 3757; x_wconf 91' lang='lat'><strong>:</strong></span> <span class='ocrx_word' id='word_1_729' title='bbox 2859 3711 2943 3758; x_wconf 91' lang='lat' dir='ltr'><strong>est</strong></span> <span class='ocrx_word' id='word_1_730' title='bbox 2965 3704 3112 3758; x_wconf 89' lang='lat' dir='ltr'><strong>enim</strong></span> <span class='ocrx_word' id='word_1_731' title='bbox 3148 3705 3228 3759; x_wconf 89' lang='lat' dir='ltr'><strong>ira</strong></span> <span class='ocrx_word' id='word_1_732' title='bbox 3253 3722 3340 3762; x_wconf 94' lang='lat' dir='ltr'><strong>res</strong></span> <span class='ocrx_word' id='word_1_733' title='bbox 3363 3716 3546 3779; x_wconf 83' lang='lat' dir='ltr'><strong>tyran-</strong></span> 
     </span>
    </p>
   </div>
   <div class='ocr_carea' id='block_1_99' title="bbox 1963 3797 3547 3868">
    <p class='ocr_par' dir='ltr' id='par_1_99' title="bbox 1963 3797 3547 3868">
     <span class='ocr_line' id='line_1_99' title="bbox 1963 3797 3547 3868; baseline 0.001 -14"><span class='ocrx_word' id='word_1_734' title='bbox 1963 3801 2110 3854; x_wconf 87' lang='lat' dir='ltr'><strong>nica.</strong></span> <span class='ocrx_word' id='word_1_735' title='bbox 2161 3797 2463 3854; x_wconf 85' lang='lat' dir='ltr'><strong>Zorobabel</strong></span> <span class='ocrx_word' id='word_1_736' title='bbox 2517 3805 2700 3850; x_wconf 89' lang='lat' dir='ltr'><strong>autem</strong></span> <span class='ocrx_word' id='word_1_737' title='bbox 2753 3802 2904 3850; x_wconf 87' lang='lat' dir='ltr'><strong>tenet</strong></span> <span class='ocrx_word' id='word_1_738' title='bbox 2940 3803 3127 3866; x_wconf 81' lang='lat' dir='ltr'><strong>typum</strong></span> <span class='ocrx_word' id='word_1_739' title='bbox 3179 3797 3441 3868; x_wconf 90' lang='lat' dir='ltr'><strong>simplicis</strong></span> <span class='ocrx_word' id='word_1_740' title='bbox 3489 3807 3547 3855; x_wconf 90' lang='lat' dir='ltr'><strong>et</strong></span> 
     </span>
    </p>
   </div>
   <div class='ocr_carea' id='block_1_100' title="bbox 1967 3884 3548 3962">
    <p class='ocr_par' dir='ltr' id='par_1_100' title="bbox 1967 3884 3548 3962">
     <span class='ocr_line' id='line_1_100' title="bbox 1967 3884 3548 3962; baseline 0.003 -19"><span class='ocrx_word' id='word_1_741' title='bbox 1967 3889 2344 3960; x_wconf 82' lang='lat' dir='ltr'><strong>incompositae</strong></span> <span class='ocrx_word' id='word_1_742' title='bbox 2374 3886 2430 3942; x_wconf 92' lang='lat' dir='ltr'><strong>in</strong></span> <span class='ocrx_word' id='word_1_743' title='bbox 2455 3884 2693 3942; x_wconf 91' lang='lat' dir='ltr'><strong>essentia</strong></span> <span class='ocrx_word' id='word_1_744' title='bbox 2718 3885 2931 3941; x_wconf 65' lang='lat' dir='ltr'><strong>animat.</strong></span> <span class='ocrx_word' id='word_1_745' title='bbox 2963 3887 3332 3953; x_wconf 86' lang='lat' dir='ltr'><strong>Quamobrem</strong></span> <span class='ocrx_word' id='word_1_746' title='bbox 3363 3891 3548 3962; x_wconf 91' lang='lat' dir='ltr'><strong>posuit</strong></span> 
     </span>
    </p>
   </div>
   <div class='ocr_carea' id='block_1_101' title="bbox 1967 3977 3549 4049">
    <p class='ocr_par' dir='ltr' id='par_1_101' title="bbox 1967 3977 3549 4049">
     <span class='ocr_line' id='line_1_101' title="bbox 1967 3977 3549 4049; baseline 0.002 -12"><span class='ocrx_word' id='word_1_747' title='bbox 1967 3981 2132 4038; x_wconf 89' lang='lat' dir='ltr'><strong>etiam</strong></span> <span class='ocrx_word' id='word_1_748' title='bbox 2168 3997 2236 4037; x_wconf 81' lang='lat' dir='ltr'><strong>ex</strong></span> <span class='ocrx_word' id='word_1_749' title='bbox 2269 3979 2500 4034; x_wconf 87' lang='lat' dir='ltr'><strong>adverso</strong></span> <span class='ocrx_word' id='word_1_750' title='bbox 2523 3977 2804 4049; x_wconf 86' lang='lat' dir='ltr'><strong>sapientis.</strong></span> <span class='ocrx_word' id='word_1_751' title='bbox 2832 3977 2965 4032; x_wconf 87' lang='lat' dir='ltr'><strong>Nam</strong></span> <span class='ocrx_word' id='word_1_752' title='bbox 2998 3993 3066 4035; x_wconf 83' lang='lat' dir='ltr'><strong>ex</strong></span> <span class='ocrx_word' id='word_1_753' title='bbox 3103 3980 3334 4037; x_wconf 89' lang='lat' dir='ltr'><strong>adverso</strong></span> <span class='ocrx_word' id='word_1_754' title='bbox 3356 3997 3549 4040; x_wconf 85' lang='lat' dir='ltr'><strong>carna-</strong></span> 
     </span>
    </p>
   </div>
   <div class='ocr_carea' id='block_1_102' title="bbox 1966 4068 3549 4144">
    <p class='ocr_par' dir='ltr' id='par_1_102' title="bbox 1966 4068 3549 4144">
     <span class='ocr_line' id='line_1_102' title="bbox 1966 4068 3549 4144; baseline 0 -14"><span class='ocrx_word' id='word_1_755' title='bbox 1966 4075 2103 4130; x_wconf 90' lang='lat' dir='ltr'><strong>lium</strong></span> <span class='ocrx_word' id='word_1_756' title='bbox 2135 4073 2476 4142; x_wconf 87' lang='lat' dir='ltr'><strong>voluptatum</strong></span> <span class='ocrx_word' id='word_1_757' title='bbox 2502 4070 2687 4142; x_wconf 90' lang='lat' dir='ltr'><strong>posuit</strong></span> <span class='ocrx_word' id='word_1_758' title='bbox 2721 4070 3086 4141; x_wconf 88' lang='lat' dir='ltr'><strong>spiritualem,</strong></span> <span class='ocrx_word' id='word_1_759' title='bbox 3112 4087 3232 4142; x_wconf 71' lang='lat' dir='ltr'><strong>qua:</strong></span> <span class='ocrx_word' id='word_1_760' title='bbox 3255 4068 3549 4144; x_wconf 85' lang='lat' dir='ltr'><strong>generatur</strong></span> 
     </span>
    </p>
   </div>
   <div class='ocr_carea' id='block_1_103' title="bbox 1967 4162 3548 4234">
    <p class='ocr_par' dir='ltr' id='par_1_103' title="bbox 1967 4162 3548 4234">
     <span class='ocr_line' id='line_1_103' title="bbox 1967 4162 3548 4234; baseline -0.001 -14"><span class='ocrx_word' id='word_1_761' title='bbox 1967 4180 2036 4220; x_wconf 80' lang='lat' dir='ltr'><strong>ex</strong></span> <span class='ocrx_word' id='word_1_762' title='bbox 2069 4164 2216 4220; x_wconf 88' lang='lat' dir='ltr'><strong>dicta</strong></span> <span class='ocrx_word' id='word_1_763' title='bbox 2259 4162 2526 4218; x_wconf 88' lang='lat' dir='ltr'><strong>charitate</strong></span> <span class='ocrx_word' id='word_1_764' title='bbox 2555 4162 2854 4232; x_wconf 75' lang='lat' dir='ltr'><strong>:potentia:</strong></span> <span class='ocrx_word' id='word_1_765' title='bbox 2885 4169 3068 4217; x_wconf 89' lang='lat' dir='ltr'><strong>autem</strong></span> <span class='ocrx_word' id='word_1_766' title='bbox 3101 4163 3156 4218; x_wconf 90' lang='lat' dir='ltr'><strong>in</strong></span> <span class='ocrx_word' id='word_1_767' title='bbox 3196 4179 3359 4234; x_wconf 88' lang='lat' dir='ltr'><strong>quam</strong></span> <span class='ocrx_word' id='word_1_768' title='bbox 3403 4166 3548 4219; x_wconf 90' lang='lat' dir='ltr'><strong>cadit</strong></span> 
     </span>
    </p>
   </div>
   <div class='ocr_carea' id='block_1_104' title="bbox 1969 4250 3550 4322">
    <p class='ocr_par' dir='ltr' id='par_1_104' title="bbox 1969 4250 3550 4322">
     <span class='ocr_line' id='line_1_104' title="bbox 1969 4250 3550 4322; baseline -0.002 -11"><span class='ocrx_word' id='word_1_769' title='bbox 1969 4255 2246 4318; x_wconf 90' lang='lat' dir='ltr'><strong>interitus,</strong></span> <span class='ocrx_word' id='word_1_770' title='bbox 2271 4267 2394 4310; x_wconf 89' lang='lat' dir='ltr'><strong>eam</strong></span> <span class='ocrx_word' id='word_1_771' title='bbox 2431 4252 2485 4307; x_wconf 91' lang='lat' dir='ltr'><strong>in</strong></span> <span class='ocrx_word' id='word_1_772' title='bbox 2517 4266 2681 4322; x_wconf 88' lang='lat' dir='ltr'><strong>quam</strong></span> <span class='ocrx_word' id='word_1_773' title='bbox 2716 4267 2827 4306; x_wconf 89' lang='lat' dir='ltr'><strong>non</strong></span> <span class='ocrx_word' id='word_1_774' title='bbox 2862 4250 3027 4307; x_wconf 89' lang='lat' dir='ltr'><strong>cadit.</strong></span> <span class='ocrx_word' id='word_1_775' title='bbox 3063 4251 3133 4308; x_wconf 80' lang='lat' dir='ltr'><strong>Et</strong></span> <span class='ocrx_word' id='word_1_776' title='bbox 3166 4267 3290 4308; x_wconf 92' lang='lat' dir='ltr'><strong>cum</strong></span> <span class='ocrx_word' id='word_1_777' title='bbox 3324 4253 3404 4309; x_wconf 91' lang='lat' dir='ltr'><strong>sic</strong></span> <span class='ocrx_word' id='word_1_778' title='bbox 3437 4253 3550 4308; x_wconf 89' lang='lat' dir='ltr'><strong>dis-</strong></span> 
     </span>
    </p>
   </div>
   <div class='ocr_carea' id='block_1_105' title="bbox 1969 4344 3551 4418">
    <p class='ocr_par' dir='ltr' id='par_1_105' title="bbox 1969 4344 3551 4418">
     <span class='ocr_line' id='line_1_105' title="bbox 1969 4344 3551 4418; baseline -0.001 -14"><span class='ocrx_word' id='word_1_779' title='bbox 1969 4348 2231 4404; x_wconf 85' lang='lat' dir='ltr'><strong>seruisset</strong></span> <span class='ocrx_word' id='word_1_780' title='bbox 2261 4356 2319 4402; x_wconf 90' lang='lat' dir='ltr'><strong>et</strong></span> <span class='ocrx_word' id='word_1_781' title='bbox 2339 4346 2581 4409; x_wconf 89' lang='lat' dir='ltr'><strong>vicisset,</strong></span> <span class='ocrx_word' id='word_1_782' title='bbox 2617 4344 2871 4400; x_wconf 87' lang='lat' dir='ltr'><strong>liberavit</strong></span> <span class='ocrx_word' id='word_1_783' title='bbox 2894 4346 3179 4415; x_wconf 90' lang='lat' dir='ltr'><strong>populum,</strong></span> <span class='ocrx_word' id='word_1_784' title='bbox 3212 4355 3273 4401; x_wconf 94' lang='lat' dir='ltr'><strong>ut</strong></span> <span class='ocrx_word' id='word_1_785' title='bbox 3295 4346 3551 4418; x_wconf 88' lang='lat' dir='ltr'><strong>superius</strong></span> 
     </span>
    </p>
   </div>
   <div class='ocr_carea' id='block_1_106' title="bbox 1968 4436 3548 4510">
    <p class='ocr_par' dir='ltr' id='par_1_106' title="bbox 1968 4436 3548 4510">
     <span class='ocr_line' id='line_1_106' title="bbox 1968 4436 3548 4510; baseline -0.001 -15"><span class='ocrx_word' id='word_1_786' title='bbox 1968 4449 2263 4496; x_wconf 88' lang='lat' dir='ltr'><strong>tractatum</strong></span> <span class='ocrx_word' id='word_1_787' title='bbox 2288 4447 2391 4504; x_wconf 91' lang='lat' dir='ltr'><strong>est,</strong></span> <span class='ocrx_word' id='word_1_788' title='bbox 2415 4446 2471 4493; x_wconf 91' lang='lat' dir='ltr'><strong>et</strong></span> <span class='ocrx_word' id='word_1_789' title='bbox 2496 4437 2712 4491; x_wconf 80' lang='lat' dir='ltr'><strong>reduxit</strong></span> <span class='ocrx_word' id='word_1_790' title='bbox 2735 4451 2862 4491; x_wconf 89' lang='lat' dir='ltr'><strong>eum</strong></span> <span class='ocrx_word' id='word_1_791' title='bbox 2887 4436 2944 4490; x_wconf 92' lang='lat' dir='ltr'><strong>in</strong></span> <span class='ocrx_word' id='word_1_792' title='bbox 2969 4437 3233 4503; x_wconf 69' lang='lat' dir='ltr'><strong>Iudaeam,</strong></span> <span class='ocrx_word' id='word_1_793' title='bbox 3259 4454 3455 4510; x_wconf 89' lang='lat' dir='ltr'><strong>nempe</strong></span> <span class='ocrx_word' id='word_1_794' title='bbox 3477 4439 3548 4494; x_wconf 85' lang='lat' dir='ltr'><strong>ad</strong></span> 
     </span>
    </p>
   </div>
   <div class='ocr_carea' id='block_1_107' title="bbox 1967 4523 3549 4602">
    <p class='ocr_par' dir='ltr' id='par_1_107' title="bbox 1967 4523 3549 4602">
     <span class='ocr_line' id='line_1_107' title="bbox 1967 4523 3549 4602; baseline -0.001 -15"><span class='ocrx_word' id='word_1_795' title='bbox 1967 4531 2350 4602; x_wconf 70' lang='lat' dir='ltr'><strong>paenitentiam</strong></span> <span class='ocrx_word' id='word_1_796' title='bbox 2389 4537 2446 4585; x_wconf 90' lang='lat' dir='ltr'><strong>et</strong></span> <span class='ocrx_word' id='word_1_797' title='bbox 2477 4526 2899 4592; x_wconf 75' lang='lat' dir='ltr'><strong>confessionem,</strong></span> <span class='ocrx_word' id='word_1_798' title='bbox 2925 4535 2981 4582; x_wconf 92' lang='lat' dir='ltr'><strong>et</strong></span> <span class='ocrx_word' id='word_1_799' title='bbox 3015 4528 3083 4583; x_wconf 92' lang='lat' dir='ltr'><strong>ad</strong></span> <span class='ocrx_word' id='word_1_800' title='bbox 3125 4528 3448 4595; x_wconf 81' lang='lat' dir='ltr'><strong>Jerusalem,</strong></span> <span class='ocrx_word' id='word_1_801' title='bbox 3479 4523 3549 4585; x_wconf 86' lang='lat' dir='ltr'><strong>ad</strong></span> 
     </span>
    </p>
   </div>
   <div class='ocr_carea' id='block_1_108' title="bbox 1970 4621 3552 4694">
    <p class='ocr_par' dir='ltr' id='par_1_108' title="bbox 1970 4621 3552 4694">
     <span class='ocr_line' id='line_1_108' title="bbox 1970 4621 3552 4694; baseline 0 -17"><span class='ocrx_word' id='word_1_802' title='bbox 1970 4622 2280 4694; x_wconf 80' lang='lat' dir='ltr'><strong>pacificum,</strong></span> <span class='ocrx_word' id='word_1_803' title='bbox 2317 4621 2562 4692; x_wconf 89' lang='lat' dir='ltr'><strong>inquam,</strong></span> <span class='ocrx_word' id='word_1_804' title='bbox 2599 4631 2799 4677; x_wconf 88' lang='lat' dir='ltr'><strong>statum</strong></span> <span class='ocrx_word' id='word_1_805' title='bbox 2831 4629 2888 4676; x_wconf 91' lang='lat' dir='ltr'><strong>et</strong></span> <span class='ocrx_word' id='word_1_806' title='bbox 2922 4621 3299 4691; x_wconf 90' lang='lat' dir='ltr'><strong>impatibilcm,</strong></span> <span class='ocrx_word' id='word_1_807' title='bbox 3333 4629 3390 4676; x_wconf 89' lang='lat' dir='ltr'><strong>et</strong></span> <span class='ocrx_word' id='word_1_808' title='bbox 3419 4622 3552 4677; x_wconf 64' lang='lat' dir='ltr'><strong>aedi-</strong></span> 
     </span>
    </p>
   </div>
   <div class='ocr_carea' id='block_1_109' title="bbox 1973 4715 3550 4788">
    <p class='ocr_par' dir='ltr' id='par_1_109' title="bbox 1973 4715 3550 4788">
     <span class='ocr_line' id='line_1_109' title="bbox 1973 4715 3550 4788; baseline 0 -18"><span class='ocrx_word' id='word_1_809' title='bbox 1973 4716 2158 4772; x_wconf 77' lang='lat' dir='ltr'><strong>ficavit</strong></span> <span class='ocrx_word' id='word_1_810' title='bbox 2187 4715 2473 4785; x_wconf 87' lang='lat' dir='ltr'><strong>templum,</strong></span> <span class='ocrx_word' id='word_1_811' title='bbox 2496 4730 2692 4787; x_wconf 88' lang='lat' dir='ltr'><strong>nempe</strong></span> <span class='ocrx_word' id='word_1_812' title='bbox 2722 4715 3090 4788; x_wconf 89' lang='lat' dir='ltr'><strong>cognitionem</strong></span> <span class='ocrx_word' id='word_1_813' title='bbox 3119 4730 3373 4786; x_wconf 88' lang='lat' dir='ltr'><strong>capacem</strong></span> <span class='ocrx_word' id='word_1_814' title='bbox 3397 4731 3550 4770; x_wconf 90' lang='lat' dir='ltr'><strong>sum-</strong></span> 
     </span>
    </p>
   </div>
   <div class='ocr_carea' id='block_1_110' title="bbox 1972 4806 2740 4884">
    <p class='ocr_par' dir='ltr' id='par_1_110' title="bbox 1972 4806 2740 4884">
     <span class='ocr_line' id='line_1_110' title="bbox 1972 4806 2740 4884; baseline -0.003 -22"><span class='ocrx_word' id='word_1_815' title='bbox 1972 4823 2075 4862; x_wconf 73' lang='lat' dir='ltr'><strong>ma:</strong></span> <span class='ocrx_word' id='word_1_816' title='bbox 2104 4806 2404 4877; x_wconf 67' lang='lat' dir='ltr'><strong>sapientiae.</strong></span> <span class='ocrx_word' id='word_1_817' title='bbox 2735 4880 2740 4884; x_wconf 15' lang='grc' dir='ltr'>ἱ</span> 
     </span>
    </p>
   </div>
   <div class='ocr_carea' id='block_1_111' title="bbox 2271 4896 3250 4968">
    <p class='ocr_par' dir='ltr' id='par_1_111' title="bbox 2271 4896 3250 4968">
     <span class='ocr_line' id='line_1_111' title="bbox 2271 4896 3250 4968; baseline -0.001 -16"><span class='ocrx_word' id='word_1_818' title='bbox 2271 4898 2394 4952; x_wconf 79' lang='lat' dir='ltr'><strong>Alia</strong></span> <span class='ocrx_word' id='word_1_819' title='bbox 2436 4897 2810 4968; x_wconf 75' lang='lat' dir='ltr'><strong>contemplatio</strong></span> <span class='ocrx_word' id='word_1_820' title='bbox 2845 4897 2908 4951; x_wconf 90' lang='lat' dir='ltr'><strong>de</strong></span> <span class='ocrx_word' id='word_1_821' title='bbox 2941 4896 3250 4953; x_wconf 84' lang='lat' dir='ltr'><strong>Zorobabel.</strong></span> 
     </span>
    </p>
   </div>
   <div class='ocr_carea' id='block_1_112' title="bbox 2045 4985 3550 5057">
    <p class='ocr_par' dir='ltr' id='par_1_112' title="bbox 2045 4985 3550 5057">
     <span class='ocr_line' id='line_1_112' title="bbox 2045 4985 3550 5057; baseline -0.001 -15"><span class='ocrx_word' id='word_1_822' title='bbox 2045 4987 2346 5044; x_wconf 87' lang='lat' dir='ltr'><strong>Zorobabel</strong></span> <span class='ocrx_word' id='word_1_823' title='bbox 2378 5003 2574 5051; x_wconf 89' lang='lat' dir='ltr'><strong>novus,</strong></span> <span class='ocrx_word' id='word_1_824' title='bbox 2609 4987 2702 5056; x_wconf 91' lang='lat' dir='ltr'><strong>qui</strong></span> <span class='ocrx_word' id='word_1_825' title='bbox 2737 5001 2836 5056; x_wconf 90' lang='lat' dir='ltr'><strong>per</strong></span> <span class='ocrx_word' id='word_1_826' title='bbox 2871 4997 3111 5040; x_wconf 82' lang='lat' dir='ltr'><strong>veterem</strong></span> <span class='ocrx_word' id='word_1_827' title='bbox 3140 4985 3242 5040; x_wconf 89' lang='lat' dir='ltr'><strong>fuit</strong></span> <span class='ocrx_word' id='word_1_828' title='bbox 3266 4985 3550 5057; x_wconf 86' lang='lat' dir='ltr'><strong>figuratus,</strong></span> 
     </span>
    </p>
   </div>
   <div class='ocr_carea' id='block_1_113' title="bbox 1973 5077 3556 5148">
    <p class='ocr_par' dir='ltr' id='par_1_113' title="bbox 1973 5077 3556 5148">
     <span class='ocr_line' id='line_1_113' title="bbox 1973 5077 3556 5148; baseline -0.003 -12"><span class='ocrx_word' id='word_1_829' title='bbox 1973 5091 2058 5136; x_wconf 88' lang='lat' dir='ltr'><strong>est</strong></span> <span class='ocrx_word' id='word_1_830' title='bbox 2090 5083 2249 5137; x_wconf 84' lang='lat' dir='ltr'><strong>Jesus</strong></span> <span class='ocrx_word' id='word_1_831' title='bbox 2271 5078 2543 5143; x_wconf 87' lang='lat' dir='ltr'><strong>Christus,</strong></span> <span class='ocrx_word' id='word_1_832' title='bbox 2578 5078 2673 5148; x_wconf 91' lang='lat' dir='ltr'><strong>qui</strong></span> <span class='ocrx_word' id='word_1_833' title='bbox 2696 5078 2799 5131; x_wconf 90' lang='lat' dir='ltr'><strong>fuit</strong></span> <span class='ocrx_word' id='word_1_834' title='bbox 2831 5084 3127 5145; x_wconf 90' lang='lat' dir='ltr'><strong>conceptus</strong></span> <span class='ocrx_word' id='word_1_835' title='bbox 3151 5077 3205 5131; x_wconf 94' lang='lat' dir='ltr'><strong>in</strong></span> <span class='ocrx_word' id='word_1_836' title='bbox 3235 5077 3556 5132; x_wconf 82' lang='lat' dir='ltr'><strong>confusione</strong></span> 
     </span>
    </p>
   </div>
   <div class='ocr_carea' id='block_1_114' title="bbox 1976 5167 3556 5241">
    <p class='ocr_par' dir='ltr' id='par_1_114' title="bbox 1976 5167 3556 5241">
     <span class='ocr_line' id='line_1_114' title="bbox 1976 5167 3556 5241; baseline -0.004 -13"><span class='ocrx_word' id='word_1_837' title='bbox 1976 5183 2178 5229; x_wconf 76' lang='lat' dir='ltr'><strong>nostra:</strong></span> <span class='ocrx_word' id='word_1_838' title='bbox 2214 5181 2442 5227; x_wconf 69' lang='lat' dir='ltr'><strong>naturae.</strong></span> <span class='ocrx_word' id='word_1_839' title='bbox 2477 5171 2545 5226; x_wconf 87' lang='lat' dir='ltr'><strong>Et</strong></span> <span class='ocrx_word' id='word_1_840' title='bbox 2585 5169 2803 5241; x_wconf 84' lang='lat' dir='ltr'><strong>genitus</strong></span> <span class='ocrx_word' id='word_1_841' title='bbox 2843 5167 3067 5238; x_wconf 90' lang='lat' dir='ltr'><strong>quidem</strong></span> <span class='ocrx_word' id='word_1_842' title='bbox 3115 5177 3200 5223; x_wconf 87' lang='lat' dir='ltr'><strong>est</strong></span> <span class='ocrx_word' id='word_1_843' title='bbox 3233 5169 3398 5224; x_wconf 91' lang='lat' dir='ltr'><strong>homo</strong></span> <span class='ocrx_word' id='word_1_844' title='bbox 3431 5184 3556 5238; x_wconf 86' lang='lat' dir='ltr'><strong>per-</strong></span> 
     </span>
    </p>
   </div>
   <div class='ocr_carea' id='block_1_115' title="bbox 1977 5260 3564 5335">
    <p class='ocr_par' dir='ltr' id='par_1_115' title="bbox 1977 5260 3564 5335">
     <span class='ocr_line' id='line_1_115' title="bbox 1977 5260 3564 5335; baseline -0.005 -13"><span class='ocrx_word' id='word_1_845' title='bbox 1977 5266 2176 5330; x_wconf 85' lang='lat' dir='ltr'><strong>fectus,</strong></span> <span class='ocrx_word' id='word_1_846' title='bbox 2209 5265 2304 5335; x_wconf 90' lang='lat' dir='ltr'><strong>qui</strong></span> <span class='ocrx_word' id='word_1_847' title='bbox 2339 5279 2449 5320; x_wconf 90' lang='lat' dir='ltr'><strong>non</strong></span> <span class='ocrx_word' id='word_1_848' title='bbox 2487 5263 2593 5318; x_wconf 87' lang='lat' dir='ltr'><strong>fuit</strong></span> <span class='ocrx_word' id='word_1_849' title='bbox 2632 5261 2921 5317; x_wconf 82' lang='lat' dir='ltr'><strong>nobiscum</strong></span> <span class='ocrx_word' id='word_1_850' title='bbox 2961 5260 3230 5330; x_wconf 82' lang='lat' dir='ltr'><strong>captivus,</strong></span> <span class='ocrx_word' id='word_1_851' title='bbox 3263 5275 3444 5331; x_wconf 89' lang='lat' dir='ltr'><strong>neque</strong></span> <span class='ocrx_word' id='word_1_852' title='bbox 3475 5268 3564 5314; x_wconf 82' lang='lat' dir='ltr'><strong>at-</strong></span> 
     </span>
    </p>
   </div>
   <div class='ocr_carea' id='block_1_116' title="bbox 1979 5357 3660 5427">
    <p class='ocr_par' dir='ltr' id='par_1_116' title="bbox 1979 5357 3660 5427">
     <span class='ocr_line' id='line_1_116' title="bbox 1979 5357 3660 5427; baseline -0.002 -14"><span class='ocrx_word' id='word_1_853' title='bbox 1979 5367 2188 5414; x_wconf 84' lang='lat' dir='ltr'><strong>tractus</strong></span> <span class='ocrx_word' id='word_1_854' title='bbox 2221 5359 2290 5412; x_wconf 89' lang='lat' dir='ltr'><strong>ad</strong></span> <span class='ocrx_word' id='word_1_855' title='bbox 2323 5358 2701 5414; x_wconf 80' lang='lat' dir='ltr'><strong>confusionem</strong></span> <span class='ocrx_word' id='word_1_856' title='bbox 2735 5357 2902 5411; x_wconf 85' lang='lat' dir='ltr'><strong>animi</strong></span> <span class='ocrx_word' id='word_1_857' title='bbox 2951 5364 3197 5411; x_wconf 91' lang='lat' dir='ltr'><strong>motuum</strong></span> <span class='ocrx_word' id='word_1_858' title='bbox 3242 5372 3305 5411; x_wconf 93' lang='lat' dir='ltr'><strong>ac</strong></span> <span class='ocrx_word' id='word_1_859' title='bbox 3340 5365 3558 5427; x_wconf 76' lang='lat' dir='ltr'><strong>pertur-</strong></span> <span class='ocrx_word' id='word_1_860' title='bbox 3641 5397 3660 5409; x_wconf 50' lang='grc' dir='ltr'><strong>κ</strong></span> 
     </span>
    </p>
   </div>
   <div class='ocr_carea' id='block_1_117' title="bbox 1979 5448 3557 5519">
    <p class='ocr_par' dir='ltr' id='par_1_117' title="bbox 1979 5448 3557 5519">
     <span class='ocr_line' id='line_1_117' title="bbox 1979 5448 3557 5519; baseline -0.001 -13"><span class='ocrx_word' id='word_1_861' title='bbox 1979 5452 2282 5506; x_wconf 89' lang='lat' dir='ltr'><strong>bationum.</strong></span> <span class='ocrx_word' id='word_1_862' title='bbox 2316 5470 2334 5501; x_wconf 85' lang='grc'><strong>‹</strong></span> <span class='ocrx_word' id='word_1_863' title='bbox 2364 5450 2655 5505; x_wconf 84' lang='lat' dir='ltr'><strong>Peccatum</strong></span> <span class='ocrx_word' id='word_1_864' title='bbox 2680 5449 2850 5515; x_wconf 90' lang='lat' dir='ltr'><strong>enim,</strong></span> <span class='ocrx_word' id='word_1_865' title='bbox 2878 5449 3074 5519; x_wconf 91' lang='lat' dir='ltr'><strong>inquit,</strong></span> <span class='ocrx_word' id='word_1_866' title='bbox 3102 5463 3209 5504; x_wconf 94' lang='lat' dir='ltr'><strong>non</strong></span> <span class='ocrx_word' id='word_1_867' title='bbox 3235 5448 3382 5512; x_wconf 88' lang='lat' dir='ltr'><strong>fecit,</strong></span> <span class='ocrx_word' id='word_1_868' title='bbox 3413 5448 3557 5504; x_wconf 91' lang='lat' dir='ltr'><strong>inter</strong></span> 
     </span>
    </p>
   </div>
   <div class='ocr_carea' id='block_1_118' title="bbox 1935 5539 3556 5609">
    <p class='ocr_par' dir='ltr' id='par_1_118' title="bbox 1935 5539 3556 5609">
     <span class='ocr_line' id='line_1_118' title="bbox 1935 5539 3556 5609; baseline -0.001 -15"><span class='ocrx_word' id='word_1_869' title='bbox 1935 5552 1948 5565; x_wconf 84' lang='grc'><strong>·</strong></span> <span class='ocrx_word' id='word_1_870' title='bbox 1979 5554 2081 5594; x_wconf 89' lang='lat' dir='ltr'><strong>nos</strong></span> <span class='ocrx_word' id='word_1_871' title='bbox 2104 5549 2285 5592; x_wconf 90' lang='lat' dir='ltr'><strong>autem</strong></span> <span class='ocrx_word' id='word_1_872' title='bbox 2316 5539 2562 5608; x_wconf 88' lang='lat' dir='ltr'><strong>captivos</strong></span> <span class='ocrx_word' id='word_1_873' title='bbox 2585 5549 2670 5595; x_wconf 90' lang='lat' dir='ltr'><strong>est</strong></span> <span class='ocrx_word' id='word_1_874' title='bbox 2698 5548 2858 5594; x_wconf 89' lang='lat' dir='ltr'><strong>natus</strong></span> <span class='ocrx_word' id='word_1_875' title='bbox 2884 5556 2897 5592; x_wconf 91' lang='lat'><strong>:</strong></span> <span class='ocrx_word' id='word_1_876' title='bbox 2923 5548 2980 5594; x_wconf 91' lang='lat' dir='ltr'><strong>ct</strong></span> <span class='ocrx_word' id='word_1_877' title='bbox 3005 5554 3131 5593; x_wconf 88' lang='lat' dir='ltr'><strong>cum</strong></span> <span class='ocrx_word' id='word_1_878' title='bbox 3162 5539 3323 5594; x_wconf 87' lang='lat' dir='ltr'><strong>nobis</strong></span> <span class='ocrx_word' id='word_1_879' title='bbox 3352 5539 3556 5609; x_wconf 79' lang='lat' dir='ltr'><strong>iniquis</strong></span> 
     </span>
    </p>
   </div>
   <div class='ocr_carea' id='block_1_119' title="bbox 1979 5628 3558 5700">
    <p class='ocr_par' dir='ltr' id='par_1_119' title="bbox 1979 5628 3558 5700">
     <span class='ocr_line' id='line_1_119' title="bbox 1979 5628 3558 5700; baseline -0.001 -14"><span class='ocrx_word' id='word_1_880' title='bbox 1979 5638 2064 5686; x_wconf 84' lang='lat' dir='ltr'><strong>est</strong></span> <span class='ocrx_word' id='word_1_881' title='bbox 2098 5636 2382 5699; x_wconf 86' lang='lat' dir='ltr'><strong>reputatus</strong></span> <span class='ocrx_word' id='word_1_882' title='bbox 2417 5629 2480 5683; x_wconf 81' lang='grc'><strong>⁸³.</strong></span> <span class='ocrx_word' id='word_1_883' title='bbox 2538 5649 2556 5682; x_wconf 78' lang='grc' dir='ltr'><strong>ι</strong></span> <span class='ocrx_word' id='word_1_884' title='bbox 2588 5629 2709 5700; x_wconf 81' lang='lat' dir='ltr'><strong>ipse</strong></span> <span class='ocrx_word' id='word_1_885' title='bbox 2749 5639 2833 5685; x_wconf 87' lang='lat' dir='ltr'><strong>est</strong></span> <span class='ocrx_word' id='word_1_886' title='bbox 2888 5629 3074 5686; x_wconf 84' lang='lat' dir='ltr'><strong>oriens</strong></span> <span class='ocrx_word' id='word_1_887' title='bbox 3121 5629 3259 5685; x_wconf 86' lang='lat' dir='ltr'><strong>lucis</strong></span> <span class='ocrx_word' id='word_1_888' title='bbox 3309 5628 3558 5684; x_wconf 76' lang='lat' dir='ltr'><strong>veritatis</strong></span> 
     </span>
    </p>
   </div>
  </div>
