4062 6202
309 274 341 331 ί
351 270 468 330 285

1699 243 2220 308 COLLECTANEA.

3437 235 3578 292 £9.86

308 379 635 451 Πενταδικὴ
691 379 792 450 μὲν
830 375 942 448 γάρ
986 375 1020 445 ἡ
1054 369 1328 442 αἴσθησις·
1354 367 1707 440 ἑϐδοματικδς
1761 366 1820 419 δὲ
1873 366 1904 418 6

2025 361 2096 415 ia.
2131 355 2428 426 Quinarius
2449 353 2598 412 enim
2627 357 2714 410 est
2741 365 2937 409 sensus
2961 367 2975 406 :
2999 347 3585 421 septenarium'autcm

307 474 537 547 χρόνος,
571 471 639 524 δι’
665 469 724 522 ὃν
745 469 775 520 6
801 465 1012 521 δώδεκα
1042 460 1480 533 συμπληροῦται·
1513 456 1732 528 καὶτῆς
1770 454 1906 526 πρὸς

307 546 501 619 ταῦτα
555 560 731 632 ψυχῆς
787 559 846 610 ὲν
901 554 1111 616 τούτοις
1175 550 1580 606 ἀπαλλάττεται
1624 546 1868 609 δουλείας
1887 581 1904 609 ,

309 656 680 722 ἐπειγόμενος
708 643 845 718 πρὸς
872 645 972 714 τὴν
1009 643 1120 696 άνω
1157 638 1535 712 Ἰερουσαλὴμ,
1575 636 1715 707 ἔχων
1738 635 1908 706 χωρὶς

315 744 536 802 παίδων
575 734 974 806 καὶγυναικῶν
1018 730 1284 803 μυριάδας
1331 729 1375 783 δ’
1423 727 1760 798 τρισχιλίους
1806 724 1904 788 τε.

321 835 533 896 Παῖδες
572 831 674 902 μὲν
700 826 796 884 οὖν
834 829 996 891 εἰσιν,
1024 826 1074 878 οί
1105 823 1215 877 τῶν
1246 820 1494 891 φυσικῶν
1517 817 1612 872 καὶ
1646 813 1901 884 ἀδιαὸλήο

313 940 435 978 των
457 921 646 975 παθῶν
669 916 939 988 λογισμοί·
964 917 1218 984 γυναῖκες
1247 913 1304 966 δὲ
1328 913 1386 966 αἱ
1420 907 1561 964 κατὰ
1596 905 1758 977 φύσιν
1787 904 1910 975 ὀρέ-

316 1014 437 1078 ξεις
458 1013 554 1066 καὶ
579 1010 787 1082 ἡδοναί·
822 1009 917 1062 καὶ
941 1009 974 1078 ἡ
1003 1003 1242 1075 τυχοῦσα
1261 1001 1369 1072 γὰρ
1399 998 1572 1070 τροφὴ
1594 998 1739 1050 ποιεῖ
1768 993 1911 1048 κατὰ

315 1103 490 1172 φύσιν
519 1100 736 1172 ἡδονὴν,
762 1097 1146 1170 προλαϐοῦσαν
1179 1095 1386 1147 ἔνδειαν
1417 1086 1906 1161 παραμυθουμένη,

316 1196 424 1251 καί
452 1197 486 1266 ἠ
529 1192 771 1264 τυχοῦσα
823 1191 980 1252 πόσις
1031 1188 1131 1257 τὴν
1168 1185 1388 1256 ὄχλησιν
1420 1180 1515 1235 τοῦ
1557 1179 1742 1250 δίψους
1775 1179 1911 1232 άπο·

319 1286 654 1359 κρουομένη,
688 1283 782 1337 καὶ
810 1281 988 1352 τυχὼν
1011 1279 1179 1342 ῦπνος
1207 1277 1309 1348 τὴν
1330 1275 1389 1344 ἐξ
1415 1274 1798 1344 ἐγρηγόρσεως
1821 1285 1910 1323 κε-

319 1379 612 1449 κμηκυῖαν
645 1374 1032 1443 ἀνακτώμενος
1082 1370 1330 1439 δύναμιν.
1373 1365 1511 1420 Οὔτε
1551 1365 1609 1418 δὲ
1652 1365 1703 1417 οἱ
1740 1363 1911 1434 δηλω-

322 1469 518 1533 θέντες
561 1467 853 1537 λογισμοὶ,
900 1463 1027 1518 οὔτε
1077 1461 1382 1533 αίρεθεῖσαι
1425 1458 1645 1530 ἡδοναὶ,
1693 1472 1913 1527 συναρι-

322 1563 614 1635 θμούμενα
627 1563 735 1623 τοῖς
753 1559 1039 1629 ἀνδράσιν,
1065 1556 1141 1618 ὡς
1157 1555 1256 1623 οὐχ
1273 1550 1561 1622 ὑφεστῶτα
1580 1548 1700 1604 καθ’
1718 1548 1909 1613 ἑαυτὰ,

325 1655 483 1725 ὅμως
506 1650 922 1722 συνεξέρχονται
952 1646 1164 1709 τούτοις
1193 1643 1457 1715 φεύγουσι
1482 1641 1582 1712 τὴν
1611 1639 1910 1712 ἁμαρτίαν,

2007 459 2246 520 tempus,
2289 456 2515 519 propter
2555 445 2703 516 quod
2736 443 3043 512 completur
3087 439 3461 496 duodenarius
3494 446 3592 492 :et

2003 544 2066 598 in
2109 544 2197 598 his
2225 542 2495 598 liberatur
2523 555 2557 594 a
2591 537 2855 594 servitute
2887 549 3008 604 qua:
3036 534 3103 588 ad
3131 548 3195 587 ea
3227 529 3442 586 exsistit
3467 527 3591 582 ani-

2007 650 2131 700 mae,
2165 634 2432 699 festinans
2459 631 2528 686 ad
2554 644 2848 700 supernam
2867 625 3194 689 Jerusalem,
3215 622 3424 676 habens
3447 633 3591 688 prat—

2009 732 2094 781 ter
2115 741 2315 796 pueros
2336 733 2392 780 et
2410 723 2643 778 feminas
2665 719 3028 791 quadraginta
3052 717 3157 770 tria
3178 713 3350 768 millia
3371 720 3592 766 trecen-

2012 826 2096 871 tos
2109 826 2166 871 ct
2179 816 2482 886 sexaginta.
2501 813 2679 882 Atque
2697 810 2854 881 pueri
2871 809 3093 879 quidem
3111 815 3241 861 sunt
3255 801 3591 857 naturalium

2007 915 2066 961 et
2100 903 2523 976 reprehensioni
2556 918 2667 957 non
2695 900 2938 955 amnium
2970 895 3270 952 affectuum
3304 891 3593 962 cogitatio-

2009 1014 2130 1064 nes;
2152 998 2373 1052 femina:
2399 1005 2584 1051 autem
2620 1002 2750 1050 sunt
2782 1010 2861 1048 eae
2884 1008 3005 1062 quae
3023 998 3150 1045 sunt
3171 991 3323 1060 juxta
3342 995 3594 1040 naturam

2009 1089 2384 1160 appetitiones
2405 1097 2461 1143 et
2486 1088 2815 1156 voluptates.
2843 1086 2974 1138 Nam
3000 1081 3235 1152 quodvis
3272 1079 3595 1131 alimentum

2009 1181 2176 1237 efﬁcit
2199 1181 2500 1236 secundum
2527 1191 2781 1234 naturam
2806 1178 3164 1245 voluptatem,
3196 1173 3594 1242 praecedentem

2009 1272 2210 1326 famem
2240 1286 2516 1336 recreans,
2543 1279 2599 1325 et
2624 1269 2809 1339 quivis
2836 1278 3000 1337 potus
3026 1267 3148 1320 sitis
3177 1265 3449 1334 repellens
3475 1278 3595 1316 mo—

2009 1364 2248 1430 lestiam,
2277 1373 2334 1418 et
2365 1364 2548 1433 quivis
2579 1351 2827 1426 somnus,
2859 1376 2980 1430 quae
3014 1375 3081 1412 ex
3109 1358 3293 1428 vigilia
3319 1365 3403 1410 est
3441 1356 3595 1410 defa-

2005 1458 2200 1527 ‘tigata,
2231 1471 2489 1510 recreans
2523 1455 2857 1510 facultatem.
2887 1454 3074 1521 Neque
3101 1465 3229 1504 vero
3259 1449 3418 1503 dieue
3446 1446 3597 1516 cogi-

2013 1550 2269 1612 tationes,
2301 1563 2481 1617 neque
2516 1548 2703 1602 electa:
2729 1546 3039 1614 voluptates
3072 1557 3196 1596 eum
3227 1541 3364 1595 viris
3389 1555 3599 1594 connu-

2012 1648 2331 1703 merantur,
2369 1648 2431 1694 ut
2473 1653 2595 1708 qua:
2641 1653 2742 1707 per
2781 1651 2840 1691 se
2886 1651 2997 1690 non
3045 1633 3390 1688 consistant:
3436 1628 3597 1684 simul

329 1717 430 1802 καὶ
467 1742 608 1816 πρὸς
800 1739 1150 1808 δικαιοσύνην
1195 1735 1470 1792 ἀπιοῦσινο
1524 1732 1602 1796 ὡς
1637 1733 1914 1798 ἀναγκαία

2021 1740 2200 1786 tamen
2232 1746 2356 1785 eum
2386 1731 2454 1784 iis
2480 1729 2870 1800 egrediuntur,
2903 1724 3240 1796 fugientibus
3277 1729 3596 1792 peceatum,

336 1840 440 1909 μὲν
471 1839 554 1902 είς
588 1835 848 1890 σύστασιν
887 1831 1126 1901 φύσεως,
1163 1827 1408 1901 χρήσιμα
1450 1826 1509 1880 δὲ
1540 1825 1677 1896 πρὸς
1723 1824 1917 1894 κτῆσιν

329 1927 556 2001 ἀρετῆς.
588 1927 659 1980 Ἢ
691 1925 783 1980 καὶ
825 1922 1002 1986 ἄλλως
1027 1936 1040 1950 ·
1071 1921 1132 1975 οὐ
1187 1917 1666 1990 συναριθμοῦνται,
1713 1915 1790 1978 ὡς
1841 1912 1918 1985 μὴ

330 2016 832 2090 συμμεθιστάμενα
882 2011 1022 2084 πρὸς
1060 2010 1162 2082 τὴν
1191 2007 1485 2090 Αὰθάνατον
1538 2004 1707 2074 ζωήψ
1749 2002 1918 2073 χωρὶς

329 2088 573 2183 γὰρκαὶ
599 2104 875 2177 λογισμῶν
899 2102 1158 2158 τοιούτων
1191 2088 1297 2156 ’καὶ
1327 2097 1528 2171 ἡδονῶν
1592 2097 1710 2149 ἐκεῖ
1749 2110 1918 2165 μετα-

331 2203 615 2274 ϐαίνομεν.
638 2199 693 2254 A’
721 2199 777 2252 δὲ
811 2195 1076 2268 μυριάδες
1108 2194 1270 2261 είσὶν,
1298 2193 1356 2246 αι
1385 2191 1429 2248 δ’
1458 2190 1674 2260 γενικαὶ
1702 2188 1916 2261 ἀρεταὶ,

335 2293 622 2366 φρόνησις,
647 2290 888 2361 ἀνδρεία,
937 2285 1282 2358 σωφροσύνη,
1308 2282 1646 2354 δικαιοσύνη,
1691 2281 1810 2354 μεθ’
1845 2276 1921 2338 ὧν

337 2387 436 2442 καὶ
468 2386 635 2456 φύσιν
678 2383 773 2438 καὶ
812 2382 1003 2453 χρόνον
1059 2377 1253 2442 διαϐὰς
1287 2380 1316 2432 6
1347 2376 1493 2443 νοῦς,
1527 2375 1664 2447 πρὸς
1701 2373 1800 2445 τὴν
1821 2374 1922 2444 τῆς

335 2477 614 2542 ἀπαθείας
667 2474 822 2546 λῆξιν
877 2472 1338 2528 ἀποκαθίσταται.
1401 2469 1475 2523 Ἢ
1520 2470 1576 2522 αί
1630 2467 1672 2521 δ’
1706 2464 1923 2536 γενικαὶ

341 2569 626 2634 ἀπάθειαι,
650 2560 727 2622 ὧν
765 2565 954 2638 πρώτη
989 2565 1087 2636 μὲν
1105 2566 1140 2636 ἡ
1160 2562 1430 2633 παντελὴς
1462 2559 1640 2631 ἀποχή
1674 2562 1775 2631 τῆς
1799 2557 1922 2612 κατ’

344 2655 514 2734 ἔργοὶΐ
535 2658 829 2733 ἁμαρτίας,
878 2660 938 2712 ἐν
973 2660 1088 2722 τοῖς
1119 2656 1505 2724 είσαγωγικοῖς
1545 2652 1919 2723 θεωρουμένη.

342 2751 582 2823 Δευτέρα
621 2750 677 2804 δὲ
704 2751 738 2820 ὴ
771 2747 1041 2819 παντελὴς
1067 2744 1310 2816 ἀποϐολὴ
1343 2744 1450 2797 τῶν
1481 2741 1746 2814 ὲμπαθῶν
1774 2741 1922 2808 λογι-

343 2843 518 2915 σμῶν,
566 2844 626 2897 ὲν
667 2843 780 2905 τοῖς
810 2841 953 2911 ὑπὲρ
986 2837 1210 2900 τούτους
1249 2833 1637 2906 συνισταμένη.
1669 2831 1839 2902 Τρίτη
1865 2831 1922 2884 δὲ

341 2936 376 3004 ἡ
410 2934 539 3004 περὶ
568 2932 638 2986 τὰ
665 2930 815 3001 πάθη
843 2925 1116 2997 παντελὴς
1147 2922 1406 2994 ἀκινησία
1427 2923 1486 2975 ἐν
1515 2923 1630 2984 τοῖς
1659 2917 1923 2990 ὑψηλοτέ-

342 3043 457 3097 ροις
496 3021 775 3094 γινομένη.
821 3017 1072 3117 Τετάρτη
1101 3017 1160 3072 δὲ
1189 3018 1223 3088 ἡ
1259 3015 1364 3117 καὶ.
1393 3014 1564 3117 αὐτῆς
1597 3011 1664 3082 δὴ
1697 3011 1798 3117 τῇς
1827 3009 1920 3114 ψι-
1949 3060 1991 3117 C

339 3117 437 3187 λῆς
462 3113 765 3184 φαντασίας
782 3111 891 3165 τῶν
923 3108 1113 3164 παθῶν
1145 3104 1413 3172 παντελὴς
1432 3102 1698 3173 κάθαρσις
1719 3100 1779 3153 ἐν
1807 3100 1921 3161 τοῖς

339 3207 564 3271 τελείοις
601 3203 878 3277 ὁρωμένη.
915 3201 1126 3272 Ὥσπερ
1179 3198 1236 3252 δὲ
1272 3197 1362 3266 ὑφ’
1412 3194 1652 3264 ἑκάστην
1698 3189 1922 3261 γενικὴν

342 3301 544 3374 ἀρετὴν
575 3300 610 3371 ἢ
645 3287 940 3362 ἀπάθειαν,
974 3292 1170 3348 πολλαί
1205 3293 1311 3344 είσι
1364 3285 1588 3359 μερικαὶ
1610 3283 1804 3354 ἀρεταὶ
1829 3281 1924 3335 καὶ

286 3387 290 3394 ’
344 3389 628 3446 άπάθειαι.
681 3389 744 3441 οι
797 3387 854 3441 δὲ
895 3383 1185 3457 τρισχίλιοι
1237 3379 1338 3451 τὴν
1380 3377 1590 3431 τελείαν
1643 3373 1924 3442 θεολογίαν

347 3478 690 3551 ὑποδηλοῦσι.
715 3477 875 3547 Τρεῖς
913 3475 1010 3546 μὲν
1040 3471 1130 3526 διὰ
1157 3470 1257 3533 τὰς
1287 3469 1439 3538 τρεῖς
1471 3463 1802 3526 ὑποστάσεις
1821 3463 1923 3532 τῆς

347 3567 634 3638 Θεότητος.
661 3564 838 3619 Χίλιοι
861 3564 919 3617 δὲ
942 3562 1032 3617 διὰ
1056 3559 1157 3627 τὴν
1187 3555 1507 3626 τελειότητα
1527 3553 1625 3624 τῆς
1645 3553 1774 3623 περὶ
1803 3552 1926 3606 ἑκά-

349 3677 477 3714 στου
502 3658 706 3713 τούτων
734 3655 1036 3724 θεολογίας.
1072 3648 1364 3709 Τελείωσις
1393 3645 1502 3717 γὰρ
1531 3642 1921 3708 ἑκατοντάδων,

347 3753 382 3822 ἡ
417 3749 593 3821 χιλιὰς
616 3765 632 3781 ο
667 3746 858 3815 ῶσπερ
901 3746 936 3815 ή
985 3742 1082 3812 μὲν
1115 3738 1281 3802 δεκὰς
1323 3735 1590 3808 μονάδων,
1621 3736 1655 3806 ἡ
1701 3735 1758 3788 δὲ
1789 3736 1922 3790 ἑκα-

347 3838 538 3903 τοντάς
570 3835 830 3898 δεκάδων,
871 3833 907 3902 ἡ
957 3831 1014 3884 δὲ
1045 3827 1246 3900 μυριὰς
1283 3824 1560 3896 χιλιάδων·
1605 3825 1656 3877 οι
1686 3824 1744 3878 δὲ
1772 3841 1926 3896 τρια-

349 3931 525 3987 κόσιοι
548 3929 676 3990 τοὺς
729 3923 862 3995 περὶ
913 3919 1118 3992 ἀρετῆς
1163 3919 1422 3989 καὶπερὶ
1469 3916 1685 3988 φύσεως
1735 3915 1928 3986 λόγους

353 4017 804 4089 ὑποσημαίνουσι.
840 4012 964 4065 Τῶν
1008 4009 1336 4082 τριακοσίων
1372 4007 1483 4080 γὰρ
1528 4007 1743 4079 ἐπινοίᾳ.
1787 4007 1930 4062 διαι-

355 4110 638 4182 ρουμένων
673 4108 751 4170 είς
779 4103 975 4159 ἑκατόν
1002 4119 1064 4158 τε
1086 4102 1180 4156 καὶ
1205 4099 1474 4154 διακόσια*
1498 4100 1528 4152 ό
1561 4098 1661 4169 μὲν
1694 4098 1742 4171 ρ’
1770 4097 1927 4170 άριθ-

355 4202 454 4274 pb;
485 4197 713 4272 μηνύσει
747 4196 849 4268 τὴν
883 4193 1095 4248 τελείαν
1141 4191 1346 4264 ἀρετὴν
1391 4189 1929 4254 δεκαπλασιάζουσαν

352 4295 452 4365 τὴν
477 4291 677 4347 δεκάδα
697 4288 806 4342 τῶν
829 4285 1152 4358 θεογράφων
1185 4282 1434 4339 ἐντολῶν.
1477 4281 1542 4338 ’0
1571 4282 1822 4336 διακόσια
1845 4281 1924 4348 δὲ,

2013 1833 2072 1879 et
2097 1822 2165 1878 ad
2185 1823 2452 1894 justitiam
2478 1819 2978 1892 proﬁciscentibus,
3000 1826 3061 1871 ut
3090 1831 3211 1886 quae
3240 1815 3352 1868 sint
3373 1811 3600 1882 quidem

2015 1915 2328 1970 necessaria
2364 1913 2432 1969 ad
2468 1911 2908 1968 constituendam
2938 1919 3211 1972 naturam,
3238 1905 3392 1960 utilia
3415 1912 3600 1969 autem

2016 2006 2086 2062 ad
2118 2007 2421 2076 parandam
2459 2005 2742 2060 virtutem.
2769 2003 2878 2057 Aut
2902 2001 3068 2056 etiam
3096 1999 3274 2053 aliter.
3307 1997 3429 2050 Non
3465 2009 3601 2048 con—

2017 2106 2382 2154 numerantur
2414 2113 2540 2153 cum
2577 2096 2738 2160 viris,
2769 2102 2832 2149 ut
2870 2109 2993 2164 qum
3030 2107 3139 2146 non
3175 2090 3337 2145 simul
3364 2088 3606 2158 migrent

2018 2188 2087 2243 ad
2110 2189 2277 2243 vitam
2302 2187 2686 2242 immortalem.
2712 2186 2847 2240 Nam
2877 2184 3084 2255 absque
3112 2179 3425 2253 hujusmodi
3454 2178 3596 2249 cogi-

2019 2279 2326 2336 tationibus
2347 2288 2405 2336 et
2428 2277 2805 2348 voluptatibus
2840 2275 2971 2330 illuc
3005 2273 3322 2328 transimus.
3354 2269 3604 2336 Quadra-

2019 2373 2170 2443 ginta
2210 2381 2396 2428 autem
2427 2371 2599 2426 millia
2628 2379 2759 2425 sunt
2784 2379 3020 2440 quatuor
3044 2366 3324 2438 generales
3347 2364 3604 2426 virtutes,

2019 2464 2350 2536 prudentia,
2395 2463 2699 2527 fortitudo,
2745 2459 3141 2532 temperantia,
3185 2455 3419 2527 justitia.
3466 2453 3605 2509 Cum

2021 2558 2224 2629 quibus
2248 2573 2374 2613 cum
2403 2564 2460 2611 et
2486 2565 2738 2612 naturam
2768 2561 2824 2607 et
2862 2561 3078 2621 tempus
3117 2564 3274 2604 mens
3305 2544 3606 2607 transierit,

2023 2645 2334 2700 restituitur
2373 2644 2512 2698 sorti
2557 2641 2999 2712 impatibilitatis.
3043 2640 3153 2694 Aut
3201 2646 3330 2695 sunt
3372 2644 3610 2708 quatuor

2022 2737 2305 2809 generales
2345 2734 2804 2804 impatibilitates,
2835 2747 2903 2786 ex
2933 2730 3136 2802 quibus
3175 2730 3352 2800 prima
3380 2729 3604 2798 quidem

2023 2836 2110 2882 est
2135 2826 2380 2897 perfecta
2403 2835 2460 2882 et
2490 2824 2642 2880 omni
2665 2840 2731 2880 ex
2759 2833 2913 2895 parte
2939 2822 3189 2878 absoluta
3213 2821 3543 2877 abstinentia
3575 2837 3606 2877 a

2023 2927 2250 2991 peccato
2281 2919 2338 2973 in
2381 2918 2723 2989 operatione,
2751 2916 3098 2972 considerata
3129 2915 3185 2969 in
3213 2914 3282 2970 iis
3309 2911 3406 2986 qui
3445 2913 3607 2970 insti-

2025 3019 2276 3066 tuuntur.
2312 3009 2564 3066 Secunda
2593 3017 2778 3064 autem
2809 3016 2895 3063 est
2922 3006 3178 3078 perfecta
3200 3003 3436 3078 abjectio
3460 3006 3604 3078 pati-

2023 3103 2218 3160 bilium
2239 3103 2656 3173 cogitationum,
2682 3100 2990 3155 consistens
3015 3099 3072 3153 in
3090 3099 3158 3154 iis
3176 3099 3272 3170 qui
3286 3105 3417 3155 sunt
3441 3114 3609 3170 supra

2023 3195 2194 3265 ipsos.
2247 3193 2433 3248 Tertia
2478 3201 2661 3248 autem
2705 3199 2790 3247 est
2838 3191 3082 3262 perfecta
3126 3191 3184 3246 in
3215 3176 3522 3248 affectibus
3552 3200 3610 3247 et

2023 3284 2190 3340 animi
2224 3283 2474 3339 motibus
2497 3282 2874 3347 immobilitas,
2908 3290 3137 3356 quae-est
3169 3283 3225 3336 in
3268 3281 3608 3338 sublimiori-

2022 3377 2148 3432 bus.
2180 3375 2385 3443 Quarta
2412 3383 2596 3429 autem
2622 3381 2706 3429 est
2738 3373 2912 3443 ipsius
2941 3373 3103 3427 nudae
3137 3373 3442 3442 phantasma
3469 3371 3609 3428 affe-

2023 3473 2212 3521 ctuum
2248 3473 2306 3520 et
2335 3464 2506 3518 animi
2550 3471 2799 3517 motuum
2829 3462 3072 3531 perfecta
3113 3461 3456 3532 expurgatio,
3483 3477 3611 3532 qua

2023 3558 2270 3614 cernitur
2292 3557 2348 3611 in
2380 3556 2658 3627 perfectis.
2685 3553 2972 3622 Quomodo
3010 3553 3114 3609 sub
3156 3569 3485 3625 unaquaque
3508 3569 3605 3625 εο-

2023 3650 2198 3710 nerali
2235 3649 2441 3704 virtute
2467 3655 2563 3703 aut
2592 3645 3001 3718 impatibilitate
3043 3653 3172 3700 sunt
3208 3645 3373 3701 etiam
3419 3648 3609 3702 multa:

2024 3744 2330 3816 singulares
2372 3741 2608 3797 virtutes
2651 3749 2710 3795 et
2750 3737 3209 3808 impatibilitates.
3254 3737 3382 3791 Tria
3423 3746 3608 3792 autem

2025 3836 2199 3891 millia
2232 3834 2395 3890 tacite
2427 3831 2739 3903 significant
2766 3829 3064 3900 perfectam
3091 3827 3440 3899 theologiam.
3479 3827 3608 3883 Tria

2028 3927 2274 3999 quidem,
2320 3932 2547 3997 propter
2585 3922 2699 3980 ti-es
2727 3923 3052 3996 hypostases
3089 3919 3425 3974 Divinitatis.
3462 3918 3612 3974 Mille

2026 4025 2235 4082 autem,
2262 4024 2487 4087 propter
2512 4013 2906 4087 perfectionem
2935 4007 3244 4081 theologia,
3272 4023 3368 4063 seu
3394 4009 3493 4064 Dei
3523 4023 3610 4063 ra-

2027 4106 2197 4162 tionis
2218 4121 2340 4176 quze
2363 4113 2448 4161 est
2471 4104 2538 4160 de
2563 4117 2893 4174 unaquaque
2925 4115 3136 4156 earum.
3165 4097 3434 4154 Perfectio
3458 4099 3610 4152 enim

2026 4197 2470 4254 ceutenariorum
2503 4204 2589 4252 est
2624 4193 2987 4256 millenarius,
3013 4192 3158 4247 sicut
3191 4189 3455 4244 denarius
3483 4189 3612 4259 qui-

2029 4291 2154 4346 dem
2179 4292 2477 4356 unitatum,
2507 4287 2857 4348 centenarias
2889 4293 3072 4340 autem
3105 4282 3480 4346 denariorum,
3507 4282 3608 4336 de-

351 4383 448 4455 τὴν
486 4381 651 4453 φύσιν
687 4380 750 4446 ἐξ
792 4378 924 4450 ὕλης
957 4375 1053 4432 καὶ
1105 4376 1280 4438 είδους
1309 4375 1721 4444 συνεστηκυῖαν.
1771 4374 1921 4428 Ἐπεὶ

2030 4382 2143 4438 cies
2154 4392 2335 4438 autem
2346 4382 2519 4447 mille,
2531 4380 2785 4435 millium.
2801 4375 3055 4432 Trecenti
3069 4382 3250 4429 autem
3266 4372 3427 4427 tacite
3444 4373 3558 4443 sign
3568 4371 3612 4425 i-

353 4477 460 4549 γὰρ
501 4472 794 4546 τετραδικὴ
847 4471 957 4543 μὴν
1008 4472 1042 4539 ἡ
1072 4469 1194 4540 ὕλη,
1230 4466 1319 4520 διὰ
1352 4465 1453 4536 τὴν
1493 4467 1790 4537 τετρακτὺν
1816 4465 1927 4522 τῶν

355 4566 634 4638 στοιχείων
659 4563 849 4635 αὐτῆς,
875 4561 1196 4618 πενταδικδν
1225 4558 1283 4612 δὲ
1313 4559 1375 4611 τὺ
1407 4555 1549 4621 εἶδος
1576 4557 1664 4612 διὰ
1703 4559 1764 4610 τὸ
1796 4575 1927 4612 πεν-

357 4655 592 4712 ταπλοῦν
641 4657 740 4726 τῆς
781 4653 1106 4724 αίσθήσεως,
1132 4652 1235 4722 τῆς
1261 4650 1330 4704 τὰ
1371 4648 1532 4703 ὑλικὰ
1562 4648 1924 4719 σχηματιζού-

356 4769 474 4823 σης,
526 4747 780 4818 τετράκις
818 4745 912 4799 τὸν
953 4750 995 4798 ν’
1031 4742 1263 4807 συνθεὶς,
1297 4740 1546 4810 ποιήσεις
1576 4745 1621 4792 σ’
1665 4739 1724 4793 δν
1769 4740 1849 4811 τῷ
1880 4746 1926 4813 ρ’

355 4841 516 4896 πάλιν
568 4838 810 4909 συνάψας
861 4834 951 4890 διὰ
981 4835 1082 4906 τῆς
1112 4832 1312 4905 ἀρετῆς
1361 4830 1423 4885 τὸ
1459 4825 1520 4885 εὖ
1561 4826 1724 4886 εἶναι.
1769 4832 1832 4886 Ol
1868 4832 1927 4886 δὲ

355 4931 620 5002 ἑξήκοντα
655 4929 756 4998 τὴν
784 4925 1074 4998 ποιητικὴν
1105 4923 1213 4978 τῶν
1239 4922 1402 4978 θείων
1431 4922 1660 4976 ἐντολῶν
1693 4923 1929 4992 ὑποφαί-

355 5037 505 5076 νουσι
533 5021 796 5091 δύναμιν
839 5020 898 5073 ὲν
929 5016 990 5083 ιε
1027 5015 1127 5087 μὲν
1168 5014 1279 5086 γὰρ
1314 5014 1546 5085 ἡμέραις
1596 5013 1850 5085 ἐποίησεν
1898 5015 1930 5067 6

356 5111 488 5172 Θεὸς
530 5109 621 5163 τὸν
653 5109 856 5178 κόσμον
885 5104 1092 5160 τοῦτον.
1126 5103 1268 5157 Maca
1288 5102 1346 5156 δὲ
1384 5103 1443 5155 al.
1489 5102 1812 5173 θεοδὼρητοι
1841 5104 1934 5158 ὲν-

357 5200 527 5256 τολαίο
574 5199 760 5266 ἑξάκις
807 5196 864 5251 δὶ
906 5195 978 5251 τὰ
1021 5194 1153 5249 δέκα
1191 5193 1491 5264 ἐξήκοντα,
1540 5194 1661 5265 μεθ’
1691 5188 1766 5251 ὧν
1790 5195 1926 5266 ὁμοῦ

358 5293 576 5346 πάντων
631 5291 910 5360 ἐξέρχεται
946 5290 978 5342 6
1035 5287 1290 5358 ἀνωτέρω
1333 5286 1742 5358 διερμηνευθεὶς
1797 5287 1926 5340 Σῦτ.

365 5377 524 5435 Ἐπεὶ
563 5380 623 5434 δὲ
658 5378 981 5446 συνεξῆλθον
1016 5376 1203 5439 αὐτοῖς
1234 5376 1328 5429 καὶ
1357 5376 1565 5443 παῖδες,
1615 5377 1714 5430 καὶ
1736 5377 1927 5430 ,παιδί-

362 5489 506 5536 σκαι,
562 5471 658 5526 καὶ
708 5470 931 5542 ψάλται,
960 5467 1055 5522 καὶ
1079 5467 1370 5537 ψαλτῳδοὶ,
1403 5467 1498 5520 καὶ
1535 5467 1796 5537 κάμηλοι,
1833 5467 1928 5520 καὶ

362 5564 534 5626 ῐπποι,
567 5564 660 5616 καὶ
697 5563 932 5634 ἡμίονοι,
969 5560 1062 5614 καὶ
1102 5557 1401 5626 ὑποζύγια,
1435 5553 1546 5610 εἷεν
1571 5559 1740 5610 ταῦτα
1767 5561 1928 5612 τύποι

370 5654 466 5709 τῶν
491 5653 762 5726 διαφόρων
809 5652 1029 5726 βαθμῶν
1061 5653 1159 5724 τῆς
1199 5651 1542 5722 Ἐκκλησίας,
1578 5650 1643 5703 δι’
1676 5643 1751 5705 ὧν
1796 5668 1926 5722 προσ

2032 4473 2198 4529 ficant
2217 4474 2458 4529 rationes
2471 4472 2540 4527 de
2559 4473 2764 4526 virtute
2787 4475 2843 4523 et
2864 4474 3082 4521 natura.
3107 4464 3363 4520 Trecenti
3383 4464 3530 4518 enim
3561 4464 3611 4518 si

2033 4565 2348 4622 dividantur
2369 4562 2726 4635 intelligentia
2751 4561 2807 4616 in
2829 4568 3049 4614 centum
3070 4565 3127 4612 et
3147 4557 3404 4622 ducenta,
3427 4563 3614 4612 cente-

2034 4656 2224 4711 narius
2242 4654 2463 4725 quidem
2480 4667 2746 4707 numerus
2762 4648 3026 4704 indicabit
3042 4645 3336 4718 perfectam
3352 4643 3614 4722 virtutem

2033 4720 2419 4817 decupla-ntem
2450 4743 2741 4801 denarium
2768 4740 3102 4811 scriptorum
3126 4753 3156 4792 a
3183 4737 3296 4790 Deo
3319 4720 3624 4790 mandato¥

2032 4855 2179 4902 rum,
2209 4837 2447 4893 ducenta
2479 4843 2660 4891 autem
2679 4874 2694 4899 ,
2733 4841 2985 4887 naturam
3030 4836 3369 4884 constantem
3399 4841 3466 4881 ει
3493 4841 3612 4881 ma~

2033 4929 2170 4986 teria
2205 4937 2262 4983 et
2300 4927 2494 4982 forma.
2534 4925 2669 4980 Nam
2710 4921 2969 4992 quoniam
3009 4918 3362 4992 quaternaria
3387 4917 3613 4987 quidem

2032 5031 2117 5078 est
2160 5019 2387 5076 materia
2435 5024 2658 5088 propter
2699 5011 3119 5085 quaternionem
3157 5011 3276 5081 ejus
3303 5010 3611 5064 elemento-

2032 5129 2191 5179 rum,
2237 5111 2411 5167 forma
2460 5115 2642 5163 autem
2687 5112 2772 5160 est
2813 5102 3066 5176 quinaria
3113 5110 3339 5172 preptcr
3385 5115 3611 5156 sensum

2034 5203 2454 5276 quintuplicem,
2472 5200 2564 5270 qui
2588 5199 2783 5270 figurat
2807 5195 3108 5250 materialia
3135 5212 3148 5248 :
3169 5193 3213 5248 si
3240 5203 3432 5263 quater
3451 5193 3612 5263 quin—

2035 5294 2294 5365 quaginta
2325 5287 2718 5359 composueris,
2745 5285 2947 5342 efficies
2973 5285 3241 5349 ducenta;
3268 5299 3387 5353 qua:
3411 5281 3456 5337 si
3482 5297 3614 5336 ocn-

2037 5392 2152 5437 tum
2185 5397 2377 5436 rursus
2410 5378 2778 5451 conjunxeris,
2810 5386 3055 5432 trecenta
3101 5375 3322 5439 eﬂicies,
3351 5383 3609 5447 propter-

2034 5489 2100 5528 ea
2135 5471 2283 5542 quod
2319 5471 2542 5526 virtutis
2577 5469 2735 5524 bona:
2776 5469 2868 5524 sit.
2916 5468 3206 5540 Sexaginta
3257 5476 3438 5524 autem
3473 5467 3609 5522 sub-

2036 5565 2284 5618 indicant
2323 5564 2436 5618 vim
2479 5559 2806 5618 efficientem
2846 5561 3158 5616 divinorum
3197 5560 3604 5616 mandatorum.

2032 5657 2166 5710 Nam
2201 5657 2256 5711 in
2301 5671 2395 5714 sex
2430 5655 2654 5723 quidem
2696 5654 2892 5711 diebus
2921 5654 3065 5709 Deus
3097 5653 3222 5708 fecit
3253 5653 3400 5709 hunc
3441 5667 3604 5706 mun-
