4062 6202
416 215 556 272 (ἢεῖ

1615 221 1673 279 S.
1714 221 1993 279 CYRILLI
2029 220 2122 278 ET
2161 218 2469 278 ALIORUM

3562 208 3757 272 l288

416 332 573 388 dum.
595 332 795 388 Decem
814 342 1001 389 autem
1027 342 1156 390 sunt
1176 350 1207 389 a
1229 334 1341 389 Deo
1357 331 1483 388 data
1510 333 1785 389 mandata.
1812 333 2006 389 Sexies

2118 332 2400 386 ετυποῦντο
2431 333 2490 385 al
2514 326 2783 395 διαθέσεις
2809 328 2921 383 τῶν
2949 327 3338 384 πιστευόντων.
3364 324 3765 395 [latagum

414 434 601 481 autem
629 424 818 479 decem
843 426 1146 496 sexaginta,
1172 441 1297 481 cum
1321 426 1526 496 quibus
1550 427 1812 481 omnibus
1832 426 2000 481 simul

2118 425 2212 497 γὰρ
2253 425 2350 478 καὶ
2390 422 2710 485 παιδίσκαι,
2772 424 2822 474 οἱ
2883 421 3034 491 φόϐῳ
3085 420 3194 474 τῶν
3233 420 3490 473 αίωνων
3548 415 3759 469 κολά-

413 516 701 587 egreditur
734 531 899 585 supra
943 516 1126 572 dictus
1161 516 1483 572 Zorobabel.
1510 517 1779 584 Quoniam
1815 526 1999 572 autem

414 608 581 662 simul
599 622 727 661 cum
750 606 831 661 eis
852 608 1108 663 exierunt
1134 618 1191 663 et
1216 613 1372 680 pueri
1412 621 1469 665 et
1492 611 1709 680 puellae,
1732 617 1789 666 et
1813 612 2002 680 psaltte

415 705 473 750 et
497 706 772 761 cantores,
800 704 857 751 et
879 699 1097 765 cameli,
1121 710 1178 755 et
1199 701 1349 770 equi,
1371 708 1429 756 et
1451 701 1609 767 muli,
1634 710 1691 756 et
1711 702 1997 772 jumenta:

417 789 536 842 haac
566 788 774 842 fuerint
812 788 998 859 ﬁgura:
1032 791 1377 847 diversorum
1420 792 1690 864 graduum
1722 793 1999 857 Ecclesiae,

416 894 517 948 per
545 894 685 948 quos
720 879 1214 949 praeﬁgurabantur
1253 897 1446 936 eorum
1486 882 1581 952 qui
1611 881 1845 937 credunt
1872 882 2006 936 ail‘e-

415 972 649 1026 ctiones.
683 971 819 1024 Nam
864 972 1024 1041 pueri
1058 972 1283 1041 quidem
1327 981 1384 1027 et
1418 973 1615 1042 puella:
1658 980 1787 1028 sunt
1828 973 1866 1027 ii
1905 973 2002 1042 qui

418 1070 570 1115 metu
592 1070 925 1115 aeternorum
960 1062 1360 1132 suppliciorum
1388 1063 1629 1119 subeunt
1651 1078 1792 1118 onus
1813 1064 2005 1118 activae

418 1154 802 1224 philosophiae,
830 1170 1190 1223 asperamque
1219 1163 1277 1209 et
1303 1164 1580 1210 austeram
1602 1171 1725 1225 qua:
1752 1156 1809 1209 in
1833 1170 1899 1210 ea
1920 1165 2004 1210 est

418 1246 586 1300 vitam
618 1263 631 1298 :
659 1262 727 1298 ex
754 1245 957 1313 quibus
978 1246 1134 1314 pueri
1164 1246 1387 1315 quidem
1411 1256 1540 1301 sunt
1568 1247 1605 1300 ii
1632 1247 1728 1316 qui
1755 1256 1884 1300 sunt
1911 1262 2003 1301 ro-

418 1338 714 1401 bustiores,
748 1338 943 1406 puclla:
983 1347 1191 1403 autem,
1230 1339 1326 1408 qui
1371 1338 1780 1394 imbecilliores.
1813 1338 2009 1393 Psaltae

418 1439 628 1495 autem,
666 1446 900 1499 quorum
929 1431 1074 1485 actio
1107 1431 1307 1485 clamat
1331 1439 1387 1485 et
1411 1429 1673 1500 praedicat
1694 1429 1792 1484 Dei
1814 1429 2009 1483 volun-

422 1531 595 1587 tates,
647 1523 768 1591 pios
816 1522 1172 1578 delectantes.
1201 1523 1465 1578 Cantores
1513 1531 1727 1588 autem,
1756 1523 1852 1593 qui
1897 1536 2005 1576 non

420 1614 598 1666 solum
638 1612 693 1665 in
726 1612 792 1666 iis
819 1628 875 1666 se
901 1621 1051 1667 recte
1095 1621 1406 1683 gesserunt,
1432 1612 1532 1671 sed
1563 1612 1730 1667 etiam
1760 1612 1898 1667 alios
1918 1612 2006 1666 in-

2104 535 2244 571 σεων
2296 515 2656 587 ὑπερχόμενοι
2692 515 2753 567 τὸ
2784 514 2948 586 βάρος
2977 515 3078 585 τῆς
3128 513 3456 584 πρακτικῆς
3492 510 3757 579 φιλοσο-

2104 609 2232 678 φίας
2251 649 2268 673 ,
2320 609 2415 662 καὶ
2454 608 2549 678 τὴν
2596 610 2655 661 ἐν
2709 608 2847 677 αὐτῇ
2893 604 3316 676 σκληραγωγίαν
3334 620 3350 635 ο
3393 597 3483 657 ὧν
3522 599 3761 662 mae;

2108 702 2206 771 μὲν
2275 702 2324 753 οἱ
2381 700 2739 771 ἰσχυρότεροι,
2774 698 3057 751 παιδίσκαι
3103 697 3162 750 δὲ
3194 698 3244 749 οί
3276 693 3751 763 ἀσθενέστεροι-

2105 791 2317 846 Ψάλται
2347 790 2405 844 δὲ
2445 785 2520 844 ὧν
2566 791 2599 861 ἡ
2633 789 2832 860 πρᾶξις
2862 788 2961 859 βοᾷ
2993 788 3089 841 καὶ
3122 786 3391 859 κηρύττει
3422 784 3535 838 τοῦ
3574 782 3755 837 Θεσῦ

2103 884 2174 938 τὰ
2210 884 2491 954 Θελήματα
2524 883 2798 954 τέρποντα
2831 881 2959 945 τοὺς
2985 880 3253 943 εὐσεϐεῖς.
3292 877 3611 947 Ψαλτῳδοὶ
3632 876 3747 939 ἢ,

2105 977 2154 1030 οἱ
2202 974 2276 1046 μὴ
2304 976 2462 1046 μόνον
2485 972 2661 1026 ταῦτα
2693 972 3142 1043 κατωρθωκότες,
3172 957 3317 1024 ἀλλᾶ
3344 970 3449 1023 καὶ
3475 968 3749 1039 ἑτέρους

2106 1068 2187 1129 εἰς
2211 1065 2309 1136 τὴν
2348 1066 2556 1119 τούτων
2585 1065 2785 1138 πρᾶξιν
2814 1063 2903 1118 διὰ
2924 1063 3017 1117 τοῦ
3052 1063 3327 1116 διδάσκειν
3366 1061 3473 1114 καὶ
3512 1059 3749 1129 {inagi—

2108 1155 2223 1219 ζειν
2279 1154 2586 1221 ἐνάγοντες.
2665 1151 2918 1223 Κάμηλοι
2966 1150 3024 1204 δὲ
3063 1152 3113 1203 oi
3158 1150 3298 1220 πρὸς
3346 1145 3747 1217 ὑψηλοτέρας

2108 1244 2342 1316 θεωρίας
2373 1242 2800 1314 ἀνατεινάμενοι.
2837 1244 3027 1296 Ἵπποι
3056 1242 3113 1296 δέ
3152 1244 3202 1295 oi
3239 1241 3306 1294 τὸ
3346 1239 3593 1294 στάδιον
3623 1234 3739 1288 τοῦ

2111 1335 2252 1388 κατὰ
2295 1334 2428 1389 Θεὸν
2479 1334 2596 1403 βίου
2644 1333 2969 1404 τρέχοντεςο
3017 1333 3229 1403 ἡμίονοι
3263 1330 3413 1384 δὲοὶ
3466 1326 3731 1398 μιγάδες

2108 1426 2170 1479 τὸ
2188 1421 2342 1496 ἦθος,
2376 1426 2471 1478 καὶ
2509 1426 2567 1478 ἐν
2592 1423 2670 1495 τῷ
2690 1424 2854 1495 κοινῷ
2880 1424 2943 1478 τὸ
2984 1426 3197 1479 ἄκοινον
3223 1421 3724 1490 ἐπιδεικνύμενοι,

2110 1516 2145 1587 ἢ
2188 1518 2237 1570 οἱ
2277 1516 2462 1585 ἄγονοι
2509 1515 2709 1579 κακίας
2735 1534 2748 1547 ·
2795 1516 3065 1586 ὑποζύγια
3100 1516 3159 1569 δὲ
3191 1516 3242 1568 οἱ
3272 1514 3404 1578 τοὺς
3448 1512 3737 1573 ἀσθενεῖς·

2114 1611 2474 1680 βαστάζοντες
2526 1614 2623 1667 καὶ
2668 1612 2737 1666 τὰ
2799 1612 2941 1683 βάρη
2992 1608 3198 1663 τούτων
3222 1609 3515 1677 φέροντεςο
3570 1604 3629 1656 οι
3663 1603 3729 1654 δὲ

420 1705 633 1759 ducunt
657 1703 726 1757 ad
751 1719 942 1757 earum
974 1704 1247 1758 actionem
1274 1719 1373 1773 per
1412 1703 1519 1758 hoc
1559 1703 1704 1773 quod
1731 1704 1931 1758 docent
1953 1711 2008 1758 et

2118 1703 2359 1774 διάφοροι
2392 1705 2614 1774 ἀριθμοὶ
2641 1703 2751 1757 τῶν
2779 1720 2839 1757 τε
2872 1702 3077 1755 παίδων
3114 1703 3210 1755 καὶ
3237 1696 3585 1759 παιδισκῶν,
3617 1694 3727 1747 καὶ

420 1806 783 1866 componunt.
809 1795 1015 1851 Camcli
1043 1804 1224 1849 autem
1249 1795 1343 1864 qui
1367 1795 1741 1850 extenduntur
1760 1794 1828 1849 ad
1850 1794 2009 1850 altio-

423 1904 515 1943 rcs
546 1888 1060 1956 contemplationes.
1104 1887 1244 1955 Equi
1273 1895 1460 1942 autem
1495 1886 1589 1956 qui
1636 1896 1867 1941 currunt
1892 1894 2005 1941 sta-

423 1958 577 2033 dium
601 1979 727 2032 vitae
760 1993 883 2047 quae
908 1977 965 2031 in
992 1978 1106 2032 Deo
1138 1977 1339 2048 agitur.
1376 1977 1508 2032 Muli
1541 1988 1726 2034 autem
1751 1978 1846 2047 qui
1879 1983 2008 2031 sunt

424 2071 574 2125 misti
601 2071 869 2135 moribus,
894 2078 952 2125 et
978 2071 1035 2124 in
1060 2073 1339 2126 communi
1380 2071 1681 2127 ostendunt
1713 2070 1859 2141 quod
1896 2086 2008 2125 non

422 2169 508 2215 est
528 2176 841 2226 commune,
865 2168 963 2215 aut
995 2161 1090 2230 qui
1114 2162 1238 2217 vitii
1270 2170 1402 2216 sunt
1436 2160 1723 2217 infertiles.
1753 2162 2008 2217 Iumenta

2112 1795 2221 1850 τῶν
2248 1794 2467 1864 ψαλτῶν
2498 1796 2593 1849 καὶ
2638 1792 2935 1865 ψαλτῳδῶν
2974 1794 3072 1846 καὶ
3096 1792 3204 1846 τῶν
3246 1790 3426 1846 ἄλλων
3447 1830 3463 1852 ,
3495 1789 3731 1856 ἐμφαν-

2110 1886 2255 1940 τικοί
2281 1886 2425 1951 τινες
2463 1889 2569 1940 εἰσι
2592 1885 2688 1940 τοῦ
2719 1887 2954 1956 διάφορα
2978 1881 3116 1939 εἶναι
3143 1883 3239 1938 καὶ
3257 1882 3329 1935 τὰ
3365 1879 3560 1950 πλήθη
3601 1877 3723 1929 τῶν

2112 1980 2408 2050 ταγμάτων
2429 1980 2526 2050 τῆς
2568 1980 2915 2051 Ἑκκλησίας.
2942 1978 3187 2051 Διάφορα
3214 1976 3312 2047 μέν
3343 1974 3461 2045 γὰρ
3483 1973 3725 2041 τάγμαο

2111 2088 2202 2139 τα,
2232 2072 2464 2143 διάφορα
2507 2072 2565 2126 δὲ
2598 2073 2691 2126 καὶ
2732 2073 2801 2128 τὰ
2836 2070 2942 2125 ὑπὸ
2967 2070 3036 2125 τὰ
3068 2071 3324 2140 τάγματα
3355 2064 3572 2137 πλήθη,
3617 2062 3727 2114 καὶ

2113 2163 2249 2218 ἄλλα
2279 2164 2454 2219 ἄλλων
2470 2163 2698 2218 ’πλείονα
2725 2165 2759 2235 ἢ
2798 2164 3077 2217 ἐλάττονα.

422 2261 644 2317 autem,
698 2267 820 2322 quae
861 2259 1081 2320 portant
1126 2251 1462 2320 imbecilles,
1508 2261 1565 2308 et
1607 2251 1795 2308 ferunt
1837 2266 2032 2307 eorum
2069 2268 2258 2310 onera.
2298 2255 2512 2311 Diversi
2552 2263 2737 2311 autem
2773 2255 2990 2311 numeri
3027 2266 3326 2324 puerorum
3392 2257 3451 2305 et
3486 2246 3725 2320 puellae

424 2358 570 2408 rum,
596 2354 653 2398 et
683 2343 984 2413 psaltarum
1015 2350 1073 2397 et
1118 2351 1406 2397 cantorum
1440 2350 1497 2398 et
1534 2343 1794 2408 aliorum,
1823 2344 2126 2401 ostendunt
2177 2346 2326 2416 quod
2383 2357 2514 2403 sunt
2569 2349 2738 2403 etiam
2775 2348 3008 2402 diversae
3030 2342 3414 2400 multitudines
3432 2339 3725 2395 ordinum

424 2434 705 2490 Ecclesia.
736 2435 870 2489 Nam
904 2442 1033 2489 sunt
1057 2434 1281 2505 quidem
1343 2434 1551 2490 diversi
1612 2435 1859 2502 ordines,
1916 2435 2147 2494 diversa:
2186 2440 2374 2496 autem
2425 2450 2555 2497 sunt
2598 2441 2766 2497 etiam
2816 2440 3199 2497 multitudines
3234 2452 3356 2508 qua:
3410 2442 3549 2493 sunt
3592 2430 3723 2490 sub

424 2525 735 2593 ordinibus,
763 2534 819 2581 et
847 2526 953 2580 alia
987 2526 1074 2582 bis
1104 2527 1262 2596 plura
1284 2536 1379 2583 aut
1407 2527 1685 2597 pauciora.

416 2646 482 2706 Ε(
529 2676 646 2713 cum
674 2660 992 2734 audivissent
1026 2661 1227 2715 inimici
1262 2660 1426 2734 tribus
1460 2661 1601 2716 Iuda
1626 2668 1675 2715 et
1698 2659 2004 2734 Benjamin,

493 2742 826 2803 adnuerunt
876 2731 946 2786 ad
988 2733 1404 2803 cognoscendum
1450 2748 1695 2803 quamam
1742 2731 1873 2787 esset
1908 2748 2009 2787 vos;

496 2802 784 2873 labarum,
813 2810 863 2873 et
890 2812 1215 2871 agnoverunt
1253 2802 1392 2873 quod
1426 2802 1514 2871 qui
1549 2812 1701 2873 erant
1738 2819 1802 2873 ea:
1836 2805 2009 2873 capti-

494 2872 657 2925 vitate
703 2870 971 2938 wdiﬁcant
1025 2870 1278 2941 templum
1333 2870 1553 2925 Domino
1587 2871 1695 2926 Deo
1729 2870 1912 2927 Israel
1942 2874 2007 2928 ⁵⁵.

495 2959 667 3015 Judas
701 2959 927 3030 quidem
964 2960 1363 3028 interpretatur
1387 2962 1664 3030 confessio.
1694 2961 1790 3015 Est
1823 2972 2009 3019 autem

428 3048 650 3118 duplex,
688 3046 862 3101 altera
903 3045 1126 3115 quidem
1166 3045 1479 3115 signiﬁcans
1516 3048 1813 3117 gratiarum
1843 3050 2013 3104 actio-

2112 2658 2222 2713 Καὶ
2236 2658 2681 2737 decedant-repel
2691 2658 2891 2737 ἐχθροὶ
2910 2655 3248 2737 τῆς-φυλῆς.
3263 2656 3463 2737 Ἰούδα
3474 2659 3580 2737 καὶ
3598 2659 3722 2737 Qe-

2182 2729 2406 2797 νιαμὶν,
2435 2725 2810 2797 ἐληλύθασιν
2836 2725 3156 2798 ἐπιγνῶναι
3188 2725 3278 2791 τίς
3297 2729 3337 2798 ᾖ
3371 2729 3545 2797 φωνὴ
3581 2729 3720 2783 τῶν

2185 2796 2558 2868 σαλπίγγων·
2576 2801 2674 2852 καὶ
2692 2796 3045 2868 ἐπέγνωσαν
3060 2798 3148 2851 ὅτι
3161 2798 3231 2868 ἐκ
3248 2796 3371 2868 τῆςη
3388 2801 3711 2867 αἰχμαλω-

2185 2870 2328 2933 σίας
2350 2865 2735 2938 οἷκοδομοῦσι
2755 2865 2905 2922 ναὸν
2924 2868 3118 2936 Κυρίφ
3146 2865 3225 2932 τῷ
3260 2866 3381 2933 Θεῷ
3436 2865 3710 2936 Ἰσραήλ.

2201 2958 2398 3022 Ἰούδας
2428 2960 2528 3031 μὲν
2555 2959 2988 3028 ἐξομολόγησις
3017 2959 3396 3029 ἑρμηνεύεται.
3440 2960 3611 3031 Διττὴ
3646 2962 3712 3015 δέ

2117 3051 2257 3122 αὕτη
2289 3091 2304 3117 ,
2356 3054 2391 3123 ὴ
2455 3052 2556 3121 μὲν
2621 3052 2973 3124 εὐχαριστίαν
3035 3052 3422 3123 δεδωρημένων
3474 3053 3713 3121 ἀγαθῶν

428 3152 553 3194 nem
598 3151 701 3206 pro
750 3136 970 3190 donatis
1001 3136 1205 3190 bonis:
1247 3136 1417 3191 altera
1472 3153 1605 3192 vero
1657 3140 2005 3195 enuntiatio-

2119 3143 2485 3219 σημαίνουσα,
2513 3145 2546 3214 ἡ
2578 3143 2636 3196 δὲ
2671 3143 2987 3214 ἓξαγορείαν
3036 3143 3441 3215 πεπραγμένων
3486 3144 3708 3199 κακῶν.

425 3245 553 3285 nem
576 3234 857 3299 gestorum
889 3226 1180 3280 malorum.
1204 3226 1533 3299 Quicunque
1559 3244 1693 3301 ergo
1717 3230 2015 3287 conﬁtetur

426 3337 529 3393 per
587 3334 753 3375 unam
807 3333 1019 3382 carum,
1079 3327 1164 3373 est
1218 3336 1286 3374 ex
1345 3320 1492 3375 tribu
1536 3322 1698 3377 Juda.
1740 3320 2013 3388 Quoniam

426 3420 617 3471 autem
665 3405 949 3482 Beniamin
990 3409 1384 3481 interpretatur
1423 3412 1615 3479 luctus,
1655 3422 1752 3468 aut
1792 3416 2015 3485 gemitus

426 3504 641 3569 matris,
670 3512 765 3558 aut
802 3502 1085 3571 azdiﬁcatio
1122 3502 1301 3574 populi
1344 3520 1363 3558 :
1410 3505 1722 3575 quicunque
1743 3505 1895 3575 luget
1917 3521 2016 3561 sua

424 3605 676 3669 peccata,
714 3605 810 3650 aut
834 3594 1148 3667 ingemiscit
1173 3601 1400 3664 preptcr
1430 3596 1629 3662 aliena,
1657 3612 1809 3652 more
1825 3596 2017 3652 matris

426 3705 549 3760 quae
586 3696 839 3741 movetur
878 3685 1251 3749 miseratione,
1288 3693 1385 3739 aut
1407 3686 1641 3741 aediﬁcat
1666 3687 1879 3757 aliquos
1899 3697 2015 3743 arte

427 3780 715 3841 doctrinae,
743 3788 827 3834 est
867 3794 935 3833 ex
966 3777 1115 3831 tribu
1152 3777 1460 3847 Benjamin.
1501 3777 1543 3831 Ii
1579 3787 1765 3833 autem
1798 3777 2015 3832 liberali

435 3871 788 3942 acaptivitatc
812 3870 1107 3925 all‘cctuum
1129 3869 1362 3924 etanimi
1376 3869 1869 3939 perturbationum,
1889 3884 2018 3923 cum

426 3963 685 4018 venerint
723 3962 791 4015 ad
825 3960 1073 4015 habitum
1110 3959 1555 4029 impatibilitatis,
1576 3958 1848 4014 aediﬁcant
1880 3968 2017 4013 tem-

426 4054 581 4123 plum
601 4052 853 4115 Domino,
879 4050 1027 4120 quod
1044 4048 1347 4104 aediﬁcatur
1364 4066 1433 4104 ex
1456 4049 1691 4105 diversis
1707 4048 1887 4104 modis
1904 4048 2018 4102 vir-

427 4146 567 4199 tutis
589 4154 646 4200 et
673 4144 981 4199 rationibus
1002 4140 1357 4211 cognitionis.
1383 4141 1593 4195 Eorum
1608 4150 1791 4195 autem
1810 4139 2018 4194 inimici

428 4245 561 4293 sunt
594 4244 835 4307 quatuor
869 4243 1086 4304 gentes,
1116 4249 1254 4302 quas
1284 4232 1519 4302 migrare
1546 4232 1678 4286 fecit
1717 4232 1772 4285 in
1814 4238 2017 4286 terram

428 4329 594 4383 Israel
615 4326 960 4395 Abascapbat
984 4340 1076 4379 rex
1112 4325 1303 4389 Assur,
1328 4322 1649 4394 Babylonii,
1682 4322 1929 4392 inquam,
1962 4333 2020 4379 et

427 4418 713 4484 Ecbutbaz,
727 4415 1140 4479 etZEmatbaa,ct
1151 4413 1583 4483 Eusebze.Atquc
1599 4410 1881 4483 Babylonii
1897 4411 2020 4481 qui-

2117 3237 2234 3299 ua;
2268 3236 2450 3289 τοίνυν
2485 3236 2977 3307 ἐξομολογούμενος
3007 3236 3148 3290 κατὰ
3190 3236 3318 3307 μίαν
3346 3235 3575 3301 τούτων,
3600 3237 3709 3306 τῆς

2117 3328 2293 3398 φυλῆς
2330 3328 2450 3380 ἐστι
2475 3326 2570 3381 τοῦ
2631 3328 2822 3382 Ἰούδα.
2877 3328 3030 3381 Ἐπεὶ
3057 3328 3114 3382 δὲ
3147 3328 3243 3381 καὶ
3273 3328 3530 3398 Βενιαμὶν
3559 3328 3689 3381 πέν-

2117 3424 2221 3486 θος
2248 3419 2685 3491 ἐρμηνεύεται,ἢ
2718 3421 3057 3489 στεναγμὸς
3076 3420 3324 3489 μητρὸς,
3344 3420 3379 3490 ἣ
3409 3418 3709 3489 οἰκοδομὴ

2115 3510 2291 3566 λαοῦο
2327 3513 2437 3574 πᾶς
2460 3510 2671 3564 πενθῶν
2702 3510 2796 3564 ἐπὶ
2834 3512 2947 3573 τοῖς
2968 3510 3190 3573 οἰκείοις
3218 3512 3629 3582 ἁμαρτήμασιν,
3660 3517 3697 3583 ἦ

2119 3595 2395 3661 στενάζων
2441 3599 2537 3651 ἐπὶ
2566 3601 2680 3662 τοῖς
2729 3598 3050 3670 ἀλλοτρίοις,
3094 3600 3295 3669 τρόπον
3327 3600 3527 3671 μητρὸς
3553 3615 3702 3666 συμ-

2117 3688 2344 3752 παθοῦς,
2401 3689 2429 3759 ἢ
2469 3690 2769 3760 οίκοδομῶν
2797 3707 2952 3753 τινας
2999 3690 3164 3761 τέχνῃ
3196 3689 3567 3753 διδασκαλίας,
3595 3687 3707 3759 τῆς

2118 3781 2291 3853 φυλῆς
2316 3783 2431 3836 ἐστι
2459 3781 2554 3834 τοῦ
2589 3783 2866 3853 Βενιαμίν.
2899 3783 2961 3836 Ol
2990 3781 3220 3835 τοιοῦτοι
3242 3782 3299 3835 δὲ
3326 3783 3422 3852 τῆς
3451 3780 3564 3833 τῶν
3589 3797 3707 3833 πι-

2119 3874 2230 3928 ῡῶν
2285 3873 2665 3944 αἰχμαλωσίας
2712 3873 3190 3945 ἐλευθερωθέντες,
3252 3875 3346 3927 καὶ
3402 3871 3549 3925 κατὰ
3598 3872 3712 3942 τὴν

2116 3965 2231 4031 ἐξιν
2246 3966 2347 4036 τῆς
2363 3965 2631 4029 ἀπαθείας
2649 3966 2954 4034 γενόμενοι,
2967 3964 3314 4035 οίκοδομοῦσι
3337 3964 3465 4017 ναὸν
3480 3961 3707 4032 Κυρίῳ,

2118 4058 2211 4112 τὸν
2238 4061 2300 4112 ἐκ
2329 4057 2600 4130 διαφόρων
2624 4058 2842 4128 τρόπων
2868 4057 3071 4127 ἀρετῆς
3103 4058 3201 4110 καὶ
3232 4055 3403 4124 λόγων
3442 4051 3709 4123 γνώσεως

2119 4148 2597 4219 οἰκοδομούμενον.
2641 4148 2858 4218 ἘχΘροὶ
2885 4148 2941 4202 δὲ
2966 4148 3171 4202 τούτων
3200 4149 3329 4213 εἰσὶ,
3356 4148 3424 4202 τὰ
3455 4149 3703 4225 τέσσαρα

2118 4240 2247 4311 ἔθνη
2284 4240 2354 4294 τὰ
2389 4240 2798 4312 μετοικισθέντα
2829 4242 2908 4304 είς
2948 4240 3052 4308 γῆν
3101 4240 3317 4311 Ἰσραὴλ
3357 4239 3460 4292 ὑπὸ
3498 4239 3707 4292 ’Δσόα-

2084 4382 2087 4389 ,
2120 4330 2304 4400 καφὰθ
2339 4330 2607 4401 βασιλέως
2651 4332 2902 4402 Ἀσσοὺρ,
2937 4330 3081 4399 λέγω
3112 4330 3175 4401 δὴ
3202 4330 3574 4393 Βαϐυλωνίους
3604 4330 3702 4383 καὶ

2133 4424 2500 4495 Ἐχουθαίους,
2540 4424 2635 4477 καὶ
2665 4422 3020 4493 Αίμαθαίους,
3054 4423 3147 4475 καὶ
3192 4420 3543 4483 Εὐσεὸαίους.
3591 4419 3703 4472 Ba-

427 4509 556 4566 dem
571 4517 700 4565 sunt
713 4507 967 4578 superbia
984 4513 1220 4561 mentem
1238 4504 1889 4561 confundensEchutbzei
1914 4519 2010 4557 au-

2128 4494 2380 4569 6υλώνιοι
2412 4515 2511 4584 μὲν
2534 4508 2627 4566 οὖν
2650 4514 2685 4580 ἡ
2714 4510 3063 4582 ὑπερηφανία
3092 4509 3395 4578 συγχέουσα
3431 4508 3523 4560 τὸν
3548 4504 3697 4561 νοῦν.

433 4608 543 4658 tem
566 4616 701 4655 vana
720 4599 892 4670 gloria
905 4614 1026 4668 qua:
1044 4605 1284 4651 mentem
1302 4606 1517 4651 emovet
1534 4606 1589 4651 et
1605 4595 1832 4651 adducit
1849 4595 1904 4649 in
1923 4611 2018 4650 ex-

429 4695 642 4751 stasim.
665 4693 801 4747 Nam
818 4691 1033 4746 Echutb
1060 4690 1457 4760 interpretatur
1476 4688 2018 4745 exstasis..Emathaei

428 4794 634 4851 autem,
663 4784 883 4854 placere
936 4781 1274 4836 hominibus.
1332 4780 1467 4835 Nam
1517 4779 1738 4835 {Emath
1788 4780 2016 4851 quidem

428 4879 827 4948 interpretatur
879 4877 1006 4930 visio
1059 4890 1243 4928 eorum
1303 4890 1419 4944 quae
1469 4883 1751 4943 apparent.
1796 4873 2009 4927 Mornm

429 4976 613 5021 autem
649 4966 744 5037 qui
784 4966 1043 5020 videntur
1075 4973 1131 5020 et
1166 4972 1431 5035 apparent
1446 4979 1633 5019 curam
1668 4964 1810 5035 gerit
1841 4964 1887 5019 is
1916 4964 2011 5034 qui

429 5057 608 5125 placet
664 5054 999 5109 hominibus.
1042 5053 1230 5109 Eubtci
1295 5063 1478 5108 autem
1543 5054 1840 5125 hypocrisis
1913 5070 2013 5110 seu

430 5146 726 5201 simulatio.
766 5145 953 5200 Eubazi
1024 5144 1171 5200 enim
1222 5144 1656 5214 interpretantur
1697 5145 2010 5214 serpentini.

432 5237 668 5307 Serpens
707 5246 891 5291 autem
940 5252 1039 5307 per
1088 5236 1423 5308 hypocrisim
1468 5235 1686 5304 decepit
1724 5236 2013 5305 prot0pla-

432 5334 596 5381 stum.
649 5328 1029 5397 Abascapbath
1082 5336 1263 5382 autem
1314 5327 1585 5382 diabolus.
1625 5326 2010 5397 Abascapbatb

431 5419 579 5473 enim
622 5418 1010 5473 interpretatur
1042 5420 1300 5478 abducens
1341 5428 1481 5472 retro
1522 5419 1576 5474 in
1620 5418 2007 5493 captivitatem,

507 5592 553 5623 ”
588 5588 655 5648 lli
690 5588 844 5643 Esdr.
874 5607 926 5653 ν,
953 5590 1040 5655 66,
1073 5592 1158 5645 67.

2127 4606 2432 4678 Ἐχουθαῖοι
2487 4604 2545 4658 δὲ
2594 4605 2645 4675 ἡ-
2662 4602 2938 4667 κενοδοξία
2976 4600 3240 4665 ἐξιπιῦσα
3288 4601 3385 4671 τὴν
3433 4599 3703 4653 διάνοιαν.

2130 4698 2321 4770 Ἐχοὺθ
2355 4698 2463 4769 γὰρ
2497 4696 2789 4760 ἔκστασις
2818 4692 3201 4775 ἑρμηνεύεται.
3236 4690 3529 4761 Λίμαθαῖοι
3557 4688 3615 4741 δὲ
3661 4691 3699 4761 ἡ

2118 4789 2604 4863 ἀνθρωπαρεσκία.
2628 4787 2807 4857 Αίμὰθ
2834 4787 2934 4857 μὲν
2960 4787 3069 4856 γὰρ
3094 4785 3302 4853 ὅρασις
3318 4780 3704 4851 φαινομένων

2116 4885 2498 4958 ἑρμηνεύεταιο
2524 4881 2632 4937 τῶν
2655 4879 2947 4951 ὁρωμένων
2973 4877 3029 4930 δὲ
3060 4877 3155 4930 καὶ
3182 4872 3521 4944 φαινομένων
3548 4870 3706 4941 ἠθῶν

2117 4975 2500 5047 ἐπιμελεῖταιὸ
2517 4971 3000 5043 ἀνθρωπάρεσκος.
3028 4966 3251 5020 Εὑδαῖοι
3294 4966 3351 5020 δὲ
3391 4966 3424 5034 ἡ
3451 4966 3707 5031 ὑπόκρι-

2118 5087 2239 5136 σις.
2275 5067 2498 5121 Εὑὸαἶοι
2525 5065 2632 5135 γὰρ
2656 5060 2930 5131 ὀφιώδεις
2954 5057 3369 5130 ἐρμηνεύονταιε
3407 5056 3465 5109 Ὀ
3489 5055 3545 5108 δέ
3570 5055 3705 5122 bene;

2117 5162 2186 5217 δι’
2228 5146 2572 5230 ὑποκρίσεως
2599 5155 2856 5225 ἡπάτησε
2879 5152 2972 5207 τὸν
3009 5148 3458 5221 πρωτόπλαστον.
3505 5146 3709 5197 Ἄσσα.

2116 5255 2299 5325 καφὰθ
2332 5254 2391 5307 δὲ
2417 5254 2445 5306 ὁ
2468 5249 2734 5313 διάϐολος,
2782 5241 3135 5311 ’Δσὸακαφὰθ
3167 5238 3530 5312 ἑρμηνεύεται
3565 5240 3703 5303 αἰχ-

2109 5346 2451 5419 μαλωτίζων
2486 5338 2729 5413 ὂπισοεν,
2773 5342 2917 5398 τοῦτ’
2967 5342 3112 5405 ἔστι,
3147 5339 3287 5393 κατὰ
3318 5338 3379 5392 τὸ
3405 5335 3632 5407 ἀφανὲς,
3662 5333 3700 5402 ἢ

2304 5445 2332 5476 δ
