4062 6202
295 262 435 318 {289

1665 240 2185 310 COLLECTANEA.

3410 251 3545 313 1290

294 382 439 439 κατά
465 378 525 433 τὸ
547 375 770 446 λεληθὸς
806 371 1186 444 συναρπάζων.
1224 367 1390 435 Οὗτος
1423 371 1478 424 δὲ
1511 371 1780 442 μετῴκισε
1809 368 1877 422 τὰ

1996 382 2086 422 ioc
2115 377 2220 433 est,
2246 367 2473 423 obscure
2504 373 2598 420 aut
2618 365 2850 422 latenter
2878 365 3200 438 corripiens.
3235 365 3342 422 Iste
3365 378 3548 426 autem

295 476 340 530 δ’
369 472 530 528 ταυτὶ
581 468 759 534 πάθη,
807 467 887 528 είς
931 464 1032 535 τὴν
1073 463 1186 528 ἕξιν
1226 464 1326 535 τῆς
1368 459 1589 535 ἀρετῆς,
1634 465 1731 517 καὶ
1777 467 1876 535 τῆς

297 567 576 635 γνώσεως,
609 557 939 630 παρενείρας
983 554 1125 608 αὐτὰ
1156 558 1268 619 τοῖς
1295 556 1569 624 ὲναρέτοις
1614 556 1707 609 καὶ
1736 573 1877 624 γνω-

304 656 528 716 στικοϊς,
562 652 649 704 ἶνα
689 647 776 701 διὰ
807 646 1012 700 τούτων
1055 645 1165 700 ἀπὸ
1191 645 1283 700 τοῦ
1315 645 1458 700 κατά
1502 648 1633 700 Θεὸν
1675 647 1876 702 σκοποῦ

300 747 435 820 πρὸς
477 745 661 810 ἕτερον
707 739 970 809 ἀπαγάγῃ
1002 738 1128 800 τοὺς
1177 737 1235 790 ὲν
1279 737 1502 806 ἀγαθοῖς
1560 733 1874 802 πονοῦντας.

303 837 518 891 Τούτων
563 833 629 905 δὴ
687 832 797 886 τῶν
834 832 878 885 δ’
907 829 1127 900 ἀγαθῶν
1157 831 1208 883 οἱ
1240 830 1583 903 προεστῶτες
1627 832 1881 903 δαίμονες

303 928 635 990 ἀκούσαντες
681 925 778 996 τῆς
814 925 1000 995 φωνῆς
1045 923 1154 976 τῶν
1201 924 1517 992 σαλπίγγων
1562 924 1882 995 ἐληλύθασιν

304 1017 622 1087 ἐπιγνῶναι,
660 1017 744 1080 τίς
784 1017 933 1068 ἐστιν
981 1014 1140 1085 αὕτη.
1188 1015 1496 1084 Σάλπιγγες
1544 1017 1642 1086 μὲν
1668 1012 1780 1081 οῦν,
1825 1019 1881 1070 αἱ

305 1112 450 1164 θεῖαι
489 1106 727 1172 ἐντολαὶ,
760 1107 911 1175 φωνὴ
937 1105 996 1158 δὲ
1026 1105 1208 1160 αὐτῶν
1244 1106 1301 1159 αἱ
1331 1104 1557 1176 πράξεις
1585 1107 1783 1171 αὐτῶν,
1815 1102 1883 1178 ἧς

307 1200 620 1270 αἰσθόμενοι
661 1201 712 1254 οί
753 1198 1005 1269 δαίμονες
1056 1197 1425 1252 διανίστανται
1477 1198 1615 1269 πρὸς
1653 1217 1887 1272 κακουρο

307 1309 454 1362 γιαν.

377 1384 489 1438 Kal
507 1383 947 1451 προσελθόντες
967 1380 1046 1446 τῷ
1071 1382 1417 1450 Ζοροϐάϐελ,
1447 1383 1546 1438 καὶ
1569 1382 1648 1448 τῷ
1683 1383 1885 1450 Ἰησοῦ

309 1477 409 1530 καὶ
426 1475 550 1542 τοῖς
565 1473 918 1544 ἡγουμένοις
934 1474 1054 1528 τῶν
1064 1474 1344 1542 πατριῶν,
1357 1475 1646 1544 λέγουσιν
1660 1475 1883 1541 αὐτοῖς·

322 1565 898 1633 Ἐνοικοδομήσομεν
929 1563 1074 1632 ὑμῖν
1093 1580 1107 1595 ⁸
1138 1566 1353 1633 ὁμοίως
1375 1565 1485 1634 γὰρ
1505 1566 1649 1634 ὑμῖν
1669 1566 1884 1620 ἀκούο-

314 1677 432 1729 μεν
470 1657 576 1712 τοῦ
617 1658 842 1726 Kvplov
886 1655 992 1710 τοῦ
1029 1657 1176 1711 Θεοῦ
1202 1697 1216 1720 ,
1243 1658 1346 1712 καὶ
1379 1656 1540 1722 αὐτῷ
1563 1658 1888 1727 ἐπιθύομεν

311 1746 656 1820 ἀφ’ήμερῶν
675 1747 1328 1816 Ἀσφακαὰθβασιλέως
1362 1748 1644 1816 Ἀσσούρ·
1668 1749 1736 1813 ὃς
1751 1765 1886 1816 μετ-

311 1841 534 1908 ῴκισεν
563 1838 718 1910 ἡμᾶς
743 1837 978 1892 ἐνθάδε.
1002 1838 1112 1891 Καὶ
1128 1834 1301 1892 εἷπον
1315 1838 1520 1904 αὐτοῖς
1533 1838 1882 1904 Ζοροϐάϐελ,

314 1929 410 1982 καὶ
453 1927 694 1994 Ἰησοῦς
719 1927 817 1980 καὶ
847 1929 900 1980 οἱ
928 1927 1247 1996 ἡγούμενοι
1291 1927 1408 1980 τῶν
1434 1926 1698 1995 πατριῶν
1716 1943 1728 1956 ·
1763 1930 1886 1995 Οὐχ

314 2017 458 2087 ὑμῖν
483 2016 585 2071 καὶ
601 2016 746 2086 ἡμῖν
760 2015 827 2069 τὸ
847 2013 1241 2086 οἰκοδομῆσαι
1267 2010 1437 2070 οἷκον
1447 2017 1642 2084 Κυρίῳ
1667 2015 1747 2082 τῷ
1767 2015 1888 2081 Θεῷ

315 2107 504 2176 ἡμῶν.
541 2107 729 2175 Ἡμεῖς
744 2107 854 2177 γὰρ
866 2108 1044 2177 μόνοι
1068 2105 1567 2176 οἰκοδομήσομεν.
1587 2103 1890 2178 Ζοροϐάϐελ

320 2200 421 2269 μὲν
436 2198 580 2251 ἔστιν
596 2199 623 2250 ό
646 2198 947 2268 πρακτικὸς
971 2197 1094 2261 νοῦς
1111 2198 1186 2260 ὡς
1207 2196 1665 2270 πολεμικώτερος.
1683 2198 1891 2271 Ἰησοῦς

317 2289 375 2342 δὲ
405 2291 434 2344 ὁ
465 2289 822 2361 θεωρητικὸς,
867 2289 943 2352 ὡς
979 2289 1285 2361 ἱερώτερος.
1337 2290 1628 2360 ’Ἄρχοντες
1678 2289 1735 2343 δὲ
1783 2290 1910 2344 τῶν·

321 2381 586 2452 πατριῶν,
610 2382 665 2432 αἱ
699 2381 796 2450 τῆς
832 2380 1008 2450 ψυχῆς
1049 2379 1338 2450 δυνάμεις,
1377 2380 1465 2448 ὑφ’
1495 2380 1560 2443 ἀς
1598 2379 1736 2433 οἵτε
1770 2380 1893 2451 τρό-

323 2489 418 2526 ποι
443 2472 543 2543 τῆς
590 2472 809 2544 ἀρετῆς,
851 2472 942 2524 καὶ
992 2473 1039 2524 οἱ
1085 2471 1230 2538 λόγοι
1267 2471 1364 2540 τῆς
1407 2469 1678 2538 γνώσεως.
1727 2472 1890 2541 Προσ-

326 2565 576 2636 έρχονται
633 2564 689 2616 δὲ
727 2563 937 2626 τούτοις
983 2565 1032 2616 οἱ
1075 2563 1182 2616 τῶν
1213 2563 1519 2633 εἰρημένων
1563 2562 1750 2615 παθῶν
1775 2562 1892 2616 δαί-

327 2671 507 2726 μονες,
545 2652 854 2724 βουλόμενοι
896 2652 1294 2723 συνοικοδομεῖν
1333 2652 1422 2705 τὸν
1477 2647 1624 2705 οἷκον
1665 2651 1890 2720 Κυρίου.

326 2746 517 2809 Οὐδεὶς
551 2745 660 2816 γὰρ
688 2745 795 2799 τῶν
827 2747 1096 2816 δαιμόνων
1133 2743 1340 2797 τούτων
1382 2743 1578 2797 κωλύει
1609 2743 1717 2796 τῶν
1757 2742 1896 2794 κατὰ

324 2838 457 2892 θεὸν
504 2839 914 2909 ἀγωνιζομένων
955 2836 1003 2890 ἑὲ
1037 2836 1336 2906 πρόθυμον
1386 2835 1522 2889 ἀλλά
1571 2836 1663 2888 καὶ
1698 2833 1895 2905 μᾶλλον

326 2933 422 2997 τὰς
474 2931 737 3000 ζ’λλείιῖιεις
778 2929 885 2983 τῶν
937 2929 1118 2982 καλῶν
1158 2927 1390 2997 δολερῶς
1429 2926 1754 2997 περικόψας,
1798 2925 1897 2988 τὰς

1979 456 2287 512 demutavit
2337 471 2434 512 eos
2495 463 2733 526 quatuor
2789 454 3020 509 affectus
3054 455 3110 509 in
3146 454 3394 510 habitum
3439 456 3554 510 vir-

1980 548 2114 602 tutis
2145 555 2203 603 et
2237 547 2596 619 cognitionis,
2648 548 2897 602 inserens
2950 562 3047 602 eos
3094 547 3229 602 viris
3282 548 3442 604 bonis
3496 557 3556 604 et

1979 640 2288 711 cognitione
2334 641 2598 711 praeditis,
2653 649 2712 694 ut
2751 654 2850 710 per
2891 655 2986 695 eos
3027 655 3058 693 a
3102 654 3292 710 scopo,
3341 641 3436 710 qui
3469 650 3557 697 est

1980 732 2282 787 secundum
2333 733 2526 797 Deum,
2575 732 2810 787 abducat
2844 731 2911 785 ad
2946 731 3114 785 alium
3144 745 3240 786 eos
3272 731 3368 801 qui
3401 731 3557 788 labo-

1981 835 2106 880 rant
2138 825 2194 879 in
2217 824 2394 880 bonis.
2424 824 2519 879 His
2544 833 2726 879 autem
2747 834 2983 895 quatuor
3002 825 3163 880 bonis
3191 825 3287 895 qui
3312 833 3559 896 praesunt

1981 917 2288 982 daemones,
2330 916 2512 972 audita
2552 930 2682 971 voce
2744 917 3018 983 tubarum,
3075 926 3432 972 accesserunt
3488 917 3559 974 ad

1983 1007 2422 1080 cognoscendum
2458 1022 2706 1076 quaenam
2729 1023 2795 1063 ea
2829 1007 2920 1063 sit.
2955 1009 3135 1077 Atque
3162 1007 3307 1063 tuba:
3337 1007 3560 1078 quidem

1985 1107 2116 1154 sunt
2163 1098 2350 1153 divina
2396 1107 2688 1168 praecepta,
2742 1113 2934 1153 eorum
2982 1106 3164 1153 autem
3207 1113 3333 1164 vox,
3369 1114 3561 1155 eorum

1983 1189 2250 1254 actiones,
2296 1205 2461 1260 quam
2502 1204 2629 1243 cum
2668 1189 2943 1244 senserint
2994 1190 3292 1256 daemones,
3330 1201 3563 1261 surgunt

1985 1280 2053 1336 ad
2088 1279 2568 1336 malefaciendum.
2611 1299 2613 1301 ί

2055 1379 2125 1433 Ill
2147 1378 2308 1434 Esdr.
2343 1396 2397 1444 v,
2446 1379 2641 1434 68-71.
2698 1374 2770 1431 Et
2814 1377 3112 1432 accedentes
3159 1379 3229 1433 ad
3268 1376 3564 1434 Zorobabet

1987 1479 2036 1524 et
2077 1471 2147 1525 ad
2192 1471 2342 1524 duces
2389 1470 2740 1540 familiarum,
2772 1471 2952 1525 dicunt
2977 1473 3048 1525 eis
3082 1488 3100 1524 :
3133 1469 3403 1527 Vobiscum
3435 1469 3567 1528 ardi-

1986 1560 2279 1629 ﬁcabimus.
2322 1561 2576 1616 Similiter
2632 1564 2769 1616 enim
2824 1579 2886 1617 ac
2941 1580 3050 1629 vos,
3092 1564 3333 1618 audimus
3379 1564 3569 1619 Domi-

1991 1669 2119 1706 num
2153 1653 2338 1717 Deum,
2384 1661 2432 1706 et
2459 1655 2505 1706 ei
2571 1653 2934 1721 sacriﬁcamus
2982 1673 3013 1709 a
3059 1656 3236 1710 diebus
3266 1655 3569 1727 Ascaphath

1989 1741 2122 1813 regis
2160 1742 2345 1808 Assur,
2396 1745 2483 1814 qui
2535 1745 2652 1813 fecit
2716 1762 2807 1798 nos
2875 1747 2974 1799 huc
3031 1748 3431 1817 transmigrare.
3497 1742 3570 1802 Ει

1988 1832 2235 1886 dixerunt
2271 1836 2342 1888 eis
2413 1834 2702 1889 Zorobabel
2793 1847 2842 1890 et
2902 1834 3075 1901 Iesus,
3097 1845 3147 1890 et
3213 1837 3368 1891 duces
3412 1837 3572 1907 {ami-

1993 1921 2224 1977 liarum:
2272 1924 2389 1981 Non
2428 1934 2657 1980 vestrum
2699 1935 2773 1980 est
2813 1936 2863 1980 et
2898 1934 3134 1981 nostrum
3175 1921 3441 1996 wdiﬁcare
3473 1929 3572 1982 do-

1992 2031 2136 2068 mum
2169 2015 2390 2070 Domino
2425 2016 2531 2071 Deo
2571 2027 2766 2072 nostra.
2811 2017 2918 2072 Nos
2963 2019 3102 2072 enim
3144 2017 3244 2073 soli
3285 2017 3574 2088 wdiﬁcabi-

1992 2123 2127 2159 mus.
2163 2107 2467 2162 Zorobabel
2511 2109 2734 2177 quidem
2769 2117 2854 2163 est
2889 2122 3047 2164 mens
3078 2108 3276 2176 activa,
3315 2120 3573 2182 tanquam
3660 2096 3667 2103 ’

1995 2197 2331 2254 bellicosior.
2393 2200 2555 2256 Iesus
2618 2210 2843 2266 autem,
2922 2199 3383 2273 contemplativa,
3457 2213 3576 2260 tan-

1993 2305 2159 2360 quam
2193 2292 2480 2347 sacratior.
2513 2293 2801 2362 Principes
2834 2301 3016 2350 autem
3062 2291 3399 2351 familiarum
3442 2305 3578 2352 sunt

1993 2388 2295 2450 potestates
2355 2383 2588 2449 anima,
2649 2384 2753 2439 sub
2824 2401 2962 2455 quas
3019 2386 3365 2441 reducuntur
3425 2387 3574 2444 modi

1993 2473 2216 2528 virtutis
2273 2483 2331 2529 et
2383 2475 2626 2530 rationes
2689 2476 3039 2546 cognitionis.
3108 2476 3192 2530 Ad
3245 2493 3342 2532 eos
3390 2486 3576 2534 autem

1995 2566 2266 2621 accedunt
2313 2566 2585 2621 dictorum
2621 2565 2916 2620 affectuum
2981 2566 3279 2631 daemones,
3327 2569 3579 2624 volentes

1997 2657 2160 2710 simul
2199 2655 2470 2710 aediﬁcare
2503 2656 2724 2709 domum
2757 2656 2993 2711 Domini.
3053 2657 3248 2712 Nullus
3307 2657 3453 2712 enim
3509 2675 3580 2714 ex

1998 2745 2085 2799 bis
2137 2744 2477 2799 daemonibus
2521 2744 2778 2814 prohibet
2832 2760 3024 2800 eorum
3083 2745 3420 2802 alacritatem
3483 2749 3577 2817 qui

1999 2835 2301 2892 secundum
2335 2835 2510 2890 Deum
2557 2835 2843 2892 decertant
2877 2853 2889 2889 :
2928 2836 3040 2892 imo
3093 2852 3246 2902 vero,
3306 2839 3578 2894 bonorum

2001 2928 2304 2984 defectibus
2336 2927 2524 2983 dolose
2565 2927 2878 2998 amputatis,
2902 2927 3192 2983 annuntiat
3223 2926 3578 2995 intentiones,

328 3025 608 3087 δπιτάσεις
645 3023 996 3095 ὑπαγορεύει,
1038 3022 1288 3092 καθάπερ
1321 3019 1893 3091 συμπροθυμούμενοςσ

2005 3029 2263 3090 tanquam
2311 3019 2474 3074 simul
2513 3034 2638 3073 cum
2676 3019 2759 3073 eis
2803 3027 3056 3088 prompto
3105 3028 3160 3074 et
3197 3019 3362 3074 alacri
3396 3023 3581 3077 animo

329 3117 418 3171 ἵνα
467 3115 948 3186 παραπολέσαντες
991 3113 1050 3166 τὸ
1084 3113 1199 3166 ἴσον
1239 3111 1498 3182 στάθμιον
1544 3111 1644 3181 τῆς
1676 3111 1903 3182 μεσότη-

329 3223 440 3270 τος,
487 3207 738 3278 λάθωμεν
787 3206 921 3278 πρὸς
945 3209 1075 3260 ἄλλο
1106 3203 1394 3274 φερόμενοι
1449 3201 1793 3270 καταγώγιον
1839 3201 1902 3253 τὸ

331 3298 480 3366 φίλον
502 3297 704 3358 αὐτοῖς,
749 3295 838 3348 Διὸ
884 3296 978 3348 καὶ
1011 3295 1279 3363 λέγουσιν,
1315 3295 1398 3348 ὅτι
1444 3312 1464 3345 ι
1514 3293 1745 3364 Ὁμοίως
1775 3292 1902 3363 ὑμῖν

329 3387 600 3463 ἀκούομεν
654 3385 884 3458 Κυρίου,
939 3387 1034 3440 καὶ
1094 3386 1242 3457 αὐτῷ
1309 3383 1638 3456 ὲπιθύομεν,
1686 3404 1705 3437 ›
1757 3382 1902 3436 τοῦτ’

335 3482 502 3544 ἐστιν,
558 3475 932 3550 ἀποδεχόμεθα
981 3479 1079 3543 τὰς
1133 3478 1351 3544 ἐντολὰς
1390 3478 1617 3548 Κυρίου,
1658 3477 1752 3529 καὶ
1783 3492 1905 3528 συν-

333 3568 604 3642 εργοῦμεν
623 3572 736 3633 τοῖς
771 3570 1083 3642 ἐνεργοῦσιν
1110 3571 1302 3633 αὐτὰς,
1334 3569 1428 3622 καὶ
1450 3568 1618 3630 ὅντως
1640 3567 1741 3619 οὐκ
1771 3567 1905 3621 ἀπο⁹

336 3662 657 3734 στρέφονται
687 3662 909 3726 ταύτας,
940 3663 1042 3724 ἕως
1059 3663 1194 3731 πρὸς
1221 3659 1417 3722 αὐτοὺς
1442 3659 1691 3712 νένευκεν
1719 3659 1746 3710 ό
1778 3674 1904 3711 σκο-

336 3753 436 3816 πὸς
471 3752 579 3806 τῶν
623 3751 990 3824 ἐνεργούντων
1034 3751 1414 3821 παρατραπεὶς
1447 3749 1544 3820 τῆς
1592 3749 1902 3820 εὐθύτητος.

335 3846 474 3907 Τοὺς
512 3842 608 3914 μὲν
656 3845 764 3914 γὰρ
803 3843 994 3904 ἀλλους
1038 3838 1296 3909 δαίμονας
1341 3841 1537 3912 ῥᾳδίως
1581 3843 1645 3896 ἀν
1674 3859 1759 3906 τις
1803 3861 1904 3897 κα-

335 3937 640 4006 τανοήσειε·
660 3937 785 3996 τοὺς
803 3933 860 3986 δὲ
886 3931 1173 3995 δοκοῦντας
1199 3933 1478 4001 συνεργεῖν
1505 3932 1583 4001 τῷ
1612 3932 1796 4004 δρόμῳ
1810 3933 1904 3986 τοῦ

337 4028 480 4083 κατὰ
514 4027 645 4081 Θεὸν
678 4024 814 4096 βίου,
846 4022 996 4094 μόλις
1024 4021 1088 4076 ἂν
1115 4023 1163 4076 οἱ
1193 4021 1334 4076 κοιτά
1362 4022 1450 4074 τὸν
1484 4023 1787 4093 Ζοροϐάϐελ
1812 4025 1906 4078 καὶ

337 4118 429 4172 τὸν
465 4115 670 4187 Ἰησοῦν
708 4115 996 4182 διαγνοῖεν,
1038 4113 1131 4167 καὶ
1172 4111 1605 4184 ἀποκρούσαιντο
1643 4113 1741 4186 τὴν
1782 4131 1906 4168 συν-

339 4210 532 4279 εργίαν
559 4206 757 4271 αὐτῶν,
813 4203 871 4260 εὖ
925 4206 1144 4272 εἰδότες,
1189 4205 1265 4269 ὡς
1311 4207 1345 4276 ὴ
1381 4204 1586 4276 ταύτης
1631 4207 1896 4275 ἐπιμιξία¹

338 4301 438 4370 τῆς
477 4299 606 4370 ὅλης
655 4298 941 4368 οἰκοδομῆς
986 4301 1219 4351 ποιεῖται
1269 4297 1602 4368 καθαίρεσιν.
1673 4301 1746 4353 Οὐ
1798 4301 1906 4372 γὰρ

340 4389 476 4460 πρὸς
504 4388 598 4442 τοῦ
621 4388 756 4441 θεοῦ
782 4388 936 4452 δόξαν
963 4389 1204 4459 ἀμφορᾷ,
1237 4387 1372 4459 πρὸς
1407 4387 1465 4441 δὲ
1508 4389 1570 4442 τὸ
1605 4389 1798 4454 πάθος,
1825 4393 1905 4455 εἰς

335 4479 365 4532 ὃ
403 4480 729 4550 μεταφέρειν
771 4481 818 4532 οἱ
874 4478 1258 4551 συνεργοῦντες
1298 4479 1548 4550 δαίμονες
1596 4480 1896 4550 βούλονται.

337 4572 400 4624 Ol
432 4573 528 4642 μὲν
546 4567 641 4649 οὖν
667 4571 785 4623 κατ’
817 4569 1057 4639 ἔλλειψιν
1091 4569 1294 4643 ἀρετῆς
1324 4569 1684 4641 πολεμοῦντες
1713 4571 1903 4641 δαίμο-

336 4665 425 4728 νές
471 4667 628 4729 εἰσιν,
659 4666 706 4718 οἱ
747 4664 814 4718 τὰ
857 4664 964 4718 ἀπὸ
993 4663 1086 4717 τοῦ
1119 4663 1293 4733 θυμοῦ
1336 4664 1558 4733 καὶτῆς
1608 4665 1903 4735 ἐπιθυμίας

336 4755 480 4826 πάθη
513 4757 614 4826 τῆς
650 4757 868 4828 ἀτιμίας
913 4755 1308 4826 ὑποτιθέμενοι·
1344 4757 1393 4809 οἱ
1420 4756 1475 4810 δὲ
1507 4755 1628 4808 καθ’
1665 4757 1902 4829 ὑπερϐο-

335 4847 450 4922 λὴν,
486 4850 534 4902 οἱ
562 4850 669 4903 τῶν
698 4849 978 4922 τεσσάρων
1009 4848 1196 4903 παθῶν
1228 4849 1650 4920 προεστηκότες.

645 5749 912 5810 Pamoa.
957 5752 1073 5812 Gn.
1118 5751 1414 5814 LXXVII.

2003 3113 2058 3168 id
2094 3127 2292 3183 agens,
2331 3120 2393 3166 ut
2422 3111 2639 3181 perdito
2675 3110 3072 3167 mediocritatis
3112 3111 3439 3182 aequilibrio,
3479 3115 3579 3170 im-

2003 3202 2301 3272 prudentes
2340 3203 2585 3257 ieramur
2619 3202 2688 3257 ad
2720 3202 2871 3257 aliud
2903 3203 2986 3257 eis
3020 3202 3260 3275 amicum
3301 3203 3580 3262 habitacu-

2003 3295 2138 3348 lum.
2169 3293 2238 3347 Et
2270 3293 2394 3348 ideo
2431 3293 2644 3357 dicunt,
2679 3312 2696 3344 ι
2729 3292 2993 3350 Similiter
3015 3300 3180 3364 atque
3209 3305 3303 3350 Vc:
3328 3295 3582 3352 audimus

2003 3383 2317 3448 Dominum,
2351 3391 2407 3437 et
2454 3383 2504 3438 ei
2559 3382 2949 3447 sacriﬁcamus,
3003 3401 3022 3435 ι
3070 3383 3175 3438 hoc
3211 3390 3327 3448 est,
3361 3385 3580 3442 Domini

2005 3473 2260 3529 mandata
2285 3474 2636 3544 suscipimus,
2665 3482 2724 3528 et
2748 3489 2939 3528 sumus
2967 3473 3247 3545 adjutores
3273 3490 3464 3531 eorum
3485 3480 3579 3548 qui

2006 3567 2124 3636 ipsa
2162 3565 2230 3620 ad
2264 3580 2403 3635 opus
2437 3564 2738 3630 deducunt,
2796 3572 2852 3620 et
2890 3565 2966 3620 ita
3001 3583 3066 3621 ea
3103 3571 3215 3621 5th
3257 3579 3581 3625 aversantur

2005 3660 2180 3714 donec
2206 3674 2405 3729 scopus
2431 3657 2776 3732 aperantium
2803 3657 2872 3712 ad
2899 3673 2998 3717 eos
3020 3659 3275 3717 annuerit
3296 3674 3522 3716 aversus
3550 3677 3580 3717 a

2008 3751 2358 3806 rectitudine.
2425 3749 2562 3804 Nam
2619 3749 2755 3804 alios
2814 3747 3039 3819 quidem
3099 3747 3376 3805 daemones
3424 3750 3582 3808 facile

2005 3843 2278 3913 quispiam
2335 3840 2768 3897 consideraverit
2797 3857 2810 3894 :
2861 3855 2958 3896 eos
2984 3849 3167 3896 autem
3198 3841 3293 3912 qui
3326 3841 3582 3899 videntur

2007 3950 2229 3990 cursum
2258 3933 2515 4004 adjuvare
2545 3932 2672 3987 vitae
2699 3932 3004 3988 secundum
3027 3933 3220 4000 Deum,
3251 3934 3344 3989 vix
3371 3935 3581 3994 discre-

2007 4025 2187 4081 verint
2214 4024 2253 4078 ii
2277 4025 2372 4094 qui
2399 4032 2529 4079 sunt
2557 4023 2859 4078 secundum
2887 4023 3190 4080 Zorobabel
3222 4025 3500 4092 etJesum,
3527 4033 3582 4083 et

2008 4116 2311 4186 repulerint
2327 4117 2571 4188 ipsorum
2589 4114 2750 4170 simul
2772 4129 2895 4170 cum
2920 4115 3001 4171 eis
3016 4117 3412 4186 operationem,
3441 4119 3582 4175 bene

2007 4208 2243 4263 scientes
2278 4207 2425 4279 quod
2458 4208 2577 4279 ejus
2599 4206 2854 4263 admistio
2889 4217 3057 4263 totam
3091 4207 3328 4265 destruit
3352 4209 3582 4265 aedifica-

2009 4300 2232 4355 tionem.
2254 4300 2375 4355 Non
2401 4301 2549 4355 enim
2572 4299 2640 4354 ad
2669 4300 2766 4354 Dei
2792 4299 3015 4368 respicit
3036 4301 3284 4371 gloriam,
3316 4300 3412 4356 sed
3445 4301 3582 4357 aﬂ‘e-

2010 4402 2158 4447 ctum
2190 4403 2246 4448 et
2283 4394 2452 4448 animi
2496 4393 3002 4464 perturbationem,
3057 4393 3127 4448 ad
3174 4410 3338 4464 quem
3391 4396 3582 4451 volunt

2011 4483 2306 4539 transferre
2323 4485 2415 4554 qui
2440 4495 2806 4554 c00perantur
2825 4485 3120 4540 daemones.
3148 4483 3325 4556 Atque
3350 4485 3440 4540 alii
3465 4487 3582 4556 qui-

2006 4575 2130 4630 dem
2177 4585 2303 4630 sunt
2339 4575 2614 4632 daemones
2645 4575 2740 4646 qui
2779 4576 3004 4646 quidem
3043 4576 3250 4632 bellum
3295 4587 3492 4648 gerunt
3514 4592 3585 4633 ex

2004 4668 2220 4722 defectu
2249 4667 2485 4732 virtutis,
2530 4668 2624 4738 qui
2659 4669 2727 4723 ab
2759 4669 2839 4723 ira
2877 4677 2932 4724 et
2964 4669 3262 4740 cupiditate
3300 4670 3583 4739 passiones

2005 4759 2319 4829 ignominiae
2351 4770 2689 4830 suggerunt:
2727 4759 2819 4814 alii
2843 4775 2973 4814 vero
3017 4775 3116 4830 per
3133 4774 3439 4826 excessum,
3482 4759 3578 4832 qui

2007 4861 2242 4920 quatuor
2264 4851 2427 4906 dictis
2447 4851 2734 4906 affectibus
2763 4859 3023 4922 praesunt.

3045 5745 3145 5835 341
