4062 6202
608 256 744 311 1235

1836 253 2164 311 umnam
2204 250 2257 305 s.
2298 249 2586 304 cvnILu.
3828 250 3885 299 ες

604 381 719 437 tuo,
757 372 1006 435 Domino,
1033 371 1167 435 Deo,
1214 370 1496 425 Salvatore
1538 381 1594 425 et
1644 372 1790 441 Rege
1841 384 2031 427 nostro
2052 371 2180 427 Jesu
2213 375 2255 427 Α
2285 383 2475 422 sumus
2507 368 2599 437 qui
2644 383 2740 436 pro
2787 369 2962 422 beatis
2997 367 3105 421 illis
3132 367 3616 436 supplicemus
3652 378 3667 411 :
3697 362 3790 414 sed
3821 380 3892 430 ss.

2283 458 2430 512 niam
2468 459 2546 512 illi
2588 465 2735 512 stant
2769 472 2953 512 coram
2995 456 3134 512 solio
3163 457 3288 511 Filii
3356 454 3475 509 tui
3516 450 3899 519 unigeniu.

2283 551 2628 605 intercedant
2666 550 2787 605 loco
2828 560 3018 603 nostro
3043 563 3142 619 pro
3178 554 3612 618 paupertate
3657 554 3721 597 et
3748 543 3902 597 inim

604 462 825 517 Christo
854 481 866 514 :
910 470 1133 531 propter
1169 462 1315 531 quod
1361 462 1561 531 gratias
1590 465 1802 535 agimus
1833 465 1932 518 tibi
1960 473 2015 519 et
2048 463 2179 519 oﬁ‘c-

608 556 779 608 rimus
814 554 932 619 tibi,
971 555 1130 623 eique
1160 554 1321 608 simul
1345 562 1399 608 et
1423 555 1652 624 Spiritui
1677 566 1885 621 sancto,
1925 554 2179 610 Trinitati

606 648 823 701 sanctae,
852 640 1301 694 consubstantiali
1328 649 1383 694 et
1413 641 1677 705 indivisa},
1715 642 1820 695 hoc
1848 641 2179 696 sacriﬁcium

605 730 931 784 rationabile
969 740 1025 785 et
1060 731 1163 786 hoc
1209 732 1573 787 ministerium
1612 733 1985 795 incruentum,
2034 732 2179 800 quod

603 822 846 878 oﬁ‘erunt
887 823 986 878 tibi
1024 839 1215 878 omnes
1265 825 1456 895 p0puli
1502 825 1572 878 ab
1607 834 1732 879 ortu
1761 823 1892 878 solis
1916 838 2088 892 usque
2113 822 2181 876 ad

604 931 880 979 occasum,
920 930 950 969 a
988 917 1359 985 septentrione
1398 916 1464 970 ad
1496 924 1765 981 austrum,
1803 915 1931 985 quia
1978 930 2181 969 nomen

603 1015 758 1061 tuum
782 1048 795 1072 ,
846 1008 1098 1073 Domine,
1141 1024 1395 1079 magnum
1430 1016 1515 1063 est
1552 1009 1608 1062 in
1648 1008 1904 1062 omnibus
1929 1006 2184 1077 gentibus

602 1109 660 1154 et
694 1100 749 1153 in
780 1100 929 1153 omni
963 1100 1085 1155 loco
1123 1100 1361 1154 offerunt
1390 1101 1677 1155 incensum
1705 1099 1917 1153 nomini
1942 1108 2037 1153 tuo
2059 1114 2185 1153 san—

606 1200 716 1257 cto,
739 1200 795 1245 ct
822 1192 1157 1246 sacriﬁcium
1182 1208 1408 1262 purum,
1440 1192 1603 1248 simul
1629 1207 1754 1247 cum
1781 1191 1886 1245 hoc
1915 1190 2184 1246 sacriﬁcio

603 1294 661 1338 et
689 1284 792 1338 hac
825 1284 1122 1338 oblatione.

675 1376 926 1431 Sacerdos
950 1377 1134 1447 accipit
1170 1376 1492 1430 thuribulum
1529 1382 1576 1428 et
1615 1374 1789 1428 adolet
1823 1377 2110 1429 incensum.

680 1467 929 1532 Domine,
972 1466 1248 1521 miserere.
1306 1466 1578 1536 Rogamus
1609 1476 1664 1520 et
1697 1466 2050 1521 obsecramus
2084 1467 2185 1522 bo-

607 1560 837 1614 nitatem
862 1567 1032 1622 tuam,
1069 1567 1280 1612 amator
1300 1557 1603 1610 hominum.
1634 1556 1924 1621 Memento,
1957 1558 2185 1613 Domine

608 1650 759 1723 pacis
810 1650 1008 1714 unius,
1045 1649 1241 1715 unicae,
1283 1658 1505 1712 sanetaa,
1539 1648 1843 1713 catholicae,
1891 1658 1947 1703 et
1967 1659 2184 1719 aposto-

608 1742 728 1796 lica:
750 1740 1027 1796 Ecclesiae.

619 1841 623 1845 ‘
681 1832 966 1887 Diaconus.
1006 1832 1169 1887 Orate
1208 1848 1306 1902 pro
1333 1848 1466 1902 pace
1501 1832 1685 1898 unius,
1723 1841 1945 1897 sanctae,
1990 1832 2183 1887 catho-

606 1927 727 1980 licae
756 1936 811 1979 et
837 1924 1145 1993 apostolicae
1182 1924 1454 1990 Ecclesiae,
1490 1940 1589 1994 pro
1621 1925 1796 1979 salute
1833 1924 2181 1994 populorum,

607 2026 665 2072 et
715 2015 1008 2070 securitate
1056 2017 1434 2087 cujuscunque
1479 2015 1608 2077 loci.
1649 2023 1708 2070 et
1746 2022 1807 2069 ut
1833 2014 2183 2070 dimittantur

610 2109 770 2165 nobis
803 2118 1027 2179 peccata
1056 2118 1264 2165 nostra.

679 2199 953 2256 Sacerdos.
986 2200 1117 2266 Qua:
1144 2207 1228 2255 est
1271 2215 1302 2253 a
1341 2198 1543 2253 ﬁnibus
1576 2199 1642 2253 ad
1672 2197 1807 2253 ﬁnes
1832 2204 2012 2261 terrae,
2046 2205 2179 2262 etc.,

608 2302 664 2347 ut
698 2293 753 2347 in
791 2292 949 2345 Missa
983 2290 1193 2343 Basilii.

677 2383 927 2447 Domine,
958 2381 1236 2435 miserere.
1265 2379 1515 2434 lnﬁrmos
1538 2377 1726 2448 populi
1753 2377 1831 2431 tui
1855 2392 2003 2431 sana.

680 2476 964 2530 Diaconus.
994 2472 1158 2528 Orate
1188 2486 1288 2541 pro
1309 2470 1559 2540 patribus
1582 2478 1637 2524 et
1675 2468 1939 2523 fratribus
1958 2466 2179 2521 nostris.

681 2566 956 2623 Sacerdos.
994 2566 1167 2621 Visita
1195 2578 1290 2618 eos
1312 2563 1367 2617 in
1391 2560 1786 2616 misericordia.
1810 2558 1878 2613 Et
1916 2556 2184 2627 perﬁcitur

609 2675 674 2714 ex
710 2659 948 2712 oratione
984 2656 1181 2711 incensi
1218 2652 1447 2707 diluculo
1486 2651 1607 2705 diei.
1648 2652 1838 2707 Patres
1878 2648 2183 2718 fratresque

609 2756 829 2802 nostros
848 2760 1073 2815 peregre
1094 2742 1387 2814 profectos.

680 2837 967 2890 Diaconus.
995 2834 1159 2889 Orate
1183 2849 1282 2903 pro
1306 2831 1575 2902 patribus,
1595 2830 1965 2900 fratribusque
1986 2827 2187 2883 nostris

608 2942 840 2998 peregre
880 2925 1158 2987 profectis.

683 3014 957 3069 Sacerdos.
985 3014 1052 3067 Et
1080 3028 1181 3082 pro
1206 3012 1315 3066 illis
1342 3012 1437 3081 qui
1460 3012 1890 3082 designaverunt
1907 3012 1975 3065 ad
1998 3027 2185 3081 quem-

612 3119 829 3172 cunque
867 3105 1048 3156 locum
1072 3100 1368 3170 proﬁcisci,
1421 3108 1530 3154 etc.
1574 3101 1856 3169 Perﬁcitur
1895 3118 1959 3155 ea:
2005 3104 2186 3156 eadem

612 3194 850 3249 oratione
890 3192 1110 3243 incensi.
1149 3188 1418 3243 Serenum
1448 3196 1503 3242 et
1526 3188 1802 3242 salubrem
1831 3198 2048 3257 praesta,
2078 3190 2186 3243 Do-

612 3283 782 3346 mine,
809 3295 990 3334 aerem
1014 3280 1161 3344 coeli,
1190 3286 1247 3332 et
1269 3276 1544 3331 fructibus
1568 3283 1728 3332 terra:
1758 3277 2008 3332 benedic.

681 3376 964 3430 Diaconus.
993 3372 1157 3429 Orate
1180 3388 1279 3443 pro
1302 3387 1429 3427 aere
1464 3369 1589 3426 (εωιί
1627 3379 1683 3425 et
1717 3370 2008 3425 fructibus.

684 3466 959 3523 Sacerdos.
997 3465 1103 3519 Fac
1135 3474 1197 3519 ut
1235 3471 1486 3519 crescant
1519 3463 1675 3533 juxta
1714 3462 1975 3518 virtutem
2008 3478 2182 3518 suam.

618 3560 683 3616 Ut
708 3560 764 3613 in
791 3558 950 3612 Missa
983 3557 1191 3611 Basilii.

683 3650 935 3712 Domine,
963 3648 1227 3703 miserere
1262 3645 1411 3716 regis
1446 3655 1605 3701 terra:
1630 3644 1819 3699 famuli
1849 3645 1947 3699 tui.

682 3743 968 3797 Diaconus.
1004 3739 1168 3796 Orate
1192 3748 1253 3794 ut
1284 3737 1538 3793 Christus
1564 3737 1709 3792 Deus
1732 3745 1939 3801 noster,
1972 3747 2079 3790 etc.

684 3832 961 3889 Sacerdos.
990 3831 1277 3887 Conserva
1318 3829 1472 3882 illum
1515 3830 1569 3883 in
1611 3842 1746 3897 pace
1767 3836 1824 3882 et
1861 3826 2096 3897 justitia,
2130 3833 2187 3881 et

613 3928 881 4003 potentia,
914 3935 975 3979 ut
1000 3923 1364 3994 subjiciantur
1386 3921 1465 3975 illi
1482 3934 1674 3974 omnes
1694 3918 1936 3984 barbari,
1968 3926 2023 3973 et
2050 3934 2183 3989 gen-

614 4033 701 4078 tes
730 4038 851 4092 quae
894 4020 1037 4074 bella
1080 4017 1273 4071 volunt
1310 4033 1321 4067 :
1356 4014 1423 4069 da
1469 4013 1628 4068 nobis
1656 4013 1926 4067 bonorum
1955 4012 2183 4067 aﬁluen-

614 4113 743 4168 tiam
777 4130 789 4165 :
834 4111 1059 4179 loquere
1099 4107 1167 4159 ad
1206 4120 1300 4159 cor
1343 4106 1494 4174 ejus,
1538 4120 1639 4174 pro
1671 4120 1803 4174 pace
1846 4104 2020 4159 unicae
2053 4113 2181 4169 tum,

612 4201 895 4259 catholicw
920 4206 976 4252 et
997 4195 1309 4266 apostolica:
1336 4193 1599 4249 Ecclesiae
1640 4212 1651 4246 :
1687 4192 1772 4249 fac
1796 4202 1856 4248 ut
1889 4194 2093 4265 cogitet
2119 4210 2184 4249 ea

611 4308 733 4363 quzc
758 4290 907 4361 pacis
932 4295 1081 4351 sunt,
1110 4299 1235 4354 erga
1272 4298 1373 4337 nos
1407 4292 1463 4337 et
1493 4298 1621 4353 erga
1648 4298 1846 4337 nomen
1880 4291 2035 4337 tuum
2062 4299 2185 4338 san-

2281 651 2393 698 tate
2423 654 2627 697 nostra.
2658 640 2882 695 Dimitte
2902 640 3224 709 iniquitates
3240 646 3581 699 nostras,
3615 638 3887 704 preptera

3900 198 3907 229 ἃ

2282 737 2627 807 precationes
2659 750 2872 801 eorum,
2906 743 2964 789 et
3001 744 3226 803 propter
3256 745 3553 787 nomen
3596 739 3778 782 tuum
3806 728 3906 783 hers

2282 827 2487 882 dictum
2519 827 2665 897 quod
2701 827 3012 882 invocatum
3042 834 3127 880 est
3154 840 3327 894 super
3365 838 3552 877 nos-

2349 921 2634 974 Diaconus.
2662 919 2827 975 Orate
2854 934 2956 989 pro
2987 917 3260 981 Patribus,
3285 924 3410 972 etc
3427 957 3447 967 -

2351 1012 2628 1067 Sacerdos.
2668 1012 2962 1077 Memento,
2998 1010 3245 1075 Domine,
3281 1010 3613 1064 Patrum
3654 1014 3915 1057 nm

3423 1112 3750 1167 quorum

2282 1195 2585 1267 praecessit,
2611 1209 2801 1250 eorum
2819 1194 2913 1263 qui
2929 1193 3159 1248 verbum
3180 1191 3362 1246 verita
3377 1190 3489 1242 tis
3528 1198 3729 1241 recte
3757 1186 3920 1255 disp}

2284 1295 2565 1351 saverunt,
2597 1295 2655 1341 et
2697 1286 2765 1341 da
2792 1285 2954 1340 nobis
2982 1293 3193 1355 partem
3226 1292 3283 1337 et
3312 1280 3816 1336 hereditatem
3848 1297 3919 1333 m1

2284 1379 2383 1433 eis.
2421 1380 2634 1434 Rursus
2653 1393 2848 1434 eorum
2890 1385 3166 1432 memento
3189 1391 3475 1446 quorum
3518 1372 3743 1427 hodie
3772 1388 3924 1425 mas

2283 1105 2718 1160 orthodoxorum
2755 1102 3299 1172 archiepiscOporum
3323 1140 3341 1165 ,

2286 1470 2423 1524 riam
2446 1469 2697 1525 facimus.

2356 1560 2611 1616 Sacerdos
2648 1571 2762 1633 post
2793 1562 3056 1632 diptycha.
3095 1561 3163 1615 Et
3194 1561 3489 1623 illorum,
3546 1558 3924 1625 omnium
3974 1560 3975 1633 ᾖ

2286 1653 2535 1719 Domine,
2562 1669 2795 1723 quorum
2824 1653 3046 1708 nomina
3070 1652 3391 1715 recitamus,
3428 1660 3517 1705 et
3550 1663 3833 1719 quorum
3857 1662 3925 1699 εξ(

2209 1719 2259 1778 Β
2288 1745 2583 1799 recitamus
2621 1762 2633 1797 :
2670 1760 2808 1813 quos
2852 1745 3232 1814 unusquisque
3276 1753 3613 1797 nostrum
3677 1742 3742 1793 in
3788 1752 3921 1791 mest:

2285 1833 2472 1898 habet,
2506 1842 2562 1888 et
2594 1849 2786 1888 eorum
2808 1850 3040 1904 quorum
3071 1833 3333 1889 memoria
3358 1849 3517 1887 non
3547 1830 3833 1886 occurrit
3856 1846 3923 1881 ne-
3970 1840 3971 1843 ‘

2285 1924 2390 1989 b’is,
2419 1926 2514 1995 qui
2570 1925 2915 1980 dormierunt
2950 1934 3006 1980 et
3046 1925 3383 1995 quieverunt
3416 1925 3503 1979 in
3543 1922 3688 1977 ﬁde
3728 1921 3916 1976 Christi.
3958 1921 3975 1995 η

2282 2016 2538 2086 Dignare,
2576 2016 2825 2083 Domine,
2876 2024 3134 2085 praestare
3161 2023 3222 2069 ut
3274 2014 3720 2085 requiescant
3763 2010 3919 2063 anim

2284 2106 2507 2161 illorum
2547 2121 2738 2161 omnes
2780 2106 2837 2160 in
2883 2106 3008 2160 sinu
3046 2114 3264 2175 patrum
3298 2115 3705 2161 nostrorum
3732 2114 3909 2159 sancte

2285 2213 2409 2253 rum
2431 2197 2728 2261 Abraham,
2766 2198 2914 2253 Isaac
2934 2205 2989 2252 et
3009 2197 3197 2263 Jacob,
3218 2206 3324 2253 etc.

2355 2289 2605 2354 Domine,
2627 2288 2908 2344 miserere.

2354 2378 2628 2435 Sacerdos.
2676 2379 2975 2445 Sacriﬁcia,
3018 2381 3442 2451 oblationesque
3496 2381 3577 2436 in
3616 2379 3903 2452 gratiam

2285 2473 2555 2527 actionem
2580 2514 2594 2539 ,
2638 2489 2830 2529 eorum
2866 2474 2961 2545 qui
3005 2474 3245 2529 offerunt
3291 2475 3546 2531 laudem
3596 2482 3662 2529 et
3694 2472 3894 2544 gloria

2284 2565 2494 2619 nomini
2520 2574 2613 2619 tuo
2634 2575 2844 2620 saneto.

2356 2658 2643 2712 Diaconus.
2673 2657 2837 2712 Orate
2871 2673 2972 2728 pro
3006 2657 3112 2712 illis
3136 2658 3228 2727 qui
3257 2657 3323 2712 de
3366 2672 3482 2712 suo
3534 2653 3890 2712 sacriﬁciaet

2286 2750 2592 2805 oblationes
2610 2748 2877 2804 fecerunt.

2356 2840 2630 2896 Sacerdos.
2652 2840 2878 2909 Suscipe
2902 2854 2966 2894 ea
2990 2854 3154 2910 super
3176 2840 3345 2894 altare
3367 2847 3547 2894 tuum
3578 2836 3876 2910 spiritnzk,

2287 2932 2528 2994 caeleste,
2550 2946 2674 2984 cum
2697 2929 2867 2984 odore
2891 2930 3091 2995 thuris,
3111 2929 3180 2983 ad
3206 2930 3572 2999 majestatem
3612 2940 3768 2983 tuam
3785 2941 3877 2979 cm-

2286 3021 2501 3085 lestem,
2536 3036 2635 3089 per
2673 3019 3041 3074 ministerium
3087 3019 3430 3090 angelorum,
3463 3027 3533 3073 et
3584 3018 3877 3085 archange-

2288 3110 2467 3165 lorum
2511 3119 2734 3163 tuorum
2784 3116 3133 3173 sanctorum,
3177 3107 3321 3163 sicut
3358 3106 3429 3160 ad
3475 3114 3540 3162 te
3585 3098 3867 3172 suscepisti

2286 3215 2515 3253 munera
2534 3199 2669 3269 justi
2692 3198 2849 3261 Abel,
2866 3205 2923 3252 et
2944 3196 3273 3252 sacriﬁcium
3304 3196 3480 3266 patris
3498 3194 3697 3251 nostri
3713 3193 3868 3247 Abra-

2286 3289 2455 3354 hami,
2482 3299 2537 3344 et
2560 3290 2771 3344 minuta
2795 3289 2903 3343 duo
2925 3287 3122 3343 viduae.
3154 3288 3234 3342 Ita
3260 3302 3485 3357 quoque
3520 3296 3658 3341 vota
3689 3296 3859 3338 servo-

2286 3396 2408 3436 rum
2434 3392 2655 3436 tuorum
2678 3389 2901 3452 accepta
2917 3381 3059 3436 habe
3082 3400 3094 3434 :
3113 3381 3226 3435 sive
3252 3380 3510 3444 multum,
3528 3380 3653 3433 sive
3673 3386 3859 3446 parum

2287 3474 2396 3539 sit;
2442 3482 2657 3529 secreto
2698 3483 2791 3528 aut
2840 3473 3163 3539 manifeste;
3213 3482 3271 3528 et
3312 3472 3419 3527 illis
3442 3471 3533 3541 qui
3561 3470 3853 3524 voluerunt

2287 3563 2508 3627 offerre,
2532 3579 2635 3618 nec
2660 3562 2806 3619 unde
2840 3563 3086 3618 facerent
3109 3562 3422 3617 habuerunt
3445 3579 3459 3613 :
3482 3558 3725 3613 utetiam
3745 3551 3853 3606 illis

2286 3655 2380 3725 qui
2420 3654 2584 3709 hodie
2623 3654 2739 3709 haec
2781 3654 2882 3708 tibi
2917 3668 3148 3709 munera
3184 3653 3509 3714 obtulerunt,
3545 3648 3612 3702 da
3652 3646 3843 3700 ineor—

2286 3746 2566 3816 ruptibilia
2608 3760 2705 3815 pro
2739 3744 3193 3815 corruptibilibus
3226 3761 3238 3796 :
3266 3742 3505 3799 caelestia
3531 3754 3629 3809 pro
3666 3744 3845 3789 terre-

2285 3836 2416 3891 nis:
2458 3844 2665 3891 aeterna
2707 3850 2807 3906 pro
2840 3834 3238 3906 temporalibus
3285 3833 3521 3887 :domos
3568 3840 3758 3885 eorum
3791 3831 3842 3877 et

2286 3928 2452 3983 cellas
2487 3927 2777 3997 penuarias
2817 3926 2967 3995 reple
3030 3926 3192 3982 bonis
3240 3924 3504 3981 omnibus.
3558 3914 3838 3978 Circumda

2284 4032 2400 4082 eos,
2445 4017 2693 4081 Domine,
2738 4025 3009 4087 potestate
3058 4018 3372 4089 angelorum
3404 4022 3460 4069 et
3488 4008 3837 4079 archangelu-

2285 4121 2406 4161 rum
2438 4115 2657 4161 tuorum
2695 4116 3012 4163 sanctorum
3040 4127 3053 4162 :
3078 4118 3135 4164 et
3168 4109 3309 4162 sicut
3332 4121 3603 4161 memores
3634 4104 3834 4158 fuerunt

2284 4198 2536 4276 nominis.
2553 4200 2632 4254 tui
2667 4200 2839 4255 sancti
2869 4215 3036 4271 super
3065 4209 3285 4265 terram,
3321 4209 3602 4254 memento
3637 4197 3830 4252 illorum

2284 4288 2341 4343 in
2362 4304 2531 4360 regno
2558 4299 2673 4355 tuo,
2701 4300 2756 4346 et
2788 4290 2843 4344 in
2870 4290 2975 4345 hoc
3006 4290 3205 4345 seculo
3227 4306 3297 4345 ne
3320 4290 3673 4360 derelinquas
3700 4299 3797 4341 eos.

612 4391 784 4447 etum,
813 4390 873 4435 ut
899 4380 1067 4434 vitam
1102 4374 1455 4445 tranquillam
1487 4382 1544 4430 et
1570 4374 1841 4446 placidam
1870 4375 2136 4430 ducamus
2166 4393 2177 4428 :
2212 4390 2258 4447 ι)
2352 4381 2604 4446 Domine,
2630 4381 2917 4436 miserere.

611 4486 775 4545 atque
799 4475 853 4528 in
877 4472 1025 4527 omni
1050 4470 1252 4541 pietate
1284 4474 1341 4523 et
1370 4466 1655 4523 honestate
1678 4466 1986 4523 conﬁrmati
2024 4468 2179 4523 inve-

613 4566 831 4621 niamur
856 4561 1002 4632 apud
1037 4569 1108 4614 te.

681 4656 931 4717 Domine,
955 4652 1236 4705 miserere.
1263 4647 1518 4704 Patribus
1547 4646 1921 4717 fratribusque
1953 4646 2176 4711 nostris,

611 4750 705 4822 qui
765 4746 1204 4807 obdormierunt,
1231 4750 1288 4797 et
1327 4754 1562 4811 quorum
1614 4739 1823 4793 animas
1866 4738 2177 4808 suscepisti,

612 4844 853 4913 quietem
874 4846 1089 4909 praesta.
1116 4836 1388 4889 Memento
1408 4833 1572 4886 etiam
1595 4832 1840 4886 omnium
1865 4839 2179 4886 sanctorum

611 4936 704 5006 qui
742 4951 772 4987 a
805 4931 1002 4987 saeculo
1041 4927 1141 4983 tibi
1184 4926 1547 4996 placuerunt,
1590 4923 1813 4978 Patrum
1866 4932 2179 4977 nostrorum

611 5036 946 5085 sanctorum,
987 5018 1448 5090 patriarcharum,
1492 5015 1907 5084 prophetarum,
1958 5022 2178 5083 aposto-

570 5117 819 5177 .lorum,
866 5110 1359 5181 evangelistarum,
1402 5114 1735 5176 martyrum,
1779 5103 2178 5169 confessorum,

608 5204 1051 5275 praedicatorum,
1086 5207 1142 5254 et
1184 5197 1429 5252 omnium
1463 5196 1753 5265 spirituum
1787 5194 2060 5263 justorum
2085 5196 2179 5264 qui

611 5299 669 5354 in
715 5297 821 5350 ﬁde
868 5292 1096 5366 perfecti
1141 5291 1392 5355 fuerunt;
1440 5287 1713 5357 praecipue
1755 5295 1939 5339 autem
1979 5298 2180 5343 sancta:

612 5386 1010 5455 gloriosissime
1044 5382 1306 5449 Deiparze,
1352 5392 1568 5445 semper
1625 5374 1883 5445 Virginis,
1931 5392 2083 5446 purae
2125 5385 2179 5430 et

614 5476 834 5530 illibata:
863 5484 1062 5529 sanctae
1083 5472 1281 5535 Maria,
1309 5478 1413 5524 etc.
1437 5467 1518 5523 Ex
1541 5466 1699 5522 Missa
1732 5467 1942 5531 Basilii,
1972 5478 2027 5522 et
2051 5484 2174 5522 om-

613 5566 700 5619 nis
726 5566 876 5617 chori
903 5576 1216 5618 sanctorum
1244 5572 1483 5615 tuorum.

678 5655 952 5710 Sacerdos.
990 5654 1127 5709 Tono
1161 5654 1295 5708 Jobi.
1336 5653 1402 5708 Et
1440 5666 1561 5717 nos,
1602 5650 1850 5717 Domine,
1888 5650 2031 5722 digni
2064 5667 2177 5709 non

2351 4471 2636 4528 Diaconus.
2668 4473 2832 4529 Orate
2856 4489 2954 4544 pro
2984 4474 3097 4529 vita
3126 4482 3183 4528 et
3210 4471 3594 4527 incolumitate
3619 4467 3821 4542 patriar-

2280 4561 2397 4617 chae
2423 4569 2479 4615 et
2506 4561 2684 4615 Patris
2718 4564 2890 4616 nostri
2918 4562 3273 4624 venerabilis,
3311 4558 3711 4630 archiepiscopi
3740 4556 3822 4609 Pa-

2281 4651 2380 4706 tris
2404 4650 2470 4705 N.
2500 4656 2561 4703 ut
2581 4650 2836 4706 Christus
2857 4651 3001 4706 Deus
3023 4662 3210 4707 noster
3232 4661 3521 4705 conservet
3536 4649 3704 4703 vitam
3729 4644 3821 4713 ejus

2280 4742 2349 4796 ad
2372 4742 2575 4796 multos
2596 4757 2789 4805 annos,
2816 4758 2881 4796 ac
2910 4742 3251 4811 temporibus
3277 4741 3613 4811 tranquillis.

2351 4831 2624 4887 Sacerdos.
2654 4832 3029 4886 Patriareham
3062 4842 3314 4886 nostrum
3339 4831 3709 4885 venerabilem
3742 4828 3818 4883 Pa-

2280 4933 2417 4979 trem
2442 4924 2595 4978 Anba
2616 4924 2681 4977 N.
2707 4923 3066 4977 custodiendo
3092 4938 3357 4977 conserva
3377 4922 3538 4975 nobis
3558 4922 3628 4975 ad
3653 4921 3820 4975 multos

2280 5028 2474 5077 annos,
2510 5021 2565 5066 et
2590 5027 2687 5081 per
2712 5012 3002 5080 tranquilla
3028 5020 3294 5080 tempora,
3323 5019 3381 5064 ut
3401 5010 3699 5078 adimpleat
3720 5023 3815 5078 per-

2280 5104 2420 5159 fecte
2442 5104 2677 5159 ofﬁcium
2702 5104 2871 5158 sancti
2897 5103 3246 5173 pontiﬁcatus
3271 5103 3365 5172 qui
3394 5102 3519 5156 illia
3546 5111 3597 5156 te
3617 5103 3817 5156 collatus

2279 5206 2384 5259 est,
2404 5196 2706 5251 secundum
2727 5196 3065 5249 voluntatem
3087 5203 3234 5248 tuam
3262 5202 3503 5249 sanctam
3525 5202 3582 5247 et
3609 5194 3811 5249 beatam.

2281 5296 2429 5341 recte
2469 5287 2791 5355 dispensans
2817 5286 3043 5339 verbum
3086 5286 3353 5349 veritatis,
3386 5294 3443 5339 et
3479 5300 3711 5353 pascens
3741 5296 3805 5352 p0-

2280 5376 2469 5445 pulum
2507 5384 2661 5429 tuum
2701 5374 2756 5429 in
2803 5375 3092 5429 sanctitate
3122 5384 3177 5429 et
3212 5376 3443 5445 justitia.
3482 5376 3731 5430 Concede
3758 5369 3814 5424 illi

2279 5478 2334 5523 et
2363 5468 2521 5522 nobis
2548 5482 2738 5536 pacem
2762 5476 2817 5521 et
2842 5467 3072 5521 salutem
3100 5482 3165 5521 ex
3211 5482 3537 5535 quacunque
3571 5476 3722 5535 parte
3744 5482 3753 5515 :
3774 5471 3815 5514 et

2281 5574 2471 5630 preces
2501 5560 2620 5627 ejus
2653 5574 2790 5627 quas
2830 5558 2960 5613 facit
2992 5574 3091 5629 pro
3128 5558 3288 5613 nobis
3320 5570 3377 5613 et
3414 5574 3513 5628 pro
3556 5572 3703 5611 0mm
3736 5567 3814 5623 po-

2282 5652 2409 5726 pulo
2434 5661 2548 5715 tuo,
2574 5660 2633 5704 ut
2661 5665 2753 5705 eas
2776 5665 2895 5721 qua:
2927 5665 3025 5722 pro
3048 5650 3141 5707 illo
3176 5666 3205 5705 a
3242 5651 3400 5706 nobis
3441 5650 3600 5717 ﬁunt,
3632 5648 3811 5716 suscipe
