4062 6202
1358 358 1398 394 ὃ.

293 648 426 686 cum
467 633 636 687 odore
688 634 884 687 thuris.
923 633 1183 690 Inimicos
1232 651 1451 706 quoque
1491 638 1612 708 ejus
1648 653 1878 701 omnes,

204 706 255 754 ⁵⁸
292 722 545 776 visibiles
564 729 619 776 et
647 721 972 790 invisibiles,
994 733 1220 780 contere
1244 735 1301 781 et
1326 727 1501 797 dejice
1526 706 1628 781 sub
1647 727 1882 796 pedibus

247 816 252 846 ε
291 815 419 883 ejus
450 813 714 868 velociter
750 832 763 866 :
804 813 960 869 illum
1001 831 1220 886 quoque
1261 832 1529 873 conserva
1562 818 1620 872 in
1652 833 1786 888 pace
1826 828 1882 873 et

293 904 531 972 iustitia,
555 903 611 957 in
637 905 885 961 Ecclesia
906 915 1002 962 tua
1030 916 1240 962 sancta.

49 971 246 1078 ῗξδέηδτ
370 995 622 1060 Domine,
657 995 947 1052 miserere.

370 1084 657 1139 Diaconus.
700 1084 866 1142 Orate
914 1103 1015 1158 pro
1063 1089 1321 1146 Patribus
1356 1093 1562 1148 nostris
1612 1092 1888 1162 episc0pis

26 1160 228 1262 τθτέὲ
295 1174 618 1246 ubicunque
643 1177 774 1244 sint,
812 1186 872 1233 ut
908 1179 1162 1236 Christus
1194 1181 1342 1237 Deus
1376 1190 1566 1248 noster
1595 1160 1887 1239 conservet

24 1251 122 1297 ε
295 1268 468 1322 vitam
498 1283 714 1336 eorum,
759 1269 825 1324 ad
858 1273 1064 1328 multos
1097 1288 1294 1340 annos,
1327 1290 1428 1344 per
1457 1284 1705 1346 tempora
1733 1283 1882 1332 tran-

23 1349 94 1393 ω’)
299 1361 495 1430 quilla,
521 1370 576 1416 et
608 1372 796 1431 parcat
820 1363 1004 1420 nobis.

369 1451 648 1508 Sacerdos.
673 1456 968 1522 Memento,
1002 1458 1256 1523 Domine,
1286 1460 1673 1532 episcoporum
1695 1463 1886 1519 ortho-

303 1542 574 1599 doxorum
600 1545 656 1600 in
683 1563 1014 1618 quocunque
1052 1549 1174 1605 loco
1198 1550 1307 1605 sint
1335 1569 1347 1604 :
1375 1553 1747 1619 sacerdotum,
1768 1554 1887 1610 dia-

306 1649 570 1691 conorum
593 1677 607 1702 ,
656 1637 1157 1706 subdiaconorum,
1205 1642 1474 1697 lectorum
1502 1684 1516 1707 ,
1570 1653 1882 1711 cantorum,

303 1726 724 1791 exorcistarum,
769 1729 1191 1797 monachorum,
1224 1732 1525 1804 virginum,
1567 1734 1882 1801 viduarum,

304 1816 676 1886 orphanorum
705 1859 720 1884 ,
755 1821 1152 1878 continentiam
1190 1826 1589 1893 exercentium,
1625 1834 1682 1882 et
1717 1827 1887 1883 laico-

303 1922 428 1961 rum
459 1924 472 1960 :
515 1908 734 1964 illorum
770 1912 864 1981 qui
897 1914 1249 1970 matrimonio
1282 1917 1460 1987 juncti
1500 1927 1648 1984 sunt,
1681 1927 1738 1974 et
1777 1919 1885 1975 illis

301 1999 396 2068 qui
430 1999 669 2054 educant
699 2000 876 2057 ﬁlios:
904 2005 998 2073 qui
1033 2005 1294 2062 dixerunt
1336 2008 1520 2074 nobis,
1549 2020 1883 2067 mementote

301 2090 511 2150 nostri,
552 2099 608 2146 et
658 2093 754 2161 qui
804 2110 915 2150 non
953 2095 1214 2152 dixerunt
1251 2116 1264 2152 :
1309 2115 1448 2169 quos
1496 2103 1779 2168 novimus,
1829 2113 1885 2159 et

301 2197 443 2250 quos
473 2197 586 2236 non
620 2184 914 2240 novimus:
946 2186 1294 2243 inimicorum
1335 2199 1390 2245 et
1437 2192 1740 2248 amicorum
1787 2208 1886 2249 no-

302 2281 547 2328 strorum
585 2292 598 2328 :
636 2276 887 2342 Domine,
920 2293 1112 2334 eorum
1142 2279 1428 2337 miserere.

373 2365 624 2433 Domine,
647 2370 932 2426 miserere.
954 2370 1246 2438 Memento,
1265 2373 1516 2439 Domine,
1541 2375 1884 2446 reliquorum

301 2455 737 2512 orthodoxorum
763 2460 858 2529 qui
887 2469 1016 2515 sunt
1041 2461 1248 2531 ubique
1274 2470 1568 2518 terrarum.

375 2543 664 2602 Diaconus.
695 2547 859 2604 Orate
898 2565 1000 2620 pro
1027 2552 1256 2621 reliquis
1285 2554 1607 2610 orthodoxis
1637 2557 1732 2627 qui
1756 2565 1886 2612 sunt

305 2635 512 2706 ubique
543 2644 815 2694 terrarum
849 2658 861 2693 :
893 2649 954 2695 ut
984 2641 1238 2698 Christus
1258 2645 1403 2719 Deus
1437 2655 1628 2703 noster
1675 2648 1748 2704 sit
1775 2649 1885 2704 illis

302 2729 598 2796 propitius,
629 2737 685 2784 et
709 2731 1040 2787 misereatur
1062 2749 1276 2800 eorum,
1301 2746 1357 2790 et
1386 2745 1576 2806 parcat
1594 2739 1775 2793 nobis.

374 2817 648 2875 Sacerdos.
697 2823 948 2886 Domine,
977 2825 1263 2880 miserere.
1300 2827 1593 2892 Memento,
1632 2830 1881 2895 Domine,

302 2909 468 2982 hujus
498 2912 604 2967 loci
655 2915 829 2969 sancti
857 2916 936 2969 tui
982 2924 1038 2970 et
1074 2918 1321 2972 omnium
1357 2918 1760 2976 habitationum
1786 2923 1887 2978 Pa-

306 3013 451 3059 trum
489 3013 804 3061 nostrorum
833 3008 1290 3064 orthodoxorum.

373 3095 662 3151 Diaconus.
690 3097 853 3154 Orate
893 3115 994 3170 pro
1031 3101 1327 3156 securitate
1356 3102 1522 3174 hujus
1545 3105 1650 3160 loci
1687 3113 1742 3160 et
1764 3122 1884 3161 om-

301 3185 453 3239 nium
491 3186 742 3242 locorum
791 3189 1015 3243 Patrum
1055 3200 1372 3246 nostrorum
1426 3195 1882 3262 orthodoxorum,
1912 3216 1955 3274 ο

302 3276 657 3332 eremitarum
697 3287 753 3334 et
788 3281 1271 3347 anachoretarum,
1305 3284 1634 3354 illorumque
1658 3287 1753 3356 qui
1789 3288 1886 3342 ha-

301 3366 481 3423 bitant
521 3369 576 3423 in
625 3370 739 3435 eis,
781 3381 837 3426 et
873 3388 975 3442 pro
1015 3374 1310 3430 securitate
1359 3377 1528 3432 totius
1567 3378 1781 3443 mundi,
1825 3391 1886 3436 ut

301 3458 558 3516 Christus
586 3462 730 3517 Deus
767 3473 957 3521 noster
995 3477 1285 3525 conservet
1317 3485 1413 3525 eos
1439 3470 1507 3524 ab
1531 3472 1681 3526 omni
1717 3472 1881 3538 malo,

302 3560 360 3606 et
384 3561 572 3622 parcat
601 3556 782 3612 nobis.

374 3643 650 3701 Sacerdos.
687 3647 890 3704 Omnes
930 3649 1116 3714 urbes,
1157 3651 1433 3722 regiones,
1459 3661 1515 3707 et
1543 3653 1881 3722 provincias,

302 3742 360 3789 et
379 3749 572 3789 omnes
601 3737 794 3792 domos
819 3737 1064 3792 ﬁdelium
1091 3753 1376 3804 conserva,
1401 3748 1455 3794 et
1481 3756 1580 3796 nos
1612 3757 1805 3798 omnes
1829 3745 1902 3800 in.

304 3823 412 3880 ﬁde
436 3826 739 3883 orthodoxa
772 3843 946 3898 usque
980 3828 1049 3882 ad
1084 3837 1394 3885 extremum
1434 3831 1690 3901 spiritum
1727 3850 1738 3885 :
1770 3833 1886 3889 haec

302 3920 450 3974 enim
482 3921 642 3976 unica
667 3935 792 3990 spes
827 3928 1018 3976 nostra
1041 3928 1147 3975 est.

375 4011 626 4076 Domine,
650 4011 933 4066 miserere.
950 4011 1240 4077 Memento,
1259 4013 1507 4081 Domine,
1527 4015 1887 4074 circumstan-

306 4100 466 4165 tium,
501 4101 594 4170 qui
627 4100 914 4154 nobiscum
951 4101 1356 4171 deprecationis
1393 4107 1688 4177 participes
1732 4122 1880 4167 sunt.

376 4191 665 4245 Diaconus.
696 4189 858 4246 Orate
881 4208 981 4262 pro
1015 4193 1504 4252 circumstantibus
1525 4199 1618 4268 qui
1648 4200 1740 4255 hic
1762 4217 1886 4270 par-

310 4283 504 4352 ticipes
545 4292 674 4339 sunt
710 4285 1000 4340 nobiscum
1035 4285 1444 4356 deprecationis
1476 4307 1489 4342 :
1522 4298 1584 4344 ut
1631 4291 1885 4351 Christus

307 4372 453 4428 Deus
476 4381 665 4429 noster
686 4385 974 4431 conservet
992 4390 1108 4441 eos,
1133 4377 1567 4450 misereaturquc
1588 4397 1802 4450 eorum,
1829 4395 1885 4441 ct

306 4475 496 4534 parcat
526 4466 707 4522 nobis.

375 4555 648 4612 Sacerdos.
700 4557 888 4615 Patres
929 4566 984 4614 et
1028 4558 1226 4615 fratres
1267 4571 1504 4626 nostros,
1539 4573 1595 4620 et
1637 4566 1880 4636 reliquos
1909 4552 1955 4608 Ῑ)

305 4647 620 4718 ubicunque
649 4657 922 4705 terrarum
951 4651 1080 4716 sint,
1106 4667 1372 4707 conserva
1397 4654 1707 4722 nobiscum,
1741 4673 1882 4726 prae-

305 4739 446 4794 sidio
490 4740 766 4796 exercitus
804 4751 1136 4812 potestatum
1190 4753 1505 4799 sanctarum
1557 4755 1660 4801 :et
1707 4747 1880 4803 libera

303 4843 405 4884 nos
439 4845 470 4884 a
510 4830 632 4886 telis
680 4831 855 4904 igneis
895 4832 1118 4897 diaboli,
1169 4839 1227 4888 et
1263 4833 1332 4888 ab
1366 4835 1624 4891 omnibus
1669 4836 1883 4893 insidiis

304 4918 613 4985 diabolicis,
641 4929 700 4976 et
724 4922 794 4976 ab
820 4923 971 4977 omni
995 4921 1193 4990 laqueo
1219 4937 1372 4978 vanae
1395 4924 1600 4994 glorias.

371 5010 622 5079 Domine,
649 5014 934 5068 miserere.

369 5099 644 5159 Sacerdos.
687 5105 980 5173 Memento,
1009 5109 1259 5174 Domine,
1284 5125 1478 5164 eorum
1513 5113 1759 5167 omnium
1781 5117 1875 5185 qui

299 5193 460 5248 nobis
481 5207 880 5264 praeceperunt,
904 5207 965 5252 ut
1008 5213 1202 5254 eorum
1234 5216 1504 5256 memores
1532 5219 1780 5260 essemus
1821 5207 1875 5261 in

300 5285 641 5340 orationibus
670 5295 726 5342 et
749 5289 1244 5358 supplicationibus
1273 5291 1340 5346 ad
1367 5302 1418 5348 te
1446 5295 1670 5350 nostris.

370 5374 656 5431 Diaconus.
699 5377 862 5434 Orate
910 5397 1010 5450 pro
1061 5384 1318 5441 omnibus
1352 5386 1445 5456 qui
1483 5387 1644 5442 nobis
1666 5404 1872 5458 praece-

300 5475 522 5532 perunt,
549 5475 609 5529 ut
645 5484 834 5523 eorum
866 5485 1138 5526 memores
1165 5489 1413 5530 essemus
1445 5476 1498 5530 in
1527 5478 1874 5534 orationibus

301 5565 355 5609 et
382 5560 879 5627 supplicationibus
902 5565 1125 5630 nostris,
1155 5575 1216 5620 ut
1239 5567 1493 5624 Christus
1516 5569 1661 5624 Deus
1685 5581 1874 5626 noster

302 5647 499 5704 liberet
521 5664 620 5704 eos
639 5651 707 5705 ab
731 5654 881 5709 omni
913 5655 1075 5709 malo.

30 673 189 740 pmﬁu

1558 420 1885 481 LITURGIA
1924 419 1984 478 S.
2023 421 2321 478 CYRILLI.

3432 423 3565 479 1298

1981 643 2113 696 ster,
2147 634 2451 704 praesertim
2496 635 2600 690 hoc
2637 643 2901 703 tempore,
2932 634 3095 704 hujus
3125 633 3420 686 oblationis
3444 649 3564 687 san-

1981 735 2082 780 ctae
2112 744 2124 779 :
2153 742 2391 796 quorum
2444 727 2765 782 memoriam
2800 742 3017 796 semper
3063 724 3296 795 agimus,
3346 735 3402 778 et
3427 713 3566 792 quos

1982 819 2366 888 unusquisque
2414 827 2668 874 nostrum
2729 818 2784 871 in
2828 825 3012 871 mente
3056 816 3240 879 habet,
3273 825 3328 870 et
3369 831 3562 869 eorum

1983 909 2435 964 commemoratio
2461 924 2582 979 qua:
2605 908 2770 962 hodie
2797 907 2996 978 agitur,
3032 907 3102 961 sit
3142 907 3276 976 ipsis
3303 916 3560 974 tanquam

1985 1014 2179 1054 murus
2203 998 2414 1063 ﬁrmus,
2444 1014 2710 1068 superans
2739 1013 2930 1054 omnes
2963 997 3355 1052 daemoniorum
3391 997 3563 1051 insul-

1984 1103 2094 1157 tus,
2117 1101 2172 1147 et
2195 1092 2424 1146 consilia
2451 1091 2739 1146 hominum
2760 1091 3159 1162 improborum.

2058 1183 2345 1238 Diaconus.
2377 1183 2617 1238 Adoratc
2644 1183 2818 1238 Deum
2844 1198 2968 1237 cum
2995 1182 3211 1236 timore.

2054 1273 2331 1328 Sacerdos.
2377 1273 2673 1339 Memento,
2717 1273 2969 1336 Domine,
3002 1271 3288 1325 tenuitatis
3333 1285 3489 1334 meae,
3515 1279 3571 1324 et

1987 1365 2221 1420 miseria)
2262 1365 2458 1419 anima:
2485 1379 2638 1428 meae,
2664 1372 2720 1418 et
2746 1364 2946 1434 largire
2990 1363 3146 1430 mihi,
3186 1374 3247 1418 ut
3269 1363 3568 1434 intelligam

1985 1465 2206 1528 quanta:
2248 1457 2533 1528 dignitatis
2574 1457 2646 1511 sit
2695 1465 2874 1512 astare
2924 1472 3011 1511 me
3062 1455 3130 1510 ad
3187 1456 3356 1511 altare
3413 1465 3568 1510 tuum

1988 1556 2262 1606 sanctum.
2289 1549 2459 1604 Aufer
2488 1564 2518 1602 a
2560 1564 2646 1603 me
2686 1549 2872 1603 omnia
2923 1547 3198 1602 desideria
3242 1547 3570 1616 insipientia:

1987 1652 2043 1698 et
2058 1642 2402 1714 juventutis:
2428 1658 2609 1711 neque
2633 1641 2738 1695 hoc
2759 1641 2894 1694 mihi
2916 1656 3080 1711 grave
3097 1640 3169 1695 sit
3195 1655 3318 1695 cum
3345 1653 3562 1708 responv

1989 1735 2231 1791 dendum
2266 1734 2372 1789 erit
2410 1734 2466 1787 in
2497 1733 2586 1787 die
2635 1732 2729 1786 illo
2760 1730 3016 1786 terribili.
3047 1731 3244 1785 Libera
3277 1745 3362 1784 me
3403 1730 3569 1785 etiam

1989 1827 2057 1881 ab
2081 1825 2338 1879 omnibus
2361 1823 2778 1894 operationibus
2797 1821 3082 1892 potestatis
3102 1821 3404 1876 adversarii
3431 1837 3445 1874 :
3471 1836 3570 1875 ne-

1988 1934 2094 1989 que
2147 1934 2234 1973 me
2273 1917 2474 1987 perdas
2519 1925 2746 1986 propter
2785 1913 3105 1983 iniquitates
3153 1928 3302 1968 meas
3328 1953 3343 1976 ,
3392 1925 3572 1982 neque

1989 2010 2250 2064 irascaris
2300 2008 2436 2062 mihi
2474 2023 2649 2077 usque
2698 2006 2753 2060 in
2789 2014 3094 2070 aeternum,
3150 2019 3331 2073 neque
3387 2018 3574 2085 serves

1989 2099 2125 2153 mihi
2160 2099 2301 2152 mala
2344 2113 2485 2163 mea,
2515 2097 2613 2152 sed
2652 2095 2882 2151 ostende
2927 2095 3063 2150 mihi
3101 2094 3405 2149 bonitatem
3444 2109 3574 2164 erga

1987 2206 2076 2245 me
2105 2198 2274 2254 tuam,
2306 2198 2361 2244 et
2389 2190 2566 2243 libera
2591 2204 2677 2242 me
2712 2187 3023 2258 indignum,
3051 2185 3358 2241 secundum
3384 2186 3574 2240 multi-

1989 2279 2238 2334 tudinem
2263 2277 2656 2333 misericordia:
2697 2286 2803 2331 tuaa
2831 2292 2998 2346 super
3024 2291 3132 2330 me.
3159 2275 3300 2330 Tono
3336 2274 3571 2340 Genesis,

1989 2381 2049 2427 ut
2071 2372 2393 2428 hencdicam
2415 2369 2513 2424 tibi
2537 2384 2756 2438 semper
2776 2367 3035 2423 omnibus
3055 2367 3252 2422 diebus
3268 2367 3396 2421 vita:
3418 2383 3570 2422 meae.

2057 2465 2307 2529 Domine,
2348 2463 2633 2518 miserere.
2663 2461 2956 2526 Memento,
2986 2460 3240 2524 Domine,
3282 2473 3575 2513 consessus

1987 2559 2152 2629 hujus
2171 2557 2525 2614 sacerdotalis
2548 2555 2720 2610 sancti
2750 2554 2849 2620 tui,
2872 2562 2927 2607 et
2951 2551 3130 2607 omnis
3154 2551 3367 2606 ordinis
3396 2565 3574 2606 sacer-

1987 2646 2187 2702 dotalis
2217 2645 2533 2700 orthodoxi.

2059 2736 2346 2789 Diaconus.
2387 2733 2549 2788 Orate
2603 2748 2703 2802 pro
2753 2732 2857 2785 hac
2911 2737 3100 2785 sancla
3146 2729 3572 2800 congregatione

1989 2825 2340 2887 sacerdotali,
2378 2832 2434 2879 et
2476 2839 2576 2894 pro
2603 2824 2751 2878 omni
2780 2822 2974 2877 ordine
3001 2821 3352 2878 sacerdotum
3378 2820 3571 2875 ortho-

1988 2917 2280 2972 doxorum.
2299 2925 2360 2971 ut
2389 2915 2646 2973 Christus
2672 2916 2816 2970 Deus
2839 2923 3026 2970 noster
3043 2913 3335 2968 conﬁrmet
3359 2911 3482 2970 illos
3515 2913 3571 2968 in

1989 3005 2095 3060 ﬁde
2125 3005 2432 3060 orthodoxa
2466 3020 2642 3074 usque
2672 3003 2739 3058 ad
2767 3013 3076 3061 extremum
3105 3003 3385 3076 spiritum.

2057 3094 2333 3150 Sacerdos.
2380 3097 2450 3151 Et
2491 3095 2674 3150 omnis
2713 3094 2926 3150 ordinis
2967 3095 3326 3150 sacerdotalis
3376 3095 3568 3151 ortho-

1989 3183 2260 3239 doxorum
2287 3193 2342 3239 et
2379 3185 2639 3244 universi.
2663 3185 2851 3255 p0puli
2876 3185 2971 3255 qui
2996 3193 3104 3241 stat
3129 3200 3314 3240 coram
3345 3194 3417 3240 te.
3454 3185 3569 3240 Me-

1990 3285 2174 3331 mento
2205 3277 2401 3341 nostri,
2447 3277 2699 3341 Domine,
2734 3277 2985 3341 Domine,
3013 3277 3071 3329 in
3104 3276 3488 3333 misericordia
3516 3287 3574 3333 et

1986 3366 2460 3431 miserationibus,
2489 3374 2545 3420 et
2570 3366 2691 3420 dele
2717 3365 3040 3434 iniquitates
3066 3375 3304 3431 nostras,
3341 3381 3374 3419 ο
3404 3367 3567 3429 bone,

1987 3468 2198 3516 amator
2239 3459 2527 3512 hominum
2566 3459 2731 3512 Deus.
2767 3458 2898 3512 Esto
2936 3456 3118 3511 socius
3165 3456 3473 3522 nobiscum,
3511 3471 3573 3512 ut

1988 3554 2366 3608 ministremus
2398 3550 2611 3611 nomini
2639 3559 2732 3604 tuo
2765 3557 2971 3604 sancto.

2058 3646 2311 3709 Domine,
2334 3641 2618 3698 miserere.
2647 3641 2885 3697 Benedic
2919 3641 3437 3711 congregationibus
3468 3655 3568 3696 no-

1987 3740 2138 3795 stris.

2058 3831 2346 3887 Diaconus.
2372 3830 2537 3885 Orate
2571 3844 2672 3900 pro
2699 3827 2803 3884 hac
2835 3834 3261 3899 congregatione
3291 3835 3478 3881 nostra
3511 3835 3568 3880 et

1986 3939 2087 3994 pro
2112 3923 2262 3980 omni
2297 3921 2720 3994 congregatione
2751 3921 3080 3991 populorum
3106 3919 3560 3985 orthodoxoruin,

1988 4025 2049 4070 ut
2082 4015 2335 4071 Christus
2365 4015 2512 4068 Deus
2541 4020 2728 4067 noster
2751 4012 3041 4067 benedicat
3067 4019 3123 4066 et
3155 4010 3401 4081 perﬁciat
3439 4011 3564 4070 illos

1987 4105 2043 4162 in
2066 4123 2199 4178 pace
2221 4114 2279 4162 et
2308 4107 2553 4162 remittat
2573 4105 2734 4160 nobis
2756 4113 2981 4176 peccata
3009 4113 3218 4159 nostra.

2055 4198 2332 4254 Sacerdos.
2370 4197 2592 4253 Cultum
2641 4195 2915 4251 idolorum
2964 4210 3199 4266 prorsus
3239 4209 3312 4250 ex.
3355 4193 3563 4249 mundo

1985 4291 2290 4348 extermina
2321 4289 2610 4345 :Satanam
2634 4296 2691 4343 et
2726 4302 2918 4342 omnes
2958 4295 3259 4356 potestates
3287 4287 3405 4357 ejus
3434 4300 3561 4355 pes-

1985 4385 2152 4440 simas
2182 4393 2406 4440 contere
2436 4390 2492 4438 et
2518 4381 2764 4452 deprime
2789 4381 2892 4436 sub
2917 4379 3153 4450 pedibus
3171 4378 3380 4434 nostris
3403 4378 3558 4432 velo-

1984 4476 2122 4531 citer
2162 4475 2459 4530 :scandala
2505 4480 2562 4527 et
2609 4486 2799 4526 eorum
2843 4479 3098 4525 auctores
3145 4484 3460 4538 compesce,
3501 4476 3564 4522 ut

1985 4565 2249 4620 ﬁniantur
2283 4563 2583 4618 divisiones
2615 4561 2938 4632 perniciosae
2965 4561 3248 4615 haereseon
3277 4579 3289 4613 :
3315 4558 3558 4613 hostium

1981 4657 2241 4712 Ecclesiae
2273 4662 2382 4709 tua:
2406 4662 2628 4717 sancta,
2651 4652 2904 4717 Domine,
2928 4661 2990 4708 ut
3014 4668 3254 4722 semper,
3290 4651 3364 4706 ita
3393 4651 3557 4706 etiam

1981 4763 2130 4803 nunc
2172 4746 2395 4802 destrue
2449 4745 2764 4815 superbiam
2806 4744 2991 4800 cordis
3040 4762 3052 4797 :
3089 4743 3175 4798 fac
3217 4743 3327 4798 illis
3371 4752 3556 4796 notam

1978 4838 2243 4893 velociter
2271 4836 2706 4891 imbecillitatem
2751 4849 2905 4889 suam
2942 4851 2954 4887 :
2985 4833 3222 4904 reprime
3251 4847 3446 4888 eorum
3480 4833 3556 4888 in-

1977 4929 2219 4991 vidiam,
2260 4927 2484 4982 fraudes
2525 4936 2582 4982 et
2631 4926 3086 4990 machinationes,
3142 4934 3198 4980 ct
3254 4923 3556 4979 calumnias

1985 5019 2184 5091 quibus
2231 5033 2334 5073 nos
2375 5019 2738 5087 impugnant:
2777 5031 2979 5084 easque
3020 5015 3188 5070 redde
3231 5031 3424 5070 omnes
3469 5016 3549 5068 in-

1979 5110 2143 5166 utiles
2173 5130 2185 5164 :
2211 5109 2415 5180 dissipa
2457 5108 2682 5164 consilia
2707 5123 2920 5172 eorum,
2957 5108 3124 5173 Deus,
3157 5107 3251 5176 qui
3279 5107 3557 5177 dissipasti

1978 5204 2271 5260 consilium
2315 5201 2662 5273 Achitophel.
2703 5203 2970 5272 Exsurge,
3015 5202 3244 5257 Domine
3287 5202 3455 5266 Deus,
3499 5208 3557 5256 et

1977 5296 2319 5366 dissipentur
2342 5310 2534 5350 omnes
2563 5293 2771 5348 inimici
2795 5294 2895 5359 tui,
2922 5302 2980 5349 et
3015 5293 3225 5364 fugiant
3243 5309 3274 5347 a
3297 5293 3433 5348 facie
3464 5301 3555 5348 tua

1979 5403 2172 5443 omnes
2197 5387 2292 5456 qui
2317 5385 2556 5441 oderunt
2580 5399 2780 5438 nomen
2809 5391 2961 5438 tuum
2992 5391 3264 5448 sanctum,
3296 5390 3350 5438 ct
3376 5398 3553 5452 popu-

1979 5479 2067 5533 lus
2087 5485 2216 5532 tuus
2232 5477 2286 5530 in
2307 5474 2786 5530 benedictionibus
2807 5473 3006 5528 millies
3024 5472 3280 5536 millenis,
3299 5483 3355 5526 et
3368 5470 3554 5527 decies

1981 5569 2181 5624 millies
2196 5568 2379 5622 decies
2405 5566 2663 5632 millenis,
2686 5565 2850 5620 faciat
2871 5565 3210 5619 voluntatem
3239 5573 3384 5619 tuam
3413 5563 3514 5636 (7).

2051 5660 2336 5714 Diaconus.
2371 5657 2475 5725 Qui
2503 5657 2727 5722 sedetis,
2762 5656 2989 5726 surgite.

375 5809 450 5875 (7)
486 5810 542 5865 ln
564 5807 698 5865 Cod.
728 5812 922 5884 Scalig.
954 5822 1009 5869 ct
1029 5815 1154 5873 aliis
1175 5817 1384 5887 aliquot
1418 5817 1482 5874 ad
1519 5832 1956 5890 unamquamque
1989 5817 2318 5890 particulam
2349 5817 2696 5874 interscritur
2719 5815 2876 5886 Kyrie
2908 5813 3118 5870 clcison.
