4062 6202
502 358 657 429 ’1299
1788 384 2087 442 Limnen

2198 434 2206 443 .
2248 392 2542 449 (ZYRILIJ.

589 484 863 541 Sacerdos.
906 486 1065 541 Solve
1112 488 1357 557 captivos
1388 506 1401 540 :
1428 491 1573 546 salva
1600 509 1695 549 eos
1725 499 1817 564 qui
1848 502 2087 554 neeessi-
2126 517 2159 563 Α

519 587 684 634 tatem
705 579 988 648 patiuntur
1016 596 1029 632 ε
1056 583 1363 638 esurientes
1391 587 1526 639 satia
1562 605 1572 638 :
1609 588 1855 644 conforta
1897 593 2088 659 pusill—

517 671 727 725 animes
760 688 770 721 :
801 669 984 738 lapsos
1013 671 1161 741 erige
1191 691 1202 724 :
1242 682 1451 729 stantes
1503 679 1765 732 confirma
1804 699 1815 732 :
1842 693 2091 736 errantes

2265 506 2535 560 Sacerdos.
2570 505 2793 573 Accepit
2829 520 3022 574 panem
3066 506 3119 556 in
3149 518 3345 556 manus
3375 519 3513 556 suas
3548 513 3867 555 sanctas.

2201 599 2612 661 immaculatas,
2659 613 2854 666 puras,
2908 596 3127 658 beatas,
3176 606 3229 649 et
3281 593 3737 653 viviﬁcantes,
3814 614 3871 647 ei
3960 568 3965 601 1

516 769 775 817 converte
812 778 823 813 :
855 761 1062 830 perduc
1087 778 1183 818 eos
1208 780 1399 821 omnes
1428 767 1492 821 ad
1532 769 1674 823 viam
1707 773 1899 827 salutis
1939 784 2044 829 tua:
2074 794 2084 827 :

517 868 745 906 numera
775 853 1116 917 illoseomnes
1153 870 1275 908 cum
1314 858 1516 928 populo
1545 868 1639 914 tuo
1682 879 1692 913 :
1727 863 1899 917 libera
1924 879 2023 919 nos
2058 883 2089 919 a

516 940 756 1007 peccatis
802 940 1005 995 nostris
1046 960 1057 993 :
1102 954 1254 1008 esto,
1295 944 1557 1011 Domine,
1605 950 1764 1005 nobis
1806 962 1990 1007 custos
2033 963 2089 1008 et

514 1040 793 1099 protector
818 1033 873 1086 in
899 1033 1173 1089 omnibus.

584 1122 868 1176 Diaconos.
892 1124 972 1178 Ad
1001 1125 1270 1181 orientem
1310 1135 1560 1202 aspicite.

586 1211 860 1269 Sacerdos.
889 1217 971 1270 Tu
991 1234 1052 1273 es
1080 1220 1223 1274 Deus
1248 1224 1496 1279 excelsus
1520 1241 1685 1295 super
1718 1242 1910 1282 omnes
1930 1229 2085 1297 prin-

517 1303 729 1373 eipatus
753 1314 808 1359 et
828 1316 1146 1376 potestates,
1177 1311 1474 1382 dignitates
1496 1325 1551 1369 et
1583 1316 2006 1384 dominationes,
2031 1329 2086 1373 et

516 1410 681 1464 super
703 1410 863 1450 omne
891 1412 1112 1466 nomen,
1147 1402 1293 1471 quod
1323 1404 1594 1458 nominari
1625 1413 1823 1474 potest,
1852 1421 1964 1462 non
1995 1422 2084 1463 so-

516 1484 627 1537 lum
658 1483 710 1541 in
752 1485 856 1541 hoc
890 1488 1110 1555 saeculo,
1153 1491 1246 1545 sed
1276 1492 1439 1549 etiam
1474 1494 1529 1548 in
1555 1493 1741 1550 futuro
1774 1515 1785 1548 :
1826 1504 1883 1550 tu
1910 1513 1969 1552 es
1992 1513 2085 1553 co-

514 1591 632 1629 ram
682 1593 791 1646 quo
829 1579 1093 1636 assistunt
1125 1583 1274 1637 mille
1310 1584 1517 1639 milleni
1548 1594 1603 1639 et
1636 1587 1818 1641 decies
1864 1588 2083 1652 millies,

515 1667 699 1723 decies
732 1671 882 1725 mille
919 1672 1127 1727 milleni
1156 1676 1332 1745 angeli
1354 1686 1408 1731 et
1432 1678 1741 1749 archangeli
1772 1680 2085 1747 sancti,tibi

515 1761 911 1816 ministrantes.
946 1762 1071 1818 Tibi
1102 1766 1365 1823 assistunt
1411 1785 1618 1833 coram,
1674 1769 1785 1825 duo
1830 1770 2087 1825 animalia

516 1851 912 1920 gloriosissima
941 1870 1037 1909 sex
1068 1856 1169 1910 alis
1204 1858 1490 1925 instructa,
1520 1863 1680 1931 plena
1703 1862 1899 1927 oculis,
1927 1862 2087 1917 Sera-
2127 1862 2164 1913 Β

516 1944 667 2013 phim
703 1953 758 1999 et
783 1945 1082 2002 Cberubim
1119 1969 1130 2003 :
1158 1950 1371 2005 duabus
1400 1953 1502 2006 alis
1525 1961 1714 2024 tegunt
1740 1954 1907 2011 facies
1940 1971 2084 2019 suas,

516 2045 743 2106 propter
776 2037 1123 2096 divinitatem
1174 2050 1322 2097 tuam
1372 2042 1725 2110 invisibilem,
1759 2063 1861 2102 nec
1907 2057 2089 2102 mente

517 2126 1076 2198 comprehensibilem
1114 2153 1125 2186 :
1165 2133 1379 2191 duabus
1430 2146 1617 2208 tegunt
1658 2138 1825 2207 pedes
1867 2155 1996 2195 suos
2035 2150 2090 2194 et

517 2220 732 2279 duabus
769 2222 973 2276 volant.

589 2312 844 2370 Sacerdos
880 2316 993 2369 alta
1029 2333 1167 2370 voce.
1217 2318 1603 2388 Unusquisque
1635 2335 1826 2375 eorum
1873 2337 2089 2392 semper

519 2411 571 2458 te
596 2404 904 2459 sanctiﬁcat
935 2424 946 2459 :
985 2406 1079 2460 sed
1120 2416 1176 2461 et
1212 2424 1335 2463 cum
1371 2410 1628 2465 omnibus
1648 2412 1743 2480 qui
1770 2421 1822 2465 te
1857 2414 2091 2467 sanctifi-

517 2503 663 2557 cant,
713 2495 929 2564 suscipe
972 2510 1191 2566 quoque
1234 2497 1722 2554 sanctiﬁcationem
1771 2508 2012 2555 nostram
2058 2519 2087 2556 a

516 2585 697 2649 nobis,
720 2586 968 2651 Domine,
992 2597 1052 2642 ut
1080 2604 1205 2643 eum
1239 2589 1345 2644 illis
1387 2599 1439 2644 te
1462 2589 1766 2655 laudemus,
1800 2591 2045 2648 dicentes
2072 2612 2083 2647 :

587 2675 841 2748 Populus.
882 2676 1140 2745 Sanctus,
1168 2689 1411 2746 sanctus,
1441 2691 1682 2736 sanctus.

586 2765 861 2823 Sacerdos.
885 2771 1027 2826 Vere
1052 2773 1198 2842 pleni
1223 2782 1350 2827 sunt
1371 2773 1494 2828 coeli
1529 2782 1585 2828 et
1615 2784 1761 2831 terra
1794 2776 1967 2847 gloria
1997 2784 2088 2831 tua

516 2866 733 2921 sancta,
778 2874 877 2926 per
933 2859 1131 2913 Filium
1182 2870 1337 2915 tuum
1384 2862 1729 2932 unigenitum
1770 2864 2087 2933 Dominum,

514 2946 708 3010 Delum,
737 2947 1073 3002 Salvatorem
1107 2959 1161 3004 et
1191 2952 1393 3020 Regem
1430 2961 1678 3006 nostrum
1724 2955 1968 3011 omnium
1996 2957 2089 3011 Je-

514 3051 635 3087 sum
673 3036 979 3090 Christum.
1021 3039 1191 3107 Imple
1242 3040 1345 3093 hoc
1391 3042 1722 3095 sacrificium
1767 3052 1943 3109 tuum,
1984 3047 2091 3100 Do-

515 3124 684 3187 mine,
710 3125 1096 3181 benedictione
1119 3144 1241 3197 qua:
1265 3146 1295 3183 a
1319 3139 1371 3182 te
1397 3140 1480 3183 est
1505 3145 1604 3198 per
1631 3130 1883 3202 illapsum
1924 3150 2089 3203 super

515 3216 665 3268 ilEam
727 3215 969 3285 Spiritus,
1004 3217 1085 3270 tui
1135 3219 1305 3272 sancti
1332 3219 1430 3289 (8).
1461 3220 1502 3290 -ι-
1528 3221 1702 3277 Amen
1746 3240 1760 3276 :
1809 3233 1864 3278 et
1916 3202 2087 3281 bene-
2117 3202 2156 3255 (δ

514 3308 754 3364 dictione
792 3309 1045 3365 benedic.
1091 3310 1130 3381 -ί-
1166 3310 1336 3366 Amen
1372 3330 1384 3365 :
1431 3321 1486 3367 et
1511 3314 1892 3381 purificatione
1931 3319 2087 3388 puri-

515 3399 636 3453 lica.
664 3399 909 3469 fAmen.
929 3402 1056 3457 Haec
1084 3402 1227 3457 dona
1249 3412 1343 3458 tua
1366 3405 1678 3461 veneranda
1699 3410 1976 3477 proposita
1993 3425 2087 3465 eo-

514 3509 631 3547 ram
654 3502 726 3558 te,
751 3494 900 3549 hunc
927 3511 1123 3565 panem
1148 3505 1201 3551 et
1224 3497 1370 3552 hunc
1402 3498 1649 3553 calicem.
1672 3499 1885 3571 Quippe
1917 3502 2088 3559 Filius

514 3598 643 3638 tuus
687 3584 1003 3655 unigenitus
1054 3587 1339 3654 Dominus,
1378 3589 1542 3655 Deus,
1591 3590 1837 3647 Salvator
1883 3604 1938 3648 et
1971 3596 2085 3650 Rex

512 3686 700 3731 noster
725 3677 971 3731 omnium
993 3678 1152 3734 Jesus
1190 3678 1464 3745 Christus,
1495 3696 1558 3735 ea
1587 3690 1750 3737 nocte
1774 3700 1881 3753 qua
1913 3685 2083 3740 tradi-

512 3768 595 3828 dit
619 3771 882 3840 seipsum,
926 3780 987 3841 ut
1008 3781 1292 3843 pateretur
1312 3789 1413 3844 pro
1439 3775 1681 3843 peccatis
1709 3778 1932 3843 nostris,
1957 3786 2082 3834 ante

513 3868 776 3925 mortem,
812 3876 976 3929 quam
1007 3862 1230 3933 pr0pria
1268 3878 1365 3917 sua
1386 3863 1667 3935 voluntate
1712 3866 1953 3947 suscepit
1983 3883 2084 3938 pro

512 3949 673 4002 nobis
697 3951 976 4006 omnibus.

580 4041 836 4114 Populus.
865 4044 1183 4119 Credimus.

581 4198 1053 4272 (8)_Brevissime,
1091 4208 1152 4255 ut
1181 4200 1450 4266 diximus,
1475 4212 1608 4272 post
1639 4204 1773 4259 istas
1797 4205 2081 4261 orationes

508 4270 780 4326 transitur
822 4272 889 4326 ad
933 4272 1409 4345 consecrationem
1454 4270 2078 4345 donorumpmposito-

507 4356 652 4407 rum,
686 4356 816 4413 qua;
831 4348 1067 4413 notaest
1089 4341 1437 4413 antiquitatis
1461 4358 1489 4413 a
1512 4341 2079 4413 simplicitate—minus

510 4418 763 4483 remotas.
795 4411 854 4464 ln
883 4410 1071 4483 codice
1093 4411 1282 4483 Graeco
1308 4411 1473 4483 Marci
1506 4410 1766 4483 Liturgia:
1804 4414 1950 4468 idem
1976 4431 2078 4471 no-

509 4488 685 4553 tatur,
702 4480 879 4553 eirea
904 4480 1379 4553 consignationem
1400 4482 1637 4553 illorum
1671 4480 1973 4553 ’σφραγιξει
2013 4486 2079 4539 τὰ

509 4551 662 4616 ἅγια,
699 4550 1237 4634 ita‘enim‘voeantur
1260 4551 1329 4604 τὰ
1354 4551 1522 4634 δῶρα,
1550 4561 1674 4634 post
1702 4550 1933 4622 primam
1958 4555 2080 4634 illo-

506 4634 631 4675 rum
656 4620 723 4675 ad
746 4621 917 4675 altare
935 4620 1260 4685 illationem,
1284 4636 1409 4675 eum
1428 4620 1797 4691 jam'aliqu'am
1824 4625 2083 4680 sanctita-

507 4700 618 4746 tem
646 4691 953 4756 obtineant,
1001 4707 1070 4746 ex
1099 4691 1284 4745 futura
1307 4706 1497 4745 eorum
1530 4700 1989 4749 transmutatione
2026 4697 2079 4751 in

505 4777 732 4835 corpus
759 4769 823 4835 et_
860 4762 1183 4835 sanguinem
1213 4760 1421 4816 Christi
1446 4762 1683 4835 Domini.
1726 4763 1881 4835 Unde
1907 4765 2078 4835 depo-

504 4833 671 4907 situm
719 4831 958 4907 legimus
998 4831 1319 4907 episcopum
1349 4831 1846 4907 quemdam,_quod
1885 4831 2074 4907 δῶρον,

503 4902 557 4955 in
580 4902 753 4957 altare
767 4900 879 4971 jam
903 4900 1137 4963 illatum,
1160 4900 1414 4971 fregisset
1435 4910 1490 4955 et
1510 4900 1909 4959 conculeasset.
1936 4900 1992 4959 In
2016 4921 2079 4960 ea

504 4980 688 5051 autem
731 4972 981 5054 oratione
1014 4973 1336 5054 postulatur.
1356 4972 1585 5054 illapsurs
1615 4973 1856 5054 Spiritus
1879 4978 2075 5054 sancti,

504 5040 995 5123 i‘ispropemodum
1016 5042 1202 5123 verbis
1222 5044 1426 5111 quibus
1446 5053 1633 5123 postea
1655 5040 1711 5123 in
1732 5044 2079 5123 invocatione

507 5110 745 5178 Spiritus
774 5113 970 5178 sancti,
1018 5110 1094 5166 ita
1120 5110 1301 5167 tamen
1351 5121 1412 5167 ut
1449 5110 1645 5167 eadem
1675 5114 1949 5168 invocatio
1980 5131 2080 5169 suo

504 5177 627 5247 loco
676 5183 977 5247 recitetur,
1050 5198 1175 5237 cum
1221 5183 1288 5239 de
1330 5194 1608 5238 momento
1651 5186 2083 5240 consecrationis

506 5246 817 5306 Orientales
865 5253 1148 5323 disputare
1196 5269 1305 5308 non
1336 5254 1482 5307 soliti
1508 5255 1638 5316 sint,
1695 5253 1789 5323 sed
1818 5263 1949 5308 tunc
1981 5254 2078 5309 de-

505 5333 657 5391 mum
679 5362 693 5385 ,
746 5337 873 5374 cum
905 5321 1087 5376 omnia
1114 5323 1219 5375 rite
1254 5324 1494 5391 perfecta
1526 5330 1673 5385 sunt,
1704 5321 1770 5375 de
1801 5331 2077 5378 transmu-

507 5390 713 5443 tatione
746 5402 1125 5446 consummata
1153 5390 1271 5445 non
1297 5393 1571 5447 dubitent.
1607 5393 1852 5450 Similem
1885 5396 2077 5449 eodem

506 5454 628 5533 loco
661 5458 1062 5533 invocationem
1096 5463 1300 5533 habent
1323 5463 1655 5527 Nestoriani,
1693 5464 1746 5518 in
1783 5466 1957 5533 prima
1980 5481 2079 5519 sua

508 5522 776 5605 iritltrgia,
800 5531 894 5605 sed
925 5531 1285 5605 posteriorem
1311 5549 1420 5587 non
1443 5522 1729 5604 usurpant,
1756 5522 1875 5605 quae
1897 5543 2077 5590 tamen

508 5591 859 5684 ii
889 5591 943 5653 ei
967 5602 1203 5684 Nestorii
1229 5603 1490 5684 biturgiis
1516 5591 1812 5684 reperitur.
1838 5606 2078 5675 Reliquae

2114 4523 2155 4576 D

611 5660 789 5786 t‘iones
808 5681 863 5723 et
887 5685 1011 5725 cum
1037 5671 1223 5726 Graeca
1247 5660 1433 5737 Marci,
1450 5674 1511 5728 ~et
1535 5660 1659 5729 cum
1682 5676 1803 5730 aliis
1825 5660 2077 5731 accurate

611 5749 619 5786 ι
653 5748 867 5792 emunt.

220 5673 789 5859 41111195
808 5681 863 5723 et

618 5745 867 5793 veniunt.

679 5807 860 5859 bened

186 5807 215 5831 ·’
511 5807 636 5871 ""It
679 5807 1067 5868 benedictione
1108 5810 1316 5879 calicis,
1360 5811 1704 5884 Coptitarum
1734 5815 1952 5874 codices
1981 5816 2077 5872 ha-

2198 692 2436 761 suspexit
2480 692 2535 745 in
2570 690 2790 754 C(elum,
2833 689 2901 744 ad
2937 698 2987 741 te
3031 688 3202 741 Deum
3242 688 3465 742 Patrem
3523 702 3779 743 suum.
3820 701 3871 741 ιςι

2197 782 2440 837 omnium
2470 782 2779 843 Dominum,
2816 790 2871 835 et
2903 780 3107 850 gratias
3132 779 3261 851 egit.

2266 874 2515 943 Populus.
2555 874 2747 927 Amen.

2266 966 2535 1019 Sacerdos.
2569 966 2637 1019 Et
2666 963 2948 1019 benedixit
2975 962 3149 1017 illum.

2265 1058 2518 1129 Populus.
2547 1057 2739 1111 Amen.

2266 1148 2538 1203 Sacerdos.
2571 1146 2639 1201 Et
2668 1146 3031 1203 sanctificavit
3069 1147 3243 1201 illum.

2261 1241 2512 1311 Populus.
2551 1241 2723 1295 Amen

2264 1332 2536 1387 Sacerdos.
2562 1332 2628 1386 Et
2648 1332 2809 1403 fregit
2827 1332 3003 1395 illum,
3027 1339 3082 1385 et
3106 1331 3259 1385 dedit
3281 1330 3438 1384 illum
3466 1329 3607 1383 suis
3639 1326 3855 1380 disci-

2194 1424 2336 1493 pulis
2381 1422 2605 1487 sanctis,
2637 1432 2694 1477 et
2736 1422 2997 1490 apostolis
3032 1423 3187 1492 puris
3216 1423 3404 1477 dicens
3446 1440 3458 1475 :
3510 1420 3851 1489 Accipite.

2195 1515 2521 1570 manducate
2567 1531 2635 1569 ex
2663 1530 2730 1569 eo
2757 1530 2855 1568 vos
2883 1529 3091 1568 omnes.
3122 1514 3233 1568 Hoc
3249 1523 3332 1567 est
3346 1530 3573 1583 corpus
3614 1527 3851 1566 meum

2195 1606 2341 1675 quod
2372 1621 2472 1675 pro
2494 1605 2649 1659 vobis
2674 1604 2961 1674 frangitur,
2995 1613 3051 1659 et
3072 1620 3171 1673 pro
3212 1605 3403 1659 multis
3430 1604 3743 1658 tradetur
3786 1604 3849 1658 in

2195 1698 2573 1753 remissionem
2598 1706 2946 1766 peccatorum
2971 1712 2984 1760 ;
3015 1694 3119 1751 hoc
3142 1694 3302 1750 facite
3328 1696 3381 1748 in
3412 1709 3619 1748 meam
3650 1708 3843 1748 com-

2195 1790 2663 1843 memorationem.

2260 1878 2513 1948 Populus.
2550 1878 2745 1932 Amen.

2261 1968 2532 2023 Sacerdos.
2572 1968 2834 2023 Similiter
2869 1978 2926 2025 et
2960 1968 3187 2023 calicem
3232 1976 3351 2037 post
3386 1982 3660 2031 omnem,
3710 1964 3833 2021 ml-

2192 2061 2333 2114 scuit
2362 2058 2491 2114 vino
2510 2069 2565 2114 et
2587 2076 2726 2129 aqua
2757 2079 2767 2113 :
2802 2070 2859 2115 et
2888 2060 3092 2131 gratias
3117 2060 3248 2131 egit.

2265 2150 2517 2220 Populus.
2556 2150 2748 2204 Amen.

2262 2238 2537 2294 Sacerdos.
2571 2238 2638 2291 Et
2661 2237 2944 2291 benedixit
2973 2252 3099 2291 eum

2262 2330 2514 2401 Populus.
2542 2329 2736 2383 Amen.

2262 2422 2534 2477 Sacerdos.
2566 2422 2634 2476 Et
2664 2419 3022 2476 sanctificavit
3043 2433 3191 2473 eum.

2262 2513 2517 2584 Populus.
2550 2514 2743 2567 Amen.

2261 2604 2533 2658 Sacerdos.
2568 2604 2636 2657 Et
2675 2602 2933 2671 gustavit,
2976 2601 3237 2670 deditque
3276 2616 3403 2654 eum
3439 2600 3587 2666 suis,
3640 2617 3813 2671 pra-

2191 2694 2374 2758 claris,
2408 2694 2612 2749 sanctis
2640 2691 2928 2759 discipulis
2964 2698 3020 2745 et
3051 2690 3333 2757 apostolis,
3366 2690 3571 2745 dicens
3609 2708 3627 2744 :
3681 2690 3776 2745 Ac

2191 2787 2378 2855 cipite,
2395 2785 2567 2839 bibite
2588 2799 2651 2837 ex
2679 2797 2745 2837 eo
2767 2797 2863 2836 vos
2886 2797 3077 2836 omnes
3102 2800 3116 2834 :
3143 2781 3241 2836 Hic
3260 2791 3345 2836 est
3363 2782 3599 2851 sanguis
3622 2797 3807 2835 meus

2191 2875 2318 2928 novi
2364 2871 2718 2935 Testamenti,
2757 2870 2852 2940 qui
2897 2885 2996 2939 pro
3039 2870 3196 2926 vobis
3227 2869 3538 2924 eﬂ'unditur
3575 2878 3635 2924 et
3683 2884 3804 2939 pro

2193 2968 2379 3022 multis
2419 2967 2638 3022 dabitur
2681 2967 2736 3019 in
2784 2963 3165 3019 remissionem
3207 2972 3567 3033 peccatorum
3608 2982 3623 3016 :
3662 2963 3795 3017 Hoc

2191 3059 2352 3113 facite
2377 3059 2433 3111 in
2462 3072 2635 3112 meam
2667 3054 3265 3110 commemorationem.

2265 3148 2518 3219 Populus.
2552 3149 2742 3203 Amen.
3418 3220 3423 3225 ‘

2266 3240 2540 3294 Sacerdos.
2576 3240 3022 3308 Quotiescunque
3068 3237 3217 3292 enim
3256 3236 3673 3292 manducabitis
3710 3252 3787 3291 ex

2196 3329 2299 3383 hoc
2330 3345 2490 3398 pane,
2511 3338 2568 3383 et
2596 3328 2800 3384 bibetis
2820 3345 2887 3383 ex
2906 3330 3011 3383 hoc
3037 3328 3228 3393 calice,
3256 3328 3586 3381 annuntiate
3620 3343 3781 3382 mor-

2193 3428 2303 3473 tem
2328 3434 2525 3483 meam,
2549 3427 2604 3473 et
2630 3418 2967 3473 confitemini
2993 3418 3451 3473 resurrectionem
3481 3433 3687 3483 meam,
3718 3424 3780 3479 et

2194 3510 2510 3564 memoriam
2536 3511 2641 3565 mei
2671 3510 2835 3581 agite,
2863 3509 3037 3564 donec
3063 3509 3301 3564 veniam.

2263 3601 2515 3673 Populus.
2534 3603 2760 3656 Mortem
2792 3611 2941 3656 tuam
2968 3601 3379 3663 annuntiamus,
3400 3600 3621 3653 Domine
3650 3599 3759 3668 (9).

2263 3691 2537 3747 Sacerdos.
2572 3694 2748 3756 Nunc,
2781 3693 2926 3753 Deus
2948 3692 3110 3746 Pater
3136 3691 3496 3761 omnipotens,
3529 3704 3755 3742 annun-

2192 3782 2393 3837 tiamus
2414 3792 2644 3838 mortem
2669 3783 2937 3854 unigeniti
2973 3781 3097 3837 Filii
3121 3782 3200 3836 tui
3226 3781 3466 3844 Domini,
3492 3780 3615 3844 Dei,
3636 3778 3765 3834 Sal-

2187 3875 2424 3937 vatoris,
2470 3884 2524 3929 et
2556 3876 2720 3946 Regis
2758 3876 2931 3931 nostri
2974 3875 3221 3931 omnium
3255 3875 3375 3929 Jesu
3421 3872 3642 3928 Christi
3672 3892 3687 3925 :
3715 3882 3775 3929 et

2189 3964 2516 4019 confitemur
2539 3967 3000 4021 resurrectionem
3028 3968 3148 4038 ejus
3176 3974 3439 4029 sanctam,
3470 3972 3533 4017 et
3567 3980 3771 4019 ascen-

2190 4054 2401 4115 sionem
2421 4054 2542 4125 ejus
2569 4070 2787 4111 sursum
2814 4056 2869 4110 in
2892 4057 3081 4122 caelos,
3110 4057 3522 4126 sessionemque
3550 4056 3680 4126 ejus
3705 4056 3777 4113 ad

2183 4207 2348 4281 bent,
2362 4216 2412 4281 et
2434 4211 2681 4281 gustavit,
2709 4219 2769 4264 ut
2793 4210 3117 4281 plerumque
3134 4213 3337 4281 legitur
3358 4213 3414 4266 in
3438 4213 3567 4267 aliis
3585 4214 3775 4266 Litur-

2182 4276 2716 4400 giisCi-ie'ntalibus,
2767 4276 2891 4362 n'on_
2913 4281 2969 4334 in
2993 4276 3397 4363 Grzeca‘Marci,
3421 4291 3517 4335 aut
3550 4283 3771 4345 Jacobi,

2229 4349 2372 4400 asnlu
2410 4349 2496 4400 vel
2518 4347 2915 4400 Chrvsostoml.
2949 4350 3084 4400 Illud
3110 4368 3278 4400 norm
3308 4351 3626 4400 Orientales
3652 4368 3771 4400 cre-

2229 4348 2372 4401 asilii
2410 4349 2496 4402 vel
2518 4347 2915 4420 Chrysostomi.
2949 4350 3086 4406 Illud
3110 4368 3278 4420 porro
3308 4351 3626 4408 Orientales
3652 4368 3776 4406 cre-

2185 4417 2325 4491 dunt
2367 4432 2435 4471 ex
2472 4417 3050 4491 vetustamtraditione,
3086 4417 3209 4491 quae
3231 4422 3476 4491 antiquis
3506 4423 3776 4477 Patribus

2186 4487 2371 4560 ignota
2397 4496 2493 4541 aut
2510 4488 2829 4560 improbata
2851 4506 2959 4543 non
2984 4487 3120 4555 fuit;
3134 4507 3298 4560 quam
3326 4487 3549 4546 illorum
3578 4502 3774 4546 aucto-

2185 4558 2348 4630 ritate
2378 4556 2737 4630 confirmavit
2768 4560 3061 4630 Dionysius
3086 4556 3375 4625 Ba'rsalibi,
3405 4561 3772 4616 Commenta-

2183 4626 2266 4681 rio
2291 4627 2351 4708 in
2378 4627 2695 4708 Evangelia,
2722 4636 2780 4682 et
2885 4626 3151 4708 opusculo
3187 4632 3266 4684 De
3295 4632 3669 4708 Ετιιτξηξνςὶδιὶιιἱ
3707 4641 3774 4685 ut

2181 4705 2434 4771 auctores
2473 4697 2585 4771 alii,
2625 4698 2693 4752 de
2727 4697 2939 4769 quibus
2978 4700 3188 4754 dictum
3231 4711 3319 4757 est
3354 4701 3423 4755 ad
3456 4701 3776 4771 Liturgiam

2181 4767 2362 4820 Basilii
2395 4766 2697 4835 Cepticam.

2253 4836 2327 4906 (9.)
2365 4837 2652 4892 Nescimus
2701 4839 2832 4908 quid
2859 4855 2971 4909 pra:
2996 4840 3172 4894 oculis
3198 4839 3460 4894 habuerit
3492 4840 3777 4896 Maronita

2182 4914 2477 4975 interpres,
2500 4922 2625 4961 cum
2644 4909 2749 4962 hoc
2768 4910 2891 4963 loco
2914 4910 3198 4978 scripserit
3221 4929 3233 4963 :
3262 4911 3327 4964 In
3348 4911 3574 4963 Domino
3599 4913 3777 4977 conﬁ-

2183 4985 2375 5039 temur,
2401 4992 2521 5049 qua:
2540 4978 2775 5032 formula
2800 4980 3061 5049 Liturgiis
3081 4982 3341 5035 omnibus
3362 4981 3629 5035 inusitata
3645 4993 3771 5046 est;

2182 5046 2482 5120 praesertim
2511 5062 2648 5120 _eu_m
2697 5049 2763 5101 ad
2794 5046 3096 5120 marginem
3136 5051 3458 5120 ascripserit
3491 5068 3502 5102 :
3536 5050 3643 5101 Τὸν
3671 5051 3774 5102 θά-

2180 5116 2486 5189 νατὸνηᾳου,
2511 5117 2704 5189 Rupis,
2731 5126 2792 5171 ut
2819 5116 3018 5189 legitur
3050 5121 3105 5172 in
3135 5116 3392 5174 omnibus
3421 5120 3717 5175 codicibus
3753 5138 3769 5174 :

2180 5201 2304 5239 nam
2340 5186 2431 5238 illa
2462 5185 2735 5241 confessio
2769 5185 2981 5253 mortis,
3014 5190 3443 5244 resurrectionis
3476 5199 3533 5243 et
3568 5205 3775 5244 ascen-

2181 5256 2371 5314 sionis,
2407 5255 2688 5324 futurique
2724 5259 2993 5314 adventus
3016 5259 3245 5323 Christi,
3283 5261 3466 5314 omnia
3501 5260 3777 5315 salutaris

2180 5327 2300 5400 ejus
2328 5324 2757 5400 dispensationis
2782 5330 3037 5400 mysteria
3061 5331 3465 5399 complectitur.
3501 5332 3559 5384 In
3582 5329 3771 5383 omni-

2179 5396 2292 5469 bus
2314 5395 2601 5469 rit_ibus_et
2633 5395 2853 5467 linguis'
2874 5399 3068 5454 iisdem
3100 5395 3289 5453 verbis
3315 5400 3663 5469 exprimitur,
3701 5408 3772 5453 ut

2180 5466 2235 5519 in
2272 5465 2466 5520 Latino
2508 5464 2741 5521 Canone'
2770 5486 2783 5520 :
2822 5468 2967 5523 Unde
2996 5481 3044 5522 et
3075 5487 3350 5533 memores,
3386 5464 3627 5531 Domine,
3666 5486 3771 5523 nius

2178 5537 2313 5589 servi
2336 5538 2432 5599 tui,
2457 5535 2547 5608 sed
2566 5544 2614 5587 et
2640 5537 2779 5606 plebs
2802 5547 2894 5591 tua
2914 5548 3123 5601 sancta,
3172 5550 3283 5592 tam
3306 5541 3472 5595 beant
3496 5540 3769 5608 passionis

2179 5615 2227 5659 et
2263 5606 2679 5678 resurrectionis,
2713 5618 2818 5661 etc.
2856 5608 2936 5662 Ad
2967 5610 3226 5677 majorem
3260 5625 3426 5678 porro
3459 5606 3767 5678 antiquita-

2179 5678 2251 5732 tis
2272 5676 2703 5739 venerationem,
2728 5678 2840 5731 hzec
2862 5679 3035 5732 oratio
3058 5679 3239 5734 Graece
3260 5676 3472 5734 dicitur
3494 5679 3547 5732 in
3569 5676 3765 5732 Litur-

2179 5748 2263 5817 gia
2286 5745 2531 5817 Coptica,
2559 5756 2623 5817 ut
2645 5763 2752 5801 non
2778 5765 2962 5817 partem
2987 5750 3105 5803 alia:
3132 5749 3325 5803 breves
3349 5750 3615 5816 formulae,
3638 5749 3765 5806 sive

2182 5834 2210 5872 a
2243 5816 2548 5886 sacerdOte,
2585 5816 2699 5873 sive
2727 5835 2756 5873 a
2780 5816 3036 5887 diacono,
3072 5820 3188 5875 sive
3220 5836 3251 5874 a
3279 5821 3506 5891 populo.
3598 5860 3599 5863 η
