4082 6218
430 292 572 383 i303

1683 331 2007 388 LITURGIA
2050 332 2103 385 S.
2148 327 2441 387 CYBJLLI.

3538 324 3681 382 ιε,οι

427 448 685 502 deorsum
734 461 802 501 ex
833 446 1048 501 excelso
1084 455 1177 501 tuo
1229 455 1417 501 sancto
1439 487 1452 509 ,
1487 455 1543 502 et
1585 463 1651 502 ex
1690 448 2002 504 habitaculo
2033 458 2075 511 Α
2106 448 2428 520 procedens,
2457 445 2639 501 socius
2671 444 2854 502 thronl
2886 459 3037 516 regni
3068 442 3254 514 gloriae
3285 451 3412 506 tuae,
3432 456 3559 497 cum
3588 444 3682 498 Fi-

429 548 525 594 tuo
564 546 889 609 praeparato,
924 545 980 592 et
1016 553 1082 591 ex
1114 537 1592 607 incircumscripto
1623 540 1747 593 sinu
1790 549 1905 604 tuo,
1947 549 2005 595 et

424 643 495 683 ex
509 627 647 683 solio
682 626 836 697 regni
856 626 1039 697 gloria:
1072 637 1197 693 tute,
1226 628 1545 697 paraclitum
1569 628 1834 699 Spiritum
1848 638 2000 684 tuum

423 729 673 775 sanctum
696 758 709 783 ,
739 718 1129 775 subsistentem
1168 720 1223 773 in
1258 736 1490 791 persona
1535 730 1647 788 tua,
1685 722 2002 778 immutabi-

422 812 551 875 lem,
574 824 676 865 nec
693 810 1003 865 alterationi
1025 812 1346 877 obnoxium,
1374 814 1689 879 Dominum,
1714 814 1997 869 vivifican-

423 910 555 965 tem,
590 900 684 970 qui
713 900 931 955 locutus
952 909 1035 955 est
1057 902 1111 956 in
1142 903 1279 973 lege,
1304 905 1590 974 prophetis
1620 915 1677 960 et
1701 904 1998 975 apostolis;

422 991 519 1062 qui
551 1000 637 1046 est
666 991 873 1062 ubique
917 1004 975 1047 et
1025 993 1210 1047 omnia
1250 993 1367 1047 loca
1417 996 1619 1064 replet,
1667 1010 1847 1064 neque
1882 995 2004 1049 loco

421 1082 739 1137 continetur
772 1101 785 1137 :
817 1084 912 1153 qui
942 1084 1137 1151 libere,
1166 1086 1390 1156 propria
1421 1095 1689 1155 potestate
1714 1096 1999 1155 operatur,

422 1172 728 1226 secundum
762 1173 1101 1228 voluntatem
1134 1177 1314 1239 tuam,’
1350 1176 1643 1245 puritatem
1672 1176 1727 1229 in
1758 1175 1826 1229 iis
1863 1190 2001 1244 quos

423 1261 605 1332 diligit
638 1261 747 1333 (15)
785 1280 798 1315 :
833 1273 890 1318 et
914 1280 1024 1318 non
1058 1264 1201 1320 sicut
1233 1266 1631 1335 ministerzqui
1661 1274 1745 1321 est
1774 1252 2001 1335 simplex

424 1355 482 1409 in
523 1361 721 1409 natura
750 1371 869 1421 sua,
897 1365 954 1412 et
983 1357 1036 1410 in
1061 1358 1379 1427 operatione
1401 1374 1499 1413 sua
1530 1360 1814 1429 multiplex
1840 1376 1854 1413 :
1881 1359 2002 1414 fons

425 1446 698 1504 donorum
752 1446 1110 1503 divinorum:
1155 1450 1641 1505 consubstantialis
1687 1450 1821 1515 tibi,
1877 1466 1905 1504 a
1964 1459 2014 1505 te

498 1600 611 1673 (l5)
673 1599 935 1668 Quamvis
986 1603 1379 1658 controversiae
1447 1604 1594 1659 circa
1646 1604 1992 1673 Pelagianam

2102 542 2179 595 lio
2209 550 2304 596 tuo
2342 539 2645 610 unigenito,
2680 537 2946 601 Domino,
2977 535 3108 599 Deo,
3148 533 3427 589 Salvatore
3460 543 3519 589 et
3535 534 3685 605 Rege

2103 631 2348 685 omnium
2400 640 2648 685 nostrum
2685 629 2813 684 .lesu
2842 626 3063 682 Christo
3088 666 3102 690 ,
3138 639 3302 695 super
3346 640 3448 678 nos
3494 640 3689 679 servos

2104 732 2250 788 tuos,
2290 731 2347 778 et
2375 737 2540 792 super
2570 722 2685 776 haec
2730 718 3043 775 veneranda
3084 717 3229 772 dona
3272 716 3551 786 proposita
3589 734 3689 771 co-

2105 830 2220 868 ram
2278 822 2352 879 te,
2399 828 2564 884 super
2612 813 2759 867 hunc
2809 826 3027 884 panem,
3066 818 3303 879 etsuper
3355 807 3507 864 hunc
3551 808 3687 862 cali‘

2106 916 2223 956 cem
2249 901 2382 972 (l4),
2407 911 2468 957 ut
2496 900 2861 972 purificentur
2884 908 2939 953 et
2958 896 3377 954 transferantur.

2181 992 2466 1049 Diaconus.
2495 990 2877 1047 Attendamus.

2184 1084 2437 1155 Populus.
2467 1084 2659 1139 Amen.

2176 1175 2431 1231 Sacerdos
2468 1174 2585 1231 alta
2622 1190 2743 1229 voce
2775 1176 2994 1245 signans
3032 1180 3111 1226 ter
3143 1188 3351 1243 corpus.

2177 1268 2245 1323 Et
2272 1267 2421 1321 hunc
2446 1280 2640 1336 panem
2660 1265 2881 1335 quidem
2907 1264 3073 1319 faciat
3099 1280 3300 1334 corpus
3322 1263 3547 1320 Christi.

2182 1356 2436 1428 Populus.
2470 1356 2663 1411 Amen.

2156 1449 2433 1513 Sacerdos,
2466 1451 2683 1521 signans
2717 1456 2797 1502 ter
2817 1448 3150 1520 sanguinem.
3183 1447 3253 1503 Et
3283 1447 3434 1503 hunc
3453 1446 3680 1503 calicem

2102 1610 2359 1672 potestate
2392 1619 2490 1655 sua
2517 1618 2609 1669 per
2662 1600 2985 1655 voluntatem
3034 1611 3212 1672 tuam,
3242 1602 3296 1655 in
3336 1604 3532 1656 sanctis
3566 1604 3677 1657 sive

425 1669 662 1726 heresin
696 1673 886 1752 etejus
925 1673 1506 1752 reliquiasE_eclesia_tn
1542 1669 2001 1752 Orientalemyin
2034 1680 2074 1734 Β
2103 1669 2251 1752 puris
2293 1688 2421 1752 quos
2438 1671 2619 1751 .eligit.
2672 1672 2877 1752 Eodem
2921 1688 3055 1752 vero
3107 1671 3361 1752 recidunt
3392 1673 3535 1752 duae.
3572 1674 3685 1752 illa:

425 1757 671 1813 unquam
720 1744 1067 1813 agitaverint,
1109 1754 1164 1799 et
1209 1744 1503 1812 aliquando
1554 1743 1703 1798 illius
1759 1744 1998 1813 theologi

425 1812 719 1881 obscurius
742 1812 807 1882 de
848 1812 1032 1866 divina
1078 1813 1252 1882 gratia
1292 1813 1460 1867 locuti
1489 1813 1714 1876 fuerint,
1762 1827 1880 1867 eam
1916 1812 1998 1866 ta-

425 1896 555 1935 men
583 1881 790 1962 erroris
812 1883 960 1935 omni
993 1881 1329 1962 suspicione,
1372 1883 1569 1962 ha’cMin.
1582 1892 1739 1962 parte
1789 1898 1997 1947 carere,

427 1965 624 2019 preces
664 1951 848 2005 multa:
902 1966 1023 2019 qua:
1074 1951 1131 2005 in
1186 1953 1362 2005 sacris
1421 1951 1626 2007 Ofﬁciis
1677 1964 1996 2017 occurrunt,

425 2020 587 2091 plene
610 2020 1008 2091 demonstrant.
1028 2021 1112 2075 Ab
1135 2022 1243 2075 illis
1259 2021 1429 2085 enim,
1449 2037 1612 2091 quam
1632 2022 1701 2075 ab
1720 2022 1846 2077 ullis
1864 2023 2001 2078 scri-

426 2090 537 2161 ptis
602 2090 728 2143 aliis
779 2090 1053 2161 doctrina
1126 2092 1335 2146 certius
1409 2090 1519 2161 peti
1578 2099 1813 2160 potest,
1889 2108 1993 2147 nec

426 2158 610 2243 minus
652 2159 795 2243 apud
841 2158 1146 2243 Orientales
1196 2176 1361 2243 quam
1389 2158 1543 2243 apud
1581 2158 1821 2243 reliquos
1835 2161 2000 2243 Chri-

427 2229 909 2300 stianosklegem
984 2229 1227 2284 credendi
1297 2230 1382 2284 lea:
1424 2229 1629 2283 statuit
1689 2231 1998 2300 supplican-

428 2298 516 2370 di,
580 2308 641 2370 ut
688 2297 1025 2370 leestinus
1090 2301 1235 2368 Papa
1289 2300 1549 2368 praeclare
1620 2297 1841 2370 scripsit
1896 2300 1995 2370 (a).

428 2366 512 2421 Illi
539 2368 743 2439 quippe
763 2369 1046 2439 postulant
1069 2376 1126 2423 et
1150 2366 1465 2437 precantur,
1488 2378 1545 2421 ut
1577 2366 1877 2439 inﬁde—libus
1904 2366 1999 2423 da-

428 2437 585 2490 nctur
600 2437 750 2505 ﬁdes,
770 2446 827 2490 ut
867 2437 1167 2492 idololatra:
1189 2439 1252 2491 ab
1288 2440 1573 2507 impietatis
1592 2454 1702 2492 sua:
1719 2438 2003 2492 liberentur

428 2508 743 2579 erroribus:
780 2515 839 2559 ut
886 2508 1115 2561 hteretici
1167 2506 1439 2579 cat/relicta
1497 2508 1643 2579 ﬁdei
1677 2511 2003 2579 perceptione

430 2578 765 2646 resipiscam,
797 2585 853 2630 ut
910 2578 1231 2631 schismatici
1269 2575 1527 2646 Spiritum
1556 2575 1798 2631 rediuivw
1825 2575 2000 2632 chari-

432 2648 558 2700 tatis
582 2647 865 2718 accipiant,
881 2655 937 2699 ut
961 2646 1125 2718 lapsis
1154 2648 1471 2718 paenitentia:
1488 2647 1717 2702 remedia
1729 2648 2006 2717 conferan—

435 2725 566 2783 tur;
605 2726 664 2770 ut
694 2718 920 2786 denique
946 2719 1331 2788 catechumenis
1354 2718 1422 2770 ad
1473 2719 1889 2788 regenerationis
1916 2736 2005 2772 sa-

429 2797 709 2841 cramenta
739 2788 1026 2857 perductis,
1061 2787 1281 2841 caelestis
1304 2788 1673 2857 misericordia:
1688 2788 1815 2841 aula
1838 2804 2007 2841 reser-

432 2866 601 2938 e‘etur.
629 2856 754 2938 ligec
771 2858 1338 2938 omnia_continentur
1375 2857 1431 2938 in
1452 2856 1712 2938 precibus
1734 2858 2007 2938 liturgieis

429 2924 825 2989 Orientalibus,
857 2929 973 2980 non’
1004 2927 1187 2980 minus
1212 2943 1375 2994 quam
1400 2924 1677 2981 in'Graecis
1697 2935 1752 2979 et
1772 2924 1999 2981 Latinis.

430 2995 489 3048 In
524 2995 626 3049 ista
660 3012 788 3050 vero
810 2997 1057 3051 oratione
1090 2996 1449 3065 significatur,
1467 2996 1731 3064 Spiritum
1755 3006 2003 3050 sanctum

431 3065 487 3117 in
548 3065 677 3127 illis,
729 3081 869 3134 quos
906 3065 1143 3135 gratiosa
1191 3066 1473 3119 voluntate
1527 3066 1671 3119 Deus
1718 3068 2001 3132 praevenit,

431 3134 777 3187 sanctitatem
802 3149 898 3187 seu
924 3135 1151 3203 gratiam
1176 3135 1413 3202 operari,
1456 3146 1513 3187 et
1542 3135 1812 3187 donorum
1861 3136 2004 3188 divi-

430 3218 629 3256 norum
665 3210 948 3257 auctorem
989 3217 1130 3257 esse.
1170 3203 1247 3257 ita
1286 3203 1498 3257 scilicet
1545 3203 1847 3271 antiquitus
1893 3206 2006 3257 Ro-

431 3288 595 3325 mana
625 3272 871 3327 Ecclesia
909 3273 962 3325 in
992 3272 1181 3325 multis
1217 3272 1564 3326 orationibus
1596 3274 1776 3326 locuta
1815 3282 1919 3337 est,
1947 3283 2007 3328 ut

432 3342 488 3412 ign
522 3340 868 3412 Gregoriano
903 3342 1106 3396 Missali
1163 3342 1282 3412 (b);
1310 3341 1648 3412 Omnipotens
1694 3345 2007 3412 sempiterne

430 3410 593 3475 Deus,
612 3410 785 3465 lumen
810 3412 1113 3482 indeficiens
1132 3413 1221 3481 qui
1234 3410 1491 3482 Spiritum
1521 3420 1669 3465 tuum
1693 3410 2003 3467 sanctum...

430 3482 678 3535 humana:
708 3481 994 3553 declarAasti
1019 3481 1207 3535 salutis
1242 3481 1529 3553 auctorem,
1553 3491 1779 3553 precata,
1804 3500 2009 3553 quwsu-

434 3568 582 3613 mus,
618 3562 675 3622 ut
704 3552 841 3604 idem
868 3549 1096 3622 Spiritus
1148 3553 1384 3605 veritatis
1432 3549 1681 3605 Ecclesia:
1738 3549 1842 3606 tua:
1870 3555 2007 3608 dona

431 3620 942 3691 multipiicctltem:
963 3621 1156 3675 Mentes
1177 3630 1405 3685 nostras,
1422 3638 1742 3691 quwsutnus,
1764 3623 2005 3687 Domine,

431 3690 893 3763 Spiritussanctus
915 3692 1103 3746 divinis
1158 3690 1841 3763 prwparetsacramentis,
1883 3696 2009 3763 quia

432 3761 545 3830 ipse
565 3770 639 3815 cst
665 3764 899 3815 omnium
929 3761 1165 3817 remissio
1191 3761 1544 3832 peccatorum.
1580 3763 1713 3817 Item
1738 3780 1750 3814 :
1776 3761 2005 3827 Prazsta,

432 3832 1002 3900 quassumusﬂomine,
1022 3844 1081 3885 ut
1105 3852 1133 3886 a
1155 3834 1345 3885 nostris
1390 3832 1647 3885 mentibus
1678 3843 1724 3885 et
1761 3834 2008 3887 carnales

435 3912 673 3973 amoveat
735 3900 961 3972 Spiritus
1021 3911 1235 3956 sanctus
1294 3904 1528 3973 affectus,
1595 3911 1644 3954 et
1700 3904 2007 3973 spiritualia

436 3972 580 4042 nobis
599 3972 736 4025 dona
762 3980 997 4041 potenter
1017 3972 1485 4042 infundat.Mentcs
1512 3972 1738 4035 nostras,
1764 3972 2004 4035 Domine,

435 4039 667 4113 Spiritus
696 4039 909 4096 sanctus
933 4045 1020 4112 qui
1040 4039 1146 4097 a'te
1164 4042 1700 4113 proceditjlluminct,
1728 4051 1775 4094 et
1792 4044 2007 4096 inducat

435 4112 489 4163 in
528 4128 754 4174 omnem,
796 4114 927 4165 sicut
956 4122 1076 4166 tuus
1115 4111 1350 4176 promisit
1385 4111 1571 4176 Filius,
1612 4116 1909 4166 veritatem.
1947 4115 2006 4167 In

436 4131 489 4163 ιη
528 4131 754 4174 omnem,
796 4131 927 4165 sicut
956 4131 1076 4166 tuus
1152 4131 1350 4165 romtsu
1385 4131 1571 4176 riuus,
1612 4131 1909 4166 veritatem.
1948 4131 2001 4167 In

436 4180 637 4235 Missali
668 4182 935 4252 Gothico:
966 4181 1032 4234 Et
1059 4131 1146 4235 ari)
1161 4199 1315 4235 omne
1348 4198 1477 4252 opus
1504 4183 1695 4236 bonum
1730 4185 2001 4252 perducat.

435 4251 579 4305 Alibi
620 4271 632 4304 :
674 4251 737 4306 Ut
771 4250 999 4322 Spiritus
1050 4254 1124 4305 tui
1162 4250 1653 4322 fervore'conccpto
1680 4293 1694 4315 ,
1731 4250 1792 4305 'et
1820 4254 1873 4305 in
1902 4253 2007 4320 ﬁde

436 4322 772 4375 inveniamur
800 4322 1014 4375 stabiles
1052 4333 1098 4375 ct
1135 4323 1189 4375 in
1221 4339 1375 4391 apere
1390 4322 1646 4391 efﬁcaces.
1672 4323 1843 4377 Porro
1863 4323 2005 4377 hanc

436 4391 503 4444 de
526 4391 733 4462 Spiritu
760 4402 951 4447 sancto
978 4394 1281 4447 orationem
1337 4393 1574 4446 illustrat
1604 4393 1749 4461 quod
1809 4392 1877 4446 de
1906 4408 2003 4447 co-

437 4462 561 4515 dem
601 4462 824 4531 scripsit
848 4464 1110 4534 Didymus
1137 4481 1149 4516 :
1181 4463 1288 4517 Ista
1319 4479 1439 4516 vero
1464 4464 1779 4526 substantia,
1816 4462 2005 4534 dcequa

438 4548 578 4605 nunc
599 4548 770 4586 sermo
810 4542 905 4605 est,
942 4532 1217 4605 sapientia:
1253 4542 1299 4605 et
1327 4535 1573 4605 scientiae
1602 4541 1648 4585 et
1700 4532 2005 4605 sanctiﬁca-

439 4603 593 4673 tionis
635 4604 863 4673 eﬂ‘ectrix
891 4614 985 4668 est,
1008 4603 1143 4673 qum
1176 4604 1375 4657 deinde
1401 4604 1577 4656 fusius
1608 4604 1861 4671 explicat.

508 4672 818 4729 Notandum
856 4672 1051 4728 obiter
1082 4675 1434 4742 interpretem
1472 4673 1789 4742 Maronitam
1826 4674 2005 4726 locum

441 4749 616 4813 totum
649 4745 984 4813 corrupisse,
1024 4760 1148 4799 cum
1194 4741 1268 4797 ita
1290 4743 1494 4796 vertit:
1525 4741 1625 4806 Qui
1662 4743 1755 4796 dat
1800 4744 1933 4797 vires
1960 4753 2006 4795 et

441 4812 752 4881 facultatem
790 4812 980 4883 agendi
1004 4814 1289 4867 secundum
1325 4812 1651 4866 voluntatem
1696 4825 1865 4875 tuam,
1919 4815 2008 4882 qui

442 4893 664 4956 apparet
691 4885 746 4937 in
779 4886 840 4937 iis
879 4902 1008 4956 quos
1031 4884 1221 4956 diligit.
1254 4883 1562 4956 Nihilenim
1585 4885 1760 4938 simile
1785 4885 1838 4937 in
1860 4892 2008 4939 textu

442 4952 692 5023 Cdptico.
725 4962 821 5008 aut
845 4952 900 5008 in
930 4952 1282 5009 versionibus
1321 4954 1592 5008 Arabicis.
1624 4956 1867 5009 Primum
1899 4971 2007 5008 non

442 5024 723 5079 consuluit
747 5044 760 5077 :
784 5026 839 5078 in
873 5027 1043 5079 altero
1070 5042 1165 5095 per
1192 5025 1387 5079 malam
1414 5025 1578 5079 unius
1598 5026 1747 5079 vocis
1778 5034 2007 5094 puncta-

446 5095 673 5166 tionem,
703 5095 770 5149 ad
803 5094 1279 5166 manifestationem
1310 5095 1607 5159 transtulit,
1626 5095 1770 5165 quod
1788 5094 1855 5166 ad
1880 5112 2008 5147 san—

444 5165 814 5233 ctiﬁcationem
842 5165 1172 5235 pertinebat,
1190 5166 1629 5235 sententiamque
1656 5165 1837 5235 efl‘ecit
1852 5166 2011 5234 plane

445 5182 814 5233 cttpcationem
914 5182 1172 5229 rttneDat,
1190 5182 1629 5235 sententiamque
1656 5182 2011 5234 enecuptane

445 5236 673 5291 nullam.
718 5182 1065 5302 Quitfeenim
1120 5236 1390 5303 significat
1439 5253 1699 5306 apparere
1759 5234 2012 5303 Spiritum

444 5318 684 5378 sanctum
708 5310 771 5361 iis
787 5326 915 5377 quos
932 5309 1101 5378 diligit
1122 5308 1221 5361 ?At
1234 5306 1379 5378 quod
1400 5307 1453 5378 in
1471 5305 1656 5360 verbis
1672 5305 2010 5378 designatur,

448 5376 581 5448 illud
614 5387 701 5433 est
727 5375 873 5447 quod
890 5375 1279 5448 expressimus,
1322 5376 1584 5444 Spiritum
1636 5387 1881 5430 sanctum
1926 5375 2012 5448 di-

452 5447 589 5530 vina.
608 5444 1002 5518 liber—rimaqu'e
1025 5456 1299 5530 potestate
1337 5448 1703 5530 sanctitatem,
1731 5444 2013 5530 scuhpuri-

451 5514 759 5587 llcationem
821 5514 1062 5587 operari,
1097 5518 1399 5587 secundum
1431 5519 1764 5571 voluntatem
1814 5514 2013 5577 Patris.

448 5586 518 5639 iis
559 5602 701 5655 quos
738 5586 937 5655 diligit.
976 5587 1055 5643 Ita
1093 5589 1274 5642 versio
1316 5586 1548 5641 Arabica
1592 5589 1800 5642 codicis
1842 5587 2014 5640 nostri

446 5656 581 5711 satis
611 5656 975 5713 vetusti.Duo
1012 5659 1166 5730 Regii
1196 5658 1361 5729 paulo
1398 5659 1556 5713 aliter
1591 5678 1601 5713 :
1636 5657 1735 5725 Qui
1768 5665 2019 5730 aperatur

507 5785 581 5851 (α)
614 5789 682 5851 Ep
723 5789 999 5853 proProsp.
1033 5794 1083 5838 ct
1105 5762 1193 5839 Hil‘
1230 5802 1270 5839 c.
1306 5788 1377 5838 ll.

2104 1740 2610 1810 interpretationes,
2632 1742 2882 1809 quamvis
2904 1742 2977 1797 sit
2999 1742 3263 1810 nonnulla
3283 1742 3337 1795 in
3382 1742 3567 1796 verbis
3597 1743 3684 1795 di-

2099 1809 2350 1865 versitas.
2366 1810 2657 1878 Antiquam
2675 1825 2837 1879 porro
2853 1826 3149 1880 sanamque
3166 1809 3472 1865 doctrinam
3492 1813 3685 1879 paucis

2100 1882 2287 1935 verbis
2317 1880 2699 1950 complectitur
2723 1881 2900 1934 oratio
2939 1880 3225 1934 fractionis
3258 1896 3380 1949 quas
3406 1882 3675 1950 sequitur.

2173 1951 2285 2073 ψ)
2312 1950 2370 2003 1η
2395 1948 2587 2004 codice
2603 1950 2793 2003 Grazco
2816 1950 2871 2004 in
2906 1950 3107 2019 plurali
3140 1948 3329 2017 panes,
3361 1961 3417 2004 et
3450 1948 3676 2013 calices,

2202 2020 2254 2073 lo
2320 2020 2554 2073 alicuius
2607 2020 2870 2073 momenti
2916 2020 3267 2073 discrimine:
3329 2035 3455 2073 nam
3522 2036 3676 2073 more

2100 2020 2273 2074 nullo
2320 2020 2554 2089 alicuius
2607 2020 2870 2074 momenti
2916 2020 3267 2083 discrimine;
3329 2035 3455 2073 nam
3522 2036 3683 2074 more

2101 2097 2322 2159 vetusto
2354 2089 2648 2159 aliquando
2680 2090 2868 2157 plures
2911 2090 3110 2144 calices
3153 2089 3527 2143 afl‘erebantur
3577 2090 3680 2159 qui

2101 2158 2419 2213 sufﬁcerent
2450 2158 2805 2212 multitudini
2847 2159 3393 2213 communicantium.
3432 2159 3489 2213 Si
3540 2158 3679 2228 quid

2101 2228 2552 2310 singularecirea
2586 2229 2748 2310 hanc.
2770 2229 3117 2310 diseiplinam
3157 2229 3510 2283 observatum
3541 2229 3677 2282 olim

2102 2298 2159 2350 in
2189 2298 2433 2353 Ecclesia
2456 2298 2825 2353 Alexandrina
2854 2298 2978 2363 fuit,
3011 2300 3151 2354 scire
3200 2312 3308 2351 non
3358 2313 3675 2367 possumus.

2103 2367 2274 2421 Erant
2295 2368 2348 2421 in
2374 2383 2497 2432 usu,
2520 2368 2683 2422 etiam
2713 2366 2768 2421 in
2799 2369 3065 2431 Romana,
3111 2368 3311 2423 calices
3336 2366 3675 2421 ministeria-

2102 2436 2203 2500 les,
2233 2437 2301 2491 de
2325 2437 2529 2505 quibus
2557 2437 2621 2491 V.
2652 2436 2712 2491 C.
2745 2439 2984 2493 Joannes
3014 2438 3361 2493 Mabillonius
3407 2438 3462 2491 in
3504 2436 3674 2491 Com-

2103 2507 2373 2560 mentario
2400 2507 2603 2574 praevio
2634 2508 2702 2561 ad
2735 2507 2995 2562 Ordinem
3029 2509 3334 2562 Romanum
3364 2524 3377 2559 :
3405 2508 3486 2561 An
3538 2507 3679 2561 tales

2104 2575 2311 2629 fuerint
2342 2576 2419 2629 illi
2452 2576 2829 2641 Alexandrini,
2862 2578 3135 2632 nescitur:
3172 2576 3265 2632 sed
3291 2584 3470 2645 potest
3506 2576 3677 2629 dubi-

2104 2645 2442 2716 tari.Neque
2469 2646 2617 2699 enim
2666 2647 2855 2716 plures
2897 2648 3094 2702 calices
3146 2646 3444 2701 necessarii
3493 2655 3673 2709 crant,

2105 2715 2199 2770 ubi
2224 2715 2379 2771 laicis
2404 2716 2545 2771 calix
2577 2715 2685 2769 non
2718 2717 3091 2785 praebebatur;
3138 2716 3229 2771 sed
3269 2716 3497 2785 intincta
3528 2730 3680 2769 com-

2105 2786 2319 2847 munio,
2352 2801 2474 2855 quae
2495 2784 2876 2855 antiquissima
2906 2794 2990 2840 est
3014 2794 3130 2839 toto
3162 2787 3363 2855 passim
3421 2784 3671 2840 Oriente.

2106 2855 2261 2921 Quod
2294 2872 2425 2909 vero
2452 2856 2607 2923 panis
2624 2864 2851 2911 vocetur
2892 2871 2959 2909 eo
2982 2857 3103 2909 loco
3123 2855 3467 2909 Eucharistia
3488 2855 3679 2909 verbis

2106 2925 2409 2995 Dominicis
2434 2925 2545 2994 jam
2580 2934 2918 2989 consecrata,
2951 2941 3061 2979 non
3092 2926 3249 2995 plane
3274 2932 3676 2995 perspecteque

2033 3024 2073 3079 Ο
2110 2994 2398 3063 significat,
2427 2994 2579 3047 illum
2612 2995 2854 3075 nondum
2902 3012 3024 3076 esse
3072 2994 3271 3064 Corpus
3299 2994 3527 3079 Christi,
3584 3003 3680 3048 aut

2108 3078 2336 3132 prorsus
2366 3080 2475 3117 non
2495 3065 2790 3134 esse,gquia
2825 3066 2981 3134 panis
3038 3076 3285 3120 vocatur.
3312 3064 3418 3118 Sed
3463 3079 3673 3117 novum

2108 3149 2218 3204 non
2251 3144 2335 3187 est
2368 3134 2456 3187 his
2490 3134 2545 3187 in
2564 3133 2791 3197 Ofﬁciis,
2815 3133 3042 3204 utquod
3070 3149 3263 3189 verum
3309 3149 3429 3189 esse
3471 3148 3682 3202 corpus

2106 3201 2311 3273 Christi
2334 3204 2669 3273 agnoscitur,
2694 3206 2852 3273 panis
2885 3201 3141 3267 vocetur,
3172 3204 3299 3273 quia
3337 3204 3495 3272 panis
3520 3201 3679 3256 vide-

2108 3278 2218 3325 tur.
2254 3272 2419 3325 Sacra
2442 3272 2711 3342 mysteria
2734 3283 2789 3328 et
2844 3272 3206 3336 sacramenta,
3239 3274 3398 3343 panis
3426 3283 3483 3327 et
3534 3274 3682 3327 calix

2106 3352 2375 3395 vocantur
2404 3343 2698 3411 aliquando
2720 3354 2846 3398 ante
2903 3344 3394 3405 consecrationem,
3434 3357 3536 3396 nec
3591 3352 3682 3397 ta-

2109 3426 2233 3465 men
2260 3411 2384 3465 ideo
2405 3420 2726 3466 consecrata
2752 3414 3075 3477 creduntur,
3127 3428 3253 3467 cum
3278 3427 3417 3477 saepe
3458 3412 3682 3467 indiffe-

2108 3488 2295 3552 renter
2320 3490 2600 3552 vocentur~
2628 3482 2681 3535 id
2713 3484 2856 3551 quod
2882 3494 3030 3547 sunt,
3065 3493 3121 3538 et
3146 3483 3197 3536 id
3223 3482 3369 3552 quod
3392 3482 3678 3552 videntur.

2108 3550 2296 3622 Neque
2324 3551 2448 3622 inde
2475 3550 2769 3622 quidquam
2795 3553 2993 3607 deduci
3027 3562 3209 3622 potest
3234 3550 3383 3607 circa
3426 3550 3680 3605 Orienta-

2108 3620 2241 3673 lium
2267 3620 2582 3690 opinionem
2607 3620 2673 3676 de
2699 3620 3131 3677 consecrationis
3153 3632 3455 3681 momento,
3490 3630 3577 3673 aut
3600 3622 3673 3690 de

2107 3689 2312 3762 verbis:
2331 3692 2532 3760 quibus
2580 3692 2670 3745 illa
2726 3694 3029 3761 perficitur,
3081 3703 3337 3762 tanquam
3396 3692 3462 3746 ad
3505 3689 3667 3762 Marci

2108 3759 2411 3829 Ephesiiet
2434 3762 2666 3815 aliorum
2700 3759 3070 3817 recentiorum
3101 3759 3429 3816 sententiam
3452 3760 3680 3814 accede-

2109 3839 2252 3911 rent,
2271 3847 2391 3913 quae
2412 3839 2695 3913 tantopere
2719 3846 2749 3884 a
2780 3832 3050 3913 theologis
3067 3834 3334 3913 exagitata
3362 3841 3463 3913 est.
3488 3831 3684 3911 Neque

2106 3900 2252 3954 enim
2281 3900 2347 3954 de
2368 3902 2571 3971 synoda
2594 3901 2929 3964 Florentina,
2955 3900 3049 3956 aut
3077 3902 3144 3956 de
3174 3900 3267 3956 illa
3301 3902 3686 3955 controversia

2106 3971 2406 4039 quidquam
2446 3971 2659 4024 sciunt:
2712 3987 2904 4024 verum
2947 3973 3251 4026 orationem
3297 3971 3686 4038 antiquissima

2110 4040 2409 4095 traditione
2440 4040 2899 4105 commendatam,
2925 4050 2981 4095 et
3012 4043 3082 4096 ab
3116 4042 3372 4095 omnibus
3391 4040 3683 4100 Ecclesiis,

2106 4110 2272 4163 etiam
2298 4110 2681 4165 communione
2732 4111 2943 4175 divisis,
2993 4119 3370 4166 conservatam
3415 4111 3537 4163 sine
3574 4110 3685 4163 ulla

2108 4180 2420 4251 suspicione
2449 4180 2710 4243 retinent,
2736 4196 2838 4234 nec
2874 4182 3107 4235 ulterius
3130 4181 3404 4251 progressi
3436 4191 3590 4251 sunt.

2176 4197 2201 4235 s
2244 4197 2420 4235 totone
2449 4197 2710 4243 retinent,
2736 4197 2838 4234 nec
2874 4197 3107 4235 ulterius
3130 4197 3404 4251 progress:
3436 4197 3590 4233 sunt.

2176 4197 2330 4315 (ruod
2357 4250 2629 4321 sequitur,
2656 4260 2703 4302 et
2722 4251 2884 4318 faciat
2903 4253 3040 4305 hunc
3057 4269 3245 4321 panem
3260 4268 3448 4320 corpus
3467 4250 3683 4321 Christi,

2109 4335 2456 4374 communem
2497 4320 2831 4388 reliquarum
2857 4320 3101 4375 omnium
3143 4321 3433 4375 lectionem
3485 4320 3688 4374 contir-

2037 4368 2078 4421 θ
2111 4399 2318 4453 mat,et
2345 4368 2946 4458 Salmasiijperversam
2992 4391 3504 4459 interpretationem
3570 4389 3679 4441 loci

2112 4461 2377 4529 paralleli,
2436 4460 2489 4513 in
2541 4459 2793 4528 Gregorii
2834 4459 3057 4530 Coptica
3107 4461 3385 4529 Liturgia,
3434 4459 3688 4530 funditus

2108 4530 2328 4583 evertit.
2358 4531 2545 4600 Neque
2566 4531 2711 4583 enim
2756 4529 2976 4599 legitur,
3004 4540 3052 4582 et
3084 4532 3376 4600 faciamus:
3414 4529 3558 4597 quod
3600 4541 3684 4581 ta-

2110 4547 2328 4583 everut.
2359 4547 2545 4653 neque
2566 4547 2711 4583 enim
2757 4547 2976 4599 tegitur,
3004 4547 3052 4582 et
3084 4547 3376 4600 faciamus:
3414 4547 3558 4597 quoa
3600 4547 3684 4581 ta-

2110 4616 2236 4653 men
2288 4601 2391 4669 legi
2480 4600 2699 4659 ebebat,
2756 4600 2798 4653 si
2846 4600 2899 4653 in
2940 4600 3047 4654 alia
3096 4601 3297 4654 lectum
3354 4600 3567 4657 fuisset,
3626 4608 3684 4649 ut

2109 4680 2475 4723 convcrtamus
2510 4671 2602 4722 has
2639 4669 2926 4740 oblationes
2973 4672 3027 4723 in
3071 4687 3257 4740 corpus
3284 4679 3331 4723 ct
3368 4670 3685 4740 sanguinem

2110 4739 2298 4793 salutis
2334 4750 2546 4803 nostris,
2574 4748 2769 4793 cumet
2794 4739 3016 4809 Copticc
3033 4750 3088 4794 et
3107 4738 3362 4800 Arabica,
3388 4750 3447 4792 ut
3474 4738 3685 4797 (ἷκε-πρε,

2110 4811 2323 4879 legatur
2341 4819 2388 4862 et
2415 4811 2597 4879 faciat,
2628 4818 2688 4862 ut
2726 4820 3007 4864 ostensum
3046 4820 3129 4863 est
3169 4811 3223 4863 in
3275 4810 3689 4865 Commentario

2112 4880 2179 4933 ad
2209 4880 2390 4933 Basilii
2428 4880 2749 4949 Liturgiam.
2782 4881 2858 4933 Ex
2883 4880 2986 4934 hac
3005 4880 3168 4935 etiam
3200 4888 3485 4933 constante
3518 4880 3689 4949 trium

2111 4950 2460 5018 Copticarum
2520 4948 2803 5003 et’trium
2855 4950 3166 5004 Graecarum
3234 4952 3374 5005 ritus
3435 4948 3689 5015 ejusdem

2113 5020 2465 5074 Alexandrini
2506 5020 2760 5083 lectione,
2816 5020 3071 5082 Arcudii,
3124 5021 3392 5090 Neophyti
3446 5019 3690 5072 Rhodini

2112 5100 2168 5144 et
2191 5091 2558 5144 recentiorum
2586 5090 2885 5143 multorum
2926 5092 3257 5159 conjecturae
3301 5092 3448 5144 circa
3484 5090 3691 5159 Graeca:

2116 5161 2479 5215 invocationis
2522 5160 2934 5227 intelligentiam
2998 5158 3346 5214 refelluntur.
3404 5158 3688 5226 Quidquid

2116 5247 2280 5300 porro
2305 5230 2645 5284 crediderint
2672 5229 2997 5294 Orientales,
3027 5231 3163 5283 nihil
3193 5231 3409 5284 confert
3450 5230 3517 5283 ad
3548 5229 3684 5281 Pro—

2120 5302 2437 5355 testantium
2477 5316 2728 5363 causam;
2758 5316 2882 5353 cum
2910 5302 3026 5355 sive
3075 5301 3261 5353 verbis
3294 5300 3501 5354 Christi
3552 5315 3683 5351 con-

2117 5372 2352 5425 secratio
2382 5370 2723 5440 perficiatur,
2764 5371 2878 5423 sive
2926 5372 3279 5438 subsequenti
3319 5370 3687 5427 invocatione,

2116 5442 2344 5511 perinde
2371 5442 2473 5495 sit:
2507 5455 2630 5493 nam
2652 5449 2803 5493 certo
2829 5441 3056 5495 credere
3080 5441 3408 5503 Orientales,
3442 5454 3692 5507 pronun-

2121 5512 2247 5565 tiala
2294 5511 2658 5569 invocatione.
2691 5519 2959 5564 mutatum
2997 5527 3119 5564 esse
3158 5526 3353 5580 panem
3387 5511 3440 5562 in
3485 5523 3693 5580 corpus

2117 5580 2323 5635 Christi
2348 5588 2405 5634 et
2430 5581 2619 5636 vinum
2646 5580 2701 5633 in
2749 5581 2868 5649 ejus
2906 5578 3244 5649 sanguinem,
3283 5578 3596 5634 testimonia
3622 5578 3692 5634 ad

2119 5651 2303 5705 Basilii
2336 5650 2636 5720 Liturgiam
2667 5650 2834 5704 relata
2869 5655 2999 5709 satis
3022 5650 3419 5704 demonstrant.

2190 5783 2255 5848 (b)
2283 5784 2395 5835 Sab.
2432 5784 2613 5834 Pentcc.
