4062 6202
232 282 265 343 ἱ
281 289 422 345 305

1525 299 1853 360 LITURGIA
1892 305 1948 362 S.
1988 306 2281 366 CYRILLI.

3378 304 3515 364 i506

230 400 448 457 faciat
509 414 727 472 quoque
778 402 1097 473 sanguinem
1156 405 1460 477 pretiosum
1515 411 1852 471 Testamenti
1881 421 1927 480 Α
1955 419 2250 477 carbonem
2277 419 2428 475 illum
2447 422 2771 492 verum,qui
2789 431 3009 493 praestat
3029 421 3194 476 vitam
3211 418 3516 484 animabus,

229 494 431 549 novi.

328 585 610 656 Papulas.
650 584 842 640 Amen.

335 671 635 728 Sacerdos.
687 673 943 743 Ejusdem
992 677 1245 746 Domini,
1280 681 1415 748 Dei,
1463 680 1760 739 Salvatoris
1796 692 1852 742 et

237 763 446 834 Regis
477 765 723 819 omnium
763 777 1007 822 nostrum
1036 769 1164 825 Jesu
1195 769 1418 831 Christi.

321 853 597 924 Populus.
629 855 820 912 Amen.

327 943 629 1000 Sacerdos.
661 945 733 1002 Ut
762 947 872 1002 sint
916 949 1075 1006 nobis
1117 952 1390 1020 omnibus,
1422 956 1515 1025 qui
1562 971 1626 1011 ea
1654 971 1848 1026 perce-

246 1034 430 1103 pturi
457 1049 670 1100 sumus,
704 1036 861 1092 utilia
902 1038 969 1092 ad
1003 1039 1356 1096 obtinendam
1387 1043 1549 1100 ﬁdem
1583 1045 1701 1101 sine
1732 1047 1847 1102 dis-

244 1125 603 1195 putatione,
662 1128 987 1184 charitatem
1035 1131 1240 1201 absque
1283 1133 1596 1204 hypocrisi,
1633 1135 1847 1206 patien-

245 1215 406 1270 tiam
431 1216 752 1286 perfectam,
785 1234 935 1290 spem
963 1219 1193 1288 ﬁrmam,
1233 1223 1517 1289 ﬁduciam,
1551 1227 1847 1295 protectio-

243 1321 423 1372 nem,
449 1309 808 1374 sanationem,
825 1310 1103 1380 gaudium,
1126 1321 1183 1367 et
1203 1315 1608 1371 renovationem
1631 1317 1845 1384 animae,

246 1400 528 1468 corporis
555 1409 612 1456 et
641 1402 890 1472 spiritus,
916 1404 982 1459 ad
1011 1405 1238 1476 gloriam
1277 1407 1518 1463 nominis
1543 1406 1625 1460 tui
1649 1409 1844 1478 sancti,

247 1489 329 1543 ad
353 1491 684 1547 societatem
705 1493 920 1550 beatam
946 1496 1072 1551 vitae
1095 1507 1334 1560 aeternae.
1365 1510 1421 1557 et
1450 1502 1844 1576 incorruptibi-

247 1577 353 1642 lis,
381 1587 443 1634 et
481 1581 549 1635 ad
579 1583 955 1638 remissionem
982 1593 1352 1654 peccatorum.

329 1669 598 1742 Papulas.
621 1673 774 1730 Sicut
801 1686 1069 1741 erat,'etc.

331 1756 620 1815 Sacerdos.
661 1762 730 1817 Ut
773 1763 828 1817 in
859 1764 963 1819 hoc
1005 1765 1149 1821 sicut
1177 1775 1232 1822 et
1271 1769 1326 1823 in
1376 1773 1631 1830 omnibus
1677 1775 1844 1831 rebus

251 1847 633 1918 gloriﬁeetur,
674 1850 1035 1910 benedicatur
1061 1864 1116 1910 et
1143 1859 1433 1914 extollatur
1461 1878 1658 1918 nomen
1688 1874 1842 1919 tuum

252 1954 526 2009 magnum
552 1981 567 2006 ,
623 1943 1029 2000 sanctissimum
1058 1988 1072 2012 ,
1115 1953 1490 2008 venerandum
1518 1965 1574 2011 et
1612 1958 1842 2014 benedi-

250 2035 440 2093 ctum,
464 2044 590 2084 cum
615 2031 744 2088 Jesu
774 2033 1011 2102 Christo,
1036 2036 1173 2094 Filio
1197 2047 1290 2096 tuo
1315 2041 1535 2110 dilecto,
1557 2054 1612 2101 et
1635 2047 1843 2124 Spiritu

252 2126 480 2174 saneto.

329 2208 616 2268 Sacerdos.
641 2215 752 2270 Pax
777 2231 1054 2275 omnibus.

327 2300 590 2374 Populus.
619 2305 688 2360 Et
716 2321 839 2362 cum
866 2309 1062 2378 spiritu
1090 2320 1203 2368 tuo.

281 2481 300 2537 ἰ
329 2391 618 2450 Sacerdos.
648 2396 851 2453 lterum
874 2402 1077 2471 gratias
1099 2419 1322 2475 agamus
1353 2407 1464 2462 Deo
1495 2409 1841 2480 omnipotenv

305 2521 324 2537 .
347 2489 462 2537 etc.

254 2487 324 2548 ῑί,
347 2489 462 2539 etc.

327 2573 557 2647 Reliqua
582 2580 806 2650 petenda
836 2591 964 2638 sunt
999 2601 1062 2639 ea:
1094 2586 1337 2659 Liturgia
1373 2588 1585 2645 Basilii.

555 2735 739 2794 Oratio
775 2741 1048 2811 {motionis
1072 2744 1142 2798 ad
1170 2744 1386 2800 Patrem
1407 2746 1540 2816 (l5).

330 2869 491 2926 Deus.
507 2870 602 2940 qui
635 2873 961 2945 praeelegisti
992 2890 1094 2931 nos
1124 2876 1192 2932 ad
1226 2877 1544 2950 dignitatem
1579 2879 1835 2946 ﬁliorum,

259 2976 361 3032 per
382 2962 568 3018 Jesum
603 2964 883 3021 Christum
917 2969 1209 3024 Dominum
1242 2981 1512 3037 nostrum,
1543 2989 1638 3043 per
1668 2975 1836 3030 bene-

1953 509 2279 580 corporibus
2301 521 2357 565 et
2379 510 2668 580 spiritibus
2693 512 2925 576 nostris;
2951 511 3042 579 qui
3061 519 3145 565 est
3164 524 3362 578 corpus
3386 523 3515 562 san-

1951 607 2099 652 ctum
2134 607 2189 653 et
2220 599 2440 670 sanguis
2473 599 2748 669 pretiosus
2783 598 2984 653 Christi
3007 597 3084 652 tui
3114 615 3126 651 :
3156 612 3265 651 non
3291 595 3359 650 ad
3382 611 3515 650 con-

1951 688 2377 752 demnationem,
2425 699 2520 744 aut
2563 690 2638 742 ita
2673 697 2733 743 ut
2770 689 3075 743 incidamus
3118 690 3173 742 in
3217 685 3512 756 judicium;

1949 795 2127 848 neque
2165 779 2232 834 ad
2261 778 2634 834 confusionem
2654 819 2668 842 ,
2694 786 2787 832 aut
2815 779 2882 832 ad
2911 777 3098 831 ﬂetum
3130 785 3356 846 propter
3382 774 3517 828 deli-

1950 881 2034 924 cta
2073 878 2276 933 nostra,
2327 877 2387 922 ut
2421 886 2529 924 non
2558 870 2776 938 indigne
2823 869 2929 923 illis
2956 867 3442 928 communicemus,
3463 873 3518 918 et

1948 967 2172 1026 propter
2208 959 2298 1012 illa
2325 960 2403 1013 rei
2431 975 2538 1012 non
2563 959 2755 1012 ﬁamus
2781 977 2794 1011 :
2827 974 3008 1028 neque
3035 955 3328 1011 multitudo
3353 955 3518 1009 bene-

1950 1047 2196 1103 ﬁciorum
2225 1059 2465 1114 tuorum,
2490 1050 2738 1114 Domine,
2763 1065 2924 1105 causa
2948 1050 3018 1104 sit
3049 1049 3207 1102 nobis
3253 1045 3520 1117 gravioris

1947 1148 2003 1192 et
2031 1141 2251 1209 majoris
2286 1140 2498 1211 judicii,
2531 1141 2577 1194 si
2606 1157 2730 1210 erga
2762 1149 2811 1195 te
2854 1141 3045 1210 ingrati
3079 1155 3299 1200 sumus,
3342 1138 3517 1191 bono-

1950 1246 2070 1284 rum
2093 1240 2305 1286 auctor.
2339 1233 2540 1286 Verum
2565 1231 2764 1300 largire
2789 1231 2950 1285 nobis
2974 1230 3237 1299 Spiritum
3269 1236 3516 1282 sanctum

1947 1330 2125 1386 tuum,
2168 1330 2227 1376 ut
2275 1323 2536 1377 cordibus
2596 1323 2768 1392 puris,
2811 1331 2867 1376 et
2909 1319 3262 1375 conscientiis
3307 1317 3516 1379 nitidis,

1946 1412 2191 1484 facieque
2213 1415 2401 1471 inconf
2401 1432 2516 1479 usa,
2543 1415 2647 1470 ﬁde
2668 1431 2777 1470 non
2797 1415 2941 1479 ﬁcta,
2965 1413 3228 1469 charitate
3254 1409 3514 1481 perfecta,

1941 1512 2002 1559 et
2025 1520 2120 1574 spe
2149 1505 2322 1570 ﬁrma,
2349 1506 2651 1561 audeamus
2677 1521 2801 1561 cum
2830 1506 3026 1560 ﬁducia
3062 1519 3241 1568 orare,
3281 1500 3516 1557 dicendo

1945 1597 2506 1666 orationemzsanctam
2526 1613 2690 1667 quam
2710 1598 2944 1652 dilectus
2956 1596 3127 1650 Filius
3150 1602 3276 1649 tuus
3294 1590 3517 1647 tradidit

1945 1685 2304 1743 familiaribus
2332 1690 2467 1753 suis,
2503 1689 2708 1744 sanctis
2737 1687 3020 1758 discipulis
3046 1695 3102 1741 et
3140 1684 3399 1755 apostolis
3428 1682 3516 1737 di-

1944 1790 2074 1829 cens
2095 1776 2201 1830 illis
2223 1794 2234 1828 :
2254 1777 2697 1846 Quotiescunque
2720 1777 2931 1846 precari
2959 1774 3264 1836 volueritis,
3289 1781 3441 1826 orate
3460 1770 3516 1825 in

1943 1863 2093 1920 hunc
2143 1869 2366 1924 modum
2413 1877 2469 1924 et
2525 1869 2690 1926 dicite
2729 1869 2927 1922 :Pater
2980 1875 3168 1921 noster
3213 1864 3307 1934 qui
3353 1878 3415 1918 es
3458 1861 3516 1918 in

1943 1955 2113 2010 caelis.

2363 2086 2546 2142 Oratio
2585 2096 2698 2157 post
2731 2087 2898 2141 Pater
2932 2093 3128 2141 noster.

2013 2215 2289 2271 Sacerdos.
2321 2220 2596 2288 Rogamus
2637 2228 2710 2283 te,
2761 2221 2904 2276 Deus
2945 2222 3106 2274 Pater
3144 2218 3513 2288 omnipotens,

1940 2323 2009 2361 ne
2043 2323 2142 2362 nos
2190 2309 2414 2363 inducas
2469 2311 2927 2375 intentationem,
2983 2311 3078 2366 sed
3124 2311 3298 2366 libera
3339 2325 3443 2365 nos
3483 2325 3516 2366 δ

1941 2401 2084 2453 malo
2113 2419 2124 2452 :
2153 2401 2399 2454 actiones
2424 2400 2722 2457 diabolicas
2745 2418 2775 2456 a
2807 2403 2968 2457 nobis
2995 2418 3216 2458 remove
3246 2421 3258 2456 :
3287 2403 3516 2458 insidias

1939 2507 2038 2562 per
2064 2494 2289 2546 consilia
2319 2492 2694 2563 improborum
2731 2495 3011 2548 hominum
3034 2535 3048 2557 ,
3071 2510 3260 2548 omnes
3291 2495 3514 2549 inutiles

1938 2583 2109 2638 efﬁce.
2141 2585 2371 2652 Protege
2401 2600 2502 2638 nos
2545 2600 2761 2653 semper
2787 2585 3012 2639 dextera
3044 2593 3135 2639 tua
3175 2584 3507 2648 viviﬁcante,

1940 2682 1997 2726 tu
2025 2674 2119 2742 qui
2160 2689 2221 2727 es
2249 2673 2467 2742 adjutor
2494 2683 2700 2736 noster,
2730 2683 2786 2729 et
2824 2675 3118 2729 auxiliator
3156 2685 3374 2742 noster,
3413 2691 3512 2747 per

1936 2761 2213 2817 Christum
2243 2761 2428 2817 Jesum
2461 2765 2749 2819 Dominam
2789 2774 3061 2831 nostrum,
3087 2767 3196 2832 cui,
3222 2776 3330 2824 etc.

2256 2916 2440 2972 Oratio
2471 2918 2829 2974 inclinationis
2869 2921 2939 2974 ad
2965 2921 3197 2976 Patrem.

258 3054 524 3124 placitum
546 3058 843 3114 voluntatis
864 3068 989 3124 tum,
1011 3060 1078 3114 ad
1100 3061 1324 3130 gloriam
1345 3071 1400 3116 et
1424 3064 1638 3119 laudem
1656 3069 1832 3136 gratiae

2012 3050 2286 3105 Sacerdos.
2336 3051 2478 3106 Deus
2515 3052 2607 3120 qui
2654 3052 2728 3105 ita
2771 3068 2870 3106 nos
2899 3053 3174 3118 dilexisti,
3203 3055 3509 3126 dedistique

263 3152 391 3210 tuae,
420 3163 585 3216 quam
611 3148 837 3219 largitus
859 3165 919 3205 es
941 3151 1100 3206 nobis
1124 3167 1220 3221 per
1243 3154 1502 3209 dilectum
1531 3164 1703 3220 tuum,
1737 3173 1836 3226 per

262 3252 427 3307 quem
465 3237 606 3294 facta
636 3247 721 3294 est
751 3241 910 3297 nobis
940 3242 1108 3307 salus,
1141 3252 1197 3298 et
1229 3259 1326 3313 per
1349 3247 1504 3315 cujus
1535 3246 1834 3315 pretiosum

263 3329 588 3400 sanguinem
641 3330 766 3388 data
801 3341 884 3388 est
928 3334 1090 3388 nobis
1133 3336 1385 3390 remissio
1437 3345 1832 3406 peccatorum:

264 3422 466 3492 gratias
485 3423 693 3494 agimus
716 3425 834 3490 tibi,
855 3427 1102 3491 Domine,
1127 3428 1270 3483 Deus
1287 3429 1448 3482 Pater
1465 3430 1832 3500 omnipotens,

265 3514 408 3584 quod
438 3531 536 3570 nos
561 3515 757 3572 feceris
778 3518 994 3590 dignos,
1030 3535 1128 3574 nos
1157 3528 1493 3589 peceatores,
1527 3520 1705 3576 standi
1739 3535 1834 3575 eo-

265 3619 378 3659 ram
410 3613 460 3659 te
490 3605 546 3662 in
564 3605 668 3660 hoc
696 3607 816 3662 loco
838 3620 1050 3669 sancto,
1085 3616 1140 3662 et
1167 3607 1485 3676 perﬁciendi
1510 3608 1834 3678 mysterium

270 3693 372 3748 hoc
391 3702 637 3749 sanetum
667 3705 722 3751 et
762 3699 1023 3752 caeleste:
1063 3706 1120 3751 ut
1143 3698 1603 3766 quemadmodum
1651 3699 1833 3756 fecisti

266 3799 366 3839 nos
385 3784 576 3855 dignos
596 3786 696 3842 ista
720 3787 1060 3856 perﬁciendi,
1086 3788 1159 3841 ita
1177 3790 1342 3841 etiam
1365 3787 1510 3858 digni
1535 3789 1834 3846 eﬁiciamur

269 3877 647 3931 communione
677 3886 735 3931 et
762 3877 1112 3946 perceptione
1161 3877 1402 3932 illorum.
1440 3879 1519 3933 Tu
1568 3881 1661 3950 qui
1701 3897 1833 3952 ape-

270 3965 423 4020 ruisti
460 3966 650 4020 oculos
703 3979 996 4028 caacorum,
1041 3964 1191 4033 aperi
1225 3965 1414 4018 oculos
1455 3965 1704 4020 cordium
1730 3983 1834 4021 no-

271 4063 524 4119 strorum,
555 4063 616 4108 ut
642 4053 972 4123 repellamus
997 4069 1025 4107 a
1047 4054 1205 4108 nobis
1226 4055 1478 4109 tenebras
1506 4072 1696 4112 omnes
1722 4073 1835 4113 ma-

272 4146 394 4200 litiae
415 4155 469 4200 et
496 4145 773 4214 nequitiae,
791 4161 912 4214 qua:
935 4146 1157 4199 macula:
1173 4145 1585 4202 similitudinem
1603 4149 1828 4203 habeat:

276 4245 330 4290 ut
357 4237 622 4305 possimus
655 4237 904 4290 attollere
929 4237 1117 4291 oculos
1144 4245 1362 4291 nostros
1393 4237 1460 4291 ad
1487 4238 1830 4307 splendorem

273 4328 444 4396 gloriae
469 4335 574 4382 tua}
603 4335 820 4382 sanctae.
847 4328 1024 4398 Atque
1051 4329 1193 4382 sicut
1218 4328 1488 4383 mundasti
1513 4330 1654 4384 labia
1681 4332 1827 4386 servi

1938 3143 2099 3196 nobis
2117 3143 2439 3212 dignitatem
2473 3143 2730 3207 ﬁliorum,
2757 3151 2818 3198 ut
2850 3144 2944 3199 ﬁlii
2976 3147 3072 3200 Dei
3113 3163 3432 3201 vocaremur
3454 3157 3510 3203 et

1937 3248 2203 3297 essemus,
2243 3233 2488 3287 hmredes
2510 3234 2728 3302 quidem
2755 3236 2856 3299 tui,
2887 3236 3028 3291 Deus
3056 3238 3236 3300 Pater,
3265 3238 3508 3292 cohaere-

1936 3322 2036 3376 des
2060 3331 2243 3376 autem
2277 3322 2481 3377 Christi
2519 3323 2634 3388 tui;
2681 3324 2881 3378 inclina
2918 3341 3080 3380 aures
3119 3338 3258 3382 tuas.
3289 3335 3346 3381 et
3377 3328 3508 3382 audi

1935 3430 2038 3470 nos
2064 3422 2364 3482 prostratos
2392 3429 2575 3467 coram
2611 3423 2662 3468 te
2692 3431 2705 3467 :
2747 3422 2803 3468 et
2828 3416 3059 3482 puriﬁca
3093 3415 3367 3469 hominem
3411 3433 3509 3471 no-

1937 3515 2111 3561 strum
2142 3505 2482 3568 interiorem,
2527 3505 2827 3558 secundum
2865 3506 3208 3560 sanctitatem
3255 3507 3376 3561 Filii
3425 3509 3508 3563 tui

1936 3594 2222 3666 unigeniti,
2263 3609 2423 3663 quem
2460 3593 2738 3663 suscipere
2773 3594 2956 3648 animo
2998 3594 3345 3665 designamus
3373 3613 3386 3648 :
3419 3596 3507 3650 fu-

1936 3689 2192 3759 giantque
2233 3703 2261 3740 a
2292 3686 2452 3740 nobis
2482 3685 2785 3750 fornicatio_
2824 3695 2881 3740 et
2903 3686 3084 3740 omnis
3119 3687 3377 3756 cogitatio
3406 3687 3509 3741 im-

1935 3778 2159 3840 munda,
2187 3786 2410 3846 propter
2450 3777 2623 3831 Deum
2662 3777 2756 3846 qui
2786 3792 2852 3832 ex
2893 3777 3112 3847 Virgine
3151 3777 3333 3848 (natus
3360 3777 3500 3850 est):

1935 3870 2208 3941 gloriatio,
2249 3878 2306 3924 et
2357 3870 2558 3924 malum
2594 3869 2879 3938 antiquum
2925 3870 3068 3938 quod
3104 3877 3188 3924 est
3226 3873 3502 3941 superbia,

1935 3970 2158 4031 propter
2181 3977 2307 4014 eum
2346 3961 2440 4030 qui
2471 3961 2779 4015 humiliavit
2807 3961 3160 4031 semetipsum
3185 3978 3284 4031 pro
3304 3963 3462 4018 nobis
3489 3976 3506 4016 :

1937 4054 2116 4114 timor,
2147 4059 2373 4120 propter
2398 4066 2521 4105 eum
2557 4052 2649 4120 qui
2677 4067 2870 4120 passus
2898 4061 2983 4105 est
3010 4051 3064 4104 in
3087 4066 3250 4106 carne
3281 4062 3504 4122 propter

1933 4160 2052 4209 nos,
2075 4153 2131 4199 et
2151 4145 2323 4199 erexit
2354 4144 2636 4199 victoriam
2662 4145 2875 4199 crucis:
2901 4159 3038 4198 vana
3064 4144 3258 4214 gloria,
3280 4152 3504 4214 propter

1933 4252 2057 4291 eum
2083 4237 2177 4305 qui
2217 4237 2540 4290 verberatus
2577 4246 2634 4290 et
2659 4234 2960 4306 ﬁagellatus
2994 4244 3078 4289 est
3120 4252 3218 4306 pro
3241 4237 3418 4300 nobis,
3446 4246 3502 4292 et

1934 4344 2044 4382 non
2092 4328 2286 4382 avertit
2319 4327 2510 4382 faciem
2548 4343 2701 4382 suam
2730 4341 2760 4379 a
2799 4326 3117 4380 confusione
3169 4338 3452 4395 sputorum
3486 4343 3499 4381 :

274 4417 347 4472 tui
371 4418 515 4473 Isaiae
541 4419 840 4487 pr0phetaz,
875 4396 1094 4488 quando
1133 4419 1418 4488 Seraphim
1453 4437 1596 4474 unus
1617 4423 1829 4492 accepit
1859 4396 1902 4452 υ
1937 4418 2164 4482 invidia,
2199 4419 2579 4483 homicidium,
2603 4419 2893 4482 dissensio,
2933 4427 2989 4474 et
3032 4419 3238 4482 odium,
3278 4426 3501 4489 propter

275 4510 465 4580 forcipe
489 4511 784 4566 carbonem
807 4511 1044 4580 desuper
1065 4511 1243 4573 altari,
1269 4511 1567 4566 etaecessit
1589 4512 1656 4565 ad
1675 4527 1822 4577 eum,

276 4599 503 4668 dixitque
533 4600 609 4654 illi
639 4613 800 4655 :etce
836 4601 1012 4670 tetigit
1039 4601 1141 4654 hoc
1170 4601 1313 4654 labia
1344 4609 1455 4666 tua,
1487 4609 1542 4656 et
1569 4603 1825 4658 auferen-

277 4697 358 4745 tur
379 4692 688 4760 iniquitates
724 4700 849 4758 tuae,
875 4701 930 4746 et
951 4693 1364 4748 mundabuntur
1394 4693 1823 4763 omnia.peccata

278 4790 375 4846 tua,
401 4784 469 4837 ita
484 4799 700 4853 quoque
723 4783 808 4838 fac
823 4800 951 4854 erga
974 4783 1220 4838 imbelles
1237 4793 1571 4853 peccatores,
1597 4786 1827 4843 miseros

278 4891 444 4931 servos
489 4883 630 4931 tuos.
673 4877 908 4948 Dignare
955 4875 1298 4931 sanctiﬁcare
1331 4877 1541 4931 animas
1584 4882 1822 4944 nostras,

278 4980 486 5036 corpora
521 4975 710 5022 nostra
730 5007 744 5034 ,
783 4968 928 5023 labia
961 4976 1017 5023 et
1035 4967 1198 5025 corda
1225 4975 1410 5022 nostra
1441 4985 1452 5020 :
1483 4977 1538 5022 et
1564 4967 1632 5022 da
1664 4969 1826 5024 nobis

341 5148 436 5218 (15)
460 5149 565 5203 Ista
583 5159 640 5203 et
663 5158 956 5218 sequentes
979 5147 1288 5207 Orationes.
1326 5148 1559 5203 diversae
1591 5159 1720 5205 sunt
1752 5149 1822 5204 ab

290 5216 385 5271 illis
418 5216 534 5286 (iure
563 5216 820 5287 leguntur
867 5219 923 5272 in
966 5218 1154 5273 Gnaeo
1181 5219 1370 5273 codice
1405 5237 1417 5272 :
1453 5219 1601 5287 quia,
1660 5229 1719 5273 ut
1768 5220 1823 5273 in

287 5287 490 5358 rubricis
522 5297 765 5358 notatur,
793 5296 916 5356 post
941 5289 1340 5342 invocationem
1391 5288 1626 5358 Spiritus
1653 5290 1828 5344 sana-ti

293 5357 470 5426 reliqua
495 5359 607 5426 peti
632 5356 902 5428 iubentur
917 5374 984 5411 ex
1008 5358 1273 5428 Liturgia
1324 5356 1499 5413 sancti
1529 5359 1736 5412 Basilii.
1764 5359 1821 5428 In

289 5439 340 5477 ea
361 5428 698 5494 reperiuntur
719 5426 969 5494 quaedam
1003 5427 1092 5480 isti
1149 5426 1387 5482 orationi
1435 5429 1721 5483 fractionis
1745 5427 1818 5483 si-

293 5495 585 5567 milia;sed,
621 5505 680 5548 ut
702 5495 833 5567 alibi
881 5499 1213 5560 monuimus,
1243 5499 1520 5552 orationes
1549 5498 1821 5567 quadam.

295 5574 344 5634 ut
361 5575 470 5618 sunt
505 5565 610 5620 illa:
634 5582 754 5634 qua:
781 5565 1042 5620 dicuntur
1071 5567 1138 5621 ad
1165 5568 1490 5622 fractionem
1516 5565 1729 5621 hostias.
1755 5567 1823 5620 ad

295 5632 426 5688 Pater
456 5632 814 5696 nouem—clad
840 5637 1140 5704 gratiarum
1171 5636 1826 5704 actionem,~multip|ices

298 5715 399 5760 sunt
424 5715 470 5760 ct
503 5706 687 5769 varize,
735 5705 1104 5776 dicunturquc
1157 5723 1262 5760 una
1294 5706 1377 5760 vel
1406 5708 1589 5775 plures
1636 5705 1702 5759 ad
1734 5721 1824 5759 sa-

1933 4527 2130 4581 agnum
2179 4511 2274 4565 Dei
2306 4511 2399 4581 qui
2446 4511 2674 4565 abstulit
2703 4520 2988 4580 peccatum
3022 4510 3212 4566 mundi
3251 4529 3262 4563 :
3303 4511 3402 4573 ira,
3448 4519 3504 4566 et

1932 4605 2256 4675 injuriarum
2282 4603 2610 4668 recordatio,
2647 4612 2871 4674 propter
2891 4619 3016 4658 eum
3035 4603 3128 4672 qui
3163 4602 3329 4661 aﬁixit
3351 4603 3502 4658 cruci

1931 4695 2356 4764 chirographum
2380 4703 2733 4764 peccatorum
2766 4703 3102 4748 nostrorum.
3137 4692 3366 4762 Fugiant
3390 4692 3502 4746 daa-

1931 4801 2123 4839 mones
2159 4795 2214 4839 et
2247 4785 2520 4850 diabolus,
2549 4793 2776 4855 propter
2811 4800 2936 4840 eum
2965 4784 3058 4853 qui
3086 4783 3362 4854 principes
3385 4799 3502 4838 ma-

1932 4879 2062 4933 litia:
2085 4879 2317 4948 disjecit,
2339 4888 2395 4933 et
2423 4888 2719 4950 potestates
2737 4879 3085 4932 tenebrarum
3111 4877 3287 4946 palam
3306 4877 3500 4930 trium-

1932 4969 2138 5040 phavit.
2159 4969 2361 5024 Omnes
2385 4971 2744 5040 cogitationes
2770 4969 2940 5023 malas
2958 4978 3014 5023 et
3039 4977 3286 5022 terrenas
3310 4968 3501 5038 procul

1929 5149 2168 5203 cerdotis
2201 5149 2513 5204 arbitrium.
2547 5147 2758 5204 Sufﬁcit
2786 5149 2934 5217 quod
2957 5148 3203 5202 omnium
3225 5149 3498 5205 sententia
3579 5150 3598 5160 “

1926 5221 2119 5273 eadem
2153 5221 2241 5273 sit.
2272 5221 2328 5274 In
2358 5220 2460 5273 ista
2495 5220 2702 5274 mentio
2732 5227 2818 5274 est
2858 5218 3194 5287 metaphora:
3250 5219 3498 5273 usitatis-

1929 5289 2082 5343 simae
2112 5289 2255 5358 apud
2305 5288 2609 5344 Orientales
2641 5296 2697 5344 et
2731 5289 2948 5344 Graecos
2993 5289 3142 5358 ipsos
3192 5289 3494 5343 secundum

1929 5373 2091 5429 quam
2113 5375 2310 5429 vocare
2341 5360 2520 5413 solent
2554 5374 2756 5429 corpus
2783 5358 2989 5413 Christi
3037 5365 3091 5411 in
3126 5368 3491 5429 sacramento,

1924 5428 2220 5481 carbonem
2254 5428 2439 5481 vivum
2466 5429 2519 5482 in
2544 5428 2695 5483 Isaia:
2720 5429 2932 5484 visione
2949 5429 3313 5496 designatum.
3339 5428 3493 5483 Unde

1924 5497 2179 5566 cochlear
2203 5512 2314 5566 quo
2330 5499 2644 5551 communio
2671 5500 2900 5553 intincta
2922 5498 3276 5552 distribuitur
3322 5497 3493 5561 Λαὸὶς

1925 5582 2025 5638 seu
2039 5565 2258 5638 forceps
2271 5567 2334 5638 in
2364 5569 2677 5622 Ritualibus
2701 5569 2904 5624 Graecis
2919 5569 3247 5638 appellatur.

1980 5585 2020 5619 :u
2039 5585 2258 5636 iorceps
2281 5585 2334 5619 in
2367 5585 2677 5622 mtuaunus
2701 5585 2904 5624 umens
2919 5585 3247 5693 appellatur.

1980 5635 2239 5716 .iieliqua:
2270 5636 2434 5706 hujus
2457 5638 2717 5716 Liturgia:
2734 5649 2918 5709 partes
2933 5641 2988 5696 ni
3013 5639 3072 5693 iil
3101 5639 3322 5702 habent,
3342 5636 3489 5710 quod

1923 5705 2053 5761 alibi
2072 5705 2404 5776 explicatum
2429 5723 2538 5763 non
2563 5705 2748 5765 fuerit:
