4082 6218
472 291 610 349 1507

467 500 653 563 celos,
687 507 746 552 ut
785 499 857 552 ita
882 496 1258 566 puriﬁcemur,
1297 506 1355 550 et
1375 496 1742 566 percipiamus
1770 496 1884 550 haec
1915 511 2035 566 my-

467 590 631 641 steria
668 602 825 655 pura,
863 595 919 640 et
952 586 1193 655 perfecte
1228 585 1498 655 puriﬁcati
1532 586 1704 639 simus
1744 585 1798 638 in
1828 585 2037 638 anima-

468 680 604 740 bus,
660 677 1017 745 corporibus,
1081 688 1137 731 et
1188 677 1479 746 spiritibus
1527 677 1767 732 nostris:
1800 675 1936 730 adeo
1980 683 2041 730 ut

468 765 762 835 participes
792 767 964 823 simus
994 767 1263 837 corporis,
1296 767 1439 822 sicut
1460 775 1515 822 et
1538 768 1751 833 formae,
1784 777 1841 822 et
1870 767 2041 837 partis

467 855 673 911 Christi
700 859 801 923 tui,
830 868 935 913 etc.

782 1055 902 1109 Alia
936 1058 1106 1109 oratio
1136 1057 1437 1125 gratiarum
1466 1055 1704 1108 actionis.

540 1230 712 1295 Quam
735 1229 1172 1284 benedictionem
1193 1239 1287 1283 aut
1311 1244 1472 1297 quam
1499 1228 1737 1293 laudem,
1764 1235 1857 1282 aut
1878 1243 2041 1297 quam

473 1320 771 1389 gratiarum
818 1321 1086 1374 actionem
1146 1335 1438 1388 possumus
1492 1319 1793 1373 retribuere
1831 1319 1964 1384 tibi,
2009 1333 2042 1372 o

474 1413 619 1465 Deus
638 1419 847 1465 amator
880 1411 1183 1474 hominum,
1220 1409 1365 1479 quod
1388 1425 1512 1463 cum
1543 1424 1787 1463 essemus
1814 1409 2042 1480 projecti

477 1517 573 1571 per
602 1501 870 1572 judicium
902 1501 1115 1563 mortis,
1157 1499 1501 1567 demersique
1529 1497 1584 1551 in
1616 1497 1890 1567 profundo
1913 1513 2042 1567 pec-

476 1592 604 1657 cati,
652 1592 972 1646 concessisti
1020 1591 1181 1645 nobis
1220 1590 1568 1654 libertatem,
1615 1589 1950 1660 largitusque
1986 1604 2046 1644 es

477 1685 637 1738 nobis
663 1685 810 1738 hunc
838 1685 1022 1739 cibum
1052 1683 1415 1738 immortalem
1440 1690 1494 1737 et
1517 1683 1795 1737 ccelestem
1823 1700 1835 1735 :
1870 1682 2044 1735 mani-

1725 285 2053 343 LITURGIA
2088 286 2144 343 S.
2184 287 2479 343 CYRILLI.‘

469 408 781 478 rejiciamus
824 423 855 462 a
896 406 1076 467 nobis.
1112 415 1338 475 propter
1369 420 1493 461 eum
1545 404 1639 475 qui
1677 404 1924 459 ascendit
1966 404 2033 460 ad
2066 416 2109 471 Α

3577 280 3719 339 1508

2455 402 2576 456 Alia
2614 400 2784 454 oratio
2808 398 3113 469 gratiarum
3150 395 3390 449 actionis.

2210 514 2461 583 Respice,
2492 511 2739 574 Domine,
2784 508 2850 563 ad
2890 507 3025 561 istos
3050 519 3239 560 servos
3274 512 3397 556 tuos
3425 502 3520 570 Qui
3565 502 3726 557 incli-

2139 615 2273 659 nant
2297 603 2477 673 capita
2516 618 2610 657 sua
2639 615 2823 656 coram
2854 596 3031 669 gloria
3076 606 3169 651 tua
3203 604 3391 649 sancta
3435 610 3447 647 :
3477 594 3723 648 concede

2141 696 2250 750 illis
2273 694 2681 749 remisssionem
2713 702 3065 761 peccatorum
3102 701 3356 749 suorum,
3388 685 3622 739 benedic
3654 686 3725 738 il-

2140 788 2223 843 los
2262 786 2519 839 omnibus
2551 781 3033 838 benedictionibus
3066 778 3472 849 spiritualibus,
3516 786 3575 831 et
3619 793 3725 831 cu-

2140 876 2283 931 stodi
2315 891 2412 930 eos
2437 875 2662 930 dextera
2692 882 2782 927 tua
2804 870 3039 942 potenti.
3059 868 3338 925 Conﬁrma
3371 882 3468 922 eos
3499 867 3558 920 in
3581 866 3727 920 dile-

2142 967 2321 1022 ctione
2342 975 2468 1032 tua;
2490 964 2743 1036 imprime
2772 964 3026 1017 timorem
3046 971 3203 1016 tuum
3224 958 3484 1015 cordibus
3504 971 3730 1018 eorum;

2143 1058 2293 1129 aperi
2339 1059 2528 1113 oculos
2577 1056 2888 1111 animarum
2932 1055 3186 1117 illorum,
3235 1060 3297 1106 ut
3330 1052 3515 1105 luceat
3557 1062 3735 1116 super

2142 1152 2289 1222 ipsos
2317 1152 2502 1204 lumen
2527 1148 2832 1203 divinitatis
2862 1157 2968 1202 tum
2991 1164 3006 1200 :
3036 1147 3249 1200 instrue
3276 1142 3399 1196 illos
3416 1140 3578 1195 donis
3604 1137 3741 1207 Spi-

2144 1242 2284 1296 ritus
2318 1240 2397 1294 tui
2423 1238 2597 1293 sancti
2630 1256 2643 1291 :
2674 1235 2957 1292 circumda
2984 1248 3082 1288 eos
3111 1241 3393 1286 armatura
3432 1236 3524 1282 tua
3569 1246 3581 1281 :
3622 1241 3734 1281 cu-

2144 1331 2289 1387 stodi
2313 1343 2409 1385 eos
2442 1330 2544 1384 sub
2571 1328 2767 1383 umbra
2800 1325 3066 1382 bonitatis
3101 1333 3211 1379 tuae
3248 1340 3261 1375 :
3290 1321 3466 1376 libera
3511 1334 3608 1374 eos
3658 1316 3737 1371 ab

2144 1423 2405 1492 operibus
2458 1419 2617 1473 malis
2670 1416 2895 1481 diaboli,
2950 1422 3005 1469 et
3058 1421 3283 1467 contere
3337 1410 3521 1463 omnia
3559 1421 3739 1476 opera

2145 1514 2265 1584 ejus
2300 1511 2402 1565 sub
2436 1508 2672 1579 pedibus
2694 1507 2915 1560 illorum
2946 1501 3232 1557 velociter.
3262 1500 3339 1554 Da
3372 1499 3483 1553 illis
3512 1507 3573 1550 ut
3604 1513 3739 1566 per-

2147 1604 2332 1658 ﬁciant
2359 1608 2629 1671 praecepta
2663 1606 2753 1653 tua
2783 1603 2969 1651 sancta
2999 1612 3012 1647 :
3044 1594 3224 1647 insere
3250 1591 3359 1644 illis
3391 1588 3739 1643 desiderium

2148 1697 2420 1751 bonorum
2456 1702 2676 1747 tuorum
2723 1695 3055 1742 aeternorum
3091 1704 3105 1737 :
3145 1681 3325 1737 deduc
3377 1694 3475 1734 eos
3511 1694 3544 1733 a
3595 1692 3740 1747 pace

478 1776 796 1844 festastique
832 1777 990 1831 nobis
1025 1776 1130 1831 hoc
1177 1776 1520 1846 mysterium.
1558 1789 1784 1843 prorsus
1822 1775 2050 1829 abscon-
2083 1759 2121 1813 Β
2153 1782 2209 1835 ίη
2236 1794 2426 1849 pacem
2460 1795 2473 1831 :
2508 1777 2708 1832 robora
2739 1789 2835 1829 eos
2870 1771 3207 1827 exercitibus
3240 1768 3562 1838 angelorum
3611 1775 3742 1819 tuo-

480 1867 656 1921 ditum
684 1882 714 1920 a
732 1868 944 1921 saeculis
965 1878 1020 1921 et
1040 1868 1504 1937 generationibus,
1533 1877 1595 1921 ut
1617 1876 1875 1936 appareat
1904 1880 2051 1919 nunc

481 1954 876 2023 principatibus
900 1965 955 2010 et
987 1956 1351 2024 potestatibus
1378 1955 1696 2011 cmlestibus
1720 1973 1788 2010 ex
1808 1955 2052 2009 Ecclesia

484 2042 764 2110 multiplex
798 2044 1061 2113 sapientia
1090 2054 1201 2099 tua.
1226 2047 1391 2109 Deus,
1411 2045 1506 2115 qui
1536 2061 1704 2116 opera
1733 2055 1919 2100 nostra
1950 2062 2052 2115 gu-

483 2132 682 2187 bernas
705 2149 804 2202 per
833 2136 1179 2204 sapientiam,
1224 2137 1470 2207 dignare,
1516 2148 1578 2192 ut
1620 2138 2053 2207 comprehenda-

486 2238 609 2276 mus
634 2223 775 2277 hanc
810 2224 1154 2279 clementiam
1178 2241 1447 2281 summam
1498 2235 1665 2292 tuam,
1696 2238 1752 2282 et
1782 2228 2055 2297 magnitu-

487 2313 670 2367 dinem
698 2323 937 2383 paternaa
990 2332 1117 2386 erga
1153 2332 1254 2371 nos
1287 2333 1430 2371 cura:
1456 2327 1560 2371 tua:
1595 2318 2057 2388 benignitatisque

492 2412 615 2459 tua}.
643 2405 781 2460 Vere
809 2416 865 2460 tu
888 2422 948 2461 es
977 2408 1063 2461 cui
1098 2408 1329 2462 debetur
1356 2410 1534 2463 omnis
1550 2409 1741 2479 gloria,
1775 2411 2052 2480 majestas,

497 2498 668 2553 honor
684 2498 1063 2569 etimpcrium,
1100 2508 1224 2554 ante
1249 2500 1431 2555 omnia
1458 2502 1676 2566 saecula,
1714 2501 1897 2566 Pater,
1934 2499 2059 2566 Fili,

490 2588 800 2663 etSpirilus
834 2599 1019 2647 sancte
1059 2609 1070 2644 :
1100 2607 1268 2657 nunc,
1320 2602 1427 2647 etc.

2156 1886 2279 1924 rum
2324 1877 2677 1924 sanctorum:
2706 1865 2967 1935 operibus
3004 1876 3266 1916 manuum
3310 1858 3527 1913 illorum
3563 1858 3743 1912 bene-

2157 1961 2286 2016 dic:
2321 1959 2497 2029 dirige
2528 1972 2748 2012 omnem
2788 1954 3039 2010 semitam
3075 1966 3291 2015 eorum,
3316 1960 3374 2005 et
3408 1964 3539 2018 rege
3559 1949 3741 2002 vitam

2158 2052 2380 2106 illorum
2414 2067 2427 2102 :
2455 2048 2587 2120 jube
2626 2061 2747 2116 quze
2787 2046 2898 2100 illis
2930 2046 3073 2099 bona
3105 2051 3162 2097 et
3188 2040 3574 2096 convenientia
3605 2047 3745 2093 sunt

2163 2141 2500 2210 contingere,
2546 2148 2602 2192 et
2636 2146 2694 2192 ut
2736 2152 2858 2206 quat
2901 2135 3011 2209 illis
3057 2132 3375 2188 concredita
3411 2139 3543 2184 sunt
3593 2130 3742 2184 bene

2158 2240 2398 2297 vertant,
2449 2246 2657 2301 nosque
2697 2229 2863 2283 simul
2903 2242 3027 2283 cum
3059 2226 3193 2296 ipsis
3234 2224 3384 2295 digni
3429 2222 3744 2279 eﬂiciamur

2155 2321 2327 2392 gratia
2357 2329 2473 2385 tua,
2534 2328 2590 2373 et
2626 2318 2912 2373 mittamus
2937 2315 3004 2370 ad
3049 2324 3104 2369 te
3144 2328 3366 2369 sursum
3404 2312 3599 2367 laudes
3646 2327 3742 2367 re-

2158 2411 2305 2481 gales
2340 2426 2460 2479 quae
2480 2407 2751 2479 majestati
2778 2419 2884 2462 tuae
2900 2406 3208 2472 debentur;
3231 2413 3287 2459 et
3312 2403 3551 2459 concede
3572 2403 3747 2457 nobis

2160 2510 2223 2557 ut
2276 2500 2620 2556 inveniamus
2659 2498 2913 2556 ﬁduciam
2946 2511 3133 2557 coram
3169 2505 3224 2552 te
3255 2511 3357 2567 per
3387 2493 3745 2552 intercessio-

2163 2607 2313 2657 nem,
2338 2598 2448 2645 etc.

1782 3478 1870 3535 Εἰ
1882 3478 2097 3535 PLICIT
2133 3479 2492 3539 CYRILLUS.
