4062 6202
363 307 3607 388 .Wa

1624 525 1793 573 ANNO
1833 525 2057 572 DOMINI
2096 528 2335 576 CDXXXI

1187 586 2817 960 THEODOTUS

962 1099 1747 1221 ANCYRAN
1783 1108 1968 1223 US
2086 1113 2990 1239 EPISCOPUS

1742 1500 2251 1595 NOTITIA

1095 1688 1359 1752 (Caussa.
1390 1692 1616 1746 Veterum
1639 1697 1848 1749 Patrum
1875 1695 2123 1760 Biblioth.,
2151 1704 2272 1752 tom.
2295 1701 2378 1763 IX,
2407 1703 2625 1768 Proleg.,
2648 1719 2699 1768 p.
2725 1706 2902 1770 xxvu.)

427 1995 468 2074 ξ·
505 1994 840 2100 Τῗξξεοίξοξυει
866 1997 1098 2100 ἐπανῆγε
1128 2000 1421 2100 Calatia
1445 2004 1755 2075 episcopus,
1789 2006 1929 2063 male
1956 2010 2003 2068 A
2031 2008 2194 2065 dibus
2236 2011 2429 2079 effert,
2466 2027 2563 2067 eos
2605 2011 2885 2082 appellans
2932 2011 3194 2081 epist-apo:
3233 2017 3439 2062 sanctos
3471 2008 3611 2078 opti-

354 2085 640 2193 Cennadio
675 2087 1109 2193 (alet-Honorio
1137 2092 1207 2166 (b)
1236 2094 1528 2151 Theodorus
1558 2107 1927 2169 nuncupatus,
2033 2117 2277 2172 mumque
2304 2106 2357 2157 in
2390 2105 2559 2157 omnis
2587 2105 2789 2157 virtutis
2822 2117 3009 2173 genere
3039 2102 3389 2155 testimonium
3421 2101 3613 2154 haben-

355 2181 502 2236 inter
527 2197 700 2238 annos
724 2181 927 2240 Christi
966 2186 1071 2242 450
1114 2196 1169 2242 et
1205 2187 1311 2243 440
1354 2190 1555 2259 pietate
1584 2206 1648 2246 ac
1681 2191 1930 2248 doctrina
2032 2202 2127 2259 tes,
2154 2196 2457 2250 divinarum
2489 2212 2692 2267 quoque
2726 2195 3121 2267 Scripturarum
3150 2195 3485 2266 peritissimos
3517 2212 3614 2264 ap-

356 2274 700 2343 potissimum
733 2277 950 2332 claruit.
979 2277 1207 2333 Sanctus
1230 2280 1433 2336 dicitur
1463 2280 1772 2352 Sophronia
1801 2283 1932 2340 Hie-
2030 2288 2299 2358 primeque
2328 2299 2541 2356 gnaros.
2577 2284 2789 2351 Quibus
2818 2283 3002 2339 verbis
3027 2280 3359 2350 colloquium
3404 2280 3459 2334 in
3493 2281 3610 2350 pri-

360 2368 769 2439 rosolymitano,
797 2370 826 2422 ὸ
857 2372 916 2423 ὲν
947 2370 1120 2437 ἁγίοις
1151 2372 1423 2438 Θεόδοτος,
1453 2375 1509 2428 in
1537 2375 1793 2446 synodica
1817 2376 1934 2446 epi-

2031 2377 2136 2431 mis
2167 2377 2408 2447 respexit
2446 2375 2703 2448 Cyrillus,
2740 2374 2888 2446 quod
2928 2373 3246 2429 Theodotus
3285 2381 3341 2426 et
3381 2371 3612 2427 Aeacius

2031 2469 2277 2524 habuere
2303 2469 2372 2524 de
2401 2468 2508 2524 ﬁde
2537 2467 2806 2523 catholica
2830 2480 2956 2521 cum
2989 2464 3258 2528 Nestorio,
3290 2464 3348 2517 in
3388 2462 3610 2520 concilii

2031 2561 2297 2630 Ephesini
2327 2560 2465 2615 actis
2491 2559 2723 2613 relatum
2755 2556 2855 2627 (ιι).
2888 2555 3007 2621 Quo
3031 2563 3213 2609 autem
3238 2569 3381 2607 anno
3410 2569 3478 2607 ex
3506 2552 3611 2607 hac

2031 2653 2142 2706 vita
2183 2651 2485 2706 decesserit
2510 2650 2847 2712 Theodotus,
2878 2647 3025 2702 haud
3053 2654 3136 2701 est
3164 2644 3390 2700 omnino
3416 2644 3609 2714 explo-

2032 2750 2233 2797 ratum.
2278 2740 2608 2810 Supremum
2649 2754 2780 2794 sane
2808 2739 2953 2793 diem
2984 2737 3198 2792 obierat
3228 2735 3436 2789 dudum
3481 2741 3611 2790 ante

2030 2848 2237 2888 annum
2283 2832 2422 2896 446,
2466 2847 2576 2902 quo
2621 2831 2851 2885 Proclus
2894 2826 3531 2896 Constantinopolitanus
3576 2840 3610 2879 e

2034 2925 2170 2980 vivis
2184 2922 2438 2986 excessit,
2461 2929 2521 2976 ut
2541 2921 2721 2991 arguit
2735 2920 2989 2974 laudatus
3005 2917 3340 2989 Lequienius
3359 2915 3453 2988 (ο).
3470 2914 3608 2970 Nam

2031 3016 2324 3078 Eusebius,
2347 3012 2616 3068 Theodoti
2648 3024 2952 3075 successor,
2983 3023 3109 3064 cum
3135 3008 3275 3062 forte
3299 3003 3612 3062 Constanti-

356 3098 419 3157 ln
445 3116 512 3156 eo
536 3101 841 3157 venerabili
861 3103 1223 3158 ducentorum
1244 3104 1465 3159 Patrum
1491 3113 1635 3160 ctetu
1663 3112 1719 3159 et
1739 3106 1935 3174 quinto
2031 3106 2217 3177 nopoli
2240 3110 2447 3174 ageret,
2470 3118 2530 3157 se
2560 3100 2872 3156 ordinatum
2912 3114 2943 3152 a
2965 3098 3131 3153 beato
3159 3095 3355 3150 Proclo
3380 3099 3612 3148 testatus

357 3201 413 3248 et
434 3192 666 3262 septimo
683 3194 806 3248 loco
823 3194 1170 3265 subscriptus
1188 3194 1387 3266 legitur
1406 3194 1501 3266 (g).
1520 3196 1788 3250 Praeterea
1805 3209 1930 3249 cum

2031 3208 2115 3255 est
2148 3198 2206 3253 in
2234 3196 2470 3253 concilio
2493 3193 2927 3250 Cbalcedonensi
2964 3188 3041 3260 (p)
3088 3205 3102 3241 :
3129 3186 3241 3240 Καὶ
3271 3185 3609 3256 ἐχειροτονή-

356 3294 565 3355 septem
593 3284 717 3341 aliis
735 3286 806 3341 ab
828 3286 1023 3342 eodem
1048 3288 1281 3343 concilio
1308 3288 1589 3358 delegatus
1609 3287 1935 3358 perhibetur
1966 3345 2003 3360 η

2034 3291 2134 3360 θην
2162 3288 2314 3359 παρὰ
2347 3285 2442 3340 τοῦ
2475 3282 2745 3354 μακαρίου
2778 3279 3044 3350 Πρόκλου.

356 3377 426 3434 ad
454 3378 820 3449 imperatores
845 3379 1216 3435 Theodosium
1252 3390 1309 3435 et
1330 3380 1793 3445 Valentinianum,
1822 3396 1932 3450 quo
1966 3362 2006 3401 ⁸³
2106 3381 2170 3435 ll.
2204 3377 2500 3447 Complura
2543 3373 2764 3442 scripsit
2794 3370 3134 3434 Theodotus,
3180 3382 3417 3437 quorum
3460 3362 3610 3418 indi-

356 3468 618 3526 adversus
661 3470 969 3528 Orientales
1007 3470 1410 3541 Ephesinorum
1442 3471 1668 3525 Patrum
1711 3486 1929 3527 causam
2035 3472 2181 3527 cium
2205 3468 2405 3539 partim
2428 3482 2497 3521 ex
2522 3464 2695 3535 ipsius
2718 3460 3031 3518 testimonio
3048 3457 3363 3530 (q),partim
3381 3470 3450 3510 ex
3472 3454 3611 3509 actis

355 3572 543 3634 ageret
568 3563 665 3635 (Ιι).
709 3564 960 3619 Advertit
990 3563 1326 3633 Lequienius
1355 3560 1440 3632 (ί),
1471 3577 1615 3616 anno
1655 3562 1760 3616 458
1792 3562 1932 3617 scri-
2033 3560 2326 3632 Ephesinis
2349 3555 2443 3629 (ι’),
2467 3556 2668 3627 partim
2695 3570 2763 3608 ex
2786 3551 3094 3622 Epiphanio
3118 3548 3351 3603 diacono
3383 3546 3439 3600 in
3470 3544 3611 3635 actis

354 3632 531 3724 psisse
557 3632 887 3711 Alexandria
907 3632 1171 3725 Cyrillum
1198 3653 1265 3707 ad
1290 3654 1468 3723 ipsum
1492 3662 1549 3708 et
1575 3651 1643 3707 ad
1670 3651 1932 3707 Acacium
2034 3651 2252 3709 concilii
2278 3649 2483 3706 Nicaeui
2508 3663 2544 3702 ιι
2572 3644 2638 3717 (s)
2656 3644 2722 3699 ad
2757 3658 2860 3698 nos
2878 3656 3050 3711 usque
3079 3636 3350 3709 pervenit.
3376 3632 3611 3725 Aliunde

356 3744 767 3802 Melitenensem
803 3762 867 3801 ac
898 3724 1143 3799 Firmum
1185 3742 1574 3798 Caesariensem
1607 3742 1893 3813 epistolam
1916 3785 1930 3808 ,
2036 3754 2219 3799 tamen
2246 3740 2520 3804 novimus,
2544 3736 2648 3792 alia
2673 3738 2892 3807 quoilue
2916 3730 3182 3787 nonnulla
3207 3728 3409 3784 litteris
3431 3724 3612 3780 consi-

355 3852 463 3908 qua
490 3837 781 3892 consilium
814 3837 884 3891 ab
915 3836 998 3889 eis
1029 3834 1255 3904 expetit,
1287 3833 1421 3904 quid
1452 3833 1597 3889 facto
1624 3849 1762 3904 Opus
1789 3843 1935 3890 esset
2035 3852 2228 3909 gnasse
2269 3833 2639 3895 Theodotum,
2669 3835 2871 3900 praeter
2897 3840 2963 3880 ea
2987 3838 3112 3895 quae
3139 3837 3206 3877 ex
3233 3820 3369 3876 locis
3396 3818 3608 3873 indica-

356 3927 413 3980 in
443 3942 607 3982 causa
633 3925 910 3980 Theodori
940 3923 1328 3993 Mopsuesteni,
1357 3938 1519 3993 quem
1547 3923 1855 3979 Orientales
1878 3924 1935 3979 in
2036 3931 2107 3987 iis
2137 3935 2428 3985 eruuntur.
2463 3925 2813 3992 Quaecunque
2843 3933 2977 3975 vero
3004 3916 3186 3971 adhuc
3211 3920 3492 3983 superant.
3520 3909 3609 3964 di-

357 4032 456 4072 sua
486 4017 696 4087 synodo
721 4015 1060 4070 Antiochena
1087 4015 1312 4070 minime
1343 4014 1712 4069 damnandum
1749 4015 1933 4070 decla-

2034 4011 2267 4095 ligenter
2293 4018 2614 4090 collegimus
2644 4023 2808 4085 atque
2845 4013 2937 4067 hic
2965 4009 3241 4073 sistimus;
3268 4007 3337 4093 de
3372 4005 3604 4095 quibus,

357 4117 635 4162 raverant.
663 4106 821 4162 Haud
844 4114 1022 4163 exstat
1044 4107 1267 4178 quidem
1298 4107 1414 4163 haec
1432 4107 1661 4177 epistola
1688 4108 1742 4162 in
1764 4108 1933 4163 Joan-
2033 4094 2199 4186 prout
2247 4111 2437 4167 eadem
2486 4107 2843 4179 digessimus,
2893 4101 3083 4173 paucis
3124 4114 3272 4154 nunc
3313 4094 3605 4167 agendum.

356 4198 690 4253 nis°Auberti
710 4198 952 4254 editione
971 4213 1199 4287 operum
1216 4197 1670 4271 Cyrillianorum;
1692 4199 1787 4255 sed
1811 4214 1933 4256 eam
2035 4185 2278 4259 Primum
2313 4201 2481 4273 igitur
2512 4197 2904 4268 Expositionem
2946 4190 3276 4263 proferimus
3311 4190 3367 4242 in
3403 4185 3610 4257 symbo-

356 4288 646 4360 proferunt
689 4289 880 4345 Binius
922 4290 987 4361 (j)
1030 4280 1102 4345 et‘
1126 4290 1380 4346 Baluzius
1427 4288 1534 4363 (It);
1580 4291 1885 4362 incipitque
1917 4309 1930 4344 :
2037 4294 2147 4348 tum
2170 4293 2463 4356 Nicwnum,
2486 4290 2718 4345 diacono
2748 4284 3056 4356 Epiphanio
3081 4280 3460 4337 secundoloco
3488 4291 3607 4330 me-

356 4381 548 4437 Latere
584 4390 731 4437 tuam
777 4398 881 4436 non
920 4382 1152 4454 oportuit
1181 4383 1537 4437 sanctitatem.
1572 4383 1788 4440 Videsis
1828 4384 1933 4439 Fa—

2035 4394 2299 4441 moratam
2318 4424 2333 4449 ,
2364 4382 2461 4454 τὴν
2494 4378 2788 4451 ἑρμηνείαν
2836 4376 2938 4446 τὴν
2970 4377 3051 4438 εἰς
3097 4374 3158 4427 τὸ
3202 4371 3467 4442 σύμϐολον
3498 4366 3608 4421 τῶν

357 4469 595 4527 bricium
630 4469 713 4541 (ι).
740 4470 986 4541 Denique
1017 4471 1164 4526 idem
1193 4472 1424 4528 antistes
1453 4472 1853 4529 Alexandrinus
1876 4473 1934 4529 in

2034 4479 2093 4533 ὲν
2122 4476 2329 4547 Nimio.
2346 4474 2516 4542 ἁγίων
2538 4471 2816 4541 Πατέρων.
2846 4466 3019 4533 Quam
3046 4464 3268 4535 quidem
3303 4459 3609 4530 Expositio-

355 4563 707 4634 Apologetico
732 4563 800 4618 ad
823 4563 1191 4620 Theodosium
1217 4563 1518 4635 Augustum
1544 4562 1662 4634 (ιη),
1683 4563 1936 4620 Theodo—
2033 4582 2159 4622 nem
2188 4582 2257 4621 ex
2283 4571 2501 4619 vetusto
2534 4576 2636 4616 ms.
2683 4558 2873 4615 codice
2914 4555 3263 4611 bibliothecae
3293 4550 3608 4607 Barberinre

357 4659 474 4711 tum
495 4661 743 4708 nostrum
767 4660 825 4709 et
846 4651 1105 4709 Acacium
1128 4653 1537 4710 Melitenensem
1563 4654 1791 4710 summis
1814 4654 1932 4710 lau-
1957 4680 1999 4738 α
2035 4657 2248 4729 primus
2272 4652 2563 4723 descripsit
2589 4666 2654 4706 ac
2681 4650 2873 4705 Latine
2903 4647 3145 4704 reddidit
3176 4646 3352 4700 Lucas
3388 4643 3606 4698 Holste-

360 2459 498 2513 stola
524 2460 669 2529 apud
711 2461 966 2517 Photium
997 2462 1088 2533 (c).
1124 2463 1243 2530 Quo
1268 2476 1515 2535 tempore
1543 2466 1791 2522 fervebat
1818 2468 1923 2523 bre-

359 2551 499 2605 resis
529 2551 887 2617 Nestoriana,
930 2552 1193 2625 Cyrillum
1239 2555 1668 2612 Alexandrinum
1714 2558 1933 2629 egregie

358 2642 586 2712 adjuvit,
615 2660 792 2714 eoque
816 2647 1038 2701 nomine
1068 2649 1241 2717 ipsius
1271 2650 1674 2719 συναγωνιστὴς
1703 2648 1808 2703 fuit
1834 2664 1932 2718 ap-

358 2733 589 2802 pellatus
620 2733 718 2805 (d).
748 2735 913 2791 Multa
940 2737 1240 2792 identidem
1266 2753 1451 2794 coram
1475 2739 1730 2794 Patribus
1754 2739 1935 2808 Ephe-

357 2824 495 2878 sinis
527 2822 888 2881 interlocutus
905 2828 1243 2897 comperitur
1272 2827 1342 2900 (e)
1363 2846 1378 2894 ;
1403 2828 1501 2883 sed
1530 2829 1623 2883 illa
1656 2829 1713 2882 in
1740 2829 1935 2899 primis

356 2915 616 2979 notanda,
645 2932 768 2987 quae
788 2918 1209 2974 advenientibus
1233 2919 1509 2990 Ephesum
1534 2920 1767 2975 Romani
1792 2936 1933 2991 pon-

358 3006 521 3063 tiﬁcis
546 3009 737 3079 legatis
765 3009 822 3065 in
844 3008 1127 3066 Ccelestini
1147 3011 1365 3066 laudem
1382 3020 1467 3067 est
1495 3012 1824 3082 prazlocutus
1847 3013 1931 3083 ([ι.

433 4806 506 4877 (a)
532 4804 891 4877 Gennad.De
917 4805 1025 4860 Vir.
1051 4805 1274 4877 ξιιωπ..
1303 4820 1421 4876 cap.
1454 4805 1540 4877 55.

431 4874 501 4949 (b)
546 4876 751 4933 Honor.
777 4876 1007 4947 August.
1051 4876 1127 4930 De
1165 4878 1345 4947 script.
1370 4874 1537 4941 ἐσσι,
1584 4875 1681 4931 lib.
1723 4891 1780 4943 ιι,
1805 4891 1925 4945 cap.

353 4947 495 5085 διὰ)
522 5020 680 5074 Pbot.
720 5015 854 5072 Bibl.
890 5015 1015 5070 cod.
1046 5015 1173 5078 251,
1204 5031 1323 5085 pag.
1352 5013 1472 5070 890.

535 5088 703 5144 Cone.
736 5088 942 5156 Nician.
972 5101 1031 5156 ιι,
1064 5093 1170 5140 act.
1208 5086 1262 5149 6,
1286 5084 1415 5156 pag.
1450 5084 1609 5151 1141,
1646 5093 1778 5141 tom.
1814 5085 1930 5141 Vlll

353 5151 552 5212 Concil.
588 5157 720 5211 edit.
746 5155 1063 5211 Ven—Labb.

425 5227 496 5350 83
538 5227 708 5282 Cone.
734 5226 960 5350 Εὲἑιοεη
995 5235 1102 5280 οοι.
1133 5225 1186 5289 1,
1216 5232 1347 5280 ιοιιι.
1394 5225 1460 5281 lll
1502 5226 1726 5293 Concil.,
1768 5242 1926 5299 pagg.

357 5294 423 5349 10
499 5295 765 5350 .1008.1
847 5295 898 5347 7.

449 5366 490 5435 f)
519 5364 656 5420 lbid.
685 5373 790 5418 aet.
828 5364 882 5426 2,
914 5379 1034 5432 pag.
1071 5363 1231 5419 1149.

448 5436 503 5572 9;
540 5433 676 5488 lbid.
714 5442 821 5488 act.
857 5435 907 5496 l,
946 5447 1066 5502 pag.
1098 5433 1231 5488 995‘

449 5506 482 5556 Ιι
540 5504 676 5558 lbid.
716 5512 822 5558 act.
859 5504 913 5566 6,
984 5518 1068 5572 ag.
1100 5504 1231 5558 1515

449 5573 487 5634 2')
522 5572 785 5652 Lequien.
823 5572 913 5627 0r.
940 5517 1131 5627 Ehrist.
1160 5584 1231 5629 ton

524 5642 647 5697 Bm.
691 5640 889 5698 Concil.
922 5650 1054 5699 tom.
1083 5644 1150 5711 11,
1188 5660 1231 5713 pa

2105 4811 2176 4881 (Ῐί)
2202 4811 2387 4866 Baluz.
2416 4808 2655 4881 aneil.,_
2675 4825 2800 4879 app.
2836 4806 3114 4881 pag_.__Ql7.

2105 4877 2167 5024 ξι)
2198 4881 2414 4935 Fabric.
2443 4878 2581 4933 Bibl.
2614 4877 2726 4935 Gr.‘
2748 4888 2878 4932 tom.
2909 4877 3041 4940 Vill,
3076 4891 3143 4945 pa

2133 4949 2203 5022 m)
2231 4949 2397 5005 Cone.
2440 4948 2665 5019 Ephes.,
2694 4955 2833 5017 part.
2879 4962 2957 5011 ιιι,
2990 4961 3111 5017 pag.

2133 4948 2203 5022 in)
2231 4949 2397 5005 Cone.
2440 4948 2665 5019 Ephes.,
2694 4955 2833 5017 part.
2879 4962 2957 5011 ιιι,
2990 4961 3111 5017 pag.

2129 5088 2184 5157 η)
2218 5089 2357 5144 lbid.
2384 5096 2490 5143 act.
2521 5087 2574 5151 ι,
2598 5102 2634 5157 p

2129 5109 2161 5145 η
2218 5089 2357 5144 lbid.
2384 5096 2490 5143 act.
2521 5088 2574 5151 l,
2598 5102 2626 5157 ρ

2129 5180 2158 5216 ο
2218 5159 2483 5229 Lequien.
2514 5158 2550 5212 l.
2577 5172 2626 5212 c.

2129 5088 2184 5355 μέ
2216 5230 2424 5286 Concil.
2465 5227 2626 5284 Chalc

3145 4873 3477 5008 ἕὲϐῗξδὶοιιι.
3515 4940 3604 5003 ιιι,

2635 5102 2720 5159 ag.
2749 5085 2907 5142 1049.

2031 5030 2126 5080 cit.

2105 5094 2123 5163 (

2129 5180 2158 5216 ο
2218 5168 2483 5229 Lequien.
2514 5168 2550 5212 ι.
2577 5172 2626 5212 c.

2100 5168 2179 5356 :42}
2216 5230 2424 5286 Concil.
2465 5227 2675 5293 Chalc.,
2713 5233 2821 5283 act.
2851 5227 2937 5291 16,
2974 5234 3103 5281 tom.
3131 5224 3200 5281 IV
3223 5223 3446 5289 Concil.,
3476 5238 3599 5293 pag.

2031 5303 2448 5489 "sstszheodot.
2483 5368 2720 5437 Exposit.
2748 5367 2776 5437 §
2807 5366 2897 5430 24,
2922 5363 3081 5428 infra,
3105 5380 3240 5489 .pag.
3265 5362 3386 5420 459.

2128 5458 2153 5489 r
2217 5440 2385 5489 Conc.
2420 5438 2620 5489 Enhes.
2654 5446 2795 5489 nart.
2842 5452 2921 5489 ιιι.
2958 5434 3115 5489 Cana
3142 5473 3157 5489 .
3206 5445 3339 5489 tom.
3375 5434 3386 5488 l

2128 5432 2174 5507 ἓ)
2217 5440 2385 5495 Conc.
2420 5432 2620 5506 Ephe's.
2653 5432 2795 5561 part.
2842 5452 2921 5503 ιιι,
2958 5432 3157 5491 Concil.
3193 5432 3339 5490 ἰοιιι.
3375 5432 3464 5498 Ill,
3501 5433 3597 5488 cit.

2128 5527 2189 5563 [ιι.
2223 5508 2379 5563 1512.
2415 5507 2550 5562 1529
2573 5515 2629 5562 et
2687 5506 2807 5563 545.

2032 5526 2189 5630 pagg.
2223 5526 2379 5565 1:312.
2415 5526 2550 5589 raw
2573 5526 2629 5562 et
2653 5526 2807 5563 1040.
3039 5576 3050 5589 .

2035 5596 2171 5705 Η
2190 5577 2581 5703 ἓξιιὶοώἓῐιιροοιι.
2602 5594 2658 5645 ιι,
2683 5587 2788 5633 act.
2821 5577 2873 5642 6,
2894 5574 3092 5632 Concil.
3129 5584 3259 5632 tom.
3280 5574 3417 5641 Vill,
3445 5589 3601 5646 pagg.

448 5433 503 5572 μζ
540 5433 676 5515 lbid.
714 5442 821 5488 act.
857 5435 907 5496 1,
946 5447 1066 5502 pag.
1098 5433 1204 5488 995
1230 5444 1287 5488 et
1320 5435 1475 5490 107⁸1.

449 5506 482 5556 Ιι
540 5504 676 5558 lbid.
716 5512 822 5558 act.
859 5504 913 5566 6,
946 5517 1068 5572 pag.
1100 5504 1254 5558 1515.

449 5504 503 5572 Ιι)
540 5504 676 5558 lbid.
716 5512 822 5558 act.
859 5504 913 5566 6,
940 5517 1068 5627 Bay.
1100 5504 1254 5558 1515.

449 5573 493 5656 ᾖ
522 5572 785 5656 Eeiiuien.
982 5573 1131 5656 hris_t_.
1160 5584 1299 5656 tom.
1325 5574 1367 5638 Ι,
1395 5590 1515 5645 pag.

452 5636 496 5725 ᾔ)
524 5636 647 5697 Bin.
691 5640 889 5698 Concil.
922 5650 1054 5699 tom.
1083 5644 1150 5711 ll,
1188 5654 1308 5714 part
1354 5636 1412 5710 ιι,
1446 5636 1567 5714 pag.
1605 5643 1691 5697 70.
