4062 6202
483 314 614 369 {5H

483 440 630 500 nius,
665 434 759 505 qui
790 442 1083 502 utrumque
1114 441 1427 487 contextum
1468 434 1683 487 erudita
1720 436 1838 504 ejus
1892 452 2051 489 manu
2088 445 2128 496 Α

486 527 719 582 invicem
737 533 1132 593 comparatum,
1150 532 1276 576 nota
1302 524 1644 593 consignavit
1670 529 1798 578 anni
1822 527 1946 579 1651
1971 527 2054 596 tt).

488 619 696 674 Prodiit
736 626 916 670 autem
964 615 1275 685 huiusmodi
1323 617 1649 684 opusculum
1692 618 1876 672 Romae
1917 634 2060 672 anno

489 709 645 771 1669,
675 707 940 762 Clementi
970 706 1040 760 IX
1062 706 1305 776 pontiﬁci
1332 707 1568 762 maximo
1597 718 1969 777 nuncupatum
1986 709 2061 763 ab

487 797 919 851 eminentissimo
943 797 1235 851 Francisco
1259 797 1520 851 cardinali
1543 798 1839 853 Barberino
1867 818 1879 853 :
1902 799 2063 853 illud-

487 903 594 953 que
617 887 874 955 deinceps
897 888 1215 941 Franciscus
1235 887 1598 943 Combeﬁsius
1620 905 1745 944 cum
1773 907 1911 945 nova
1936 908 2061 946 ver-

488 979 643 1032 sione
677 994 739 1032 ac
774 979 938 1041 notis,
969 979 1258 1047 subjuncta
1285 996 1501 1050 quoque
1534 980 1790 1035 Germani
1830 984 2063 1051 patriar—

488 1071 604 1123 chae
640 1068 1225 1138 Constantinopolitaui
1270 1071 1500 1125 llomilia
1547 1072 1600 1125 in
1652 1083 1851 1128 sancta:
1884 1074 2063 1129 Mariae

489 1161 894 1223 dormitionem,
929 1161 1128 1215 iterum
1170 1162 1345 1216 edidit
1383 1164 1607 1217 Parisiis
1635 1179 1779 1218 anno
1824 1166 1977 1227 1675,
2008 1165 2060 1219 8.

490 1250 642 1304 Hanc
670 1266 796 1303 vero
819 1251 1115 1304 editionem
1137 1251 1612 1317 Combeﬁsianam,
1633 1271 1794 1323 quam
1816 1271 1884 1309 ne
1902 1256 2066 1310 Tille-

491 1341 731 1394 montius
760 1341 980 1409 quidem
1005 1342 1142 1396 vidit
1170 1343 1271 1414 (τι),
1297 1345 1425 1399 licet
1450 1346 1611 1400 nobis
1638 1362 1852 1400 summo
1882 1348 2063 1403 studio

489 1430 873 1500 conquisitam,
906 1432 1050 1485 haud
1081 1440 1259 1486 tamen
1284 1435 1568 1502 acquirere
1590 1436 1745 1489 licuit
1774 1454 1787 1488 :
1821 1436 2065 1505 adeoque

492 1522 794 1576 Romanam
840 1522 1041 1575 alicubi
1080 1525 1404 1579 recensitam
1445 1527 1828 1594 nonnullisquc
1861 1528 2067 1582 notulis

491 1612 752 1682 subjectis
781 1614 934 1682 prelo
964 1613 1358 1669 Commisimus.
1394 1615 1627 1683 Conjicit
1656 1616 1937 1671 Fabricius
1970 1616 2064 1688 (υ),

490 1715 629 1769 opus
668 1701 1013 1770 inseripsisse
1045 1702 1387 1757 Theodotum
1430 1705 1627 1769 Lauso,
1660 1721 1823 1775 quem
1868 1708 1925 1761 in
1958 1708 2064 1763 ﬁne

491 1789 689 1843 blande
724 1791 1016 1859 compellat
1045 1790 1119 1861 (εις)
1158 1792 1244 1847 his
1266 1793 1450 1847 verbis
1482 1809 1633 1856 usus,
1669 1794 1795 1864 φίλη
1831 1797 2057 1867 κεφαλή,
2094 1777 2137 1836 Β

491 1894 765 1948 quemque
789 1890 1051 1949 praeterea
1078 1881 1234 1935 initio
1253 1898 1283 1936 a
1304 1883 1506 1951 pietate
1526 1900 1588 1937 ac
1611 1883 1735 1939 ﬁdei
1760 1888 2066 1941 constantia

492 1970 789 2038 plurimum
808 1972 1153 2027 commendat
1178 1990 1189 2024 :
1214 1972 1392 2027 Lauso
1415 1974 1637 2044 inquam
1656 1976 1756 2041 illi,
1774 1978 1860 2032 cui
1880 1987 2067 2033 noster

491 2060 689 2129 priesul
745 2060 1064 2131 Ancyranus
1118 2065 1455 2133 nuncupavit
1528 2065 1684 2120 libros
1740 2085 1833 2121 sex
1884 2078 2067 2123 contra

492 2149 791 2204 Nestorium
825 2168 973 2207 nunc
1016 2152 1349 2223 deperditos,
1386 2164 1447 2209 ut
1476 2166 1667 2212 auctor
1708 2168 1792 2213 est
1834 2160 2069 2229 Epipha-

492 2242 621 2297 nius
650 2243 688 2295 l.
718 2259 767 2297 c.

563 2352 651 2406 Ill.
699 2351 987 2408 Celebrate
1029 2354 1139 2424 jam
1189 2357 1425 2412 concilio
1471 2360 1775 2428 Ephesino,
1822 2362 2067 2432 adeoque

492 2442 744 2497 Nestorio
792 2443 1077 2512 deposito,
1138 2445 1400 2501 adversus
1454 2448 1602 2503 hunc
1653 2450 2066 2506 haeresiarcham

494 2534 754 2601 scriptum
797 2534 1112 2604 hujusmodi
1146 2551 1285 2605 opus
1330 2540 1579 2608 arguitur
1611 2555 1677 2593 ex
1719 2542 1885 2596 variis
1932 2543 2068 2598 locis

494 2621 634 2676 infra
664 2623 918 2678 indicatis
946 2624 1052 2695 (y);
1080 2626 1173 2680 ubi
1194 2626 1511 2684 Theodotus
1529 2630 1843 2685 Nestorium
1868 2632 2065 2702 ipsum,

492 2712 659 2768 etiam
707 2716 929 2769 nomine
977 2725 1166 2782 tenus,
1212 2720 1567 2789 aggreditur:
1615 2722 1719 2776 nisi
1764 2722 1904 2777 forte
1946 2724 2070 2793 quis

497 2807 649 2860 malit
692 2807 869 2861 eidem
911 2810 1063 2877 operi
1099 2826 1318 2864 manum
1358 2813 1670 2868 admovisse
1702 2815 2066 2881 Theodotum,

497 2897 628 2951 dum
661 2898 841 2951 adhuc
866 2898 1054 2952 Patres
1081 2900 1135 2952 in
1171 2902 1403 2955 concilio
1431 2905 1603 2957 coacti
1646 2907 1955 2963 manebant.
1981 2908 2071 2963 Sic

499 2987 643 3040 enim
669 2987 863 3039 scribit
893 2986 961 3056 (ι)
992 3005 1004 3039 :
1034 2989 1359 3058 Principium
1390 3007 1510 3061 ergo
1532 2993 1655 3059 fidei
1681 2996 1743 3046 de
1774 2995 2065 3066 Unigenito,

498 3076 607 3129 lucc
646 3075 870 3127 Patrum
914 3078 1164 3143 expositio
1209 3086 1302 3130 est.
1338 3079 1467 3133 Cum
1512 3083 1647 3133 enim
1698 3084 1761 3134 de
1796 3084 2068 3155 Unigenito
2097 3120 2139 3177 ο

500 3166 786 3234 disquisitio
821 3166 883 3218 ab
928 3167 1052 3236 ipsis
1087 3168 1466 3233 institueretur,
1502 3172 1639 3239 quod
1673 3181 1793 3226 tunc
1825 3180 2069 3246 temporis

499 3258 677 3321 Arius,
726 3260 801 3312 uti
852 3275 988 3313 NUNC
1028 3259 1358 3326 NESTORIUS;
1396 3262 1584 3314 idcirco
1615 3268 1913 3335 congregati
1950 3276 2073 3322 tunc

501 3349 749 3417 temporis
779 3346 985 3412 Patres,
1011 3365 1077 3403 UT
1103 3365 1169 3403 ET
1189 3365 1347 3415 NUNC,
1368 3361 1471 3406 etc.
1506 3370 1518 3405 :
1545 3354 1637 3407 καὶ
1658 3356 1799 3419 τότε,
1822 3358 2071 3430 καθάπερ

500 3440 592 3492 καὶ
613 3438 726 3493 νῦν.
764 3439 876 3511 (Sic
904 3440 1049 3493 enim
1080 3440 1170 3495 hic
1200 3441 1511 3511 legendum,
1541 3458 1602 3500 ut
1631 3447 1766 3501 infra
1795 3449 1849 3501 in
1875 3453 2072 3507 erratis

499 3526 880 3598 advertimus.)
927 3526 1033 3582 Sed
1069 3528 1205 3582 illud
1252 3530 1597 3598 potissimum
1632 3532 1687 3586 in
1738 3533 1843 3588 hoc
1887 3535 2073 3590 libello

498 3614 912 3679 attendendum,
936 3615 1081 3684 quod
1105 3616 1160 3669 in
1179 3630 1246 3669 eo
1267 3631 1325 3671 se
1346 3617 1797 3674 animadvertisse
1825 3628 1980 3689 putat
2000 3622 2069 3676 cl.

500 3706 832 3775 Lequienius
864 3706 943 3761 sic
984 3707 1239 3776 inquiens
1281 3706 1357 3778 (a)
1406 3727 1418 3762 :
1461 3728 1478 3759 ι
1532 3710 1846 3767 Theodotus
1888 3713 1941 3767 in
1973 3730 2073 3770 sua

503 3797 853 3866 Expositione
888 3797 1153 3852 adversus
1176 3799 1512 3865 Nestorium,
1546 3801 1776 3873 Eutyehi
1815 3804 2072 3861 hairetico

500 3886 898 3953 quadamtenus
936 3887 1245 3957 praelusisse
1272 3889 1522 3953 videtur,
1555 3891 1797 3947 diversas
1838 3894 1974 3949 duas
2014 3896 2069 3951 in

499 3973 717 4031 Christo
729 3976 1046 4046 abnegando
1062 3986 1305 4041 naturas,
1320 3978 1419 4030 οὐκ
1437 3979 1618 4042 οὐσίας
1636 3981 1920 4051 διαφόρους
1938 3984 2029 4053 (b).
2046 4003 2063 4034 1

502 4064 626 4119 lizec
658 4066 769 4119 ille.
812 4066 970 4121 Gravi
1020 4082 1148 4121 sane
1193 4083 1424 4122 censura
1473 4078 1693 4125 notatus
1742 4072 1830 4125 hic
1873 4074 2069 4141 priesul

500 4154 839 4226 Ancyranus.
865 4160 931 4209 At
956 4172 1105 4219 vero,
1132 4174 1241 4225 quo
1265 4169 1421 4227 pacto
1443 4159 1658 4214 demum
1686 4163 1915 4233 Eutychi
1936 4181 2071 4233 prte-

502 4244 696 4299 lusisse
738 4245 1134 4300 existimandus
1177 4248 1523 4314 Theodotus,
1572 4252 1697 4319 qui,
1738 4261 1799 4305 ut
1842 4254 2071 4322 legimus

502 4336 644 4404 apud
692 4336 945 4390 Photium
980 4336 1068 4407 (ε),
1102 4338 1156 4391 in
1199 4340 1427 4408 epistola
1473 4342 1729 4410 synodica
1777 4343 2067 4412 SOphronii

506 4425 979 4497 Hierosolymitani
1005 4440 1319 4484 recensetur
1341 4432 1483 4486 inter
1516 4434 1816 4503 praecipuos
1854 4448 2069 4493 sanctos

502 4519 709 4581 Patres,
739 4537 959 4589 quorum
994 4524 1287 4575 testimonia
1328 4524 1582 4593 duplicent
1618 4528 1671 4579 in
1717 4527 1918 4582 Christo
1958 4530 2065 4585 Deo

502 4620 680 4664 nostra
701 4613 1056 4680 Operationem
1077 4613 1431 4682 prwdicarunt
1449 4616 1473 4667 ?
1490 4614 1607 4681 Quo
1627 4627 1803 4685 pacto,
1824 4619 2066 4688 inquam,

502 4702 639 4758 duas
659 4703 712 4755 in
730 4702 948 4757 Christo
973 4712 1197 4757 naturas
1214 4703 1509 4773 abnegasse
1533 4706 1797 4763 dicendus
1816 4711 2066 4766 Theodo-

505 4804 614 4860 tus,
648 4795 741 4864 qui
771 4811 863 4850 eas
890 4804 1081 4851 contra
1121 4796 1174 4850 in
1200 4796 1305 4854 hoc
1330 4797 1560 4868 ipsemet
1597 4802 1858 4873 opusculo
1890 4805 2067 4875 palam

2104 4479 2144 4533 D

568 5090 631 5225 ξι)
663 5091 741 5144 Ex
765 5090 958 5146 mouit.
985 5090 1051 5145 ad
1077 5092 1263 5147 lector.
1290 5094 1419 5147 edit.
1453 5096 1605 5148 Rom.

594 5163 646 5225 τι)
683 5160 897 5215 Tillem.
928 5170 1057 5215 tom.
1087 5162 1222 5223 XIV.
1250 5180 1370 5225 pag.
1401 5164 1525 5222 252,
1552 5181 1605 5217 nt

594 5163 646 5233 up)
672 5160 897 5233 Tillem.
928 5170 1057 5233 t_om_.
1087 5162 1222 5233 XIV,
1250 5180 1370 5233 pag.
1401 5164 1525 5222 2'52.
1552 5175 1667 5218 not.
1696 5168 1745 5217 1.

569 5228 639 5359 ἓν)
672 5230 882 5284 Fabric.
927 5230 1061 5284 Bibl.
1092 5231 1182 5313 Gr:
1219 5228 1347 5285 tum:
1384 5232 1475 5313 ης,
1511 5250 1630 5304 pag.
1658 5237 1782 5298 ‘270,
1821 5252 1970 5290 num.
2005 5238 2039 5293 4

591 5300 644 5359 at)
683 5299 946 5353 Theodot.
987 5300 1222 5359 Emposrt.
1256 5302 1282 5359 ξ
1313 5303 1401 5359 24.
1441 5302 1599 5359 infra.
1637 5321 1758 5359 nae.
1796 5306 1917 5359 459.

582 5299 644 5372 ξπ)
683 5299 946 5372 Theodot.
979 5300 1222 5372 ‘Emposit.
1256 5302 1282 5372 §
1313 5303 1401 5365 24,
1441 5299 1599 5366 infra,

574 5365 644 5440 ig)
683 5367 762 5420 ld.
802 5370 935 5421 ibid.
974 5365 1085 5440 54,
1124 5365 1293 5433 1111⁸111]
1351 5387 1467 5439 pag.
1523 5365 1654 5439 45οξ

502 5438 527 5502 ς
564 5424 647 5496 13,
682 5452 804 5555 pag:
841 5424 1026 5505 452,3
1060 5424 1143 5500 17,
1181 5424 1299 5509 ρας.
1332 5424 1451 5494 Ιίόἕ

579 5502 645 5555 (al
706 5504 759 5555 ti.
790 5506 921 5555 Ibid.
952 5509 977 5555 8
1014 5508 1067 5555 9-
1101 5508 1257 5555 infra-
1291 5526 1404 5555 11111),
1438 5526 1451 5553 Α

706 5504 759 5556 d.
790 5506 921 5580 ibid.
951 5509 984 5580 §~
1006 5504 1067 5571 ⁷9,
1101 5504 1405 5580 ἱηΐὲιιῖρος.
1438 5510 1556 5565 450.

1637 5321 1758 5373 pag.
1796 5306 1917 5359 459.

1772 5375 1853 5439 ιο,
1900 5376 2056 5443 11›ἰ‹1.,

574 5502 645 5704 is)
682 5502 775 5556 ld.’
790 5506 921 5559 ibid.
951 5509 977 5576 §
1004 5502 1067 5571 ⁷9,

600 5573 652 5639 a)
686 5572 945 5641 Lequien.
974 5578 1008 5629 Ι.
1038 5592 1086 5631 c.

595 5639 644 5704 b)
682 5642 947 5704 Theodot.
982 5645 1086 5704 Ex;

595 5639 644 5704 ι»)
682 5639 947 5710 Theodot.,
982 5645 1216 5715 Exposit.
1254 5653 1281 5715 §
1318 5647 1399 5714 10,
1432 5647 1589 5715 infra,
1622 5664 1742 5722 pag.
1784 5652 1905 5707 451.

1588 318 1931 375 THEODOTI
1972 319 2271 376 EPISCOPI
2321 315 2683 375 ANCYRANI.

3654 305 3814 361 131‘!

2159 437 2402 506 agnoscit
2432 435 2517 489 his
2546 433 2728 487 verbis
2755 430 2872 502 (d)?
2901 430 3154 483 OTKET]
3187 425 3278 483 οὖν
3310 428 3449 499 μετὰ
3479 428 3567 496 τὴ
3594 444 3619 476 δ
3666 434 3820 476 εγω-

2166 546 2248 579 σιν
2275 526 2408 578 Θεοῦ
2433 526 2567 595 πρὸς
2589 524 2870 593 ἄνθρωπον
2890 522 3018 574 ATU
3044 521 3419 574 ΠΡΑΓΜΑΤΑ
3447 522 3819 589 νοήσαντες

2161 621 2208 673 οἱ
2239 618 2500 688 Πατέρες,
2528 617 2749 678 εἰκότως
2773 614 2981 683 Ἰησοῦν
3010 613 3275 681 λέγοντες.
3299 613 3391 666 τὸν
3416 612 3581 663 Θεὸν
3606 609 3817 675 Λόγον

2163 708 2502 778 σημαίνουσι,
2526 709 2621 761 καὶ
2643 706 2785 760 κατὰ
2813 704 2906 759 τοῦ
2930 704 3179 772 Θεολὸγου
3210 705 3553 775 φράζοντες,
3604 701 3814 765 Λόγον

2160 798 2249 851 τὸν
2282 798 2575 869 ὁρώμενον,
2610 796 2820 866 Ἰησοῦν
2869 795 3290 868 ἑρμηνεύουσιν·
3330 795 3425 849 ΟΥ
3463 794 3641 847 ΤΑΣ
3683 794 3792 844 ΦΥ

2162 889 2310 940 ΣΕΙΣ
2354 889 2822 952 ΣΥΓΧΕΟΝΤΕΣ,
2859 885 2995 939 ἀλλὰ
3044 885 3328 953 δηλοῦντες
3376 885 3484 953 τὴν
3539 885 3795 937 ’ἐνίοτε-θ

2163 971 2346 1026 Patres
2394 975 2556 1043 igitur
2600 981 2715 1043 post
2758 974 3002 1025 unionem
3050 972 3145 1025 Dei
3193 974 3261 1025 ad
3295 973 3637 1034 hominem,
3702 986 3815 1022 sos

2159 1077 2251 1115 ms
2290 1079 2509 1118 AMPLIUS
2544 1079 2674 1117 oms
2708 1078 2805 1116 nas
2851 1060 3236 1132 intelligentes,
3272 1064 3461 1116 merito
3510 1079 3671 1114 cum
3720 1061 3818 1113 Je-

2159 1170 2275 1208 sum
2306 1158 2503 1221 dicunt,
2548 1156 2715 1209 Deum
2760 1155 2982 1209 Verbum
3026 1156 3331 1225 designant;
3371 1162 3418 1207 et
3455 1154 3815 1207 secundum

2166 1244 2478 1317 Theologum
2515 1246 2802 1317 loquentes,
2842 1247 3061 1301 Verbum
3094 1247 3228 1316 quod
3262 1246 3425 1300 oculis
3449 1246 3810 1305 videbatur.

2160 1335 2340 1390 Iesum
2380 1339 2798 1407 interpretantur
2836 1353 2853 1391 :
2893 1354 2996 1391 non
3029 1353 3433 1391 CONFUNDENTES
3484 1352 3811 1397 ΝΑτιτιιΑξ,

2162 1426 2252 1479 sed
2287 1429 2534 1480 unionem
2563 1428 2908 1481 ostendentes.
2938 1427 3077 1481 Ecce
3106 1425 3204 1479 tibi
3242 1426 3625 1481 Theodotum
3664 1442 3808 1480 san-

2163 1517 2267 1570 ctis
2293 1517 2546 1570 Patribus
2570 1517 2939 1571 adhterentem
2976 1533 3079 1569 non
3112 1517 3563 1586 confundentibus
3616 1532 3810 1571 natu-

2166 1623 2274 1671 ras,
2309 1606 2553 1675 adeoque
2587 1606 2725 1661 duas
2750 1615 2805 1661 et
2832 1607 3009 1676 ipsum
3036 1617 3260 1663 naturas
3285 1609 3338 1662 in
3363 1608 3621 1663 Christo
3662 1625 3807 1679 pm-

2170 1697 2433 1752 ﬁtentem.
2465 1698 2535 1752 At
2566 1698 2711 1753 enim
2762 1697 2908 1751 idem
2957 1698 3272 1754 Theodotus
3321 1700 3484 1768 paulo
3532 1708 3697 1754 ante
3748 1702 3803 1754 in

2165 1788 2383 1844 Christo
2423 1789 2522 1841 οὐκ
2571 1789 2759 1852 οὐσίας
2807 1788 3093 1861 διαφόρους
3145 1789 3494 1844 admittebat.
3562 1791 3799 1845 Audio.

2167 1881 2306 1947 Quid
2346 1868 2458 1935 tum
2502 1883 2722 1951 postea?
2757 1882 2839 1936 An
2868 1897 3000 1936 vero
3024 1883 3106 1936 sui
3141 1882 3322 1937 statim
3351 1884 3603 1945 oblitus,
3645 1900 3801 1938 con-

2170 1974 2330 2027 traria
2355 1973 2543 2041 paucis
2565 1973 2904 2042 interpositis
2927 1974 3210 2043 scripserit
3232 1974 3460 2045 Ancyra;
3485 1977 3796 2036 antistes,

2169 2073 2229 2118 ut
2251 2066 2397 2135 quod
2425 2065 2499 2118 ibi
2522 2065 2683 2118 modo
2707 2064 2940 2134 negarit,
2964 2064 3054 2119 hic
3072 2080 3198 2119 mox
3220 2067 3521 2120 asseruerit
3547 2067 3577 2119 ?
3615 2067 3795 2120 Haud

2166 2164 2252 2209 est
2286 2171 2434 2218 sane,
2465 2155 2611 2224 quod
2638 2155 2925 2224 quisquam
2951 2155 3004 2209 id
3023 2156 3146 2226 jure
3171 2165 3407 2211 censeat.
3442 2156 3653 2211 Locus
3683 2160 3798 2210 ita-

2168 2261 2273 2314 que
2316 2246 2568 2314 superius
2601 2246 2878 2315 objectus,
2926 2260 3035 2299 non
3060 2247 3170 2315 jam
3202 2261 3268 2299 eo
3308 2262 3474 2301 sensu
3507 2263 3643 2317 quo
3682 2247 3792 2301 Le-

2168 2336 2443 2406 quienius,
2472 2336 2823 2406 accipiendos
2850 2336 3097 2400 videtur;
3130 2335 3225 2390 sed
3248 2351 3313 2390 eo
3338 2338 3533 2406 utique
3569 2355 3705 2408 quo
3732 2340 3791 2392 in

2168 2425 2474 2495 posteriore
2498 2427 2767 2481 sententia
2792 2425 2908 2496 ipse
2932 2426 3248 2481 Theodotus
3270 2428 3425 2492 dixit,
3452 2430 3661 2482 οὐκέτι
3686 2430 3786 2482 δύο

2170 2517 2487 2586 πράγματα,
2541 2516 2593 2570 id
2622 2526 2724 2581 est,
2757 2535 2860 2571 non
2884 2518 3004 2588 jam
3038 2517 3263 2589 amplius
3294 2520 3425 2573 duas
3460 2537 3545 2573 res
3574 2521 3786 2575 diver-

2170 2622 2256 2661 sas
2284 2623 2346 2662 ac
2374 2606 2681 2671 distinctas,
2706 2608 2821 2662 sive
2847 2607 2984 2662 duas
3005 2622 3268 2677 personas
3294 2608 3349 2662 in
3382 2608 3621 2664 Christo
3648 2625 3778 2663 esse

2171 2697 2549 2768 intelligendas
2576 2715 2589 2750 :
2620 2697 2934 2754 Nestorium
2964 2697 3222 2752 nimirum
3252 2714 3612 2768 oppugnaris;
3646 2698 3772 2767 qui,

2170 2799 2232 2846 ut
2259 2791 2443 2846 verbis
2484 2799 2607 2845 utar
2629 2791 2835 2846 Petavii
2876 2791 2982 2861 (e),
3026 2801 3281 2862 quartum
3325 2792 3379 2845 in
3420 2791 3769 2846 Trinitatem

2170 2883 2429 2937 invehere
2459 2882 2705 2946 studens,
2740 2882 2880 2936 duos
2912 2898 2970 2937 re
2998 2882 3112 2951 ipsa
3143 2892 3425 2951 separatos
3454 2899 3521 2937 ac
3545 2883 3769 2952 disjun-

2171 2983 2289 3027 ctos
2327 2989 2358 3027 a
2392 2989 2450 3029 se
2481 2981 2691 3037 mutuo,
2720 2972 2827 3027 hoc
2856 2981 2961 3037 est,
2992 2989 3254 3043 personas
3300 2974 3455 3037 duas,
3489 2975 3551 3027 in
3596 2974 3763 3029 Chri-

2170 3071 2256 3117 sto
2296 3064 2433 3118 clam
2468 3070 2525 3117 et
2570 3063 2798 3118 subdole
2844 3064 3190 3134 agnoscebat.
3233 3064 3350 3119 Jam
3382 3080 3515 3119 vero
3548 3075 3606 3119 et
3636 3066 3761 3134 ipse

2172 3153 2391 3221 quidem
2437 3154 2817 3208 Tillemontius
2858 3155 2914 3207 in
2938 3154 3225 3224 Lequienii
3259 3156 3590 3209 sententiam
3618 3172 3757 3225 prae-

2171 3245 2345 3299 iverat
2376 3244 2468 3315 (0:
2502 3255 2578 3306 at,
2610 3246 2794 3299 libello
2816 3246 3075 3300 attentius
3100 3246 3363 3315 perlecta,
3381 3245 3661 3301 immerito
3684 3264 3752 3302 eo

2170 3336 2389 3390 nomine
2424 3335 2573 3405 carpi
2606 3335 2948 3390 Theodotum
2986 3336 3156 3405 probe
3184 3336 3469 3391 intellexit.
3500 3339 3747 3408 Quapro-

2170 3436 2293 3497 pter
2333 3428 2702 3498 amplissimus
2749 3427 3041 3482 cardinalis
3083 3427 3414 3491 Barberinus
3444 3429 3505 3483 de
3548 3430 3748 3497 hujus-

2172 3520 2317 3573 modi
2356 3520 2621 3574 Theodoti
2654 3534 2816 3589 opere
2860 3518 3025 3573 verba
3059 3518 3294 3581 faciens,
3334 3518 3455 3573 illud
3488 3534 3601 3573 esse
3629 3535 3731 3586 ap-

2172 3614 2338 3681 prime
2381 3611 2754 3682 theologicam,
2788 3610 3135 3663 sincerissime
3177 3610 3537 3671 orthodonm,
3577 3609 3723 3661 ualde

2174 3702 2447 3755 laudatum
2483 3702 2759 3765 veteribus,
2785 3702 2909 3771 jure
2944 3701 3151 3769 optimo
3175 3702 3557 3770 pronuntiasse
3580 3700 3735 3755 intel~

2171 3793 2358 3863 ligilur
2388 3793 2484 3864 (g).

2240 3904 2326 3957 IV.
2350 3904 2754 3972 Expositionem
2775 3905 2827 3958 in
2846 3905 3152 3976 symbolum
3170 3905 3447 3961 Nicxenum
3462 3906 3745 3975 excipiunt

2170 3994 2408 4047 homiliae
2440 4009 2552 4057 sex,
2598 4011 2826 4063 quarum
2862 4005 2972 4051 tres
3005 3997 3222 4065 priores
3258 4012 3325 4051 ex
3356 3997 3493 4050 actis
3523 3999 3742 4050 concilii

2171 4084 2429 4153 Ephesini
2453 4084 2857 4154 desumpsimus
2883 4085 2978 4156 (h).
3007 4087 3208 4140 Harum
3234 4088 3407 4156 prima
3430 4098 3486 4141 et
3509 4089 3747 4142 secunda

2169 4173 2225 4224 in
2260 4172 2397 4225 diem
2431 4172 2665 4225 natalem
2694 4172 2988 4228 Saluatoris
3016 4175 3235 4237 habitat,
3259 4184 3422 4244 atque
3456 4176 3515 4228 in
3550 4177 3747 4230 eodem

2169 4263 2401 4317 concilio
2431 4263 2585 4317 lectae
2617 4264 2784 4319 fuisse
2826 4265 3097 4320 feruntur.
3132 4267 3199 4320 Et
3232 4267 3403 4336 prima
3432 4267 3662 4336 quidem
3699 4269 3747 4321 in

2170 4353 2363 4409 haeresi
2412 4355 2730 4409 Nestoriana
2766 4359 3126 4427 Oppugnanda
3172 4366 3283 4412 tota
3328 4367 3601 4412 versatur.
3658 4360 3747 4414 Se-

2170 4445 2345 4498 cunda
2371 4460 2520 4509 vero,
2551 4448 2707 4516 cujus
2728 4448 2891 4501 etiam
2923 4450 3172 4503 meminit
3195 4449 3532 4519 Epiphanius
3562 4452 3747 4507 diaco-

2170 4552 2274 4590 nus
2306 4537 2359 4591 in
2399 4538 2535 4591 actis
2561 4539 2777 4593 concilii
2802 4540 3005 4594 Nieami
3032 4556 3067 4594 n
3114 4541 3195 4611 (i),
3226 4544 3444 4597 Photini
3469 4546 3634 4599 simul
3664 4563 3747 4599 er-

2172 4642 2327 4681 rores
2359 4629 2576 4682 evertit.
2612 4627 2742 4693 Quae
2779 4638 2862 4683 est
2896 4640 3079 4685 autem
3110 4632 3300 4687 ordine
3329 4634 3507 4695 tertia,
3539 4636 3745 4704 Ephesi

2173 4725 2363 4771 contra
2386 4718 2697 4772 Nestorium
2724 4720 2907 4775 habita
2929 4720 3132 4775 dicitur
3152 4725 3208 4777 in
3228 4724 3309 4777 die
3329 4728 3497 4779 sandi
3519 4725 3745 4783 Joannis

2174 4808 2522 4881 evangelistte.
2553 4812 2629 4866 De
2668 4812 2754 4871 his
2784 4828 2948 4883 porro
2980 4813 3157 4873 tribus
3197 4815 3441 4874 homiliis
3467 4817 3655 4885 adeas,
3706 4822 3747 4875 si

2336 5181 2602 5259 Theodot.
2630 5184 2873 5259 ~li}rposit.
2909 5181 3060 5259 §_Al3,
3083 5181 3256 5255 intra,
3289 5192 3549 5259 pag.452.

2327 5251 2511 5334 Petam
2548 5252 2625 5334 De
2655 5254 2869 5334 [aegr-rt:
2909 5251 3005 5311 lib.
3041 5251 3252 5334 vlcap.
3290 5251 3503 5334 ἰοξςῦ.

2317 5320 2530 5397 Tillem.
2572 5330 2703 5376 tom.
2742 5323 2880 5397 lily,
2918 5328 3195 5397 pag.i295.

2327 5389 2385 5467 in
2420 5406 2662 5467 nun_cu_p.
2705 5393 2770 5447 ad
2811 5389 3109 5459 Clemflx,
3146 5414 3265 5467 pag.
3300 5401 3353 5463 4,
3382 5402 3514 5457 edit.
3554 5405 3714 5466 Horn.

2220 5108 2297 5246 ἢ)
2324 5111 2481 5165 Phot.
2514 5112 2648 5166 Bibl.
2688 5116 2967 5199 cod..25l,
3008 5133 3132 5200 pag.
3164 5119 3284 5174 890.

2336 5181 2602 5234 Theodot.
2630 5184 2873 5246 ~li'a'postt.
2909 5188 2935 5246 ξ
2976 5190 3060 5246 15.
3098 5189 3256 5246 infra.

2223 5249 2272 5386 ΣΞ

2241 5406 2295 5527 ος
2327 5406 2385 5442 1n
2420 5406 2662 5461 nuncup.
2705 5406 2770 5447 au
2811 5406 2979 5449 Clem.
3018 5406 3109 5459 Ut,
3146 5414 3265 5467 pag.
3300 5406 3353 5463 4,
3382 5406 3514 5483 edit.
3554 5406 3714 5466 Horn.

2511 5461 2716 5537 Ephes.
2743 5472 2991 5537 parting,
3014 5482 3166 5537 pagg.
3200 5469 3521 5534 15l2-1528,
3552 5476 3718 5530 15⁸3οη

2152 5525 2307 5598 1541'.
2325 5525 2658 5598 ists-1519,
2690 5525 2819 5585 to'm.
2852 5534 2917 5587 nt
2942 5525 3146 5590 coast?
3164 5537 3299 5591 edit.
3323 5525 3634 5598 Venltlhbiii

2218 5596 2477 5675 (i)_Conc.
2513 5600 2713 5655 Nieam.
2750 5618 2815 5668 u,
2847 5614 2953 5659 act.
2989 5607 3041 5667 6,
3063 5621 3183 5675 pag.
3224 5607 3393 5675 1114,
3433 5596 3567 5666 tom.
3594 5596 3713 5672 Vill

2140 5664 2347 5721 Concil.

3968 2192 3975 2279 l
