4062 6202
460 104 599 155 {MS

1545 97 1887 157 TllEODOTl
1929 95 2229 158 EPISCOPI
2266 98 2613 159 ANCYRANI

3567 92 3712 151 l5l8

454 219 659 287 pietate
683 214 876 269 muniti
909 230 1284 285 satpenumero
1320 216 1731 285 propulsarunt.
1774 218 1905 271 Nam
1939 218 2029 272 ubi

2138 220 2315 291 ἔχουσι
2366 220 2467 290 τὴν
2508 221 2689 273 πίστιν
2731 217 3004 289 ἀκίνητον,
3058 215 3312 284 φυλάττει
3355 213 3482 276 Θεὸς
3526 217 3721 268 αὐτῶν

457 308 563 378 ipsi
604 306 765 361 ﬁdem
815 305 1093 361 immotam
1145 314 1385 369 servant,
1415 306 1558 360 Deus
1580 307 1827 376 ipsorum
1856 307 2029 375 impe-

456 399 601 453 rium
636 397 705 451 ab
742 396 999 451 omnibus
1036 396 1253 451 insidiis
1298 404 1623 451 conservat:
1671 398 2028 467 quemadmo~

455 492 587 547 dum
618 489 766 545 enim
792 487 1149 543 barbarorum
1180 489 1433 544 incursus
1460 490 1787 559 corporibus
1809 491 2030 559 pericu-

456 584 572 637 lum
627 580 828 644 aﬁert;
874 578 947 634 ita
998 579 1211 633 daemon
1267 580 1531 635 adversus
1572 582 1782 635 animas
1826 582 2029 635 bellum

454 673 679 735 excitat,
712 672 1064 725 sermonibus
1096 686 1352 726 errorum
1376 674 1663 727 veritatem
1686 687 2027 743 Oppugnans.

453 767 634 834 Atque
676 765 792 818 haec
835 763 1015 818 leuius
1045 762 1309 818 Dominus
1337 764 1443 818 alia
1475 763 1686 818 ratione
1715 764 2031 833 signiﬁcans

454 854 739 923 pulchram
775 852 841 907 ad
875 853 1177 923 discipulos
1208 868 1337 909 suos
1372 854 1742 908 narrationem
1780 854 2033 908 institue-

457 949 569 1009 bat,
613 962 920 1001 sermonem
960 947 1183 1016 quidem
1230 947 1451 1016 pietatis
1504 948 1711 1003 bonum
1742 962 1949 1012 semen,
1975 956 2031 1001 at

454 1035 982 1103 superinseminatas
1012 1036 1349 1091 inﬁdelitatis
1382 1036 1662 1092 doctrinas
1690 1035 1899 1090 zizania
1932 1050 2031 1105 ap-

455 1129 667 1196 pellans
722 1130 736 1158 ¹
778 1146 790 1180 :
839 1136 896 1182 et
948 1127 1254 1182 doctrinam
1307 1128 1695 1199 agriculturam
1748 1128 2029 1181 caelestem

459 1236 683 1285 vocans,
745 1222 958 1275 fructus
1001 1235 1135 1276 vero
1182 1230 1331 1276 recte
1381 1220 1725 1276 credentium
1770 1220 2030 1289 pietatem

459 1315 733 1384 intelligit.
768 1315 954 1383 Neque
991 1313 1139 1368 enim
1171 1321 1321 1367 tanto
1346 1313 1545 1383 gaudio
1569 1312 1872 1382 perfruitur
1893 1311 2034 1381 agri-

458 1410 578 1463 cola
611 1408 919 1477 manipulos
948 1408 1231 1477 colligens,
1253 1414 1518 1475 quantum
1544 1405 1796 1460 Christus
1819 1405 2033 1459 laatatur

2129 313 2228 382 τὴν
2259 311 2533 381 βασιλείαν
2559 308 3030 365 ἀνεπιϐούλευτον·
3071 306 3257 379 ὥσπερ
3289 308 3394 380 γὰρ
3427 308 3569 360 κατά
3601 326 3720 361 σω-

2133 405 2320 473 μάτων
2368 403 2557 472 έφοδος
2602 403 2810 471 γίνεται
2862 400 3175 472 βαρϐάρων,
3220 400 3365 453 οὓτω
3408 398 3554 453 κατά
3600 400 3722 452 τῶν

2127 494 2317 563 ψυχῶν
2360 494 2633 561 ἐξοπλίζει
2669 494 2904 564 πόλεμον
2948 496 2977 547 ὁ
3014 493 3247 562 δαίμων,
3283 491 3463 560 λόγοις
3489 493 3722 564 ἀπάτης

2131 585 2269 654 πρὸς
2294 584 2392 655 τὴν
2420 584 2676 655 ἀλήθειαν
2707 583 2976 653 πολεμῶν.
3010 581 3192 635 Ταῦτα
3226 582 3323 650 μὲν
3352 577 3445 635 οὖν
3470 582 3721 652 πραότεσι

2132 693 2226 746 ρον
2273 675 2554 746 σημαίνων
2598 676 2627 728 ό
2674 674 2876 745 Κύριος
2912 673 3085 744 ἑτέρῳ
3133 672 3320 744 τρόπῳ
3367 671 3548 735 καλῶς
3595 675 3723 735 τοῖς

2131 766 2323 820 ἑαυτοῦ
2361 766 2630 839 μαθηταῖς
2659 767 2961 836 διηγήσατο
2986 782 3000 797 ο
3038 765 3237 837 σπόρον
3271 764 3370 836 μὲν
3398 764 3563 818 καλὸν
3594 765 3721 817 ὀνο-

2134 859 2312 929 μάσας
2338 858 2436 928 τῆς
2465 857 2747 922 εὐσεϐείας
2773 856 2862 909 τὸν
2885 856 3060 925 λόγον·
3093 855 3310 920 ζιζάνια
3346 855 3402 908 δὲ
3432 872 3722 927 προσαγοο

2132 949 2330 1020 ρεύσας
2356 948 2427 1002 τὰ
2467 948 2900 1019 ὲπισπειρόμενα
2937 947 3035 1018 τῆς
3068 947 3327 1011 ἀπιστίας
3358 947 3672 1018 διδάγματα
3696 963 3716 981 ’

2130 1043 2225 1095 καὶ
2252 1042 2350 1114 τὴν
2377 1038 2725 1096 διδασκαλίαν
2747 1041 3023 1112 γεωργίαν
3055 1041 3211 1093 καλεῖ
3242 1041 3513 1113 οὐράνιον·
3544 1042 3719 1111 γενή-

2135 1152 2280 1204 ματα
2311 1133 2367 1187 δὲ
2403 1134 2500 1205 τὴν
2539 1132 2832 1186 εὐσέϐειαν
2854 1132 2962 1186 τῶν
2995 1132 3231 1203 γνησίως
3265 1133 3719 1185 πεπιστευκότων

2131 1224 2306 1288 εἰδώς.
2355 1226 2429 1278 Ού
2458 1223 2565 1296 γὰρ
2598 1222 2739 1277 οὕτω
2769 1225 2947 1296 χαίρει
2980 1224 3224 1295 γεωργὸς
3252 1224 3544 1294 ἀμώμενος
3572 1225 3713 1295 δρά-

2131 1332 2338 1387 γματα,
2361 1312 2436 1379 ώς
2461 1315 2809 1387 εὐφραίνεται
2836 1316 3068 1387 Χριστὸς
3092 1314 3319 1384 γνησίαν
3345 1316 3523 1368 πίστιν
3554 1316 3717 1384 παρὰ

2132 1407 2239 1459 τῶν
2270 1405 2501 1475 βεϐαίων
2533 1404 2932 1477 καρπούμενος.
2974 1404 3190 1474 Ἐπειδὴ
3222 1403 3328 1474 γάρ
3357 1402 3515 1467 αὐτὸς
3553 1404 3719 1473 ἐξῆλ-

460 1517 645 1556 veram
670 1500 832 1554 ﬁdem
860 1499 1003 1569 apud
1030 1507 1344 1554 constantes
1370 1498 1699 1569 percipiens.
1726 1497 1860 1551 Nam
1883 1496 2030 1565 quod

2138 1497 2223 1551 θεν
2241 1498 2329 1552 ἵνα
2358 1497 2558 1570 σπείρῃ
2576 1496 2666 1549 τὸν
2692 1496 2870 1565 λόγον,
2887 1494 3055 1563 λέγει’
3091 1514 3108 1545 ι
3131 1494 3273 1562 Ἐγὼ
3296 1497 3358 1548 ὲκ
3376 1493 3468 1547 τοῦ
3494 1495 3719 1565 Πατρὸς

460 1591 575 1661 ipse
608 1590 807 1646 exierit
832 1590 900 1644 ad
925 1589 1309 1645 seminandum
1335 1590 1587 1653 verbum,
1616 1587 1795 1657 inquit
1820 1605 1832 1640 :
1869 1607 1886 1639 ‹
1923 1587 2034 1657 Ego

2138 1587 2379 1659 ἐξῆλθον,
2398 1589 2493 1643 καὶ
2511 1589 2651 1659 ἦκωσ
2676 1606 2694 1640 ι
2714 1586 2884 1641 καὶτὸ
2903 1587 3022 1656 μὲν,
3049 1585 3322 1657 «ἐξῆλθον,
3345 1604 3363 1635 ι
3391 1585 3487 1656 τὴν
3502 1602 3720 1653 συγκαο

459 1693 526 1732 cx
565 1678 725 1732 Patre
762 1677 928 1743 exivi,
968 1684 1023 1731 et
1060 1677 1184 1731 veni
1208 1676 1265 1730 in
1286 1676 1548 1731 mundum
1588 1678 1609 1708 ¹
1637 1694 1648 1729 :
1681 1696 1699 1727 ι
1735 1676 2032 1746 etquidem

2138 1680 2365 1735 τάὁασιν
2395 1681 2491 1751 τῆς
2522 1679 2774 1751 θεότητος
2808 1678 3025 1750 μηνύει,
3055 1677 3115 1731 τὸ
3142 1676 3199 1731 δὲ
3227 1697 3244 1729 ι
3270 1677 3413 1749 ἥκω,
3442 1696 3458 1729 ι
3492 1676 3718 1748 τὴνὲμι

459 1783 586 1831 vox,
649 1786 665 1817 ι
699 1766 863 1831 exivi,
894 1786 912 1819 ι
977 1766 1197 1822 deitatis
1249 1767 1769 1823 condescensionem
1797 1769 1911 1822 sive
1934 1768 2035 1822 de-

460 1855 780 1909 missionem
839 1855 1078 1922 indicat;
1113 1857 1289 1912 altera
1330 1866 1537 1923 autem,
1591 1875 1610 1908 ‹
1644 1857 1793 1921 veni,
1829 1876 1847 1908 ι
1906 1873 2038 1928 pro-

458 1945 633 2014 priam
673 1944 943 2015 signiﬁcat
973 1946 1332 2016 majestatem.

532 2036 597 2088 ll.
619 2037 888 2090 Caeterum
910 2044 967 2090 et
988 2053 1211 2092 causam
1229 2037 1470 2093 ostendit
1486 2037 1755 2093 adventus
1778 2036 1885 2101 sui,
1903 2034 2034 2091 dum

459 2127 537 2180 ait
571 2143 584 2179 :
635 2145 651 2177 ι
689 2124 871 2181 Exivit
903 2128 1179 2185 seminans
1196 2130 1469 2186 seminare
1505 2130 1545 2187 ⁸.
1582 2148 1599 2180 ι
1633 2128 1739 2183 Sed
1762 2128 1877 2198 ipse
1915 2132 2073 2198 qui--

459 2216 586 2272 dem
619 2217 798 2271 bonus
829 2217 1069 2287 agricola
1100 2218 1311 2272 bonum
1350 2233 1496 2273 verat
1543 2218 1670 2272 ﬁdei
1722 2232 2034 2271 sermonem

460 2307 861 2371 disseminavit,
887 2307 1187 2363 ostendens
1224 2309 1579 2378 semetipsum
1608 2310 1776 2363 Deum
1810 2316 2037 2378 propter

460 2399 714 2455 homines
754 2400 1033 2455 hominem
1076 2400 1281 2457 factum
1314 2418 1328 2454 :
1374 2416 1484 2456 non
1516 2400 1793 2454 hominem
1825 2400 2033 2454 nudum

460 2506 494 2546 ει
539 2492 654 2547 Deo
702 2491 975 2545 honorum
1024 2491 1382 2562 praerogativa
1417 2500 1693 2556 ornatum,
1729 2500 1790 2545 ut
1812 2491 2034 2561 quidam

460 2582 781 2653 opinantur,
837 2582 955 2647 sed,
998 2593 1062 2637 ut
1106 2583 1240 2647 dixi,
1282 2583 1455 2637 Deum
1496 2584 2036 2638 commereiumcum

461 2672 778 2728 hominibus
827 2672 1239 2743 suscipientem.
1291 2672 1418 2728 Ilaec
1465 2674 1612 2728 enim
1657 2675 1930 2744 praecipua
1952 2685 2038 2729 est

464 2768 632 2839 gloria
685 2774 741 2819 et
783 2766 931 2819 salus
967 2765 1275 2830 hominum,
1326 2767 1497 2820 Deum
1532 2776 1757 2836 propter
1792 2782 2035 2821 amorem

460 2872 588 2927 erga
627 2857 880 2911 homines
922 2858 1159 2911 humana
1199 2858 1526 2926 suscepisse.
1564 2858 1633 2911 Et
1664 2859 1781 2913 haec
1810 2858 2034 2928 quidem

462 2944 529 2998 de
556 2945 851 3013 semetipso
882 2943 1136 3011 alﬁrmat,
1161 2953 1217 2997 et
1264 2947 1432 2999 Deum
1463 2947 1817 3016 semetipsum
1846 2957 2036 3002 ostenu
2062 2930 2103 2987 ο

462 3034 599 3087 dens
630 3043 685 3088 et
719 3033 996 3088 hominem
1022 3051 1035 3086 :
1069 3035 1203 3089 illud
1228 3036 1448 3104 quidem
1473 3038 1694 3105 propria
1719 3054 1816 3091 sua
1844 3049 2036 3094 natura

461 3124 750 3187 exsistens,
790 3124 895 3177 hoc
931 3130 1113 3179 autem
1144 3127 1426 3180 hominum
1454 3142 1640 3182 amore
1684 3129 1875 3184 laetus.
1902 3132 2035 3185 Nam

462 3223 519 3267 et
543 3214 859 3269 hominibus
878 3216 1290 3283 condescendit,
1311 3218 1542 3289 ideoque
1563 3220 1738 3275 factus
1752 3230 1834 3275 est
1852 3222 2034 3289 homo,

463 3322 592 3361 vere
629 3307 762 3362 illud
813 3308 1083 3363 exsistens
1106 3309 1255 3378 quod
1294 3311 1627 3380 apparebat;
1651 3321 1707 3367 et
1738 3314 2039 3381 permansit

464 3397 609 3466 quod
636 3408 755 3453 erat
794 3416 807 3451 :
843 3414 952 3453 non
973 3398 1105 3453 illud
1131 3386 1433 3470 deponens,
1463 3411 1519 3457 et
1552 3403 1657 3458 hoc
1683 3404 1859 3460 factus
1888 3423 1901 3469 ;
1927 3422 2035 3460 non

464 3498 683 3542 mutans
723 3488 1004 3555 deitatem,
1035 3490 1131 3545 sed
1169 3492 1476 3561 suscipiens
1501 3509 1569 3548 ex
1600 3494 1769 3550 Maria
1814 3497 2037 3567 Virgine

465 3578 906 3646 humanitatem;
940 3596 1047 3636 non
1088 3582 1347 3637 desinens
1386 3600 1506 3639 esse
1552 3586 1701 3655 quod
1746 3595 1884 3651 erat,
1941 3587 2037 3642 sed

465 3671 642 3726 factus
680 3673 827 3741 quod
870 3690 979 3727 non
1013 3683 1149 3729 erat.
1182 3676 1329 3731 Idem
1359 3677 1504 3731 enim
1540 3686 1837 3748 utrumque
1867 3680 1933 3734 de
1955 3696 2040 3735 se-

466 3762 700 3830 metipso
737 3762 1006 3828 aﬁirmat;
1050 3775 1107 3820 et
1141 3767 1312 3820 Deum
1344 3783 1403 3821 se
1425 3783 1546 3823 esse
1573 3768 1886 3837 signiﬁcans
1907 3787 2037 3839 pro-

466 3854 589 3922 prio
610 3855 757 3907 Patri
783 3857 1136 3925 coazqualem,
1165 3856 1293 3911 dum
1316 3858 1425 3912 ait:
1449 3878 1465 3910 ι
1490 3860 1601 3931 Ego
1616 3868 1672 3914 et
1688 3861 1849 3915 Pater
1868 3876 2036 3915 unum

468 3960 659 3999 sumus
684 3945 740 4012 ⁸;
775 3967 792 3997 ι
826 3947 957 4001 item
991 3965 1003 4000 :
1040 3967 1058 3998 ι
1096 3948 1197 4014 Qui
1223 3949 1375 4004 videt
1401 3966 1509 4015 me,
1552 3950 1704 4005 videt
1734 3960 1788 4006 et
1824 3953 2039 4007 Patrem

468 4053 649 4091 meum
681 4038 736 4103 ⁸;
767 4057 785 4089 ›
812 4047 867 4093 et
890 4040 1169 4093 hominem
1193 4042 1548 4110 semetipsum
1572 4044 1886 4108 ostendens,
1912 4060 2038 4098 cum

467 4129 677 4185 diceret
707 4148 719 4182 :
765 4149 782 4181 ι
818 4131 960 4196 Quid
994 4147 1079 4183 me
1106 4132 1351 4201 quaeritis
1392 4132 1719 4200 interﬁcere,
1760 4134 2037 4190 hominem

468 4217 563 4286 qui
606 4218 898 4273 veritatem
935 4219 1094 4273 vobis
1140 4220 1360 4276 locutus
1386 4237 1506 4276 sum
1540 4223 1599 4276 6?
1625 4242 1643 4273 ι
1684 4239 1793 4277 non
1817 4225 2036 4293 quidem

2136 1772 2362 1841 φάνειαν
2390 1771 2489 1843 τὴν
2528 1769 2666 1824 ἰδίαν
2698 1768 2975 1840 σημαίνει.

2206 2034 2280 2092 B’.
2321 2036 2523 2093 Λοιπὸν
2561 2037 2652 2092 καὶ
2694 2036 2793 2110 τὴν
2836 2037 3015 2092 αἰτίαν
3044 2033 3191 2107 λέγει
3220 2037 3317 2109 τῆς
3342 2034 3535 2091 ἑαυτοῦ
3569 2055 3719 2108 παρ-

2134 2129 2345 2195 ουσίας,
2392 2126 2583 2181 εἰπών’
2624 2146 2643 2178 ι
2686 2126 2939 2197 Ἐξῆλθεν
2962 2129 2990 2180 ὁ
3026 2127 3264 2197 σπείρων
3290 2126 3383 2180 τοῦ
3411 2128 3654 2199 σπεῖραι.
3691 2146 3709 2177 ι

2146 2219 2285 2271 Ἀλλ’
2327 2212 2482 2282 οὗτος
2532 2218 2630 2288 μὲν
2655 2219 2683 2269 ὁ
2717 2216 2880 2279 καλὸς
2922 2217 3168 2287 γεωργὸς
3204 2215 3366 2269 καλὸν
3413 2216 3513 2287 τῆς
3541 2217 3718 2287 ὀρθῆς

2137 2310 2372 2372 πίστεως
2402 2309 2727 2379 κατέσπειρε
2778 2308 2957 2377 λόγον·
2991 2308 3181 2361 ἑαυτὸν
3223 2307 3438 2370 δεικνὺς
3474 2308 3608 2361 Θεὸν
3642 2309 3717 2361 δι’

2134 2401 2452 2471 ἀνθρώπους
2482 2400 2773 2470 γενόμενον
2796 2400 3098 2470 ἄνθρωπον·
3124 2400 3225 2452 οὐκ
3251 2399 3533 2470 ἄνθρωπον
3554 2400 3713 2468 ψιλὸν

2132 2491 2496 2562 τετιμημένον
2519 2492 2671 2561 παρὰ
2694 2490 2854 2554 Θεοῦ,
2876 2491 2949 2556 ὥς
2978 2508 3120 2555 τινες
3150 2491 3531 2561 ὑπειλήφασιψ
3564 2493 3711 2554 ἀλλ’,

2134 2582 2212 2646 ὡς
2243 2582 2399 2651 ἔφην,
2430 2583 2564 2637 Θεὸν
2603 2583 2739 2654 πρὸς
2772 2582 3092 2654 ἀνθρώπους
3120 2583 3403 2637 κοινωνίαν
3428 2584 3708 2655 ἑλόμενον.

2134 2672 2284 2743 Αὕτη
2314 2673 2422 2744 γάρ
2450 2675 2566 2728 ἐστι
2610 2674 2799 2745 πρώτη
2834 2676 2942 2729 τῶν
2982 2675 3286 2745 ἀνθρώπων
3318 2660 3451 2747 τίμή
3504 2694 3564 2730 τε
3613 2680 3711 2731 καὶ

2139 2765 2401 2835 σωτηρία,
2432 2766 2493 2818 τὸ
2535 2765 2670 2819 Θεὸν
2698 2767 2916 2821 ἑλέσθαι
2949 2769 3016 2821 τὰ
3053 2769 3371 2840 ἀνθρώπινα
3398 2770 3487 2822 διὰ
3515 2770 3711 2838 φιλανσ

2138 2856 2404 2927 θρωπίαν.
2448 2859 2635 2913 Ταῦτα
2671 2859 2769 2929 μὲν
2817 2855 2910 2914 οὖν
2944 2862 3107 2925 αὐτὸς
3141 2862 3270 2931 περὶ
3303 2861 3496 2914 ἑαυτοῦ
3526 2862 3709 2930 λέγει,

2138 2951 2231 3003 καὶ
2272 2949 2404 3003 Θεὸν
2450 2950 2665 3014 δεικνὺς
2698 2952 2889 3005 ἑαυτὸν
2927 2953 3021 3005 καὶ
3046 2953 3351 3025 ἄνθρωπον·
3385 2954 3447 3006 τὸ
3482 2952 3580 3023 μὲν
3614 2954 3713 3012 ὢν,

2136 3041 2223 3096 διὰ
2250 3043 2348 3114 τὴν
2382 3042 2546 3097 αὑτοῦ
2580 3046 2758 3113 φύσινο
2791 3046 2851 3099 τὸ
2883 3045 2939 3098 δὲ
2986 3045 3075 3099 διὰ
3117 3046 3522 3116 φιλανθρωπίαν
3554 3048 3715 3113 γενέ*

2141 3150 2321 3202 μενος.
2358 3134 2468 3187 Καὶ
2498 3134 2610 3203 γὰρ
2646 3136 2739 3187 καὶ
2770 3134 3081 3209 ἀνθρώποις
3113 3136 3421 3206 ωγκατέὅη
3442 3176 3458 3200 ,
3496 3138 3596 3190 καὶ
3624 3137 3716 3189 διὰ

2136 3221 2293 3274 τοῦτο
2343 3222 2566 3290 γέγονεν
2598 3223 2902 3295 ἄνθρωπος,
2948 3223 3105 3277 τοῦτο
3154 3224 3370 3294 ἀληθῶς
3419 3223 3523 3291 ὢν,
3573 3227 3717 3297 ὅπερ

2138 3314 2421 3382 ἐφαίνετο·
2468 3315 2563 3367 καὶ
2600 3316 2874 3386 μεμένηκε
2913 3318 3050 3389 ὅπερ
3078 3312 3179 3388 ἦν·
3227 3317 3334 3370 οὐδ’
3376 3318 3716 3388 ἀποθέμενος

2138 3409 2336 3475 ὲκεϊνο,
2361 3407 2454 3461 καὶ
2484 3408 2645 3462 τοῦτο
2670 3410 2978 3479 γενόμενος·
3010 3408 3072 3462 ού
3107 3410 3425 3480 μεταϐαλὼν
3456 3410 3711 3479 θεότητα,

2137 3499 2273 3553 ἀλλά
2316 3499 2636 3571 προσλαϐὼν
2668 3502 2731 3554 ἐκ
2758 3501 2977 3571 Μαρίας
2999 3502 3099 3572 τὴν
3142 3502 3566 3573 ἀνθρωπότητα’
3601 3502 3705 3553 οὐκ

2138 3593 2538 3664 ἀπογενόμενος
2587 3592 2616 3646 ὃ
2662 3588 2751 3664 ἦν,
2796 3592 2932 3646 ἀλλά
2973 3592 3261 3663 γενόμενος
3301 3592 3331 3644 δ
3390 3593 3489 3645 οὐκ
3515 3587 3601 3661 ἦν.
3642 3593 3705 3644 '0

2137 3681 2247 3753 γὰρ
2267 3682 2426 3745 αὐτὸς
2452 3682 2582 3751 περὶ
2611 3681 2803 3735 ἑαυτοῦ
2827 3682 3064 3753 ἑκάτερα
3088 3683 3254 3750 λέγει·
3280 3682 3411 3735 Θεόν
3436 3699 3496 3735 τε
3518 3682 3715 3735 ἑαυτὸν

2141 3772 2420 3843 σημαίνων
2452 3773 2565 3827 ἴσον
2614 3772 2693 3843 τῷ
2725 3773 2838 3844 ἰδίῳ
2879 3774 3086 3843 Πατρὶ,
3117 3773 3184 3825 δι’
3226 3767 3302 3826 ὧν
3330 3774 3453 3843 ἔφη·
3500 3793 3519 3825 ι
3570 3773 3721 3841 Ἐγὼ

2139 3862 2237 3917 καὶ
2264 3865 2291 3915 ὁ
2310 3863 2496 3933 Πατὴρ
2526 3864 2586 3916 ἓν
2614 3865 2800 3934 ὲσμεν’
2837 3884 2855 3916 ι
2890 3865 3002 3928 καὶ,
3035 3883 3054 3915 ι
3102 3864 3157 3917 '0
3186 3863 3440 3936 ἑωρακὼς
3466 3865 3589 3934 ἐμὲ,
3616 3865 3725 3917 ἑώ-

2142 3972 2277 4026 ρακε
2314 3955 2404 4007 τὸν
2447 3955 2669 4025 Πατέρα
2702 3972 2823 4025 μου·
2872 3974 2889 4005 ι
2939 3955 3034 4009 καὶ
3074 3955 3359 4025 ἄνθρωπον
3404 3955 3724 4018 ἐπιδεικνὺς

2141 4048 2352 4111 ἑαυτὸν,
2401 4048 2467 4101 δι’
2508 4040 2583 4102 ὧν
2616 4048 2786 4115 ἔλεγεν
2827 4065 2845 4097 ι
2897 4047 2961 4099 Τί
2994 4066 3060 4118 με
3105 4050 3317 4118 ζητεῖτε
3370 4050 3722 4111 ἀποκτεῖναι,

2141 4139 2424 4210 ἄνθρωπον
2471 4138 2530 4202 ὃς
2569 4140 2666 4210 τὴν
2713 4139 2971 4210 ἀλήθειαν
3003 4140 3131 4210 ὑμῖν
3182 4139 3489 4208 λελάληκα;
3544 4156 3566 4189 ι
3623 4140 3726 4208 οὐχ

2142 4232 2328 4303 ἕτερον
2380 4232 2479 4301 μέν
2519 4247 2642 4284 τινα
2685 4231 2963 4302 σημαίνων
3009 4234 3121 4294 τοῖς
3160 4230 3363 4294 θεῖκοῐς
3406 4230 3723 4300 ίδιώμασιν,

468 4306 634 4359 alium
676 4306 915 4375 aliquem
952 4308 1265 4378 signiﬁcans
1319 4310 1521 4367 divinis
1569 4315 2035 4383 preprietatibus,

2147 4294 2304 4376 ἄλλον
2346 4294 2403 4374 δὲ
2444 4322 2619 4392 δηλῶν
2669 4294 2779 4384 τοίς
2825 4322 3186 4391 ἀνθρωπίνοις
3232 4294 3568 4391 παθήμασιν·
3604 4321 3727 4374 ἀλλ’

468 4396 636 4449 alium
656 4412 784 4451 vero
802 4396 1047 4453 indicans
1066 4399 1408 4468 passionibus
1423 4401 1677 4456 humanis
1696 4419 1707 4455 :
1728 4402 1822 4456 sed
1840 4414 2041 4458 semet-

469 4488 650 4557 ipsum
691 4505 861 4543 unum
897 4491 1264 4561 eumdemque
1305 4502 1361 4547 et
1383 4493 1553 4548 Deum
1576 4506 1753 4557 vocat,
1787 4503 1844 4549 et
1868 4495 2044 4549 homi-

382 4620 387 4637 .
470 4594 595 4632 nem
633 4580 892 4634 ostendit.
936 4580 1088 4637 .Unus
1116 4582 1338 4650 quidem
1375 4584 1628 4652 idemque
1650 4593 1788 4648 erat,
1819 4593 1875 4639 et
1907 4586 2040 4639 illud

469 4670 759 4735 exsistens,
784 4680 841 4726 et
866 4672 970 4727 hoc
1003 4672 1317 4729 ostendens.
1367 4675 1502 4728 Nam
1546 4683 1603 4729 et
1651 4676 1799 4730 Patri
1844 4687 2043 4732 semet-

470 4760 649 4830 ipsum
675 4763 1219 4828 consubstantialem,
1240 4774 1297 4819 et
1320 4765 1633 4821 hominibus
1648 4766 1913 4837 dignitate
1938 4784 2005 4838 pa

470 4869 586 4909 rem
606 4856 846 4911 ostendit
871 4872 883 4907 :
926 4856 1061 4911 illud
1091 4856 1313 4925 quidem
1342 4859 1612 4913 exsistens
1640 4875 1737 4929 per
1762 4872 2035 4927 naturam,

470 4953 576 5003 hoc
595 4956 776 5001 autem
805 4947 1088 5002 hominum
1115 4963 1304 5003 amore
1331 4949 1634 5019 suscipiens
1681 4951 1868 5021 Neque
1891 4954 2039 5006 enim

473 5040 785 5094 humanitas
815 5056 845 5095 a
878 5039 1163 5094 divinitate
1186 5041 1429 5110 sejuncta
1465 5050 1580 5095 erat
1610 5058 1625 5106 ;
1668 5050 1729 5095 ut
1759 5044 1916 5097 aiunt
1963 5044 2041 5098 illi

472 5129 567 5196 qui
595 5129 871 5184 Christum
898 5145 1047 5184 nunc
1073 5130 1344 5195 dividunt,
1372 5140 1428 5185 et
1448 5146 1513 5185 ex
1544 5133 1805 5201 mysterio
1833 5133 2034 5190 faciunt

473 5219 991 5285 :equivocationem,
1041 5221 1335 5276 verborum
1381 5222 1615 5277 artiﬁcio
1666 5222 1789 5277 ﬁdei
1842 5235 2041 5279 nostra:

475 5305 875 5375 simplicitatem
908 5312 1327 5380 perturbantes;
1370 5323 1429 5367 ut
1452 5314 1790 5368 humanitate
1839 5330 1869 5369 a
1907 5315 2046 5369 divi-

476 5549 525 5584 Ἦ
548 5465 570 5586 ³1
611 5465 795 5587 Βξῧιιη.
828 5486 939 5533 xm,
968 5470 1056 5523 25.
1135 5472 1154 5501 ¹
1186 5471 1341 5527 Joan.
1375 5488 1483 5537 xvi,
1515 5471 1601 5526 9.8.

536 5551 546 5585 l
580 5574 593 5587 .
628 5560 653 5586 4
705 5575 715 5586 .

536 5551 593 5590 ll.
628 5551 715 5587 Ἡ).

1711 5472 1936 5527 ’Matth.
1964 5490 2075 5537 xm,
2111 5473 2166 5527 ’5.

2148 4409 2337 4463 ἑαυτὸν
2371 4410 2466 4463 ἕνα
2518 4411 2611 4462 καὶ
2645 4410 2808 4463 αὐτὸν
2854 4410 2985 4462 Θεόν
3016 4427 3075 4462 τε
3114 4410 3282 4477 λέγει,
3320 4411 3412 4463 xa'l.
3443 4409 3720 4461 δείκνυσιν

2147 4501 2453 4570 ἄνθρωπον.
2483 4496 2575 4564 Εἷς
2603 4502 2712 4569 γὰρ
2742 4496 2809 4569 ἦν
2835 4502 2929 4555 καὶ
2954 4504 2983 4554 ό
3007 4502 3188 4563 αὐτός’
3215 4501 3307 4553 καὶ
3333 4500 3490 4553 τοῦτο
3520 4501 3598 4553 ὢν
3628 4500 3729 4553 καὶ

2149 4593 2325 4644 ἐκεῖνο
2370 4592 2737 4661 δεικνύμενος.
2793 4592 2905 4645 Καὶ
2949 4592 3055 4660 γὰρ
3102 4590 3179 4661 τῷ
3233 4590 3409 4660 Πατρλ⁵
3446 4590 3730 4642 δείκνυσιν

2150 4683 2340 4735 ἑαυτὸν
2365 4684 2666 4752 ὁμοούσιον,
2711 4683 2804 4736 καὶ
2832 4686 2945 4746 τοῖς
2982 4684 3288 4755 ἀνθρώποις
3332 4682 3597 4752 ὁμότιμον
3622 4701 3636 4711 ·
3664 4683 3732 4734 τὸ

2144 4773 2243 4843 μὲν
2279 4772 2375 4837 ὢν,
2404 4773 2493 4827 διὰ
2530 4774 2629 4843 τὴν
2674 4774 2857 4842 φύσιν·
2887 4772 3025 4826 τὸδὲ
3060 4774 3312 4843 ἑλόμενος
3336 4813 3352 4838 ,
3399 4773 3487 4826 διὰ
3526 4774 3731 4841 φιλαν-

2157 4864 2424 4932 θρωπίαν.
2462 4864 2538 4917 υύ
2586 4865 2691 4936 γὰρ
2719 4864 3075 4936 ἀνθρωπότης
3117 4866 3388 4935 διεστήκει
3424 4864 3720 4933 θεότητος,

2143 4953 2218 5017 ώς
2252 4956 2300 5007 οί
2334 4954 2427 5007 νῦν
2459 4954 2793 5026 διαιροῦντες
2817 4956 2907 5009 τὸν
2930 4957 3162 5026 Χριστόν
3187 4972 3353 5025 φασι,
3386 4955 3480 5008 καὶ
3506 4957 3733 5022 ὁμωνυ-

2147 5045 2279 5113 μίαν
2316 5044 2636 5115 ποιήσαντες
2664 5044 2724 5096 τὸ
2757 5047 3071 5116 μυστήριον,
3111 5044 3271 5115 τέχνῃ
3307 5043 3482 5111 λόγων
3526 5043 3728 5095 £111.00-

2147 5135 2365 5199 λοῦντες
2434 5137 2533 5205 τῆς
2587 5135 2822 5198 πίστεως
2890 5135 3047 5204 ἡμῶν
3094 5136 3192 5207 τὴν
3246 5135 3557 5204 ἁπλότητα“
3636 5134 3729 5188 ἵνα

2151 5226 2544 5296 ἀνθρωπότητα
2590 5228 2686 5297 τῆς
2715 5226 2964 5296 θεότητος
3001 5228 3429 5297 ἀποστήσαντες,
3474 5225 3569 5277 καὶ
3620 5224 3729 5293 τὴν

2155 5319 2417 5388 σωτήριον
2457 5318 2658 5389 ταύτην
2702 5319 2893 5372 ἕνωσιν
2939 5318 3218 5383 λύσαντες,
3253 5319 3597 5378 ἐπεισάκτοις
3632 5314 3729 5368 λόο

2244 5474 2264 5505 ‘
2287 5475 2445 5529 Joan.
2464 5492 2516 5539 π,
2549 5475 2635 5529 50.

2738 5477 2758 5507 ⁸
2795 5477 2950 5531 Joan.
2980 5493 3088 5541 xlv,
3117 5477 3168 5530 9.
3250 5479 3269 5506 ‘
3304 5476 3457 5531 Joan.
3497 5489 3591 5539 vn,
3614 5474 3730 5540 20;
