4062 6202
410 180 546 238 1⁸517

1533 179 1896 238 EXPOSITIO
1933 182 2227 240 SYMBOLI
2267 185 2536 244 ΝΙΟᾸΞΝῙ.

3522 202 3654 257 1513

415 312 525 364 τοις
559 293 658 365 τὴν
709 292 1018 364 οἰκονομίαν
1052 291 1299 346 ἀνέλωσι.
1352 293 1417 344 Τί
1465 293 1575 364 γὰρ
1607 294 1934 366 ᾡκονομήθη
1962 337 1964 348 ι

2080 299 2252 354 nitate
2293 311 2564 370 separata,
2613 313 2669 358 et
2718 305 2942 362 salutari
2991 308 3093 365 hac
3127 301 3330 367 unione
3365 311 3652 378 dissoluta.

407 387 713 457 λεγέτωσαν
739 387 892 456 ἡμῖν,
919 385 968 437 εἰ
1002 383 1184 448 καθὼς
1213 384 1301 438 ἀεὶ
1329 387 1423 439 καὶ
1457 387 1576 440 τότε
1611 386 1743 451 Θεὸς
1770 386 1979 459 ἀνθρώ-

406 495 508 532 που
529 478 752 548 διῄρητο
770 494 786 540 ;
815 475 953 528 Ἀλλ’
972 475 1282 546 οἰκονομίαν
1304 475 1460 540 Θεοῦ,
1479 478 1572 531 καὶ
1597 477 1683 531 διὰ
1701 477 1980 542 κενώσεως

409 566 814 636 συγκατάϐασιν
838 563 1089 634 λέγομεν·
1124 565 1206 618 ὃτι
1233 565 1395 631 αὐτὸς
1415 569 1443 620 6
1472 567 1606 631 Θεὸς
1630 569 1801 636 Λόγος
1825 569 1982 638 γέγο-

357 689 372 710 .~
405 676 494 715 νεν
525 658 811 728 ἄνθρωπος
828 696 843 717 ,
869 649 930 709 οὖ
962 657 1323 729 μεταϐληθεὶς
1351 658 1451 730 τὴν
1479 659 1663 728 φύσιν,
1687 661 1824 715 ἀλλά
1853 662 1982 717 θαυ-

409 749 792 822 ματουργήσας
850 747 950 819 τὴν
1013 748 1229 803 ἕνωσιν.
1278 749 1390 802 Kal
1449 749 1589 821 αὕτη
1618 752 1652 822 ἡ
1702 753 1981 823 οἰκονομία

404 843 578 897 πάντα
605 839 761 908 λόγον
790 837 1092 910 ἀνθρώπων
1121 840 1408 912 κινήσασα.

400 1117 586 1177 Γ’.Διὰ
609 1117 769 1172 τοῦτο
805 1117 898 1171 καὶ⁵
947 1119 976 1171 ό
1019 1117 1191 1189 μέγας
1227 1118 1433 1181 Παῦλος
1473 1117 1786 1188 ἀνθρώπινα
1829 1117 1976 1191 πάθη

399 1208 552 1280 αὐτῷ
599 1209 908 1280 προσάπτει
964 1209 1117 1279 Θεῷυ
1148 1210 1210 1262 οὐ
1263 1208 1512 1280 παθητὴν
1559 1210 1827 1264 διδάσκων
1857 1211 1978 1264 θεό-

397 1318 536 1372 τητα
558 1341 573 1366 ,
604 1301 718 1354 ἀλλ’
758 1299 964 1369 ἀγαθοῦ
994 1299 1129 1353 Θεοῦ
1182 1300 1280 1372 τὴν
1321 1301 1456 1371 πρὸς
1481 1299 1804 1369 ἀνθρώπους
1839 1318 1976 1372 συμι

401 1392 634 1446 πάθειαν
701 1392 1302 1464 θαυματουργουμένην
1359 1391 1548 1444 εἰπών.
1614 1393 1814 1447 Παθεῖν
1867 1393 1975 1465 γὰρ

397 1481 538 1553 ὑπὲρ
563 1482 864 1554 ἀνθρώπων
894 1481 1124 1552 θελήσας
1168 1482 1301 1546 Θεὸς
1346 1482 1414 1536 τὰ
1458 1482 1807 1551 ἀνθρώπινα,
1856 1479 1974 1537 εἶτα

394 1573 493 1644 τὴν
534 1573 697 1643 φύσιν
745 1573 882 1644 ἔχων
939 1575 1290 1628 ἀνεπίδεκτον
1341 1573 1451 1626 τῶν
1499 1574 1710 1639 παθῶν,
1766 1575 1971 1648 κατέϐη

2083 388 2338 445 ascititiis
2382 393 2651 447 rationum
2703 399 3027 453 commentis
3065 399 3530 470 dispensationem
3563 421 3658 475 pe-

2083 478 2233 534 nitus
2261 481 2474 536 tollant.
2506 483 2701 538 Dicant
2727 486 2874 540 enim
2912 489 3092 554 nobis,
3131 506 3238 560 qua
3269 491 3322 545 in
3347 509 3406 548 re
3429 495 3653 565 dispen-

2083 581 2262 628 satum
2284 573 2474 639 fuerit,
2515 577 2561 630 si
2585 578 3047 646 quemadmodum
3073 596 3311 652 semper,
3339 583 3414 638 ita
3444 596 3500 640 et
3525 595 3658 643 tunc

2083 664 2228 720 Deus
2262 665 2332 720 ab
2355 665 2576 722 homine
2601 677 2720 723 erat
2744 669 3004 725 divisus?
3028 671 3134 726 Sed
3163 673 3260 727 Dei
3289 673 3656 743 dispensatio-

2081 773 2207 812 nem
2263 773 2363 828 per
2396 759 2827 816 exinanitionem
2864 762 3142 830 dicimus;
3184 764 3330 834 quod
3368 765 3483 835 ipse
3515 767 3657 822 Deus

2082 849 2321 904 Verbum
2354 849 2534 905 factus
2565 859 2651 906 est
2671 852 2857 918 homo,
2889 869 3000 908 non
3023 863 3243 910 mutans
3264 865 3536 922 naturam,
3561 859 3655 913 sed

2081 939 2409 996 miraculose
2452 940 2694 1005 efﬁciens
2742 944 3022 998 unionem.
3071 946 3139 1000 Et
3167 946 3284 1001 hate
3321 947 3656 1018 dispensatio

2077 1048 2298 1090 omnem
2324 1035 2622 1088 humanam
2642 1035 2909 1089 rationem
2933 1046 3246 1107 exsuperat.

2149 1125 2240 1179 Ill.
2276 1125 2519 1194 Ideoque
2548 1142 2778 1196 magnus
2805 1126 2896 1181 ille
2924 1128 3126 1183 Paulus
3159 1129 3428 1184 humanas
3452 1131 3650 1200 passio-

2076 1231 2176 1271 nes
2210 1216 2313 1286 ipsi
2364 1217 2479 1270 Deo
2533 1217 2834 1271 attribuit:
2879 1233 2992 1272 non
3043 1219 3303 1275 deitatem
3342 1222 3654 1290 passibilem

2075 1306 2298 1371 docens,
2337 1306 2432 1361 sed
2470 1307 2566 1362 Dei
2603 1307 2796 1377 optimi
2837 1309 3060 1364 maximi
3101 1311 3482 1366 miraculosam
3526 1328 3652 1383 erga

2075 1399 2326 1455 homines
2371 1403 2810 1472 compassionem
2842 1404 3175 1474 exprimens.
3215 1406 3350 1460 Nam
3389 1407 3534 1461 Deus
3555 1422 3654 1477 pro

2074 1491 2391 1548 hominibus
2439 1494 2677 1548 humana
2728 1495 3003 1550 sustinere
3052 1497 3301 1566 cupiens,
3350 1505 3406 1551 et
3457 1507 3652 1551 natura

2073 1583 2389 1654 passionum
2403 1601 2747 1656 nequaquam
2765 1587 2950 1656 capaci
2974 1587 3256 1656 praeditus,
3289 1587 3569 1643 descendit
3595 1598 3653 1642 ut

396 1662 534 1734 πρὸς
583 1663 644 1716 τὸ
690 1664 957 1733 ἐνωθῆναι
1003 1664 1082 1734 τῷ
1139 1663 1404 1734 παθητῷ,
1457 1665 1544 1720 ἵνα
1586 1667 1619 1737 ἡ
1664 1666 1859 1729 ἓνωσις
1911 1667 1964 1720 τὸ

2075 1676 2326 1730 uniretur
2363 1678 2631 1747 passibili,
2685 1689 2748 1733 ut
2785 1679 2919 1733 unio
2962 1679 3269 1748 passionem
3294 1695 3510 1749 quoque
3539 1681 3652 1734 Deo

397 1755 566 1818 πάθος
619 1755 818 1826 ποιήσῃ
862 1755 956 1808 καὶ
998 1755 1094 1809 τοῦ
1137 1755 1312 1816 Θεοῦ,
1365 1755 1662 1826 ἐπειδήπερ
1714 1759 1746 1827 ἡ
1810 1755 1970 1825 φύσις

394 1843 488 1897 τοῦ
516 1843 652 1898 Θεοῦ
683 1845 789 1897 τῶν
819 1844 1159 1915 παθημάτων
1191 1847 1291 1898 οὐκ
1311 1840 1378 1916 ἦν
1399 1845 1641 1917 δεκτική.
1677 1849 1789 1901 Και
1815 1847 1972 1901 τοῦτο

391 1934 569 2005 δηλῶν
606 1937 635 1988 ό
685 1935 860 2004 μέγας
903 1937 1114 2000 Παῦλος
1157 1936 1332 2004 ἐλεγεο
1376 1957 1394 1988 ι
1439 1937 1797 2009 Κηρύσσομεν
1837 1938 1970 1992 Θεοῦ

395 2026 587 2095 σοφίαν
611 2029 669 2081 ὲν
704 2028 989 2100 μυστηρίῳ
1023 2029 1120 2098 τὴν
1153 2030 1674 2101 ἀποκεκρυμμένην,
1703 2031 1770 2101 ῆν
1798 2031 1974 2095 οὐδεὶς

393 2119 501 2171 τῶν
546 2120 825 2190 ἀρχόντων
867 2119 962 2174 τοῦ
1006 2121 1201 2184 αἰῶνος
1229 2121 1421 2175 τούτου
1471 2122 1726 2191 ἔγνωκεν.
1759 2124 1821 2176 Εί
1863 2122 1972 2194 γὰρ

394 2210 658 2278 ἔγνωσαν,
677 2211 853 2265 οὐκᾶν
876 2213 974 2282 τῆς
1005 2212 1164 2283 δόξης
1193 2212 1284 2267 τὸν
1318 2213 1522 2285 Κύριον
1550 2214 1920 2286 ἐσταύρωσαν.
1943 2237 1960 2269 ι

394 2302 504 2354 Καὶ
533 2303 640 2373 μὴν
661 2305 688 2356 6
722 2301 922 2372 Κύριος
943 2304 1046 2372 τῆς
1072 2303 1230 2375 δόξης
1253 2307 1402 2360 ἐστὶν
1439 2305 1679 2378 ἀπαθής⁸
1709 2307 1824 2360 ἀλλ’
1857 2307 1973 2361 ἑδέ-

393 2392 524 2459 ξατο
565 2393 818 2465 σταυρὸν,
846 2393 1052 2458 ένώσας
1077 2395 1257 2466 ἑαυτῷ
1289 2396 1351 2448 τὸ
1395 2396 1628 2467 πάσχειν
1654 2397 1968 2467 δυνάμενον.

394 2485 564 2538 Τοῦτο
589 2487 681 2538 καὶ
712 2485 914 2556 Πέτρος
939 2489 966 2539 6
997 2486 1168 2556 μέγας
1207 2488 1635 2558 ἐμνημόνευσεν,
1669 2490 1758 2542 ὅτε
1789 2489 1882 2544 τὸν
1909 2493 1972 2544 ὲκ

391 2579 616 2647 γενετῆς
661 2577 832 2647 χωλὸν
863 2576 1232 2650 ἐθεράπευσε,
1261 2580 1358 2633 καὶ
1387 2578 1745 2648 ἐθαυμάζετο,
1786 2581 1971 2644 ἀτενὲς

391 2666 641 2736 ὁρώντων
671 2670 750 2731 είς
778 2669 938 2721 αὐτὸν
969 2669 1077 2722 τῶν
1119 2670 1409 2736 Ἰουδαίων,
1459 2671 1551 2724 καὶ
1591 2670 1967 2740 ἐκπληττομέ.

390 2778 496 2815 νων
533 2760 624 2813 ἐπὶ
643 2759 720 2830 τῷ
748 2760 1007 2829 θαύματι·
1041 2760 1176 2832 πρὸς
1204 2760 1296 2823 οὓς
1323 2762 1772 2831 ἀποκρινόμενος,
1798 2761 1973 2825 οὕτως

391 2851 512 2920 ἔφη’
551 2869 569 2900 ι
603 2850 826 2921 Ἀνδρες
867 2851 1216 2922 Ἰσραηλῖται,
1243 2851 1294 2902 τί
1322 2850 1630 2920 θαυμάζετε
1659 2852 1751 2904 ἐπὶ
1778 2851 1971 2922 τούτῳ,

390 2942 569 3012 ἢὴμῖν
594 2940 645 2994 τί
665 2941 958 3006 ἀτενίζετε,
976 2941 1050 3004 ὡς
1076 2941 1182 3012 ἰδίᾳ
1200 2941 1472 3011 δυνάμειῆ
1498 2941 1572 3012 (1)
1591 2942 1840 3012 εὐσεϐείᾳ
1873 2961 1971 2996 πε-

2073 1781 2420 1821 communem
2450 1766 2674 1834 faceret,
2707 1768 3150 1839 quandoquidem
3179 1769 3276 1823 Dei
3302 1778 3497 1824 natura
3524 1785 3649 1839 pas-

2072 1857 2255 1912 siones
2283 1859 2568 1928 suscipere
2616 1876 2728 1914 non
2771 1867 3011 1929 poterat.
3050 1859 3120 1912 Et
3154 1860 3259 1914 hoc
3297 1875 3524 1930 magnus
3560 1860 3650 1914 ille

2071 1947 2274 2002 Paulus
2309 1948 2625 2020 significans
2667 1951 2924 2005 dicebat:
2975 1969 2993 2002 ι
3024 1950 3394 2005 Praedicamus
3427 1951 3522 2005 Dei
3561 1967 3649 2004 sa-

2071 2037 2336 2106 pientiam
2392 2041 2449 2094 in
2505 2041 2766 2112 mysterio
2817 2041 3216 2106 absconditam,
3271 2057 3433 2110 quam
3487 2055 3651 2095 nemo

2071 2129 2381 2200 principum
2406 2131 2572 2202 hujus
2595 2132 2781 2186 saeculi
2807 2133 3083 2203 cognovit.
3112 2132 3169 2188 Si
3193 2133 3340 2187 enim
3370 2134 3652 2203 cognovis-

2070 2230 2212 2286 sent,
2245 2237 2355 2276 non
2381 2223 2570 2292 utique
2598 2224 2891 2278 Dominum
2913 2225 3104 2294 gloriae
3123 2223 3526 2278 cruciﬁxissent
3548 2226 3587 2278 ".
3623 2245 3641 2276 ι

2069 2307 2139 2360 Ει
2187 2306 2412 2376 quidem
2469 2307 2736 2362 Dominus
2773 2307 2963 2376 gloriae
3005 2317 3091 2361 est
3119 2307 3469 2377 impassibilis
3502 2324 3517 2372 ;
3553 2308 3649 2363 sed

2070 2396 2268 2452 uniens
2294 2396 2622 2467 sibimetipsi
2648 2398 2792 2468 quod
2819 2399 2931 2467 pati
2952 2407 3191 2468 poterat,
3215 2414 3433 2453 crucem
3458 2400 3646 2454 subiit.

2068 2487 2220 2542 Idem
2261 2504 2482 2558 quoque
2523 2505 2755 2559 magnus
2799 2490 2892 2545 ille
2931 2490 3126 2544 Petrus
3163 2491 3644 2556 commemorabat,

2069 2595 2196 2635 cum
2243 2581 2499 2635 claudum
2523 2597 2590 2636 ex
2621 2590 2780 2636 utero
2803 2582 2997 2636 matris
3019 2596 3229 2635 summa
3249 2581 3492 2635 omnium
3520 2597 3645 2636 cum

2069 2672 2433 2728 admiratione
2475 2683 2762 2737 sanasset;
2804 2681 2860 2727 et
2900 2673 3104 2727 Iudaeis
3152 2671 3274 2726 fixis
3311 2673 3486 2726 oculis
3517 2688 3644 2726 eum

2070 2761 2415 2816 intuentibus
2460 2769 2516 2816 et
2572 2762 2838 2817 miraculo
2891 2763 3159 2834 attonitis,
3217 2763 3273 2816 in
3318 2763 3435 2816 haec
3479 2764 3644 2818 verba

2070 2851 2470 2922 responderet:
2520 2871 2537 2903 ι
2584 2853 2698 2908 Viri
2748 2854 3042 2916 Israelitaa,
3070 2853 3220 2922 .quid
3267 2853 3542 2908 miramini
3583 2854 3639 2907 in

2072 2941 2196 3005 hoc,
2238 2951 2333 2996 aut
2372 2957 2474 2997 nos
2517 2944 2650 3012 quid
2693 2944 3006 3007 intuemini,
3040 2944 3196 3013 quasi
3230 2952 3414 2998 nostra
3438 2944 3642 2999 virtute

389 3009 641 3102 formidat
659 3031 753 3085 τοῦ
773 3035 1095 3102 περιπατεῖν
1111 3009 1293 3096 cuit/iv;
1329 3009 1388 3085 ’ΘΟ
1408 3009 1539 3096 Θεὸς
1556 3009 1844 3103 ’Ἅϐραὰμς
1869 3035 1964 3086 καὶ

2069 3040 2164 3086 aut
2212 3034 2412 3102 pietate
2447 3009 2742 3087 fecerimus
2781 3035 2928 3088 hunc
2953 3009 3274 3088 ambulare?
3297 3035 3442 3089 Deus
3472 3034 3643 3088 Abra-

403 3124 606 3188 Ἰσαὰκ,
624 3123 718 3176 καὶ
735 3122 950 3189 Ἰακὼϐ,
968 3127 994 3176 6
1011 3124 1141 3186 Θεὸς
1158 3122 1264 3176 τῶν
1284 3123 1536 3194 πατέρων
1549 3127 1579 3188 ἡ
1590 3124 1729 3193 μῶν,
1748 3123 1963 3187 ὲδόξασε

385 3215 478 3266 τὸν
509 3215 673 3268 παῖδα
699 3213 865 3268 αὑτοῦ
907 3215 1134 3284 Ἰησοῦν,
1167 3215 1226 3267 ὃν
1257 3215 1415 3284 ὑμεῖς
1449 3215 1803 3284 παρεδώκατε
1826 3255 1840 3278 ,
1872 3215 1965 3267 καὶ

387 3303 696 3374 ἠρνήσασθε
727 3304 866 3358 κατά
897 3306 1185 3376 πρόσωπον
1215 3306 1448 3360 Πιλάτου
1469 3347 1483 3370 ,
1513 3305 1799 3375 κρίναντος
1821 3305 1964 3357 ἐκεί-

388 3411 478 3448 νου
508 3395 781 3450 ἀπολύειν.
825 3395 1014 3466 Ὑμεῖς
1044 3395 1100 3450 δὲ
1139 3398 1231 3449 τὸν
1257 3397 1411 3465 ἅγιον
1438 3398 1530 3449 καὶ
1561 3396 1767 3448 δίκαιον
1794 3395 1964 3466 ἠρνή-

392 3485 578 3552 σασθε,
608 3487 704 3541 καὶ
737 3487 1014 3558 ᾐτήσασθε
1043 3487 1211 3560 ἄνδρα
1241 3487 1411 3557 φονέα
1443 3487 1770 3558 χαρισθῆναι
1810 3487 1958 3556 ὑμῖν,

385 3581 475 3634 τὸν
509 3581 566 3634 δὲ
604 3581 846 3652 ἀρχηγὸν
872 3583 974 3651 τῆς
998 3580 1145 3650 ζωῆς
1183 3579 1566 3634 ἀπεκτείνατε.
1607 3598 1625 3631 ›
1657 3579 1768 3631 Καὶ
1800 3577 1907 3647 μὴν
1933 3577 1960 3628 ὁ

384 3673 483 3742 τῆς
504 3674 651 3743 ζωῆς
674 3673 830 3744 ἡμῶν
855 3673 1098 3745 ἀρχηγὸς
1123 3671 1387 3734 ἀθάνατός
1409 3672 1574 3722 ἐστιν·
1602 3671 1714 3724 ἀλλ’
1743 3670 1962 3734 ἐνωθεὶς

384 3765 462 3835 τῷ
491 3765 668 3835 θνητῷ
692 3765 1028 3835 ἀπεκτάνθη,
1055 3763 1239 3834 φησίν.
1272 3763 1334 3815 Ἦ
1368 3761 1475 3830 γὰρ
1506 3764 1584 3824 είς
1611 3761 1742 3814 Θεὸν
1772 3762 1960 3825 ἒνωσις

383 3857 483 3910 οὐκ
509 3857 732 3928 ἀφίησιν
780 3859 858 3919 είς
893 3855 1180 3926 ἄνθρωπον
1225 3852 1384 3922 μόνον
1420 3852 1860 3922 περιγράφεσθαι
1893 3853 1960 3906 τά

384 3947 696 4018 παθήματα.
728 3947 826 4000 Διά
851 3944 1007 3998 τοῦτο
1039 3945 1095 3997 δὲ
1121 3943 1211 3997 τὸν
1245 3944 1507 4014 μονογενῆ
1542 3943 1666 3996 Υίὸν
1698 3942 1792 3996 τοῦ
1820 3942 1956 3997 Θεοῦ

383 4041 536 4093 καλεῖ
589 4037 814 4107 Ἰησοῦν,
844 4036 941 4106 τὴν
971 4035 1345 4105 προσηγορίαν
1375 4035 1474 4105 τὴν
1506 4037 1570 4088 ὲκ
1600 4034 1698 4104 τῆς
1738 4033 1960 4104 Μαρίας

383 4129 631 4182 τεθεῖσαν
672 4127 750 4196 τῷ
781 4128 968 4197 βρέφει
1020 4126 1215 4192 ἐκείνῳ
1259 4126 1586 4197 γεγενῆσθαι
1635 4124 1828 4195 δηλῶνο
1865 4125 1957 4178 καὶ

383 4220 473 4273 τὸν
520 4219 683 4274 αὑτὸν
734 4218 897 4272 πάλιν
929 4219 1024 4272 καὶ
1079 4218 1284 4286 Ἰησοῦν
1334 4218 1518 4280 καλεῖ,
1568 4220 1662 4270 καὶ
1717 4218 1956 4289 ἀρχηγὸν

384 4307 780 4380 προσαγορεύει
816 4307 980 4380 ζωῆς·
1012 4308 1102 4361 τὸν
1145 4309 1306 4361 αὑτὸν
1337 4309 1568 4379 ποιητήν
1596 4325 1656 4361 τε
1681 4309 1818 4379 ὁμοῦ
1847 4308 1955 4363 τῶν

381 4401 636 4453 ἁπάντων
660 4400 894 4464 δεικνὺς,
919 4400 1013 4452 καί
1036 4397 1320 4469 ἄνθρωπον
1345 4397 1572 4452 θανάτου
1593 4400 1948 4469 γευσάμενον.

449 4488 522 4542 Δ’.
565 4489 673 4540 Καὶ
695 4489 789 4556 ¹ἵνα
818 4487 892 4558 μὴ
917 4487 1104 4540 τοῦτον
1146 4487 1265 4556 μὲν,
1305 4486 1482 4553 ἀλλον,
1510 4487 1696 4559 ἕτερον
1725 4489 1781 4543 δὲ
1808 4490 1952 4542 ἐκεῖ·

379 4597 468 4632 νον
512 4583 638 4650 νοῇς
661 4621 674 4645 ,
725 4582 836 4642 τοῖς
868 4579 1230 4651 ἀνθρωπίνοις
1257 4581 1286 4632 6
1331 4579 1544 4642 Παῦλος
1584 4581 1854 4649 ἀναμίξας
1884 4582 1954 4636 τὰ

379 4671 556 4736 θεῖκά,
589 4672 825 4744 ἑκάτερα
856 4673 984 4743 περὶ
1024 4672 1142 4734 ὲνὸς
1169 4671 1263 4722 καὶ
1297 4669 1390 4724 τοῦ
1416 4669 1578 4722 αὐτοῦ
1611 4669 1760 4737 λέγει
1780 4687 1792 4700 ο
1821 4669 1951 4723 Θεὸν

376 4764 588 4827 δεικνὺς
622 4765 915 4834 γενόμενον
943 4763 1246 4836 ἄνθρωπονο
1277 4762 1369 4814 καὶ
1391 4761 1476 4814 διὰ
1502 4758 1658 4814 τοῦτο
1681 4761 1773 4814 τὸν
1791 4761 1952 4814 αὑτὸν

376 4855 444 4908 τὰ
471 4856 568 4924 μὲν
599 4856 928 4927 ἐνεργοῦντα
959 4855 1175 4920 θεῖκῶς,
1210 4855 1277 4909 τὰ
1309 4854 1366 4907 δὲ
1398 4855 1476 4916 ὼς
1504 4854 1787 4925 ἄνθρωπον
1816 4855 1950 4908 ὑπο-

379 4946 629 5016 μένονταο
657 4948 718 5000 οὐ
753 4948 1181 5019 μεταϐληθέντος
1202 4946 1360 5008 Θεοῦ,
1391 4945 1512 4998 οὐδὲ
1539 4945 1599 4997 τὸ
1627 4945 1949 5015 φαινόμενον

372 5036 737 5107 ᾁευσαμένου.
785 5037 1094 5108 Παράδοξος
1137 5038 1245 5108 γὰρ
1293 5039 1325 5108 ἡ
1379 5037 1574 5099 ἓνωσις
1613 5037 1853 5104 γέγονεν’
1900 5039 1949 5088 εί

372 5129 480 5199 γάρ
529 5129 796 5199 σύγχυσις
849 5129 1064 5200 φύσεων
1121 5129 1294 5184 ἐποίει
1326 5129 1424 5201 τὴν
1478 5129 1698 5202 ἕνωσιν⁹
1732 5130 1832 5181 οὑκ
1881 5124 1948 5198 ἦν

447 5281 466 5310 ⁷
495 5279 514 5332 1
544 5278 669 5332 Cor.
694 5295 766 5340 χι,
808 5300 851 5342 ι,
877 5281 930 5332 8.
1008 5283 1028 5312 ⁸
1051 5281 1169 5335 Act.
1198 5297 1274 5345 tu,
1301 5281 1486 5334 lii-15.

450 5436 522 5506 (l)
561 5435 868 5506 ιῑὺίγεϐείςιΪ
908 5436 1168 5506 Vulgutus
1201 5435 1472 5506 interpres
1517 5436 1751 5506 legebat,
1789 5434 1939 5496 ἐξου-

375 5503 483 5575 σίᾳ,
505 5503 796 5575 potestate.
827 5503 1194 5575 Nequcalite_r
1217 5503 1657 5575 Chrysostomus,
1697 5505 1854 5575 Hom.
1886 5505 1940 5556 in

372 5571 534 5634 illud,
561 5573 724 5627 Filius
769 5590 831 5627 ex
865 5571 935 5626 se,
971 5571 1098 5626 nihil
1142 5572 1288 5640 facit,
1336 5571 1464 5643 opp.
1516 5582 1649 5627 tom.
1694 5574 1780 5639 Vl,
1817 5587 1938 5644 pag.

2066 3124 2191 3178 ham
2222 3132 2276 3177 et
2300 3125 2447 3178 Isaac
2469 3133 2526 3178 et
2545 3124 2734 3189 Iacob,
2763 3125 2908 3180 Deus
2935 3134 3152 3194 patrum
3184 3133 3496 3178 nostrorum
3530 3125 3644 3194 glo-

2063 3213 2299 3267 rificavit
2337 3213 2530 3267 Filium
2570 3230 2728 3270 suum
2765 3214 2973 3278 Iesum,
3009 3229 3173 3284 quem
3204 3229 3302 3269 vos
3339 3213 3642 3268 tradidistis

2061 3313 2118 3358 et
2166 3306 2404 3374 negastis
2450 3314 2575 3360 ante
2617 3305 2812 3360 faciem
2853 3305 3040 3369 Pilati,
3077 3305 3360 3375 judicante
3411 3305 3506 3359 illo
3557 3304 3641 3359 di-

2066 3397 2209 3452 mitti
2253 3415 2264 3448 :
2308 3411 2406 3449 vos
2448 3404 2630 3450 autem
2671 3404 2919 3450 sanctum
2949 3406 3006 3449 et
3029 3396 3239 3464 justum
3291 3396 3551 3464 negastis,
3582 3404 3640 3450 et

2061 3487 2297 3558 petiistis
2334 3487 2512 3540 virum
2557 3486 2886 3540 homicidam
2913 3486 3105 3539 donari
3133 3486 3326 3550 vobis;
3354 3494 3634 3540 auctorem

2060 3595 2194 3635 vero
2223 3579 2348 3633 vitze
2377 3577 2728 3632 interfecistis
2751 3576 2792 3630 ⁸.
2837 3596 2854 3628 ι
2888 3575 3052 3646 Atqui
3074 3584 3266 3630 auctor
3286 3576 3411 3630 vitae
3437 3585 3636 3632 nostrae

2061 3671 2384 3728 immortalis
2442 3679 2561 3735 est,
2613 3668 2708 3724 sed
2753 3668 2968 3722 unitum
3017 3668 3232 3722 mortali
3285 3667 3633 3723 interfectum

2061 3767 2257 3822 asserit
2281 3783 2295 3818 :
2323 3779 2448 3818 nam
2479 3763 2610 3818 unio
2632 3777 2757 3816 cum
2787 3762 2898 3816 Deo
2921 3777 3032 3816 non
3061 3761 3332 3830 permittit
3351 3761 3632 3830 passiones

2062 3857 2118 3910 in
2153 3856 2269 3910 solo
2304 3855 2526 3910 homine
2559 3852 2958 3908 circumscribi.
2994 3852 3121 3906 ldeo
3166 3860 3349 3906 autem
3378 3854 3630 3922 unigeni-

2060 3953 2178 4001 tum
2205 3945 2301 4000 Dei
2336 3945 2533 4000 Filium
2556 3943 2744 3998 Jesum
2767 3943 3022 4014 appellat,
3051 3942 3156 3997 hoc
3176 3958 3375 3997 nomen
3399 3944 3631 4013 puerulo

2060 4037 2140 4092 illi
2189 4053 2255 4092 ex
2306 4036 2473 4091 Maria
2522 4043 2652 4090 nato
2699 4034 3017 4106 impositum
3058 4033 3228 4088 fuisse
3269 4034 3624 4104 significans:

2059 4145 2358 4198 rursusque
2397 4128 2650 4184 eumdem
2690 4137 2746 4182 et
2792 4127 2981 4184 Jesum
3026 4133 3205 4190 vocat,
3258 4134 3314 4180 et
3351 4135 3629 4180 auctorem

2058 4221 2184 4276 vitae
2215 4221 2470 4291 appellat,
2506 4220 2760 4276 eumdem
2789 4220 2952 4274 simul
2991 4228 3048 4274 et
3073 4225 3378 4274 creatorem
3412 4217 3630 4272 univer-

2058 4329 2266 4375 sorum,
2293 4321 2349 4368 et
2370 4311 2647 4366 hominem
2670 4309 2765 4380 qui
2785 4318 3017 4364 mortem
3039 4308 3295 4379 gustavit,
3316 4306 3625 4363 ostendens.

2129 4489 2217 4543 IV.
2273 4488 2340 4542 Et
2392 4503 2461 4541 ne
2507 4486 2676 4540 alium
2723 4488 2872 4539 hunc
2919 4484 2988 4538 ab
3022 4483 3115 4538 illo
3162 4483 3388 4552 cogites,
3429 4481 3631 4536 Paulus

2058 4581 2314 4636 humanis
2361 4580 2544 4634 divina
2599 4577 2952 4648 permiscens,
3000 4585 3233 4645 utraque
3267 4575 3336 4629 de
3389 4590 3500 4628 uno
3533 4589 3629 4628 eo-

2057 4673 2291 4741 demque
2323 4669 2640 4741 pronuntiat
2667 4686 2682 4736 ;
2713 4667 3007 4724 ostendens
3035 4667 3206 4720 Deum
3237 4665 3514 4719 hominem
3551 4663 3630 4718 fa-

2059 4773 2230 4829 ctum,
2282 4763 2516 4831 ideoque
2563 4760 2818 4816 eumdem
2857 4758 3056 4830 partim
3093 4765 3417 4828 operantem
3456 4755 3630 4810 instar

2057 4856 2175 4919 Dei,
2227 4853 2426 4923 partim
2474 4862 2535 4907 ut
2581 4853 2860 4908 hominem
2905 4850 3254 4921 passionibus
3287 4846 3624 4902 obnoxium:

2057 4944 2379 5012 neutiquam
2413 4951 2622 4996 mutato
2659 4943 2772 4995 Deo
2808 4955 2910 4994 nec
2945 4938 3184 5008 speciem
3220 4952 3326 5006 qua
3374 4934 3629 5005 apparuit

2057 5035 2378 5091 mentiente.
2417 5033 2682 5088 Mirabilis
2713 5031 2862 5086 enim
2885 5031 3025 5084 facta
3066 5030 3170 5084 fuit
3206 5029 3379 5084 unio:
3422 5041 3545 5081 nam
3581 5025 3626 5081 si

2055 5137 2374 5182 naturarum
2413 5124 2662 5180 confusio
2699 5122 2959 5176 unionem
2995 5121 3252 5186 efﬁceret,
3294 5119 3346 5174 id
3372 5116 3517 5189 quod
3546 5116 3626 5170 fa-

2047 5435 2172 5497 26‘,
2200 5434 2294 5502 qui
2320 5441 2498 5487 tamen
2522 5432 2650 5486 alibi
2675 5428 2843 5502 semel
2870 5429 3177 5502 iterumque
3213 5427 3402 5502 habet,
3430 5441 3621 5502 quem-

2049 5497 2346 5558 admodum
2374 5504 2722 5565 Theodotus,
2759 5500 3010 5570 εὐσεϐείᾳ
3034 5540 3048 5564 ,
3087 5497 3215 5554 tom.
3246 5499 3310 5563 V,
3339 5514 3459 5569 pag.
3499 5497 3620 5563 192,

2050 5585 2104 5628 ct
2131 5585 2262 5630 tom.
2301 5572 2393 5630 1x.
2422 5587 2541 5642 pag.
2584 5574 2668 5627 69.
