4062 6202
528 82 670 144 1513

1614 77 1958 135 TIIEODOTI
1995 75 2302 136 EPISCOPI
2342 77 2690 139 ANCYRANI

3629 67 3770 131 {320

526 210 675 259 ctum
725 208 810 254 est
848 213 1191 269 nequaquam
1220 206 1365 253 esset
1396 196 1718 250 miraculum
1747 215 1759 249 :
1787 212 1933 251 nunc
1965 211 2094 251 vero

2200 196 2383 267 θαῦμα
2415 197 2476 250 τὸ
2514 192 2898 265 γεγενημένον·
2944 191 3039 246 νῦν
3082 193 3140 245 δὲ
3182 191 3409 262 σημεῖόν
3456 190 3509 243 τί
3556 209 3639 244 σοι
3677 193 3779 248 καὶ

524 291 741 360 signum
773 288 1015 358 aliquod,
1044 295 1100 341 et
1138 288 1271 341 illud
1295 287 1517 356 quidem
1546 287 1957 349 miraculosum,
1998 287 2094 341 tibi

521 380 780 435 ostendit.
815 380 938 433 Noli
972 379 1140 449 igitur
1162 378 1426 432 rationem
1463 393 1710 447 quaerere
1748 379 1803 432 in
1842 379 1911 433 iis
1973 393 2097 447 quae

521 485 687 541 supra
718 470 984 524 rationem
1028 470 1168 523 facta
1201 477 1258 524 et
1296 469 1622 524 miraculose
1645 479 1955 539 perpetrata
1980 470 2097 524 fue-

522 569 654 616 runt
680 561 885 616 virtute
911 561 1096 615 divina
1125 577 1138 614 :
1177 578 1299 631 qua:
1329 563 1553 633 quidem
1587 570 1796 616 natura:
1827 562 2095 617 rationem

521 654 770 724 suscipit,
798 654 893 708 sed
917 654 1218 708 humanum
1244 654 1591 710 intellectum
1622 663 1933 724 exsuperat.
1960 656 2095 709 Nam

521 745 565 800 si
607 744 980 814 generationis
1020 744 1322 799 secundum
1373 760 1593 800 carnem
1650 745 1918 800 rationem
1972 756 2099 815 pro-

520 835 663 890 ferre
708 838 905 905 nequis
947 834 1220 906 (eamdem
1256 836 1405 891 enim
1449 846 1506 891 et
1538 836 1816 907 Virginem
1859 852 2000 901 esse,
2040 844 2098 891 et

520 926 749 980 Matrem
795 928 1055 993 evasisse,
1109 936 1321 982 natura:
1372 928 1514 982 ratio
1560 928 1797 999 ignorat,
1853 929 1949 984 sed
1997 928 2096 983 Dei

520 1017 698 1071 virtus
742 1034 805 1072 ac
858 1019 1100 1087 potentia
1152 1020 1203 1074 id
1244 1020 1525 1086 ostendit;
1574 1028 1631 1075 et
1673 1036 1866 1075 omnes
1910 1022 2003 1091 qui
2038 1038 2095 1076 se

518 1106 862 1163 Christianos
886 1125 1005 1164 esse
1026 1110 1347 1180 gloriantur,
1378 1111 1432 1164 id
1463 1127 1569 1165 una
1592 1111 1877 1166 nobiscum
1902 1112 2096 1181 utique

520 1201 803 1270 fatentur),
833 1201 1057 1269 quinam
1090 1198 1421 1257 ineil'abiletn
1441 1203 1538 1257 Dei
1557 1218 1680 1257 cum
1700 1203 1918 1257 homine
1940 1203 2098 1256 unio-

520 1309 647 1348 nem
692 1293 902 1347 ratione
941 1294 1231 1363 exquiris?
1271 1294 1385 1363 Ego
1422 1310 1553 1348 vero
1591 1294 1845 1348 existimo
1884 1294 2095 1348 homini

520 1393 671 1439 recte
710 1384 971 1439 sentienti
1010 1384 1065 1438 in
1117 1384 1309 1454 primis
1359 1384 1647 1439 sciendum
1706 1384 1839 1454 quid
1879 1386 1945 1438 de
1984 1386 2096 1438 Deo

2198 288 2497 360 παράδοξον
2526 287 2781 340 δείκνυσι.
2812 283 2904 355 Μὴ
2925 284 3101 337 τοίνυν
3126 282 3280 352 ζήτει
3308 283 3465 351 λόγον
3492 282 3600 335 τῶν
3634 285 3782 351 ὑπὲρ

2196 380 2355 449 λόγον
2394 379 2701 450 γενομένων
2748 377 2843 430 καὶ
2875 374 3471 446 θαυματουργηθέντων
3517 375 3582 427 ὲκ
3617 375 3783 429 δυνά-

2200 484 2344 542 μεως
2375 469 2582 540 θεῖκῆςο
2616 467 3029 537 καταλαϐούσης
3060 468 3157 537 μὲν
3196 467 3289 519 τὸν
3325 466 3483 535 λόγον
3526 466 3630 535 τῆς
3674 467 3782 535 φύ-

2198 576 2357 626 σεως,
2402 556 2813 629 ὑπερϐαλούσης
2848 555 2905 609 δὲ
2949 556 3047 620 τὰς
3082 555 3387 626 ἀνθρώπων
3433 556 3667 617 ἐννοίας.
3716 555 3783 608 Εἰ

2197 653 2306 722 γὰρ
2341 652 2435 705 τοῦ
2467 651 2608 705 κατὰ
2637 651 2817 721 σάρκα
2859 649 3020 701 τόκου
3059 647 3217 714 λόγον
3248 646 3347 699 οὐκ
3387 645 3529 715 ἔχεις
3570 647 3775 697 εἰπεῖν’

2195 743 2257 796 τὸ
2279 742 2388 815 γὰρ
2412 743 2508 812 τὴν
2537 742 2704 812 αὐτὴν
2733 735 2873 794 εἶναι
2906 737 3201 809 Παρθένον,
3233 735 3328 790 καὶ
3356 736 3638 804 γεγονέναι
3656 737 3779 806 Μη-

2197 834 2349 905 τέρα,
2386 835 2445 887 ού
2480 834 2734 905 γνωρίζει
2775 832 2876 903 μὲν
2906 834 2935 885 6
2965 830 3123 899 λόγος
3144 830 3243 899 τῆς
3269 828 3507 899 φύσεως,
3538 831 3573 899 ἡ
3600 828 3659 881 δὲ
3680 824 3776 882 τοῦ

2197 924 2333 978 Θεοῦ
2352 925 2579 995 δύναμις
2598 924 2671 996 (2)
2695 924 2862 990 εδοξεο
2887 923 2980 976 καὶ
3005 921 3164 975 τοῦτο
3182 922 3382 984 πάντες
3398 914 3463 974 ἂν
3494 923 3630 991 ἡμῖν
3651 936 3775 973 συν-

2197 1017 2612 1088 ομολογήσαιεν,
2665 1017 2713 1068 oi
2752 1013 3046 1084 αὐχοῦντες
3093 1009 3235 1067 εἶναι
3269 1014 3621 1085 Χριστιανοί·
3660 1013 3777 1075 πῶς

2195 1108 2295 1176 τὴν
2323 1107 2632 1177 ἀπόρρητον
2651 1104 2844 1158 ἕνωσιν
2872 1104 3007 1157 Θεοῦ
3036 1103 3173 1174 πρὸς
3201 1104 3291 1156 τὸν
3318 1103 3607 1173 ἄνθρωπον
3633 1103 3776 1174 λόγῳ

2197 1196 2413 1266 ζητεῖςς
2456 1195 2596 1247 Ἀλλ’
2638 1190 2790 1265 οἴμαι
2820 1195 2910 1248 τὸν
2941 1194 3306 1265 εύιρρονοῦντα
3334 1195 3617 1266 προσῆκεν
3646 1196 3776 1249 εἰδέ-

2196 1290 2288 1342 ¹ναι
2322 1288 2373 1341 τί
2406 1289 2503 1359 μὲν
2524 1289 2705 1357 ζητεῖν
2736 1289 2864 1359 περὶ
2896 1286 3031 1340 Θεοῦ
3056 1331 3071 1352 ,
3097 1286 3150 1338 τί
3181 1287 3236 1339 δὲ
3263 1287 3540 1341 πιστεύειν
3562 1286 3773 1356 ὀφείλο-

2203 1399 2322 1454 μεψ
2353 1383 2451 1435 ὅσα
2481 1382 2578 1450 μὲν
2604 1380 2712 1451 γὰρ
2744 1381 2883 1433 κατὰ
2914 1379 3011 1451 τὴν
3038 1379 3315 1449 ἡμετέραν
3349 1380 3562 1448 ἐνεργεῖ
3592 1377 3770 1446 φύσιν,

519 1489 768 1542 quaerere
823 1481 880 1527 et
930 1474 1062 1542 quid
1112 1474 1339 1529 credere
1391 1484 1693 1544 oporteat:
1756 1491 2094 1545 quaecunque

2200 1474 2314 1527 ἐστι
2341 1474 2524 1543 ζητεῖν
2554 1473 2833 1542 διερευνᾷν
2870 1474 2991 1535 ταῖς
3015 1472 3261 1533 ἐννοίαις·
3296 1472 3396 1523 ὅσα
3424 1469 3482 1523 δὲ
3512 1470 3657 1541 ὑπὲρ
3687 1470 3773 1522 τὸν

520 1566 666 1620 enim
692 1565 994 1619 secundum
1031 1574 1273 1620 nostram
1314 1574 1565 1620 naturam
1606 1576 1886 1637 operatur,
1914 1583 1977 1622 ea
2006 1584 2094 1621 ex-

2200 1536 2466 1635 ἠμέτερον
2495 1536 2652 1631 λόγον
2678 1536 2895 1631 καὶ-τὴν
2923 1561 3085 1631 φύσιν
3112 1560 3556 1629 θαυματουργεῖ,
3599 1536 3773 1611 πίστει

519 1657 740 1725 quirere
786 1666 842 1711 et
879 1657 1168 1727 cogitando
1202 1660 1568 1729 pervestigare
1604 1659 1778 1724 licet;
1819 1659 1916 1713 sed
1953 1673 2100 1728 qum-

519 1764 737 1818 cunque
790 1765 954 1818 supra
1004 1750 1273 1804 rationem
1311 1759 1675 1819 naturamque
1714 1758 1957 1804 nostram
1997 1751 2099 1803 mi-

521 1842 771 1895 raculose
803 1850 1104 1910 perpetrat,
1141 1858 1206 1896 ea
1240 1842 1345 1896 ﬁde
1385 1851 1596 1907 tenere,
1638 1858 1749 1897 non
1790 1842 2097 1897 rationibus

519 1933 809 2000 exquirere
833 1932 1117 1987 debemus.
1142 1934 1459 2005 Cujusmodi
1478 1936 1682 1989 esthoc
1702 1936 1878 2004 ipsum
1898 1934 2098 1989 oratio-

520 2022 609 2076 nis
636 2031 838 2077 nostra:
875 2024 1203 2095 subjectum.
1231 2027 1579 2096 Propositum
1598 2036 1717 2082 erat
1736 2028 1848 2082 Deo
1868 2042 1967 2096 pro
2001 2027 2101 2081 ho-

520 2112 766 2167 minibus
817 2114 928 2182 pati
967 2132 979 2167 :
1035 2115 1163 2169 fecit
1209 2117 1357 2186 quod
1396 2118 1571 2172 voluit
1607 2135 1621 2170 :
1670 2136 1688 2167 ι
1723 2116 1916 2171 Omnia
1950 2118 2099 2173 enim

519 2219 861 2273 quascunque
882 2206 1058 2259 voluit
1083 2207 1367 2271 Dominus,
1395 2207 1523 2262 fecit
1545 2209 1587 2259 '.
1615 2226 1632 2258 ι
1658 2207 1778 2262 Non
1794 2208 2099 2263 secundum

520 2294 761 2349 divinam
808 2304 1062 2349 naturam
1096 2297 1373 2365 passibilis
1402 2296 1583 2351 factus
1614 2314 1627 2349 :
1661 2297 1846 2352 absiti
1882 2298 1977 2353 sed
2004 2314 2100 2368 po-

521 2393 646 2440 tens
668 2385 849 2439 facere
885 2385 1032 2455 quod
1064 2387 1249 2450 vellet,
1287 2387 1458 2441 subiit
1494 2386 1837 2442 nativitatem
1879 2403 1944 2442 ex
1979 2390 2100 2443 Vir—

520 2475 669 2546 gine,
706 2474 1155 2545 quandoquidem
1189 2477 1298 2546 jam
1326 2485 1452 2532 ante
1480 2478 1644 2533 homo
1678 2478 1796 2533 ﬁeri
1830 2479 2093 2534 subierat.

519 2564 625 2633 Qui
664 2582 794 2639 ergo
827 2583 999 2638 genus
1028 2577 1279 2623 nostrum
1314 2572 1576 2640 suscepit,
1610 2572 1953 2627 nativitatem
1986 2584 2095 2624 non

520 2659 825 2713 abhorruit.
851 2658 1028 2729 Atque
1059 2660 1163 2714 hoc
1192 2659 1371 2729 ipsum
1410 2662 1706 2716 ostendens
1746 2677 1976 2733 magnus
2008 2661 2098 2716 ille

521 2752 722 2807 Paulus
759 2753 879 2806 ait:
931 2771 949 2803 ι
976 2750 1121 2807 Misit
1151 2753 1294 2807 Deus
1325 2754 1520 2808 Filium
1567 2770 1727 2809 suum
1770 2755 1973 2810 factum
2029 2770 2097 2808 ex

2201 1658 2421 1727 κρατεῖν
2466 1654 2774 1723 ὀφείλομεν,
2816 1651 2878 1705 οὐ
2920 1651 3101 1723 ζητεῖν
3130 1651 3328 1717 λόγοις.
3386 1644 3514 1703 Οἴον
3553 1648 3687 1702 αὐτὸ
3713 1649 3772 1720 δὴ

2197 1748 2358 1802 τοῦτο
2388 1747 2483 1800 νῦν
2505 1746 2567 1799 τὸ
2594 1745 2669 1816 τῷ
2687 1745 2829 1814 λόγῳ
2856 1743 3231 1813 προκείμενον.
3262 1741 3457 1793 Εἴλατο
3480 1738 3617 1802 Θεὸς
3639 1739 3773 1809 ὑπὲρ

2200 1838 2501 1910 ἀνθρώπων
2527 1836 2742 1890 παθεῖν’
2766 1833 3067 1902 πεποίηκεν
3094 1833 3230 1902 ὅπερ
3248 1830 3504 1901 ἠθέλησε.
3540 1848 3559 1880 ι
3592 1828 3775 1883 Πάντα

2198 1931 2308 2002 γὰρ
2336 1930 2435 1983 ὅσα
2464 1928 2726 1998 ἠθέλησεν
2746 1928 2774 1981 ό
2803 1925 3003 1995 Κύριος
3036 1923 3311 1991 ἐποίησεν.
3348 1940 3366 1972 ι
3404 1922 3479 1974 Οὐ
3513 1920 3657 1974 κατὰ
3680 1918 3774 1989 τὴν

2199 2022 2385 2093 θεῖκὴν
2418 2019 2579 2090 φύσιν
2609 2019 2901 2088 γενόμενος
2924 2014 3188 2086 παθητὸς,
3215 2013 3417 2080 ἄπαγε·
3452 2011 3591 2064 ἀλλὰ
3619 2010 3773 2080 δυνη-

2199 2112 2315 2176 θείς
2368 2113 2504 2183 ὅπερ
2547 2109 2830 2179 ἠθέλησεν,
2891 2108 3071 2160 εἵλατο
3130 2106 3290 2158 τόκον
3347 2106 3412 2156 ἐκ
3463 2102 3768 2173 Παρθένου’

2200 2204 2386 2275 ἐπειδὴ
2431 2203 2538 2275 πρὸ
2568 2203 2757 2255 τούτου
2794 2200 3050 2270 γενέσθαι
3093 2199 3378 2270 ἄνθρωπος
3427 2196 3775 2259 κατεδέξατο.

2211 2300 2271 2352 ⁸0
2299 2295 2393 2353 οῦν
2417 2298 2478 2350 τὸ
2509 2297 2664 2365 γένος
2695 2296 2966 2365 ἐλόμενος,
2991 2296 3083 2347 τὸν
3121 2293 3276 2346 τόκον
3304 2292 3364 2345 οὐ
3396 2290 3772 2361 παρῃτήσατο.

2201 2389 2372 2441 Τοῦτο
2389 2388 2445 2440 δὲ
2463 2387 2555 2439 καὶ
2589 2384 2866 2455 σημαίνων
2894 2386 2923 2437 6
2954 2384 3124 2453 μέγας
3152 2382 3365 2445 Παῦλός
3394 2397 3579 2450 φησιν·
3604 2398 3627 2431 ι
3664 2379 3779 2443 Ἐξ-

2200 2478 2516 2532 απέστειλεν
2538 2477 2568 2528 6
2594 2477 2725 2539 Θεὸς
2750 2476 2842 2528 τὸν
2866 2475 2991 2529 Υἰὸν
3003 2474 3168 2528 αὑτοῦ
3188 2473 3479 2541 γενόμενον
3502 2474 3568 2523 ἐκ
3588 2486 3780 2538 γυναις

2201 2570 2314 2631 κόςο
2357 2587 2375 2618 ι
2414 2568 2496 2620 ὃτι
2534 2568 2624 2620 τὸν
2652 2566 2781 2620 ὄντα
2811 2568 2904 2620 καὶ
2934 2567 3024 2619 τὸν
3058 2567 3370 2634 γενόμενον,
3399 2563 3498 2615 ἕνα
3533 2565 3566 2633 η
3618 2563 3783 2631 χάρις

2200 2660 2423 2729 ἐποίησε
2448 2696 2463 2722 ,
2508 2656 3047 2729 θαυματουργοῦντος
3091 2656 3227 2709 Θεοῦ
3254 2695 3271 2718 ,
3315 2655 3415 2707 ούκ
3457 2652 3785 2722 ἀμείϐοντος

2203 2767 2412 2820 φυσεις.

522 2844 751 2898 muliere
788 2845 831 2875 ¹⁰
857 2860 871 2909 ;
919 2863 936 2893 ι
968 2843 1226 2913 quoniam
1257 2844 1409 2899 illum
1430 2846 1525 2916 qui
1559 2855 1679 2901 erat
1699 2855 1756 2901 et
1775 2847 1871 2915 qui
1892 2846 2067 2900 factus
2088 2850 2171 2897 est
2203 2842 2378 2912 gratia
2408 2855 2577 2896 unum
2603 2836 2751 2904 fecit,
2784 2838 2897 2893 Deo
2922 2837 3246 2893 miraculose
3278 2836 3333 2891 id
3362 2834 3661 2900 efﬁciente,
3688 2848 3785 2887 na-

522 2936 663 2990 turis
699 2949 810 2988 non
841 2935 1085 2989 mutatis.

589 3026 655 3082 ν.
687 3026 792 3082 Ubi
835 3043 967 3097 ergo
1018 3044 1165 3083 nunc
1222 3029 1314 3084 ille
1368 3037 1454 3085 est
1494 3031 1587 3100 qui
1640 3032 1881 3087 clamat:
1924 3033 2091 3098 lleus,

2268 3030 2343 3085 E'.
2362 3030 2469 3086 Ποῦ
2493 3046 2622 3084 ποτε
2654 3028 2749 3082 νῦν
2779 3029 2924 3081 ἐστιν
2952 3029 2980 3080 6
3006 3026 3164 3097 βοῶν’
3196 3027 3309 3080 Οὐκ
3342 3026 3547 3093 ἔτεκεν,
3580 3019 3629 3077 ὦ
3661 3023 3787 3095 w-

521 3118 665 3171 bone
692 3116 795 3180 vir,
831 3117 998 3171 Maria
1028 3134 1373 3189 nequaquam
1411 3121 1583 3175 Deum
1623 3123 1854 3192 genuit?
1893 3124 2092 3188 Solvis,

520 3223 555 3263 ο
607 3209 793 3273 homo,
836 3208 930 3262 Dei
978 3210 1043 3263 ad
1088 3210 1340 3265 homines
1380 3210 1950 3267 condescensionem:
1992 3213 2097 3268 hoc

520 3301 667 3356 enim
706 3309 789 3355 est
839 3301 1010 3355 Deum
1059 3302 1376 3358 hominibus
1430 3305 1905 3371 eondescendisse,
1948 3306 2094 3375 quod

520 3402 714 3448 natura
778 3394 921 3448 Deus
990 3395 1260 3450 exsistens
1318 3397 1729 3467 generationem
1779 3398 2096 3452 hominibus

521 3485 818 3538 salutarem
858 3485 1044 3539 subiit.
1081 3485 1252 3540 Tollis
1285 3487 1738 3557 generationem?
1776 3489 1941 3543 solvis
1969 3503 2097 3559 pro-

518 3575 663 3629 fecto
700 3583 755 3629 et
791 3576 1083 3629 salutarem
1110 3576 1651 3631 condescensionem.
1676 3577 1954 3647 lmprobas
1976 3594 2096 3648 gra-

522 3666 695 3719 tiam?
725 3682 858 3736 ergo
908 3674 962 3721 et
996 3667 1228 3721 salutem
1281 3668 1590 3736 perdidisti.
1644 3669 1819 3723 Pudet
1876 3678 1927 3723 te
1975 3671 2095 3739 ejus

519 3757 667 3827 quod
721 3757 923 3813 factum
970 3758 1095 3812 est?
1131 3758 1368 3814 Pudebit
1403 3774 1534 3828 ergo
1569 3762 1648 3815 tui
1692 3770 1749 3816 et
1798 3763 2093 3817 Dominum

518 3848 704 3904 Jesum
764 3850 818 3903 in
870 3865 1036 3921 regno
1084 3851 1370 3906 ccelorum.
1424 3871 1442 3904 ι
1476 3852 1871 3924 Quemcunque
1920 3854 2093 3921 enim,

519 3939 717 4008 inquit,
749 3940 918 4008 pudet
956 3940 1062 3994 mei
1102 3949 1158 3994 et
1195 3956 1444 3996 meorum
1485 3957 1823 4007 sermonum,
1872 3945 1992 4015 ejus
2035 3951 2096 4004 et

516 4046 605 4084 me
646 4030 873 4099 pudebit
895 4046 1077 4084 coram
1106 4032 1268 4086 Patre
1298 4048 1419 4087 meo
1442 4034 1535 4102 qui
1572 4043 1653 4088 est
1687 4036 1744 4089 in
1780 4036 1934 4090 cmlis
1966 4036 2028 4090 “.
2066 4055 2084 4088 ι

516 4120 585 4174 Et
619 4122 725 4175 nisi
765 4123 909 4175 Deus
937 4121 1081 4176 foret
1115 4123 1209 4191 qui
1247 4123 1484 4177 humana
1517 4126 1841 4191 sustinebat,
1872 4127 1969 4181 sed
1989 4127 2093 4181 hu-

514 4211 749 4266 manitas
782 4211 849 4265 ad
879 4212 1051 4265 instar
1081 4212 1257 4266 nostri
1295 4228 1325 4266 a
1358 4212 1562 4268 deitate
1592 4216 1859 4284 sejuncta,
1895 4224 2091 4272 neutra

514 4310 834 4357 naturarum
858 4303 1175 4372 pudendum
1205 4304 1336 4373 quid
1366 4306 1717 4375 operabatur.
1741 4307 1916 4362 Homo
1940 4309 2087 4363 enim

2198 3135 2369 3187 τιστε,
2388 3120 2738 3193 ΜαρίαΘεόν;
2771 3118 2975 3183 Ἀλύεις
2995 3119 3091 3189 (5),
3108 3117 3379 3190 ἄνθρωπε,
3397 3119 3496 3188 τὴν
3513 3117 3614 3170 τοῦ
3646 3116 3788 3172 Θεοῦ

2199 3213 2337 3286 πρὸς
2379 3212 2699 3284 ἀνθρώπους
2740 3211 3147 3279 συγκατάὸασιν
3168 3226 3182 3240 ·
3218 3210 3377 3264 τοῦτο
3408 3211 3518 3280 γάρ
3570 3210 3725 3262 ἐστιν
3756 3210 3787 3261 ὃ

2197 3308 2309 3369 τοῖς
2343 3304 2653 3376 ἀνθρώποις
2688 3304 2998 3375 ωγκατέὄη
3051 3303 3211 3368 Θεὸς,
3242 3304 3323 3356 ὅτι
3366 3302 3440 3356 ὢν
3482 3302 3584 3373 τὴν
3622 3301 3786 3368 φύσιν

2198 3396 2351 3462 Θεὸς,
2381 3395 2702 3461 κατεδέξατο
2731 3397 2908 3461 τόκον,
2934 3394 3237 3467 ἀνθρώπων
3269 3395 3554 3464 σωτήριον.
3595 3393 3783 3444 Ἀναιο

2203 3490 2311 3557 ρεῖς
2348 3489 2438 3541 τὸν
2470 3489 2666 3553 τόκον;
2699 3488 2893 3541 οὐκοῦν
2921 3488 3019 3557 τὴν
3060 3487 3327 3556 σωτήριον
3362 3482 3782 3553 συγκαταϐασιν
3884 3533 3895 3542 ,

2197 3579 2414 3643 ἔλυσας.
2469 3579 2708 3642 Ἀθετεῖς
2750 3580 2849 3650 τὴν
2875 3578 3073 3649 χάριν;
3114 3576 3309 3630 οὐκοῦν
3351 3576 3450 3647 τὴν
3498 3574 3782 3643 σωτηρίαν

2197 3669 2503 3733 ἀπώλεσας.
2547 3668 2883 3741 Ἐπαισχύνῃ
2911 3667 3001 3721 τὸν
3031 3667 3353 3738 γενόμενον;
3389 3663 3589 3719 οὐκοῦν
3622 3667 3791 3716 ἐπαι-

2199 3759 2561 3831 σχυνθήσεταί
2594 3777 2655 3813 σε
2685 3761 2891 3830 Κύριος
2933 3759 3142 3829 Ἰησοῦς
3174 3761 3231 3811 ἐν
3274 3761 3339 3829 τῇ
3388 3758 3645 3828 βασιλεία
3676 3756 3797 3808 τῶν

2196 3850 2462 3923 οὐρανῶν.
2523 3870 2543 3904 ι
2589 3852 2687 3915 Ὃς
2715 3851 2825 3921 γὰρ
2864 3850 2929 3904 ἂν
2960 3849 3293 3920 ἐπαισχυνθῇ
3338 3865 3401 3919 με
3423 3890 3439 3914 ,
3479 3850 3625 3917 φησί
3646 3887 3663 3908 ,
3694 3847 3801 3899 καὶ

2194 3943 2321 4007 τοὺς
2369 3944 2535 4013 ἐμοὺς
2580 3941 2805 4011 λόγους,
2857 3941 3360 4012 ἐπαισχυνθήσομαι
3402 3937 3565 4005 κάγὼ
3622 3939 3801 3991 αὑτὸν

2194 4035 2348 4105 παρὰ
2377 4033 2457 4104 τῷ
2486 4033 2661 4103 Πατρί
2695 4049 2796 4103 μου
2826 4033 2904 4102 τῷ
2934 4034 2992 4086 ἐν
3023 4034 3135 4094 τοῖς
3160 4031 3425 4101 οὐρανοῖς.
3468 4046 3487 4079 ι
3526 4030 3652 4080 Καὶ
3684 4028 3799 4097 μὴν

2195 4126 2244 4178 εἰ
2276 4125 2353 4195 μὴ
2377 4125 2511 4189 Θεὸς
2535 4120 2603 4194 ἦν
2639 4123 2929 4193 ὑπομένων
2956 4121 3294 4194 ἀνθρώπινα,
3326 4119 3463 4173 ἀλλὰ
3490 4119 3803 4190 ἀνθρωπό-

2195 4234 2295 4287 της
2340 4218 2463 4272 καθ’
2515 4218 2664 4289 ἡμᾶς
2718 4216 2995 4287 διεστήκει
3026 4216 3315 4287 θεότητος,
3364 4213 3638 4284 οὐδετέρα
3682 4212 3801 4264 τῶν

2197 4309 2412 4379 φύσεων
2443 4309 2703 4379 αἰσχύνην
2752 4308 3055 4378 εἰργάζετο.
3105 4307 3164 4359 'U
3200 4308 3296 4376 μὲν
3342 4304 3451 4375 γὰρ
3486 4305 3802 4375 ἄνθρωπος

513 4394 847 4463 praedicabat
885 4395 1168 4461 virtutem,
1208 4397 1354 4451 Deus
1385 4406 1567 4451 autem
1597 4398 1824 4452 sanabat
1859 4398 2089 4454 inﬁrmi-

2196 4401 2494 4470 ἐκήρυσσεν
2532 4401 2753 4471 ἀρετὴν,
2796 4402 2822 4452 ὁ
2854 4400 2908 4452 δὲ
2937 4398 3076 4461 Θεὸς
3105 4399 3222 4451 ἰᾶτο
3251 4399 3558 4468 νοσήματα.
3594 4398 3665 4449 Τί
3696 4393 3803 4449 οὖν

514 4493 672 4539 tates.
709 4484 849 4551 Quid
890 4486 1056 4556 igitur
1095 4496 1233 4551 erat,
1288 4489 1445 4558 cujus
1479 4503 1583 4543 nos
1610 4504 1955 4559 nequaquam
1984 4507 2087 4561 pu-

514 4577 644 4630 dere
672 4577 873 4631 debere
893 4576 1130 4641 dicebat,
1170 4592 1296 4631 cum
1324 4578 1488 4631 homo
1510 4579 1647 4632 nihil
1672 4580 1835 4634 faciat
1860 4581 2083 4651 dignum

513 4668 747 4737 pudore,
780 4683 884 4722 nec
914 4669 1058 4722 Deus
1082 4668 1383 4736 quidquam
1412 4669 1631 4739 propria
1664 4670 1950 4727 divinitate
1984 4673 2088 4726 mi-

514 4772 620 4811 nus
645 4757 1020 4828 abjectiusque
1041 4757 1338 4826 suscipiat?
1360 4757 1627 4825 Quoniam
1650 4777 1783 4815 vero
1799 4778 1923 4816 cum
1940 4763 2086 4818 Deus

513 4856 679 4913 esset,
723 4849 961 4903 humana
997 4848 1279 4914 sustinuit,
1320 4865 1388 4905 ne
1421 4851 1706 4920 passiones
1736 4854 1848 4908 Deo
1881 4855 2086 4923 probro

514 4942 765 5003 duceres,
806 4947 861 4993 et
884 4939 1310 5009 dispensationis
1334 4949 1387 4995 te
1416 4941 1648 5011 puderet
1678 4959 1840 5013 quam
1861 4961 1928 5000 ex
1956 4946 2088 4999 alle-

514 5036 604 5082 ctu
628 5043 755 5098 erga
783 5027 1034 5083 homines
1063 5036 1327 5097 Operatus
1354 5039 1459 5095 est,
1490 5030 1614 5085 ideo
1635 5031 1803 5087 dicit:
1836 5052 1855 5084 ‹
1887 5033 2087 5099 Quem-

512 5134 728 5188 cunque
765 5119 935 5188 pudet
976 5121 1084 5175 mei
1118 5132 1173 5176 et
1200 5136 1448 5175 meorum
1484 5138 1817 5188 sermonum,
1858 5125 2088 5193 pudebit

585 5295 605 5327 ⁸
637 5295 776 5351 Psal.
808 5313 1016 5365 cxxnv,
1045 5299 1097 5353 5.
1157 5301 1198 5331 ιο
1224 5300 1401 5356 Galat.
1436 5315 1509 5366 tv,
1545 5301 1599 5354 4.
1680 5301 1722 5332 ¹¹
1749 5300 1884 5359 Luc.
1914 5318 1988 5368 ix,
2018 5303 2106 5359 26.

2191 4485 2258 4559 ἦν
2288 4491 2422 4561 ὅπερ
2462 4489 2615 4558 ἔλεγε
2648 4490 2721 4559 μὴ
2754 4489 2864 4542 δεῖν
2896 4487 3356 4558 ἐπαισχύνεσθαι;
3387 4487 3511 4539 οὐδὲ
3555 4487 3661 4539 τοῦ
3692 4490 3800 4539 c'tv-

2192 4579 2412 4651 θρώπου
2441 4599 2493 4633 τι
2529 4580 2833 4652 πράξαντος
2862 4580 3010 4645 ἄξιον
3038 4580 3299 4650 αἰσχύνης
3321 4619 3335 4640 ,
3364 4578 3486 4631 οὐδὲ
3510 4578 3619 4630 τοῦ
3650 4578 3802 4631 Θεοῦ

2190 4672 2619 4743 καταδεξαμένου
2662 4672 2880 4725 ἔλαττόν
2917 4689 2969 4725 τι
3002 4672 3104 4741 τῆς
3148 4671 3281 4734 ἰδίας
3322 4669 3629 4740 θεότητος;
3672 4670 3806 4723 ἀλλ’

2186 4763 2371 4834 ἐπειδὴ
2395 4764 2529 4828 Θεὸς
2553 4763 2628 4817 ὢν
2652 4766 2913 4834 ὑπέμεινε
2937 4764 3007 4817 τὰ
3031 4764 3129 4817 ἀνθ
3139 4763 3367 4835 ρώπινα,
3399 4763 3491 4815 ἵνα
3514 4762 3603 4832 μὴ
3637 4763 3808 4831 πάθη

2189 4856 2529 4926 ἐπονειδίσῃς
2557 4856 2699 4925 Θεῷ,
2730 4858 2823 4911 καὶ
2852 4855 3221 4927 ἐπαισχυνθῇς
3248 4855 3571 4925 οἰκονομίαν
3602 4856 3676 4925 ἦν
3705 4856 3807 4907 διὰ

2191 4947 2600 5019 φιλανθρωπίαν
2620 4949 2937 5020 εἰργάσατο,
2960 4949 3143 5019 φησίν·
3174 4968 3192 4999 ι
3229 4949 3323 5011 Ὃς
3345 4948 3411 5001 ἂν
3432 4947 3804 5016 ἐπαισχυνθῇ

2194 5055 2261 5106 με
2307 5039 2402 5090 καὶ
2444 5040 2570 5102 τοὺς
2599 5040 2766 5110 ἐμοὺς
2803 5040 3026 5108 λόγους,
3065 5037 3583 5111 ἐπαισχυνθήσομαι
3632 5038 3807 5104 κάγὼ

2191 5128 2353 5182 αὐτὸν
2377 5128 2435 5181 ὲν
2458 5131 2523 5200 τῇ
2554 5129 2801 5201 βασιλεία
2819 5130 2926 5185 τῶν
2948 5131 3215 5202 οὐρανῶν.
3232 5150 3250 5182 ι
3278 5130 3501 5184 Τούτων
3534 5131 3807 5185 ἀκούσαι

2191 5305 2231 5335 ¹¹
2267 5305 2424 5359 Rom.
2449 5322 2488 5371 ι,
2520 5306 2607 5361 16.

580 5465 657 5535 (2)
693 5469 923 5535 Ἔδοξε.
960 5472 1141 5531 Rescr.
1195 5475 1384 5542 ἔδειξε,
1419 5485 1479 5531 ut
1524 5475 1739 5548 legebat
1762 5482 2051 5550 interpres.

2220 5481 2472 5548 Ἀλὺεις.
2512 5483 2667 5555 Legit
2691 5483 2962 5557 interpres
2999 5485 3167 5552 λύεις.
