4062 6202
446 249 580 306 ιδει
1567 244 1931 301 exposmo
1967 243 2265 309 sumen
2303 244 2573 302 Νιορεκι.
3556 261 3693 316 ,πει

445 367 474 417 6
518 362 691 434 μέγας
735 356 947 418 Παῦλος
973 355 1082 408 τῶν
1110 355 1282 424 λόγων
1315 355 1444 410 ἐδόα
1485 355 1676 426 λέγων·
1731 377 1748 410 ι
1803 358 1876 411 Οὐ
1911 358 2019 427 γὰρ

2132 367 2179 413 et
2225 375 2312 418 me
2356 360 2502 417 illius
2543 363 2597 416 in
2639 379 2806 432 regno
2850 365 3133 422 caelorum.
3169 387 3184 418 ι
3234 369 3362 426 Ιιιιιο
3396 372 3568 427 verba
3599 390 3698 429 au-

448 451 848 521 ἐπαισχύνομαι
885 448 947 500 τὸ
995 445 1346 514 Εύαγγέλιον.
1401 468 1419 499 ι
1473 449 1537 501 Τί
1585 449 1694 520 γὰρ
1759 449 2021 521 αἰσχύνης

448 543 564 613 ἔχει
593 542 656 595 τὸ
697 539 1056 606 Εὑαγγέλιον,
1083 530 1128 590 ὦ
1158 537 1428 608 θαυμάσιε
1464 539 1682 606 Παῦλε;
1715 543 1767 594 τί
1811 541 2022 614 ὑφορώ-

452 650 614 704 μενος
641 631 850 699 λέγεις,
893 647 912 679 ι
943 629 1056 682 Ούκ
1085 628 1488 700 ἐπαισχύνομαι
1516 630 1578 683 τὸ
1599 631 1960 700 Εὐαγγέλιονς
1998 652 2017 684 ι

450 727 652 798 ἀρετὴν
697 721 1021 793 κηρύττεις,
1074 721 1483 792 φιλανθρωπίαν
1531 721 1803 786 διδάσκεις
1849 725 2020 789 Θεοῦ,

448 816 764 890 ἀρρώστους
808 813 993 876 ἴασαι,
1028 812 1274 876 ἐλαύνεις
1299 814 1423 878 τοὺς
1455 814 1716 885 δαίμονας
1742 857 1758 882 ,
1801 818 2024 888 ἀνιστᾷς

445 910 569 971 τοὺς
613 904 861 977 νεκρούς.
911 905 978 958 Τί
1030 901 1125 958 οὖν
1164 906 1312 958 ἐστιν
1357 905 1386 958 6
1420 905 1772 977 καυχώμενος
1803 908 2019 974 λέγεις,

449 1023 471 1055 ι
499 1004 612 1056 Οὐκ
630 1000 1032 1072 ἐπαισχύνομαι
1053 1017 1066 1064 ;
1093 1020 1112 1053 ι
1145 1001 1298 1064 Θεὸν,
1325 1002 1477 1072 φησὶ,
1501 1002 1642 1071 λέγω
1660 1003 1800 1075 ὑπὲρ
1821 1003 2025 1077 ἀνθρώ-

447 1112 564 1152 πων
593 1093 837 1148 παθόντα
867 1093 936 1146 ea:
968 1088 1304 1165 ἀνθρώπινα·
1342 1091 1370 1145 ὃ
1396 1095 1507 1156 τοῖς
1535 1092 1750 1156 πολλοῖς
1795 1093 2024 1165 αἰσχύνη

440 1185 611 1247 δοκεῖ,
646 1182 757 1252 ἐγὼ
785 1182 843 1236 δέ
886 1182 988 1235 οὐκ
1031 1180 1450 1252 ἐπαισχύνομαι.
1506 1181 1579 1235 Οὑ
1625 1182 1732 1252 γὰρ
1775 1182 2024 1254 παθητὴν

445 1274 651 1344 εἰσάγω
672 1274 772 1345 τὴν
798 1273 980 1343 φύσιν,
1007 1272 1140 1326 ἀλλά
1169 1271 1302 1325 Θεοῦ
1329 1272 1565 1326 διδάσκω
1591 1274 2022 1346 φιλανθρωπίαν.

391 1367 404 1377 ⁸
452 1386 471 1417 ε
528 1364 766 1437 Χριστὸν
825 1364 935 1434 γὰρ
972 1362 1335 1434 κηρύττομεν,
1369 1366 1553 1435 φησιν,
1584 1367 2022 1438 ἐσταυρωμένον,

458 1455 731 1516 Ἰουδαίοις
759 1453 860 1525 μὲν
893 1453 1208 1519 σκάνδαλον,
1238 1453 1414 1507 ἔθνεσι
1452 1454 1507 1508 δέ
1542 1458 1778 1528 μωρίαν.
1816 1459 1921 1511 Καὶ
1942 1459 2024 1522 τίς

446 1549 593 1600 ἐστιν
621 1547 649 1598 6
685 1545 1018 1617 σταυρωθεὶς
1046 1545 1278 1617 Χριστός
1302 1563 1317 1612 ;
1346 1547 1492 1614 λέγε.
1550 1567 1567 1598 ι
1607 1550 1797 1614 Αὑτοῐς
1827 1550 1884 1603 δὲ
1913 1554 2025 1616 τοῖς

444 1636 666 1706 κλητοῖς
707 1634 982 1696 Ἰουδαίοις
1019 1649 1080 1686 τε
1111 1635 1245 1705 φησι
1292 1636 1386 1687 καὶ
1418 1635 1646 1707 Ἕλλησι
1680 1638 2022 1710 κηρύττομεν

448 1704 680 1799 Χριστὸν
717 1723 853 1780 Θεοῦ
884 1725 1134 1796 δύναμιν,
1174 1704 1269 1780 καὶ
1313 1726 1448 1781 Θεοῦ
1497 1704 1787 1796 copiam;
1836 1704 2023 1784 Ταῦτα
2051 1704 2096 1761 Β

446 1822 557 1882 τοῖς
606 1818 831 1889 Ἕλλησι
893 1817 1075 1889 μωρία
1129 1818 1427 1889 νομίζεται·
1489 1820 1680 1888 σοφίαν
1725 1821 1834 1893 γὰρ
1885 1822 2020 1876 Θεοῦ

446 1909 734 1972 ἀκούοντες
768 1908 1192 1980 ὲσταυρωμένην
1218 1910 1266 1962 οἱ
1294 1910 1575 1982 Ἕλληνες,
1609 1913 1814 1967 πλατὺν
1850 1917 2024 1970 ἐκτεί-

449 2018 597 2054 νουσι
640 2001 855 2068 γέλωτα
879 2040 892 2064 ,
927 2000 1157 2071 θεότητα
1197 2001 1432 2072 οἰόμενοι
1475 2005 1724 2077 παθητὴν
1769 2007 2023 2076 λέγεσθαι

449 2092 528 2164 ’.τῷ
561 2094 890 2147 πιστεύοντι.

523 2291 614 2358 ς’.
654 2290 747 2362 Μὴ
779 2285 872 2344 οῦν
901 2290 1102 2360 ἀσθενῆ
1133 2290 1362 2363 νομίσῃς
1391 2293 1544 2359 Θεὸν,
1594 2299 1880 2368 προσέχων
1914 2305 2026 2365 τοῖς

451 2381 712 2436 πάθεσιν*
760 2381 897 2435 ἀλλά
950 2381 1052 2450 τῆς
1099 2381 1384 2454 δυνάμεως
1421 2385 1587 2438 αὐτοῦ
1648 2387 1747 2459 τὴν
1803 2406 2024 2460 περιου-

450 2471 575 2525 σίαν
606 2471 809 2538 ἐννόει,
852 2471 939 2526 διὰ
981 2475 1342 2546 νομιζομένης
1398 2476 1680 2543 ἀσθενείας
1719 2482 1822 2552 τὴν
1869 2484 2026 2553 ἡμῶν

448 2563 734 2619 ἀσθένειαν
781 2562 1060 2628 λύσαντος.
1119 2584 1138 2616 ι
1173 2566 1247 2619 Τὸ
1291 2565 1401 2638 γὰρ
1444 2568 1668 2634 ἀσθενὲς
1707 2573 1805 2625 τοῦ
1854 2573 2024 2640 Θεοῦ,

455 2654 798 2726 ἰσχυρότερον
854 2655 960 2708 τῶν
1015 2657 1340 2728 ἀνθρώπων,
1409 2679 1428 2713 ι
1489 2663 1518 2714 ὁ
1581 2662 1792 2728 Παῦλός
1869 2683 2019 2736 φησι.

450 2747 561 2800 Καὶ
587 2746 639 2798 τί
674 2746 808 2799 ποτε
839 2747 986 2802 ἐστιν
1019 2744 1128 2820 ἆρα
1177 2749 1272 2815 τοῦ
1307 2750 1445 2804 Θεοῦ
1477 2751 1721 2816 ἀσθενὲς,
1755 2756 1806 2808 εί
1838 2757 1913 2826 μή
1945 2774 2030 2820 τις

451 2839 661 2894 ἐκείνου
709 2839 808 2910 τὴν
865 2841 1000 2910 ἐμὴν
1062 2839 1346 2894 ἀσθένειαν
1391 2842 1672 2909 γεγονέναι
1724 2843 2026 2913 λογίσοιτο;

450 2932 579 2996 Πῶς
635 2932 744 3004 γὰρ
798 2932 1030 3002 ἀσθενὴς
1083 2935 1111 2988 6
1163 2932 1270 2986 τῶν
1326 2934 1570 3005 οὐρανῶν
1624 2938 1888 3008 ποιητής;
1946 2940 2030 3002 τίς

452 3022 709 3078 ἀσθένεια
767 3023 863 3076 τοῦ
940 3021 1076 3094 λόγῳ
1135 3023 1208 3078 τὰ
1251 3024 1430 3080 πάντα
1487 3025 2029 3099 δημιουργήσαντοςς

455 3113 607 3166 ποῖον
651 3111 786 3164 Θεοῦ
821 3111 1046 3176 ἀσθενὲς
1076 3110 1171 3166 τοῦ
1216 3113 1317 3183 τὴν
1353 3114 1456 3184 γῆν
1485 3115 1574 3169 ἐπ’
1621 3115 1838 3187 ἀδήλοις
1882 3119 2030 3187 ὅροις

453 3203 820 3275 πεδήσαντο;;
869 3203 1006 3258 Ἀλλ’
1039 3204 1227 3276 ἐπειδὴ
1265 3206 1364 3277 τὴν
1395 3207 1537 3277 ἐμὴν
1569 3184 1856 3262 ἀσθένειαν
1891 3184 2030 3263 ἰδίαν
2058 3184 2100 3240 C

453 3295 749 3368 πεποίηται
769 3297 798 3348 6
814 3296 912 3359 τὰς
934 3295 1092 3365 ἡμῶν
1114 3296 1396 3362 ἀσθενείας
1412 3298 1660 3353 διαλῦσαι
1683 3298 2026 3370 βουλόμενος,

455 3385 621 3458 φησὶν
645 3387 675 3440 6
704 3385 936 3451 Παῦλος,
970 3406 989 3438 ι
1024 3388 1098 3441 Τὸ
1127 3387 1220 3442 τοῦ
1245 3387 1379 3443 Θεοῦ
1405 3389 1651 3455 ἀσθενὲς,
1685 3393 2030 3462 ἰσχυρότερον

453 3475 563 3529 τῶν
595 3474 896 3546 ἀνθρώπων
927 3477 1095 3531 ἐστίν.
1131 3494 1148 3530 ι
1197 3477 1413 3549 Ἐπειδὴ
1446 3477 1504 3531 δέ
1538 3479 1652 3542 καὶ,
1693 3497 1713 3530 ι
1736 3479 1811 3531 Τὸ
1847 3478 2030 3551 μωρὸν

455 3565 550 3619 τοῦ
567 3565 704 3622 Θεοῦ
719 3566 1028 3639 σοφώτερον
1054 3567 1162 3622 τῶν
1197 3568 1498 3638 ἀνθρώπων
1530 3569 1699 3631 ἐστὶν,
1728 3587 1747 3618 ι
1771 3571 1800 3621 6
1821 3570 2032 3634 Παῦλος

452 3657 581 3728 ἐφη,
608 3659 664 3713 τί
691 3658 756 3713 ἂν
775 3661 977 3714 εἴποιεν
1002 3661 1185 3730 μωρὸν
1208 3659 1304 3714 τοῦ
1325 3658 1484 3723 Θεοῦ,
1508 3659 1555 3711 εἰ
1585 3658 1660 3730 μὴ
1687 3659 1863 3723 τοῦτο,
1893 3661 2031 3734 ὅπερ

456 3751 618 3819 ἡμεῖς
649 3751 776 3820 περὶ
805 3751 940 3806 Θεοῦ
967 3750 1216 3819 λέγομεν,
1246 3750 1338 3802 τὸν
1369 3748 1556 3817 ἀπαθῆ
1589 3752 1654 3821 τῇ
1690 3752 1849 3819 φύσει
1877 3751 2033 3818 δέξα-

459 3840 582 3896 σθαι
599 3841 777 3913 πάθης
805 3843 938 3912 ὅπερ
967 3840 1152 3911 μωρὸν
1185 3840 1284 3911 μὶν
1304 3841 1355 3892 οἱ
1373 3841 1632 3911 ’Έλληνες
1647 3843 1913 3912 κρίνουσι,
1941 3861 2032 3896 πι-

459 3932 669 3987 στεύειν
700 3933 800 3988 οὑκ
828 3931 1025 3994 ειδότες
1054 3933 1166 3994 τοῖς
1197 3930 1541 4002 πράγμασιν,
1567 3931 1704 3986 ἀλλά
1728 3934 1908 3988 πάντα
1932 3951 2032 3988 πο-

457 4027 862 4098 λυπραγμονεῖν
898 4027 1018 4089 ταῖς
1045 4025 1298 4089 ἐννοίαις.
1346 4027 1536 4096 Ἡμεῖς
1577 4027 1633 4080 δὲ
1670 4027 1846 4082 ταῦτα
1873 4029 2033 4082 δύνα-

460 4133 554 4186 μιν
579 4115 714 4170 Θεοῦ
745 4114 842 4170 καὶ
864 4115 1179 4186 περιουσίαν
1207 4116 1408 4188 φαμέν.
1451 4117 1612 4172 Ἀλλά
1641 4117 1820 4183 τοῦτο,
1844 4121 2032 4191 φησιν,

457 4206 487 4258 δ
515 4207 696 4278 μωρὸν
731 4207 830 4278 μὲν
865 4209 1012 4278 παρὰ
1041 4209 1153 4271 τοῖς
1179 4207 1407 4278 Ἕλλησι
1433 4209 1699 4281 κρίνεται,
1735 4212 1866 4282 παρ’
1900 4213 2033 4284 ἡμῖν

457 4299 516 4353 δὲ
544 4298 706 4367 σοφία
740 4299 1073 4366 πιστεύεται,
1103 4299 1410 4372 σοφώτερον
1434 4300 1544 4355 τῶν
1565 4301 1870 4381 ἀνθρώπων
1907 4305 2033 4374 ἐγέ-

459 4409 600 4448 νετο.
632 4392 736 4446 Ἦν
758 4392 864 4463 γὰρ
887 4393 989 4446 οὐκ
1015 4391 1172 4445 ἔλυσε
1199 4391 1401 4446 κακίαν
1426 4395 1460 4464 ἡ
1485 4392 1578 4448 τοῦ
1607 4395 1814 4467 κόσμου
1846 4397 2030 4466 σοφία,

456 4481 658 4552 ταύτην
669 4482 930 4536 ἐσκέδασε
942 4482 1002 4536 τὸ
1022 4483 1202 4554 μωρὸν
1214 4482 1375 4538 τοῦτο
1391 4484 1745 4556 νομιζόμενον
1760 4487 1853 4541 τοῦ
1873 4487 2008 4542 Θεοῦ
2018 4504 2030 4516 ·

456 4577 486 4629 ὃ
532 4543 666 4648 ἡμίν
717 4576 814 4645 μὲν
865 4575 980 4628 ἔστι
1020 4543 1233 4642 πιστὸν,
1279 4543 1606 4648 Ἕλλησι-δέ
1647 4578 1742 4631 καὶ
1785 4578 2036 4644 ἀπίστοις
2070 4543 2113 4598 D

460 4670 641 4740 μωρία
669 4668 1001 4738 νενόμισται.
1039 4667 1177 4720 Ἀλλ’
1203 4669 1365 4739 ἡμεῖς
1389 4669 1488 4740 τῆς
1511 4669 1747 4734 πίστεως
1765 4675 1866 4741 τὴν
1895 4673 2033 4727 ἀπό-

455 4759 620 4825 δειξιν
660 4762 718 4815 ἐν
771 4763 884 4824 τοῖς
935 4760 1256 4832 πράγμασιν
1298 4760 1515 4832 ἔχομεν,
1566 4763 1666 4833 τῆς
1717 4765 1847 4835 περὶ
1896 4764 2032 4818 Θεοῦ

457 4853 820 4924 νομιζομένης
859 4852 1146 4916 ἀσθενείας
1189 4852 1289 4923 τὴν
1322 4853 1590 4922 ὠφέλειαν
1624 4856 1998 4926 καρπούμενοι
2019 4873 2031 4886 ⁸

456 4947 552 5000 καὶ
579 4946 688 5018 γὰρ
712 4946 850 5017 αὐτὴ
873 4946 972 5010 τὰς
997 4946 1152 5016 ἡμῶν
1175 4947 1362 5010 νόσους
1390 4949 1596 5002 ἰάσατο.
1624 4948 1735 5002 Καὶ
1755 4948 1816 5002 τὸ
1849 4950 2032 5020 μωρὸν

454 5036 806 5107 νομιζόμενον
851 5037 945 5090 τοῦ
999 5035 1136 5089 Θεοῦ
1184 5036 1434 5107 ἐνίκησεν
1479 5037 1732 5106 εὐσεϐείᾳ
1784 5039 1886 5111 τὴν
1932 5041 2028 5094 τοῦ

455 5128 663 5200 κόσμου
713 5129 923 5196 σοφίαν.
974 5129 1184 5183 Οὐκοῦν
1234 5129 1309 5200 μὴ
1355 5131 1733 5198 καταγίνωσκε
1777 5131 1986 5196 πάθους
2011 5174 2026 5196 ,

455 5218 592 5288 μηδὲ
618 5217 869 5272 διάϐαλλε
900 5219 961 5272 τὸ
1005 5223 1328 5291 φαινόμενον
1367 5223 1484 5284 τοϊς
1520 5222 1772 5287 ἀπίστοις
1820 5223 2022 5295 μωρόν·

453 5307 610 5360 ταυτὶ
637 5305 746 5375 γὰρ
785 5307 854 5360 τά
900 5308 1004 5361 ὑπὸ
1045 5307 1153 5361 τῶν
1185 5309 1429 5364 ἀπίστων
1461 5310 1731 5382 λεγόμενα
1760 5314 1860 5386 τὴν
1885 5315 2030 5367 οἰκο-

2125 451 2283 506 diens
2318 468 2546 522 magnus
2586 454 2674 508 ille
2702 455 2903 510 Paulus
2929 457 3305 515 exclamabat:
3355 483 3372 513 ι
3403 463 3520 518 Non
3547 465 3693 519 enim

2118 542 2295 611 pudet
2344 560 2430 598 me
2471 544 2751 615 Evangelii
2805 547 2866 599 ¹².
2904 567 2920 598 ι
2971 548 3044 601 Et
3081 550 3215 619 quid
3267 553 3496 620 pudoris
3531 556 3699 612 habet

2123 633 2505 704 Evangelium,
2552 652 2584 690 ο
2620 636 2940 696 admirande
2996 640 3205 696 Paule?
3233 658 3339 712 qua
3385 645 3698 714 suspicione

2125 723 2325 782 ductus
2363 725 2502 780 dicis
2538 745 2549 779 ε
2597 747 2613 773 ι
2648 728 2766 782 Non
2795 729 2965 800 pudet
2994 746 3080 787 me
3103 731 3428 801 Evangelii?
3468 756 3486 787 ι
3527 736 3702 792 virtu-

2126 827 2234 873 tem
2277 819 2564 888 przedicas,
2609 821 3046 878 misericordiam
3084 824 3179 879 Dei
3226 825 3411 890 doces,
3453 827 3702 883 inﬁrmos

2123 924 2305 974 sanas,
2359 910 2636 966 daemones
2683 913 2869 982 cjicis,
2911 924 3162 970 mortuos
3203 918 3515 974 rcsuscitas.
3556 918 3699 986 Quid

2123 1000 2296 1072 igitur
2345 1015 2451 1067 est,
2503 1004 2648 1073 quod
2699 1006 3097 1077 gloriabundus
3148 1009 3287 1064 dicis
3331 1027 3343 1062 :
3403 1029 3421 1060 ι
3450 1010 3574 1066 Non
3614 1029 3701 1068 me

2125 1093 2341 1165 pudet?
2372 1114 2391 1144 i
2445 1097 2638 1158 Deum,
2685 1096 2881 1167 inquit,
2924 1099 3163 1154 humana
3200 1111 3426 1172 prOpter
3449 1102 3702 1158 homines

2121 1201 2346 1256 passum
2373 1186 2537 1252 dico;
2576 1188 2722 1258 quod
2747 1190 2935 1244 multis
2964 1191 3292 1260 probrosum
3324 1193 3704 1267 viduum-ejus

2124 1292 2256 1332 vero
2299 1293 2410 1333 non
2451 1295 2536 1333 me
2571 1281 2759 1349 pudet.
2791 1281 2985 1352 Neque
3017 1282 3165 1338 enim
3191 1285 3510 1354 passibiiem
3543 1294 3705 1342 natu-

2124 1385 2240 1424 ram
2270 1370 2584 1436 introduco,
2610 1374 2703 1428 sed
2730 1374 2825 1428 Dei
2849 1390 2978 1444 erga
3000 1374 3251 1431 homines
3273 1378 3701 1433 misericordiam

2125 1459 2318 1517 doceo.
2378 1480 2394 1512 ι
2429 1462 2707 1520 Christum
2737 1465 2911 1529 enim,
2955 1465 3153 1536 inquit,
3186 1468 3548 1536 praedicamus
3573 1487 3706 1525 cru-

2125 1554 2349 1610 ciﬁxum
2384 1573 2396 1609 ι
2432 1556 2634 1612 Iudaeis
2663 1557 2887 1627 quidem
2925 1559 3264 1626 scandalum,
3291 1561 3548 1630 gentibus
3573 1578 3705 1618 vero

2127 1647 2417 1702 stultitiam
2463 1648 2524 1700 ¹³.
2561 1666 2579 1699 ι
2619 1649 2688 1703 Ει
2723 1649 2847 1719 quis
2868 1658 2952 1704 est
2976 1650 3068 1706 ille
3097 1651 3393 1708 cruciﬁxus
3417 1653 3706 1710 Christus?

2129 1737 2240 1803 dic,
2265 1752 2468 1808 quaeso.
2501 1757 2519 1789 ι
2553 1737 2687 1806 Ipsis
2718 1747 2900 1792 autem
2933 1739 3122 1794 electis
3154 1739 3376 1806 Judmis,
3415 1741 3615 1811 inquit.
3651 1752 3708 1797 et

2129 1830 2334 1887 Graecis
2370 1829 2731 1901 praedicamus
2755 1831 3044 1886 Christum
3084 1833 3180 1888 Dei
3206 1833 3506 1902 potentiam
3531 1842 3588 1887 et
3609 1832 3698 1890 Dei

2131 1924 2454 1996 sapientiam
2481 1926 2524 1956 “
2547 1944 2560 1978 :
2592 1944 2610 1976 ι
2643 1925 2760 1980 haec
2784 1942 2813 1979 a
2843 1925 3048 1981 Grzecis
3068 1927 3302 1982 stultitia
3322 1926 3703 1990 existimatur;

2131 2034 2257 2072 nam
2296 2019 2390 2072 ubi
2422 2016 2596 2073 Graeci
2629 2018 2861 2072 audiunt
2893 2018 2993 2073 Dei
3015 2018 3341 2088 sapientiam
3365 2017 3704 2080 cruciﬁxam,

2133 2111 2306 2166 risum
2353 2111 2566 2180 largum
2617 2110 2909 2174 extollunt,
2946 2118 3206 2182 putantes
3245 2109 3508 2165 deitatem
3533 2109 3710 2179 passi-

2133 2206 2301 2261 biiem
2337 2203 2698 2259 credentibus
2728 2204 3072 2259 annuntiari.

2206 2297 2291 2352 Vl.
2344 2295 2616 2362 Quocirca
2655 2295 2770 2349 noli
2816 2295 2989 2349 Deum
3040 2295 3320 2350 inﬁrmum
3372 2295 3706 2360 existimare,

2131 2387 2484 2457 passionibus
2510 2386 2761 2440 animum
2798 2384 3128 2442 intendens:
3165 2385 3261 2440 sed
3299 2385 3561 2454 potentiae
3591 2387 3710 2456 ejus

2131 2478 2568 2550 magnitudinem
2616 2477 2830 2548 cogita,
2874 2478 2969 2547 qui
3011 2493 3112 2546 per
3172 2476 3590 2540 inﬁrmitatem,
3651 2488 3708 2530 ut

2130 2571 2490 2635 credebatur,
2541 2579 2790 2624 nostram
2842 2568 3214 2623 inﬁrmitatem
3268 2567 3452 2621 solvit.
3503 2586 3520 2617 ι
3552 2567 3707 2632 Quod

2129 2663 2276 2716 enim
2332 2660 2612 2714 inﬁrmum
2665 2667 2751 2713 est
2790 2658 2910 2721 Dei,
2951 2657 3152 2712 fortius
3186 2665 3272 2712 est
3313 2656 3653 2719 hominibus,
3684 2679 3701 2706 ι

2132 2749 2312 2819 inquit
2347 2747 2636 2802 Paulus".
2691 2746 2898 2816 Ecquid
2949 2762 3080 2816 ergo
3133 2745 3422 2800 inﬁmum.
3455 2755 3541 2800 est
3589 2746 3708 2808 Dei,

2133 2838 2238 2892 nisi
2273 2837 2403 2906 quis
2435 2850 2610 2890 meam
2645 2834 3022 2893 inﬁrmitatem
3051 2835 3198 2890 illius
3229 2835 3431 2890 factam
3463 2851 3586 2891 esse
3621 2851 3713 2890 co-

2132 2929 2270 2998 gitet
2296 2928 2319 2980 ?
2347 2925 2637 2993 Quomodo
2671 2926 2820 2980 enim
2851 2924 3102 2980 inﬁrmus
3123 2933 3208 2980 est
3234 2925 3500 2982 caelorum
3522 2925 3712 2980 condi-
3752 2954 3757 2958 -

2137 3019 2265 3072 tor?
2293 3033 2416 3089 qua:
2447 3016 2738 3072 inﬁrmitas
2766 3017 2907 3087 ejus,
2932 3016 3028 3085 qui
3064 3017 3248 3071 omnia
3272 3017 3441 3072 verbo
3471 3019 3741 3073 creavit?-

2137 3110 2270 3180 quid
2322 3108 2602 3163 inﬁrmum
2645 3108 2764 3172 Dei,
2811 3107 2906 3176 qui
2955 3114 3102 3162 terra
3145 3107 3437 3177 incognitis
3462 3109 3714 3164 terminis

2134 3199 2499 3257 constrinxit?
2528 3198 2636 3255 Sed
2663 3199 2792 3270 quia
2831 3215 3008 3254 meam
3044 3198 3420 3255 inﬁrmitatem
3454 3200 3559 3256 sibi
3588 3217 3715 3270 pro—

2139 3293 2313 3362 priam
2352 3291 2505 3356 fecit,
2539 3291 2634 3361 qui
2667 3300 2886 3346 nostras
2913 3289 3263 3348 inﬁrmitates
3291 3293 3589 3348 dissolvere
3620 3310 3716 3350 vo-

2134 3378 2242 3440 luit
2269 3404 2284 3445 ;
2312 3384 2458 3446 ideo,
2484 3383 2663 3452 inquit
2708 3382 2931 3446 Paulus,
2963 3400 2982 3431 ι
3010 3382 3161 3450 quod
3180 3383 3460 3436 inﬁrmum
3487 3392 3572 3437 est
3595 3385 3712 3446 Dei,

2136 3475 2333 3531 fortius
2351 3481 2438 3530 est
2458 3473 2791 3529 hominibus.
2823 3492 2841 3522 ι
2872 3470 3139 3538 Quoniam
3160 3488 3310 3536 vero,
3348 3492 3368 3524 ε
3403 3473 3557 3539 Quod
3583 3477 3718 3529 stul—

2138 3581 2255 3627 tum
2289 3574 2374 3624 est
2403 3566 2522 3630 Dei,
2549 3565 2851 3636 sapientius
2875 3572 2962 3620 est
3007 3564 3320 3618 hominibus
3341 3565 3406 3629 ³⁸,
3436 3585 3454 3616 ι
3489 3573 3549 3618 ut
3570 3566 3714 3620 idem

2138 3659 2342 3716 Paulus
2386 3658 2468 3712 ait
2511 3674 2524 3709 :
2573 3654 2832 3726 quidnam
2877 3655 3106 3709 stultum
3141 3654 3240 3709 Dei
3278 3655 3576 3718 vocaverit,
3607 3655 3713 3708 nisi

2140 3750 2276 3806 illud
2319 3747 2468 3819 quod
2498 3762 2601 3803 nos
2631 3745 2702 3803 de
2742 3747 2854 3801 Deo
2885 3745 3143 3810 dicimus,
3174 3755 3370 3800 natura
3405 3746 3716 3816 impassibi-

2139 3845 2245 3899 lem
2277 3842 2467 3898 subire
2489 3839 2817 3911 passiones?
2853 3839 3001 3909 quod
3035 3838 3258 3908 quidem
3283 3837 3457 3894 Graeci
3484 3839 3711 3893 stultum

2134 3933 2404 4004 iudicant;
2449 3931 2582 3986 dum
2621 3929 2786 3984 ﬁdem
2827 3928 2993 3984 rebus
3020 3927 3288 3984 adhibere
3324 3929 3518 3994 nescii,
3545 3930 3713 3984 animi

2139 4024 2567 4097 cogitationibus
2636 4023 2820 4078 omnia
2876 4023 3150 4078 curiosius
3196 4023 3544 4094 investigant.
3603 4025 3715 4079 Nos

2137 4128 2325 4175 autem
2346 4119 2489 4174 hanc
2519 4116 2617 4172 Dei
2645 4116 2908 4172 virtutem
2938 4123 2999 4171 et.
3015 4115 3398 4171 excellentiam
3422 4132 3542 4172 esse
3572 4116 3715 4172 afﬁr-

2141 4227 2374 4267 mamus.
2412 4209 2520 4266 Sed
2555 4209 2712 4274 illud,
2755 4209 2954 4279 inquit,
2997 4209 3142 4279 quod
3177 4209 3403 4264 stultum
3432 4210 3656 4280 quidem
3685 4227 3715 4264 a

2140 4302 2346 4358 Graicis
2365 4300 2666 4372 iudicatur,
2702 4315 2731 4354 a
2755 4300 2917 4355 nobis
2942 4306 3131 4354 autem
3159 4298 3428 4368 sapientia
3450 4298 3714 4359 creditur.

2142 4393 2446 4464 sapientius
2477 4390 2794 4446 hominibus
2835 4390 3036 4445 factum
3085 4399 3189 4444 est.
3231 4391 3522 4444 Peccatum
3567 4390 3714 4444 enim

2143 4487 2292 4557 quod
2343 4485 2534 4540 mundi
2579 4483 2848 4553 sapientia
2887 4499 2996 4538 non
3031 4483 3299 4548 dissolvit,
3331 4482 3559 4553 dispulit
3581 4483 3714 4538 illud

2141 4578 2286 4648 quod
2328 4578 2555 4632 stultum
2588 4575 2685 4631 Dei
2714 4575 3042 4630 credebatur
3075 4594 3089 4630 :
3117 4575 3264 4645 quod
3305 4576 3467 4631 nobis
3491 4575 3716 4646 quidem

2143 4669 2248 4724 ﬁde
2282 4670 2532 4740 dignum,
2576 4669 2781 4724 Graecis
2818 4676 3002 4723 autem
3035 4677 3198 4738 atque
3237 4667 3552 4723 inﬁdelibus
3582 4668 3718 4723 stul-

2140 4760 2262 4815 titia
2280 4770 2558 4814 censetur.
2583 4760 2652 4815 At
2671 4775 2773 4815 nos
2789 4759 2914 4814 ﬁdei
2932 4759 3458 4814 demonstrationem
3477 4759 3532 4813 in
3553 4759 3718 4813 rebus

2139 4852 2275 4922 ipsis
2320 4852 2608 4918 habemus,
2643 4855 2738 4923 qui
2769 4851 3104 4907 inﬁrmitatis
3131 4851 3280 4906 illius
3316 4868 3438 4921 qua;
3475 4852 3569 4906 Dei
3593 4867 3715 4907 esse

2138 4943 2518 5009 existimatur,
2579 4960 2739 5000 usum
2799 4944 3150 5012 fructumque
3185 4943 3579 5014 percepimus:
3625 4943 3715 4997 illa

2136 5037 2286 5092 enim
2319 5037 2611 5106 languores
2653 5043 2872 5091 nostros
2915 5035 3159 5095 sanavit;
3205 5042 3262 5090 et
3294 5034 3442 5104 quod
3483 5035 3715 5089 stu-ltum

2137 5129 2466 5184 censebatur
2525 5128 2655 5192 Dei,
2705 5128 2909 5198 pietate
2950 5126 3142 5180 mundi
3187 5125 3512 5194 sapientiam
3555 5125 3710 5179 vicit.

2139 5220 2491 5290 Nequaquam
2514 5231 2646 5288 ergo
2669 5217 2954 5287 passiones
2984 5215 3168 5287 rejice,
3198 5229 3302 5269 nec
3333 5213 3481 5284 quod
3521 5212 3715 5270 inﬁde-

2137 5312 2283 5366 libus
2304 5312 2531 5369 stultum
2549 5309 2788 5374 videtur,
2815 5309 3036 5364 incusa:
3064 5308 3167 5364 ista
3197 5307 3345 5364 enim
3371 5323 3493 5377 quae
3518 5306 3588 5361 ab
3623 5305 3675 5360 in
3692 5331 3718 5344 ο

525 5573 567 5604 ¹¹
596 5573 754 5630 Rom.
790 5575 839 5637 -Ι,
875 5575 958 5631 16.
998 5575 1040 5609 ¹³
1070 5576 1090 5630 l
1118 5576 1244 5631 Cor.
1286 5593 1324 5640 l,
1347 5577 1438 5633 25.
1518 5581 1561 5614 ’δ
1593 5580 1726 5635 ibid.
1751 5581 1841 5636 24.
1913 5581 1958 5614 ¹⁸
1985 5580 2031 5634 ib

2165 5580 2263 5637 $5.
2342 5580 2385 5612 ”
2417 5580 2551 5635 ibid.

813 5795 1084 5856 PATROL.
1125 5797 1243 5856 Gn.
1286 5797 1593 5869 LXXVII-

3271 5797 3345 5858 42
