4062 6202
518 193 662 250 1313
679 250 682 253 .

1623 182 1968 240 TllEODOTl
2008 180 2314 239 EPISCOPI
2355 177 2698 234 ANCYRANI

3638 172 3783 228 εδει

523 313 776 368 ﬁdelibus
809 312 1081 374 dicuntur,
1107 307 1569 378 dispensationem
1607 301 1909 380 corrigunt.
1951 307 2091 374 Quid

2207 309 2386 378 θομίαν
2435 286 2728 376 διώρθωσε.
2794 299 2856 354 Τί
2886 292 2978 352 οὖν
3043 295 3223 394 equi;
3304 291 3395 344 τοῦ
3465 290 3599 344 Θεοῦ
3646 293 3774 343 θαν-

521 406 688 476 igitur
716 407 980 459 rationem
1009 402 1396 458 miraculorum
1421 403 1514 458 Dei
1533 403 1752 474 qumris,
1769 419 1870 458 nec
1895 401 2098 456 beneﬁ-

519 498 603 554 cia
641 495 1033 550 animadvertis
1058 495 1081 547 ἓ

590 587 700 642 Vll.
740 587 939 641 Verum
969 586 1228 656 quoniam
1269 586 1518 640 nonnulli
1562 586 1865 641 inﬁdelium
1893 585 2098 654 cogita-

520 679 763 734 tionibus
816 677 1140 746 semetipsos
1175 676 1478 739 tradentes,
1525 675 1823 731 Christiani
1873 674 2095 744 quidem

517 771 712 825 volunt
734 769 1035 825 existimari
1058 786 1072 836 ;
1093 769 1187 824 Dei
1214 777 1394 823 autem
1422 769 1704 824 miraculis
1733 769 1958 824 credere
1985 782 2096 820 non

518 864 711 918 volunt
739 863 834 932 qui
861 877 1030 916 unum
1053 861 1274 932 quidem
1296 861 1493 915 Filium
1525 861 1734 925 dicunt,
1769 859 1880 914 duo
1913 868 2095 913 autem

519 956 622 1009 sub
674 970 810 1010 voce
862 954 982 1008 Filii
1051 953 1348 1024 significari
1399 952 1765 1023 intelligunt:
1813 961 1870 1006 et
1925 966 2097 1005 unum

518 1047 797 1101 Christum
828 1053 1100 1108 asserunt,
1139 1043 1236 1099 sed
1279 1043 1702 1112 appellationem
1743 1041 1889 1096 illam
1927 1043 2098 1111 atqui-

520 1148 712 1192 voeam
745 1137 1110 1201 constituunt,
1142 1145 1204 1189 ut
1234 1135 1510 1189 hominem
1549 1149 1579 1188 a
1613 1135 1726 1189 Deo
1756 1133 2093 1204 disjungant,

518 1239 575 1284 et
612 1231 784 1284 Deum
815 1227 1058 1283 Verbum
1093 1227 1162 1280 ab
1189 1225 1410 1280 homine
1445 1233 1721 1294 separent,
1745 1232 1910 1294 atque
1937 1225 2097 1279 unio-

522 1335 646 1375 nem
695 1318 964 1381 dividant,
1008 1331 1171 1386 quam
1228 1316 1372 1370 Deus
1422 1315 1829 1385 dispensatione
1855 1313 2097 1370 elliciens

519 1409 719 1464 cmlum
758 1407 1075 1461 hominibus
1110 1404 1327 1475 aperuit
1351 1421 1364 1470 ;
1387 1418 1514 1458 nam
1539 1403 1635 1458 Dei
1660 1402 1716 1456 in
1747 1402 1909 1458 terris
1929 1417 2098 1474 appa-

523 1500 649 1554 ritio
691 1498 943 1553 homines
999 1497 1265 1552 caelorum
1322 1495 1470 1549 cives
1522 1492 1747 1549 ellecit:
1789 1504 1845 1549 et
1889 1502 2098 1550 natura;

524 1602 722 1646 nostra:
773 1591 1002 1662 gloriam
1057 1588 1273 1650 tollunt,
1329 1586 1460 1640 dum
1501 1587 1596 1642 Dei
1622 1602 1745 1641 cum
1782 1587 2101 1640 hominibus

521 1683 964 1738 communionem
996 1696 1060 1736 ex
1089 1696 1274 1736 amore
1299 1696 1428 1751 erga
1453 1680 1704 1734 homines
1725 1678 2095 1748 dispensatam

525 1775 841 1846 improbare
875 1781 1166 1828 conantur.
1210 1771 1267 1826 Si
1295 1770 1441 1825 enim
1476 1785 1654 1838 neque
1685 1769 1830 1822 Deus
1861 1768 2096 1821 humana

521 1883 647 1922 cum
669 1866 987 1920 hominibus
1009 1863 1322 1920 communia
1344 1861 1559 1925 habuit,
1589 1861 1659 1914 ita
1687 1869 1747 1913 ut
1765 1859 1880 1928 ipse
1902 1859 2096 1922 voluit,

2203 400 2389 468 μάτων
2423 397 2714 466 τὸνλόγον,
2748 393 2840 447 καὶ
2881 392 2943 444 οὐ
2980 382 3271 460 προσέχεις
3325 387 3438 448 τοῖς
3495 382 3790 455 κατορθώ-

2204 506 2366 560 μασιν
2385 507 2398 554 ;

2273 580 2347 632 Ζ’.
2423 577 2562 630 Ἀλλ’
2609 573 2800 644 ἐπειδὴ
2857 574 2970 634 τοῖς
3029 569 3139 623 τῶν
3195 567 3441 620 ἀπίστων
3498 564 3794 635 λογισμοῖς
3873 556 3876 558 ’

2198 671 2441 730 ἐκδόντες
2471 653 2614 730 τινὲς
2657 665 2905 728 ἑαυτοὺς,
2935 658 3260 731 Χριστιανοὶ
3315 657 3414 727 μὲν
3457 656 3793 726 νομίζεσθαι

2201 763 2521 832 βούλονται,
2553 761 2663 822 τοῖς
2707 755 2802 810 τοῦ
2849 753 2985 807 Θεοῦ
3013 752 3070 805 δὲ
3111 750 3356 819 θαύμασι
3387 749 3664 800 πιστεύειν
3719 747 3792 799 οὗ

2199 855 2465 918 θέλουσιν,
2494 853 2542 906 οἱ
2573 851 2823 918 λέγοντες
2856 845 2952 916 μὲν
2983 845 3078 896 ’ἐνα
3123 841 3270 902 Υίὸν,
3303 838 3550 900 νοοῦντες
3582 838 3639 889 δὲ
3664 837 3794 898 δύο,

2198 949 2267 1001 τὰ
2313 947 2418 1000 ὑπὸ
2462 944 2554 999 τοῦ
2607 942 2739 996 Υίοῧ
2789 936 3197 1009 σημαινόμεναο
3250 932 3343 984 καὶ
3394 931 3644 999 λέγοντες
3686 929 3796 982 ἕνα

2200 1040 2454 1111 Χριστὸν,
2485 1036 2780 1108 ὁμώνυμον
2810 1032 2868 1086 δὲ
2909 1029 3115 1097 ταύτην
3160 1027 3261 1095 τὴν
3291 1024 3670 1095 προσηγορίαν
3707 1038 3799 1073 τι·

2200 1133 2438 1203 θέμενοι,
2474 1130 2562 1182 ἵνα
2605 1126 2969 1195 διαστήσωσιν
3008 1118 3296 1189 ἄνθρωπον
3330 1113 3425 1166 τοῦ
3466 1111 3606 1165 Θεοῦ
3631 1151 3646 1172 ,
3691 1111 3801 1164 καὶ

2171 1201 2335 1275 ’Θεὸν
2395 1220 2566 1288 Λόγον
2640 1214 2926 1286 ἀνθρώπου
2992 1208 3320 1282 χωρίσωσιν,
3377 1204 3468 1257 xa‘t
3526 1201 3803 1256 διέλωσιν

2197 1315 2411 1376 ἕνωσιν,
2433 1312 2498 1382 ἢν
2523 1307 2886 1377 οἰκονομήσας
2898 1301 3030 1364 Θεὸς
3045 1297 3274 1370 οὐρανὸν
3295 1292 3606 1365 ἀνθρώποις
3625 1292 3803 1359 ἀνέῳ-

2199 1406 2310 1473 ξεν.
2351 1403 2414 1456 Ἦ
2447 1401 2555 1470 γὰρ
2580 1396 2715 1452 Θεοῦ
2739 1397 2832 1449 ἐπὶ
2854 1395 2956 1464 γῆς
2987 1390 3256 1462 ὲμφάνεια
3282 1383 3524 1457 οὐρανῶν
3554 1382 3802 1473 πολίτας

2197 1500 2324 1560 τοὺς
2353 1493 2672 1565 ἀνθρώπους
2713 1487 2957 1556 ἐποίησε*
2989 1483 3083 1537 καὶ
3118 1477 3404 1548 ἀναιροῦσι
3432 1477 3531 1546 τῆς
3577 1472 3803 1542 ἡμετέ-

2203 1607 2301 1662 ρας
2333 1563 2546 1658 φύσεως
2576 1583 2673 1653 τὴν
2703 1579 2892 1650 τιμὴν,
2924 1573 3187 1642 ἀθετῆσαι
3224 1569 3537 1640 βουλόμενοι
3582 1565 3688 1634 τὴν
3731 1563 3801 1615 ἐκ

2202 1659 2615 1751 ιριλανθρωπίας
2652 1670 3107 1741 οἱκονομηθεῖσαν
3141 1663 3279 1734 πρὸς
3309 1659 3639 1731 ἀνθρώπους
3675 1673 3806 1751 κομι-

2201 1746 2415 1825 νωνίαν
2443 1767 2603 1821 Θεσῦ.
2639 1765 2701 1818 El
2736 1763 2844 1832 γὰρ
2886 1761 3024 1830 μήτε
3051 1756 3184 1818 Θεὸς
3212 1751 3517 1824 ἀνθρώποις
3558 1746 3804 1802 ἐκοινώ-

2200 1881 2332 1934 νησε
2368 1859 2729 1931 πραγμάτων,
2757 1855 2832 1916 ὡς
2857 1848 3092 1921 ἠθέλησέ
3121 1864 3181 1900 τε
3209 1846 3304 1899 καὶ
3343 1842 3642 1934 ἐνεδέχετο·
3687 1840 3810 1934 μίξι-

439 4339 441 4342 ·
540 4323 610 4377 ab
650 4317 916 4390 apostolis
943 4315 1370 4386 dispensationis
1403 4314 1726 4386 mysterium
1758 4321 2110 4382 acceperunt.

2199 1929 2265 2008 τε
2295 1929 2580 2023 ἄνθρωπος
2608 1945 2790 2018 ὴνὼοη
2843 1941 3077 2010 θεότητι,
3109 1936 3248 1993 ἀλλὰ
3277 1937 3390 1998 τοῖς
3437 1933 3586 1994 ίδίοις
3633 1929 3810 1983 [Gub-

2205 2045 2339 2117 μασί
2361 2060 2420 2096 τε
2455 2042 2548 2094 καὶ
2582 2037 2743 2108 φύσει
2771 2032 3100 2105 διῃρημένος
3131 2029 3224 2082 τοῦ
3256 2028 3447 2097 ἐτέρου
3477 2027 3504 2076 6
3554 2023 3809 2117 ἕτεροςέ

2200 2111 2285 2200 τίς
2319 2139 2352 2205 ή
2386 2131 2706 2201 οἰκονομία,
2743 2127 2987 2195 λέγοιντο
3024 2124 3189 2192 ἡμῖνς
3227 2118 3388 2172 ποίαν
3418 2114 3610 2185 ἐροῦσι
3655 2111 3809 2165 Θεοῦ

2205 2223 2614 2294 συγκατάϐασιν
2640 2238 2655 2285 ;
2685 2219 2768 2281 τίς
2798 2215 2993 2270 ἑαυτὸν
3015 2212 3286 2265 ὲκένωσεν
3310 2210 3370 2262 ἐν
3399 2209 3583 2278 μορφῇ
3614 2205 3812 2272 ὑπάρο

2203 2337 2312 2388 κων
2339 2315 2509 2382 Geo-5;
2549 2313 2629 2376 τίς
2662 2310 2854 2364 ἑαυτὸν
2892 2305 3260 2360 ἐταπείνωσεν
3301 2302 3357 2354 ὲν
3386 2299 3645 2369 περιωπῇ
3676 2295 3807 2348 θεό-

2203 2423 2362 2477 τητος
2401 2405 2513 2469 ὥν;
2547 2402 2630 2466 τίς
2677 2400 2990 2468 ὲπτώχευσε
3019 2437 3034 2464 ,
3079 2391 3326 2447 πλουτῶν
3363 2389 3462 2460 τὴν
3508 2387 3806 2456 θεότητας

2207 2497 2330 2558 Πῶς
2367 2497 2395 2548 ὁ
2447 2493 2650 2561 Κύριος
2690 2492 2791 2560 τῆς
2829 2486 2990 2558 δόξης
3040 2483 3419 2554 ἐσταύρωται,
3466 2480 3516 2532 εί
3573 2480 3655 2548 μὴ
3689 2478 3811 2547 ἄρα

2204 2587 2397 2638 ἕνωσιν
2427 2583 2562 2654 πρὸς
2590 2582 2682 2635 τὸν
2716 2577 3103 2650 καθηλωθέντα
3131 2574 3429 2644 ἐκτήσατος
3461 2569 3582 2633 πῶς
3601 2569 3669 2622 δὲ
3707 2567 3813 2620 τὸν

2204 2675 2444 2748 ἀρχηγὸν
2491 2675 2590 2744 τῆς
2632 2673 2778 2740 ζωῆς
2825 2669 3162 2722 ἀπέκτειναν
3194 2667 3243 2718 οἱ
3287 2662 3533 2716 Ἰουδαῖοι
3558 2699 3573 2722 ,
3610 2660 3668 2711 εἰ
3730 2659 3815 2728 μὴ

528 2775 824 2846 pendebat,
865 2769 1274 2828 intercederet?
1312 2768 1588 2839 quomodo
1631 2783 1762 2823 vero
1799 2768 2100 2838 principem

2207 2768 2348 2824 κατὰ
2373 2765 2551 2818 πάντα
2573 2762 2780 2831 ἥνωται
2801 2759 2880 2829 τῷ
2900 2756 3206 2826 τεθνηκότι.
3235 2753 3400 2823 μηδὲν
3419 2750 3816 2820 διῖστάμενος;

527 2867 654 2920 vitae
681 2863 853 2919 Judaai
897 2859 1317 2923 interfecerunt,
1365 2859 1471 2914 nisi
1518 2874 1618 2928 per
1667 2858 1851 2912 omnia
1910 2858 1959 2912 ei
2008 2857 2100 2926 qui

2209 2857 2325 2920 πῶς
2347 2856 2402 2909 δὲ
2431 2857 2459 2908 6
2497 2854 2623 2917 Υἱὸς
2652 2851 2747 2905 τοῦ
2775 2849 3064 2920 ἀνθρώπου
3093 2847 3156 2900 ὲκ
3225 2843 3320 2898 τοῦ
3353 2840 3587 2913 οὐρανοῦ
3617 2856 3817 2893 κατα-

530 2965 782 3011 mortnus
819 2961 924 3016 est,
976 2951 1183 3014 unitus,
1233 2965 1335 3003 nec
1381 2950 1489 3002 ulla
1524 2964 1580 3002 rc
1628 2948 1698 3001 ah
1729 2963 1797 3002 eo
1825 2949 2100 3018 sejunctus

2210 2948 2466 3018 ϐέϐηκεν,
2495 2947 2544 2998 εί
2573 2944 2647 3015 μὴ
2674 2943 2750 3011 τῷ
2771 2940 3071 2995 καταϐάντι
3095 2936 3235 2992 κατὰ
3254 2933 3542 3004 ἀκρίϐειαν
3562 2933 3817 3001 ἥνωται,

530 3048 696 3102 fuerit
720 3046 744 3098 2
777 3053 834 3098 et
863 3041 1140 3113 quomodo
1167 3041 1340 3094 Filius
1369 3039 1608 3094 hominis
1627 3055 1692 3093 ex
1713 3040 1854 3094 coelo
1875 3040 2100 3096 descen-

2207 3041 2304 3108 οίιχ
2346 3039 2432 3091 ἵνα
2465 3035 2624 3106 μείνῃ
2668 3033 2817 3086 κάτω
2845 3071 2856 3094 ,
2884 3029 3002 3083 ἀλλ’
3038 3029 3125 3082 ἵνα
3175 3023 3354 3094 ἑαυτῷ
3383 3023 3688 3094 ξυναγάγῃ
3721 3020 3824 3072 τὶν

530 3137 632 3199 dit,
660 3133 766 3188 nisi
794 3129 1150 3186 descendenti
1182 3128 1492 3182 arctissime
1523 3127 1626 3182 fuit
1650 3129 1840 3182 unitus
1868 3145 1882 3194 ;
1908 3144 2016 3183 non
2044 3138 2100 3182 ut

2210 3127 2314 3181 ὲνώ
2321 3143 2478 3196 μενον
2494 3123 2772 3194 ἡνωμένον
2785 3119 3060 3190 κείμενον;
3078 3117 3154 3171 Οὐ
3170 3114 3490 3184 ξυνανέρχῃ,
3513 3111 3616 3165 ἄνθ
3625 3127 3822 3181 pcata,

531 3227 794 3280 deorsum
835 3228 1201 3291 permaneret,
1246 3217 1341 3273 sed
1379 3225 1442 3271 ut
1475 3233 1583 3271 una
1631 3233 1818 3272 secum
1863 3218 2100 3273 clevaret

2211 3219 2332 3286 Θεῷ
2358 3259 2372 3282 ,
2415 3219 2464 3269 εἰ
2514 3215 2589 3286 μὴ
2634 3214 2768 3268 Θεοῦ
2813 3211 3174 3282 ὁμολογήσεις
3216 3205 3314 3275 τὴν
3357 3202 3820 3272 συγκατάϐασιν.

535 3317 746 3372 unitum
779 3316 802 3368 ?
832 3314 948 3368 Non
987 3310 1338 3372 coascendes,
1374 3325 1407 3363 ο
1444 3311 1627 3373 homo,
1667 3325 1774 3364 una
1807 3325 1932 3364 cum
1973 3311 2100 3375 Deo,

2217 3331 2235 3361 ε
2277 3307 2368 3374 Εἷς
2402 3312 2548 3362 ἐστιν
2576 3310 2604 3361 6
2637 3304 2901 3367 καταϐὰς,
2952 3303 3096 3356 οὕτω
3126 3300 3200 3370 (δ)
3233 3298 3330 3351 καὶ
3357 3299 3386 3350 6
3420 3294 3642 3356 ἀναϐὰς
3666 3335 3684 3358 ,
3728 3311 3750 3342 ι
3793 3294 3825 3346 ό

536 3407 640 3462 nisi
687 3405 781 3460 Dei
824 3401 1347 3459 condescensionem
1390 3399 1742 3456 conﬁtearis:
1796 3419 1812 3450 ι
1846 3400 2000 3456 Unus
2027 3408 2100 3454 est

2214 3402 2426 3464 Παῦλός
2455 3416 2650 3470 φησιν·
2685 3399 2786 3452 οὐκ
2835 3394 2993 3459 ἄλλος
3041 3393 3137 3447 καὶ
3180 3391 3368 3454 ἄλλος,
3413 3388 3530 3442 ἀλλ’
3560 3390 3592 3440 6
3645 3385 3826 3446 αὐτός

534 3498 629 3568 qui
653 3495 968 3558 descendit,
989 3493 1132 3548 idem
1167 3491 1260 3561 qui
1290 3501 1346 3545 et
1381 3492 1648 3557 ascendit,
1695 3515 1710 3543 ι
1760 3493 1938 3564 inquit
1972 3495 2100 3548 Pau-

2212 3495 2360 3546 ἐστιν
2393 3490 2577 3544 οὐκέτι
2600 3485 3014 3556 διαιρούμενος,
3049 3481 3232 3536 οὐκέτι
3283 3477 3421 3550 μετὰ
3456 3478 3560 3542 τὴν
3604 3477 3826 3529 ἕνωσιν

535 3593 622 3645 lus
661 3591 704 3621 "
736 3607 750 3654 ;
791 3604 899 3643 non
942 3587 1083 3642 alius
1121 3597 1175 3642 et
1207 3587 1370 3650 alius,
1412 3586 1506 3641 sed
1538 3601 1681 3639 unus
1709 3585 1960 3655 idemque
1985 3594 2100 3640 est:

2210 3583 2304 3638 δύο
2343 3580 2650 3648 νοούμενος.
2707 3579 2766 3632 '0
2821 3577 2930 3649 γὰρ
2985 3595 3004 3627 ‹
3043 3571 3341 3636 Καταϐὰς,
3394 3570 3595 3639 φησὶν,
3637 3567 3831 3631 αὐτός

537 3696 876 3752 nequaquam
901 3679 1130 3740 divisus,
1155 3691 1257 3732 nec
1279 3677 1389 3731 duo
1404 3685 1528 3746 post
1543 3675 1802 3730 unionem
1817 3675 2100 3731 exsistcns.

2217 3677 2332 3730 ἐστι
2362 3674 2458 3728 καὶ
2479 3675 2508 3726 6
2529 3672 2737 3734 ἀναϐὰς
2766 3669 3020 3741 ὑπεράνω
3039 3666 3148 3719 τῶν
3174 3663 3503 3735 ἀνθρώπων,
3536 3660 3635 3712 ἵνα
3671 3659 3825 3726 πληο

536 3751 670 3828 Nam
708 3792 724 3823 ι
765 3771 859 3842 qui
877 3770 1188 3848 descendit,
1213 3768 1412 3839 inquit,
1435 3767 1580 3822 idem
1603 3776 1687 3822 est
1715 3767 1808 3838 qui
1835 3776 1891 3821 et
1920 3782 2100 3822 ascen-

2220 3770 2370 3840 ρὼσῃ
2409 3766 2478 3819 τὰ
2509 3765 2707 3819 πάντα.
2736 3783 2753 3813 ι
2791 3763 2872 3815 Τὰ
2898 3757 3246 3830 θεωρηθέντα
3284 3753 3414 3808 ποτὶ
3441 3751 3559 3814 δύο,
3587 3751 3630 3818 ἡ
3665 3752 3829 3802 οἰκε-

537 3865 620 3919 dit
644 3841 809 3932 super
835 3841 1024 3925 oculos,
1051 3869 1111 3915 ut
1137 3860 1392 3930 impleret
1420 3858 1604 3913 omnia
1630 3859 1696 3911 ὀ.
1727 3879 1744 3909 ι
1784 3857 1914 3924 Quae
1935 3873 2100 3928 quon-

2218 3860 2377 3932 νομία
2401 3859 2460 3911 ἒν
2476 3856 2788 3928 εἰργάσατο.
2808 3851 3017 3905 Οὐκοῦν
3050 3849 3246 3920 μηκέτι
3272 3845 3396 3914 λέγε
3421 3843 3519 3896 δύο
3538 3843 3705 3912 μετὰ
3722 3841 3832 3912 τὴν

537 3956 662 4010 dam
711 3955 820 4009 duo
872 3953 1230 4024 apparebant,
1290 3952 1630 4021 dispensatio
1681 3967 1852 4005 unum
1903 3951 2100 4006 eﬂ'ecit.

2217 3953 2409 4004 ἄλυτον
2425 3949 2640 4002 ἕνωσιν.
2653 3945 2718 3998 ’Ὸ
2732 3945 2940 4014 ἥνωσεν
2955 3944 2987 4012 ἠ
3007 3942 3185 4012 χάρις,
3212 3937 3286 4008 μὴ
3303 3934 3589 4024 διαιρείτω
3602 3934 3832 3997 ἔννοια,

536 4045 882 4116 Quapropter
906 4023 1019 4098 noli
1047 4053 1169 4112 post
1209 4041 1650 4097 indissolubilem
1683 4040 1945 4096 unionem
1980 4041 2123 4096 duos
2163 4039 2403 4111 amplius
2433 4038 2643 4092 dicere.
2683 4034 2839 4100 Quod
2913 4031 3089 4102 gratia
3129 4027 3327 4094 univit,
3365 4023 3646 4095 cogitatio
3711 4041 3835 4078 non

538 4137 770 4192 dividat.

618 4228 758 4284 Vlll.
809 4225 956 4281 Idem
985 4224 1091 4278 hoc
1121 4233 1176 4278 et
1213 4223 1387 4278 sancti
1413 4223 1602 4278 Patres
1648 4222 1979 4285 docuerunt,
2018 4220 2112 4290 qui

459 1959 476 1968 “
521 1966 899 2028 quantumque
917 1972 1015 2026 par
1030 1964 1149 2010 erat
1167 1971 1181 2019 ;
1201 1969 1381 2024 neque
1400 1953 1562 2006 homo
1576 1950 2097 2013 deitatifuitunitus,

522 2050 620 2106 sed
647 2050 763 2104 suis
792 2047 1244 2118 proprietatibus,
1269 2055 1324 2101 et
1348 2055 1544 2099 natura
1577 2043 1808 2098 alterum
1835 2042 1904 2096 ab
1927 2041 2101 2095 altero

523 2142 627 2197 fuit
650 2141 886 2195 divisum
910 2157 921 2191 :
943 2139 1134 2192 dicant
1147 2137 1328 2201 nobis,
1348 2150 1595 2206 quaenam
1612 2133 1716 2187 fuit
1732 2132 2102 2202 dispensatio?

523 2231 742 2301 qualem
776 2229 962 2282 dicent
1004 2226 1099 2280 Dei
1141 2222 1711 2280 condescensionem?
1750 2222 1873 2290 quis
1902 2231 2103 2275 semet-

525 2324 705 2392 ipsum
739 2316 1061 2379 exinanivit,
1108 2317 1165 2369 in
1211 2314 1386 2368 forma
1435 2313 1531 2367 Dei
1569 2312 1840 2367 exsistens
1868 2312 1948 2364 "?
1980 2312 2103 2381 quis

523 2411 885 2480 semetipsum
920 2405 1231 2462 humiliavit
1269 2404 1325 2457 in
1352 2402 1691 2458 sublimitate
1725 2402 1947 2457 deitatis
1972 2418 2104 2457 con-

525 2502 794 2560 stitutus?
819 2500 944 2570 quis
973 2512 1184 2569 pauper
1212 2495 1391 2550 factus
1423 2504 1529 2558 est,
1559 2510 1683 2549 cum
1713 2504 1860 2550 esset
1879 2493 2034 2549 dives
2060 2496 2102 2525 ’⁸

525 2593 828 2649 secundum
853 2588 1163 2646 deitatem?
1191 2585 1478 2654 Quomodo
1512 2585 1781 2641 Dominus
1807 2586 1960 2641 cruci
1991 2586 2104 2640 alli-

530 2702 628 2740 xus
685 2693 789 2747 est,
843 2682 946 2736 nisi
995 2680 1096 2750 ipsi
1145 2677 1278 2734 unio
1321 2692 1446 2732 cum
1487 2677 1680 2746 eo-qui
1707 2676 1875 2732 clavis
1913 2675 2104 2731 alIixus

2294 4217 2373 4269 Ην.
2406 4214 2577 4268 Τοῦτο
2608 4212 2704 4265 καὶ
2737 4212 2789 4264 οἱ
2812 4206 3325 4281 πατέρεςὲδίδαξαν
3355 4203 3514 4275 παρὰ
3539 4204 3677 4258 τῶν
3700 4205 3841 4258 ἀπο-

2223 4306 2424 4359 στόλων
2462 4301 2832 4371 διαδεξάμενοι
2878 4301 2940 4353 τὺ
2983 4300 3090 4368 τῆς
3130 4297 3442 4368 οἰκονομίας
3477 4299 3838 4370 μυστήριον.

545 4385 750 4466 lloede
772 4385 1064 4478 Unigenito
1100 4406 1331 4462 trecenti
1367 4414 1424 4460 et
1457 4385 1762 4460 cetodeeim
1805 4405 1994 4458 Patres
2019 4402 2097 4456 Ni-

2221 4398 2392 4451 Τοῦτο
2429 4396 2558 4468 περὶ
2589 4395 2685 4449 τοῦ
2706 4391 3042 4461 Μονογενοῦς
3065 4391 3364 4444 ὲθέσπισαν
3393 4391 3440 4441 οἱ
3469 4388 3568 4442 ἐπὶ
3597 4390 3715 4456 τῆς
3736 4390 3846 4442 Νι-

543 4518 667 4558 οωω
704 4499 1019 4570 congregati
1060 4499 1484 4553 constituerunt.
1510 4496 1658 4563 Quos
1699 4496 1830 4550 dum
1869 4511 1927 4550 se
1966 4488 2097 4564 sequ

2224 4490 2388 4553 καίας
2419 4487 2776 4557 ξυναχθέντες
2803 4485 3175 4538 ὀκτωκαίδεκα
3219 4483 3313 4535 καὶ
3348 4480 3699 4550 τριακόσιοι.
3732 4477 3848 4543 οἷς

541 4593 775 4650 aﬂirmat
805 4590 896 4644 ille
916 4589 1010 4659 qui
1031 4587 1310 4643 Christum
1344 4587 1456 4642 duo
1484 4602 1606 4642 esse
1645 4595 1822 4655 putat,
1859 4601 2100 4655 repugna

2225 4578 2509 4634 πείθεσθαι
2539 4577 2713 4644 λέγων
2759 4577 2788 4628 ὁ
2839 4575 2928 4626 τὸν
2979 4572 3213 4644 Χριστὸν
3241 4571 3332 4624 δύο
3362 4570 3525 4631 νοῶν,
3580 4572 3852 4640 μάχεται

545 4685 764 4740 illorum
798 4679 1111 4744 sententiis,
1145 4679 1304 4734 ﬁdem
1343 4693 1538 4732 eorum
1569 4677 1791 4746 penitus
1824 4677 2100 4747 abnegans

2228 4671 2346 4732 ταῖς
2374 4668 2625 4730 ἐννοίαις,
2651 4665 2751 4737 τὴν
2807 4665 3030 4717 ἐκείνων
3055 4663 3239 4716 πίστιν
3269 4660 3858 4732 παντελῶςήρνημέ-

540 4777 680 4832 Cum
707 4773 862 4830 enim
891 4785 1083 4825 omnes
1107 4770 1185 4824 illi
1207 4768 1671 4839 quemadmodum
1698 4783 1866 4822 unum
1886 4768 2100 4822 Patrem

2228 4778 2339 4822 νος.
2371 4761 2592 4814 Πάντων
2631 4761 2740 4828 γὰρ
2778 4757 3020 4817 ἐκείνων,
3051 4754 3239 4822 ὥσπερ
3262 4752 3358 4805 ’ἐνα
3390 4751 3651 4822 Πατέρα,
3687 4753 3860 4806 οὕτω

546 4869 696 4924 itaet
720 4878 890 4922 unum
919 4861 1117 4916 Filium
1148 4868 1430 4923 asseram;
1463 4859 1554 4914 hic
1579 4859 1709 4914 dum
1739 4858 1849 4914 duo
1877 4857 1979 4913 sub
2002 4858 2100 4912 Fili

2231 4853 2323 4906 καὶ
2353 4853 2445 4904 ἕνα
2471 4850 2597 4905 Υίὸν
2633 4849 2915 4909 εἰπόντων,
2959 4839 3117 4908 οὗτος
3153 4844 3246 4899 δύο
3279 4841 3660 4913 σημαίνεσθαι
3733 4843 3862 4894 ὑπὸ

547 4955 910 5029 appellatione
943 4951 1238 5023 signiﬁcari
1277 4950 1490 5015 statuit,
1518 4949 1681 5004 ﬁdem
1723 4949 2015 5018 abnegavit
2056 4948 2092 5002 il

2225 4944 2325 5012 τῆς
2382 4943 2474 4997 τοῦ
2521 4941 2651 4995 Υἱοῦ
2706 4939 3077 5011 προσηγορίας
3125 4936 3428 5004 τιθέμενος,
3480 4933 3592 5003 τὴν
3644 4934 3864 4986 πίστιν

550 5024 730 5104 lorum
761 5045 855 5116 qui
885 5059 1054 5098 unum
1084 5042 1282 5097 Filium
1306 5041 1518 5096 dicunt.
1550 5039 1658 5095 Sed
1683 5047 1743 5094 ut
1763 5039 1969 5094 clarius
1995 5053 2097 5092 con

2226 5035 2450 5088 ἐκείνων
2484 5035 2778 5105 ἠρνήσατο,
2809 5030 3068 5084 εἰπόντων
3095 5028 3192 5084 ἕνα
3217 5027 3364 5080 Υἱόν.
3390 5024 3624 5079 Μᾶλλον
3649 5025 3714 5077 δὲ
3759 5025 3861 5077 ἶνα

551 5149 657 5194 stet
678 5138 824 5210 quod
852 5136 998 5199 dico,
1039 5133 1154 5204 ipsa
1183 5134 1403 5189 Patrum
1426 5131 1592 5186 verba
1620 5145 1911 5200 exponam,
1953 5127 2095 5204 inter

2231 5127 2399 5194 σαφὲς
2423 5125 2650 5196 γένηται
2699 5122 2760 5176 τὸ
2803 5122 2988 5192 ῥηθὲν,
3029 5119 3212 5174 αὐτῶν
3258 5117 3366 5172 τῶν
3407 5116 3694 5187 ῥημάτων
3731 5118 3864 5170 τεῖΐί

626 5294 665 5324 ιν
693 5292 930 5361 Philipp.
962 5290 1161 5354 n,6—8.
1240 5287 1341 5342 ηιι
1374 5286 1499 5342 Cor.
1533 5284 1724 5349 vm,9.
1806 5283 1848 5312 ι’
1893 5263 2090 5352 Ephes.
2131 5296 2202 5346 IV,
2233 5281 2286 5335 9.
2366 5279 2678 5334 “ibidJO.

625 5443 701 5514 (ι)
730 5444 926 5514 οὕτω.
961 5443 1070 5514 Aut
1113 5441 1402 5514 legendum
1435 5433 1609 5514 οὗτος,
1655 5409 2117 5514 quemadmodum

555 5507 977 5586 leg'lt'Origcnes
1029 5507 1226 5586 Contra
1261 5509 1468 5564 Celsum
1519 5509 1616 5586 lib.
1666 5524 1702 5586 _I,
1743 5522 1862 5576 cap.
2025 5514 2120 5559 aut

558 5576 949 5640 restituendum
984 5580 1141 5637 αὐτὸς
1172 5581 1318 5638 iuxta
1353 5587 1555 5630 textum
1581 5579 1777 5646 prxes.
1805 5593 1874 5638 ιν,
1917 5576 2000 5641 10,
2038 5585 2120 5630 at—

2227 5449 2334 5503 que
2375 5434 2516 5488 hanc
2571 5433 2862 5488 lectionem
2929 5443 3151 5489 secutus
3199 5431 3422 5486 videtur
3485 5430 3866 5500 interpres:

2228 5503 2360 5572 quin
2399 5513 2455 5558 et
2486 5505 2646 5573 paulo
2687 5513 2806 5564 post
2843 5504 3074 5573 ipsemet
3105 5511 3311 5558 auctor.
3419 5515 3426 5523 '

1467 5726 1496 5744 ο
