4062 6202
225 258 253 309 ί
272 256 409 312 3'25

1392 236 1758 299 LbPUblTIO
1794 238 1867 293 δι
1878 237 2089 300 MBOLI
2119 242 2391 305 NICENL

3362 250 3515 323 ,ιδίο

227 368 540 438 Πατέρων
573 362 895 434 ὲκθήσομεν,
918 355 1016 428 τὴν
1051 354 1344 426 ἑρμηνείαν
1371 355 1548 409 αὐτῶν
1577 354 1678 407 οὐκ
1705 352 1835 416 ἐξωο

1953 357 2251 423 pretatione
2284 373 2475 413 eorum
2503 372 2611 413 non
2642 369 3004 424 extrinsecus,
3028 358 3129 415 sed
3174 375 3241 427 ex
3268 360 3518 437 ipsismct

229 462 383 523 οεν,
404 458 521 513 ἀλλ’
549 456 610 521 ἐξ
636 453 813 509 αὐτῶν
841 452 947 506 τῶν
972 451 1158 512 αὐτοῖς
1173 447 1482 519 εἰρημένων
1509 445 1840 515 ποιούμενοι.

236 553 432 621 Ἐχει
489 541 585 603 οῦν
631 548 730 614 τῆς
779 544 1015 606 πίστεως
1071 540 1296 594 ἐκείνων
1346 542 1380 610 η
1432 540 1646 604 ἐκθεσις
1706 533 1837 594 ὧδε»

242 665 267 697 ι
320 642 676 711 Πιστεύομεν
737 638 816 701 είς
859 635 954 688 ἕνα
999 632 1133 687 Θεὸν
1191 630 1407 700 Πατέρα
1465 630 1842 701 παγκρὰτορα,

237 737 493 790 πάντων
519 728 729 802 ὁρατῶν
746 745 806 780 τε
833 725 928 779 καὶ
959 723 1204 794 ἀοράτων
1233 723 1479 790 ποιητήν.
1513 722 1623 773 Καὶ
1643 722 1721 783 είς
1749 720 1846 775 ἕνα

240 824 482 894 Κύριον
523 818 732 890 Ἰησοῦν
772 816 1029 886 Χριστὸν,
1058 814 1151 868 τὸν
1186 812 1315 867 Υἱὸν
1358 811 1451 866 τοῦ
1494 811 1649 874 Θεοῦ,
1681 827 1844 881 γενη-

228 914 435 967 Ὓοέντα
467 912 532 964 ὲκ
558 909 653 962 τοῦ
704 903 919 976 Πατρὸς
981 905 1266 976 μονογενῆ,
1307 901 1604 964 τουτέστιν,
1647 901 1712 953 ἐκ
1748 902 1847 970 τῆς

239 1004 457 1067 οὐσίας
477 1001 568 1056 τοῦ
595 998 830 1070 Πατρὸς,
860 996 994 1050 Θεὸν
1013 998 1076 1050 ἐκ
1092 995 1246 1057 Θεοῦ,
1275 995 1392 1065 φῶς
1410 995 1474 1047 ὲκ
1496 993 1690 1062 ιρωτὸς,
1714 992 1847 1045 Θεὸν

242 1091 526 1165 ἀληθινὸν
554 1093 619 1145 ὲκ
638 1089 774 1143 Θεοῦ
799 1090 1075 1160 ἀληθινοῦο
1094 1086 1421 1158 γεννηθέντα
1438 1084 1497 1138 ού
1529 1083 1845 1156 ποιηθέντα,

242 1179 554 1253 ὀμοούσιον
581 1177 661 1250 τῷ
699 1179 893 1247 [Ia-cpt.
926 1177 993 1230 δι’
1025 1171 1085 1231 οὗ
1108 1175 1178 1229 τὰ
1208 1175 1386 1228 πάντα
1426 1173 1663 1243 ἐγένετο,
1694 1173 1765 1227 τά
1786 1191 1845 1226 τε

246 1277 319 1328 ἐν
377 1271 459 1343 τῷ
507 1270 741 1343 οὐρανῷ,
783 1271 877 1322 καὶ
929 1269 998 1321 τὰ
1031 1268 1122 1320 ἐπὶ
1153 1268 1253 1337 τῆς
1284 1266 1405 1335 γῆς.
1455 1266 1560 1319 Τὸν
1588 1265 1659 1319 δι’
1699 1267 1846 1336 ἡμᾶς

247 1365 399 1428 τοὺς
452 1361 774 1436 ἀνθρώπους
828 1361 922 1414 καὶ
975 1360 1063 1413 διὰ
1115 1359 1214 1425 τὴν
1258 1355 1529 1429 ἡμετέραν
1576 1356 1847 1427 σωτηρίαν

251 1453 604 1508 κατελθόντα
636 1452 733 1506 καὶ
783 1450 1152 1523 σαρκωθέντα,
1189 1449 1282 1501 καὶ
1326 1447 1844 1519 ὲνανθρωπήσαντα,

250 1548 537 1609 παθόντα,
576 1547 670 1600 καὶ
707 1546 1014 1599 ἀναστάντα
1057 1544 1124 1613 τῇ
1159 1540 1319 1612 τρίτῃ
1348 1540 1552 1610 ἡμέρᾳ,
1578 1540 1672 1592 καὶ
1695 1539 1849 1593 ἀνελ-

228 1639 438 1705 ίθόντα
491 1639 569 1703 εἰς
601 1637 886 1707 οὐρανοὺς,
921 1635 1215 1706 ἐρχόμενον
1272 1631 1450 1703 κρίναι
1499 1629 1707 1694 ζῶντας
1755 1630 1847 1685 καὶ

254 1730 521 1803 νεκρούς.
556 1731 666 1783 Καὶ
681 1730 761 1791 είς
783 1728 844 1781 τὸ
878 1729 1031 1796 ἆγιον
1045 1724 1293 1796 Πνεῦμα.
1323 1725 1474 1821 Τοὺς
1486 1723 1544 1776 δὲ
1568 1721 1846 1821 λέγοντας,

256 1819 337 1894 ἦν
373 1802 504 1875 ποτε
539 1822 627 1874 ὅτε
661 1819 761 1873 οὐκ
792 1814 879 1889 ἦν’
921 1818 1016 1872 καὶ
1064 1818 1192 1889 πρὶν
1243 1802 1712 1886 γεννηθῆειαι³”οὑκ
1758 1808 1847 1883 ἦν*

260 1911 369 1964 καὶ
403 1910 483 1963 ὅτι
511 1908 571 1974 ἐξ
612 1910 713 1962 οὑκ
751 1908 919 1961 ὄντων
948 1904 1243 1975 ὲγένετο,ἢ
1287 1905 1345 1972 ἐξ
1380 1905 1572 1974 ἐτέρας
1617 1901 1850 1956 ὑποστά-

264 2000 479 2072 σεωςῆ
523 2001 710 2067 ούσίας
760 2000 1069 2072 φάσκοντας
1118 1993 1276 2062 εἶναι,
1316 1996 1350 2069 ἦ
1401 2000 1651 2069 τρεπτὸν,
1694 1994 1852 2065 ἢάλ-

263 2091 499 2145 λοιωτὸν
522 2092 613 2143 τὸν
643 2090 773 2143 Υίὸν
799 2089 893 2143 τοῦ
925 2088 1085 2151 Θεοῦ,
1117 2089 1339 2153 τούτους
1386 2086 1774 2158 ἁναθεματίζει
1818 2087 1849 2155 ἡ

268 2183 543 2253 καθολικὴ
579 2183 674 2236 καὶ
696 2181 1030 2254 ἁποστολικὴ
1066 2180 1382 2253 Ἐκκλησία.
1426 2199 1445 2232 ι
1477 2174 1637 2237 Οὗτοι
1680 2178 1776 2250 μὲν
1801 2178 1851 2231 οἱ

265 2275 384 2331 τῶν
422 2274 685 2343 Πατέρων
714 2273 861 2343 λόγοι
889 2273 986 2345 τὴν
1018 2273 1146 2347 περὶ
1174 2272 1267 2328 τοῦ
1298 2270 1632 2340 Μονογενοῦς
1668 2270 1851 2323 πίστιν

268 2366 409 2435 ἡμῖν
435 2363 797 2433 ἐκτιθέμενοι,
827 2363 1075 2433 καθάπερ
1104 2362 1226 2416 τινὰ
1258 2363 1479 2425 κανόνα,
1516 2361 1696 2413 πᾶσαν
1731 2358 1850 2411 ἐπί-

273 2472 427 2509 νοιαν
459 2453 765 2527 ἀνθρώπων
801 2453 1194 2525 διορθούμενοι.
1229 2454 1440 2522 Ὠσπερ
1482 2450 1592 2521 γὰρ
1622 2448 1849 2518 σφαλλο-

276 2546 447 2617 μένην
474 2544 728 2615 αῐσθησιν
784 2546 913 2616 περὶ
956 2545 1056 2615 τὴν
1086 2543 1359 2613 εὐθύτητα
1383 2542 1476 2595 τοῦ
1519 2540 1675 2606 ξύλου
1706 2541 1846 2610 διορ-

272 2634 460 2689 θοῦται
491 2634 691 2702 κανὼν,
747 2637 846 2707 τῆς
895 2635 1223 2707 διαστροφῆς
1272 2634 1490 2703 ἔλεγχος
1533 2632 1844 2703 γενόμενος’

275 2723 448 2790 οῦτως
482 2727 510 2778 ὁ
536 2725 693 2794 λόγος
732 2720 885 2787 οὗτος
914 2724 1023 2778 τῶν
1064 2721 1366 2796 ἀνθρώπων
1402 2718 1708 2789 διορθοῦται
1751 2717 1848 2785 τὴν

278 2815 508 2880 ἔννοιαν,
547 2816 790 2879 ἐπινοίας
824 2816 899 2886 (5)
932 2814 1029 2886 τὴν
1080 2813 1261 2866 πίστιν
1310 2810 1466 2881 ἡμῶν
1505 2806 1848 2878 διαστρέφειν

279 2905 540 2960 ἐθέλουσι.
571 2903 791 2968 Τούτοις
822 2903 1101 2974 ἐπώμεθα,
1131 2904 1242 2964 τοῖς
1270 2900 1451 2967 λόγοις
1481 2895 1846 2960 πιστεύοντες,

1948 445 2164 501 illorum
2191 450 2378 503 verbis
2402 449 2590 519 petita.
2631 450 2911 520 Expositio
2939 466 3068 521 ergo
3112 451 3238 507 ﬁdei
3268 454 3513 524 ipsorum

1947 538 2053 592 boc
2106 539 2268 594 modo
2317 556 2438 595 sese
2466 540 2659 596 habet:
2702 561 2719 592 ι
2749 540 3038 598 Credimus
3064 543 3119 597 in
3142 560 3311 599 unum
3339 545 3514 603 Deum

1946 630 2158 685 Patrem
2182 633 2635 701 omnipotentem.
2665 626 2924 689 factorem
2948 634 3194 689 omnium
3214 628 3515 697 visibilium

1946 731 2002 776 et
2028 721 2406 777 invisibilium.
2437 723 2505 778 Et
2542 724 2597 778 in
2627 740 2795 779 unum
2820 725 3111 779 Dominum
3138 725 3325 785 Iesum
3353 725 3517 782 Chri-

1948 822 2090 866 stum
2124 812 2320 867 Filium
2354 813 2449 867 Dei
2494 814 2857 884 unigenitum,
2887 825 3077 870 natum
3105 832 3171 871 ex
3206 818 3388 882 Patre,
3415 818 3521 878 hoc

1948 911 2052 963 est,
2080 918 2147 956 ex
2178 903 2485 958 substantia
2514 904 2715 967 Patris,
2753 902 2927 960 Deum
2961 906 3028 961 de
3068 908 3198 972 Deo,
3230 908 3418 963 lumen
3450 909 3520 969 de

1948 992 2176 1057 lumine,
2215 994 2386 1049 Deum
2422 1011 2611 1068 vergum
2643 996 2711 1051 d‘e
2755 998 2868 1051 Deo
2895 1012 3054 1064 vero;
3100 998 3365 1069 genitum,
3407 1014 3519 1059 non

1948 1084 2180 1149 factum;
2227 1086 2746 1141 consubstantialem
2785 1089 2957 1154 Patri,
2983 1104 3082 1158 per
3118 1104 3281 1159 quem
3332 1091 3518 1153 omnia

1949 1174 2087 1230 facta
2110 1183 2259 1239 sunt,
2305 1186 2412 1229 tam
2458 1193 2579 1248 qua:
2620 1178 2672 1231 in
2721 1181 2881 1243 cmio,
2919 1197 3080 1255 quam
3111 1197 3232 1250 quae
3262 1182 3317 1235 in
3346 1189 3517 1244 terra.

1948 1264 2050 1331 Qui
2080 1274 2302 1336 propter
2318 1282 2418 1320 nos
2445 1268 2697 1323 homines
2714 1278 2770 1323 et
2783 1280 3009 1344 propter
3029 1280 3270 1328 nostram
3287 1275 3516 1334 salutem

1951 1355 2259 1419 descendit,
2306 1365 2363 1411 et
2397 1358 2717 1414 incarnatus
2754 1368 2858 1424 est,
2897 1370 2953 1415 et
2983 1361 3148 1417 homo
3185 1361 3362 1421 [actus
3396 1370 3521 1424 est:

1949 1446 2043 1518 qui
2072 1463 2264 1518 passus
2292 1457 2376 1504 est
2411 1457 2467 1503 et
2512 1451 2813 1509 resurrexit
2839 1453 2998 1507 tertia
3028 1453 3148 1508 die:
3177 1464 3234 1509 et
3274 1454 3522 1516 ascendit

1951 1537 2005 1591 in
2028 1539 2197 1593 caelos
2219 1555 2233 1605 ;
2257 1539 2351 1609 qui
2375 1544 2736 1597 v’enturuscst
2746 1543 2995 1614 judicare
3014 1545 3170 1600 vivos
3184 1554 3241 1600 et
3253 1555 3518 1607 mortuos.

1950 1629 2020 1683 Et
2052 1628 2105 1683 in
2131 1629 2396 1702 Spiritum
2424 1642 2696 1688 sanetum.
2726 1633 2837 1688 Eos
2862 1636 2994 1690 vero
3017 1636 3111 1705 qui
3142 1637 3362 1693 dicunt:
3389 1638 3522 1700 Erat

1953 1718 2245 1794 aliquando
2295 1736 2418 1777 cum
2444 1739 2557 1777 non
2586 1734 2767 1790 esset;
2802 1726 2964 1779 item:
2997 1726 3300 1803 Antequam
3336 1728 3524 1799 gigne—

1952 1820 2123 1876 retur,
2172 1827 2284 1868 non
2323 1824 2472 1882 erat;
2506 1823 2595 1870 et:
2653 1816 2807 1887 Quod
2855 1834 2923 1873 ex
2973 1835 3082 1873 non
3127 1820 3522 1879 etsistentibus

1951 1901 2127 1957 factus
2146 1904 2238 1968 sit,
2276 1913 2371 1960 aut
2403 1920 2470 1960 ex
2496 1906 2602 1963 alia
2649 1907 3005 1965 subsistentia
3048 1910 3162 1964 sive
3192 1910 3519 1974 substantia.

1951 1992 2045 2066 qui
2071 1993 2282 2060 dicunt,
2314 1998 2398 2052 vel
2446 1998 2766 2054 mutabilem
2796 2002 2881 2055 vel
2910 2001 3230 2059 variabilem
3258 2017 3383 2059 esse
3430 2002 3514 2055 Fi-

1934 2081 2084 2135 lium
2131 2083 2249 2148 Dei,
2292 2085 2457 2140 hosce
2508 2087 2933 2143 anathematizat
2977 2089 3243 2144 catholica
3295 2098 3352 2144 et
3388 2105 3523 2160 apo-

1951 2172 2139 2227 stolica
2181 2174 2441 2230 Ecclesia.
2486 2195 2506 2226 ι
2547 2177 2673 2231 iizee
2732 2179 2951 2234 Patrum
2993 2181 3157 2235 verba
3209 2192 3357 2247 sunt,
3405 2198 3527 2252 qna:

1951 2262 2112 2315 ﬁdem
2133 2263 2198 2316 de
2216 2264 2515 2335 Unigenito
2536 2268 2697 2322 nobis
2714 2278 3016 2341 exponunt,
3040 2279 3096 2325 et
3118 2272 3291 2326 instar
3320 2289 3526 2329 normte

1951 2353 2184 2426 alicujus
2210 2370 2429 2412 omnem
2481 2357 2778 2413 humanam
2830 2362 3216 2432 cogitationem
3258 2364 3523 2435 dirigunt.

1946 2442 2422 2509 Quemadmodum
2443 2449 2590 2502 enim
2618 2466 2813 2505 norma
2840 2467 3060 2509 sensum
3081 2454 3229 2507 circa
3255 2454 3385 2524 ligni
3440 2472 3529 2509 re-

1951 2535 2024 2588 cti
2034 2536 2278 2591 tudinem
2291 2547 2569 2593 errantem
2596 2542 2843 2610 corrigit,
2859 2542 3068 2611 obliqui
3077 2550 3241 2601 tatem
3254 2560 3525 2614 arguens:

1929 2626 2027 2679 ita
2066 2636 2122 2680 et
2148 2629 2264 2682 hzec'
2288 2630 2464 2682 oratio
2503 2629 2788 2684 hominum
2813 2632 3159 2691 intellectum
3197 2634 3404 2705 dirigit,
3431 2642 3524 2707 qui

1951 2715 2112 2769 ﬁdem
2127 2726 2367 2769 nostram
2380 2718 2931 2789 suiscogitationibus
2945 2734 3260 2792 pervertere
3276 2728 3526 2795 cupiunt.

1954 2805 2126 2858 Hosce
2144 2817 2200 2858 et
2234 2822 2335 2861 nos
2362 2823 2678 2881 sequamur,
2705 2811 2892 2867 verbis
2921 2813 3053 2884 ipsis
3081 2815 3390 2882 credentes,
3418 2835 3524 2873 non

1950 2896 2281 2963 quastioncs
2321 2906 2623 2955 nectentes.
2670 2901 2838 2956 Aiunt
2877 2905 3023 2958 enim
3070 2905 3177 2971 illi,
3226 2907 3526 2973 credimus,

277 3001 341 3053 οὐ
385 2997 743 3071 προϐλήματα
790 2997 1084 3058 πλέκοντες.
1146 2991 1481 3062 Πιστεύομεν
1535 2989 1644 3059 γὰρ
1695 2982 1848 3041 εἷπον

1953 3002 2062 3041 non
2121 2988 2655 3046 demonstrationum
2710 2995 2951 3052 rationes
2992 2996 3343 3054 adducimus.
3391 3000 3528 3057 Cre-

280 3094 493 3156 ὲκεῖνοι,
524 3092 624 3145 οὐκ
672 3089 970 3156 ἀποδείξεις
1027 3087 1125 3150 τὶς
1166 3085 1253 3139 διὰ
1289 3083 1462 3152 λόγων
1509 3078 1847 3151 παρέχομεν.

281 3182 579 3258 Τοιγαροῦν
607 3182 986 3252 πιστεύσωμεν
1013 3180 1106 3234 καὶ
1124 3179 1285 3251 ἡμεῖς
1305 3175 1478 3238 οὕτως
1505 3172 1649 3243 ἔχειν
1677 3171 1746 3225 τὰ
1779 3171 1855 3224 εἱ-

286 3276 519 3349 ρημένα,
552 3274 771 3345 ἁπάσης
816 3273 893 3342 (6)
936 3271 1233 3343 περιέργου
1262 3267 1546 3339 ζητήσεως
1575 3261 1856 3325 παντελῶς

283 3366 628 3436 ἀπεχόμενοι.
662 3365 738 3417 Ob
766 3364 873 3434 γὰρ
910 3361 1203 3431 εὐθύνομεν
1222 3359 1291 3413 τὰ
1315 3357 1419 3411 ύπὸ
1452 3355 1561 3409 τῶν
1594 3352 1853 3425 Πατέρων

286 3455 707 3527 πεπιστευμένα·
741 3455 854 3508 ἀλλ’
895 3452 1259 3527 ὁμολογοῦμεν
1303 3449 1453 3511 ταῦθ’
1494 3445 1668 3508 οὕτως
1696 3458 1855 3512 γεγε-

287 3550 472 3620 νῆσθαι
507 3552 659 3619 παρὰ
679 3551 834 3615 Θεοῦ,
863 3551 962 3622 τῆς
984 3552 1215 3611 πίστεως
1241 3549 1371 3620 ἡμῖν
1402 3542 1725 3615 βεϐαιοὺσης
1759 3539 1855 3608 τὴν

289 3638 510 3694 ἔννοιαν.
545 3642 709 3698 Ὥστε
737 3641 1079 3717 Χριστιανῶν
1104 3637 1380 3709 ἀλλότριός
1408 3637 1524 3688 ἐστι
1552 3634 1660 3697 πᾶς
1683 3632 1712 3684 ὀ
1757 3630 1856 3700 τῆς

289 3732 549 3796 ἐκθέσεως
586 3732 789 3805 ταύτης
823 3731 1257 3803 παρηλλαγμένα
1290 3727 1522 3798 φρονῶν,
1559 3724 1660 3779 κᾶν
1694 3723 1856 3776 πιθα-

290 3824 371 3875 νόν
398 3840 450 3876 τι
476 3824 603 3894 περὶ
628 3824 726 3896 τῆς
748 3825 983 3884 πίστεως
1013 3821 1168 3891 ἡμῶν
1187 3820 1368 3887 λέγειν
1401 3817 1551 3886 δοκῇ.
1581 3813 1714 3867 Οὐδὲ
1745 3811 1853 3883 γὰρ

287 3914 401 3967 οὐδὲ
422 3913 529 3967 τῶν
555 3914 660 3978 ἔξω
692 3931 775 3976 τις
796 3910 1071 3977 ἀπόδειξιν
1101 3910 1325 3963 ἀπαιτεῖ
1350 3907 1446 3976 τῆς
1473 3904 1581 3958 τῶν
1601 3902 1856 3974 μαθημὰ-

290 4021 391 4057 των
418 4005 618 4077 ἀρχῆς·
656 4003 794 4062 ἀλλὰ
850 4001 1030 4055 πίστει
1067 4001 1220 4075 παρὰ
1261 3998 1357 4052 τοῦ
1395 3993 1714 4053 διδασκάλου
1762 3991 1860 4064 τὴν

291 4093 452 4164 ἀρχὴν
495 4093 833 4165 ὑποδέχεται,
890 4091 1080 4151 οὐδένα
1126 4091 1269 4144 κατὰ
1304 4088 1507 4160 ταύτης
1555 4085 1727 4151 κινῶν.
1776 4082 1863 4136 λο-

290 4183 494 4252 γισμόν.
897 4236 936 4251 _

353 4279 422 4331 ϐ’.
463 4275 629 4349 Ἀρχὴ
657 4275 834 4328 τοίνυν
863 4275 961 4347 τῆς
990 4276 1116 4348 περῖ
1133 4274 1226 4330 τοῦ
1250 4273 1588 4345 Μονογενοῦς
1614 4271 1850 4329 πίστεως

1957 3076 2151 3133 damus
2186 3095 2318 3150 ergo
2352 3090 2410 3135 et
2438 3097 2559 3145 nos,
2587 3098 2651 3138 ea
2675 3100 2798 3153 qua:
2823 3086 3082 3154 diximus,
3116 3089 3187 3143 ita
3218 3106 3277 3145 se
3302 3091 3527 3157 habere,

1952 3180 2010 3225 et
2029 3171 2099 3226 ab
2116 3173 2266 3227 omni
2286 3174 2501 3229 curiosa
2526 3174 2880 3245 inquisitione
2898 3181 3118 3248 penitus
3131 3182 3524 3242 abstineamus.

1955 3265 2142 3333 Neque
2175 3265 2323 3319 enim
2367 3283 2470 3321 nos
2509 3284 2630 3338 quae
2673 3284 2705 3324 a
2739 3269 2995 3327 Patribus
3038 3274 3249 3331 credita
3282 3275 3534 3340 fuerunt.

1953 3357 2313 3426 corrigiirus:
2349 3358 2444 3411 sed
2477 3359 2593 3413 haec
2612 3359 2684 3413 ita
2718 3375 2750 3414 a
2772 3360 2885 3415 Deo
2920 3361 3061 3417 facta
3089 3364 3280 3431 fuisse,
3306 3367 3413 3424 ﬁde
3441 3370 3535 3440 iu-

1960 3445 2239 3499 telieelum
2284 3455 2531 3500 nostrum
2575 3447 2957 3514 eonﬁrmante,
2996 3452 3341 3509 conﬁtemur.
3381 3457 3533 3513 Adeo

1960 3543 2021 3589 ut
2051 3534 2489 3591 Christianorum
2528 3539 2811 3594 consortio
2838 3540 3057 3596 alienus
3084 3543 3176 3609 sit,
3215 3545 3532 3616 quicunque

1959 3625 2176 3680 diversa
2199 3625 2368 3680 sentit
2388 3626 2458 3680 ab
2480 3627 2583 3682 hac
2602 3629 2945 3698 expositione
2968 3647 2983 3695 ;
3013 3630 3231 3703 etiamsi
3250 3634 3534 3704 probabile

1960 3714 2094 3782 quid
2125 3714 2193 3769 de
2223 3713 2331 3770 ﬁde
2362 3723 2549 3771 nostra
2576 3716 2763 3772 dicere
2790 3719 3067 3774 videatur.
3098 3721 3234 3776 Nam
3262 3739 3367 3779 nec
3387 3726 3536 3795 quis-

1955 3823 2125 3876 quam
2154 3822 2347 3862 eorum
2371 3807 2467 3878 qui
2503 3818 2657 3863 extra
2687 3809 2987 3866 Ecelesiam
3025 3823 3173 3880 sunt,
3203 3815 3536 3888 principium
3636 3798 3653 3815 ’

1962 3898 2316 3953 scientiarum
2368 3900 2474 3955 sibi
2505 3901 2872 3957 demonstrari
2915 3904 3177 3973 postulat,
3230 3908 3326 3962 sed
3364 3908 3473 3966 ﬁde
3505 3928 3539 3966 ι

1963 3989 2226 4058 magistro
2243 3990 2581 4061 principium
2609 3992 2862 4063 suscipit,
2898 3994 3103 4049 nullam
3128 4005 3321 4052 contra
3351 3999 3409 4055 id
3448 4000 3536 4078 ip-

1962 4095 2082 4133 sum
2121 4083 2550 4137 controversiam
2582 4098 2830 4140 movens.

2029 4283 2123 4339 lx.
2161 4286 2502 4363 Principium
2529 4305 2660 4360 ergo
2692 4290 2819 4347 ﬁdei
2846 4291 2911 4346 de
2935 4292 3250 4363 Unigcnito,
3289 4295 3404 4351 inec
3435 4296 3541 4351 Pa-

291 4368 555 4438 ήὲκθεσις
584 4366 723 4439 αῦτη
745 4366 854 4425 τῶν
898 4366 1158 4439 Πατέρων
1193 4369 1439 4439 γένηται.
1475 4366 1695 4439 Ἐπειδὴ
1745 4366 1851 4441 γὰρ

1962 4385 2107 4433 trum
2132 4382 2404 4450 expositio
2454 4390 2558 4436 cst.
2585 4382 2721 4438 Cum
2748 4384 2894 4438 enim
2920 4384 2987 4438 de
3006 4385 3300 4456 Unigenito
3321 4387 3537 4458 disqui-

292 4459 411 4530 περὶ
459 4457 551 4512 τοῦ
585 4456 922 4526 Μονογενοῦς
953 4458 1137 4522 αὐτοῖς
1187 4461 1220 4532 ἡ
1260 4460 1450 4530 σκέψις
1473 4461 1709 4530 ἐγένετο,
1737 4462 1860 4517 τότε

291 4553 513 4622 Ἀρείου,
550 4551 804 4623 καθάπερ
836 4551 932 4605 νῦν
959 4552 1277 4623 Νεστορίου,
1309 4553 1387 4631 τῷ
1426 4554 1611 4628 σπόρῳ
1646 4554 1746 4624 τῆς
1774 4555 1863 4607 εύ-

296 4642 499 4706 σεϐείας
544 4642 964 4712 ἐπισπείραντος
1008 4640 1246 4707 ζιζάνια,
1279 4643 1492 4699 καὶτοῦ
1523 4644 1860 4719 Μονογενοῦς

294 4733 383 4802 τὴν
415 4731 572 4796 δόξαν
615 4733 1087 4804 παρατιτρὼσκειν
1121 4735 1588 4807 ἐπιχειρήσαντος·
1618 4741 1712 4791 καὶ
1763 4738 1865 4791 Λό-

294 4840 380 4891 γον
420 4823 519 4893 μὲν
548 4823 643 4876 τοῦ
695 4822 910 4895 Πατρὸς
947 4817 1087 4878 εἶναι
1132 4824 1383 4895 λέγοντος
1430 4828 1521 4888 τὸν
1569 4829 1857 4903 μονογενῆ,

295 4920 383 4990 τῆς
408 4920 463 4973 δὲ
493 4921 832 4991 Δεσποτικῆς
870 4917 1026 4984 ἀξίας
1055 4918 1151 4972 καὶ
1200 4917 1359 4989 δόξης
1404 4916 1853 4986 ἀπολειπόμενον

295 5011 469 5066 τούτου
485 5012 646 5084 χάριν
671 5011 1023 5083 ξυναχθέντες
1042 5013 1092 5064 οί
1112 5010 1357 5082 Πατέρες
1387 5010 1481 5062 καὶ
1509 5008 1626 5075 νῦν,
1644 5007 1859 5062 ποιοῦσι

296 5103 382 5173 τὴν
401 5103 679 5157 εύσὲσειαν
708 5103 866 5172 ἡμῶν
895 5104 1079 5173 νόμον,
1112 5103 1225 5162 τοίς
1245 5102 1376 5171 περὶ
1406 5100 1503 5153 τοῦ
1519 5098 1860 5169 Μονογενοῦς

298 5200 415 5252 πᾶσι
469 5193 765 5263 σοφίσμασι
798 5194 894 5264 τὴν
950 5193 1060 5247 τῶν
1110 5192 1495 5262 ἁπλουστέρων
1543 5191 1859 5255 κλείσαντες

300 5289 468 5359 ἀκοήν.
495 5286 586 5341 Διὸ
617 5283 713 5336 καὶ
750 5283 1226 5356 περὶΜονογενοῦς
1261 5284 1447 5348 αὐτοῖς
1484 5284 1856 5377 προκειμένης

300 5377 384 5446 τῆς
416 5374 681 5445 σκέψεως,
711 5374 803 5426 τὸν
834 5374 1033 5427 κανόνα
1089 5373 1207 5443 τῆς
1242 5374 1474 5438 πίστεως
1517 5375 1569 5427 οί
1611 5373 1856 5446 Πατέρες

363 5514 433 5581 (5)
464 5514 786 5580 Ἐπινοίας.
821 5513 969 5570 Fort.
992 5514 1041 5565 οἱ
1075 5515 1361 5579 ἐπινοίαις.

468 5581 1255 5650 Ἁπάσῃ-πεπιστευμένα.
1283 5585 1594 5639 Coteierius
1619 5588 1672 5643 in
1707 5591 1855 5644 notis

174 5618 193 5671 4
365 5588 431 5705 (ili)
468 5588 1255 5650 Ἁπάσῃ-πεπιστευμένα.
1283 5588 1594 5639 Coteierius
1619 5588 1672 5643 in
1707 5591 1853 5644 notis

34 5653 161 5743 NW
309 5653 359 5708 ad
411 5655 604 5710 .onsn’t.
648 5656 825 5727 Apost.
864 5652 954 5706 lib.
992 5670 1043 5719 ν,
1083 5666 1199 5724 cap.
1242 5655 1294 5718 4,
1335 5655 1438 5708 sub
1474 5655 1659 5724 ﬁnem,
1707 5657 1853 5714 hunc

37 5720 53 5743 ,
83 5720 90 5727 .

33 5720 129 5819 ut“

1958 4468 2088 4523 sitio
2135 4469 2206 4524 ab
2261 4470 2396 4540 ipsis
2453 4472 2856 4539 institueretur,
2888 4474 3032 4547 quod
3083 4484 3213 4530 tunc
3272 4479 3539 4553 temporis

1958 4558 2145 4625 Arius,
2179 4562 2261 4615 uti
2293 4578 2441 4617 nunc
2462 4563 2773 4644 Nestoriqs,
2791 4581 2958 4637 super
2991 4565 3212 4638 pietatis
3232 4578 3541 4629 sementem

1960 4651 2167 4706 zizania
2209 4655 2699 4723 superseminaret,
2741 4656 3082 4728 gloriamque
3128 4658 3405 4730 Unigeniti
3452 4660 3539 4714 in-

1962 4743 2209 4815 fringere
2232 4757 2551 4813 conaretur,
2580 4755 2637 4802 et
2671 4749 3014 4820 unigenitum
3041 4750 3263 4820 quidem
3294 4750 3534 4807 Verbum

1961 4832 2141 4887 Patris
2177 4849 2299 4889 esse
2331 4835 2562 4902 diceret,
2589 4838 2684 4893 sed
2718 4839 2988 4911 dignitate
3026 4851 3084 4895 et
3122 4840 3294 4912 gloria
3320 4842 3537 4895 Domini

1962 4925 2287 4981 destitutum
2326 4944 2339 4979 :
2371 4927 2580 5003 ideirco
2622 4933 2936 5002 congregati
2969 4942 3100 4987 tunc
3146 4934 3406 5003 temporis
3435 4935 3538 4988 Pa-

1963 5024 2097 5078 tres,
2133 5026 2193 5071 ut
2224 5026 2280 5071 et
2311 5017 2418 5072 hoc
2449 5027 2717 5090 tempore,
2745 5021 2919 5091 legem
2938 5023 3161 5092 pietatis
3180 5032 3380 5079 nostra:
3412 5040 3541 5095 pro-

1962 5117 2203 5179 ponunt;
2231 5109 2490 5167 omnibus
2519 5112 2871 5184 sophismatis
2908 5114 2976 5168 de
3000 5115 3295 5187 Unigenito
3322 5116 3540 5189 simpli—

1964 5198 2175 5253 ciorum
2217 5214 2379 5255 aures
2431 5200 2803 5257 occludentes.
2840 5201 3078 5272 Ideoque
3110 5198 3347 5261 cum'de
3401 5207 3540 5268 Uni-

1963 5291 2148 5363 genito
2178 5292 2313 5363 ipsis
2349 5293 2627 5364 proposita
2669 5302 2816 5349 esset
2851 5294 3186 5365 disquisitio,
3229 5298 3371 5353 banc
3410 5298 3536 5356 ﬁdei

1965 5383 2210 5453 regulam
2233 5384 2405 5440 sancti
2436 5385 2628 5440 Patres
2661 5398 3053 5455 exposuerunt,
3087 5387 3362 5459 principio
3394 5388 3541 5446 facto

1959 5526 2140 5580 locum
2166 5522 2456 5595 itarreddit
2487 5540 2500 5575 :
2528 5522 2605 5576 Ab
2638 5524 3023 5595 omnifariam
3059 5524 3426 5595 disquisitione
3447 5538 3538 5593 pe—

1959 5596 2098 5648 nitus
2131 5594 2489 5664 abstinentes:
2522 5608 2687 5664 neque
2718 5594 2855 5646 enim
2891 5594 2945 5646 in
2979 5610 3040 5648 ea
3075 5592 3192 5664 quia
3224 5614 3258 5648 α
3294 5592 3540 5651 Pultibus

1959 5664 2156 5719 credita
2183 5663 2417 5733 fuerunt,
2442 5662 2778 5732 inquirimus.
