4062 6202
523 285 658 343 1527

1629 273 1978 333 THEODOTI
2017 273 2323 336 EPISCOPI
2355 229 2711 336 )ANCYRANl

3649 288 3805 342 1528

519 416 549 455 a
578 400 762 462 Patre,
810 393 942 452 licet
972 390 1121 450 nulla
1145 404 1386 462 unquam
1431 387 1662 462 quaestio
1686 387 1754 444 de
1790 387 1905 442 Deo
1931 385 2087 440 Patre

2197 385 2461 454 ἐξέθεντο,
2499 391 2605 444 ἀπὸ
2637 391 2729 446 τοῦ
2788 392 3000 462 Πατρδς
3055 394 3153 466 τὴν
3182 395 3356 467 ἀρχὴν
3397 399 3798 470 ποιησάμενον

473 517 494 525 ε
520 487 706 542 fuerit.
737 483 970 550 Quinam
1001 498 1133 553 ergo
1166 479 1528 550 expositionis
1577 476 1912 549 principium
1951 474 2098 530 recc-

523 583 651 631 runt
681 590 712 628 a
751 575 934 639 Patre,
965 589 1092 628 cum
1121 572 1269 627 nulla
1297 571 1365 626 de
1394 587 1460 627 eo
1487 579 1632 627 esset
1654 567 1928 640 qumstio?
1958 583 2099 640 quo-

521 669 665 722 niam
695 667 930 736 sapienti
955 676 1012 722 et
1039 681 1236 737 magno
1253 664 1490 734 quodam
1521 663 1756 717 consilio
1783 660 2099 715 munimen-

520 768 635 811 tum
671 757 798 811 ﬁdei
830 767 1034 812 nostra:
1059 756 1350 828 parabant,
1376 755 1554 824 primo
1594 755 1716 810 loco
1744 751 2102 807 nominabant

521 850 758 902 Patrem.
801 847 909 902 Sed
949 862 1346 918 cognoscemus
1388 847 1630 916 ipsorum
1672 844 2020 914 sapientiam,
2053 843 2100 896 si

520 918 688 995 verba
733 956 930 995 eorum
963 948 1219 995 accurate
1251 939 1619 994 attendamus.
1661 956 1677 988 ι
1702 936 1992 992 Credimus
2045 935 2100 987 in

521 1048 691 1089 unum
721 1031 892 1086 Deum
933 1033 1148 1086 Patrem
1181 1031 1638 1100 omnipotentem,
1676 1028 1938 1082 factorem
1965 1025 2101 1080 visi-

521 1123 714 1177 bilium
746 1121 991 1176 omnium
1015 1132 1071 1176 et
1091 1120 1450 1175 invisibilium
1503 1140 1520 1172 ι
1552 1119 1756 1189 Ecquis
1782 1133 1975 1174 eorum
2005 1117 2099 1187 qui

519 1220 667 1266 recte
705 1210 947 1280 sapiunt,
983 1219 1148 1279 atque
1183 1211 1466 1263 intellectu
1500 1208 1804 1263 secundum
1844 1215 2099 1260 naturam

516 1311 772 1365 utuntur,
810 1299 914 1354 hoc
949 1298 1490 1372 igporat?0mnibus
1517 1298 1740 1368 quidem
1785 1298 1889 1351 hoc
1923 1296 2099 1350 mani-

516 1393 714 1448 festum
735 1403 849 1448 est:
891 1392 984 1449 sed
1017 1394 1211 1448 Patres
1244 1393 1549 1448 orationem
1589 1408 1744 1446 suam
1794 1392 1899 1445 hoc
1937 1389 2101 1444 modo

514 1486 830 1550 ordiuntur,
855 1502 963 1539 non
992 1493 1052 1540 ut
1087 1500 1205 1540 rem
1235 1485 1495 1540 omnibus
1535 1493 1719 1541 nolam
1749 1483 1934 1539 dicant
1964 1501 1976 1536 :
2003 1482 2100 1537 scd

517 1579 644 1648 quia
690 1577 856 1632 sicuti
905 1593 1078 1631 unum
1108 1578 1346 1642 Patrem,
1382 1578 1457 1632 ita
1498 1588 1554 1631 ct
1597 1593 1766 1632 unum
1805 1576 2100 1629 Dominum

514 1667 700 1724 Jesnm
720 1667 1002 1722 Christum
1043 1663 1334 1732 noverant,
1370 1668 1716 1738 praemittunt
1761 1666 1900 1720 Filio
1923 1681 2096 1719 unum

515 1759 768 1814 Patrem:
819 1766 879 1812 ut
925 1758 1386 1828 quemadmodum
1432 1758 1499 1812 de
1545 1759 1706 1812 Patre
1748 1756 2090 1821 intellexisti,

521 1870 537 1900 ι
579 1867 750 1906 unum
798 1851 969 1904 Deum
1002 1851 1458 1919 omnipotentem,
1490 1869 1508 1900 )
1545 1849 1617 1905 ita
1649 1850 1814 1904 etiam
1856 1849 1924 1904 de
1963 1848 2090 1902 uni-

511 1943 696 2011 genito
726 1942 864 1996 Filio
914 1958 1086 1996 unum
1132 1942 1528 2012 intelligamus:
1575 1958 1675 1997 nec
1703 1942 1814 1996 duo
1841 1941 1944 1996 sub
1967 1941 2089 1994 Filii

510 2032 877 2103 appellatione
922 2032 1220 2103 signiﬁcari
1270 2043 1546 2104 putemus.
1591 2032 1762 2087 Sicuti
1807 2033 1954 2087 enim
2002 2031 2089 2086 di-

510 2132 698 2178 centes
737 2140 907 2178 unum
952 2125 1193 2188 Patrem,
1231 2141 1579 2195 nequaquam
1609 2125 1886 2195 duplicem
1930 2124 1995 2178 de
2023 2138 2091 2179 eo

509 2215 896 2286 cogitationem
928 2215 1208 2282 indicant;
1241 2216 1321 2270 sic
1347 2227 1403 2271 et
1426 2231 1597 2271 unum
1623 2216 1872 2271 dicentes
1892 2215 2087 2269 Filium
2119 2277 2126 2284 _

512 2308 805 2366 Dominum
832 2316 1087 2362 nostrum
1145 2307 1334 2361 Jcsum
1367 2306 1672 2369 Christum,
1729 2307 1879 2360 nullo
1927 2307 2090 2360 modo

511 2398 788 2468 duplicem
815 2397 1111 2469 signiﬁcari
1131 2399 1342 2454 volunt.
1366 2399 1501 2453 Nam
1528 2399 1581 2452 in
1617 2399 1752 2462 Deo,
1782 2415 1885 2453 nec
1914 2399 2090 2454 Patris

509 2489 805 2559 appellatio
846 2489 958 2543 duo
1002 2489 1296 2559 signiﬁcat,
1336 2504 1438 2544 nec
1483 2490 1604 2543 Filii
1636 2505 1835 2544 nomen
1863 2490 1974 2544 duo
2011 2490 2089 2544 si-

510 2579 765 2650 gniﬁcata
790 2579 1016 2635 indicat.
1053 2579 1170 2633 Hoc
1191 2594 1322 2650 ergo
1352 2579 1616 2635 docentes
1646 2581 1817 2635 sancti
1847 2577 2034 2634 Patre‘s
2059 2597 2090 2635 a

509 2671 763 2726 doctrina
795 2671 862 2726 de
890 2687 1000 2726 uno
1026 2671 1189 2744 Patre
1233 2671 1434 2736 exorsi,
1479 2687 1650 2726 unum
1690 2689 1911 2742 quoque
1955 2673 2088 2728 sub-

505 2765 743 2835 jungunt
794 2763 993 2817 Filium
1050 2762 1430 2833 unigenitum,
1481 2764 1775 2818 Dominum
1839 2775 2090 2818 nostrum

507 2855 698 2913 Jesum
729 2854 1049 2909 Christum:
1078 2862 1139 2908 ut
1173 2853 1385 2910 unitate
1432 2855 1614 2911 Patris
1651 2871 1822 2910 unum
1870 2872 2091 2927 quoque

511 2945 928 3018 intelligendum
955 2961 1077 3002 esse
1107 2945 1304 3004 Filium
1331 2961 1806 3018 cognosceremus.

2203 478 2298 531 καὶ
2328 479 2426 548 μὲν
2456 481 2708 534 οὐδέποτε
2741 482 2966 554 ζήτησις
2982 483 3198 550 ἐγένετο
3232 485 3481 556 περὶτοῦ
3514 488 3650 542 Θεοῦ
3696 493 3805 543 καὶ

2202 569 2436 641 Πατρός.
2462 572 2586 635 Πῶς
2610 568 2703 626 οὖν
2729 574 2836 627 ἀπὸ
2863 574 2958 627 τοῦ
2994 575 3206 644 Πατρδς
3234 576 3333 647 τὴν
3365 578 3538 650 ἀρχὴν
3560 581 3659 651 τῆς
3694 585 3799 633 ἐκ·

2204 659 2406 724 θέσεως
2444 663 2790 734 πεποίηνται,
2829 662 3109 735 ζητήσεως
3149 665 3405 736 οὐδεμιᾶς
3437 666 3605 740 οὔσης
3656 672 3802 741 περὶ

2201 749 2404 816 αὐτοῦ;
2431 751 2564 805 ἀλλά
2578 768 2630 804 τι
2660 752 2823 821 σοφὸν
2838 753 2931 807 καὶ
2954 754 3097 823 μέγα
3123 754 3258 824 πρὸς
3296 756 3596 826 ἀσφάλειαν
3623 761 3801 830 ἡμῶν

2201 839 2301 910 τῆς
2335 841 2571 905 πίστεως
2606 844 3128 909 κατασκευάζοντες,
3170 846 3386 916 πρῶτον
3419 843 3571 902 εἷπον
3605 851 3795 904 Πατέ-

2204 949 2293 1002 ρα.
2345 931 2620 1003 Εἰσόμεθα
2662 933 2718 986 δὲ
2769 933 2867 1005 τὴν
2921 935 3114 1004 σοφίαν
3164 936 3365 1002 αὐτῶν,
3416 942 3793 1011 προσέχοντες

2201 1022 2380 1076 αὐτῶν
2407 1023 2544 1094 μετὰ
2573 1022 2860 1095 ἀκριϐείας
2894 1028 3006 1089 τοῖς
3038 1026 3269 1097 ῥήμασι.
3293 1049 3310 1077 ι
3337 1029 3674 1102 Πιστεύομεν
3705 1036 3796 1094 είς

2201 1117 2295 1168 Eva
2331 1115 2463 1168 Θεὸν
2492 1115 2714 1187 Πατέρα
2757 1113 3198 1189 παντοκράτορα,
3231 1118 3447 1174 πάντων
3486 1122 3703 1192 ὁρατῶν
3726 1141 3790 1176 τε

2203 1205 2297 1258 καὶ
2334 1203 2584 1274 ἀοράτων
2622 1206 2877 1277 ποιητήν.
2911 1225 2929 1256 ι
2965 1208 3060 1272 Τίς
3089 1208 3199 1280 γὰρ
3245 1211 3428 1278 ἀγνοεῖ
3463 1211 3624 1266 τοῦτο
3674 1214 3794 1265 τῶν

2201 1292 2259 1349 εὖ
2301 1295 2660 1366 φρονούντων,
2708 1296 2803 1349 καὶ
2837 1295 2980 1350 κατὰ
3023 1297 3183 1366 φύσιν
3214 1303 3331 1364 ταῖς
3375 1301 3603 1364 ἐννοίαις
3632 1320 3792 1373 χρω-

2204 1385 2410 1455 μένων;
2448 1385 2655 1438 ’Ἅπασι
2699 1386 2796 1456 μὲν
2834 1386 2996 1439 τοῦτο
3033 1387 3191 1456 δῆλόν
3235 1390 3403 1442 ἐστιν·
3445 1390 3558 1443 ἀλλ’
3605 1391 3792 1454 οὕτως

2199 1478 2249 1528 οί
2280 1477 2520 1546 Πατέρες
2573 1478 2829 1547 ἄρχονται
2884 1479 2979 1533 τοῦ
3028 1479 3210 1549 λόγου,
3261 1482 3361 1552 οὑχ
3407 1483 3492 1535 ἶνα
3533 1484 3596 1536 τὸ
3645 1479 3789 1538 πᾶσι

2201 1567 2479 1639 γνώριμον
2513 1567 2760 1622 είπωσιψ
2793 1569 2909 1622 ἀλλ’
2945 1571 3131 1643 ἐπειδὴ
3175 1572 3250 1636 ὠς
3290 1573 3383 1626 Eva
3417 1574 3661 1644 Πατέρα,
3691 1575 3789 1628 οῦ-

2199 1674 2308 1720 τως
2337 1658 2432 1710 καὶ
2460 1657 2555 1711 Eva
2582 1657 2806 1729 ᾔδεισαν
2835 1659 3040 1731 Κύριον
3082 1661 3288 1732 Ἰησοῦν
3321 1663 3579 1733 Χριστὸν,
3642 1683 3784 1736 προσ

2132 1727 2175 1782 Β
2199 1751 2450 1804 τάττουσι
2469 1750 2563 1804 τοῦ
2590 1727 2735 1804 νῩίοῦ
2768 1752 2859 1805 τὸν
2888 1727 2984 1806 ἕνα
3016 1727 3255 1825 Πατέρα,
3273 1755 3339 1807 ἵν’
3363 1727 3551 1828 ὧσπερ
3568 1727 3669 1810 ἐπὶ
3685 1727 3789 1810 τοῦ

2193 1843 2407 1914 Πατρὸς
2439 1842 2550 1910 τὸν,
2585 1863 2602 1895 ι
2625 1845 2759 1898 Ἕνα
2789 1843 3050 1914 νενόηκας
3076 1844 3206 1899 Θεδν
3227 1848 3668 1920 παντοκράτορα,
3689 1850 3785 1902 οῦ·

2193 1953 2300 1998 τως
2354 1934 2614 2006 καὶπερὶ
2659 1937 2753 1989 τοῦ
2795 1935 3118 2008 μονογενοῦς
3162 1937 3317 2004 Υἱοῦ,
3349 1940 3450 1994 Eva
3483 1942 3782 2011 νοήσομεν,

2190 2024 2428 2094 οὐδαμοῦ
2454 2024 2547 2078 δύο
2576 2023 2822 2089 νοοῦντες
2856 2027 2960 2079 ὑπὸ
2984 2030 3082 2098 τῆς
3121 2031 3493 2101 προσηγορίας
3523 2030 3619 2085 τοῦ
3643 2032 3779 2086 Υίοῦ

2192 2118 2806 2189 σημαινόμενα.Ὦσπερ
2830 2117 2937 2190 γάρ
2953 2119 3049 2172 Eva
3072 2121 3315 2185 είπόντες
3333 2122 3572 2194 Πατέρα,
3591 2123 3778 2196 διττὴν

2191 2209 2290 2280 τὴν
2323 2209 2452 2279 περὶ
2485 2208 2651 2262 αὑτοῦ
2681 2209 2781 2262 οὐκ
2823 2210 3174 2282 ἀπεφήναντο
3208 2213 3434 2266 ἔννοιανο
3479 2214 3649 2280 οὕτως
3682 2221 3776 2271 καὶ

2192 2300 2289 2353 Eva
2315 2300 2560 2364 εἰπόντες
2583 2300 2709 2353 Υίδν
2730 2299 2821 2354 τὸν
2859 2301 3064 2372 Κύριον
3088 2301 3242 2373 ἡμῶν
3283 2303 3488 2374 Ἰησοῦν
3516 2305 3775 2376 Χριστὸν,

2190 2393 2251 2444 ού
2285 2391 2566 2461 βούλονται
2614 2391 2736 2445 κατ’
2785 2393 2974 2446 οὐδένα
3011 2393 3213 2465 τρόπον
3249 2393 3541 2464 δηλοῦσθαι
3568 2395 3770 2451 διττόν.

2204 2484 2328 2536 Ἐπὶ
2346 2483 2455 2554 γὰρ
2477 2482 2612 2536 Θεοῦ
2631 2483 2753 2536 οὕτε
2780 2485 2992 2555 Πατρδς
3014 2486 3353 2556 προσηγορία
3371 2485 3464 2540 δύο
3492 2487 3773 2559 σημαίνει,

2190 2574 2312 2628 οὔτε
2354 2575 2482 2628 Υἱοῦ
2517 2575 2578 2628 τὸ
2604 2576 2774 2646 ὄνομα
2803 2576 2871 2630 τὰ
2908 2578 3283 2648 σημαινόμενα
3310 2578 3404 2632 δύο
3434 2579 3603 2652 δηλοῖ.
3636 2581 3775 2635 Τοῦ-

2190 2677 2252 2714 το
2307 2662 2406 2734 μέν
2448 2659 2542 2717 οὖν
2598 2663 2938 2731 διδάσκοντες
2987 2668 3036 2718 οί
3071 2667 3333 2738 Πατέρες,
3365 2668 3466 2740 τῆς
3500 2672 3630 2742 περὶ
3675 2673 3774 2726 τοῦ

2191 2753 2310 2814 ἐνὸς
2355 2753 2571 2823 Πατρὸς
2599 2753 2947 2816 διδασκαλίας
2982 2755 3304 2831 ἀρξάμενοι,
3335 2757 3435 2812 ἕνα
3487 2760 3776 2831 ἐπήγαγον

2192 2844 2287 2898 καὶ
2319 2843 2448 2898 Υἱὸν
2494 2846 2774 2916 μονογενῆ,
2811 2846 2901 2899 τὸν
2932 2825 3141 2918 Κύριον⁷
3185 2825 3344 2919 ημῶν
3391 2825 3776 2926 Ἰησοῦν-Χρι-

2195 2934 2338 2986 στάν
2368 2934 2455 2988 ἵνα
2487 2937 2552 3007 τῇ
2605 2935 2817 3007 ἑνότητι
2850 2935 2964 2991 τοῦ
3002 2939 3215 3009 Πατρὸς
3245 2938 3344 3010 τὴν
3372 2942 3500 3015 περὶ
3530 2941 3621 2996 τοῦ
3653 2946 3776 3009 ἐνὸς

2194 3026 2326 3080 Υἱοῦ
2358 3028 2786 3099 κατανοήσωμεν
2822 3028 3054 3083 ἔννοιαν.

581 3136 649 3190 Χ.
685 3136 754 3190 At
791 3136 902 3198 ille,
938 3135 1033 3204 qui
1083 3150 1228 3191 novo
1273 3135 1568 3190 verborum
1601 3148 1914 3194 commento
1954 3140 2087 3197 sim-

2268 3121 2322 3173 l'.
2378 3119 2518 3172 Ἀλλ’
2546 3087 2597 3173 ὁ.
2617 3087 2962 3184 ἐπεισάκτοις
2995 3121 3176 3190 λόγοις
3215 3122 3275 3175 τὸ
3307 3123 3512 3178 ἁπλοῦν
3549 3127 3649 3196 τῆς
3676 3129 3774 3197 πί-

511 3228 814 3300 plicitatem
863 3225 989 3281 ﬁdei
1017 3236 1220 3282 nostra:
1266 3227 1592 3298 perturbare
1637 3238 1889 3295 conatur,
1921 3233 2017 3288 sed
2058 3250 2092 3290 a

511 3320 735 3376 Christo
763 3316 1099 3388 praepeditus
1121 3317 1246 3383 fuit,
1279 3332 1570 3372 commune
1591 3319 1844 3389 pluribus
1874 3333 1930 3391 et
1965 3325 2089 3380 Filii

511 3417 568 3464 et
587 3406 795 3464 Christi
822 3421 1029 3472 nomen
1060 3420 1182 3460 esse
1210 3406 1442 3472 asserit;
1469 3407 1671 3462 ostium
1708 3409 1812 3466 hoc
1835 3411 2093 3484 blasphe-

510 3499 640 3554 miis
665 3498 931 3553 adversus
965 3497 1249 3554 Christum
1277 3499 1565 3568 aperiens:
1599 3511 1656 3556 et
1694 3502 1748 3556 in
1797 3503 2090 3562 Servatore

511 3599 703 3646 nostro
725 3589 862 3644 duas
895 3588 1142 3644 diversas
1165 3605 1253 3644 res
1276 3589 1426 3645 hisce
1442 3593 1764 3649 nominibus
1786 3595 2088 3666 signiﬁcari

509 3680 776 3746 aﬂirmat;
798 3695 1032 3752 quorum
1065 3690 1362 3750 utrumque
1396 3697 1567 3737 unum
1607 3684 1831 3753 quidem
1863 3703 2086 3756 nomen,

509 3787 602 3827 res
621 3780 806 3826 autem
829 3771 964 3828 duas
988 3787 1108 3828 esse
1137 3771 1304 3827 dicit:
1336 3781 1392 3827 et
1413 3773 1836 3843 appellationem
1863 3779 2086 3847 quidem

512 3879 675 3922 11mm
697 3878 819 3923 esse
836 3863 932 3930 ait,
957 3863 1068 3918 duo
1087 3873 1271 3920 autem
1295 3865 1450 3934 ponit
1465 3866 1788 3935 signiﬁcata.
1818 3867 1924 3924 Sed
1952 3870 2088 3928 heus

510 3963 590 4018 ιιι,
623 3953 670 4010 si
713 3961 775 4008 ut
808 3968 976 4008 unum
1012 3953 1136 4006 Filii
1171 3969 1372 4010 nomen
1407 3954 1567 4020 dicis,
1600 3957 1676 4011 ita
1716 3974 1879 4015 unam
1919 3959 2084 4016 intel-

505 4045 632 4117 ligis
676 4060 792 4100 rem
840 4045 1238 4116 signiﬁcatam;
1279 4063 1448 4102 unum
1507 4048 1704 4106 Filium
1736 4049 1992 4117 aﬁirmas,
2028 4061 2085 4109 et

506 4139 700 4196 Patres
721 4137 989 4206 sequeris.
1023 4136 1118 4190 Sin
1143 4146 1329 4192 autem
1353 4154 1521 4192 unum
1548 4139 1690 4194 dicis
1714 4140 1836 4217 Filii
1859 4158 2080 4209 nomen,

503 4237 562 4283 et
600 4241 772 4281 unum
801 4225 1006 4281 Christi
1030 4241 1232 4280 nomen
1265 4228 1456 4295 ponis;
1499 4228 1603 4283 hoc
1633 4240 1817 4285 autem
1861 4234 2082 4290 nomine

504 4319 756 4374 diversas
779 4317 1114 4374 substantias
1137 4317 1430 4390 signiﬁcari
1462 4321 1686 4386 asseris,
1719 4338 1827 4376 non
1852 4339 2083 4382 consen-

2195 3223 2362 3270 στεως
2394 3210 2550 3280 ἡμῶν
2572 3209 2804 3263 θολῶσαι
2840 3209 3094 3282 θελήσας,
3131 3212 3396 3278 κωλυθεὶς
3423 3216 3479 3270 δὲ
3513 3217 3616 3271 ὑπὸ
3637 3219 3774 3290 Χριο

2194 3300 2344 3366 στοῦ,
2387 3303 2565 3356 κοινὸν
2599 3303 2859 3355 πλειόνων
2895 3304 3067 3374 ὄνομα
3093 3305 3263 3374 λέγει,
3297 3309 3358 3362 τό
3402 3325 3462 3361 τε
3495 3309 3642 3374 Υἱὸς,
3673 3314 3773 3366 καὶ

2191 3391 2253 3443 τὸ
2275 3393 2529 3463 Χριστός·
2558 3393 2728 3464 θύραν
2764 3393 2968 3464 ταύτην
2991 3396 3224 3466 ἀνοίγων
3254 3401 3354 3469 τῆς
3368 3400 3507 3453 κατά
3529 3402 3773 3471 Χριστοῦ

2195 3481 2562 3553 βλασφημίας
2597 3486 2690 3539 καὶ
2720 3487 2813 3539 Eni.
2834 3487 2929 3540 τοῦ
2952 3490 3206 3560 Σωτῆρος
3237 3489 3330 3544 δύο
3353 3492 3656 3562 πράγματα
3690 3490 3773 3547 εί·-

2190 3594 2279 3632 ναι
2300 3577 2471 3631 ταῦτα
2500 3578 2772 3648 δηλωτικὰ
2795 3579 2962 3649 λέγει·
2993 3573 3066 3633 ὧν
3090 3580 3323 3635 ἕκαστον
3352 3582 3410 3637 ἓν
3454 3584 3550 3653 μὲν
3591 3583 3772 3654 ὄνομα

2189 3671 2358 3739 λέγει,
2389 3672 2456 3724 τὰ
2489 3671 2545 3724 δὲ
2578 3672 2879 3744 πράγματα
2921 3674 3036 3738 δύο,
3067 3675 3158 3726 καὶ
3203 3674 3302 3746 τὴν
3350 3676 3446 3747 μὲν
3469 3677 3772 3745 ὀνομασίαν

2191 3762 2318 3830 μίαν
2343 3758 2481 3816 είναί
2537 3780 2692 3833 φησι,
2728 3765 2797 3817 τά
2847 3764 2903 3817 δὲ
2961 3765 3336 3835 σημαινόμενα
3387 3766 3480 3820 δύο
3534 3766 3764 3820 τίθεται.

2205 3852 2338 3906 Ἀλλ’
2373 3854 2422 3906 εί
2455 3853 2554 3924 μὲν
2585 3854 2660 3918 ὼς
2691 3855 2747 3907 ἐν
2770 3856 2940 3926 ὄνομα
2968 3854 3062 3908 τοῦ
3097 3855 3228 3908 Υἱοῦ
3270 3856 3471 3926 λέγεις,
3510 3852 3555 3911 ὦ
3584 3854 3766 3923 οὗτος,

2187 3944 2359 4010 οὕτως
2381 3947 2520 4008 νοεῖς
2548 3947 2640 3999 καὶ
2681 3949 2912 4019 πρᾶγμα
2939 3947 3000 4001 τὸ
3025 3949 3420 4020 σημαινόμενον
3443 3951 3526 4013 ἐν,
3555 3951 3652 4004 Eva
3679 3950 3768 4003 λέ-

2187 4053 2303 4105 γεις
2334 4037 2483 4102 Υίὸν,
2521 4038 2614 4092 καὶ
2664 4038 2977 4102 ἁκολουθεῖς
3013 4042 3125 4104 τοῖς
3176 4041 3473 4114 Πατράσιν.
3526 4043 3590 4096 Ei
3617 4044 3674 4097 δὲ
3704 4044 3768 4096 τὸ

2184 4129 2355 4199 ὄνομα
2387 4127 2482 4182 τοῦ
2501 4128 2629 4182 Υἱοῦ
2651 4130 2831 4198 λέγεις
2858 4130 2936 4193 ἒν,
2972 4131 3067 4184 καὶ
3095 4131 3155 4184 τὸ
3179 4133 3416 4203 Χριστὸς
3449 4134 3619 4205 ὄνομα
3639 4134 3762 4206 τίθη

2185 4219 2264 4285 ἓν,
2301 4219 2406 4274 ὑπὸ
2437 4219 2494 4276 δέ
2542 4220 2636 4274 τοῦ
2684 4221 2944 4293 ὀνόματος
2991 4225 3182 4278 τούτου
3235 4225 3424 4290 οὐσίας
3471 4226 3764 4297 διαφόρους

2187 4311 2551 4383 σημαίνεσθαι
2603 4313 2803 4382 λέγεις’,
2856 4313 2917 4367 οὐ
2962 4318 3276 4384 συμφωνεῑς
3328 4319 3438 4382 τοῖς
3490 4318 3763 4388 Πατράσι,

507 4410 576 4464 tis
591 4425 716 4465 cum
747 4409 953 4464 sanctis
981 4408 1245 4464 Patribus
1265 4409 1620 4466 credentibus
1665 4412 1719 4466 in
1754 4427 1924 4469 unum
1975 4417 2082 4472 Do-

2189 4403 2543 4459 πιστεύσασιν
2572 4405 2650 4468 εἰς
2677 4404 2772 4458 ἕνα
2805 4404 3010 4476 Κύριον
3053 4407 3261 4476 Ἰησοῦν
3286 4408 3521 4479 Χριστὸν
3561 4409 3761 4474 οὕτως,

431 4509 434 4512 ·
507 4501 715 4554 minum
744 4500 929 4555 Jesum
964 4497 1244 4554 Christum
1300 4499 1494 4554 codem
1539 4503 1722 4568 modo,
1770 4504 1849 4559 uti
1897 4507 2080 4561 credi-

505 4590 702 4644 derant
727 4588 781 4643 i'n
816 4604 987 4645 unum
1022 4589 1193 4643 Deum
1216 4589 1433 4643 Patrem
1460 4592 1916 4661 omnipotentem.
1941 4597 2076 4650 Nam

505 4683 548 4736 si
602 4681 669 4736 de
730 4680 828 4734 Dei
885 4680 1107 4734 nomine
1137 4679 1279 4750 apud
1313 4695 1409 4734 eos
1439 4685 1668 4750 quaestio
1701 4695 1864 4744 esset.
1914 4696 2078 4758 atque

503 4787 674 4826 unum
710 4769 908 4824 Filium
933 4769 1212 4832 dicerent;
1239 4777 1352 4823 tum
1383 4780 1474 4824 tua
1516 4775 1793 4830 cavillatio
1846 4777 2076 4833 haberet

501 4863 712 4926 locum;
743 4861 837 4930 qui
884 4876 1082 4914 nomen
1121 4861 1344 4930 quidem
1382 4878 1572 4930 unum,
1623 4865 1925 4937 signiﬁcata
1975 4885 2075 4922 au-

501 4953 783 5022 templum
809 4951 968 5022 ponis
1015 4950 1071 5006 Si
1102 4967 1234 5006 vero
1256 4953 1542 5008 nominum
1585 4958 1728 5030 apud
1763 4975 1858 5013 eos
1882 4960 2075 5031 exigua

501 5045 668 5100 fuerit
697 5044 858 5105 ratio,
884 5060 1052 5098 unum
1085 5053 1266 5098 autem
1291 5045 1632 5116 unigenitum
1657 5049 1854 5104 Filium
1885 5053 2073 5121 appel-

500 5137 699 5203 larint;
755 5134 888 5208 quid
939 5134 1131 5189 relicto
1183 5135 1491 5206 signiﬁcato
1541 5140 1750 5193 nomini
1801 5141 2076 5198 inhazres?

497 5225 754 5297 quodque
802 5224 877 5278 illi
910 5238 1024 5277 rem
1057 5223 1230 5292 ipsam
1262 5223 1611 5278 attendentes
1643 5241 1814 5280 unum
1857 5226 2070 5292 dicunt,

499 5317 553 5373 id
596 5327 652 5372 tu
689 5327 749 5372 ut
782 5332 952 5372 unum
1002 5331 1225 5378 nomen,
1264 5331 1351 5369 res
1381 5316 1567 5386 plures
1601 5316 1945 5387 signiﬁcans,
1974 5337 2072 5388 cx.-

499 5410 694 5479 ponis?
740 5409 874 5463 Nam
904 5415 960 5462 et
1011 5406 1151 5460 hanc
1197 5414 1508 5460 sanctorum
1566 5407 1788 5462 Patrum
1821 5409 1888 5464 de
1929 5411 2070 5466 Filio

500 5499 832 5554 locutionem
863 5497 1529 5568 interpretansNestorius
1547 5497 1603 5553 in
1625 5499 1848 5564 litteris,
1867 5502 2068 5571 quibus

498 5589 702 5661 Cyrillo
721 5590 1136 5658 archiepiscopo
1157 5603 1366 5659 magnae
1381 5589 1723 5644 Alexandriae
1746 5593 2063 5661 reapondct,

498 5679 592 5743 qui
619 5678 807 5748 liberis
839 5679 1024 5734 verbis
1055 5678 1374 5738 defenderat
1405 5679 1687 5750 pietatem,
1719 5690 1774 5736 ct
1820 5693 1921 5751 per
1952 5685 2070 5754 cpi-

1211 5758 1326 5778 σει-εο-

2184 4495 2258 4558 ὡς
2285 4495 2609 4550 ἐπίστευσαν
2639 4497 2716 4560 είς
2745 4496 2842 4549 Eva
2889 4497 3021 4550 Θεὸν
3052 4499 3276 4570 Πατέρα
3322 4502 3759 4573 παντοκράτορα.

2183 4587 2246 4639 El
2274 4587 2374 4657 μὲν
2405 4586 2512 4658 γὰρ
2535 4586 2665 4658 περὶ
2716 4587 2981 4658 ὀνόματος
3013 4585 3080 4659 ἦν
3115 4591 3148 4660 ὴ
3186 4591 3377 4660 σκέψις
3405 4592 3608 4657 αὐτοῖς,
3664 4596 3763 4648 καὶ

2182 4677 2364 4747 ελεγον
2403 4679 2500 4733 Eva
2541 4679 2688 4743 Υἱὸν,
2734 4677 2849 4750 εἶχέ
2890 4699 2984 4734 σου
3018 4680 3201 4752 χώραν
3232 4683 3293 4734 τὸ
3327 4683 3582 4754 σόφισμα,
3615 4685 3758 4738 τιθεο

2183 4770 2342 4839 μένου
2368 4771 2436 4834 τὸ,
2457 4770 2555 4841 μέν
2575 4770 2743 4842 ὄνομα
2783 4771 2864 4837 ἓν,
2889 4773 2958 4826 τὰ
2988 4773 3044 4826 δὲ
3078 4774 3448 4844 σημαινόμενα
3484 4775 3671 4830 πλείω.
3697 4778 3760 4830 El

2178 4862 2234 4915 δὲ
2264 4861 2440 4932 ὀλίγος
2496 4864 2594 4934 μὲν
2642 4865 2826 4930 αὐτοῖς
2874 4865 3000 4937 περὶ
3045 4866 3152 4919 τῶν
3201 4867 3482 4937 ὀνομάτων
3531 4870 3559 4922 ό
3602 4868 3760 4936 λόγος

2178 4954 2418 5023 ἐγένετο,
2451 4955 2547 5008 Eva
2578 4954 2636 5008 δὲ
2675 4957 2940 5027 μονογενῆ
2990 4957 3081 5010 τδν
3134 4958 3262 5010 Υἱδν
3289 4961 3756 5030 προσηγόρευσαν,

2176 5047 2229 5099 τί
2257 5047 2562 5120 περιπλέκῃ
2581 5048 2942 5121 προσηγορίᾳ,
2969 5049 3286 5103 καταλιπὼν
3307 5051 3368 5103 τὸ
3397 5050 3754 5122 δηλούμενον;

2177 5139 2271 5192 καὶ
2308 5138 2444 5210 ὅπερ
2475 5140 2673 5193 ἐκεῖνοι
2724 5139 2976 5209 λέγουσιν
3009 5140 3067 5192 ἓν
3113 5141 3473 5212 προσέχοντες
3501 5142 3578 5212 τῷ
3616 5143 3757 5212 πρά-

2161 5227 2369 5316 έγῌαῑι,
2401 5229 2562 5284 τοῦτο
2595 5232 2660 5285 σὺ
2684 5231 2761 5296 ὡς
2790 5232 2960 5304 δνομα
2996 5233 3078 5298 ἓν,
3115 5233 3377 5288 πλειόνων
3413 5234 3758 5305 πραγμάτων

2176 5323 2366 5394 ἐκτίθη
2420 5325 2792 5395 σημαντικόνς
2845 5326 2940 5386 καὶ
2973 5327 3080 5397 γὰρ
3111 5327 3204 5379 καὶ
3254 5329 3455 5398 ταύτην
3493 5328 3618 5398 περὶ
3657 5327 3754 5379 τοῦ

2175 5412 2306 5466 Υἱοῦ
2334 5415 2432 5486 τὴν
2471 5413 2617 5480 λέξιν
2643 5413 2752 5466 τῶν
2771 5415 3031 5486 Πατέρων
3060 5417 3408 5488 ἑρμηνεύσας
3435 5416 3754 5486 Νεστόριος,

2173 5504 2231 5556 ἐν
2253 5498 2334 5568 οἷς
2359 5505 2789 5559 ἀντεπιστέλλων
2822 5506 3026 5576 γράφει
3075 5507 3153 5577 τῷ
3193 5507 3291 5577 τῆς
3332 5506 3576 5578 μεγάλης
3598 5507 3752 5560 Ἀλει

2176 5594 2458 5667 ξανδρείας
2486 5597 2899 5668 άρχιεπισκόπῳ
2925 5598 3206 5670 Κυρίλλῳ,
3243 5599 3752 5672 παῤῥησιασαμένῳ

2175 5687 2303 5759 περὶ
2333 5687 2426 5741 τοῦ
2453 5689 2613 5757 λόγου
2652 5689 2752 5760 τῆς
2798 5689 3079 5754 εὐσεϐείας
3105 5732 3118 5758 ,
3165 5691 3257 5744 καὶ
3289 5691 3376 5746 διὰ
3423 5693 3751 5761 γράμματος
