4062 6202
306 292 446 354 i329

1437 297 1800 358 EXPOSITIO
1840 301 2135 359 SYMBOLI
2173 304 2440 362 ΝΙΟᾸΞΝΙ.

3426 300 3563 355 1530

307 417 468 473 αὑτὸν
518 415 851 490 μεταστῆσαι
894 416 988 487 τῆς
1025 416 1233 488 πλάνης
1282 416 1699 492 βουλευσαμένῳ
1725 462 1741 488 ,
1789 421 1883 474 καὶ

2003 423 2184 479 stolam
2217 423 2514 482 deserendi
2533 422 2742 480 erroris
2757 430 2953 478 auctor
2982 420 3061 475 illi
3084 419 3285 486 fuerat,
3314 426 3480 491 atque
3495 420 3565 474 ad

306 508 445 579 πρὸς
475 507 787 580 δυσώπησιν
814 506 1093 578 ὲκθεμένῳ
1133 505 1230 579 τὴν
1261 507 1444 562 πίστιν
1479 511 1587 561 τῶν
1618 511 1886 564 ὀκτωκαί-

301 601 442 656 δεκα
486 600 581 655 καὶ
607 600 936 671 τριακοσίων
988 600 1274 669 Πατέρων,
1303 602 1739 657 ἀντεπιστέλλων
1778 603 1879 657 Ne-

309 690 519 763 στόριος
554 689 745 753 αὑταῖς
770 688 890 754 ταῖς
928 689 1107 756 λέξεσι
1137 690 1311 745 ταῦτά
1351 708 1486 762 φησι
1509 709 1523 722 ·
1575 710 1594 743 ι
1639 693 1756 747 Κάν
1790 709 1884 763 μοι

308 782 409 846 ea;
441 780 611 844 ἀκοὰς
650 781 735 843 είς
769 780 1064 852 ἀδελφικὴν
1101 781 1343 854 ίατρείαν
1370 783 1679 856 παράσχῃς,
1716 783 1888 846 αὐτάς

313 889 397 924 σοι
427 870 526 934 τάς
551 870 659 924 τῶν
681 870 853 940 ἀγίων
881 870 1105 926 ἐκείνων
1137 871 1320 940 φωνάς
1351 873 1770 945 παραθήσομαι,
1787 875 1889 946 τῆς

311 964 431 1015 κατ’
465 961 689 1016 ἐκείνων
725 962 1042 1030 ἀπαλλάξας
1071 963 1458 1032 συκοφαντίας,
1493 966 1587 1019 καὶ
1617 966 1715 1035 τῆς
1748 966 1889 1021 κατά

310 1053 421 1108 τῶν
446 1054 607 1109 θείων
629 1055 862 1126 Γραφῶν
890 1055 957 1109 δι’
980 1054 1229 1109 ἐκείνων.
1268 1074 1286 1106 ι
1316 1052 1447 1108 Εἶτα
1473 1055 1575 1126 τὴν
1602 1056 1751 1120 λέξιν
1778 1056 1890 1110 τῶν

311 1143 571 1216 Πατέρων
583 1145 905 1216 παρατιθεὶς
922 1145 1065 1198 οὕτω
1089 1144 1241 1216 φησί’
1268 1164 1287 1197 ι
1316 1145 1564 1199 Πιστεύω
1583 1146 1764 1201 τοίνυν
1792 1148 1889 1202 καὶ

310 1234 393 1297 είς
420 1232 513 1286 τὸν
540 1232 747 1304 Κύριον
784 1233 992 1305 Ἰησοῦν
1015 1234 1271 1305 Χριστόν.
1300 1252 1318 1285 ι

382 1326 489 1380 ιιι.
534 1324 708 1390 Εὐθὺς
735 1326 799 1380 σὺ
822 1325 1061 1380 ἐνταῦθά
1084 1343 1175 1397 μοι
1200 1326 1395 1380 σκόπει
1414 1325 1623 1397 κλοπὴν
1658 1326 1890 1391 ἀναιδῶς

310 1415 691 1488 τολμωμένην.
735 1416 955 1489 Ἐπειδὴ
993 1417 1101 1490 γὰρ
1130 1418 1180 1471 οἱ
1216 1417 1461 1489 Πατέρες
1510 1417 1607 1471 ἕνα
1649 1417 1891 1473 νοεῖσθαι

309 1506 561 1574 θέλοντες
600 1508 692 1563 τὸν
730 1509 878 1575 Υίδν,
910 1505 1096 1576 εἷπον,
1137 1529 1156 1562 ι
1195 1510 1531 1581 Πιστεύομεν
1565 1511 1659 1565 καὶ
1692 1512 1773 1576 είς
1796 1512 1892 1566 ἕνα

314 1600 521 1673 Κύριον
565 1600 773 1673 Ἰησοῦν
811 1602 1067 1673 Χριστὸν,
1099 1602 1192 1657 τὸν
1228 1602 1357 1657 Υἱὸν
1382 1603 1477 1658 τοῦ
1517 1603 1678 1669 Θεοῦ,
1710 1623 1727 1658 ι
1778 1603 1893 1659 κλέ-

315 1707 441 1745 πτει
468 1693 568 1763 τῆς
594 1691 793 1758 λέξεως
818 1690 927 1745 τῶν
961 1691 1219 1765 Πατέρων
1243 1693 1323 1760 τὸ,
1353 1694 1462 1749 ἕνα
1485 1735 1501 1758 ,
1534 1695 1623 1749 ῖνα
1655 1695 1753 1767 ἔχη
1786 1694 1893 1766 χώο

1994 515 2437 587 redarguendum
2479 517 2680 586 ipsum,
2720 512 2883 569 (idem
2912 520 3288 567 trecentorum
3315 520 3371 567 et
3408 519 3564 566 octo-

1993 606 2171 663 decim
2194 608 2417 663 Patrum
2434 614 2799 677 proposuerat
2818 623 2829 658 ε
2856 603 3008 668 huic,
3020 603 3267 673 inquam,
3280 602 3570 657 Nestorius

1994 696 2052 751 in
2082 698 2200 752 haec
2228 697 2395 753 verba
2430 695 2722 752 rescribit:
2756 714 2773 746 ι
2815 693 2886 749 Ει
2918 693 2963 750 si
2992 708 3156 748 aures
3186 691 3322 745 mihi
3357 690 3426 744 ad
3452 689 3565 743 fra-

1995 796 2209 843 ternam
2253 788 2524 843 medelam
2566 786 2894 858 praebueris,
2928 785 3075 855 ipsas
3110 778 3211 836 tibi
3250 790 3567 836 sanctorum

1995 875 2216 931 illorum
2245 892 2409 932 voces
2431 876 2724 941 adducam,
2752 873 3044 930 vindicans
3070 888 3165 927 eas
3194 887 3224 926 a
3255 869 3568 931 calumniis,

1993 983 2117 1037 qua:
2137 969 2341 1038 etipsis
2367 978 2537 1038 etper
2560 983 2657 1027 eas
2676 966 2882 1022 divinis
2905 964 3136 1021 Litteris
3151 963 3509 1034 alﬁnguntur.
3546 980 3568 1011 ι

1994 1057 2202 1112 Deinde
2239 1057 2508 1128 appositis
2531 1065 2854 1113 sanctorum
2892 1056 3114 1113 Patrum
3145 1055 3309 1112 dictis
3329 1054 3404 1109 ita
3438 1052 3572 1107 sub-

1989 1150 2206 1222 iungit:
2247 1168 2266 1203 ι
2313 1150 2494 1207 Credo
2538 1150 2708 1221 igitur
2741 1148 2798 1204 in
2830 1148 3129 1204 Dominum
3171 1146 3359 1203 Iesum
3408 1144 3573 1202 Chri-

1995 1251 2162 1298 stum.
2202 1262 2221 1296 ι

2067 1332 2161 1389 XI.
2199 1333 2302 1389 Hic
2323 1333 2513 1389 statim
2535 1332 2790 1389 fraudem
2828 1329 3365 1403 impudentissimam
3400 1327 3577 1383 anim-

1997 1427 2245 1483 adverte.
2282 1426 2421 1482 Nam
2453 1441 2580 1483 cum
2623 1425 2800 1482 sancti
2833 1425 3028 1480 Patres
3050 1426 3222 1477 unum
3254 1420 3455 1477 Filium
3491 1418 3576 1474 in-

1998 1517 2173 1589 telligi
2212 1517 2461 1573 volentes
2501 1515 2778 1572 dixerint:
2816 1533 2834 1566 ι
2863 1513 3163 1570 Credimus
3183 1520 3242 1567 et
3289 1510 3346 1565 in
3402 1524 3574 1564 unum

1998 1606 2291 1665 Dominum
2316 1608 2504 1665 Iesum
2535 1608 2842 1672 Christum,
2885 1605 3086 1661 Filium
3116 1604 3237 1668 Dei,
3280 1623 3298 1656 ι
3335 1601 3574 1658 sumura—

2001 1712 2092 1758 tur
2123 1716 2191 1756 ex
2226 1700 2413 1756 verbis
2435 1712 2753 1757 sanctorum
2783 1699 3007 1755 Patrum
3035 1712 3248 1759 vocem,
3290 1711 3473 1758 unum,
3515 1702 3578 1748 ut

318 1797 419 1852 ραν
466 1780 794 1851 ξυναγαγεῖν
842 1783 981 1839 Υίοῦ
1030 1782 1125 1839 δύο
1170 1784 1240 1839 τὰ
1295 1785 1693 1857 σημαινόμενα.
1759 1785 1900 1839 Ἀλλ’

2003 1787 2194 1849 Ιοοιιιιι’
2213 1792 2415 1848 habeat
2445 1791 2832 1852 introdueendi
2860 1790 2998 1846 duas
3018 1787 3448 1861 signiﬁcationes
3476 1800 3575 1841 vo-

312 1872 631 1945 thopéd'qc,
661 1866 707 1928 ὢ
730 1872 994 1943 βέλτιστε,
1025 1875 1087 1930 τὺ
1118 1875 1334 1949 καίριον
1353 1876 1453 1949 τῆς
1474 1877 1709 1942 πίστεως
1738 1875 1896 1948 ήμῶν

315 1962 670 2034 ῦφελόμενος.
719 1962 797 2018 Οὐ
831 1964 938 2036 γάρ
964 1959 1125 2019 εἶπον
1172 1967 1395 2033 ἐκεῖνοι,
1447 1965 1777 2038 πιστεύομεν
1801 1966 1900 2021 καὶ

317 2054 399 2118 είς
427 2053 520 2108 τὸν
547 2056 752 2127 Κύριον
786 2056 994 2128 Ἰησοῦν
1024 2058 1280 2130 Χριστὸν,
1307 2060 1383 2122 ὡς
1419 2059 1483 2112 σὺ
1516 2059 1896 2130 παραλογισά-

315 2162 484 2216 μενος
521 2146 658 2217 ἔφης
681 2166 694 2180 ·
730 2148 844 2203 ἀλλ’
878 2151 1127 2215 εἰπόντες
1151 2190 1167 2216 ,
1220 2171 1241 2205 ι
1296 2150 1633 2224 Πιστεύομεν
1682 2154 1763 2217 είς
1798 2152 1900 2206 ἕνα

312 2239 451 2293 Θεὸν
478 2239 698 2312 Πατέρα
735 2244 1176 2315 παντοκράτορα,
1212 2264 1230 2296 ι
1277 2244 1585 2315 ὑπήγαγον,
1620 2264 1639 2297 ι
1670 2245 1782 2300 Καὶ
1816 2246 1898 2308 είς

316 2329 415 2383 ἕνα
452 2329 655 2400 Κύριον
700 2332 906 2402 Ἰησοῦν
934 2328 1170 2405 Χριστόν
1200 2350 1215 2365 ·
1247 2353 1269 2387 ι
1302 2336 1366 2389 σὺ
1396 2334 1456 2389 δὲ
1485 2336 1579 2399 τὸ,
1609 2335 1719 2390 ἕνα
1740 2376 1757 2399 ,
1804 2336 1903 2405 ὐφ-

316 2418 576 2491 ελόμενος
608 2422 738 2493 περὶ
770 2422 864 2476 τοῦ
903 2423 1032 2478 Υίοῦ
1080 2424 1407 2496 εἰρημένον.
1454 2426 1521 2479 ὲκ
1552 2426 1651 2497 τῆς
1691 2424 1902 2496 κλοπῆς

316 2510 526 2582 ταύτης
550 2511 721 2580 θύραν
744 2513 980 2583 ἀνοίγεις
999 2517 1064 2586 τῇ
1096 2515 1272 2587 πλάνῃ
1297 2531 1312 2546 ’
1346 2515 1412 2569 ἵν’
1445 2516 1619 2570 εἰπεῖν
1644 2515 1900 2586 δυνηθῇς,

319 2600 561 2671 καὶηΥίοῦ
573 2604 668 2658 καὶ
683 2603 922 2676 Χριστοῦ
937 2605 1032 2659 δύο
1053 2606 1120 2661 τά
1146 2607 1521 2680 σημαινόμενα
1540 2624 1558 2640 ⁶
1581 2608 1750 2663 καὶτὸ
1780 2607 1900 2678 μὲν,

317 2693 486 2765 φύσει
509 2694 609 2767 τὴν
639 2697 828 2769 τιμὴν,
858 2698 919 2751 τὸ
943 2698 1022 2764 δὲ,
1053 2700 1238 2773 χάριτι
1274 2702 1636 2773 κεκτημένον.
1666 2701 1779 2755 Καὶ
1813 2698 1905 2753 οῦ-

319 2803 428 2851 τως
455 2787 765 2859 ἀποστῆσαι
799 2788 1039 2861 δυνηθῇς
1060 2791 1422 2862 Χριστιανοὺς
1448 2790 1628 2845 σέϐειν
1652 2791 1743 2843 τὸν
1766 2789 1905 2862 ὑπὲρ

321 2877 481 2948 ἡμῶν
513 2879 953 2951 ἐσταυρωμένον,
1003 2880 1081 2946 ὡς
1113 2881 1256 2936 κατὰ
1285 2882 1444 2954 χάριν
1468 2880 1619 2953 παρὰ
1651 2881 1779 2946 τοὺς
1810 2878 1906 2935 ἀλ-

322 2964 451 3030 λους
490 2967 854 3039 τετιμημένον
900 2968 1052 3041 παρά
1097 2969 1256 3025 Θεοῦ.
1298 2972 1424 3037 Τοῖς
1473 2971 1583 3044 γάρ
1619 2970 1801 3042 ἔχουσι
1846 2969 1908 3025 τὸ

324 3057 468 3112 κατά
510 3057 707 3128 φύσιν,
742 3059 805 3114 ού
842 3062 1000 3135 χρεία
1029 3061 1125 3118 τοῦ
1153 3063 1293 3118 κατά
1339 3064 1496 3136 χάριν
1543 3063 1702 3117 Θεοῦ.
1749 3063 1903 3134 Ὀπη

320 3166 418 3218 μοι
465 3150 559 3204 καὶ⁸
599 3150 902 3224 θαυμάζειν
932 3154 1227 3225 ἐπέρχεται
1250 3195 1266 3221 ,
1313 3155 1434 3220 πῶς
1468 3154 1537 3209 τὰ
1570 3155 1759 3227 καίρια
1803 3154 1903 3226 τῆς
1929 3139 1974 3199 c

321 3240 431 3294 τῶν
487 3243 747 3316 Πατέρων
803 3244 1073 3311 ἐκθέσεως
1120 3246 1414 3319 Νεστόριος
1468 3245 1757 3321 περιελὼν,
1817 3247 1909 3303 ῐνα

322 3331 498 3388 ταῦτα
527 3337 916 3411 κατασκευάσῃ
940 3378 958 3404 ,
997 3340 1064 3409 τῇ
1092 3337 1307 3393 ἐκθέσει
1331 3339 1429 3410 τῆς
1457 3339 1695 3405 πίστεως
1724 3337 1908 3393 αὐτῶν

322 3423 669 3490 ξυντίθεσθαι
688 3426 857 3498 λέγει.
893 3429 957 3482 El
982 3428 1089 3502 γάρ
1117 3428 1419 3496 ξυντίθεται
1443 3432 1559 3494 τοῖς
1593 3430 1909 3503 εἰρημένοις

325 3512 404 3585 μὴ
441 3514 695 3573 κλαπέτω
724 3516 785 3571 τὸ
814 3517 1171 3590 καιριώτερον
1190 3536 1207 3552 ’
1234 3520 1284 3574 εί
1305 3520 1362 3574 δὲ
1380 3520 1480 3590 τῆς
1502 3519 1772 3582 ἐκθέσεως
1803 3519 1912 3573 τῶν

325 3605 587 3677 Πατέρων
624 3602 869 3690 ὗφριιρεῖ,
895 3609 924 3665 δ
960 3609 1060 3682 τὴν
1096 3610 1278 3665 αὐτῶν
1318 3610 1553 3681 μάλιστα
1594 3609 1777 3663 πίστιν
1804 3609 1902 3680 δη·

324 3696 445 3761 λοῖ,
479 3698 554 3764 ὡς
601 3702 725 3764 ταῖς
760 3704 880 3767 σαῖς
911 3701 1144 3766 ἐννοίαις
1189 3700 1471 3770 πολέμιον,
1523 3701 1641 3765 πῶς
1675 3717 1902 3772 συμφω-

326 3791 437 3844 νεῖν
474 3789 657 3865 λέγῃς,
688 3789 770 3857 οἷς
797 3792 1080 3847 πείθεσθαι
1121 3792 1196 3863 μὴ
1230 3792 1428 3865 θέλῃς;
1453 3791 1590 3847 ἀλλὰ
1613 3790 1806 3862 δέλεαρ
1832 3790 1900 3862 τῇ

325 3880 522 3935 ἑαυτοῦ
567 3883 747 3956 πλάνῃ
786 3882 848 3937 τδ
894 3883 1002 3937 τῶν
1049 3880 1311 3954 Πατέρων
1352 3882 1571 3955 ἀξίωμα
1625 3882 1902 3955 περιθεὶς,

325 3973 504 4045 τούτῳ
536 3975 673 4047 πρὸς
705 3974 803 4047 τὴν
839 3975 1058 4047 ἀπάτην
1085 3975 1266 4040 ἕλκεις
1293 3977 1421 4040 τοὺς
1458 3974 1864 4046 ἁπλουστέρους
1883 3991 1898 4005 ο

330 4065 731 4135 προὸάλλεσθαι
779 4067 878 4136 μὲν
930 4066 1115 4121 πίστιν
1166 4068 1401 4141 ἀρχαίαν
1452 4066 1904 4138 σκηπτούμενος,

332 4156 506 4227 αὐτὴν
537 4156 596 4211 δὲ
641 4156 849 4228 ταύτην
892 4159 1030 4232 πρὸς
1060 4160 1161 4231 τὴν
1189 4159 1383 4216 ἑαυτοῦ
1416 4160 1625 4231 πλάνην
1655 4163 1776 4224 ταῖς
1798 4158 1908 4213 τῶν

328 4246 509 4317 λόγων
538 4248 765 4314 κλοπαῖς
792 4250 1187 4323 παρατρέπων.

1996 1883 2098 1950 cis,
2125 1882 2267 1939 Filii.
2294 1883 2402 1940 Sed
2429 1882 2817 1955 deprehensus
2834 1898 2896 1938 es
2921 1881 2978 1938 in
3009 1880 3180 1945 furto,
3210 1895 3245 1934 o
3274 1877 3423 1934 bone
3450 1876 3574 1955 vir:

1996 1974 2333 2031 subtrahens
2352 1972 2430 2040 id,
2479 1951 2626 2046 quod
2674 1973 2729 2030 in
2775 1973 2883 2029 ﬁde
2929 1980 3116 2029 nostra
3161 1968 3425 2043 praecipui
3457 1951 3577 2023 mo-

1998 2062 2171 2122 menti
2205 2075 2309 2125 est.
2339 2064 2532 2137 Neque
2569 2067 2719 2123 enim
2761 2064 2842 2122 illi
2867 2064 3160 2120 dixerunt:
3196 2060 3490 2118 Credimus
3522 2065 3581 2114 et

1998 2160 2058 2215 in
2098 2158 2394 2216 Dominum
2429 2156 2617 2215 Iesum
2647 2157 2953 2222 Christum,
2979 2162 3041 2211 ut
3067 2164 3125 2212 tu
3149 2151 3406 2210 falsarius
3430 2146 3573 2204 αἰθε-

2000 2267 2154 2319 mas;
2205 2252 2301 2307 sed
2334 2251 2617 2307 dicentes:
2662 2270 2681 2303 ι
2731 2248 3026 2307 Credimus
3073 2249 3131 2304 in
3180 2262 3353 2302 unum
3402 2242 3579 2301 Deum

1999 2342 2218 2398 Patrem
2267 2340 2739 2411 omnipotentem;
2797 2359 2818 2392 ι
2871 2336 3315 2410 subjungebant:
3357 2354 3376 2387 ι
3410 2342 3467 2392 et
3524 2334 3582 2389 in

2001 2452 2176 2491 unum
2205 2434 2502 2490 Dominum
2546 2432 2735 2489 Iesum
2762 2428 3069 2487 Christum.
3107 2448 3126 2482 ι
3161 2426 3243 2484 Τιι
3268 2424 3413 2483 vero‘
3447 2427 3583 2483 sub-

2001 2533 2181 2582 tracta
2209 2538 2366 2589 voce,
2390 2540 2580 2587 unum,
2605 2534 2730 2591 qua:
2757 2519 2825 2576 de
2861 2518 3004 2575 Filio
3032 2519 3179 2573 dicta
3235 2516 3436 2581 fuerat,
3472 2515 3584 2570 hoc

2002 2617 2155 2672 furto
2182 2615 2407 2686 januam
2436 2612 2615 2669 errori
2640 2612 2849 2683 aperis:
2882 2621 2943 2664 ut
2967 2609 3154 2665 dicere
3185 2622 3377 2677 queas,
3401 2613 3459 2662 et
3481 2621 3582 2660 vo—

2003 2708 2086 2763 cis
2114 2702 2259 2771 thii,
2302 2714 2361 2761 et
2395 2702 2601 2759 Christi
2626 2703 2763 2758 duas
2788 2716 2911 2756 esse
2936 2699 3386 2771 significationes,
3442 2711 3582 2767 qua-

2004 2813 2129 2853 rum
2176 2784 2354 2852 altera
2387 2803 2611 2861 natura,
2638 2794 2812 2849 altera
2853 2792 3028 2864 gratia
3067 2791 3364 2863 gloriosum
3392 2797 3583 2845 osten-

2006 2887 2122 2952 dat,
2157 2894 2299 2943 etut
2336 2885 2442 2941 hac
2467 2885 2680 2941 ratione
2723 2883 3066 2941 Christianos
3094 2882 3360 2938 seducere
3386 2880 3582 2951 possis,

2005 2994 2077 3034 ne
2108 2992 2211 3048 pro
2257 2976 2421 3032 nobis
2462 2974 2789 3032 cruciﬁxum
2821 2973 3036 3039 colant;
3073 2971 3279 3044 quippe
3318 2984 3419 3041 per
3457 2984 3584 3041 gra-

2008 3070 2141 3125 tiam
2169 3085 2280 3140 praa
2304 3068 2430 3123 aliis
2459 3084 2489 3123 a
2512 3069 2628 3123 Deo
2661 3067 2835 3137 gloria
2872 3070 3151 3120 ornatum.
3189 3063 3265 3118 lis
3299 3062 3449 3118 enim
3490 3060 3585 3131 qui

2005 3179 2106 3235 per
2130 3171 2387 3218 naturam
2410 3161 2544 3231 quid
2587 3159 2845 3216 obtinent
2866 3197 2882 3221 ,
2918 3170 3032 3212 non
3066 3168 3209 3226 opus
3235 3162 3342 3217 est,
3366 3159 3431 3207 ut
3485 3144 3587 3205 ha-

2003 3255 2175 3312 beant
2194 3270 2294 3326 per
2323 3253 2557 3326 gratiam
2612 3250 2732 3307 Dei.
2785 3248 2893 3307 Ubi
2947 3248 3115 3303 etiam
3167 3239 3359 3301 mirari
3416 3241 3586 3307 subit,

2004 3346 2230 3420 quinam
2255 3346 2549 3401 Nestorius
2564 3359 2629 3399 ea
2660 3358 2783 3412 qua:
2811 3340 3087 3411 praecipue
3111 3338 3179 3393 ad
3208 3353 3325 3392 rem
3355 3337 3587 3399 faciunt,

2005 3456 2075 3496 ex
2106 3439 2330 3494 Patrum
2353 3433 2698 3504 expositione
2722 3430 3080 3494 subtrahens,
3120 3436 3183 3482 ut
3212 3427 3434 3497 obtegat
3472 3426 3592 3479 haec

2007 3528 2150 3601 ipsa,
2179 3544 2300 3585 sese
2317 3525 2723 3598 expositionem
2751 3520 2878 3578 ﬁdei
2901 3521 3146 3591 ipsorum
3165 3518 3402 3588 probare
3421 3514 3587 3569 dicat.

2005 3619 2064 3677 Si
2091 3619 2242 3677 enim
2281 3615 2483 3689 probet
2505 3631 2628 3688 qua:
2654 3613 2866 3676 dixere,
2903 3626 3014 3667 non
3040 3607 3329 3664 subtrahat
3353 3604 3406 3659 id
3439 3602 3588 3674 quod

2007 3712 2243 3768 maxime
2269 3708 2339 3766 ad
2369 3724 2487 3766 rem
2524 3706 2772 3778 pertinet
2803 3722 2816 3758 :
2845 3702 2891 3759 si
2920 3710 3104 3759 autem
3139 3700 3207 3756 de
3233 3700 3459 3755 Patrum
3492 3711 3589 3751 ex-

2008 3796 2286 3870 positione
2335 3796 2394 3851 id
2439 3793 2739 3867 subtrahit,
2774 3791 2926 3863 quod
2980 3789 3145 3844 fidem
3201 3789 3444 3858 ipsorum
3479 3801 3567 3841 ma

2010 3886 2157 3942 xime
2177 3884 2405 3950 indicat,
2430 3891 2692 3954 tanquam
2715 3878 3078 3951 opinionibus
3104 3877 3225 3933 suis
3242 3889 3588 3947 repugnans;

2011 3977 2147 4051 quid
2171 3992 2295 4033 cum
2326 3976 2437 4031 illis
2466 3984 2521 4030 te
2553 3973 2870 4030 consentire
2898 3971 3062 4036 dicis,
3129 3970 3334 4041 quibus
3372 3966 3590 4025 obtem-

2010 4083 2206 4142 perare
2238 4083 2351 4123 non
2375 4066 2533 4123 velis.
2584 4065 2691 4121 Sed
2740 4064 2967 4121 Patrum
3009 4061 3396 4118 auctoritatem
3420 4058 3592 4116 veluti

2008 4176 2194 4217 escam
2241 4158 2465 4231 proprio
2494 4156 2674 4213 errori
2718 4171 3024 4227 apponens,
3073 4153 3445 4226 simpliciores
3490 4150 3596 4207 hac

1941 4239 1992 4299 Ι)
2018 4253 2137 4325 ipsa
2168 4250 2223 4307 in
2248 4266 2502 4307 errorem
2549 4246 2759 4304 trahis:
2803 4248 3071 4304 simulans
3099 4246 3322 4318 quidem
3355 4253 3411 4300 te
3446 4242 3594 4299 anti-

275 4339 281 4343 “
329 4355 498 4412 quam
559 4342 906 4413 prmtendere
953 4342 1151 4411 iidem;
1190 4342 1289 4400 sed
1337 4342 1408 4398 ad
1454 4341 1742 4415 proprium
1802 4328 2052 4398 errorem
2094 4342 2393 4398 verborum
2446 4336 2924 4405 subtractionibus
2958 4352 3079 4393 eam
3130 4344 3472 4409 pervertens.

401 4433 503 4489 lB'.
547 4433 764 4506 Ἐπειδὴ
801 4434 860 4489 δὲ
900 4435 997 4489 καὶ
1021 4434 1184 4500 αὐτὸς
1221 4434 1286 4489 τδ
1324 4435 1536 4508 Ἰησοῦς
1600 4435 1773 4507 δνομα
1813 4434 1914 4507 τῆς

331 4522 622 4597 ἀνθρώπου
652 4524 879 4595 φύσεως
891 4524 1061 4597 μόνης
1088 4527 1463 4598 προσηγορίαν
1491 4527 1671 4581 καλεῖ·
1699 4526 1911 4598 ταύτην

331 4614 442 4688 γάρ
473 4615 644 4683 ἔθετο,
678 4617 830 4688 φησὶ,
857 4616 957 4688 τὴν
979 4617 1275 4688 ὀνομασίαν
1308 4619 1342 4690 η
1372 4617 1646 4689 Παρθένος
1674 4615 1752 4688 τῷ
1783 4616 1911 4689 βρέ-

332 4725 445 4778 φει,
476 4709 621 4764 κατά
657 4709 905 4782 χρησμὸν
933 4707 1028 4763 τοῦ
1067 4709 1302 4781 ἀγγέλου
1332 4709 1618 4779 λέγοντος·
1656 4727 1676 4762 ι
1730 4708 1910 4764 Καλέ-

336 4817 449 4864 σεις
477 4801 540 4854 τὸ
575 4798 746 4871 ὄνομα
775 4800 941 4856 αὐτοῦ
985 4798 1193 4872 Ἰησοῦν
1213 4818 1226 4831 ’
1277 4820 1296 4853 ι
1334 4802 1447 4855 Καὶ
1474 4799 1632 4854 τοῦτο
1666 4801 1913 4872 στρέφων

336 4888 574 4962 ξυνεχῶς
615 4890 675 4944 ἑν
704 4890 784 4958 τῷ
819 4891 956 4961 πρὸς
991 4892 1082 4945 τὸν
1119 4891 1293 4961 μέγαν
1337 4891 1432 4946 καὶ
1464 4890 1765 4961 ἁγιώτατον
1793 4890 1915 4946 ἐπί-

337 4998 541 5035 σκοπον
569 4982 836 5053 Κύριλλον
880 4984 1216 5055 γράμματι,
1256 4983 1440 5050 λέγει·
1477 4982 1586 5037 Τοῦ
1624 4983 1681 5038 δὲ
1739 4983 1915 5053 Ἰησοῦ

334 5072 688 5143 γεννηθέντος
722 5077 781 5129 ὲν
824 5075 1074 5146 Βηθλεὲμ
1096 5074 1197 5148 τῆς
1234 5074 1531 5139 Ἰουδαίας·
1569 5095 1590 5128 ι
1624 5076 1721 5129 καὶ
1765 5075 1913 5147 ἑξῆς.

339 5181 363 5211 ι
413 5162 714 5235 Ἐγεννήθη
742 5165 771 5217 ὁ
794 5165 1001 5238 Κύριος
1034 5164 1192 5236 ἡμῶν
1229 5164 1435 5238 Ἰησοῦς
1465 5166 1702 5238 Χριστὸς
1722 5206 1737 5227 ,
1777 5186 1795 5218 ι
1826 5166 1921 5220 καὶ

349 5274 369 5304 ι
414 5247 594 5327 Ηῦρον
650 5254 744 5311 τὸν
784 5255 993 5329 Ἰησοῦν
1037 5257 1096 5311 ὲν
1142 5258 1293 5331 μέσῳ
1333 5259 1445 5313 τῶν
1489 5259 1860 5314 διδασκάλων
1897 5279 1915 5310 ι

339 5341 614 5416 πανταχοῦ
630 5340 729 5414 τὴν
744 5343 1092 5415 ἀνθρωπείαν
1119 5344 1281 5415 φύσιν
1295 5348 1363 5420 τῇ
1391 5345 1485 5401 τοῦ
1513 5347 1719 5419 Ἰησοῦς
1750 5364 1924 5422 προσ-

341 5436 543 5509 ηγορίᾳ
579 5434 867 5491 καλεῖσθαι
918 5436 1261 5510 βουλόμενος.
1292 5439 1435 5510 Ὅρα
1459 5440 1577 5504 πῶς
1602 5442 1635 5510 ἡ
1678 5440 1789 5493 τῶν
1812 5441 1926 5494 Πα-

344 5527 522 5601 τέρων
550 5529 850 5602 παράδοσις
882 5529 1169 5604 πανψηφεὶ
1196 5531 1475 5598 παντελῶς
1513 5531 1717 5603 ταύτην
1757 5532 1926 5587 αὑτοῦ

2084 4432 2202 4489 Xll.
2228 4427 2500 4501 Quoniam
2536 4444 2671 4487 vero
2696 4428 2844 4485 idem
2888 4430 2982 4484 ille
3014 4443 3215 4484 nomen
3266 4429 3394 4484 Iesu
3425 4427 3599 4482 solius

2012 4523 2272 4580 humanm
2313 4530 2525 4578 naturae
2579 4518 3009 4592 appellationem
3051 4525 3245 4575 vocat:
3297 4518 3405 4573 hoc
3446 4516 3595 4572 enim

2017 4631 2240 4679 nomen,
2283 4612 2485 4685 inquit,
2534 4612 2801 4685 imposuit
2824 4610 2994 4685 Virgo
3030 4609 3249 4675 infanti,
3293 4609 3596 4665 secundum

2015 4707 2193 4779 angeli
2243 4706 2715 4779 praedicationem,
2751 4702 3017 4760 dicentis:
3057 4721 3076 4754 ι
3118 4700 3352 4757 Vocabis
3394 4716 3597 4756 nomen

2013 4800 2136 4871 ejus
2161 4799 2349 4855 Iesum
2376 4797 2418 4830 ¹¹
2450 4816 2464 4851 :
2510 4816 2529 4849 ι
2563 4805 2621 4853 et
2643 4797 2760 4851 haec
2787 4795 3054 4851 continuo
3091 4792 3146 4848 in
3170 4806 3266 4848 ore
3294 4805 3522 4847 versans
3546 4792 3600 4846 in
3715 4803 3727 4857 ς

2016 4906 2119 4947 suo
2152 4890 2422 4946 adversus
2450 4901 2710 4959 magnum
2740 4893 2799 4941 et
2823 4882 3237 4941 sanctissimum
3278 4881 3602 4952 episcopum

2014 4980 2284 5055 Cyrillum
2325 4978 2533 5050 scripto
2578 4977 2688 5032 ait:
2748 4995 2768 5028 ι
2804 4975 2943 5032 Cum
2978 4990 3111 5047 ergo
3141 4979 3308 5029 natus
3339 4980 3489 5027 esset
3512 4970 3605 5027 Ie-

2016 5089 2111 5129 sus
2151 5072 2207 5127 in
2245 5070 2528 5127 Bethleem
2553 5069 2726 5126 Iudae.
2768 5085 2787 5119 ι
2827 5067 2874 5100 ²²
2915 5065 3088 5121 Item:
3125 5083 3144 5115 ι
3198 5060 3276 5118 De
3301 5077 3407 5133 qua
3439 5069 3608 5116 natus

2021 5172 2105 5219 est
2155 5162 2422 5217 Dominus
2476 5160 2637 5216 Iesus
2677 5155 2949 5213 Christus.
2983 5174 3002 5207 ι
3034 5154 3080 5187 ’³
3109 5154 3284 5209 Item:
3325 5171 3344 5203 ι
3378 5153 3608 5208 Invene-

2025 5263 2156 5309 runt
2184 5254 2371 5309 Iesum
2402 5253 2457 5307 in
2487 5250 2669 5306 medio
2685 5246 2977 5304 doctorum
3008 5246 3090 5313 “;
3132 5263 3150 5297 ι
3183 5243 3391 5315 ubique
3415 5242 3605 5314 appel-

2024 5347 2229 5403 latione
2269 5347 2397 5403 Iesu
2448 5344 2746 5400 humanam
2783 5348 3035 5397 naturam
3073 5336 3356 5409 indigitari
3392 5337 3604 5391 volens.

2025 5439 2169 5495 Ecce
2194 5448 2255 5493 ut
2279 5438 2502 5493 Patrum
2531 5434 2753 5491 traditio
2766 5430 3012 5490 unanimi
3036 5428 3300 5501 suﬂ'ragio
3322 5429 3465 5484 hanc
3484 5428 3606 5499 ejus

2027 5530 2362 5588 sententiam
2386 5528 2618 5586 omnino
2644 5527 2950 5584 subvertat.
2971 5522 3110 5584 Nam
3139 5522 3297 5580 illum
3324 5522 3504 5595 ipsum
3538 5534 3607 5576 ex

417 5702 461 5735 ³⁸
503 5703 635 5758 Luc.
673 5720 710 5769 r,
750 5703 837 5760 Zl.
913 5707 956 5738 "
994 5703 1187 5761 Matth.
1221 5721 1277 5771 ιι,
1322 5706 1368 5759 l.
1448 5704 1491 5736 ³³
1517 5704 1708 5761 Matth.
1735 5721 1773 5770 ι,
1806 5705 1887 5759 l6.

2003 5724 2004 5727 ‘
2040 5704 2173 5761 Luc.
2201 5720 2258 5769 ιι,
2284 5704 2372 5759 46.
