4062 6202
525 308 657 368 ιδδι
1629 307 1976 366 ΤΙΙΕΟθΟΊΊ
2019 310 2322 365 ΕΡΙΞΟυΡΙ
2361 309 2708 369 ANCYRA'SI
3663 310 3821 364 I35!

518 433 678 488 Patre
727 435 938 488 natum.
987 428 1518 483 consubstantialem
1566 429 1738 491 Patri,
1792 436 1847 482 et
1889 427 2104 492 Jesum,

2211 429 2510 500 ἀνατρέπει
2547 430 2642 501 τὴν
2689 429 2916 484 ἔννοιαν.
2951 429 3140 483 ,Αὑτὸν
3184 428 3292 500 γὰρ
3343 420 3433 480 τὸν
3465 425 3530 479 ἐκ
3577 426 3806 496 Harpe;

515 532 572 577 et
613 515 917 581 Christum,
959 525 1015 572 et
1055 517 1254 571 Filium
1302 517 1397 571 Dei
1434 519 1818 588 appellarunt:
1847 519 2102 588 nuspiam

2206 521 2535 590 γεννηθέντα
2567 519 2849 591 ὑμοούσιον
2869 519 2943 590 τῷ
2963 521 3135 589 Πατρί
3151 514 3438 582 ἐκάλεσαν,
3459 516 3554 570 καὶ
3586 514 3807 583 Ἰησοῦν

515 614 757 667 alterum
811 609 879 663 ab
932 609 1203 664 alterutro
1260 610 1697 680 proprietatibus
1757 619 2098 680 separantes.

2206 611 2300 663 καὶ
2323 611 2554 680 Χριστὸν
2596 612 2688 663 καὶ
2719 610 2845 662 Υἰὸν
2883 610 2976 663 τοῦ
3002 608 3138 661 Θεοῦ
3165 626 3178 639 ο
3206 606 3458 678 μηδαμοῦ
3491 605 3805 676 μηδέτερον

512 705 648 760 Nam
685 717 811 756 cum
861 700 1149 756 dicerent:
1193 720 1210 752 ι
1265 699 1557 758 Credimus
1582 712 1638 756 et
1674 703 1727 755 in
1776 717 1944 755 unum
1992 701 2100 755 Do-

2204 699 2300 752 τοῦ
2329 701 2516 769 ἑτέρου
2549 701 2860 764 διῖστῶντες
2894 703 3005 761 τοῖς
3032 698 3338 769 ἱδιώμασιν;
3366 697 3628 760 Εἰπόντες
3662 698 3802 766 γὰρ,

511 791 719 848 minum
744 794 930 848 Jesum
968 792 1270 855 Christum,
1315 812 1332 844 ι
1373 792 1812 863 subjungebant,
1851 810 1868 843 ι
1902 791 2102 846 Filium

2211 809 2229 840 ι
2273 788 2608 859 Πιστεύομεν
2633 790 2728 844 καὶ
2761 791 2840 851 εἰς
2869 789 2964 841 ἕνα
2989 787 3194 858 Κύριον
3233 785 3442 858 Ἰησοῦν
3472 785 3742 856 Χριστὸν,
3785 809 3801 836 ι

511 881 640 938 Dei:
685 903 702 934 ι
735 883 886 937 hunc
918 883 1099 953 ipsum
1143 883 1537 954 intelligentes,
1567 899 1635 937 ne
1667 884 1837 937 alium
1872 883 2102 952 quidem

2205 882 2510 953 ὑπήγαγον·
2534 901 2551 932 ι
2589 882 2680 934 τὸν
2711 882 2836 933 Υίὸν
2860 880 2950 933 τοῦ
2965 878 3122 934 Θεοῦσ
3156 898 3174 930 ι
3206 879 3396 931 τοῦτον
3412 877 3685 941 εἰπόντες,
3716 878 3808 930 ἵνα

511 978 677 1040 hunc,
701 976 870 1030 alium
895 976 1314 1046 verointelligas
1335 975 1489 1029 illum
1515 968 2100 1046 Unigenitum,natum

2210 973 2284 1042 μὴ
2315 973 2503 1044 ἕτερον
2530 972 2629 1043 μὲν
2649 973 2864 1032 τοῦτον,
2893 972 3082 1042 ἕτερον
3109 971 3166 1023 δὲ
3193 972 3401 1024 ἐκεῖνον
3427 972 3575 1039 νοῇς,
3598 987 3809 1036 γεννη-

507 1077 574 1123 ea
600 1061 779 1132 Patre,
814 1065 919 1121 hoc
944 1076 1030 1122 est
1070 1083 1138 1120 ex
1171 1065 1478 1121 substantia
1531 1063 1737 1119 Patris:
1781 1077 1952 1118 unum
1990 1063 2101 1118 sci-

2208 1063 2373 1117 θέντα
2408 1066 2472 1117 ἐκ
2509 1064 2604 1117 τοῦ
2642 1064 2855 1135 [ἰατρὸς
2888 1063 3184 1131 Μονογενῆο
3221 1063 3314 1114 τὸν
3336 1063 3497 1114 αὐτὸν
3523 1060 3803 1130 δηλονότι,

510 1157 661 1224 licet,
693 1168 859 1229 atque
891 1159 1174 1214 eumdem.
1225 1157 1361 1213 Nam
1410 1157 1628 1212 etiamsi
1654 1155 1865 1225 aliquid
1890 1156 2097 1220 dicant,

2205 1157 2350 1209 τοῦτ’
2395 1156 2540 1208 ἔστιν
2565 1157 2629 1208 ἐκ
2654 1159 2754 1226 τῆς
2781 1156 2968 1217 οὐσίας
2989 1155 3082 1208 τοῦ
3114 1155 3343 1224 Πατρός.
3373 1155 3432 1205 ΕΞ
3465 1152 3574 1223 γὰρ
3607 1153 3707 1206 καί
3750 1171 3805 1203 τι

511 1254 657 1325 quod
697 1269 808 1308 non
854 1252 1214 1323 intelligimus
1277 1249 1584 1305 secundum
1628 1256 1911 1312 natm-am;
1970 1247 2102 1301 unio

2204 1246 2452 1313 λέγουσιν
2483 1246 2510 1298 ὃ
2542 1246 2601 1298 ού
2635 1245 2893 1316 ξύνισμεν
2920 1247 2984 1325 τῇ
3014 1232 3195 1314 φύσει.
3227 1244 3346 1298 ἀλλ’
3432 1244 3626 1308 ἓνωσις
3662 1246 3734 1298 αὖ
3751 1247 3805 1296 τὸ

513 1340 696 1401 tamen
731 1347 784 1401 id
835 1347 1012 1416 ipsum
1057 1360 1251 1399 verum
1295 1359 1420 1398 esse
1465 1341 1730 1397 ostendit.
1764 1340 2001 1408 Ideoque
2033 1339 2102 1394 de

2203 1336 2474 1390 δείκνυσιν
2500 1337 2716 1407 ἀληθές.
2738 1336 2828 1390 Διὸ
2852 1320 3099 1407 καίπερ).
3115 1334 3210 1388 τοῦ
3238 1335 3372 1388 Υἱοῦ
3403 1334 3609 1402 ἔλεγον,
3644 1335 3803 1389 Θεὸν

514 1429 653 1494 Filio
705 1438 994 1494 dicebant:
1047 1435 1216 1491 Deum
1257 1435 1320 1488 de
1364 1434 1496 1498 Deo,
1536 1432 1714 1487 lumen
1763 1433 1827 1485 de
1883 1430 2098 1496 lumine,

2203 1429 2272 1481 ἐκ
2306 1428 2456 1482 Θεοῦ
2480 1469 2495 1491 ,
2525 1428 2654 1497 φῶς
2678 1429 2748 1482 ἐκ
2770 1429 2983 1497 φωτὸς,
3023 1427 3174 1482 Θεὸν
3204 1425 3499 1494 ἀληθινὸν
3527 1426 3600 1479 ἐκ
3641 1426 3799 1480 Θεοῦ

511 1534 680 1586 Deum
723 1549 902 1586 verum
935 1531 999 1585 de
1033 1531 1143 1585 Deo
1176 1546 1319 1594 vero,
1368 1525 1874 1582 consubstantialem
1923 1524 2099 1589 Patri,

2204 1520 2520 1589 ἀληθινοῦ,
2548 1520 2873 1588 ὀμοούσιον
2901 1519 2982 1585 τῷ
3019 1518 3199 1586 Harp)
3229 1557 3244 1582 ,
3273 1518 3349 1570 δι’
3381 1513 3453 1573 οὗ
3493 1518 3564 1571 τὰ
3592 1518 3799 1570 πάντα

511 1643 604 1696 per
638 1642 790 1696 quem
819 1626 1000 1679 omnia
1037 1624 1180 1694 facta
1203 1631 1348 1677 sunt.
1378 1617 1537 1676 lIunc
1559 1620 1816 1676 eumdem
1841 1634 1966 1674 cum
1992 1618 2102 1673 isto

2203 1611 2462 1679 ἐγένετο.
2507 1610 2709 1664 Τοῦτον
2745 1613 2955 1664 ἐκεῖνον
2984 1609 3232 1674 νοοῦντες
3254 1649 3268 1672 ,
3303 1609 3490 1680 ἐπειδὴ
3523 1609 3797 1681 πρότερον

515 1712 1392 1787 intelligentes:quandoquidem
1420 1728 1544 1767 cum
1590 1711 1748 1782 prius
1779 1717 1928 1770 esset
1973 1707 2099 1773 iste,

2205 1705 2434 1768 ἐκεῖνος,
2475 1702 2697 1770 γέγονεν
2730 1697 2904 1765 οὗτος.
2939 1701 3039 1755 Διὰ
3065 1701 3223 1756 τοῦτο
3267 1701 3330 1754 τὸ
3367 1701 3573 1772 Ἰησοῦς
3618 1703 3700 1764 εἰς
3725 1701 3793 1754 τὺ

511 1769 793 1863 [αριυεῖιει
823 1797 933 1862 hic.
959 1769 1315 1876 .Quapro-pter
1339 1820 1541 1859 nomen
1571 1801 1702 1859 Jesu
1728 1802 1797 1858 ad
1814 1801 2097 1873 Unigeniti

2205 1795 2299 1848 τοῦ
2339 1793 2677 1862 Μονογενοῦς
2711 1794 3108 1865 σημαινόμενον
3145 1793 3387 1864 ἐροῦσιν,
3429 1792 3526 1846 ἕνα
3570 1794 3667 1846 καὶ
3698 1792 3799 1844 τὸν

512 1900 971 1971 significationem
1020 1897 1333 1968 proferunt,
1381 1913 1552 1952 unum
1592 1895 1962 1966 eumdemque
1996 1895 2101 1952 sci-

2207 1883 2368 1937 αὑτὸν
2425 1883 2626 1946 εἰδότες
2684 1883 2817 1936 Θεόν
2861 1901 2919 1936 τε
2973 1882 3145 1951 Λόγον
3200 1883 3294 1937 καὶ
3346 1884 3637 1953 γενόμενον
3696 1883 3797 1935 ἄν·

511 2002 690 2056 entes,
727 1999 784 2047 et
809 1993 982 2046 Deum
1011 1983 1277 2055 Verbum,
1317 1997 1373 2045 et
1403 1985 1684 2044 hominem
1729 1988 1955 2043 factum.
2209 1974 2446 2046 θρωπον.

581 2070 721 2136 XIII.
751 2079 1042 2136 Nestorius
1067 2090 1252 2136 autem
1299 2078 1487 2135 Jesum
1528 2079 1700 2134 veluti
1730 2079 1872 2134 lacte
1923 2079 2100 2133 nutri-

2279 2066 2376 2121 ll".
2428 2068 2725 2139 Νεστόριος
2757 2067 2813 2120 δὲ
2859 2065 2951 2120 τὸν
2995 2064 3202 2138 Ἰησοῦν
3249 2067 3324 2130 ὡς
3370 2067 3604 2135 γάλακτι
3655 2082 3799 2135 τραο

515 2179 632 2224 tum
658 2154 818 2222 nihili
855 2167 1012 2223 facit:
1043 2179 1099 2223 et
1132 2178 1192 2224 ut
1225 2169 1387 2224 annis
1433 2177 1775 2224 crescentem
1827 2169 2094 2239 despicit:

2209 2159 2374 2230 φέντα
2396 2160 2668 2226 έξουθενεῖ
2685 2177 2699 2191 ο
2728 2160 2822 2214 καὶ
2840 2161 2915 2223 ὡς
2937 2160 3153 2230 χρόνοις
3183 2159 3481 2230 αὐξηθέντα
3509 2159 3760 2229 bur-.909;
3779 2174 3794 2188 ·

510 2256 648 2314 etut
691 2259 1172 2315 circumcisionem
1203 2259 1599 2332 suscipientem
1628 2261 1831 2316 deitatc
1881 2263 2094 2331 privat:

2209 2253 2302 2306 καὶ
2321 2251 2396 2316 ὡς
2418 2253 2722 2323 περιτομὴν
2745 2252 3036 2322 δεξάμενον
3061 2253 3357 2322 ἀποστερεῖ
3377 2251 3470 2320 τῆς
3499 2251 3752 2320 θεότητος
3775 2266 3791 2279 ·

510 2358 620 2406 non
651 2338 871 2406 deitatis
895 2351 1044 2405 illius
1072 2353 1418 2422 majestatem
1443 2353 1685 2419 laedens;
1730 2352 1825 2407 sed
1860 2354 1978 2422 ipse
2014 2368 2100 2408 se-

2206 2347 2308 2398 ούκ
2353 2345 2518 2399 αὐτοῦ
2569 2344 2980 2415 παραῦλὰπτων
3025 2345 3126 2414 τῆς
3157 2345 3409 2415 θεότητος
3456 2344 3555 2414 τήν
3588 2345 3750 2410 ἀξίαν
3777 2361 3793 2374 ·

512 2445 804 2514 metipsnm
847 2454 903 2498 et
931 2443 1105 2515 gloria
1136 2453 1193 2498 et
1232 2444 1408 2499 salute
1444 2442 1688 2514 privans.
1717 2444 1784 2499 Et
1820 2443 1953 2498 dum
1984 2444 2100 2499 haec

2207 2437 2323 2491 ἀλλ’
2350 2431 2504 2500 οὗτος
2535 2437 2728 2490 ἑαυτὸν
2761 2438 3146 2508 ἀποστερήσας
3172 2438 3266 2490 καὶ
3293 2437 3452 2508 δόξης
3488 2438 3583 2491 καὶ
3613 2453 3797 2507 σωτη-

511 2522 668 2603 dicit,
700 2537 825 2592 ﬁdei
850 2537 1197 2606 expositione
1233 2552 1292 2592 se
1334 2535 1434 2590 niti
1461 2536 1556 2590 ait.
1585 2534 1693 2590 Sed
1750 2536 1957 2591 Nicaeni
1990 2537 2097 2592 Pa-

2211 2530 2350 2600 ρίας.
2391 2529 2500 2581 Καὶ
2527 2528 2704 2581 ταῦτα
2741 2527 2921 2597 λέγων
2953 2531 3020 2598 τῇ
3053 2527 3269 2581 ὲκθέσει
3299 2527 3400 2598 τῆς
3426 2527 3662 2590 πίστεως
3697 2526 3794 2580 λέ-

511 2639 646 2696 tres,
682 2647 716 2686 ο
741 2631 884 2686 bone
907 2631 1015 2696 vir,
1036 2630 1224 2686 Jesum
1243 2646 1354 2685 non
1382 2639 1490 2684 tam
1523 2629 1929 2685 contumeliose
1963 2637 2083 2684 tra-

2206 2641 2292 2691 γει
2322 2621 2564 2692 θαρρεῖν.
2629 2619 2770 2672 Ἀλλ’
2826 2621 2925 2690 οὐχ
2952 2618 3128 2684 οὕτως
3176 2622 3225 2673 οί
3271 2621 3364 2675 ἐπὶ
3402 2619 3504 2690 τῆς
3552 2620 3796 2682 Νικαίας

507 2714 758 2778 ctarunt:
790 2721 887 2778 sed
905 2723 1173 2777 vocabant
1189 2721 1366 2792 ipsum
1391 2720 1590 2776 Filium
1613 2721 1709 2775 Dei
1736 2721 2099 2799 unigenitum,

2208 2717 2452 2785 Πατέρες
2481 2712 2574 2766 τὸν
2607 2710 2816 2784 Ἰησοῦν
2847 2710 3163 2783 ὲνύόρισαν,
3194 2711 3438 2782 βέλτιστε
3457 2729 3471 2742 ⁸
3510 2713 3628 2766 ἀλλ’
3666 2712 3797 2766 Exa-

509 2813 778 2884 genitum,
806 2830 917 2868 non
942 2813 1170 2878 factum,
1206 2813 1744 2869 consubstantialem
1799 2813 1985 2868 Patri:
2032 2829 2100 2869 eo

2207 2807 2372 2862 λεσαν
2405 2805 2567 2859 αὐτὸν
2603 2805 2733 2858 Υίὸν
2777 2802 2873 2857 τοῦ
2909 2804 3048 2858 θεοῦ
3086 2808 3392 2875 μονογενῆ,
3427 2805 3792 2876 γεννηθέντα,

509 2904 657 2974 quod
720 2902 1029 2958 arctissima
1087 2903 1218 2956 unio
1271 2903 1574 2957 secundum
1635 2903 2098 2972 dispensationem

2207 2901 2267 2955 ού
2313 2897 2609 2969 ποιηθέντα
2640 2937 2654 2961 ,
2686 2896 2972 2968 ὁμοούσιον
3010 2897 3088 2967 τῷ
3135 2897 3308 2968 Πατρί
3335 2916 3348 2929 ’
3381 2897 3480 2967 τῆς
3516 2898 3656 2950 κατὰ
3688 2899 3795 2968 τὴν

511 2995 660 3049 hunc
687 2981 842 3048 illum
865 2993 1087 3049 efﬁciat.
1113 2993 1574 3064 Quandoquidem
1599 3004 1654 3048 et
1678 2994 1782 3048 iste
1806 3004 1966 3048 antea
1988 3011 2099 3049 non

2207 2992 2524 3062 οἰκονομίαν
2567 2989 2972 3060 ἀκριϐεστάτης
3013 2988 3263 3054 ὲνὼσεως
3289 2989 3476 3044 τοῦτον
3524 2989 3795 3060 ποιούσης

509 3095 776 3150 mutatus,
795 3087 976 3140 factus
1004 3095 1088 3140 est
1112 3087 1219 3140 hic.
1241 3087 1360 3140 Non
1381 3088 1529 3140 enim
1552 3097 1794 3140 mutatus
1819 3090 2097 3157 estqnoad

2208 3085 2446 3138 ἐκεῖνον·
2481 3081 2670 3153 ἐπειδὴ
2698 3082 2951 3144 κάκεῖ·.-ος
2979 3081 3246 3153 πρότερον
3288 3080 3647 3146 ἀναλλοίωτος
3689 3081 3793 3150 γέ-

2431 3169 2456 3187 ν
2803 3175 2813 3187 .
3053 3174 3100 3187 -.
3129 3175 3180 3187 ,Α
3306 3176 3316 3187 .
3477 3173 3488 3187 .

512 3187 784 3241 naturam,
807 3177 903 3234 sed
927 3176 1257 3232 mirabiliter
1279 3178 1464 3233 eﬂecit
1490 3178 1921 3248 dispensationis
1939 3182 2099 3234 unio-

2201 3193 2360 3244 γονεν
2401 3169 2576 3238 οὗτος.
2630 3175 2707 3228 Ού
2754 3175 2862 3245 γὰρ
2917 3174 3223 3246 μετεϐλήθη
3268 3176 3368 3245 τὴν
3421 3173 3617 3244 φύσιν·
3669 3174 3795 3228 ἀλλ’

511 3283 664 3324 nem.
709 3268 1062 3338 Quapropter
1087 3267 1264 3323 sancti
1298 3269 1490 3324 Patres
1529 3277 1652 3340 post
1696 3268 1954 3324 unionem
2001 3271 2100 3325 Dei

2201 3266 2690 3338 ὲθαυματούργησε
2723 3265 2825 3337 τῆς
2856 3267 3167 3338 οἰκονομίας
3197 3268 3295 3338 τὴν
3331 3268 3546 3321 ἕνωσιν.
3585 3268 3792 3322 Οὐκέτι

509 3358 578 3414 ad
606 3359 888 3413 hominem
911 3375 1020 3412 non
1035 3360 1146 3430 jam
1173 3359 1412 3428 amplius
1427 3359 1566 3414 duas
1594 3374 1681 3413 res
1705 3358 2096 3430 intelligentes,

2199 3352 2294 3411 οὖν
2325 3357 2461 3428 μετὰ
2491 3358 2590 3428 τὴν
2629 3357 2824 3411 ἕνωσιν
2853 3357 2988 3412 Θεοῦ
3012 3359 3149 3430 πρὸς
3169 3359 3456 3431 ἄνθρωπον
3489 3360 3584 3413 δύο
3611 3363 3795 3431 πρᾶγ--

510 3450 711 3504 merito
732 3465 858 3504 cum
875 3450 1063 3506 Jesum
1084 3450 1301 3516 dicunt,
1323 3451 1496 3505 Deum
1521 3451 1764 3506 Verbum
1786 3452 2096 3524 designant,

2205 3468 2350 3522 ματα
2373 3451 2667 3522 νοήσαντες
2699 3452 2748 3503 οἱ
2777 3451 3024 3522 Πατέρες
3049 3493 3062 3511 .
3097 3454 3325 3516 εἰκότ’ως
3365 3453 3572 3523 Ἰησοῦν
3599 3452 3792 3520 λέγον-

507 3548 565 3596 ‘et
597 3541 903 3598 secundum
932 3542 1245 3612 theologum
1307 3543 1631 3612 loquentes:
1679 3544 1921 3599 Verbum
1950 3546 2098 3616 quod

2198 3559 2290 3606 τες
2311 3581 2325 3606 ,
2353 3543 2443 3596 τὸν
2470 3543 2604 3595 Θεὸν
2630 3542 2805 3606 Λόγον
2833 3543 3194 3614 σημαίνουσι,
3223 3547 3320 3598 καὶ
3354 3545 3496 3600 κατὰ
3537 3544 3629 3597 τοῦ
3661 3545 3795 3598 θεο-

508 3633 687 3688 oculis
703 3633 1017 3699 videbatur,
1037 3633 1225 3689 Jesum
1247 3633 1683 3705 interpretantur
1710 3654 1722 3688 :
1740 3653 1848 3690 non
1868 3637 2100 3692 confun-

2201 3635 2361 3704 λόγου
2398 3634 2734 3705 φράζοντες,
2776 3633 2951 3702 Λόγον
2993 3634 3085 3688 τὸν
3127 3634 3408 3706 ὁρώμενον
3451 3635 3652 3706 Ἰησοῦν
3685 3636 3792 3706 ὲρο

509 3709 705 3780 dentes
728 3733 975 3789 naturas,
1001 3724 1097 3779 sed
1120 3725 1382 3780 unionem
1401 3725 1780 3781 ostendentes.
1798 3727 2100 3797 Propterea

2203 3725 2532 3797 μηνεύουσιν
2561 3743 2574 3756 ·
2633 3727 2693 3779 ού
2730 3726 2832 3790 τὰς
2883 3727 3076 3796 φύσεις
3125 3728 3479 3798 συγχέοντες,
3515 3727 3647 3780 ἀλλὰ
3683 3727 3789 3798 δη-

507 3802 695 3871 Jesum
727 3815 913 3871 Mariae
940 3816 1141 3871 Filium
1186 3833 1254 3872 ex
1299 3817 1412 3871 Deo
1464 3816 1731 3887 genitum,
1761 3827 1817 3871 et
1844 3833 1954 3872 non
1984 3817 2099 3872 elli-

2199 3818 2421 3883 λοῦντες
2448 3818 2549 3889 τὴν
2580 3819 2795 3874 ἕνωσιν.
2830 3819 2930 3873 Διὰ
2954 3818 3115 3872 τοῦτο
3147 3821 3211 3872 ἐκ
3237 3819 3374 3873 Θεοῦ
3409 3821 3745 3890 γεννηθέντα
3767 3862 3782 3880 .

506 3917 699 3976 ctum;
755 3909 886 3963 item
924 3909 1216 3963 Dominum
1285 3906 1473 3979 gloria:
1537 3907 1859 3973 crucifixum
1928 3925 2098 3964 sacra:

2201 3912 2294 3965 καὶ
2329 3910 2390 3964 ού
2423 3909 2716 3982 ποιηθέντα
2743 3951 2757 3974 ,
2788 3911 2877 3964 τὸν
2909 3913 2972 3964 ὲκ
3003 3911 3223 3982 Μαρίας
3279 3911 3505 3982 Ἰησοῦν,
3556 3913 3650 3965 καὶ
3689 3914 3787 3966 τὸν

507 4000 732 4055 Littera:
763 4000 1056 4065 afﬁrmant,
1083 4000 1252 4054 Paulo
1280 3999 1498 4055 dicente
1531 4018 1543 4053 :
1587 4021 1604 4051 ι
1635 4001 1690 4055 Si
1719 4001 1868 4055 enim
1896 4017 2098 4072 cogno-

2198 4002 2404 4078 Κύριον
2435 4003 2536 4074 τῆς
2586 4003 2746 4075 δόξης
2793 4004 3177 4075 σταυρωθῆναι
3227 4003 3480 4073 λέγουσιν
3526 4005 3583 4057 αἱ
3636 4005 3784 4058 θεῖαι

505 4092 737 4155 vissent,
791 4105 1140 4160 nequaquam
1193 4089 1488 4144 Dominum
1543 4091 1730 4160 gloria:
1789 4091 2097 4146 cruciﬁxis-

2196 4095 2412 4169 Fpacpa‘t
2434 4137 2449 4158 ,
2485 4095 2697 4149 Παύλου
2732 4096 2984 4164 λέγοντος
3009 4113 3022 4126 ·
3061 4117 3079 4148 ι
3120 4097 3183 4149 Εἰ
3217 4097 3326 4168 γὰρ
3357 4097 3621 4164 ἔγνωσαν,
3677 4099 3783 4151 ούκ

506 4184 734 4249 sent":
766 4203 784 4233 ι
817 4192 877 4236 ut
906 4183 1212 4236 secundum
1243 4181 1381 4234 nihil
1411 4181 1638 4236 omnino
1671 4182 1963 4237 Dominum
1982 4184 2096 4253 glo—

2199 4187 2263 4240 ἂν
2297 4185 2387 4238 τὸν
2434 4184 2636 4256 Κύριον
2676 4187 2775 4255 τῆς
2818 4185 2978 4255 δόξης
3012 4187 3366 4258 ἐσταύρωσαν
3394 4205 3408 4218 ο
3451 4207 3467 4237 ι
3505 4189 3590 4241 ἵνα
3635 4188 3783 4242 κατά

511 4276 606 4330 ι-ἱω
628 4275 696 4330 ab
713 4290 780 4330 eo
798 4276 892 4344 qui
929 4274 1078 4345 ligno
1104 4272 1297 4328 aliixus
1326 4272 1450 4338 fuit,
1493 4288 1734 4342 separes.
1767 4274 1909 4330 Unio
1944 4275 2093 4329 enim

2199 4276 2366 4347 μηδὲν
2395 4276 2695 4347 διαστήσης
2742 4277 2833 4329 τὸν
2867 4277 3071 4347 Κύριον
3116 4279 3217 4347 τῆς
3249 4279 3440 4348 δόξης,
3471 4278 3565 4330 τοῦ
3606 4295 3779 4348 προσ-

505 4367 693 4422 eﬂ'ecit
729 4376 790 4420 ut
826 4366 1068 4420 Verbum
1101 4365 1209 4420 hoc
1257 4364 1598 4435 impassibile
1644 4380 1709 4418 ea
1752 4381 1874 4435 qua:
1921 4366 2095 4435 passi-

2194 4367 2495 4439 ηλωθέντος
2528 4367 2607 4438 τῷ
2636 4368 2796 4439 ξύλῳ.
2834 4369 2898 4422 'H
2927 4369 3034 4440 γὰρ
3059 4370 3251 4432 ἓνωσις
3271 4370 3458 4423 τοῦτον
3487 4370 3579 4422 τὸν
3606 4370 3781 4438 Λόγον

507 4459 637 4513 bilis
673 4467 882 4512 natura:
917 4467 1096 4524 erant,
1126 4467 1429 4528 pateretur.
1469 4457 1606 4512 Illud
1631 4458 1780 4513 enim
1816 4457 1946 4516 unio
1982 4469 2087 4526 est,

2195 4459 2287 4512 τὸν
2309 4457 2494 4529 ἀπαθῆ
2523 4458 2852 4513 πεπονθέναι
2879 4461 2948 4514 τὰ
2970 4459 3064 4512 τοῦ
3085 4459 3331 4530 παθητοῦ
3356 4460 3740 4530 παρεσκεύασε
3763 4479 3777 4492 ·

507 4547 657 4618 quod
694 4548 981 4602 unitorum
1017 4546 1238 4617 propria
1292 4547 1346 4602 in
1395 4563 1568 4601 unum
1619 4548 1988 4603 conveniant:
2018 4550 2092 4605 ita

2190 4547 2352 4603 τοῦτο
2381 4549 2490 4619 γάρ
2518 4550 2666 4602 ἐστιν
2701 4549 2897 4612 ένωσις
2922 4590 2936 4612 ,
2971 4550 3032 4602 τὸ
3058 4550 3127 4605 τὰ
3162 4550 3269 4602 ἴδια
3319 4549 3429 4602 τῶν
3468 4549 3781 4602 ἑνωθέντων

510 4649 572 4694 ut
593 4649 651 4694 et
670 4639 806 4703 haac,
834 4647 891 4694 et
919 4639 1011 4693 illa
1035 4639 1103 4693 de
1139 4639 1280 4694 Filio
1315 4639 1588 4693 dicantur.
1610 4639 1740 4694 Ideo
1772 4639 2089 4710 Apostolus,

2191 4641 2273 4702 εἰς
2314 4641 2372 4695 ἒν
2406 4641 2713 4708 ξυνελθεῖνο
2761 4642 2836 4704 ὡς
2867 4643 2959 4696 καὶ
2995 4642 3170 4696 ταῦτα
3209 4641 3465 4709 περὶτοῦ
3502 4640 3634 4694 Υἱοῦ
3682 4641 3775 4694 λέ-

514 4753 534 4783 ¢
571 4732 864 4787 Dominum
897 4733 1084 4804 gloria:
1108 4732 1432 4787 cruciﬁxum
1453 4753 1470 4782 ι
1493 4747 1616 4789 esse
1640 4731 1795 4786 dicit.
1823 4733 2094 4788 Rursum-

2191 4734 2406 4802 γεσθαι,
2457 4735 2708 4786 κάκεῖνα.
2768 4733 2867 4788 Διὰ
2896 4733 3055 4786 τοῦτο
3103 4735 3132 4786 ὁ
3192 4733 3516 4798 ’Λπόστολός
3572 4751 3777 4804 φησιν·

505 4842 616 4895 que
667 4825 828 4879 nobis
878 4825 992 4878 ait:
1029 4843 1047 4874 ‹
1091 4824 1244 4880 Unus
1279 4824 1549 4879 Dominus
1596 4825 1756 4880 Jesus
1811 4825 2089 4892 Christus,

2196 4846 2215 4878 ι
2263 4825 2385 4878 Ὀτι
2417 4827 2444 4878 ὁ
2483 4827 2685 4894 Κύριος
2713 4827 2811 4895 τῆς
2850 4825 3008 4898 δόξης
3053 4824 3416 4897 ἐσταύρωται.
3467 4844 3487 4875 ι
3529 4825 3640 4877 Καὶ
3668 4825 3775 4878 πά-

504 4933 605 4987 per
640 4931 804 4986 quem
841 4917 1027 4971 omnia
1051 4917 1130 4969 ’δι
1168 4937 1184 4967 ι
1245 4925 1300 4971 et
1337 4917 1491 4971 illum
1525 4917 1714 4973 Jesum
1754 4917 2088 4988 intelligens,

2191 4916 2274 4970 λιν
2305 4917 2452 4985 λέγει
2480 4918 2644 4987 ἡμῖν’
2693 4937 2712 4967 ‹
2759 4911 2854 4980 Εἷς
2894 4915 3096 4988 Κύριος
3149 4917 3360 4987 Ἰησοῦς
3405 4917 3679 4988 Χριστὸς,
3708 4917 3777 4970 δι’

501 5017 561 5062 et
594 5008 742 5062 hunc
779 5008 876 5062 Dei
912 5008 1156 5062 Verbum
1209 5010 1514 5078 appellans,
1555 5025 1652 5078 per
1697 5025 1861 5078 quem
1909 5010 2090 5064 omnia

2187 5003 2250 5062 οὗ
2281 5011 2348 5062 τὰ
2393 5009 2570 5062 πάντα
2599 5028 2611 5040 ο
2653 5030 2669 5060 ι
2703 5010 2954 5064 κάκεῖνον
2992 5010 3130 5064 νοῶν
3175 5011 3408 5080 Ἰησοῦν,
3452 5011 3547 5066 καὶ
3589 5009 3779 5063 τοῦτον

502 5100 648 5155 facta
675 5109 822 5155 sunt.

2188 5101 2323 5154 Θεοῦ
2357 5103 2527 5170 Λόγον
2555 5101 2758 5161 καλῶν,
2793 5103 2860 5156 δι’
2899 5098 2960 5157 οὗ
2991 5105 3059 5158 τὰ
3096 5104 3274 5156 πάντα
3315 5104 3559 5172 ἐγένετο.

575 5193 710 5247 XlV.
752 5193 904 5249 Unde
941 5201 996 5247 et
1051 5193 1258 5248 Nicatni
1315 5191 1530 5254 Patres,
1587 5202 1860 5262 ponentes
1906 5193 2091 5248 Domi-

2261 5197 2357 5247 IA'.
2399 5194 2561 5247 Ὅθεν
2589 5195 2684 5248 καὶ
2711 5197 2761 5248 οἱ
2785 5197 2878 5249 ἐπὶ
2909 5196 3008 5264 τῆς
3033 5196 3266 5257 Νικαίας
3297 5196 3560 5264 Πατέρες,
3593 5193 3776 5256 θέντες

504 5301 635 5338 num
661 5283 850 5340 Jesum
885 5285 1190 5350 Christum,
1233 5302 1402 5340 unum
1440 5285 1702 5340 dixerunt
1739 5285 1936 5339 Filium
1965 5286 2089 5341 uni-

2189 5286 2392 5356 Κύριον
2429 5285 2636 5355 Ἰησοῦν
2663 5287 2924 5358 Χριστὸν,
2953 5289 3049 5341 ἕνα
3079 5289 3366 5359 εἰρήκασιν
3392 5288 3518 5340 Υἰὸν
3553 5301 3778 5356 μονογε-

500 5377 768 5444 genitum,
809 5394 919 5432 non
941 5377 1310 5447 appellatione
1341 5385 1436 5430 aut
1484 5377 1694 5430 honore
1718 5386 1956 5442 tantum,
1990 5378 2088 5432 sed

2191 5378 2287 5447 νῆ·
2345 5377 2406 5430 ού
2456 5381 2522 5448 τῇ
2575 5380 2942 5452 προσηγορίᾳ,
2978 5380 3100 5433 οὐδὲ
3150 5384 3216 5451 τῇ
3253 5385 3387 5453 τιμῇ
3437 5380 3610 5453 μόνῃ,
3659 5376 3777 5431 ἀλλ’

503 5481 562 5519 re
614 5467 750 5537 ipsa.
807 5469 1078 5535 Quocirca
1135 5469 1302 5525 etiam
1361 5470 1510 5524 hunc
1555 5469 2085 5523 consubstantialem

2189 5470 2338 5540 αύτῴ
2367 5470 2446 5542 τῷ
2477 5471 2786 5542 πράγματι.
2827 5473 2918 5525 Διὸ
2949 5473 3042 5525 καὶ
3071 5474 3338 5526 ἐκάλεσαν
3367 5473 3557 5526 τοῦτον
3585 5469 3778 5543 ὁμοού-

502 5546 669 5622 i’atri,
701 5569 758 5614 et
792 5570 1018 5630 propter
1057 5577 1159 5616 nos
1187 5562 1536 5618 incarnatum
1572 5576 1906 5631 passumqnc
1933 5560 2088 5616 dixe-

2189 5579 2303 5616 σιον
2344 5563 2422 5634 τῷ
2459 5564 2652 5635 Πατρὶ,
2691 5567 2782 5617 καὶ
2809 5565 2875 5618 δι’
2923 5567 3069 5636 ἡμᾶς
3100 5566 3459 5635 σαρκωθέντα
3482 5611 3498 5633 ,
3530 5564 3625 5618 καὶ
3659 5580 3765 5617 πα·-

569 5733 657 5793 ⁸³Ι
690 5735 815 5791 Cur.
855 5751 911 5803 ιι,
952 5736 1002 5790 8.
1083 5737 1126 5769 ⁸⁵
1159 5737 1180 5791 l
1215 5737 1340 5792 Cor.
1383 5754 1495 5802 \‘lll,
1538 5738 1589 5792 ϐ.
