4062 6202
360 295 499 355 I335

1514 285 1875 350 EXPOSITIO
1913 282 2205 341 SYMBOLI
2244 286 2515 344 ΝίΟέΕΝῘ.

3467 283 3613 340 1554

355 371 524 470 θόντα
554 454 569 479 ,
622 411 1201 484 θαυματουργηθείσης
1263 409 1543 474 ἑνώσεως,
1606 411 1668 463 οὐ
1729 424 1922 478 συγχυ-

2036 411 2201 456 runt:
2239 402 2442 456 unione
2477 395 2802 456 mirabiliter
2829 398 3118 460 facta,non
3148 406 3342 478 natura
3358 397 3607 455 confusa.

355 503 542 575 θείσης
585 503 685 572 τῆς
725 502 958 570 φύσεως.
1005 501 1065 554 Εἰ
1094 500 1204 573 γάρ
1252 501 1354 554 οὐκ
1386 499 1652 570 ἠλλοιώθη
1700 502 1734 569 ἡ
1785 500 1934 570 Παρο

355 592 508 656 θένος
541 593 635 645 καὶ
692 592 877 662 μήτηρ
915 590 1168 658 ὲγένετοο
1218 589 1340 642 οὐδὲ
1372 587 1756 660 ἀλλοιωθείσης
1790 605 1934 659 παρ-

356 685 538 748 θενίας
567 683 723 746 τόκος
752 683 987 751 ἐγένετο,
1011 682 1148 735 Θεοῦ
1175 681 1767 753 θαυματουργήσαντος
1791 682 1935 751 Παρ-

354 774 494 843 θένῳ
551 773 642 825 τὸν
687 773 877 826 τόκονν
919 773 974 826 τί
1017 771 1360 842 θαυμάζεις,
1405 773 1456 825 εί
1497 772 1556 824 ἰν
1587 772 1790 825 άπαθεί
1839 772 1936 842 φύ-

356 883 438 918 σει
468 864 700 934 θελήσας
727 865 859 928 Θεὸς
909 864 1204 928 ὑπεδέξατο
1239 863 1431 929 πάθος,
1463 863 1563 916 οὐκ
1594 863 1954 933 ἀποθέμενος

351 955 451 1026 τὴν
477 954 782 1022 άπάθειαν;
823 958 880 1010 ’0
913 957 1022 1027 γὰρ
1047 956 1122 1027 μὴ
1158 954 1372 1027 δεηθεὶς
1417 953 1578 1008 λῦσαι
1611 953 1931 1025 παρθενίαν,

355 1047 442 1099 ἵνα
495 1047 698 1118 ποιήσῃ
737 1047 946 1118 μητέρα
975 1064 988 1078 ο
1037 1042 1191 1111 οὗτος
1238 1045 1432 1102 παθεῖν
1480 1045 1785 1117 βουληθεὶς,
1833 1047 1934 1099 οὐκ

352 1137 547 1208 ἐδεήθη
587 1139 686 1210 τὴν
736 1139 930 1193 ἑαυτοῦ
973 1139 1200 1210 δύναμιν
1251 1139 1595 1210 μετασαλεῐν.
1632 1140 1782 1209 Ἔχει
1823 1139 1933 1210 γὰρ

349 1223 580 1299 δύναμιν
613 1229 1134 1301 θαυματουργοῦσάν
1153 1246 1206 1282 τι
1228 1233 1475 1301 κρεῖττον
1500 1229 1610 1283 τῶν
1635 1229 1809 1298 λόγων
1833 1229 1933 1299 τῆς

353 1317 591 1384 φύσεως.
621 1318 718 1371 Διά
767 1317 928 1371 τοῦτο
974 1320 1070 1372 καὶ
1128 1317 1262 1382 Θεὸς
1319 1318 1523 1389 ἔμεινε,
1575 1320 1670 1373 καὶ
1710 1319 1932 1388 γέγονεν

351 1407 658 1479 ἄνθρωπος,
722 1409 817 1461 καὶ
862 1409 1092 1478 Ἰησοῦς,
1142 1409 1238 1462 καὶ
1288 1409 1556 1481 Χριστὸς,
1614 1412 1709 1464 καὶ
1760 1410 1933 1479 Λόγος

355 1499 846 1572 προσαγορεύεται.
879 1501 988 1554 καὶ
1033 1501 1251 1572 πάσχει,
1287 1502 1382 1555 καὶ
1407 1503 1623 1574 ἀπαθὴς
1655 1505 1804 1575 μένει
1831 1504 1930 1575 τὴν

353 1591 547 1660 φύσιν·
580 1591 674 1646 καὶ
714 1592 1043 1663 σταυροῦται
1097 1594 1191 1646 καὶ
1235 1595 1354 1647 κατ’
1402 1595 1590 1649 οὐσίαν
1634 1597 1931 1666 ἀχείρωτος

355 1683 508 1752 μένει
527 1698 542 1713 ο
573 1682 668 1737 καὶ
693 1683 921 1737 θάνατον
935 1683 1168 1755 δέχεται,
1201 1685 1295 1738 καὶ
1315 1684 1548 1740 θανάτου
1568 1691 1925 1758 και-ἀκρατεῖ.

2034 491 2091 547 Si
2123 493 2271 547 enim
2312 493 2480 563 Virgo
2502 501 2710 546 mutata
2743 505 2851 544 non
2887 489 3010 554 fuit,
3042 498 3097 544 et
3118 499 3292 543 mater
3323 490 3463 544 facta
3487 500 3605 547 est:

2034 599 2137 639 nec
2175 593 2383 640 mutata
2420 583 2737 655 virginitate
2765 591 2955 652 partus
2994 581 3244 652 contigit,
3289 583 3398 636 Deo
3437 583 3606 637 mira-

2033 677 2220 732 culose
2262 678 2470 748 Virgini
2515 686 2730 747 partum
2775 675 3151 746 producente:
3197 673 3328 743 quid
3369 675 3605 740 miraris,

2033 768 2078 822 si
2111 769 2256 823 Deus
2286 767 2340 850 in
2366 768 2612 838 passibili
2638 778 2834 822 natura
2874 767 3067 821 volens
3088 766 3397 836 passionem
3423 780 3610 819 susce-

2032 861 2131 930 pit,
2168 876 2278 914 non
2301 860 2802 930 impassibilitatem
2824 859 3147 928 deponens?
3169 857 3272 924 Qui
3295 858 3442 912 enim
3469 870 3610 926 opus

2032 967 2142 1006 non
2177 951 2416 1006 habebat
2440 951 2814 1021 virginitatem
2840 951 3074 1013 solvere,
3111 959 3171 1004 ut
3205 957 3435 1004 matrem
3468 948 3610 1002 face-

2031 1042 2262 1106 ret,ille
2313 1042 2422 1111 pati
2472 1042 2663 1096 volens
2714 1057 2823 1095 non
2876 1057 3015 1110 opus
3049 1040 3287 1094 habebat
3347 1039 3612 1093 virtutem
3643 1097 3664 1111 δ

2031 1147 2186 1186 suam
2209 1141 2446 1187 mutare.
2481 1132 2657 1187 [labet
2679 1133 2826 1186 enim
2857 1132 3118 1186 virtutem
3145 1131 3472 1185 miraeulose
3505 1131 3608 1184 ali-

2031 1221 2162 1291 quid
2180 1231 2584 1291 perpetrantem
2611 1237 2775 1291 supra
2789 1229 3002 1274 natura:
3021 1219 3282 1274 rationes.
3314 1219 3607 1288 Propterea

2029 1324 2086 1367 et
2112 1314 2259 1368 Deus
2305 1313 2525 1376 mansit,
2565 1323 2622 1367 et
2668 1312 2835 1366 homo
2869 1309 3048 1365 factus
3089 1318 3210 1373 est;
3245 1309 3500 1371 etJesus,
3553 1319 3611 1362 et

2030 1403 2304 1467 Christus,
2331 1413 2387 1458 et
2421 1405 2660 1459 Verbum
2709 1403 3032 1473 appellatur.
3067 1402 3232 1456 Item:
3284 1402 3510 1470 patitur,
3553 1412 3614 1454 et

2031 1497 2385 1566 impassibilis
2413 1497 2716 1551 secundum
2738 1505 2990 1550 naturam
3023 1502 3340 1564 permanet:
3388 1491 3606 1546 cruciﬁ-

2029 1591 2178 1660 gitur
2208 1591 2396 1654 etiam.
2437 1599 2494 1644 et
2534 1587 3112 1659 incomprehensibilis
3139 1585 3442 1642 secundum
3474 1585 3606 1639 sub-

2030 1685 2286 1740 stantiam
2327 1694 2543 1740 manet:
2578 1691 2634 1739 et
2661 1692 2894 1738 mortem
2921 1681 3176 1752 suscipit,
3204 1680 3474 1736 etmortis
3507 1678 3608 1732 im-

352 1745 435 1827 is
466 1773 565 1844 μὲν
591 1745 1042 1846 θαυματουργῶν,
1090 1745 1167 1838 ὡς
1210 1774 1287 1828 ὢν
1324 1776 1456 1840 Θεός
1478 1794 1494 1808 ν
1526 1777 1594 1832 τά
1637 1779 1694 1832 δὲ
1724 1745 1922 1852 ὑπομέ-

2031 1777 2247 1845 perium
2275 1776 2516 1831 obtinet:
2547 1775 2639 1829 illa
2671 1774 2894 1844 quidem
2910 1745 3235 1828 miracblose
3261 1777 3608 1842 perpetratis,

351 1881 478 1927 νων,
509 1865 586 1929 ὥς
615 1867 905 1937 γενόμενος
931 1866 1237 1939 ἄνθρωπος.
1275 1868 1460 1932 οὕτως
1487 1865 1641 1934 οὗτος
1664 1874 1757 1924 καὶ
1789 1874 1922 1926 ἀπο-

2032 1877 2290 1937 tanquam
2324 1868 2471 1922 Deus
2496 1867 2798 1932 exsistens;
2825 1868 2942 1921 haec
2974 1875 3160 1920 autem
3190 1865 3490 1928 sustinens,
3521 1872 3608 1918 ut—

349 1954 600 2024 θνήσκει,
631 1956 726 2010 xa't
759 1956 820 2008 ού
847 1958 1130 2026 κρατεῖται
1165 1955 1378 2028 θανάτῳ
1398 1973 1411 1986 ’
1451 1959 1542 2010 καὶ
1583 1959 1802 2029 πάσχει,
1835 1961 1922 2015 καὶ

2029 1972 2155 2032 pote
2201 1962 2367 2016 homo
2398 1961 2594 2017 factus.
2640 1959 2719 2014 Ita
2752 1959 2842 2014 hic
2875 1968 2931 2014 et
2964 1958 3220 2022 moritur,
3254 1966 3310 2011 et
3348 1972 3378 2009 a
3431 1963 3607 2030 morte

347 2043 648 2116 παθήματα
672 2045 789 2099 λύει
812 2063 826 2075 ·
851 2045 922 2100 τά
951 2045 1072 2117 μὲν,
1103 2047 1342 2116 ἐνεργῶν
1384 2052 1448 2121 τῇ
1481 2049 1699 2121 θεότητι
1731 2068 1744 2081 ·
1779 2051 1845 2104 τά
1872 2051 1929 2106 δὲ

349 2135 640 2206 ὑπομένων
676 2140 745 2208 τῇ
782 2137 890 2208 ἰδίᾳ
924 2137 1107 2208 σαρκί.
1139 2139 1312 2203 Δύτδς
1362 2140 1670 2212 ὑπομένων,
1705 2142 1804 2196 οὐκ
1836 2143 1929 2198 άλ-

347 2225 810 2297 λονύπομένοντα
839 2228 1072 2299 βλέπων.
1103 2229 1286 2284 Ταῦτα
1313 2231 1421 2304 γὰρ
1446 2232 1538 2285 καὶ
1566 2233 1772 2305 Πέτρος
1798 2236 1928 2305 περὶ

361 2318 539 2390 ἰησοῦ
569 2319 667 2372 τοῦ
687 2321 1011 2391 Ναζωραίου
1046 2322 1182 2394 πρὸς
1211 2324 1498 2388 Ἰουδαίους
1522 2326 1924 2397 διαλεγόμενος,

346 2407 534 2477 ελεγεν
553 2409 745 2473 αὐταῖς
773 2410 979 2476 λέξεσιν
999 2412 1172 2477 οὕτως
1193 2413 1363 2468 εἰπών
1385 2431 1397 2442 ·
1429 2435 1446 2467 ι
1463 2417 1688 2488 Ἄνδρες
1711 2419 1926 2489 Ἰσραη-

346 2498 510 2562 λῖται,
557 2499 828 2554 ἀκούσατε
872 2503 999 2566 τοὺς
1049 2502 1240 2571 λόγους
1285 2504 1546 2570 τούτους·
1582 2507 1789 2577 Ἰησοῦν
1832 2509 1925 2563 τὸν

347 2589 689 2662 Ναζωραῖον,
724 2610 743 2643 ι
775 2592 882 2646 ἀπὸ
905 2596 1003 2664 τῆς
1033 2595 1183 2650 κάτω
1214 2597 1474 2668 πατρίδος
1503 2600 1676 2666 καλεῖ,
1700 2599 1924 2670 ὕστερον

343 2679 403 2733 δὲ
438 2680 564 2735 Υίδν
627 2681 762 2736 Θεοῦ
798 2683 1073 2754 σημαίνει.
1116 2685 1190 2738 Τὸ
1228 2687 1339 2758 γάρ
1369 2688 1521 2752 τέλος
1558 2690 1796 2744 δείκνυσι
1828 2691 1922 2745 τοῦ

345 2771 506 2841 λόγου
539 2771 636 2826 ἕνα
665 2773 875 2828 καὶτὸν
916 2777 1080 2829 αὑτὸν
1117 2776 1245 2830 ὄντα
1277 2779 1520 2846 ἐπίγειόν
1547 2797 1606 2832 τε
1640 2781 1733 2834 καὶ
1755 2782 1923 2852 οὐρά-

347 2875 458 2916 νιον
475 2878 492 2895 ο
522 2862 612 2916 τὸν
650 2864 814 2917 αὑτὸν
834 2867 927 2918 καὶ
949 2868 1014 2921 ὲκ
1042 2867 1152 2920 τῶν
1177 2868 1328 2922 κάτω
1350 2870 1587 2939 χωρίων,
1615 2873 1710 2926 καὶ
1739 2874 1802 2926 ὲκ
1823 2874 1922 2943 τῆς

342 2956 458 3010 ἄνω
484 2955 644 3026 δόξης
671 2957 1016 3028 ὁρμώμενον.
1047 2958 1120 3012 Τὸ
1150 2959 1249 3030 μὲν
1272 2959 1400 3015 ὄντα
1422 2961 1528 3032 πρὸ
1555 2963 1662 3021 τῶν
1685 2964 1915 3019 αἰώνων·

2027 2068 2137 2106 non
2171 2051 2486 2107 detinetur:
2513 2058 2570 2106 et
2591 2051 2821 2120 patitur,
2854 2058 2912 2105 et
2938 2048 3222 2119 passiones
3260 2047 3457 2103 solvit:
3493 2047 3610 2101 ha‘c

2027 2144 2251 2214 quidem
2287 2159 2524 2214 operans
2557 2143 2798 2210 deitate;
2832 2143 2920 2197 illa
2963 2151 3147 2196 autem
3192 2140 3413 2210 propria
3442 2154 3608 2194 carne

2026 2236 2324 2291 sustinens.
2355 2236 2496 2306 Ipse,
2533 2235 2780 2305 inquam,
2813 2234 3116 2296 sustinens,
3137 2248 3249 2286 non
3306 2231 3474 2286 alium
3517 2246 3608 2286 su-

2025 2325 2323 2380 stinentem
2350 2323 2716 2379 videns.Nam
2741 2332 2797 2378 et
2823 2321 3252 2378 PetrusJudaeos
3293 2321 3604 2391 alloquens,

2023 2419 2217 2474 eadem
2246 2418 2315 2473 de
2345 2418 2475 2474 Jesu
2497 2417 2781 2472 Nazarene
2814 2416 3009 2472 iisdem
3059 2414 3244 2470 verbis
3287 2413 3446 2478 dixit,
3475 2413 3606 2467 dum

2025 2511 2099 2566 ita
2131 2512 2240 2566 ait:
2282 2529 2301 2562 ι
2339 2511 2451 2566 Viri
2477 2510 2759 2572 lsraelitze,
2800 2509 2985 2563 audite
3029 2507 3193 2562 verba
3225 2506 3368 2560 haec:
3419 2505 3608 2559 Jesum

2023 2602 2402 2665 Nazarenum;
2451 2620 2469 2652 ι
2501 2616 2532 2653 a
2580 2609 2801 2653 terrena
2847 2598 3022 2667 patria
3075 2597 3148 2651 ita
3175 2607 3369 2650 vocat:
3415 2604 3608 2665 postea

2024 2708 2156 2747 vero
2184 2691 2380 2745 Filium
2409 2691 2506 2744 Dei
2547 2705 2670 2745 esse
2717 2689 3009 2760 signiﬁcat.
3047 2689 3200 2744 Finis
3225 2689 3373 2744 enim
3398 2704 3605 2744 sernn»

2022 2783 2112 2838 nis
2141 2781 2403 2846 ostendit,
2426 2797 2596 2836 unum
2626 2780 2994 2850 eumdemque
3020 2791 3076 2834 et
3102 2791 3378 2835 terrenum
3407 2789 3468 2835 et
3492 2796 3606 2836 ca:-

2020 2877 2216 2932 lestem
2246 2891 2402 2932 esse:
2451 2876 2709 2931 eumdem
2735 2882 2793 2929 et
2819 2890 2884 2929 ex
2927 2873 3180 2930 inferiori
3223 2874 3326 2929 hac
3358 2874 3606 2944 regione,

2021 2978 2074 3024 et
2105 2985 2442 3040 exsuperna
2466 2969 2643 3040 gloria
2669 2969 3088 3039 procedentem.
3115 2968 3360 3036 Quorum
3382 2969 3606 3038 quidem

341 3045 404 3102 τθ
434 3045 491 3101 δὲ
538 3047 608 3101 δι’
649 3049 799 3120 ἡμᾶς
833 3049 1124 3120 γενόμενον
1176 3049 1421 3121 ὕστερον.
1473 3071 1493 3103 ι
1523 3055 1749 3128 Ἀνδρες
1784 3059 1916 3131 γὰρ,

2023 3062 2256 3116 alterum
2276 3061 2382 3116 fuit
2403 3071 2531 3116 ante
2576 3061 2808 3116 saecula:
2838 3060 3074 3116 alterum
3099 3077 3232 3115 vero
3271 3068 3460 3130 postea
3485 3076 3610 3130 pro-

345 3139 534 3210 φησὶν,
566 3140 922 3212 Ἰσραηλῖται,
953 3140 1224 3196 ἀκούσατε
1267 3145 1394 3208 τοὺς
1431 3144 1622 3214 λόγους
1663 3149 1885 3215 τούτους
1905 3169 1918 3182 ο

356 3231 562 3318 Ἰησοῦν
591 3230 684 3286 τὸν
708 3231 1052 3304 Ναζωραῖον,
1074 3234 1242 3306 ἄνδρα
1281 3237 1388 3292 ἀπὸ
1415 3237 1510 3291 τοῦ
1550 3239 1685 3294 Θεοῦ
1725 3243 1919 3298 ἀποδεο

341 3321 626 3393 δειγμένον
662 3325 741 3388 εἰς
785 3325 929 3395 ὑμᾶς
961 3324 1242 3396 δυνάμεσι,
1289 3329 1384 3383 καὶ
1423 3330 1636 3400 τέρασι,
1683 3337 1778 3389 καὶ
1823 3353 1923 3409 σηα

344 3415 537 3484 μείοις,
562 3410 644 3479 οἷς
678 3415 902 3486 ἐποίησε
947 3417 1018 3472 δι’
1051 3418 1215 3474 αὑτοῦ
1245 3419 1273 3472 ό
1304 3421 1533 3486 Θεὸςέν
1567 3425 1718 3496 μέσῳ
1748 3427 1925 3497 ὑμῶν,

342 3503 521 3571 καθὼς
553 3507 645 3560 καὶ
668 3507 821 3562 αὐτοὶ
861 3507 1058 3561 οῐόατε.
1092 3509 1291 3564 Τοῦτον
1320 3514 1386 3581 τῇ
1431 3513 1710 3587 ὡρισμένῃ
1757 3515 1919 3590 βουλῇ

340 3595 435 3646 καὶ
458 3595 759 3666 προγνώσει
784 3597 918 3650 Θεοῦ
943 3597 1158 3652 ἔκδοτον
1194 3599 1451 3664 λαϐόντες
1491 3602 1578 3655 διά
1601 3605 1802 3674 χειρῶν
1841 3607 1918 3677 (7)

337 3684 579 3755 ἀνόμων,
617 3688 1030 3759 προσπήξαντες
1062 3689 1300 3741 ἀνείλετε
1322 3706 1334 3717 ⁸
1369 3690 1430 3743 ὃν
1465 3693 1494 3744 ό
1527 3691 1658 3756 Θεὸς
1692 3695 1916 3768 ἀνέστην

341 3793 434 3830 σεν
484 3779 549 3831 ἐκ
596 3781 825 3850 νεκρῶν,
867 3779 1037 3842 λύσας
1085 3779 1185 3843 τὰς
1227 3780 1426 3846 ὠδῖνας
1465 3785 1561 3838 τοῦ
1595 3785 1852 3843 θανάτου.
1891 3811 1910 3842 ι

342 3870 478 3922 ⁸’ίιῖνα
515 3871 611 3923 καὶ
647 3871 739 3925 τὸν
762 3871 926 3924 αὐτὸν
961 3871 1177 3936 δεικνὺς
1218 3871 1503 3946 ἄνθρωπόν
1550 3895 1610 3931 τε
1637 3879 1787 3944 ὄντα,
1821 3883 1916 3936 καὶ

338 3959 472 4012 Θεὸν
497 3959 796 4030 ἀχείρωτον
823 3959 900 4030 τῷ
929 3959 1164 4032 θανάτῳ.
1195 3963 1303 4017 Καὶ
1328 3965 1436 4036 γάρ
1473 3967 1730 4035 ἀπέθανε,
1756 3974 1909 4043 φησὶ,

341 4048 436 4100 καὶ
468 4066 487 4099 ‹
524 4050 637 4100 Ούκ
654 4046 733 4119 ἦν
777 4049 1001 4104 δυνατὸν
1032 4051 1196 4106 αὑτὸν
1232 4054 1338 4107 ὑπὸ
1384 4055 1479 4110 τοῦ
1515 4057 1744 4114 θανάτου
1787 4080 1916 4118 κατ-

338 4138 577 4208 έχεσθαι.
603 4157 622 4190 ι
656 4140 745 4212 Τῷ
794 4142 914 4212 μὲν,
955 4142 1252 4208 Ἀπέθανε,
1289 4145 1464 4216 δηλῶν
1510 4149 1820 4221 ἀνθρωπονυ
1856 4158 1918 4211 τὸ

337 4232 393 4284 δὲ
427 4230 780 4304 μὴδύνασθαι
801 4236 1204 4308 κατασχεθῆναι
1234 4237 1498 4311 θανάτῳ,»
1530 4243 1726 4313 μηνύει
1751 4248 1912 4302 Θεόνο

2026 3165 2148 3226 pter
2173 3169 2272 3210 nos
2298 3154 2477 3210 factus
2497 3161 2602 3209 est.
2629 3153 2719 3207 Ait
2737 3152 2884 3207 enim
2907 3169 2950 3205 τί
2975 3152 3089 3206 Viri
3114 3152 3396 3219 Israeliue,
3423 3151 3609 3206 audite

2023 3247 2192 3306 verba
2220 3247 2366 3302 haec:
2394 3247 2582 3302 Jesum
2607 3245 2950 3301 Nazarenum
2983 3244 3163 3299 virum
3184 3245 3546 3315 approbatum
3579 3261 3607 3298 ιι

2025 3340 2139 3393 Deo
2159 3339 2215 3392 in
2240 3337 2418 3400 vobis,
2445 3336 2765 3399 virtutibus,
2789 3343 2847 3390 et
2876 3334 3162 3404 prodigiis,
3186 3345 3242 3390 et
3268 3336 3460 3403 signis,
3485 3351 3609 3404 qua:

2026 3426 2160 3482 fecit
2181 3426 2328 3479 Deus
2369 3440 2468 3493 per
2498 3424 2655 3477 illum
2711 3423 2768 3476 in
2808 3421 2993 3476 medio
3019 3423 3212 3488 vestri,
3241 3422 3385 3477 sicut
3414 3431 3472 3477 ct
3511 3439 3608 3478 vos

2027 3517 2202 3573 scitis.
2232 3517 2388 3571 Hunc
2409 3515 2636 3570 deﬁnito
2659 3513 2891 3569 consilio
2921 3521 2978 3568 et
2999 3515 3342 3584 pmseientia
3372 3516 3466 3569 Dei
3493 3525 3605 3570 tra-

2026 3609 2338 3677 ditum,per
2365 3605 2894 3675 manusiniquorum
2915 3604 3198 3674 afﬁgentes
3226 3606 3602 3662 interemistis.

2025 3697 2198 3763 Quem
2226 3698 2371 3752 Deus
2408 3695 2695 3751 suscitavit
2725 3695 2923 3750 solutis
2954 3688 3239 3751 doloribus
3268 3693 3460 3750 mortis
3481 3697 3546 3751 ".
3580 3717 3599 3747 ι

2023 3787 2333 3844 Ostendens
2367 3802 2536 3842 unum
2586 3787 2953 3857 eumdemqne
2980 3795 3037 3842 et
3075 3780 3351 3842 hominem
3376 3804 3518 3847 esse,
3551 3799 3608 3844 ct

2022 3881 2196 3936 Deum
2213 3880 2308 3951 qui
2337 3895 2368 3934 a
2397 3882 2575 3934 morie
2593 3880 2769 3934 teneri
2793 3895 2901 3934 non
2929 3887 3165 3950 poterat.
3189 3880 3436 3936 Mortuus
3456 3881 3609 3935 enim

2022 3982 2127 4038 est,
2151 3973 2349 4043 inquit,
2367 3982 2423 4028 et
2441 3971 2781 4042 impossibile
2801 3971 3108 4027 eratteneri
3135 3971 3288 4026 illum
3306 3988 3338 4028 a
3353 3984 3551 4030 morte.
3579 3993 3597 4024 ι

2022 4066 2157 4121 Nam
2173 4071 2454 4121 mortuum
2477 4079 2598 4121 esse
2615 4063 2896 4119 hominem
2915 4063 3121 4118 indicat
3140 4081 3152 4117 :
3172 4080 3204 4119 a
3217 4073 3393 4120 morte
3419 4073 3603 4119 autem

2023 4159 2201 4214 teneri
2225 4174 2333 4214 non
2377 4173 2558 4229 posse,
2594 4157 3195 4229 arguitDeumzunum
3234 4156 3604 4226 eamdemque

2021 4263 2078 4309 et
2095 4254 2268 4308 Deum
2283 4252 2664 4318 exsistentem,
2683 4257 2738 4306 et
2754 4248 3250 4306 homincmfactum
3267 4249 3603 4321 significans.

337 4332 431 4386 ἕνα
456 4331 549 4385 καὶ
578 4330 670 4383 τὸν
700 4331 860 4387 αὑτὸν
891 4332 1022 4387 Θεόν
1053 4351 1112 4387 τε
1140 4334 1288 4400 ὄντα,
1317 4334 1410 4389 καὶ
1433 4335 1717 4410 ἄνθρωπον
1748 4348 2230 4419 γεγονότα.δηλῶν.

409 4427 508 4482 lE'.
542 4427 643 4480 Διά
671 4427 842 4482 ταῦτα
873 4431 968 4482 καὶ
1011 4431 1061 4483 οί
1104 4433 1196 4485 ἐπὶ
1237 4433 1334 4502 τῆς
1369 4432 1603 4500 Νικαίας
1643 4439 1906 4511 Πατέρες,

2085 4443 2198 4499 XV.
2227 4442 2462 4511 Ideoque
2509 4437 2711 4494 Nicaani
2745 4438 2953 4501 Patres,
2980 4452 3048 4491 ne
3075 4436 3261 4514 Jesum
3283 4435 3603 4506 adoptivum

337 4519 422 4572 ίνα
459 4518 534 4591 μὴ
560 4519 650 4572 τὸν
691 4520 901 4590 Ἰησοῦν
931 4520 1085 4575 θετόν
1125 4540 1248 4578 τινα
1285 4524 1646 4599 ὑπολάϐωμεν
1672 4531 1800 4587 Υἱὸν
1822 4534 1915 4588 τοῦ

335 4609 494 4674 Θεοῦ,
537 4611 634 4664 καὶ
688 4611 875 4683 ἕτερον
922 4613 1014 4666 τὸν
1051 4615 1192 4668 κατά
1229 4614 1393 4684 φύσιν
1433 4617 1594 4671 Υἱόν·
1630 4621 1774 4676 οὕτω
1807 4626 1915 4698 γὰρ

336 4702 624 4769 φρονοῦσιν
678 4703 729 4754 οἱ
781 4703 1213 4774 πεπλανημένοι,
1249 4705 1343 4760 τοῦ
1397 4711 1802 4780 σταυρωθέντος
1835 4717 1916 4770 δι-

332 4789 590 4855 ῖστῶντες
615 4793 705 4846 τὸν
737 4793 878 4847 κατά
907 4794 1069 4863 φύσιν
1092 4811 1104 4825 ·
1132 4795 1198 4847 ἶν’
1229 4796 1438 4849 ἐκείνου
1467 4801 1771 4870 γενόμενοι,
1794 4803 1918 4856 τού-

332 4898 426 4937 του
471 4887 1000 4956 καταφρονήσωμεν,
1033 4888 1127 4940 καὶ
1160 4887 1288 4940 Υίὸν
1319 4888 1455 4942 Θεοῦ
1497 4895 1914 4963 προσκυνήσαν-

331 4991 444 5039 τες,
473 4974 532 5026 ὂν
563 4976 658 5028 καὶ
679 4977 905 5031 Πλάτων
933 4979 1204 5047 ὁμολογεῖ,
1238 4978 1330 5034 τὸν
1367 4981 1600 5052 Χριστὸν
1633 4983 1912 5054 ἀθετήσωο

337 5082 466 5135 μενο
510 5065 677 5136 μόνην
713 5066 814 5137 τὴν
860 5070 1233 5139 τετιμημένην
1274 5069 1436 5139 φύσιν
1477 5072 1764 5142 ἀνθρώπου
1811 5076 1912 5146 Ἰη-

337 5155 462 5209 σοῦν
495 5155 846 5226 ὀνομάζουσι,
878 5160 973 5212 καὶ
997 5159 1150 5214 κάτω
1177 5162 1278 5233 τὴν
1305 5165 1678 5236 προσηγορίαν
1703 5167 1909 5238 ταύτην

301 5243 304 5248 ’
332 5244 639 5316 κατέχουσι,
673 5247 766 5300 καὶ
787 5249 996 5304 ἐκείνου
1027 5251 1349 5323 χωρίζοντες
1371 5255 1467 5308 καὶ
1487 5255 1790 5327 πράγματι,
1815 5260 1908 5312 καὶ

330 5341 439 5401 τοῖς
452 5337 550 5406 τῆς
569 5337 784 5408 φύσεως
815 5340 1069 5412 ίδιώμασι
1089 5361 1102 5374 ·
1124 5343 1332 5398 τούτων
1346 5347 1692 5418 ἀναιροῦντες
1705 5349 1765 5402 τὸ
1780 5351 1910 5420 φρό-

332 5446 479 5499 νημα
508 5431 726 5500 λέγουσι
747 5432 840 5487 τὸν
871 5433 1102 5504 Ἰησοῦν,
1139 5455 1156 5488 ι
1177 5436 1362 5491 τοῦτον
1391 5439 1715 5510 γεννηθέντα
1731 5441 1796 5494 ὲκ
1815 5441 1910 5495 τοῦ

335 5521 602 5592 Πατρός.»
663 5525 774 5578 Καὶ
815 5525 1102 5594 ἐπάγουσι,
1134 5528 1430 5594 τουτέστιν,
1460 5531 1522 5583 ἐκ
1563 5531 1662 5600 τῆς
1718 5531 1903 5594 οὐσίας

395 5635 440 5666 ’⁷
463 5635 584 5690 Act.
611 5652 669 5702 ιι,
696 5638 888 5692 εει-ει.

401 5729 480 5799 ('1')
517 5728 617 5783 Διά
643 5728 877 5800 χειρῶν.
912 5730 1055 5786 Edil.
1086 5731 1172 5785 διὰ
1210 5732 1408 5802 χειρός.

2014 4534 2312 4606 quemdam
2364 4531 2536 4586 lilium
2574 4529 2691 4593 Dei,
2722 4536 2779 4583 et
2809 4528 2977 4582 alium
3019 4526 3322 4582 secundum
3351 4535 3602 4581 naturam

2016 4628 2188 4680 lilium
2232 4623 2581 4693 suspicemur
2613 4621 2724 4691 (ita
2774 4619 2923 4674 enim
2971 4634 3162 4674 errore
3217 4618 3434 4689 decepti
3479 4636 3604 4675 scn-

2014 4719 2182 4781 tiunt,
2217 4715 2622 4784 distinguentes
2656 4713 2808 4766 illum
2853 4711 2948 4781 qui
3004 4710 3311 4766 secundum
3347 4719 3602 4766 naturam

2012 4820 2118 4873 est,
2155 4824 2186 4862 ιι
2219 4806 2486 4862 crucilixo
2523 4823 2534 4857 :
2567 4815 2625 4858 ut
2667 4804 2820 4857 illum
2851 4801 3231 4866 admittentes,
3279 4801 3429 4855 hunc
3464 4817 3600 4856 con-

2015 4909 2353 4961 temnamus;
2381 4905 2438 4950 et
2471 4895 2668 4949 Filium
2699 4893 2795 4948 Dei
2829 4893 3124 4947 adorantes
3161 4907 3326 4962 quem
3359 4900 3416 4947 et
3448 4892 3603 4948 Plato

2013 4989 2328 5052 conﬁtetur,
2359 4985 2644 5041 Christum
2680 4983 3071 5053 repudiemus;
3100 4984 3271 5036 solam
3302 4982 3601 5037 humanam

2011 5088 2272 5132 naturam
2293 5076 2504 5129 honore
2537 5080 2852 5143 provectam
2875 5070 3062 5124 Jesum
3097 5067 3406 5131 nominant,
3437 5075 3602 5136 atque

2008 5185 2127 5224 eam
2161 5166 2584 5238 appellationem
2616 5147 2876 5217 deorsum
2906 5159 3189 5221 detinent,
3225 5165 3283 5244 et
3328 5157 3397 5212 ab
3425 5157 3599 5211 altero

2006 5260 2101 5314 illo
2124 5269 2233 5314 tam
2262 5274 2343 5321 re,
2369 5271 2535 5327 quam
2563 5262 2772 5308 natura:
2799 5249 3236 5322 proprietatibus
3256 5245 3534 5318 separant)
3579 5264 3594 5299 :

2020 5351 2216 5404 horum
2246 5349 2563 5420 opinionem
2585 5344 2971 5399 subvertentes
2993 5341 3184 5395 dicunt
3214 5339 3421 5402 Jes‘um,
3450 5339 3598 5392 hunc

2025 5461 2044 5492 ι
2083 5441 2328 5512 genitum
2363 5455 2429 5494 ex
2453 5439 2647 5500 Patre;
2693 5455 2709 5486 ι
2737 5442 2793 5488 et
2815 5433 3154 5503 subjungunt
3183 5450 3194 5484 :
3239 5451 3255 5482 ι
3288 5430 3393 5484 hoc
3427 5438 3594 5483 estex

2015 5532 2321 5587 substantia
2349 5532 2486 5602 ejus.
2526 5549 2542 5579 ι
2575 5525 2730 5592 Quod
2755 5535 2811 5580 et
2844 5539 3071 5595 magnus
3097 5522 3377 5596 apostolus
3401 5522 3597 5578 Petrus
