4062 6202
503 314 634 371 1555

1597 306 1639 363 Τ
1645 306 1941 365 HEODOTI
1981 303 2279 360 EPESCOPI
2318 305 2664 361 ANCYRANI

3586 303 3756 360 1356

493 448 523 485 a
557 428 791 484 Domino
835 443 945 481 una
975 441 1100 481 eum
1136 425 1363 495 reliquis
1405 425 1667 494 apostolis
1696 422 2057 493 interrogatus

2164 420 2352 475 αὑτοῦ.
2390 423 2456 473 Ὃ
2482 420 2547 491 δὴ
2586 421 2679 473 καὶ
2703 422 2731 471 ὁ
2768 420 2936 488 μέγας
2982 419 3186 489 Πέτρος
3217 416 3471 486 ἐποίησεν
3509 417 3754 487 ἐπερω-

490 520 638 576 fecit.
665 517 801 573 Cum
830 516 977 572 enim
1000 516 1261 571 Dominus
1284 515 1418 586 ipsis
1446 515 1654 570 diceret
1680 532 1693 567 :
1733 533 1751 566 ι
1774 514 1946 581 Quem
1971 530 2058 568 me

489 613 679 667 dicunt
724 602 978 663 homines
1030 607 1234 663 Filium
1275 608 1554 665 hominis?
1586 627 1604 660 ι
1643 606 1894 661 nonnulli
1968 622 2057 660 re-

488 697 834 769 spondebant
888 696 1175 753 dicentes:
1223 716 1242 748 ι
1270 696 1377 752 Alii
1407 696 1673 753 Joannem
1725 696 2055 767 Baptistam,

487 790 579 844 alii
616 798 797 842 autem
824 788 1021 854 Eliam,
1048 788 1138 843 alii
1157 801 1289 845 vero
1316 790 1629 857 Jeremiam,
1663 798 1760 845 aut
1789 805 1958 845 unum
1990 805 2057 846 ex

487 880 849 949 prophetis“.
882 899 901 931 ι
932 880 1137 937 Deinde
1165 897 1288 937 cum
1312 882 1577 938 Dominus
1595 883 1914 939 ostenderet
1936 898 2052 946 eos,

486 969 578 1039 qui
594 970 906 1040 hujusmodi
930 971 1207 1037 dicebant,
1230 972 1429 1028 Filium
1452 974 1691 1029 hominis
1709 974 1932 1044 quidem
1961 975 2059 1029 ho-

485 1074 703 1127 norare,
741 1061 835 1116 sed
866 1063 953 1117 rei-
966 1063 1252 1119 veritatem
1284 1079 1393 1119 non
1420 1065 2058 1136 attingererinterrogat

485 1151 765 1221 apostolos
808 1152 1061 1222 nunquid
1109 1154 1398 1209 sublimius
1427 1155 1495 1209 de
1539 1155 1659 1225 ipso
1704 1156 1975 1211 sentirent
2000 1164 2057 1210 et

483 1242 561 1296 ait
594 1260 607 1295 :
649 1260 666 1293 ι
699 1242 809 1298 Vos
840 1252 1022 1297 autem
1057 1259 1220 1313 quem
1262 1260 1349 1298 me
1397 1260 1523 1301 esse
1564 1245 1749 1301 dicitis
1770 1245 1861 1299 "?
1893 1264 1913 1298 ›
1950 1244 2056 1301 Sed

483 1332 881 1398 animadverte,
934 1334 1082 1404 quod
1123 1335 1189 1389 de
1227 1335 1364 1391 Filio
1419 1337 1661 1392 hominis
1697 1336 2056 1408 quazstioncm

483 1440 798 1495 proponens
827 1425 944 1481 haec
968 1426 1131 1481 dicat.
1164 1445 1184 1477 ‹
1218 1426 1319 1482 Cui
1370 1427 1710 1497 respondens
1740 1427 1929 1483 Simon
1950 1427 2055 1482 Pe-

484 1524 603 1569 trus
633 1515 771 1570 dixit
805 1533 820 1569 :
856 1514 937 1569 Tu
964 1531 1025 1571 es
1050 1506 1303 1572 Christus
1349 1516 1493 1572 illius
1520 1517 1615 1572 Dei
1654 1516 1764 1571 vivi
1787 1516 1851 1570 ³⁰.
1884 1536 1902 1569 ›
1936 1516 2056 1571 Νοη

484 1606 762 1661 hominem
793 1606 968 1674 illum,
997 1615 1059 1663 ut
1083 1610 1261 1675 multi,
1279 1625 1380 1679 per
1410 1610 1637 1681 gratiam
1664 1610 1876 1665 honore
1896 1610 2058 1665 deco—

485 1706 663 1753 ratum
694 1715 899 1756 vocans
923 1700 1051 1756 :scd
1072 1702 1341 1758 confitens
1367 1702 1549 1774 ipsum
1580 1703 1924 1774 unigenitum
1958 1702 2055 1757 Dei

484 1787 691 1845 Filium
708 1806 850 1856 esse,
871 1792 1152 1849 hominem
1181 1793 1393 1849 scilicet
1416 1794 1640 1859 factum,
1680 1803 1737 1849 et
1765 1794 1913 1849 hunc
1956 1809 2058 1863 pro

484 1880 587 1935 illo
604 1894 927 1951 agnoscens,
960 1898 1063 1938 nec
1085 1884 1297 1954 uspiam
1320 1900 1410 1940 res
1442 1884 1564 1940 illas
1591 1884 1862 1941 dividens.
1884 1883 2056 1952 Quid-

485 1987 609 2025 nam
648 1987 780 2042 ergo
809 1964 1121 2030 Dominus?
1151 1977 1399 2047 nunquid
1434 1978 1682 2049 increpat
1723 1979 1967 2041 Petrum,
1997 1986 2066 2032 ut

484 2080 599 2117 non
620 2064 1026 2121 discernentem
1068 2077 1313 2135 naturas,
1363 2087 1540 2140 neque
1577 2070 1915 2126 dividentem
1964 2070 2055 2125 Fi-

484 2157 616 2209 lium
648 2154 890 2211 hominis
910 2174 939 2212 a
967 2159 1169 2214 deitate
1199 2161 1399 2215 Verbi?
1428 2162 1674 2232 nunquid
1709 2161 2053 2232 objurgaiiat,

484 2246 650 2302 veluti
681 2246 902 2301 deitatis
934 2258 989 2302 et
1017 2249 1372 2305 humanitatis
1410 2261 1634 2307 naturas
1666 2268 1775 2307 non
1803 2268 2059 2321 separan-

485 2346 592 2391 tem
614 2338 639 2390 ?
681 2353 748 2392 an
783 2338 968 2409 potius
1012 2340 1235 2395 beatum
1276 2356 1401 2395 eum
1431 2343 1781 2411 praedicabat,
1817 2344 2007 2399 dicens
2039 2365 2053 2400 :

490 2448 508 2479 ι
558 2429 757 2485 Beatus
781 2446 843 2486 es
865 2430 1055 2486 Simon
1080 2430 1343 2488 Bar-Jona
1376 2451 1389 2486 :
1423 2433 1551 2503 quia
1583 2449 1711 2489 caro
1743 2444 1799 2490 et
1836 2438 2058 2507 sanguis

482 2536 593 2574 non
635 2521 899 2576 revelavit
939 2522 1062 2588 tibi,
1116 2523 1213 2579 sed
1261 2523 1424 2580 Pater
1468 2540 1622 2579 meus
1650 2526 1744 2595 qui
1792 2527 1847 2581 in
1902 2529 2057 2584 caelis

482 2617 566 2664 est
590 2611 653 2663 ³¹’.
696 2630 714 2663 ι
742 2611 959 2667 Etenim
984 2628 1108 2669 cum
1139 2614 1207 2669 de
1232 2615 1432 2671 visibili
1473 2614 1527 2671 id
1557 2616 1869 2685 aﬂirmaret,
1910 2624 2058 2692 quod

482 2715 549 2754 ex
578 2710 778 2755 natura
802 2701 1011 2757 visibili
1039 2718 1149 2757 non
1175 2703 1471 2771 didicerat;
1508 2705 1702 2762 beatus
1730 2709 2056 2778 pronuntia—

486 2799 596 2853 tur,
615 2799 804 2860 utpote
838 2792 972 2847 illud
996 2793 1142 2863 quod
1168 2793 1236 2848 de
1264 2809 1428 2849 carne
1449 2796 1678 2861 dixerat,
1705 2814 1815 2853 non
1847 2815 1875 2853 a
1893 2816 2058 2856 carne

482 2890 537 2935 et
564 2884 828 2953 sanguine
870 2885 1121 2951 edoctus,
1164 2887 1261 2942 sed
1295 2903 1325 2941 a
1351 2889 1509 2943 Patre
1550 2889 1645 2959 qui
1687 2890 1741 2944 in
1771 2892 1927 2947 ctelis
1951 2903 2053 2947 est.

483 2972 618 3026 Nam
650 2974 822 3028 Deum
840 2975 1081 3028 Verbum
1112 2976 1165 3029 in
1189 2991 1354 3030 carne
1375 2989 1730 3047 apparentem
1761 2997 2057 3052 cognosce-

2160 511 2345 581 τηθεὶς
2378 512 2482 564 ὑπὸ
2528 510 2623 565 τοῦ
2660 511 2865 582 Κυρίου
2922 510 3059 579 μετὰ
3089 509 3197 562 τῶν
3236 506 3441 561 λοιπῶν
3492 508 3756 560 ἀποστάς

2160 603 2287 657 λων.
2335 603 2551 674 Ἐπειδὴ
2584 603 2690 674 γὰρ
2717 603 2852 673 πρὸς
2878 602 3075 665 αὐτοὺς
3092 603 3120 654 ὁ
3141 600 3344 671 Κύριός
3373 618 3527 670 φησι,
3554 620 3571 652 ι
3595 601 3756 655 Τίνα

2165 712 2234 764 με
2262 695 2510 761 λέγουσιν
2541 696 2592 749 oi
2624 695 2902 767 ἄνθρωποι
2927 693 3021 747 τὸν
3064 693 3190 747 Υίδν
3227 692 3322 746 τοῦ
3350 691 3689 763 ἀνθρώπους
3718 712 3747 744 ν

2159 782 2305 845 τινὲς
2328 783 2427 852 μὲν
2456 783 2824 854 ἀπεκρίναντο
2849 781 3100 850 λέγοντες
3120 799 3134 814 ·
3174 800 3194 833 t
3225 783 3289 834 Οἱ
3325 784 3424 851 μὲν
3466 782 3752 851 Ἰωάννην

2158 875 2251 929 τὸν
2278 876 2611 947 Βαπτιστήν,
2633 876 2682 929 oi
2715 874 2772 929 δὲ
2820 873 3007 928 Ἠλίαν
3028 915 3043 939 ,
3077 872 3253 944 ἕτεροι
3275 872 3330 925 δὲ
3368 871 3666 942 Ἰερεμίαν,
3702 874 3747 943 ἢ

2158 967 2254 1021 ἕνα
2281 967 2389 1021 τῶν
2430 966 2745 1037 προφητῶν.
2766 984 2785 1017 ι
2817 960 2954 1019 Εἶτα
2994 963 3088 1016 τοῦ
3122 964 3326 1034 Κυρίου
3366 962 3748 1027 δεικνύοντος,

2158 1062 2242 1115 ὅτι
2291 1061 2343 1113 οἱ
2385 1058 2611 1113 τοιαῦτα
2658 1058 2911 1126 λέγοντες
2938 1054 3143 1126 τιμῶσι
3185 1055 3287 1126 μὲν
3335 1056 3427 1109 τὸν
3460 1055 3586 1109 Υίδν
3634 1055 3748 1110 τοῦ

2157 1151 2469 1222 ἀνθρώπου,
2503 1152 2600 1220 τῆς
2630 1149 2687 1202 δὲ
2712 1148 2970 1218 ἀληθείας
3022 1146 3513 1217 ἀπολιμπάνονται,
3544 1147 3749 1217 ἐρωτᾷ

2156 1243 2284 1305 τοὺς
2329 1241 2679 1303 ἀποστόλους,
2714 1240 2770 1295 εἴ
2816 1257 2869 1293 τι
2918 1240 3134 1309 φρονεῖν
3160 1237 3333 1307 ἔχοιεν
3381 1236 3567 1308 μεῖζον
3594 1236 3747 1306 περὶ

2157 1333 2346 1397 αὐτοῦ,
2364 1333 2457 1387 καί
2483 1349 2616 1400 φησι
2639 1350 2652 1363 ·
2684 1349 2707 1385 ε
2738 1331 2925 1400 Ὑμεῖς
2952 1330 3009 1382 δὲ
3028 1329 3150 1383 τίνα
3174 1346 3241 1400 με
3273 1328 3459 1398 λέγετε
3489 1324 3679 1391 srvat;
3712 1346 3737 1380 ι

2170 1426 2331 1480 Ἀλλά
2352 1425 2587 1494 πρόσεχε
2616 1424 2699 1477 ὅτι
2729 1420 2902 1476 ταῦτα
2928 1420 3101 1488 λέγει,
3124 1419 3221 1490 τὴν
3244 1418 3437 1472 πεῦσιν
3468 1418 3597 1490 περὶ
3630 1417 3741 1471 τοῦ

2158 1518 2291 1573 Υίοῦ
2333 1516 2429 1571 τοῦ
2460 1514 2749 1584 ἀνθρώπου
2802 1510 3144 1582 ποιούμενος.
3188 1529 3207 1562 ι
3228 1511 3373 1580 Πρὸς
3397 1510 3457 1566 δν
3492 1510 3745 1579 ἀποκρι-

2159 1612 2273 1675 θεὶς
2300 1613 2330 1664 ὁ
2362 1610 2570 1681 Πέτρος
2604 1607 2771 1679 φησί·
2801 1605 2873 1659 Σὺ
2902 1600 2954 1658 εἶ
2992 1606 3021 1658 ὁ
3072 1602 3307 1673 Χριστὸς
3355 1604 3385 1655 ὁ
3426 1601 3550 1664 Υἱὸς
3586 1601 3743 1655 Θεοῦ

2158 1702 2380 1768 ζῶντος.
2403 1719 2422 1752 ι
2460 1700 2575 1753 Ούκ
2606 1697 2893 1769 ἄνθρωπον
2923 1692 3094 1748 εἰπὼν
3121 1692 3284 1747 αὐτὸν
3320 1693 3395 1757 ὡς
3428 1693 3610 1747 πολλοὶ
3637 1711 3745 1747 τε·

2157 1796 2459 1868 τιμημένον
2489 1796 2557 1865 τῇ
2589 1793 2772 1864 χάριτι
2791 1809 2805 1823 ’
2836 1789 2951 1845 ἀλλ’
2985 1788 3146 1842 αὐτὸν
3191 1788 3525 1859 ὁμολογήσας
3584 1785 3744 1844 εἶναι

2156 1890 2248 1943 τὸν
2296 1885 2557 1958 μονογενῆ
2584 1885 2713 1940 Υἱδν
2741 1882 2838 1937 τοῦ
2868 1879 3027 1943 Θεοῦ,
3062 1879 3262 1952 δηλαδὴ
3306 1880 3595 1950 γενόμενον
3630 1881 3744 1934 ἄν·

2158 1984 2394 2052 θρωπον,
2418 1979 2516 2031 καὶ
2559 1975 2748 2029 τοῦτον
2791 1974 2994 2027 ἐκεῖνον
3024 1970 3319 2043 γνωρίσας,
3352 1972 3447 2025 καὶ
3471 1972 3745 2043 μηδαμοῦ

2155 2074 2224 2127 τὰ
2253 2072 2556 2141 πράγματα
2593 2068 2838 2140 διαιρῶν.
2869 2070 2935 2121 Ti
2969 2068 3065 2126 οὖν
3098 2072 3127 2125 ὁ
3176 2071 3416 2139 Κύριος;
3451 2062 3559 2137 ἆρα
3600 2066 3743 2117 ἐπι-

2155 2166 2290 2236 τιμᾷ
2315 2163 2392 2234 τῷ
2424 2162 2614 2233 Πέτρῳ
2639 2160 2715 2225 ὡς
2744 2161 2819 2232 μὴ
2838 2161 3180 2234 διακρίναντι
3216 2160 3313 2225 τὰς
3343 2159 3551 2229 φύσεις,
3583 2156 3740 2225 μηδὲ

2155 2258 2504 2327 διαστήσαντι
2549 2254 2651 2319 τῆς
2692 2253 2787 2307 τοῦ
2839 2253 3014 2323 Λόγου
3060 2255 3316 2324 θεότητος
3342 2252 3434 2305 τὸν
3464 2248 3593 2307 Υἱδν
3627 2249 3738 2300 τοῦ

2155 2344 2478 2415 ἀνθρώπους
2520 2339 2629 2413 ἆρα
2657 2342 2983 2411 ἐπέπληξεν,
3030 2342 3106 2406 ὡς
3157 2342 3231 2414 μὴ
3280 2340 3573 2411 χωρίσαντι
3624 2337 3740 2399 τὰς

2157 2437 2348 2507 φύσεις
2404 2434 2658 2501 θεὸτητὸς
2705 2450 2765 2487 τε
2806 2433 2900 2486 καὶ⁸
2948 2433 3403 2503 ἀνθρωπὸτητος;
3452 2429 3484 2499 ἦ
3523 2427 3737 2499 μᾶλλον

2157 2527 2496 2597 ἐμακάρισεν
2545 2524 2728 2589 αὑτὸν,
2786 2522 3000 2591 λέγων·
3068 2542 3086 2575 ι
3113 2522 3401 2592 Μακάριος
3444 2515 3495 2575 εἷ
3542 2519 3736 2589 Σίμων

2157 2619 2303 2688 Βὰρ-
2318 2617 2473 2671 Ἰωνᾶ
2496 2634 2509 2647 ·
2536 2616 2619 2670 ὅτι
2658 2613 2795 2686 σὰρξ
2821 2614 2917 2669 καὶ
2945 2610 3084 2686 αἷμα
3110 2616 3213 2668 οὐκ
3246 2610 3564 2676 ὰπεκάλυψέ
3617 2626 3731 2672 σοι,

2156 2711 2269 2763 ἀλλ’
2297 2711 2324 2762 ὁ
2356 2711 2545 2779 Πατήρ
2589 2724 2691 2777 μου
2716 2709 2746 2760 ὁ
2772 2709 2832 2760 ὲν
2872 2708 2982 2771 τοῖς
3006 2708 3271 2778 οὐρανοῖς.
3304 2726 3322 2757 ι
3367 2703 3580 2775 Ἐπειδὴ
3615 2702 3731 2772 γὰρ
3772 2710 3777 2711 ⁷

2158 2799 2277 2856 εἷπε
2326 2802 2454 2871 περὶ
2507 2799 2599 2852 τοῦ
2646 2800 2947 2870 ὁρωμένου,
2980 2799 3132 2852 ὃούκ
3176 2799 3241 2852 ἐκ
3297 2798 3395 2863 τῆς
3443 2794 3732 2867 ὁρωμένης

2158 2895 2370 2963 φύσεως
2392 2892 2585 2963 ἔμαθε,
2629 2891 3017 2964 μακαρίζεταιο
3051 2890 3128 2953 ὡς
3149 2890 3212 2943 τὸ
3238 2888 3402 2959 ῥηθὲν
3430 2887 3558 2956 περὶ
3588 2902 3729 2955 cap-

2157 2988 2255 3050 κὸς
2286 2988 2359 3056 μὴ
2393 2982 2580 3056 μαθὼν
2610 2983 2760 3053 παρά
2789 2980 2988 3052 σαρκὸς
3016 2982 3113 3033 καὶ
3134 2980 3387 3050 αἵματος,
3416 2976 3557 3032 ἀλλὰ
3574 2973 3728 3046 παρᾶ

486 3077 567 3125 re,
590 3078 781 3117 revera
810 3064 877 3117 ad
900 3065 995 3118 Dei
1025 3065 1311 3133 Patrisque
1331 3069 1699 3136 cognitionem
1724 3073 2057 3139 pertinebat.

2160 3078 2255 3131 τοῦ
2289 3076 2501 3148 Πατρδς
2533 3074 2626 3129 τοῦ
2655 3076 2712 3127 ἐν
2738 3074 3007 3146 οὐρανοῖς.
3048 3073 3123 3126 Τὸ
3152 3071 3263 3142 γὰρ
3299 3069 3433 3125 Θεὸν
3463 3069 3636 3136 Λόγον
3668 3069 3723 3118 ἐν

486 3156 648 3223 σαρκὶ
686 3152 918 3223 ὀφθέντα
957 3154 1243 3224 γνωρίσαι,
1270 3155 1442 3220 ὅντως
1493 3159 1594 3229 τῆς
1636 3161 1733 3215 τοῦ
1764 3162 1899 3218 Θεοῦ
1942 3171 2035 3221 καὶ
2061 3171 2271 3241 Πατρδς
2298 3168 2551 3237 γνώσεως
2573 3163 2663 3239 ἦν.

554 3246 692 3302 XVI.
711 3246 979 3313 Quocirca
994 3248 1266 3304 etNicaani
1281 3250 1665 3309 PatresJesum
1691 3255 1841 3312 hunc
1856 3256 2056 3315 Filium

486 3338 745 3403 hominis,
776 3338 845 3393 de
883 3353 993 3408 quo
1011 3338 1177 3394 etiam
1211 3341 1475 3398 Dominus
1496 3344 1721 3401 Petrum
1750 3346 2059 3421 interroga-

486 3429 597 3495 bat,
615 3428 967 3500 Unigenitum
984 3432 1329 3501 appellabant
1342 3437 1859 3496 consubstantialem
1873 3440 2023 3497 Patri
2041 3462 2055 3497 :

487 3519 629 3574 idem
661 3534 786 3573 cum
819 3534 1017 3590 magno
1058 3521 1224 3576 Petro
1243 3522 1314 3577 de
1342 3524 1461 3593 ipso
1505 3524 1790 3594 dicentes,
1824 3538 1882 3585 et
1907 3532 2059 3588 Petri

484 3612 798 3681 ilogmatum
841 3609 1073 3681 vestigia
1116 3620 1434 3681 sequentes.
1467 3613 1625 3671 Hunc
1676 3619 1828 3672 enim
1868 3619 2055 3677 Iesum

484 3703 817 3758 confitentur
840 3702 1040 3757 Filium
1087 3701 1184 3759 Dei
1223 3704 1375 3771 vivi,
1429 3708 1675 3776 genitum
1730 3726 1800 3765 ex
1859 3712 2053 3779 Patre,

484 3798 587 3851 hoc
621 3803 723 3860 est,
763 3810 831 3849 ex
859 3795 1170 3851 substantia
1221 3797 1360 3867 ejus,
1399 3800 1927 3860 consubstantialem
1957 3806 2060 3860 Pa-

483 3889 572 3941 tri.
607 3887 686 3941 Ne
708 3887 856 3941 enim
885 3903 1117 3943 errones
1164 3888 1255 3944 isti
1284 3889 1470 3945 Jesum
1513 3891 1834 3963 adoptivum
1879 3897 2054 3953 ﬁlium

481 3977 879 4044 existimarent,
911 3978 1316 4049 subjungebant
1338 3981 1513 4035 sancti
1550 3982 1761 4049 Patres,
1804 4002 1824 4036 ι
1856 3985 2057 4057 linige-

482 4071 661 4125 nitum
690 4086 757 4126 ex
800 4072 963 4127 Patre
990 4079 1201 4126 natum.
1244 4089 1264 4123 ι
1292 4071 1500 4128 Deinde
1530 4076 1844 4131 accuratius
1893 4076 2056 4131 ﬁdem

482 4163 819 4233 explicantes
841 4162 1033 4216 dicunt
1058 4181 1070 4215 :
1105 4181 1122 4213 ε
1159 4163 1330 4217 Deum
1354 4164 1424 4220 de
1462 4165 1594 4228 Deo,
1620 4184 1638 4217 ι
1676 4166 1826 4221 hunc
1846 4168 2060 4224 scilicet

480 4253 669 4308 Jesum
696 4294 711 4317 ,
752 4271 771 4304 ι
808 4253 995 4307 lumen
1028 4253 1097 4307 de
1129 4254 1359 4319 lumine,
1413 4255 1587 4309 Deum
1617 4270 1809 4311 verum
1853 4258 1921 4314 de
1947 4259 2060 4315 Deo

484 4361 616 4401 vero
644 4363 657 4399 :
689 4345 955 4416 genitum,
973 4361 1084 4400 non
1102 4345 1328 4412 factum,
1348 4346 1869 4404 consubstantialem
1886 4349 2057 4414 Patri,

486 4454 583 4508 per
610 4452 774 4508 quem
817 4438 1002 4494 omnia
1048 4436 1189 4492 facta
1232 4446 1383 4503 sunt,
1413 4454 1643 4508 qumque
1689 4439 1747 4494 in
1795 4441 1956 4507 cmlo,
2000 4451 2057 4498 et

484 4545 605 4600 quae
640 4529 699 4583 in
734 4537 914 4595 terra;
949 4546 969 4580 ι
1021 4544 1086 4584 ea
1120 4529 1189 4583 de
1223 4528 1362 4583 Filio
1410 4528 1651 4585 hominis
1696 4530 2051 4599 afﬁrmantes,

484 4638 605 4693 qua:
633 4622 829 4676 Petrus
865 4620 1108 4676 breviter
1134 4620 1416 4675 confessus
1448 4621 1644 4677 beatus
1678 4623 2052 4693 indicabatur.

484 4716 553 4768 At
586 4720 876 4783 postquam
903 4709 1261 4767 ostenderant
1306 4711 1586 4766 Christum
1611 4712 1797 4769 Iesum
1838 4729 1959 4770 esse
1987 4713 2062 4768 il-

483 4809 598 4861 ium
634 4806 812 4875 ipsum
859 4803 1059 4859 Filium
1108 4812 1237 4859 ante
1289 4804 1509 4869 stecula,
1542 4805 1670 4861 vide
1693 4822 1802 4876 qua
1846 4808 2059 4864 ratione

487 4897 688 4950 iterum
739 4894 1084 4965 unigenitum
1125 4903 1252 4949 ante
1296 4895 1494 4950 saecula
1526 4894 1807 4951 hominem
1854 4896 2059 4952 factum

486 4986 800 5050 ostendant,
829 4985 1130 5057 reciprocis
1173 4985 1324 5041 hisce
1353 4986 1810 5042 attributionibus
1836 4987 2060 5057 dispen-

486 5074 717 5129 sationis
775 5075 1071 5131 salutifera:
1110 5075 1371 5129 unionem
1419 5075 1736 5145 probantes,
1786 5086 1845 5129 et
1892 5091 2062 5130 unum

485 5166 853 5236 cumdemque
886 5165 1240 5221 ostendentes
1272 5166 1444 5219 Deum
1480 5166 1837 5220 exsistentem
1869 5166 2062 5236 unige-

487 5260 687 5322 nitum,
717 5269 774 5316 et
825 5260 1107 5315 hominem
1136 5270 1362 5331 propter
1388 5260 1639 5315 homines
1662 5260 1883 5316 factum.
1911 5262 2065 5318 Post-

485 5368 649 5421 quam
672 5353 819 5407 enim
844 5352 1136 5406 Dominum
1170 5352 1356 5406 Iesum
1389 5350 1666 5407 Christum
1694 5352 2061 5409 consubstan—

488 5442 671 5495 tialem
702 5441 969 5497 dixissent
985 5441 1154 5505 Patri,
1177 5440 1454 5505 eumdem,
1484 5456 1594 5495 non
1618 5440 1808 5507 alium,
1838 5453 2064 5512 propter

490 5545 587 5584 nos
620 5529 871 5585 homines
904 5539 960 5585 et
1004 5539 1228 5601 propter
1258 5538 1501 5585 nostram
1561 5529 1793 5585 salutem
1831 5530 2061 5586 descen-

554 5710 599 5741 τ·
642 5708 828 5764 Matth.
860 5726 967 5776 xvr,
998 5710 1081 5769 is.
1116 5709 1196 5762 ii.
1276 5713 1318 5740 τ’
1348 5709 1481 5763 me.

2231 3261 2349 3327 ις’.
2381 3259 2482 3313 Διὰ
2528 3257 2687 3313 τοῦτο
2712 3260 2806 3313 καὶ
2833 3260 2881 3311 οἱ
2923 3258 3016 3310 ἐπὶ
3062 3255 3161 3325 τῆς
3188 3253 3421 3316 Νικαίας
3454 3252 3721 3323 Πατέρες,

2158 3354 2249 3407 τὸν
2292 3350 2499 3421 Ἰησοῦν
2538 3349 2728 3403 τοῦτον
2758 3348 2851 3403 τὸν
2872 3347 3001 3401 Υἱδν
3032 3345 3128 3400 τοῦ
3159 3342 3475 3416 ἀνθρώπου.
3510 3345 3635 3414 περὶ
3664 3338 3725 3398 οὗ

2160 3444 2255 3499 καὶ
2281 3442 2487 3515 Πέτρον
2514 3442 2543 3495 ὁ
2580 3440 2787 3512 Κύριος
2835 3435 3324 3510 ἧρετο,Μονογενῆ
3358 3434 3725 3507 προσηγόρευ-

2162 3554 2260 3591 σαν
2307 3534 2593 3606 ὁμοούσισν
2621 3532 2699 3603 τῷ
2734 3530 2933 3603 Πατρὶ,
2969 3528 3048 3601 τῷ
3085 3528 3307 3600 μεγάλῳ
3352 3528 3540 3598 Πέτρῳ
3597 3527 3726 3598 περὶ

2162 3626 2327 3682 αὐτοῦ
2363 3629 2426 3679 σύ
2435 3642 2628 3697 μῳωνα
2654 3623 2921 3693 λέγοντες,
2953 3621 3185 3685 καὶτοῖς
3214 3620 3384 3690 ἴχνεσι
3402 3617 3492 3672 τοῦ
3514 3616 3723 3686 Πέτρου

2161 3718 2453 3790 δογμάτων
2477 3716 2755 3786 ἑπόμενοι.
2796 3714 2999 3767 Τοῦτον
3031 3711 3141 3784 γὰρ
3163 3711 3256 3767 τὸν
3302 3709 3506 3779 Ἰησοῦν
3535 3707 3723 3778 ὁμολοο

2160 3807 2347 3877 γοῦσιν
2375 3806 2501 3860 Υίὺν
2528 3806 2622 3859 τοῦ
2652 3805 2788 3859 Θεοῦ
2814 3805 2907 3858 τοῦ
2931 3801 3154 3867 ζῶντος,
3188 3799 3515 3869 γεννηθέντα
3542 3801 3606 3852 ἐκ
3630 3795 3725 3855 τοῦ

2160 3899 2394 3971 Πατρὸς,
2419 3897 2722 3961 τουτέστιν,
2764 3893 2830 3949 ἐκ
2856 3894 2957 3963 τῆς
3000 3893 3192 3956 οὐσίας
3222 3889 3402 3953 αὑτοῦ,
3436 3888 3729 3958 ὁμοούσιον

2158 3989 2235 4061 τῷ
2265 3989 2457 4060 Πατρί.
2486 3989 2605 4044 ’Ἰνα
2624 3986 2735 4059 γὰρ
2767 3987 2842 4057 μὴ
2887 3984 3041 4039 θετὸν
3074 3983 3202 4038 Υίὸν
3228 3982 3517 4052 νομίσωσιν
3540 3979 3591 4032 oi
3622 3994 3729 4032 πε-

2158 4080 2488 4151 πλανημένοι
2517 4078 2610 4133 τὸν
2643 4077 2871 4144 Ἰησοῦν,
2889 4077 3167 4145 ἐπήγαγον
3193 4074 3243 4127 oi
3274 4071 3544 4140 Πατέρες·
3573 4086 3592 4121 t
3618 4065 3731 4122 Τδν

2156 4172 2485 4243 γεννηθέντα
2506 4172 2572 4224 ἐκ
2593 4170 2686 4223 τοῦ
2712 4168 2925 4241 Πατρὺς
2949 4165 3252 4236 Μονογενῆ.
3278 4183 3297 4217 ι
3331 4158 3465 4217 Εἶτα
3505 4163 3731 4230 ἐξακρι-

2157 4260 2387 4324 ϐοῦντες
2411 4260 2509 4331 τὴν
2534 4260 2741 4323 πίστιν,
2764 4260 3015 4327 λέγουσι’
3049 4277 3068 4309 ι
3092 4256 3226 4311 Θεὸν
3258 4257 3322 4308 ἐκ
3346 4253 3482 4308 Θεοῦ
3501 4269 3513 4281 ·
3544 4272 3566 4306 ι
3610 4252 3733 4306 τοῦ-

2155 4371 2247 4407 τον
2296 4352 2537 4423 δηλονότι
2597 4351 2689 4405 τὸν
2752 4349 2988 4421 Ἰησοῦν·
3030 4348 3186 4417 «φῶς
3235 4350 3303 4401 ἐκ
3349 4345 3548 4415 φωτὸς,
3596 4344 3733 4397 Θεὸν

2160 4443 2411 4516 ἀληθινὸν
2456 4445 2520 4497 ἐκ
2570 4440 2706 4496 Θεοῦ
2757 4440 3052 4511 ἀληθινοῦ·
3086 4438 3434 4509 γεννηθέντα,
3466 4438 3528 4491 ού
3572 4453 3731 4505 ποιη-

2161 4538 2321 4591 θέντα
2342 4553 2356 4568 ο
2377 4534 2663 4606 ὁμοούσιον
2687 4532 2764 4603 τῷ
2796 4532 2991 4604 Πατρὶ,
3024 4521 3164 4584 δι’οῦ
3186 4530 3254 4583 τὰ
3282 4529 3461 4583 πάντα
3490 4528 3727 4595 ἐγένετο,

2154 4630 2222 4684 τά
2251 4645 2312 4682 τε
2359 4629 2419 4680 ἐν
2465 4624 2701 4698 οὐρανῷ,
2731 4624 2827 4679 καὶ
2858 4622 2928 4676 τὰ
2958 4624 3016 4677 ἐν
3048 4624 3115 4693 τῇ
3145 4623 3238 4692 γῇ.
3261 4639 3279 4672 ι
3307 4619 3445 4689 Περὶ
3471 4616 3565 4671 τοῦ
3594 4617 3727 4669 Υἱοῦ

2155 4719 2246 4774 τοῦ
2277 4717 2568 4789 ἀνθρώπου
2598 4714 2773 4770 ταῦτα
2800 4714 3071 4783 λέγοντες,
3099 4713 3136 4767 δ.
3169 4710 3447 4782 ξυντὸμως
3468 4712 3497 4763 ὁ
3523 4710 3731 4781 Πέτρος

2155 4810 2520 4880 ὁμολογήσας,
2600 4805 2795 4877 ἐκρίθη
2854 4806 3143 4877 μακάριος.
3186 4803 3328 4857 Ἀλλ’
3390 4800 3578 4872 ἐπειδὴ
3636 4800 3734 4852 τὸν

2157 4900 2392 4972 Χριστὸν
2454 4897 2660 4966 Ἰησοῦν
2694 4897 2865 4951 αὐτὸν
2890 4892 3031 4950 εἶναι
3085 4896 3176 4950 τὸν
3224 4895 3330 4965 πρὸ
3354 4893 3568 4948 αἰώνων
3602 4892 3731 4944 Υίδν

2160 4994 2526 5064 ἀπεφήναντο,
2561 4992 2664 5061 ὅρα
2714 4989 2831 5052 πῶς
2860 4988 3022 5042 πάλιν
3067 4987 3157 5041 τὸν
3179 4987 3288 5057 πρὸ
3318 4985 3529 5040 αἰώνων
3551 4985 3731 5039 Μονο·

2160 5084 2295 5154 γενῆ
2328 5082 2667 5137 δεικνύουσιν
2685 5080 2968 5149 ἄνθρωπον
3007 5078 3371 5149 γεγενημένον
3392 5093 3405 5105 °
3431 5078 3552 5139 ταῖς
3584 5076 3732 5128 ἀντι-

2158 5175 2341 5229 δόσεσι
2383 5172 2607 5235 ταύταις
2648 5172 2747 5242 τῆς
2774 5171 3046 5241 σωτηρίου
3072 5169 3386 5239 οἰκονομίας
3408 5168 3506 5237 τὴν
3535 5166 3733 5218 ’ἕνωσιν

2160 5265 2511 5333 ἐφιστῶντες,
2540 5264 2635 5318 καὶ
2674 5263 2771 5317 ἕνα
2808 5264 2899 5317 καὶ
2928 5262 3017 5315 τὸν
3048 5261 3211 5314 αὐτὸν
3242 5259 3567 5320 δεικνύντες,
3598 5254 3733 5308 Θεὸν

2163 5370 2223 5407 τε
2259 5353 2389 5407 ὄντα
2419 5352 2700 5423 μονογενῆ,
2730 5352 2826 5406 καὶ
2862 5349 3147 5418 ἄνθρωπον
3184 5350 3251 5402 δι’
3282 5347 3599 5419 ἀνθρώπους
3635 5359 3732 5411 γε·

2163 5443 2485 5515 γενημένον.
2531 5441 2749 5513 Ἐπειδὴ
2799 5441 2907 5512 γὰρ
2955 5436 3114 5493 εἶπαν
3146 5439 3237 5492 τὸν
3278 5437 3483 5508 Κύριον
3526 5431 3735 5504 Ἰησοῦν

2164 5534 2398 5607 Χριστὸν
2428 5534 2713 5606 ὁμοούσιον
2735 5532 2814 5604 τῷ
2836 5532 3030 5606 Πατρὶ,
3052 5531 3144 5586 τὸν
3171 5529 3355 5594 αὑτὸν,
3384 5528 3484 5597 οὐχ
3519 5525 3737 5597 ἕτερον,

1544 5709 1585 5739 ³ο
1614 5708 1745 5762 ibid.
1782 5708 1863 5762 16.
1939 5709 1976 5739 ³¹
2010 5709 2145 5764 ibid.
2191 5712 2270 5765 Π.
