4062 6202
325 319 462 377 1557

1481 321 1843 381 EXPOSITIO
1881 324 2172 380 SYMBOLI
2211 324 2481 381 NICIENI.

3429 324 3570 379 £338

323 435 391 487 δι’
425 432 573 502 ημᾶς
604 432 728 494 τοὺς
775 430 1115 502 ἀνθρώπους,
1147 432 1297 500 φασὶ,
1337 435 1430 488 καὶ
1451 435 1540 489 διὰ
1567 437 1666 507 τὴν
1691 437 1892 507 ἢμετέ-

2011 436 2162 499 lisse,
2187 447 2243 492 et
2269 439 2636 503 incarnatum,
2663 448 2718 498 et
2754 437 3030 493 hominem
3063 437 3288 502 factum,
3311 451 3566 507 passum~

329 539 428 594 ραν
470 521 747 592 σωτηρίαν
794 520 1146 585 κατελθόντα,
1192 525 1561 595 σαρκωθέντα,
1597 529 1689 580 καὶ⁵
1742 530 1894 581 ἐναν-

327 615 716 684 θρωπήσαντα,
746 613 989 667 παθόντα
1021 616 1115 668 καὶ
1137 617 1444 670 ἀναστάντα
1479 619 1545 689 τῇ
1576 620 1732 690 τρίτῃ
1758 619 1898 690 ήμέο
1934 637 1940 644 ·

330 723 420 776 ρᾳ.
479 705 694 774 Ἐπειδὴ
747 705 858 774 γὰρ
909 705 1070 759 εἶπαν
1116 707 1445 762 κατελθόντα
1490 709 1581 762 τὸν
1633 711 1896 782 μονογενῆ

327 795 459 849 Θεὸν
481 796 672 863 Λόγον,
709 797 798 850 ἵνα
829 797 904 869 μὴ
930 798 1158 870 τοπικὴν
1179 798 1315 852 Θεοῦ
1335 801 1537 871 νοήσῃς
1565 801 1894 870 μετάϐασιν*

329 886 518 959 θεότης
555 889 663 960 γὰρ
691 889 759 942 τὰ
793 890 972 944 πάντα
1001 892 1219 962 πληροῖ,
1243 893 1342 962 τῆς
1363 892 1501 956 ίδίας
1529 893 1630 946 οὐκ
1661 891 1900 962 ἀπολιμ-

331 979 606 1051 πανομένη
657 982 1039 1057 δημιουργίας·
1075 986 1432 1056 ἐρμηνεύουσι
1467 986 1529 1039 τὸ
1557 1003 1576 1036 ι
1615 985 1903 1038 κατελθόνο

331 1088 418 1136 τα,
446 1091 464 1124 ι
499 1073 768 1138 τουτέστι,
798 1074 1069 1143 λέγοντες,
1111 1096 1130 1128 ι
1160 1077 1514 1148 σαρκωθέντα
1533 1093 1549 1112 ο
1574 1097 1592 1128 ι
1619 1078 1720 1131 ούκ
1745 1078 1900 1146 οἰκή-

333 1180 501 1217 σαντα
535 1165 695 1235 μόνον
743 1168 800 1220 ἐν
840 1170 908 1238 τῇ
945 1169 1128 1237 σαρκὶ,
1158 1168 1295 1222 ἀλλὰ
1343 1169 1694 1240 σαρκωθέντα
1734 1167 1898 1238 φασί·

331 1255 503 1330 ταύτῃ
545 1260 612 1328 τῇ
662 1257 804 1323 λέξει
855 1258 992 1313 Θεοῦ
1028 1276 1088 1312 τε
1126 1262 1220 1315 καί
1247 1260 1534 1331 ἀνθρώπου
1567 1261 1760 1316 ἕνωσιν
1794 1277 1902 1330 μη-

333 1347 552 1412 νύοντες
599 1349 1010 1422 ἀκριϐέστερον.
1045 1351 1216 1405 Τοῦτο
1256 1352 1366 1425 γάρ
1402 1354 1543 1419 ἐστι,
1585 1354 1739 1423 φασὶ,
1770 1369 1904 1407 κατα

333 1439 604 1502 ελθόττα,
635 1439 697 1492 τὸ
722 1441 1069 1512 σαρκωθῆναι
1087 1443 1180 1496 τὸν
1199 1442 1440 1514 ἄσαρκον
1463 1443 1551 1497 διὰ
1569 1445 1670 1514 τὴν
1695 1443 1906 1516 ἀνθρὼ-

337 1548 456 1585 πων
484 1531 652 1604 ζωὴν,
670 1533 729 1586 οὐ
757 1533 1186 1606 μεταϐληθείσης
1210 1536 1312 1605 τῆς
1335 1535 1570 1605 φύσεως.
1604 1535 1772 1591 Πάλιν
1794 1537 1903 1608 γὰρ

334 1621 717 1693 ἀσφαλιζέσθω
765 1624 835 1678 τὰ
883 1626 1150 1696 δόγματα,
1205 1629 1384 1682 πᾶσαν
1418 1627 1589 1698 θύραν
1645 1627 1902 1698 ἐπηρείας

335 1715 692 1769 ἀποκλείοντα
727 1718 794 1787 τῇ
828 1716 1026 1788 πλάνῃ.
1046 1718 1120 1772 Οὐ
1153 1718 1513 1789 μεταϐληθεὶς
1559 1718 1657 1788 τὴν
1688 1718 1849 1789 φύσιν
1875 1720 1904 1772 ὁ

334 1808 467 1871 Θεὸς
495 1808 717 1876 γέγονεν
1054 1827 1068 1842 ο
1116 1777 1298 1880 ἄπαγε
1318 1828 1331 1840 ν
1382 1777 1523 1865 ,ἀλλα
1555 1777 1904 1882 θαυματουρ-
1935 1777 1980 1834 Β

333 1899 509 1971 γήσας
539 1901 638 1971 τὴν
668 1899 888 1954 ’ἐνωσινο
915 1903 976 1956 ού
1007 1902 1248 1974 παθητὸς
1286 1903 1572 1974 γενόμενος
1596 1903 1696 1975 τὴν
1723 1901 1904 1971 φύσιν,

336 1991 472 2045 ἀλλὰ
510 1991 699 2046 παθὼν
728 1995 794 2064 τῇ
832 1993 968 2065 πρὸς
991 1994 1052 2048 τὸ
1081 1995 1321 2066 παθητὸν
1363 1995 1580 2065 ἀκριϐεῖ
1630 1993 1902 2066 κοινωνίᾳ.

338 2081 400 2134 El
435 2081 534 2151 μὲν
577 2080 684 2153 γὰρ
719 2083 899 2154 γυμνὴ
933 2085 968 2154 ἡ
1007 2083 1171 2153 φύσις
1203 2082 1298 2137 τοῦ
1343 2081 1480 2138 Θεοῦ
1507 2084 1570 2137 τὸ
1589 2082 1762 2147 πάθος
1793 2082 1908 2136 ἑδέ-

335 2189 481 2243 χετο,
511 2173 681 2238 ὅντως
709 2174 1006 2246 ἐλέγχομεν
1029 2175 1163 2229 Θεὸν
1201 2175 1471 2246 παθητόν·
1494 2177 1543 2229 εί
1570 2177 1629 2230 δὲ
1657 2176 1908 2230 πιστεύο-

339 2279 460 2333 μεν,
493 2264 625 2318 Θεὸν
656 2265 756 2336 μὲν
799 2266 940 2339 ὑπὲρ
963 2267 1266 2340 ἀνθρώπων
1311 2267 1536 2339 θελῆσαι
1566 2269 1779 2332 παθεῖν,
1804 2268 1908 2338 τῆς

336 2355 394 2409 δὲ
444 2356 661 2426 φύσεως
698 2359 760 2411 οὐ
809 2358 1104 2431 δεχομένης
1151 2361 1214 2415 τὸ
1259 2361 1450 2428 πάθος,
1503 2362 1772 2432 ένωθῆναι
1819 2360 1907 2414 διὰ

336 2446 496 2500 τοῦτο
522 2448 601 2524 τῷ
625 2449 872 2520 παθητῷ,
899 2451 997 2504 καὶ
1040 2452 1105 2521 τῇ
1134 2450 1326 2505 ἑνὼσει
1353 2452 1523 2523 ταύτῃ
1547 2451 1803 2519 δέξασθαι
1846 2452 1907 2505 τὸ

339 2537 543 2602 πάθος⁶
584 2539 646 2592 οὐ
685 2541 929 2612 παθητὸν
967 2541 1121 2608 Θεὸν,
1159 2542 1297 2597 ἀλλὰ
1329 2544 1710 2616 φιλάνθρωπον
1753 2544 1910 2613 λέγο-

343 2643 443 2696 μεν
459 2643 475 2658 ο
508 2627 609 2682 οὐκ
636 2628 1008 2701 ἀσθενήσαντα
1033 2631 1124 2686 διὰ
1147 2633 1209 2687 τὸ
1231 2633 1421 2701 πάθος,
1452 2634 1588 2688 ἀλλὰ
1612 2633 1908 2705 δυνηθέντα

339 2718 408 2771 τὰ
431 2720 572 2791 ὑπὲρ
592 2720 774 2789 φύσιν.
809 2721 908 2776 Διά
944 2723 1104 2777 τοῦτο
1123 2725 1172 2777 oi
1205 2725 1448 2794 Πατέρες
1476 2724 1725 2786 είπόντες
1745 2724 1908 2776 αὐτὸν

341 2812 708 2882 σαρκωθίντα,
772 2814 1074 2883 ἐπήγαγον,
1121 2815 1648 2884 δνανθρωπήσαντα·
1675 2813 1905 2877 τούτοις,

337 2901 414 2966 ὡς
439 2901 593 2972 ἔφην,
627 2903 878 2974 θεότητός
898 2921 959 2957 τε
991 2905 1088 2958 καὶ
1117 2903 1534 2975 ἀνθρωπότητος
1561 2903 1741 2974 ἄκραν
1772 2903 1910 2956 ἕνω-

340 3009 425 3047 σιν
463 2993 863 3062 ὑποτιθέμενοι.
917 2995 995 3048 Δι’
1023 2996 1090 3062 ἢν
1112 2995 1293 3047 αἰτίαν
1340 2993 1600 3062 ἀσφαλῶς
1625 2996 1908 3066 ἐπήγαγον

341 3084 474 3154 περὶ
501 3082 641 3137 Θεοῦ
668 3083 938 3153 λέγοντες,
966 3081 1048 3150 τὸ,
1077 3083 1318 3139 παθόντα
1336 3100 1350 3116 ·
1376 3085 1464 3138 ἵνα
1489 3084 1564 3156 μὴ
1589 3083 1749 3154 φύσιν
1770 3082 1905 3138 Θεοῦ
1934 3108 1977 3167 C

338 3176 619 3246 νοήσωμεν
662 3176 931 3248 παθητὴν,
966 3173 1102 3230 ἀλλὰ
1154 3175 1395 3231 παθόντα
1419 3177 1576 3242 Θεὸν,
1626 3177 1716 3232 διὰ
1760 3177 1824 3231 τὸ
1848 3175 1906 3230 ἓν

337 3268 591 3336 γενέσθαι
613 3269 751 3339 πρὸς
781 3269 842 3324 τὸ
871 3269 1112 3341 παθητὸν
1141 3267 1285 3325 κατὰ
1314 3269 1620 3341 ἀκρίϐειαν.

407 3509 506 3561 ΙΖ’.
549 3507 661 3562 Καὶ
692 3509 767 3579 μὴ
807 3508 1096 3584 θαυμάσῃς
1140 3511 1314 3581 λόγων
1364 3513 1579 3567 ἁκούων
1631 3512 1908 3570 νικώντων

337 3595 429 3649 τὸν
462 3596 638 3665 λόγον.
673 3599 786 3668 Τῆς
831 3599 1048 3670 φύσεως
1095 3601 1362 3672 κρείττων
1413 3601 1652 3668 ἐγένετο.
1691 3601 1756 3654 Ἠ
1812 3601 1912 3671 μὲν

339 3687 447 3758 γὰρ
493 3687 796 3761 ἀνθρώπων
846 3690 1007 3760 φύσις
1040 3694 1104 3744 ὲκ
1132 3691 1446 3762 σπέρματος
1473 3693 1682 3760 γίνεται
1700 3709 1714 3724 ο
1742 3693 1858 3746 ἀλλ’
1885 3696 1913 3748 ὁ

340 3775 529 3848 Σωτὴρ
562 3778 630 3831 τὰ
669 3778 999 3851 ὑπὲρηφύσιν
1031 3781 1128 3851 τὴν
1154 3781 1437 3853 ἡμετέραν
1483 3780 1907 3854 θαυματουργεῖ.

341 3865 414 3916 Ού
453 3864 560 3935 γὰρ
599 3865 792 3937 ἐδεήθη
834 3867 1169 3938 σπέρματος,
1203 3870 1299 3923 καὶ
1346 3871 1570 3939 γέγονεν
1597 3871 1905 3942 ἄνθρωπος.

339 3955 649 4027 Θαυμάζεις
671 3957 830 4010 τοῦτο
861 3958 1178 4025 πιστεύσας,
1218 3962 1312 4016 καὶ
1347 3963 1448 4016 οὐκ
1479 3966 1707 4035 ἐρευνᾷς
1764 3964 1909 4033 λογι-

344 4047 749 4116 σμοῖςςούκοῦν
782 4049 1002 4103 πίστευε
1031 4052 1254 4106 κάκεῖνο
1273 4052 1302 4106 ὃ
1335 4055 1466 4122 περὶ
1491 4055 1592 4126 τῆς
1629 4054 1908 4127 Παρθένου

345 4139 735 4202 πεπίστευκας.
787 4141 850 4194 Et
896 4141 1006 4214 γὰρ
1038 4145 1138 4198 ούκ
1169 4145 1436 4218 ἠλλοιώθη
1492 4147 1771 4220 Παρθένος
1816 4149 1912 4203 καὶ

349 4229 529 4299 μήτηρ
559 4228 795 4297 ἐγένετο,
835 4233 932 4285 καὶ
957 4233 1090 4298 Θεὸς
1127 4235 1201 4307 μὴ
1228 4236 1540 4302 ἀλλοιωθεὶς
1563 4238 1785 4307 γέγονεν
1812 4239 1910 4293 ἄν-

1997 542 2126 595 que,
2153 537 2208 583 et
2228 529 2589 583 resurrexisse
2615 528 2773 583 tertia
2796 528 2885 583 die
2908 529 3396 598 aiunt.Postquam
3417 531 3566 584 enim

1999 618 2272 683 dixerant,
2307 619 2648 690 unigenitum
2692 621 2864 675 Deum
2904 621 3144 676 Verbum
3192 621 3564 685 descendisse,

2001 725 2072 765 ne
2106 711 2333 766 localem
2374 712 2470 767 Dei
2510 713 2800 768 transitum
2822 713 3157 784 intelligeres
3184 711 3382 785 (deitas
3419 713 3568 767 enim

2000 805 2185 858 omnia
2216 805 2426 874 implet,
2456 822 2486 860 a
2527 807 2750 876 propria
2779 815 3032 861 creatura
3066 821 3332 876 nusquam
3390 806 3572 875 sciun-

2002 895 2161 967 cta),
2188 899 2464 968 explicant
2508 899 2641 952 illud
2674 918 2692 949 ι
2727 898 3077 952 descendisse
3103 939 3118 962 ,
3156 917 3173 949 ι
3210 898 3341 952 dum
3380 899 3567 962 aiunt,
3641 930 3649 934 -

2009 1009 2027 1041 ι
2066 991 2172 1046 hoc
2194 1001 2300 1055 est,
2341 991 2682 1046 incarnatum
2716 1006 2868 1047 esse:
2909 1010 2927 1040 ι
2962 1007 3072 1045 non
3111 991 3288 1044 solum
3315 990 3571 1044 habitan-

2002 1090 2110 1136 tem
2142 1081 2198 1135 in
2225 1097 2410 1145 came,
2444 1081 2540 1135 sed
2573 1081 2913 1136 incarnatum
2933 1080 3144 1142 dicunt,
3177 1080 3274 1133 Dei
3303 1079 3572 1133 hominis-

2002 1185 2111 1242 que
2148 1173 2408 1226 unionem
2448 1173 2760 1226 accuratius
2791 1172 2896 1227 hoc
2927 1170 3188 1242 loquendi
3233 1171 3398 1224 modo
3426 1170 3572 1223 indi-

2003 1272 2210 1318 cantes.
2245 1263 2359 1317 Hoc
2380 1264 2551 1328 enim,
2588 1263 2864 1332 inquiunt,
2885 1271 2972 1318 est
2993 1261 3364 1325 descendisse,
3389 1263 3575 1315 carnis

2002 1364 2282 1424 expertem
2311 1355 2587 1410 incarnari
2621 1363 2846 1425 propter
2877 1354 3160 1409 hominum
3193 1355 3446 1418 salutem,
3477 1368 3575 1406 na-

2003 1455 2130 1500 tura
2159 1459 2504 1515 nequaquam
2539 1452 2766 1498 mutata.
2821 1443 2959 1499 Nam
3007 1443 3318 1514 dogmatum
3367 1441 3578 1496 securi-

2008 1539 2104 1594 tati
2148 1552 2343 1592 rursus
2379 1535 2798 1600 consulendum,
2845 1551 2968 1606 qua:
2993 1550 3210 1590 omnem
3253 1533 3578 1590 temeritatis

2000 1631 2223 1700 ianuam
2249 1629 2430 1683 errori
2455 1628 2808 1698 prmcludant.
2837 1627 2955 1682 Non
2976 1626 3122 1682 enim
3153 1635 3360 1680 mutata
3381 1633 3578 1680 natura

2006 1720 2152 1775 Deus
2175 1720 2341 1774 homo
2357 1719 2534 1774 factus
2558 1727 2643 1774 est
2670 1718 2858 1790 (absit)
2881 1719 2894 1772 ι
2915 1717 3011 1774 sed
3035 1717 3298 1772 unionem
3334 1717 3575 1771 miracu-

2005 1811 2122 1867 lose
2141 1811 2455 1882 perﬁciens,
2479 1825 2591 1865 non
2626 1810 2908 1880 passibilis
2933 1809 3110 1866 factus
3133 1808 3435 1866 secundum
3476 1823 3576 1863 na-

2007 1912 2209 1969 turam,
2257 1903 2352 1960 sed
2391 1903 2607 1974 patiens
2637 1903 2709 1958 ob
2753 1912 2961 1959 arctam
2987 1919 3114 1957 cum
3149 1901 3396 1972 passibili
3423 1916 3578 1956 com-

2007 1991 2344 2046 munionem.
2397 1991 2535 2046 Nam
2583 1991 2631 2047 si
2689 1991 2838 2047 nuda
2885 1992 2983 2046 Dei
3037 2000 3233 2045 natura
3268 1990 3578 2060 passionem

2006 2083 2378 2147 sustinuisset,
2414 2098 2608 2138 revera
2639 2083 2812 2138 Deum
2845 2083 3158 2153 passibilem
3190 2097 3576 2152 argueremus:

2006 2182 2064 2227 at
2100 2172 2145 2228 si
2185 2172 2493 2237 credamus,
2523 2173 2696 2227 Deum
2721 2187 2826 2241 pro
2858 2172 3176 2226 hominibus
3211 2171 3324 2240 pati
3355 2169 3581 2239 quidem

2005 2264 2276 2329 voluisse;
2309 2273 2503 2318 natura
2546 2273 2730 2318 autem
2757 2263 3072 2333 passionem
3113 2278 3223 2316 non
3258 2261 3580 2331 recipiente,

2005 2364 2298 2426 propterea
2350 2353 2600 2425 passibili
2649 2355 2867 2409 unitum
2926 2356 3079 2420 esse,
3133 2363 3188 2410 et
3239 2355 3340 2411 hac
3379 2354 3584 2409 unione

2005 2447 2319 2518 passionem
2365 2446 2718 2517 suscepisse:
2745 2462 2858 2502 non
2899 2447 3218 2517 passibilem
3253 2447 3450 2510 Deum,
3485 2445 3583 2500 sed

2007 2536 2424 2593 misericordem
2461 2538 2732 2604 dicimus;
2766 2553 2880 2592 non
2918 2537 3196 2591 infirmum
3230 2545 3287 2590 et
3313 2536 3587 2606 impoten-

2009 2637 2119 2684 tem
2151 2638 2378 2698 propter
2399 2628 2737 2697 passionem,
2775 2626 2871 2682 sed
2904 2634 3190 2695 potentem
3221 2641 3388 2695 supra
3422 2633 3587 2679 natu-

2008 2730 2145 2770 ram.
2199 2715 2496 2783 Propterea
2555 2715 2731 2770 sancti
2795 2716 2986 2770 Patres
3041 2730 3167 2770 cum
3237 2715 3583 2770 incarnatum

2008 2806 2296 2871 dixissent,
2345 2805 2770 2876 subiunxerunt,
2815 2805 3100 2860 hominem
3150 2805 3355 2861 factum
3394 2823 3407 2859 :
3440 2820 3582 2876 prae-

2008 2907 2402 2969 supponentes,
2431 2907 2496 2953 ut
2535 2898 2670 2963 dixi,
2717 2899 2869 2953 hisce
2905 2898 3098 2953 verbis
3146 2898 3370 2954 deitatis
3400 2906 3458 2954 et
3484 2899 3589 2953 hu-

2009 2990 2288 3046 manitatis
2310 3005 2580 3046 summam
2611 2989 2894 3045 unionem.
2936 2990 3109 3057 Quam
3141 2991 3212 3048 ob
3234 3005 3453 3048 causam
3503 3007 3590 3048 se-

2009 3095 2142 3136 cure
2169 3081 2575 3152 subiungebant
2599 3080 2670 3136 de
2713 3081 2848 3146 Deo,
2888 3080 3168 3146 dicentes,
3208 3097 3335 3137 eum
3365 3095 3589 3150 passum

2010 3188 2132 3228 esse
2163 3190 2176 3226 :
2209 3187 2320 3226 non
2362 3179 2425 3226 ut
2466 3181 2717 3228 naturam
2759 3171 2858 3226 Dei
2896 3173 3212 3242 passibilem
3257 3172 3591 3242 intelligere-

2013 3281 2164 3330 mus;
2199 3267 2295 3321 sed
2343 3266 2522 3321 Deum
2549 3266 2850 3336 patientem
2871 3306 2885 3330 ,
2919 3281 2986 3320 eo
3014 3265 3162 3335 quod
3201 3280 3363 3335 quam
3403 3263 3592 3318 arctis-

2011 3359 2150 3413 sime
2187 3374 2311 3414 cum
2342 3359 2589 3427 passibili
2622 3358 2812 3412 unitus
2837 3365 3004 3413 esset.

2084 3513 2244 3568 XVII.
2269 3511 2381 3566 Nec
2410 3511 2650 3574 mireris,
2684 3509 2832 3580 quod
2855 3509 3021 3563 verba
3049 3508 3241 3563 audias
3274 3525 3396 3579 qua:
3426 3511 3594 3563 ratio-

2010 3621 2134 3660 nem
2165 3611 2446 3674 superant.
2477 3602 2598 3672 Ipse
2616 3610 2812 3655 natura
2844 3599 3096 3669 superior
3126 3609 3245 3654 erat
3271 3618 3283 3650 :
3308 3600 3593 3654 hominum

2007 3696 2156 3751 enim
2189 3703 2388 3749 natura
2417 3709 2481 3748 ex
2510 3693 2718 3747 semine
2740 3692 2955 3757 oritur;
2981 3690 3076 3745 sed
3101 3690 3361 3745 Servator
3388 3706 3450 3744 ea
3474 3707 3595 3760 quae
3649 3683 3656 3687 ’

2008 3799 2175 3854 supra
2215 3791 2460 3837 nostram
2496 3789 2750 3835 naturam
2793 3787 2944 3844 sunt,
2995 3779 3322 3833 miraculose
3364 3779 3590 3833 effecit:

2007 3889 2116 3929 non
2146 3875 2293 3928 enim
2330 3871 2612 3944 indigebat
2634 3870 2864 3934 semine,
2887 3877 2943 3924 et
2975 3868 3154 3923 factus
3169 3878 3253 3922 est
3281 3868 3466 3921 homo.
3501 3868 3598 3921 Mi-

2008 3966 2152 4021 raris
2174 3965 2280 4020 hoc
2316 3963 2421 4019 fide
2446 3964 2702 4028 credens,
2735 3971 2791 4018 et
2825 3977 2935 4017 non
2958 3960 3222 4016 scrutaris
3245 3960 3551 4014 rationibus
3572 3958 3600 4015 ’ί

2007 4073 2139 4129 ergo
2166 4065 2221 4112 et
2265 4055 2403 4111 illud
2454 4054 2640 4118 crede,
2685 4053 2833 4125 quod
2881 4053 2948 4108 de
2981 4051 3204 4124 Virgine
3255 4051 3591 4107 credendum

2008 4150 2292 4222 accepisti.
2333 4149 2391 4204 Si
2425 4148 2572 4204 enim
2605 4147 2773 4218 Virgo
2808 4153 3018 4202 mutata
3056 4160 3166 4200 non
3200 4143 3387 4208 fuerit,
3407 4154 3461 4199 et
3486 4159 3598 4198 ma-

2013 4251 2099 4298 tcr
2129 4242 2273 4297 facta
2306 4249 2424 4306 est;
2458 4241 2624 4296 etiam
2662 4240 2807 4294 Deus
2856 4254 2967 4293 non
3016 4245 3260 4292 mutatus
3305 4235 3480 4290 factus
3515 4244 3600 4290 est

346 4317 595 4388 θρωπος·
627 4319 704 4384 ὡς
731 4322 904 4377 ταῦτα
934 4323 1064 4396 δέχῃ
1097 4325 1414 4397 θαυμάζων,
1448 4327 1541 4380 καὶ
1567 4327 1722 4382 οὐδὲν
1744 4329 1911 4382 πολυ-

2020 4335 2187 4390 homo
2215 4352 2228 4388 :
2263 4333 2424 4389 sicuti
2454 4331 2558 4386 ista
2593 4330 2816 4401 recipis,
2849 4329 3151 4393 admirans,
3179 4337 3234 4382 et
3255 4341 3602 4395 nequaquam

348 4410 699 4481 πραγμονῶν,
727 4413 883 4484 δέχου
905 4417 1152 4482 κάκεῖνα,
1176 4417 1310 4471 Θεοῦ
1328 4419 1730 4487 συγκαταϐασιν
1759 4421 1918 4474 ὲπαι-

347 4501 474 4568 νῶν,
502 4503 599 4558 καὶ
631 4505 881 4577 μηδαμοῦ
915 4506 1130 4576 φύσεως
1165 4509 1355 4578 λόγους
1378 4511 1565 4566 κινῶν.
1601 4513 1712 4567 Καὶ
1744 4497 1919 4567 ταῦτα

350 4598 577 4653 κάκεῖνα
595 4598 731 4652 Θεοῦ
754 4599 943 4668 γέγονε
983 4599 1257 4671 θαύματα.
1278 4602 1397 4674 Μιᾷ
1429 4602 1608 4656 πίστει
1630 4603 1920 4675 ἀμφότερα

351 4689 616 4758 μάνθανε,
660 4691 756 4744 καὶ
786 4691 860 4762 μὴ
892 4692 1084 4746 ἑαυτὸν
1128 4694 1370 4769 ἐμϐάλῃς
1398 4694 1727 4767 ἀπεράντοις
1751 4695 1921 4766 ζητή-

353 4795 551 4848 μασιν
588 4781 676 4834 ἴνα
723 4783 798 4853 μὴ
846 4784 1072 4838 τοιαῦτα
1109 4785 1310 4855 ζητῶν,
1346 4786 1482 4857 πρὸς
1534 4786 1634 4857 μὲν
1666 4786 1726 4840 τὸ
1759 4787 1922 4857 βάθος

349 4868 442 4921 τοῦ
490 4869 649 4935 λόγου
695 4871 990 4944 καταδύῃς,
1024 4873 1316 4939 ἀνέξασθαι
1363 4875 1422 4929 δὲ
1454 4876 1528 4946 μὴ
1572 4875 1824 4947 δυνηθῇς,
1865 4877 1924 4929 ὲν

350 4959 500 5028 αὐτῷ
533 4960 678 5032 βυθῷ
705 4961 798 5014 τοῦ
832 4961 1145 5035 ζητήματος
1169 4966 1484 5036 ναυαγήσας
1521 4966 1926 5037 ξυντραφέντας

351 5049 614 5120 ἁπλότητι
667 5052 922 5118 πίστεως.
983 5057 1344 5124 Συκοφαντῶν
1397 5057 1505 5129 γὰρ
1538 5059 1706 5128 ἡμᾶς,
1741 5059 1926 5126 ἠπάτα

351 5143 478 5204 τοὺς
525 5143 930 5216 ἁπλουστέρους
955 5188 969 5210 ,
1021 5148 1098 5206 ὡς
1151 5149 1310 5219 ἡμῶν
1362 5149 1604 5222 παθητὸν
1661 5150 1927 5217 λεγόντων

352 5228 490 5288 εἶναι
545 5235 608 5287 τὸ
643 5234 812 5291 Θεῖον.
856 5239 1072 5311 Ἐπειδὴ
1114 5241 1203 5296 διὰ
1242 5241 1340 5313 τὴν
1393 5241 1528 5314 πρὸς
1579 5242 1640 5296 τὸ
1689 5241 1930 5313 παθητὸν

354 5324 669 5396 ἀπόρρητόν
725 5344 785 5379 τε
830 5331 922 5383 καὶ
976 5331 1283 5402 ἁσύγχυτον
1313 5333 1506 5386 ἕνωσιν
1538 5332 1672 5386 Θεοῦ
1697 5332 1929 5402 λέγομεν

357 5412 464 5468 ίδια
523 5416 806 5484 γεγονέναι
865 5419 934 5472 τὰ
979 5421 1125 5494 πάθη
1151 5439 1165 5452 ο
1199 5422 1237 5477 ἃ
1285 5424 1426 5477 κατὰ
1484 5422 1931 5494 θαυματουργίαν

353 5503 490 5559 Θεοῦ
518 5507 774 5575 γενέσθαι
805 5511 1007 5580 φαμὲν,
1036 5513 1098 5566 οὐ
1128 5513 1270 5567 κατὰ
1289 5513 1571 5568 ἀλλοίωσιν
1593 5514 1692 5580 τῆς
1719 5514 1927 5577 οὐσίας.

359 5596 418 5648 El
449 5597 558 5668 γὰρ
589 5600 850 5672 ἐλέγομεν
875 5605 1203 5659 πεπονθέναι
1240 5605 1500 5674 παθητὸν,
1528 5604 1628 5658 οὐκ
1657 5601 1724 5675 ἦν
1749 5604 1932 5674 θαῦμα

355 5688 417 5743 τὸ
444 5694 838 5763 γεγενημένον’
869 5694 931 5748 τὸ
962 5696 1070 5766 γὰρ
1111 5696 1200 5750 τὸν
1258 5697 1498 5767 παθητὸν
1549 5696 1758 5762 παθεῖν,
1794 5697 1934 5750 κατὰ

2021 4428 2240 4484 curiose
2275 4424 2684 4495 pervestigans;
2722 4423 2797 4476 ita
2822 4422 2988 4476 etiam
3029 4420 3147 4474 hate
3199 4419 3448 4481 admitte,
3504 4417 3604 4472 Dei

2018 4514 2540 4573 condcscensionem
2598 4513 2942 4584 praedicans,
2991 4519 3048 4566 et
3094 4518 3304 4566 naturae
3346 4508 3603 4563 “rationes
3654 4534 3680 4543 -

2021 4623 2368 4679 nequaquam
2403 4621 2655 4662 movens.
2693 4605 2762 4660 Et
2799 4605 2937 4668 haec,
2970 4610 3028 4658 et
3063 4604 3153 4658 illa
3193 4601 3291 4657 Dei
3338 4599 3600 4654 miracula

2020 4699 2196 4755 fuere.
2249 4697 2363 4753 Una
2402 4697 2507 4752 ﬁde
2542 4704 2844 4766 utrumque
2890 4694 3064 4759 disce,
3099 4707 3203 4757 nec
3240 4701 3291 4746 te
3327 4691 3505 4761 ipsum
3547 4689 3610 4744 in

2021 4791 2266 4846 inﬁnitas
2300 4789 2635 4860 quaestiones
2681 4787 2893 4858 coniice
2932 4803 2946 4840 :
2992 4800 3061 4839 ne
3111 4782 3426 4854 huiusmodi
3458 4797 3614 4851 quae--

2023 4882 2212 4938 rendis
2237 4922 2251 4947 ,
2300 4879 2532 4936 fundum
2565 4879 2792 4950 quidem
2840 4878 3072 4932 rationis
3107 4875 3336 4940 subeas;
3382 4885 3618 4930 enatare

2023 4982 2207 5028 autem
2242 4987 2352 5026 non
2395 4971 2586 5025 valens
2611 5011 2624 5034 ,
2664 4969 2719 5023 in
2757 4969 2875 5039 ipso
2908 4965 3228 5038 qumstionis
3290 4963 3462 5018 fundo
3501 4963 3607 5017 fide

2026 5063 2363 5136 simplicitati
2406 5062 2706 5117 innutritos
2738 5059 3024 5131 naufragio
3055 5056 3274 5129 perdas.
3302 5057 3436 5112 Nam
3475 5056 3608 5109 dum

2026 5171 2130 5211 nos
2163 5153 2566 5217 calumniatur,
2602 5151 2967 5222 simpliciores
3003 5150 3208 5220 decipit
3252 5167 3266 5202 :
3300 5147 3460 5218 quasi
3508 5161 3610 5201 nos

2030 5248 2201 5302 Deum
2249 5245 2563 5317 passibilem
2616 5259 2736 5298 esse
2772 5241 3126 5304 allirmemus,
3175 5240 3435 5310 quoniam
3481 5253 3605 5308 pro-

2027 5347 2151 5408 pter
2194 5337 2527 5392 inen‘abilem
2563 5344 2726 5405 atque
2779 5332 3120 5388 inconfusam
3173 5332 3436 5387 unionem
3479 5344 3648 5384 eum\

2029 5426 2298 5498 passibili,
2325 5425 2609 5496 passiones
2643 5423 2738 5478 Dei
2775 5423 3028 5493 proprias
3062 5420 3231 5477 factas
3269 5419 3438 5476 fuisse
3471 5418 3608 5474 dici-

2033 5535 2190 5581 mus,
2225 5533 2364 5588 quas
2396 5533 2494 5586 per
2524 5517 2902 5587 operationem
2956 5514 3340 5569 miraculosam
3368 5512 3478 5566 Deo
3507 5512 3606 5565 trt-

2035 5608 2297 5669 buimus.
2331 5624 2442 5663 non
2499 5607 2801 5663 secundum
2848 5605 3207 5661 mutationem
3263 5602 3602 5657 substanttaa.

2035 5699 2089 5753 Si
2121 5699 2266 5754 enim
2290 5699 2600 5770 passibilem
2630 5714 2848 5770 passum
2884 5713 3002 5752 esse
3027 5692 3430 5754 diceremus.‘id
3459 5687 3605 5760 quod
