4062 6202
476 304 618 358 1359

1578 302 1924 378 THOODOTI
1965 302 2266 357 EPISCOPI
2306 301 2651 356 ANCYRANI

3600 296 3744 351 ιδω

475 406 680 475 factum
714 428 820 485 est,
855 418 1181 472 miraculum
1218 433 1328 471 non
1364 428 1540 481 esset;
1588 436 1714 473 nam
1747 421 2061 489 passibilem

2166 418 2321 486 λόγον
2347 418 2462 471 ἐστὶ
2488 418 2588 488 τῆς
2611 416 2846 485 φύσεως.
2881 412 3340 482 Θαυματουργίαν
3371 411 3425 463 δέ
3457 428 3539 463 σοι
3568 414 3737 480 λέγω,

477 515 589 583 pati
615 512 919 567 secundum
957 517 1170 563 natura:
1207 510 1477 563 rationem
1528 511 1747 565 accidit.
1796 513 1904 581 Ego
1924 528 2052 564 vero

479 604 801 658 miraculum
839 601 937 655 tibi
971 600 1094 653 dico
1122 640 1136 663 ,
1177 607 1236 652 ut
1272 600 1376 654 ﬁde
1418 609 1662 665 tantum,
1697 602 2053 671 quemadmo-

478 696 608 747 dum
645 693 752 745 alia
778 692 1105 745 miraeulose
1138 707 1167 744 a
1196 693 1307 746 Deo
1331 701 1663 761 perpetrata.
1701 694 1913 755 credas,
1951 708 2055 747 nec

474 784 713 852 amplius
728 782 795 839 ad
830 792 1039 835 naturae
1074 782 1315 836 rationes
1350 784 1581 837 recidas.
1621 784 1734 837 Hoc
1763 784 1908 837 enim
1932 800 2055 853 pas-

474 875 638 929 sibile
669 874 895 935 dicitur,
931 882 985 928 et
1018 873 1086 927 ab
1121 874 1375 927 omnibus
1402 875 1737 944 agnoscitur,
1781 876 1926 944 quod
1960 891 2055 929 na-

477 976 658 1019 turam
693 964 906 1018 obtinet
940 981 1060 1033 quae
1096 965 1205 1033 pati
1238 974 1448 1033 potest,
1497 965 1709 1020 etiamsi
1747 967 2053 1035 passionem

476 1073 588 1109 non
615 1056 912 1111 sustineat:
937 1066 1060 1110 nam
1088 1058 1294 1127 lignum
1312 1058 1697 1113 combustibile
1712 1069 1817 1121 est,
1839 1060 2055 1115 etiamsi

480 1163 760 1216 nunquam
798 1148 907 1218 igni
946 1148 1214 1203 tradatur.
1240 1148 1452 1218 Corpus
1488 1159 1671 1205 autem
1706 1151 1898 1205 sectile
1918 1151 2056 1206 diei—

483 1249 573 1293 tur
603 1280 616 1303 ,
658 1239 871 1294 etiamsi
925 1256 1204 1310 nunquam
1256 1243 1496 1297 acumini
1530 1242 1660 1297 ferri
1695 1254 2000 1312 exponatur
2038 1262 2052 1298 :

480 1330 683 1400 quippe
706 1346 772 1385 ex
796 1339 1012 1395 natura,
1041 1347 1151 1385 non
1167 1347 1236 1387 ex
1264 1334 1501 1398 actione,
1539 1334 1708 1388 rebus
1742 1335 2065 1404 huiusmodi

474 1422 874 1490 appellationes
900 1422 1169 1491 obtigere.
1206 1422 1493 1488 Quomodo
1514 1440 1645 1494 ergo
1680 1424 1852 1478 Deum
1883 1425 2058 1494 passi-

482 1513 648 1567 bilem
675 1512 835 1575 dicis,
863 1513 957 1582 qui
992 1529 1114 1567 eam
1145 1523 1398 1569 naturam
1434 1531 1555 1584 quae
1588 1517 1699 1585 pati
1734 1516 1925 1585 possit,
1964 1517 2059 1570 ha-

483 1605 613 1659 bere
645 1621 751 1658 non
789 1604 964 1660 dicis?
1008 1606 1336 1661 miraculoso
1368 1607 1515 1662 enim
1550 1609 1711 1662 modo
1750 1608 2057 1677 passionem

483 1697 589 1751 sibi
624 1698 727 1766 ipsi
770 1698 1087 1768 adoptavit,
1145 1700 1392 1769 passibili
1444 1701 1771 1755 mirabiliter
1825 1702 2053 1756 unitus:
2089 1760 2135 1775 _,

482 1802 591 1844 non
628 1798 810 1842 autem
846 1790 1151 1845 secundum
1178 1800 1434 1845 naturam
1457 1808 1577 1846 eam
1611 1793 1893 1846 sustinuit.

554 1879 740 1933 XVIII.
772 1880 1041 1946 Quocirca
1077 1882 1241 1937 etiam
1270 1883 1600 1937 sanctissimi
1625 1883 1831 1938 Nicaani
1869 1884 2061 1938 Patres

476 1986 513 2023 a
545 1970 754 2040 Spiritu
791 1982 982 2026 sancto
1004 1974 1071 2027 ad
1112 1973 1237 2027 ﬁdei
1267 1990 1598 2028 consensum
1625 1984 2063 2045 concentumquc

379 2136 395 2147 ν
485 2061 719 2125 reducti,
748 2064 933 2133 ipsum
952 2066 1122 2120 Deum
1157 2066 1418 2129 Verbum,
1459 2066 1605 2120 Patri
1627 2066 2066 2121 consubstantia-

480 2153 613 2215 lem,
640 2163 836 2207 natura
862 2170 980 2216 sua,
1008 2155 1149 2209 sicut
1169 2171 1360 2211 omnes
1386 2157 1611 2221 scimus,
1647 2156 2065 2224 impassibilem,

482 2254 708 2315 propter
754 2261 855 2299 nos
890 2246 1139 2301 homines
1171 2256 1227 2301 et
1262 2256 1489 2317 propter
1537 2256 1777 2302 nostram
1828 2249 2061 2303 salutem

483 2336 834 2391 descendisse
869 2337 1041 2401 aiunt,
1094 2338 1199 2391 hoc
1258 2347 1341 2391 est
1398 2338 1744 2393 incarnatum
1801 2356 1964 2396 esse:
2006 2352 2067 2396 ut

482 2428 724 2482 Verbum
772 2443 993 2482 carnem
1026 2428 1231 2482 factum
1267 2444 1389 2483 esse
1423 2430 1586 2484 scias.
1639 2430 1695 2485 Si
1731 2446 1863 2485 vero
1888 2431 2067 2484 incar-

484 2519 725 2574 nationis
755 2535 942 2574 voecm
970 2518 1203 2574 necdum
1231 2520 1523 2590 intelligas,
1555 2521 1831 2576 hominem
1860 2522 2063 2576 factum

479 2624 607 2663 esse
652 2608 844 2663 dicunt
888 2609 1127 2664 :dcinde
1160 2612 1417 2665 eumdem
1450 2613 1766 2681 passibilem
1820 2628 2068 2681 pronun-

488 2700 648 2766 tiant,
675 2711 865 2771 utpote
899 2701 1176 2757 hominem
1217 2703 1419 2757 factum
1460 2722 1472 2757 :
1513 2704 1617 2759 hoc
1638 2704 1783 2760 enim
1823 2715 1945 2761 erat
1970 2708 2070 2761 ho-

486 2791 690 2845 minem
710 2807 852 2856 esse,
880 2792 1119 2847 humana
1149 2793 1280 2863 pati.
1313 2794 1469 2859 Quod
1493 2810 1615 2848 cum
1645 2798 1991 2853 errabundus
2014 2798 2067 2853 in

487 2879 593 2934 ﬁde
628 2882 812 2937 mimo
843 2898 1038 2952 capere
1076 2899 1185 2937 non
1221 2894 1438 2953 posset,
1482 2887 1577 2941 sed
1622 2887 1944 2943 miraculum
2001 2891 2068 2945 ad

490 2973 765 3026 rationum
812 2973 1254 3042 disquisitionem
1302 2978 1691 3046 produxisset,
1736 2981 2070 3037 existimavit

2161 509 2246 559 ἵνα
2272 508 2536 577 πιστεύῃς
2565 507 2747 576 μόνον,
2776 504 2850 567 ὡς
2873 506 2984 565 τοῖς
3014 502 3195 579 ἄλλοις
3222 502 3541 571 παραδόξως
3572 517 3741 572 ποιη-

2160 598 2327 651 θεῖσιν
2376 598 2480 651 ὑπὸ
2520 596 2678 659 Θεοῦ,
2712 595 2807 648 καὶ
2852 594 3047 665 μηκέτι
3075 592 3422 664 καταπίπτῃς
3444 593 3584 663 πρὸς
3609 596 3746 658 τοὺς

2158 691 2348 758 λόγους
2370 690 2468 760 τῆς
2501 688 2735 757 φύσεως.
2764 685 3013 755 Παθητὸν
3044 684 3142 753 μὲν
3173 684 3281 754 γὰρ
3310 683 3470 736 τοῦτο
3512 684 3746 753 λέγεται

2160 785 2254 838 καὶ
2297 784 2430 835 πᾶσι
2454 779 2802 850 γνωρίζεται,
2828 777 2855 829 ὃ
2880 777 2978 847 τὴν
3009 776 3170 845 φύσιν
3205 776 3317 844 ἔχει
3349 776 3545 829 παθεῖν
3573 777 3746 830 δυνα-

2164 876 2349 947 μένην,
2382 874 2485 927 xiv
2511 872 2583 943 μὴ
2612 870 2879 942 ὑπομείνῃ
2905 869 2967 921 τὸ
3004 868 3195 929 πάθος.
3225 868 3475 921 Καυστὸν
3506 869 3606 938 μὲν
3627 870 3749 937 γὰρ

2161 967 2222 1019 τὸ
2277 964 2433 1031 ξύλον
2487 963 2625 1023 ἐστὶ,
2671 961 2776 1013 κᾶν
2838 958 3103 1028 μηδέποτε
3134 957 3411 1028 παραδοθῇ
3447 958 3525 1027 τῷ
3578 959 3747 1028 πυρί.

2161 1055 2381 1126 Τμητὸν
2415 1054 2473 1107 δὲ
2498 1052 2557 1105 τὸ
2587 1052 2747 1121 σῶμα
2773 1050 3017 1116 λέγεται,
3045 1047 3146 1101 κᾶν
3182 1048 3451 1118 μηδέποτε
3476 1052 3541 1118 τῇ
3578 1050 3747 1119 ἀκμῇ

2161 1149 2254 1201 τοῦ
2302 1146 2522 1217 σιδήρου
2584 1142 2882 1215 παραδοθῇ.
2936 1140 3033 1193 Ἐκ
3082 1141 3192 1211 γὰρ
3236 1141 3337 1209 τῆς
3376 1140 3593 1209 φύσεως
3624 1144 3753 1203 τοῖς

2162 1240 2500 1309 πράγμασιν,
2521 1236 2620 1289 οὐκ
2659 1237 2724 1288 ὲκ
2765 1234 2863 1303 τῆς
2892 1231 3171 1302 ἐνεργείας
3196 1232 3255 1285 αἱ
3288 1232 3529 1285 τοιαῦται
3566 1246 3753 1299 προσ-

2162 1331 2384 1402 ηγορίαι
2425 1327 2769 1397 γεγένηνται.
2813 1324 2938 1388 Πῶς
2983 1320 3076 1377 οὖν
3111 1322 3290 1388 λέγεις
3313 1322 3444 1374 Θεὸν
3470 1322 3747 1391 παθητὸν,

2163 1426 2190 1476 ό
2218 1421 2293 1493 μὴ
2336 1420 2510 1487 λέγων
2547 1418 2691 1488 ἔχειν
2737 1416 2899 1469 αὐτὸν
2949 1414 3111 1483 φύσιν
3167 1413 3362 1466 παθεῖν
3391 1412 3747 1482 δυναμένηνς

2164 1510 2649 1581 ἐθαυματούργησε
2697 1508 2806 1579 γὰρ
2852 1505 3032 1575 ἐαυτῷ
3056 1505 3116 1559 τὸ
3140 1505 3341 1567 πάθος,
3372 1503 3594 1566 ἐνωθεὶς
3626 1521 3746 1556 1:1-

2169 1603 2404 1675 ραδόξως
2432 1600 2509 1672 τῷ
2529 1597 2780 1670 παθητῷ,
2805 1597 2901 1651 καὶ
2926 1596 2987 1649 οὐ
3020 1595 3160 1649 κατὰ
3186 1595 3284 1663 τὴν
3312 1594 3471 1662 φύσιν
3499 1593 3747 1657 ἐδέξατο.

2234 1873 2340 1924 ιη’.
2379 1868 2470 1921 Διὸ
2502 1867 2565 1939 δὴ
2596 1867 2690 1922 καὶ
2718 1867 2767 1919 οἱ
2793 1865 2885 1919 ἐπὶ
2912 1865 3009 1936 τῆς
3035 1864 3270 1925 Νικαίας
3297 1865 3590 1932 ἁγιώτατοι
3624 1865 3743 1918 ﬂa-

2160 1965 2317 2033 τέρες
2348 1962 2425 2032 τῷ
2464 1962 2604 2031 ἁγίῳ
2650 1959 2931 2029 Πνεύματι
2976 1956 3113 2026 πρὸς
3139 1957 3458 2026 συμφωνίαν
3482 1958 3749 2027 ἀγόμενοι

2162 2058 2419 2119 πίστεως,
2454 2053 2617 2107 αὑτὸν
2668 2052 2759 2106 τὸν
2791 2051 2925 2104 Θεὸν
2974 2049 3169 2117 Λόγον,
3202 2048 3292 2101 τὸν
3347 2048 3632 2119 ὁμοούσιον
3663 2050 3748 2119 τῷ

2164 2148 2341 2218 Πατρὶ
2389 2146 2537 2209 ὄντα,
2576 2145 2676 2214 τὴν
2732 2142 2892 2213 φύσιν
2947 2140 3153 2210 ἀπαθῆ,
3187 2138 3370 2202 καθὼς
3404 2139 3605 2202 πάντες
3658 2156 3755 2207 γι-

2164 2241 2469 2310 νώσκομεν,
2501 2238 2570 2291 δι’
2592 2238 2739 2308 ἡμᾶς
2758 2236 2886 2298 τοὺς
2908 2232 3229 2303 ἀνθρώπους
3260 2232 3353 2285 καὶ
3377 2230 3469 2284 διὰ
3485 2231 3583 2301 τὴν
3604 2232 3735 2301 ἠμε-

2165 2332 2332 2401 τέραν
2366 2328 2642 2400 σωτηρίαν
2688 2325 3019 2380 κατελθόντα
3042 2322 3261 2391 λέγουσι
3288 2339 3303 2354 ο
3334 2322 3580 2375 τουτέστι
3609 2339 3745 2392 σαρ-

2166 2422 2412 2475 κωθέντα
2432 2437 2445 2451 ·
2476 2422 2564 2474 ἴνα
2610 2418 2757 2488 γνῷς
2807 2417 2892 2471 ὅτι
2928 2414 3101 2483 Λόγος
3148 2413 3281 2484 σὰρξ
3311 2413 3551 2481 ἐγένετο.
3581 2413 3644 2465 Εἰ
3683 2412 3745 2464 δὲ
3769 2452 3791 2471 .

2168 2517 2332 2586 μήπω
2384 2514 2445 2566 τὸ
2492 2510 2850 2582 σαρκωθέντα
2888 2510 3052 2569 νοεῖς,
3106 2505 3605 2575 ἐνανθρωπὴσαντα
3631 2502 3743 2556 tu-

2165 2625 2375 2676 γουσιν.
2406 2600 2539 2658 Εἶτα
2580 2604 2675 2656 τὸν
2713 2602 2876 2656 αὑτὸν
2923 2599 3164 2670 παθητόν
3209 2615 3395 2666 φασιν,
3435 2596 3511 2659 ὡς
3565 2594 3741 2659 εἰκὸς,

2167 2700 2458 2770 γενόμενον
2497 2696 2781 2767 ἄνθρωπον
2801 2709 2815 2723 °
2847 2692 3009 2747 τοῦτο
3025 2691 3134 2761 γάρ
3160 2686 3230 2760 ἦν
3260 2688 3548 2758 ἄνθρωπον
3580 2682 3745 2748 εἶναι,

2165 2792 2228 2845 τὸ
2281 2791 2476 2844 παθεῖν
2516 2788 2586 2841 τὰ
2634 2783 2972 2856 ἀνθρώπινα.
3036 2783 3221 2851 Ὅπερ
3267 2781 3297 2832 ὁ
3341 2778 3632 2847 πλανηθεὶς
3672 2778 3741 2846 τῇ

2166 2880 2349 2932 πίστει
2384 2878 2719 2945 κατανοῆσαι
2773 2872 2850 2943 μὴ
2902 2869 3174 2940 δυνηθεὶς,
3222 2866 3335 2921 ἀλλ’
3378 2868 3459 2929 εἰς
3518 2864 3745 2934 ζήτησιν

2166 2972 2446 3042 λογισμῶν
2473 2970 2535 3023 τὸ
2569 2967 2755 3036 θαῦμα
2793 2963 3194 3026 καταϐιϐάσας,
3237 2959 3458 3029 ἐνόμισε
3494 2956 3747 3033 παθητὸν

488 3062 801 3130 passibilem
842 3079 963 3118 esse
1001 3066 1203 3129 Deum,
1255 3067 1351 3135 qui
1405 3067 1460 3121 in
1497 3077 1693 3122 natura
1741 3070 2062 3139 impassibili

2166 3060 2308 3127 εἶναι
2340 3062 2492 3125 Θεὸν,
2537 3060 2629 3113 τὸν
2663 3061 2721 3112 ἐν
2759 3056 2964 3112 ἀπαθεῖ
3011 3054 3174 3124 φύσει
3203 3051 3273 3105 τά
3305 3050 3415 3105 τῶν
3444 3048 3749 3164 ἀνθρέζπων

490 3152 759 3208 humanas
792 3155 1074 3223 paSsiones
1104 3156 1206 3210 sibi
1246 3160 1496 3228 proprias
1529 3160 1678 3215 fecit.
1721 3161 1919 3231 Neque
1934 3178 2065 3219 vero

488 3243 746 3312 passibile
769 3244 874 3298 alia
897 3246 1077 3315 aliqua
1106 3248 1316 3304 ratione
1337 3259 1421 3304 est
1443 3252 1720 3321 passibile,
1739 3268 1902 3323 quam
1919 3253 2066 3322 quod

491 3342 742 3388 naturam
779 3335 1013 3401 habeat,
1059 3340 1327 3411 quaepati
1363 3342 1536 3411 possit
1572 3361 1583 3396 :
1622 3344 2065 3414 quandoquidem

490 3441 592 3479 nec
620 3426 778 3482 beata
811 3428 976 3499 Virgo
1012 3431 1251 3486 hominis
1298 3434 1531 3503 genitrix
1562 3445 1666 3500 est,
1702 3452 1882 3507 neque
1919 3438 2065 3491 enim

488 3532 657 3585 capax
692 3527 777 3573 est
822 3530 1010 3589 partus
1064 3539 1393 3592 permanens
1440 3527 1728 3597 virginitas
1763 3546 1775 3581 :
1814 3538 1869 3582 at
1899 3528 2068 3584 Maria

490 3623 817 3678 permanens
864 3614 1019 3683 virgo
1053 3616 1223 3669 Deum
1270 3618 1513 3672 Verbum
1544 3619 1823 3673 hominem
1862 3620 2066 3676 factum

488 3702 725 3770 peperit.
752 3704 1013 3774 Nunquid
1048 3723 1179 3778 ergo
1212 3710 1391 3764 omnis
1413 3711 1567 3779 virgo
1592 3712 1870 3767 hominem
1899 3713 2064 3783 parit,

489 3792 619 3872 quia
662 3810 768 3848 una
811 3796 978 3867 Virgo
1032 3800 1278 3869 peperit?
1314 3816 1659 3869 nequaquam
1696 3820 1708 3855 :
1748 3818 1918 3872 quare
1966 3818 2069 3857 nec

490 3866 635 3938 Deus
655 3887 948 3955 passibilis,
982 3892 1111 3960 quia
1136 3893 1303 3947 semel
1331 3909 1428 3963 per
1451 3894 1914 3963 dispensationem
1942 3909 2070 3964 pro-

489 3974 609 4042 pria
638 3992 734 4031 sua
767 3994 931 4038 carne
974 3983 1281 4051 passionem
1318 3986 1598 4039 sustinuit.
1654 3986 1864 4041 Idcirco
1895 3985 2068 4041 sancti

490 4064 680 4122 Patres
716 4067 907 4125 Nicaeaa
942 4074 1253 4143 congregati
1288 4074 1522 4130 ﬁdenter
1555 4083 1611 4130 et
1648 4076 1818 4130 Deum
1847 4093 2065 4146 passum

488 4171 846 4216 asseruerunt
892 4170 948 4217 et
993 4164 1309 4231 passibilem
1357 4181 1466 4219 non
1502 4165 1858 4221 docuerunt:
1906 4166 2067 4236 quid-

486 4248 619 4317 quid
651 4250 797 4303 enim
835 4266 935 4320 per
957 4250 1421 4320 dispensationem
1455 4261 1513 4308 et
1547 4255 1869 4323 sapientiam
1902 4256 2068 4310 mira-

487 4334 675 4388 culoso
719 4335 883 4390 modo
915 4337 1119 4392 factum
1154 4338 1278 4405 fuit,
1320 4340 1374 4394 id
1400 4356 1562 4395 nemo
1597 4342 1814 4412 sapiens
1857 4355 2067 4400 natum

446 4494 449 4497 δ
489 4425 680 4479 rationi
715 4423 930 4481 tribuit.

558 4513 699 4569 XIX.
738 4516 1032 4587 Postquam
1060 4534 1192 4591 ergo
1226 4522 1401 4577 sancti
1435 4523 1625 4579 Patres
1670 4523 1738 4579 de
1773 4524 2072 4596 Unigenito

484 4620 552 4656 ex
588 4604 748 4661 Patre
784 4616 914 4662 nato
944 4609 1221 4674 dixerunt,
1268 4612 1607 4669 inearnatum
1630 4656 1645 4679 ,
1672 4616 1950 4672 hominem
1998 4618 2074 4673 fa-

486 4702 660 4759 ctum,
718 4712 1045 4768 passamque
1083 4716 1224 4766 esse,
1262 4704 1601 4775 subiungunt
1644 4706 1865 4773 deinde,
1918 4709 2070 4763 illum

490 4790 859 4845 resurrexisse
916 4792 1076 4846 tertia
1122 4794 1242 4847 die.
1294 4795 1409 4851 Hoc
1451 4797 1600 4850 enim
1658 4800 1931 4868 passionis
1975 4801 2071 4855 Dei

488 4879 919 4936 emolumentum
953 4892 1071 4937 erat
1099 4902 1110 4937 :
1143 4884 1233 4940 hic
1251 4886 1464 4942 fructus
1492 4890 1706 4954 mortis,
1742 4906 1904 4960 quam
1928 4892 2071 4946 Deus

490 4985 592 5038 pro
623 4970 935 5028 hominibus
991 4976 1187 5042 subiit;
1220 4994 1345 5034 nam
1377 4985 1437 5033 ut
1486 4994 1674 5034 secum
1718 4982 2074 5036 resuscitaret

491 5072 744 5118 naturam
786 5068 1095 5133 mortalem,
1139 5069 1464 5125 immortalis
1497 5070 1734 5126 humana
1782 5072 2069 5127 nobiscum

493 5156 807 5226 participat.
854 5156 1010 5223 Quod
1052 5168 1108 5213 et
1152 5175 1381 5230 magnus
1408 5161 1501 5216 ille
1547 5163 1827 5231 apostolus
1870 5162 2075 5217 Paulus

494 5247 783 5314 perspicue
834 5248 1074 5306 indicare
1122 5251 1331 5317 volens,
1365 5253 1582 5307 dicebat
1618 5271 1631 5306 :
1669 5272 1687 5304 ι
1712 5253 2071 5308 Conresusci-

495 5337 724 5395 tavit.et
742 5341 1039 5396 consedere
1070 5341 1199 5396 fecit
1227 5342 1280 5396 in
1305 5343 1620 5398 caelestibus
1649 5344 1701 5398 in
1725 5342 2011 5399 Christo”.
2042 5363 2060 5396 ι

501 5421 615 5476 Non
659 5426 792 5480 dicit
829 5448 847 5479 ι
891 5432 1216 5486 rcmscitavit
1244 5473 1258 5497 ,
1302 5433 1434 5488 ised
1468 5454 1485 5485 ι
1518 5434 2008 5495 conresuscitavit;
2042 5452 2060 5485 ι

495 5520 559 5565 ut
590 5528 697 5567 non
725 5518 895 5573 solius
933 5520 1171 5577 hominis
1200 5533 1432 5581 mortem
1482 5533 1539 5580 et
1582 5524 2062 5591 resurrectionem,

552 5684 600 5713 ³³
624 5684 821 5754 Ephes.
850 5703 907 5746 ιι.
935 5693 983 5745 6.

2173 3154 2641 3226 ίδιοποιησάμενον
2697 3149 2867 3220 πάθη.
2941 3148 3016 3201 Οὐ
3071 3146 3131 3200 τὸ
3165 3143 3409 3213 παθητὸν
3466 3141 3525 3194 δὲ
3573 3139 3748 3202 ἄλλως

2168 3247 2286 3299 ἐστὶ
2316 3243 2558 3313 παθητὸν
2590 3241 2760 3305 ποιῶς
2796 3239 2874 3302 δὲ,
2910 3236 3047 3292 ἀλλὰ
3082 3236 3143 3290 τὸ
3182 3236 3344 3303 φύσιν
3393 3232 3514 3302 ἔχον
3556 3230 3747 3285 παθεῖν

2167 3338 2501 3407 δυναμένηνο
2533 3334 2657 3387 ἐπεὶ
2703 3333 2798 3385 καὶ
2832 3332 2866 3401 ἡ
2896 3328 3177 3400 Παρθένος
3207 3328 3308 3380 οὐκ
3358 3325 3508 3377 ἐστιν
3537 3323 3747 3392 ἀνθρωι

2169 3431 2397 3492 ποτόκος
2420 3444 2432 3456 ’
2474 3427 2536 3479 οὐ
2572 3425 2741 3496 χωρεῖ
2786 3421 2895 3491 γὰρ
2932 3419 3022 3473 τὸν
3072 3418 3231 3471 τόκον
3266 3418 3506 3486 μένουσα
3544 3412 3751 3483 παρθε·

2169 3522 2255 3575 νία
2281 3537 2294 3549 ·
2331 3519 2426 3573 καὶ
2472 3517 2563 3569 τὸν
2606 3512 2892 3583 ἄνθρωπον
2937 3506 3234 3577 γενόμενον
3282 3505 3372 3557 τὸν
3402 3502 3533 3556 Θεὸν
3562 3502 3744 3569 Λόγον

2169 3613 2321 3667 ἔτεκε
2375 3607 2584 3680 Μαρία,
2644 3604 2875 3674 μείνασα
2921 3598 3215 3671 παρθένος.
3261 3591 3383 3664 Ἆρ’
3439 3587 3533 3644 οὖν
3587 3590 3746 3642 πᾶσα

2169 3696 2440 3777 παρθένος
2470 3691 3105 3771 ἀνθρωποτόκος,ἐπειὸὴ
3132 3690 3230 3759 μία
3254 3680 3696 3777 παρθένοςὲἔτεκε

2167 3768 2458 3860 οὐδαμῶς’
2491 3768 2688 3839 οὐκοῦν
2720 3783 2841 3838 οὐδὲ
2889 3781 3020 3844 Θεὸς
3068 3777 3327 3847 παθητὸς,
3364 3771 3552 3842 ἐπειδὴ
3598 3768 3746 3835 ama

2167 3881 2236 3933 δι’
2274 3877 2586 3948 οἰκονομίαν
2633 3876 2699 3943 τῇ
2754 3871 2948 3926 ἐαυτοῦ
2995 3870 3161 3939 σαρκὶ¹
3192 3868 3252 3921 τὸ
3280 3864 3448 3927 πάθος
3506 3862 3745 3926 ἐδέξατο.

2169 3972 2267 4025 Διὰ
2298 3969 2457 4023 τοῦτο
2496 3968 2873 4039 θαρρήσαντες
2904 3966 2952 4017 οἱ
2992 3962 3085 4015 ἐπὶ
3113 3962 3215 4031 τῆς
3252 3957 3486 4019 Νικαίας
3529 3954 3748 4019 ξυνελε-

2168 4065 2361 4135 γμένοι
2384 4062 2648 4130 Πατέρες,
2687 4060 2782 4114 καὶ
2816 4057 3055 4112 παθόντα
3086 4051 3247 4107 εἶπαν
3276 4052 3430 4116 Θεὸν,
3452 4048 3546 4102 καὶ
3570 4046 3748 4115 παθη-

2167 4155 2258 4209 τὸν
2303 4157 2404 4208 οὐκ
2454 4153 2700 4217 ἐδίδαξαν
2719 4169 2732 4181 ·
2761 4150 2789 4203 ὃ
2814 4149 2923 4220 γὰρ
2946 4148 3034 4202 διά
3062 4144 3371 4215 οἰκονομίαν
3420 4142 3518 4195 καὶ
3558 4137 3749 4205 σοφίαν

2167 4244 2739 4317 τεθαυματούργηται,
2784 4240 2927 4295 τοῦτ’
2955 4239 3129 4302 οὐδεὶς
3174 4234 3454 4307 εὐφρονῶν
3480 4230 3559 4302 τῷ
3603 4228 3747 4297 λόγῳ

2167 4341 2269 4409 τῆς
2298 4337 2513 4407 φύσεως
2552 4332 2862 4403 ἀνατίθησι.

2242 4515 2342 4569 ῐΘ’.
2376 4513 2529 4568 Μετὰ
2568 4508 2660 4565 οὖν
2688 4524 2750 4564 το
2781 4510 2955 4562 εἰπεῖν
2985 4505 3111 4567 τοὺς
3144 4503 3394 4574 Πατέρας
3422 4502 3550 4573 περὶ
3576 4503 3747 4554 Μονο-

2169 4608 2361 4677 γενοῦς
2409 4605 2502 4660 τοῦ
2555 4601 2906 4674 γεννηθέντος
2940 4600 3004 4651 ἐκ
3044 4596 3137 4650 τοῦ
3174 4594 3409 4663 Πατρὸς,
3443 4594 3503 4645 τὸ
3530 4609 3744 4664 σαρκωο

2170 4699 2347 4769 θῆναι,
2397 4693 2839 4765 ἐνανθρωπῆσαι,
2915 4687 3130 4751 παθεῖν,
3169 4685 3436 4752 ἐπάγουσι
3474 4682 3747 4769 λέγοντες,

2169 4767 2331 4842 αὖτὸν
2355 4783 2665 4839 ἀναστάντα
2696 4784 2762 4852 τῇ
2796 4779 2955 4851 τρίτῃ
2982 4777 3196 4848 ἡμέραν
3232 4773 3390 4826 τοῦτο
3419 4770 3527 4843 γάρ
3558 4767 3625 4840 ἦν
3650 4771 3748 4823 τοῦ

2169 4879 2311 4934 κατά
2345 4877 2478 4931 Θεὸν
2509 4874 2715 4936 πάθους
2743 4876 2804 4925 τὸ
2837 4872 3137 4943 χρήσιμον·
3176 4862 3330 4929 οὗτος
3357 4868 3385 4918 ὁ
3409 4865 3620 4935 καρπὸς
3651 4864 3749 4916 τοῦ

2168 4972 2302 5025 Θεὸν
2348 4968 2489 5041 ὑπὲρ
2520 4966 2825 5035 ἀνθρώπων
2865 4963 3082 5016 ἑλέσθαι
3104 4959 3195 5013 τὸν
3232 4959 3490 5011 θάνατον·
3522 4956 3609 5009 ῖνα
3639 4955 3750 5025 γάρ

2175 5062 2554 5131 ξυναναστὴσῃ
2607 5058 2706 5129 τὴν
2757 5054 2957 5125 θνητὴν
3013 5052 3174 5122 φύσιν
3228 5052 3257 5103 ό
3296 5048 3581 5111 ἀθάνατος,
3637 5045 3751 5097 τῶν

2170 5154 2526 5224 ἀνθρωπίνων
2564 5152 2697 5221 ἡμῖν
2744 5148 3007 5201 κοινωνεῖ.
3044 5145 3109 5197 Ὃ
3137 5141 3203 5213 δὴ
3232 5141 3327 5195 καὶ
3354 5143 3383 5194 ὁ
3413 5140 3585 5210 μέγας
3618 5138 3750 5191 ἀπό-

2173 5247 2360 5309 στολος
2410 5242 2618 5305 Παῦλος
2674 5239 2861 5309 σαφῶς
2908 5236 3148 5306 δηλῶσαι
3197 5233 3521 5304 βουλόμενος
3569 5230 3744 5296 ἔλεγε·

2183 5359 2200 5391 ι
2223 5338 2520 5406 Ξυνήγειρε
2562 5331 2658 5386 καὶ
2688 5328 3040 5397 ξυνεκάθισεν
3079 5328 3137 5380 ἐν
3162 5327 3275 5388 τοῖς
3307 5322 3653 5395 ἐπουρανίοις
3685 5321 3745 5374 ὲν

2176 5426 2397 5499 Χριστῷ
2436 5422 2633 5495 Ἰησοῦ.
2667 5439 2684 5472 ι
2714 5421 2829 5475 Οὐκ
2873 5440 2891 5472 ι
2918 5420 3111 5490 ἤγειρε
3134 5436 3151 5469 ι
3182 5416 3354 5485 λέγει,
3402 5414 3538 5469 ἀλλά
3573 5433 3590 5465 ι
3617 5429 3747 5466 συν-

2176 5524 2396 5592 ήγειρεν
2417 5536 2430 5551 ο
2455 5537 2473 5571 ο
2513 5517 2599 5570 ἵνα
2621 5514 2693 5586 μὴ
2718 5511 3005 5583 ἀνθρώπου
3037 5510 3201 5581 μόνου
3226 5508 3458 5563 θάνατον
3486 5509 3579 5561 καὶ
3613 5504 3747 5559 ἀνά-
