4062 6202
411 308 543 366 l3“

1547 294 1908 351 EXPOSI'I'IO
1947 288 2236 349 SYMBOLI
2276 295 2544 350 NlC/ENI.

3515 299 3656 356 1⁸542

408 433 617 479 στασιν,
665 411 800 466 άλλᾶ
847 409 941 461 καὶ
981 405 1076 459 τοῦ
1109 407 1424 477 ἐγείραντος
1462 406 1622 458 αὑτὸν
1669 405 1967 475 γνωρίσῃς,

2075 406 2169 460 sed
2209 414 2266 460 et
2297 409 2678 462 resuscitantis
2715 409 2890 478 ipsum
2927 410 3228 482 intelligas;
3261 412 3354 480 qui
3385 409 3656 480 sapientia

406 505 798 576 ὑπομείναντος
833 497 1007 552 ταῦτα
1057 497 1221 567 σοφίᾳ
1265 499 1330 566 τῇ
1380 497 1596 558 ἐαυτοῦ,
1625 497 1718 549 καὶ
1740 498 1838 550 οὐκ
1879 497 1974 549 ἀλ-

402 595 619 652 λοιώσει
644 593 745 662 τῆς
775 588 1010 658 φύσεως.
1045 589 1208 641 ’Ὀθεν
1243 587 1361 640 οὐδὲ
1386 586 1599 656 Θνητὸν,
1620 586 1757 639 ἀλλὰ
1785 586 1976 655 φιλάν-

402 688 430 740 0
439 703 618 758 ρωπον
639 681 868 751 λέγομεν
888 697 902 710 ο
931 677 1147 748 Θανάτῳ
1166 677 1272 747 γὰρ
1292 677 1430 747 κατὴ
1441 693 1608 747 ργησε
1631 677 1862 731 θάνατον
1885 678 1979 730 καὶ

403 777 600 833 πάθεσι
622 775 684 828 τὸ
705 773 948 844 παθητὸν
972 771 1248 838 ἐξιάσατο.
1293 769 1444 822 Ἐπεὶ
1468 769 1777 839 λεγέτωσαν
1797 784 1811 799 ⁶
1841 787 1859 820 ι
1881 768 1979 832 Τίς

400 861 664 922 ἐκένωσεν
683 863 873 919 ἐαυτὸν
898 863 1061 934 μέχρι
1083 860 1340 924 Θανάτου,
1361 858 1593 913 θανάτου
1607 859 1662 912 δέ
1683 859 1971 930 σταυροῦ,›

397 961 446 1012 εί
472 959 546 1030 μὴ
562 959 590 1011 6
617 957 807 1010 τούτου
823 954 1165 1023 κοινωνήσας
1189 953 1304 1014 τοῖς
1335 949 1644 1021 ἀνθρώποις
1663 950 1796 1013 Θεὸς
1816 951 1976 1003 ἐκου-

399 1052 551 1115 σίως,
577 1051 637 1104 ού
661 1047 762 1120 τὴν
789 1049 951 1118 φύσιν
969 1043 1376 1115 άναγκασθείςς
1403 1043 1604 1097 «Τοῦτο
1627 1043 1735 1113 γὰρ
1762 1041 1974 1113 φρονεί-

398 1143 511 1196 σθω
539 1145 597 1196 ἐν
633 1142 782 1212 ὑμῖν,
809 1141 996 1212 φησὶν,
1023 1138 1052 1193 6
1083 1139 1176 1192 ml.
1230 1139 1289 1192 ἐν
1325 1136 1549 1209 Χριστῷ
1593 1135 1791 1206 Ἰησοῦ,
1815 1134 1872 1198 ὃς
1918 1136 1976 1187 ἐν

401 1235 582 1304 μορφῇ
627 1231 763 1284 Θεοῦ
824 1231 1086 1300 ὑπάρχων
1131 1229 1231 1298 οὐχ
1275 1227 1566 1298 ἁρπαγμὸν
1634 1228 1880 1298 ἡγήσατο
1915 1224 1977 1277 τὸ

397 1319 535 1378 εἶναι
562 1319 659 1378 ἶσα
687 1321 806 1393 Θεῷ
826 1339 839 1351 ο
864 1321 982 1375 ἀλλ’
1016 1319 1208 1374 ἐαυτὸν
1230 1319 1518 1384 ἐκένωσεν,
1548 1318 1760 1391 μορφὴν
1787 1317 1973 1371 δούλου

397 1414 576 1468 λαϐὼν
637 1416 694 1466 ἐν
758 1411 1062 1483 ὁμοιώματι
1132 1410 1438 1483 ἀνθρώπων
1491 1409 1778 1480 γενόμενος
1804 1450 1819 1473 ,
1883 1409 1976 1461 καὶ

400 1503 636 1573 σχήματι
681 1500 924 1572 εὑρεθεὶς
972 1499 1046 1563 ᾡς
1093 1499 1409 1572 ἄνθρωπος’
1443 1499 1806 1553 ἐταπείνωσεν
1851 1498 1978 1550 ἐαυο

396 1594 508 1659 τὸν,
540 1593 828 1664 γενόμενος
872 1591 1110 1662 ὑπήκοος
1171 1591 1332 1662 μέχρι
1370 1591 1624 1653 θανάτου,
1661 1589 1891 1644 θανάτου
1919 1588 1974 1640 δὲ

397 1683 685 1752 σταυροῦ.»
720 1682 786 1736 Τί
817 1683 1016 1750 λέγεις,
1047 1676 1380 1751 ὦθαυμάσιε
1411 1681 1622 1748 Παῦλε;
1661 1698 1682 1732 ‹
1703 1683 1730 1734 6
1751 1681 1809 1732 ἐν
1838 1696 1971 1750 μορ-

2080 514 2198 563 sua,
2232 515 2338 553 non
2385 505 2566 555 antem
2615 509 2826 555 natura:
2875 503 3174 558 mutatione
3218 503 3332 557 haec
3375 502 3656 558 sustinuit.

2079 588 2235 644 Unde
2269 589 2434 644 etiam
2477 606 2587 644 non
2613 591 2932 656 mortalem,
2975 592 3070 646 sed
3113 593 3526 648 misericordem
3562 592 3647 646 ho

2080 681 2399 751 minumque
2427 691 2700 737 amantem
2723 699 2980 739 vocamus
3009 702 3024 750 ;
3051 701 3175 739 nam
3216 692 3394 740 morte
3421 694 3657 739 mortem

2078 771 2340 843 abolevit,
2372 781 2429 827 et
2455 773 2801 844 passionibus
2832 775 3089 844 passibile
3115 774 3446 844 persanavit.
3465 774 3659 829 Dicant

2077 863 2226 918 enim
2255 880 2269 915 :
2309 863 2444 929 Quis
2473 883 2490 914 ι
2513 865 2815 918 exinanivit
2841 865 3193 936 semetipsum
3213 881 3388 935 υείιυυ
3409 865 3477 920 ad
3507 881 3657 936 mors

2080 962 2210 1018 tem,
2238 965 2471 1010 mortem
2502 964 2685 1009 autem
2711 956 2896 1010 crucis
2916 957 2981 1018 ⁸⁸,
3013 976 3032 1008 ι
3073 957 3181 1012 nisi
3209 958 3355 1012 Deus
3394 971 3519 1011 cum
3554 933 3658 1010 ho:-

2077 1042 2319 1098 minibus
2342 1053 2554 1113 sponte,
2583 1061 2692 1100 non
2719 1054 2903 1100 autem
2934 1058 3144 1103 natura:
3167 1048 3492 1104 necessitate
3535 1061 3654 1101 eam

2077 1133 2447 1203 participans?
2485 1154 2503 1186 ι
2537 1135 2653 1191 Hoc
2676 1137 2824 1192 enim
2859 1139 3134 1202 sentiatur
3168 1139 3224 1194 in
3252 1140 3432 1204 vobis,
3453 1139 3655 1209 inquit,

2075 1225 2222 1294 quod
2247 1235 2303 1281 et
2323 1226 2376 1280 in
2408 1225 2628 1282 Christo
2651 1229 2801 1294 Jesu,
2827 1230 2921 1299 qui
2945 1230 3001 1284 in
3034 1231 3209 1284 forma
3239 1232 3334 1285 Dei
3362 1231 3652 1295 exsistens,

2075 1331 2187 1370 non
2249 1318 2490 1386 rapinam
2548 1305 2885 1375 exiStimavit
2922 1336 3044 1376 esse
3067 1321 3332 1391 aequalem
3368 1321 3479 1376 Deo
3508 1338 3521 1374 :
3557 1321 3655 1375 sed

2075 1407 2431 1476 semetipsum
2459 1409 2781 1477 exinanivit,
2807 1412 3036 1466 formam
3066 1413 3208 1466 servi
3235 1412 3514 1481 accipiens
3533 1451 3547 1475 ,
3595 1411 3654 1464 in

2075 1497 2491 1554 similitudinem
2538 1503 2824 1558 hominum
2853 1504 3050 1568 factus,
3089 1511 3144 1558 et
3175 1502 3363 1556 habitu
3398 1502 3655 1557 inventus

2075 1595 2137 1641 ut
2178 1588 2342 1645 homo
2375 1591 2724 1647 :humiliavit
2769 1592 3124 1662 semetipsum
3171 1591 3346 1645 factus
3389 1590 3656 1646 obediens

2076 1694 2250 1748 usque
2297 1681 2366 1735 ad
2426 1691 2682 1747 mortem,
2719 1692 2952 1738 mortem
2999 1692 3181 1736 autem
3229 1681 3412 1737 crucis
3431 1681 3497 1734 “.
3534 1701 3552 1732 ι
3606 1682 3652 1737 0

395 1777 468 1844 φῇ
520 1771 653 1826 Θεοῦ
700 1773 979 1843 ὑπάρχων,
1009 1792 1027 1823 ι
1087 1772 1181 1826 καὶ
1239 1792 1256 1824 ι
1289 1773 1404 1836 ἶσος
1465 1772 1552 1825 διὰ
1609 1771 1768 1824 τοῦτο
1796 1771 1917 1841 Θεῷ
1946 1789 1970 1822 ι

2075 1769 2238 1825 Paule
2267 1771 2608 1837 admirande,
2627 1773 2760 1843 quid
2797 1774 2920 1829 ais?
2943 1792 2960 1824 ‹
2995 1773 3088 1843 qui
3115 1774 3171 1827 in
3199 1774 3372 1827 forma
3389 1771 3651 1826 Deiexsi-

395 1863 817 1935 γνωριζόμενος,
855 1883 874 1916 ‹
897 1863 1093 1917 ἐαυτὸν
1112 1862 1348 1916 ὲκένωσε
1373 1878 1387 1927 ;
1417 1880 1436 1914 ι
1475 1862 1572 1916 καὶ
1595 1863 1648 1914 τί
1668 1862 1771 1931 τῆς
1802 1861 1970 1914 κενὼ-

395 1973 533 2018 σεως
559 1955 622 2007 τὸ
649 1951 819 2020 εἷδος;
849 1954 992 2008 εἰπέ.
1028 1954 1284 2025 Μορφὴν,
1312 1953 1469 2024 φησὶ,
1517 1953 1706 2008 δούλου
1761 1951 1966 2006 λαϐών.

396 2048 502 2099 Καὶ
532 2045 639 2117 μὴν
676 2048 724 2099 εί
758 2045 918 2116 μόνον
956 2044 1258 2115 προσέλαϐε
1287 2044 1476 2097 δούλου
1505 2044 1739 2115 μορφὴν,
1776 2045 1970 2096 ἑαυτὸν

393 2137 690 2203 ἐκένωσεν;
729 2137 889 2190 Ἀλλὰ
930 2136 1020 2189 τὸν
1063 2136 1266 2205 τρόπον
1304 2135 1513 2200 σκόπει,
1572 2135 1758 2204 φησὶν,
1809 2128 1970 2203 ᾦάν-

393 2226 560 2279 έλασε
587 2227 688 2299 τὴν
717 2225 812 2278 τοῦ
845 2225 1032 2278 δούλου
1074 2224 1308 2296 μορφὴν,
1344 2226 1441 2278 καὶ
1471 2224 1656 2297 γνώσῃ
1676 2225 1756 2277 ὅτι
1775 2225 1970 2296 πρότε-

395 2336 510 2389 ρον.
535 2318 800 2370 ἐκένωσεν
851 2317 1062 2370 ἐαυτόν.
1095 2316 1158 2370 El
1193 2317 1292 2386 μὲν
1327 2315 1436 2386 γὰρ
1480 2316 1556 2387 μὴ
1620 2316 1970 2384 συγκαταϐὰς

393 2407 668 2479 ἀνθρώπῳ
715 2407 850 2471 Θεὸς
895 2406 1156 2460 ἀνέλαϐεν
1208 2406 1515 2477 ἄνθρωπον,
1556 2406 1769 2478 μορφὴν
1809 2407 1969 2460 ἔλαϐε

393 2499 586 2554 δούλου
637 2499 818 2570 μόνον,
847 2499 940 2552 καὶ
978 2499 1169 2551 ἐαυτὸν
1191 2497 1291 2550 οὐκ
1332 2496 1618 2551 ἐκένωσεν.
1664 2481 1881 2570 Ἐπειδὴ
1912 2499 1970 2552 δὲ

392 2589 574 2654 αὐτὸς,
617 2590 770 2661 φησὶ,
807 2589 1026 2658 γέγονεν
1072 2588 1379 2661 ἄνθρωπος’
1418 2607 1436 2641 ι
1461 2589 1708 2661 εὑρεθεὶς
1745 2591 1854 2660 γάρ
1895 2589 1971 2652 ὼς

397 2677 705 2750 ἄνθρωπος,
756 2680 920 2748 φησιν
956 2681 986 2733 6
1025 2679 1258 2743 Παῦλος,
1329 2680 1696 2732 ἐταπείνωσεν
1751 2679 1968 2738 ἑαυτὸν,

393 2768 684 2837 γενόμενος
713 2768 953 2838 ὑπήκοος
990 2767 1153 2838 μέχρι
1173 2767 1430 2827 Θανάτου.
1461 2767 1694 2821 θανάτου
1721 2767 1779 2820 δὲ
1805 2784 1971 2821 σταυο

395 2851 491 2923 ροῦ
510 2870 525 2886 ι
551 2872 571 2904 ι
600 2853 822 2917 εἰκότως
847 2849 1020 2917 εἶπεν,
1042 2855 1124 2908 ὅτι
1161 2873 1181 2905 ι
1215 2854 1440 2908 Ἑαυτὸν
1459 2853 1718 2919 ἐκένωσε,
1747 2855 1965 2926 μορφὴν

392 2944 580 3000 δούλου
619 2943 819 3000 λαϐών.
854 2963 874 2996 ι

463 3223 550 3281 κ’.
592 3225 746 3280 Ἐπεὶ
779 3225 896 3291 πῶς
926 3227 984 3280 ἐν
1026 3228 1210 3299 μορφῇ
1247 3226 1384 3281 Θεοῦ
1434 3227 1718 3299 ὑπάρχων,
1746 3230 1842 3283 καὶ⁸
1893 3227 1970 3300 μὴ

399 3318 684 3391 ἁρπαγμὸν
724 3316 1031 3389 ἡγούμενος
1059 3317 1120 3371 τὸ
1147 3315 1286 3372 εἶναι
1316 3314 1415 3373 ἴσα
1453 3319 1593 3390 Θεῷ,
1625 3320 1817 3374 ἐαυτὸν
1845 3321 1970 3374 ἐκέ-

394 3426 532 3464 νωσε
554 3426 569 3476 ;
595 3409 920 3479 Λεγέτωσαν
950 3410 1082 3480 ἡμῖν
1115 3411 1163 3463 οἱ
1189 3409 1288 3480 τῆς
1323 3409 1466 3464 κατὰ
1505 3411 1739 3480 Χριστὸν
1767 3411 1973 3464 οἰκονου

397 3500 526 3570 μίας
550 3501 647 3572 τὴν
671 3501 832 3573 χάριν
857 3501 1205 3574 ἀρνούμενοι.
1249 3501 1390 3553 Ἀλλ’
1412 3502 1513 3553 οὐκ
1547 3501 1765 3570 ἐχουσιν
1797 3501 1971 3552 εἰπεῖν

393 3591 510 3657 πῶς
540 3593 730 3646 ἑαυτὸν
759 3594 1024 3646 ἐκένωσεν
1052 3593 1081 3643 6
1113 3591 1266 3654 Θεὸς,
1291 3591 1580 3661 ἄνθρωπον
1617 3591 1716 3660 μὲν
1744 3605 1970 3659 τετιμη-

398 3685 559 3755 μένον
610 3685 860 3753 λέγοντες
908 3681 1048 3738 εἶναι
1102 3682 1194 3734 τὸν
1256 3682 1512 3750 Χριστὸν,
1551 3681 1730 3752 σάρκα
1778 3681 1835 3734 δὲ
1883 3681 1973 3735 τὸν

396 3773 566 3841 Λόγον
612 3773 941 3842 γεγενῆσθαι
993 3771 1069 3841 μὴ
1104 3769 1368 3832 θέλοντες.
1409 3769 1689 3823 Ἐντεῦθεν
1717 3770 1828 3838 γὰρ
1863 3772 1962 3824 καὶ

395 3866 424 3917 6
451 3863 549 3935 τὴν
577 3863 783 3933 πλάνην
804 3862 1010 3930 ταύτην
1038 3859 1343 3928 ἀναφανδὸν
1374 3859 1668 3931 κηρύττειν
1693 3861 1962 3930 τετολμη-

396 3955 509 4019 κὼς
562 3954 784 4009 κλέπτει
812 3951 913 4022 τῆς
943 3951 1308 4021 άποστολικῆς
1354 3950 1705 4015 διδασκαλίας
1749 3953 1880 4006 αὐτὸ
1910 3952 1975 4023 δὴ

395 4045 556 4100 τοῦτο
590 4044 884 4115 (ἐκένωσεν
913 4042 1125 4112 ἐαυτὸν)
1155 4041 1411 4106 δεδοικὼς
1434 4042 1527 4096 τὸν
1557 4043 1736 4112 λόγον,
1773 4043 1849 4106 ὡς
1871 4044 1969 4115 δη-

396 4135 569 4189 λῶσαι
600 4134 897 4204 δυνάμενον
929 4135 1029 4204 τὴν
1059 4133 1194 4202 πρὸς
1223 4134 1292 4188 τά
1324 4132 1640 4206 ἀνθρώπινα
1691 4133 1786 4187 τοῦ
1829 4135 1967 4189 Θεοῦ

399 4225 704 4289 κοινωνίαν,
733 4227 800 4296 ἢν
847 4225 1010 4287 αὐτὸς
1080 4225 1350 4296 ἠρνήσατο
1399 4224 1680 4288 παντελῶς
1702 4241 1717 4256 ο
1753 4225 1814 4277 οὐ
1844 4223 1976 4276 Θεὸν

398 4319 915 4390 ἐνανθρωπήσαντα,
945 4316 1082 4371 ἀλλὰ
1112 4315 1400 4388 ἄνθρωπον
1431 4315 1605 4384 λέγων
1626 4315 1716 4369 τὸν
1745 4314 1978 4386 Χριστὸν

2071 1867 2256 1925 stens;
2291 1879 2310 1912 ι
2337 1859 2572 1930 ideoque
2617 1880 2634 1911 ι
2659 1863 2884 1932 aequalis
2909 1863 3020 1918 Deo
3052 1880 3070 1913 ι
3106 1861 3375 1930 cognitus,
3408 1879 3426 1910 ι
3449 1869 3650 1915 semet-

2071 1951 2250 2020 ipsum
2284 1951 2634 2008 exinanivit?
2685 1972 2704 2005 ι
2746 1962 2806 2009 et
2834 1968 3082 2024 quaenam
3114 1950 3507 2007 exinanitionis
3536 1951 3650 2005 for-

2072 2057 2160 2095 ma
2177 2043 2201 2095 ?
2217 2042 2326 2107 dic,
2343 2059 2529 2113 quaso
2549 2061 2564 2098 :
2591 2063 2610 2095 ι
2628 2044 2881 2110 formam,
2903 2045 3100 2114 inquit,
3120 2044 3263 2098 servi
3286 2042 3564 2112 accipiens
3585 2059 3600 2096 :
3624 2059 3646 2094 ι

2069 2142 2125 2189 et
2152 2126 2446 2204 siquidem
2484 2135 2832 2190 solummodo
2868 2136 3014 2191 servi
3048 2135 3278 2189 formam
3319 2132 3653 2202 assumpsis-

2071 2233 2176 2290 set,
2215 2225 2518 2280 exinanivit
2545 2226 2951 2296 semetipsum?
2997 2225 3105 2281 Sed
3148 2225 3396 2290 modum,
3445 2225 3650 2295 inquit,

2071 2315 2382 2381 considera,
2427 2333 2538 2386 quo
2578 2317 2724 2372 servi
2753 2318 2984 2372 formam
3012 2318 3341 2388 assumpsit;
3364 2325 3421 2372 et
3451 2331 3658 2387 cogno-

2071 2421 2194 2461 sces
2219 2405 2367 2476 quod
2393 2406 2548 2477 prius
2571 2408 2929 2478 semetipsum
2948 2409 3268 2463 exinanivit.
3292 2409 3348 2463 Si
3368 2408 3517 2462 enim
3541 2423 3653 2462 non

2071 2497 2519 2554 condescendens
2544 2499 2754 2552 homini
2773 2500 2918 2554 Deus
2944 2499 3223 2552 hominem
3243 2498 3651 2566 assumpsisset,

2072 2589 2304 2644 formam
2335 2579 2480 2644 servi
2513 2599 2723 2644 tantum
2749 2591 3070 2659 accepisset,
3107 2605 3286 2660 neque
3320 2590 3656 2645 exinanivis—

2073 2687 2155 2733 set
2185 2679 2537 2748 semetipsum
2575 2679 2870 2749 :quoniam
2904 2695 3034 2735 vero
3067 2681 3216 2751 ipse,
3255 2680 3454 2749 inquit,
3486 2681 3652 2734 homo

2071 2765 2250 2821 factus
2268 2779 2372 2831 est,
2400 2786 2421 2820 ι
2443 2769 2700 2824 inventus
2731 2769 2881 2824 enim
2903 2777 3074 2824 estut
3107 2770 3292 2835 homo,
3323 2770 3400 2824 ait
3428 2769 3651 2832 Paulus,

2073 2855 2386 2910 bumiliavit
2440 2859 2818 2928 semetipsum,
2848 2858 3024 2914 factus
3070 2859 3336 2915 obediens
3386 2859 3653 2928 usquead

2071 2953 2329 3009 mortem,
2380 2955 2615 3002 mortem
2661 2956 2846 3004 autem
2894 2949 3112 3016 crucis;
3158 2950 3358 3006 merito
3404 2948 3652 3014 dicebat,

2073 3036 2218 3106 quod
2250 3055 2267 3088 ι
2304 3038 2660 3109 semetipsum
2690 3040 3011 3107 exinanivit,
3047 3040 3281 3097 formam
3325 3041 3471 3096 servi
3511 3039 3657 3095 acci-

2072 3143 2249 3198 piens.
2283 3148 2303 3181 »
3359 3151 3364 3154 -

2139 3221 2258 3276 XX.
2289 3222 2576 3289 Quomodo
2613 3225 2761 3282 enim
2788 3226 2845 3280 in
2869 3225 3047 3282 forma
3090 3227 3187 3282 Dei
3220 3226 3513 3290 exsistens,
3549 3237 3656 3280 nec

2071 3312 2317 3382 rapinam
2344 3316 2668 3371 existimans
2689 3332 2810 3372 esse
2840 3318 3109 3386 aequalem
3137 3317 3268 3379 Deo,
3297 3318 3654 3386 semetipsum

2070 3405 2412 3460 exinanivit?
2438 3408 2632 3461 Dicant
2663 3408 2822 3461 nobis
2843 3408 2939 3475 qui
2968 3407 3201 3476 gratiam
3232 3407 3658 3476 dispensationis

2073 3499 2130 3552 in
2153 3497 2373 3554 Christo
2394 3492 2616 3568 negant.
2645 3497 2753 3552 Sed
2769 3497 2952 3552 dicere
2977 3513 3086 3551 non
3114 3507 3363 3566 possunt,
3381 3497 3660 3566 quomodo

2074 3597 2221 3651 Deus
2243 3593 2597 3661 semetipsum
2616 3591 3000 3653 exinaniverit,
3020 3591 3113 3660 qui
3131 3589 3414 3646 Christum
3433 3590 3659 3659 quidem

2073 3683 2290 3740 eximiae
2315 3680 2889 3752 dignitatishomincm
2917 3695 3039 3734 esse
3073 3679 3260 3744 aiunt;
3292 3679 3533 3732 Verbum
3557 3694 3658 3733 au-

2077 3785 2185 3830 tem
2217 3788 2437 3828 carnem
2467 3772 2668 3825 factum
2703 3786 2824 3826 esse
2855 3787 2965 3824 non
3011 3771 3222 3824 volunt.
3266 3769 3401 3823 Nam
3429 3769 3526 3838 qui
3564 3784 3660 3821 cr-

2075 3883 2258 3923 rorcm
2282 3867 2447 3921 istum
2472 3863 2692 3934 publice
2725 3863 3028 3934 praedicare
3050 3878 3219 3916 ausus
3236 3870 3340 3926 est,
3357 3860 3662 3916 sull‘uratur

2077 3959 2183 4013 hoc
2234 3957 2356 4012 loco
2395 3971 2463 4010 ex
2488 3954 2790 4025 apostolica
2820 3953 3070 4008 doctrina
3114 3952 3248 4006 illud
3299 3971 3318 4004 ι
3354 3949 3662 4006 exinanivit

2077 4050 2456 4120 semetipsum,
2497 4068 2516 4099 ι
2554 4055 2830 4102 metuens
2880 4047 3030 4101 hunc
3067 4060 3376 4100 sermonem
3403 4083 3418 4108 ,
3471 4049 3664 4112 utpote

2077 4142 2172 4212 qui
2206 4141 2301 4196 Dei
2335 4156 2462 4196 cum
2499 4139 2668 4194 rebus
2707 4137 2964 4192 humanis
3003 4136 3450 4192 communionem
3474 4140 3664 4186 osten-

2077 4234 2210 4288 dere
2238 4231 2448 4302 possit;
2477 4245 2642 4300 quam
2668 4229 2785 4299 ipse
2812 4227 3036 4283 omnino
3067 4226 3319 4298 negavit;
3347 4240 3457 4278 non
3489 4224 3663 4277 Deum

2079 4325 2360 4380 hominem
2389 4323 2617 4386 factum,
2672 4321 2767 4377 sed
2818 4320 3094 4374 hominem
3135 4318 3308 4389 gratia
3347 4315 3664 4371 deiﬁcatum

397 4410 670 4466 θεωθέντα
699 4412 766 4481 τῇ
805 4411 1009 4482 χάριτι.
1055 4408 1433 4478 Ἀντιγράφων
1483 4406 1593 4478 γὰρ
1640 4407 1732 4460 καὶ
1769 4405 1973 4459 ἀντιλέ-

2083 4415 2364 4470 Christum
2402 4412 2703 4482 appellans.
2729 4410 2862 4466 Nam
2898 4409 2992 4464 ubi
3028 4408 3208 4478 magni
3251 4405 3441 4477 Cyrilli
3469 4403 3664 4458 admo-

399 4519 512 4570 γων
535 4503 600 4572 τῇ
628 4500 722 4553 τοῦ
755 4501 992 4570 μεγάλου
1021 4499 1294 4571 Κυρίλλου
1338 4499 1676 4570 παραινέσει,
1709 4497 1806 4550 καὶ
1835 4514 1972 4568 μνη-

402 4593 550 4656 σθεὶς
572 4595 628 4644 ἐν
653 4595 719 4663 τῇ
740 4592 876 4662 πρὸς
891 4593 984 4644 τὸν
1010 4591 1183 4659 μέγαν
1202 4593 1410 4644 ἐκεῖνον
1441 4591 1724 4662 Ἐπιστολῇ
1747 4593 1977 4661 ταυτησὶ

401 4685 496 4738 τοῦ
541 4684 865 4736 Ἀποστόλου
893 4684 992 4751 τῆς
1021 4682 1238 4746 λέξεως,
1279 4682 1417 4752 μετὰ
1442 4681 1711 4752 τοσαύτης
1747 4685 1846 4752 τῆς
1890 4682 1978 4734 τέ·

401 4795 532 4848 χνης
566 4775 663 4846 τὴν
702 4777 860 4847 ῥῆσιν
897 4775 1188 4838 ἐκτίθεται,
1226 4775 1301 4838 ὡς
1343 4776 1470 4837 τοὺς
1504 4773 1834 4841 ἀγνοοῦντας
1879 4773 1977 4842 τὴν

400 4871 495 4922 τοῦ
530 4870 692 4936 λόγου
743 4869 950 4939 τροπὴν
1003 4870 1392 4940 παρασυρῆναι
1429 4870 1494 4936 τῇ
1525 4867 1724 4939 πλάνῃ.
1756 4867 1874 4918 Ἵνα
1919 4866 1977 4918 δὲ

405 4960 572 5028 σαφὲς
681 4959 742 5012 τὸ
769 4959 1084 5028 λεγόμενον,
1120 4960 1317 5022 αὖτοὺς
1342 4958 1436 5010 τοῦ
1467 4958 1824 5028 ὴπατημένου
1845 4959 1974 5020 τοὺς

403 5041 593 5116 λόγους
624 5049 720 5112 τῆς
776 5050 1100 5120 Ἐπιστολῆς
1137 5049 1547 5120 παραθήσομαι,
1581 5051 1637 5101 ἐν
1679 5044 1762 5112 οἷς
1805 5049 1978 5114 οὕτως

403 5139 595 5202 αὐταῖς
629 5139 809 5203 λέξεσι
841 5139 1020 5207 λέγει·
1062 5160 1080 5191 ι
1111 5141 1337 5194 Μέλλων
1372 5142 1400 5193 6
1442 5141 1786 5205 ’Λπόστολος,
1823 5141 1977 5211 φησὶ,

404 5228 474 5282 τά
506 5227 600 5280 τοῦ
647 5228 853 5292 πάθους
900 5230 1150 5298 ἐπάγειν,
1199 5231 1465 5301 πρότερον
1487 5231 1601 5293 θεὶς
1627 5233 1686 5283 τὸ
1719 5231 1975 5301 Χριστὸς,

406 5319 466 5372 τὸ
515 5319 692 5372 κοινὸν
735 5319 843 5372 τῶν
885 5320 1000 5379 δύο.
1043 5322 1119 5384 ὡς
1159 5321 1340 5393 μικρῷ
1397 5323 1663 5393 πρότερον
1693 5322 1850 5391 ἔφην,
1871 5321 1980 5375 τῶν

407 5413 622 5478 φύσεων
670 5411 860 5480 ὄνομα,
925 5413 1188 5482 προσάγει
1240 5414 1332 5466 τὸν
1391 5414 1546 5482 λόγον
1642 5413 1981 5484 ἀμφοτέραις

408 5503 666 5573 πρεπώδη
711 5506 830 5567 ταῖς
881 5504 1094 5572 φύσεσι.
1133 5523 1151 5554 ›
1208 5505 1272 5556 Τί
1311 5505 1413 5575 γάρ
1436 5521 1599 5574 (gnat;
1643 5503 1850 5556 «Τοῦτο
1873 5506 1978 5574 γὰρ

487 5681 529 5710 ³³
557 5681 791 5750 Philipp.
824 5697 879 5744 II,
909 5683 962 5744 7,
985 5682 1035 5735 8.
1117 5681 1161 5711 "'
1201 5680 1328 5734 ibid.
1369 5680 1485 5734 5-8.

2077 4506 2272 4560 nitioni
2304 4502 2585 4559 contrario
2614 4501 2821 4571 scripto
2851 4499 3167 4569 respondet,
3206 4499 3402 4566 injecta
3426 4496 3480 4548 in
3515 4494 3664 4548 litte-

2077 4599 2152 4652 ris
2193 4597 2261 4650 ad
2291 4611 2546 4666 magnum
2595 4593 2749 4647 illum
2790 4593 2970 4645 virum
3016 4591 3149 4645 dicti
3185 4590 3346 4658 hujus
3375 4584 3663 4656 apostolici

2076 4685 2375 4750 mentione,
2405 4693 2552 4738 tanta
2577 4697 2701 4737 cum
2727 4692 2845 4736 arte
2875 4679 3008 4734 illud
3033 4673 3302 4748 explicat,
3322 4683 3380 4730 ut
3397 4672 3666 4728 orationis

2075 4776 2486 4848 pcrversionem
2509 4775 2830 4844 ignorantes
2860 4772 2915 4825 in
2942 4785 3193 4826 errorem
3225 4768 3502 4822 abducere
3533 4780 3664 4835 pos-

2075 4867 2166 4921 sit.
2202 4866 2309 4921 Sed
2342 4874 2401 4919 ut
2429 4865 2576 4920 clare
2618 4872 2858 4928 constet,
2905 4862 3052 4932 quod
3083 4861 3210 4915 dico
3234 4900 3248 4923 ,
3282 4859 3397 4928 ipsa
3448 4857 3663 4926 decepti

2074 4958 2242 5013 verba
2268 4972 2336 5011 ex
2372 4956 2605 5025 epistola
2637 4955 2730 5009 illa
2760 4967 3053 5023 apponam,
3091 4951 3184 5005 ubi
3216 4950 3296 5004 sic
3333 4948 3402 5003 ad
3431 4947 3662 5002 verbum

2076 5048 2360 5119 loquitur:
2400 5066 2417 5097 ι
2459 5047 2659 5100 Volcns
2684 5046 3002 5115 Apostolus,
3051 5042 3254 5113 inquit,
3288 5056 3351 5094 ea
3384 5054 3507 5108 quze
3533 5053 3658 5107 pas-

2078 5140 2253 5194 sionis
2300 5148 2430 5193 sunt
2481 5137 2705 5201 inferre,
2743 5152 2952 5206 ponens
3003 5135 3156 5205 prius
3186 5132 3393 5188 Christi
3437 5145 3660 5191 nomen,

2083 5246 2376 5286 commune
2406 5240 2615 5284 natura:
2645 5229 2886 5298 utrique,
2917 5236 2977 5282 ut
3017 5225 3183 5296 paulo
3209 5231 3335 5278 ante
3367 5220 3504 5283 dixi,
3536 5233 3661 5273 ora-

2083 5322 2289 5377 tionem
2309 5321 2527 5390 utrique
2544 5316 3178 5374 naturaeconvenientem
3198 5311 3440 5368 adducit.
3478 5329 3495 5360 ι
3517 5307 3659 5374 Quid

2083 5414 2231 5470 enim
2253 5413 2367 5468 ait?
2396 5432 2415 5463 ι
2446 5412 2559 5467 lloc
2584 5411 2858 5466 sentiatur
2886 5409 2941 5464 in
2970 5407 3149 5471 vobis,
3167 5404 3312 5476 quod
3338 5413 3395 5458 et
3420 5402 3475 5456 in
3495 5399 3658 5455 Chri-

2085 5516 2170 5562 sto
2200 5506 2360 5571 Jesn,
2387 5507 2479 5575 qui
2520 5506 2576 5560 in
2617 5505 2790 5559 forma
2818 5502 2915 5558 Dei
2954 5501 3225 5560 exsistcns
3263 5513 3370 5552 non
3411 5492 3659 5564 rapinam
