4062 6202
454 330 593 384 1535

448 542 616 599 quam
657 524 765 578 sibi
802 520 1076 575 contraria
1112 517 1369 575 π’(εῑίορης,
1397 512 1682 583 subiungit
1722 528 1735 562 :
1773 527 1789 558 ι
1823 504 1919 560 sed
1956 519 2023 556 ne

451 617 663 687 singula
688 611 981 682 repliccm;
1007 608 1274 663 obcdiens
1298 605 1473 659 factus
1493 618 1664 673 usque
1685 599 1752 655 ad
1771 604 2027 659 mortem,

453 715 687 762 mortem
711 711 894 758 autem
926 701 1125 755 crucis.
1164 718 1182 750 ι
1229 696 1393 766 Atqui
1418 694 1566 749 haud
1589 694 1757 748 multa
1784 697 1913 745 sunt
1942 689 2026 742 in-

456 801 683 869 terjecta
708 794 955 865 Apustoli
974 793 1172 852 verba;
1208 790 1315 843 hoc
1346 787 1495 843 enim
1525 786 1789 840 duntaxat
1825 782 1879 835 in
1911 796 2027 835 me-

454 892 548 945 dio
577 886 833 955 habetur,
865 906 882 935 ι
904 880 1612 948 Exinanivitsemetipsum,
1632 877 1861 931 formam
1883 873 2027 955 servi

452 954 751 1049 accipiens.
789 998 808 1027 ι
836 977 944 1032 Sed
985 975 1116 1030 illud
1150 974 1307 1043 quasi
1348 972 1621 1042 prolixum
1650 954 2023 1023 transcurrit:

447 1070 671 1141 egregie
695 1069 845 1123 enim
875 1069 968 1122 hic
1002 1068 1169 1120 homo
1205 1062 1407 1117 furtiva
1458 1060 1755 1115 verborum
1805 1057 2027 1111 subtra-

452 1162 639 1215 ctione
668 1161 958 1215 veritatem
992 1156 1323 1212 abumbrare
1354 1152 1527 1207 novit.
1559 1150 1731 1205 Sicuti
1757 1149 1905 1203 enim
1942 1164 2032 1201 su-

451 1252 644 1321 perius
675 1265 743 1304 ex
774 1260 1088 1305 sanctorum
1139 1251 1360 1303 Patrum
1411 1246 1752 1317 professione
1809 1242 2033 1296 subtra-

457 1341 596 1395 hens
623 1340 779 1403 illud,
814 1361 831 1392 ι
870 1349 925 1396 et
947 1342 999 1395 in
1030 1356 1198 1395 unum
1223 1340 1546 1402 Dominum;
1577 1357 1594 1387 ι
1628 1337 1905 1391 licentiam
1927 1333 2037 1389 sibi

459 1433 560 1501 ipsi
593 1434 857 1502 permisit,
888 1433 1090 1487 Christi
1123 1449 1322 1487 nomen
1363 1434 1613 1502 pluribus
1640 1430 1849 1485 naturis
1883 1444 2033 1482 com—

452 1539 625 1577 anune
656 1539 774 1577 esse
802 1522 1053 1577 dicendi:
1084 1524 1157 1578 ita
1183 1524 1288 1578 hoc
1328 1525 1450 1579 loco
1475 1524 1633 1587 illud,
1675 1544 1691 1574 ‹
1736 1523 2041 1579 exinanivit

459 1614 837 1682 semetipsum,
862 1634 879 1665 ι
902 1615 1139 1669 orationi
1165 1616 1463 1678 subtrahit,
1481 1624 1739 1684 tanquam
1765 1616 2041 1671 sullieiens

452 1705 527 1759 ad
578 1704 910 1765 docendum,
960 1705 1107 1774 quod
1144 1706 1289 1760 Deus
1315 1705 1383 1759 ad
1439 1720 1624 1759 rerum
1664 1705 2037 1760 humanarum

453 1797 899 1851 communionem
921 1796 1291 1851 descenderit.

531 1887 669 1941 XXI.
698 1887 804 1942 Sed
851 1903 1195 1957 nequaquam
1230 1887 1393 1941 latuit
1442 1886 1713 1956 lmpostor
1757 1887 1871 1949 ille,
1901 1885 2037 1956 quin

458 1987 803 2049 argueretur,
830 1980 959 2033 licet
989 1979 1203 2049 potiora
1223 1994 1287 2033 ac
1316 1979 1591 2049 praecipua
1619 1979 1888 2034 orationis
1910 1979 2041 2033 sub-

465 2072 707 2125 traxerit.
752 2071 888 2126 Cum
917 2072 1063 2127 enim
1098 2073 1268 2126 multa
1294 2071 1485 2125 furtim
1526 2088 1593 2127 ex
1617 2080 1873 2127 contextu
1912 2073 2043 2126 sub-

462 2163 684 2217 trahens
710 2163 921 2232 pudore
958 2163 1394 2227 suﬂunderetur,
1422 2171 1676 2218 metuens
1709 2180 1776 2217 ne
1804 2164 1859 2217 in
1890 2164 2042 2218 furto

464 2254 995 2323 deprehenderetur,
1022 2256 1276 2324 quamvis
1308 2256 1525 2319 nolens,
1546 2256 1831 2324 sequentia
1856 2264 2041 2310 tamen

463 2344 710 2413 Apostoli
742 2343 810 2397 de
834 2344 1127 2413 Unigenito
1147 2344 1313 2397 verba
1336 2359 1637 2412 apponens,
1662 2344 1912 2412 arguitur
1930 2359 2044 2397 ma-

464 2436 684 2499 nifeste,
714 2434 863 2505 quod
888 2435 1220 2503 praecipuam
1264 2433 1658 2489 incarnationis
1692 2442 1902 2502 partem
1935 2433 2041 2485 im-

463 2525 681 2593 probet,
711 2524 1155 2579 communionem
1196 2524 1408 2579 scilicet
1437 2534 1491 2579 et
1517 2524 1905 2578 commercium
1943 2524 2041 2579 Dei

466 2616 634 2671 Verbi
660 2631 784 2670 cum
819 2616 1058 2671 humana
1085 2625 1299 2671 natura.
1326 2616 1466 2670 Dum
1494 2617 1641 2670 enim
1680 2616 1748 2670 de
1784 2615 1878 2669 illo
1909 2615 2045 2669 dicit

466 2707 616 2776 quod
638 2709 840 2763 Paulus
871 2709 949 2762 ait
980 2726 994 2762 :
1036 2728 1053 2760 ι
1087 2708 1366 2764 Obediens
1392 2708 1569 2763 factus
1602 2723 1774 2777 usque
1798 2706 1865 2760 ad
1892 2722 2043 2760 mor-

467 2811 599 2865 tem,
631 2812 864 2858 mortem
896 2811 1081 2857 autem
1132 2804 1346 2871 crucis;
1390 2824 1408 2856 ›
1446 2804 1651 2858 falsaue
1690 2802 1815 2856 ﬁdei
1868 2801 2046 2855 mani-

469 2897 605 2950 festo
632 2897 902 2965 arguitur,
935 2895 1192 2965 quodque
1228 2896 1371 2950 male
1400 2896 1501 2950 soli
1527 2894 1736 2948 homini
1766 2894 2048 2963 passiones

471 2984 697 3037 tribuat.
743 2985 797 3037 Si
832 2984 977 3037 enim
1015 2984 1069 3038 in
1104 2986 1278 3039 forma
1307 2986 1403 3039 Dei
1446 2985 1716 3038 exsistens
1749 2993 1803 3039 et
1822 2984 2049 3053 aequalis

469 3073 739 3127 exsistens
776 3074 923 3136 Deo,
956 3074 1222 3128 obediens
1264 3075 1439 3129 factus
1471 3082 1556 3128 est
1578 3090 1750 3142 usque
1787 3074 1855 3127 ad
1896 3090 2047 3127 mor-
2077 3101 2119 3158 ο

473 3172 604 3227 tem,
631 3174 860 3217 mortem
889 3172 1072 3217 autem
1103 3165 1288 3218 crucis
1319 3183 1331 3217 :
1378 3164 1732 3233 perspicuum
1762 3174 1847 3218 est
1898 3165 2045 3233 quod

472 3252 617 3306 idem
640 3262 761 3306 erat
793 3252 1028 3322 patiens,
1055 3268 1166 3307 non
1190 3253 1416 3307 deitatis
1437 3264 1657 3317 natura,
1692 3254 1786 3308 sed
1822 3254 2047 3322 propria

471 3358 638 3397 carne
672 3358 836 3412 quam
876 3341 1183 3398 arctissime
1223 3343 1329 3398 sibi
1375 3344 1475 3414 ipsi
1515 3344 1750 3399 unierat.
1800 3344 1907 3399 Sed
1947 3344 2047 3399 de-

472 3444 668 3505 ceptus
698 3436 809 3499 ille,
837 3436 967 3490 dum
1018 3452 1212 3491 omnes
1240 3446 1450 3491 natura:
1493 3437 1698 3490 limites
1739 3437 2048 3491 convellere

474 3526 824 3595 aggreditur,
871 3527 975 3579 alia
1025 3526 1247 3597 quidem
1306 3525 1493 3580 furtim
1548 3524 1901 3589 subtrahens,
1943 3524 2049 3578 alia

474 3616 628 3670 falsis
658 3618 963 3671 rationibus
997 3617 1299 3687 sopbistiee
1326 3624 1671 3686 pervertens,
1697 3616 1920 3685 januam
1955 3614 2051 3668 de-

474 3707 739 3761 fensionis
759 3708 963 3762 Iudaeis
979 3708 1177 3777 aperit,
1201 3708 1378 3762 levem
1408 3707 1627 3760 illorum
1655 3707 1871 3775 culpam
1898 3705 2048 3761 circa

475 3814 696 3853 crucem
731 3800 1023 3854 ostendere
1054 3801 1276 3864 volens;
1309 3800 1512 3868 quippe
1538 3799 1630 3867 qui
1656 3798 1935 3852 hominem
1959 3813 2050 3852 so-

474 3889 758 3944 lummodo
786 3891 935 3944 cruci
966 3889 1258 3953 allixerint,
1279 3904 1457 3959 neque
1480 3888 1781 3959 quidquam
1807 3897 2051 3943 attenta-

474 3981 659 4033 verint
700 3980 963 4036 adversus
1009 3983 1201 4036 Deum.
1251 3982 1321 4035 At
1371 3981 1546 4035 sancti
1596 3981 1786 4035 Patres
1841 3981 2037 4035 Nicaea:

477 4072 790 4141 congregati
819 4074 998 4141 ipsum
1030 4072 1377 4142 unigenitum
1405 4070 1611 4124 Filium
1642 4069 1763 4133 Dei,
1793 4084 1861 4123 ex
1893 4069 2053 4123 Patre

478 4163 746 4233 genitum,
764 4179 875 4217 non
899 4163 1125 4227 factum,
1156 4164 1263 4218 hoc
1288 4170 1391 4224 est,
1418 4177 1485 4215 ex
1512 4160 1826 4214 substantia
1849 4159 2050 4223 Patris,

450 4240 1000 4307 “consubstantialem
1024 4253 1193 4315 Patri,
1218 4261 1275 4306 et
1299 4251 1667 4314 incarnatum,
1693 4258 1750 4304 et
1772 4249 2053 4303 hominem

476 4342 701 4406 factum,
733 4352 789 4397 et
810 4359 1030 4413 passum
1063 4358 1185 4398 esse
1209 4342 1432 4410 dicunt;
1459 4340 1760 4419 reticentes
1782 4340 2055 4395 hactenus

477 4435 764 4490 brevitatis
804 4451 968 4491 causa
1009 4435 1263 4501 modum,
1308 4451 1419 4506 quo
1461 4432 1813 4505 impassibilis
1857 4448 2053 4502 passus
2084 4462 2127 4517 ο

476 4534 580 4579 est.
623 4526 740 4581 Non
773 4528 922 4581 enim
955 4527 1176 4583 deitatis
1220 4537 1473 4582 naturam
1518 4525 1837 4596 passibilem
1871 4524 2050 4578 intro-

478 4618 709 4682 ducunt,
756 4618 851 4673 sed
893 4619 1259 4674 arctissimam
1307 4618 1403 4673 Dei
1441 4618 1601 4673 Verbi
1633 4632 1759 4671 cum
1803 4616 2051 4697 passibili

479 4718 676 4765 natura
698 4711 1143 4779 conjunctionem
1165 4709 1400 4774 docent;
1424 4725 1587 4779 quam
1612 4718 1669 4764 et
1689 4724 1911 4764 causam
1931 4724 2052 4764 esse

478 4799 671 4853 dicunt
693 4798 964 4869 passionis
989 4799 1083 4853 Dei
1112 4816 1125 4851 :
1152 4806 1208 4854 et
1229 4807 1289 4853 ut
1312 4800 1507 4853 mortis
1527 4799 1768 4853 fructum
1795 4799 2049 4861 doceant,

477 4891 665 4947 Jesum
704 4891 1019 4956 Christum,
1050 4889 1198 4945 Patri
1236 4889 1784 4954 consubstantialem,
1828 4898 2054 4960 propter

481 4993 722 5039 nostram
771 4983 1000 5038 salutem
1045 4982 1425 5046 incarnatum,
1476 4997 1808 5052 passumqne
1863 4992 2052 5036 osten-

481 5074 644 5138 dunt,
679 5081 736 5128 et
762 5073 1129 5128 resurrexisse
1168 5072 1331 5128 tertia
1363 5072 1473 5136 die,
1504 5072 1818 5127 ascendisse
1848 5072 1905 5125 in
1945 5086 2057 5126 ca:-

482 5164 587 5227 los,
614 5171 671 5217 et
716 5171 1011 5218 venturum
1048 5161 1298 5232 judicare
1333 5162 1489 5217 vivos
1518 5161 1591 5217 et'
1616 5170 1882 5215 mortuos.
1917 5160 2052 5215 Nam

485 5264 549 5309 ut
569 5262 860 5325 cognatum
890 5254 1222 5309 haberemus
1236 5253 1502 5324 iudicem,
1520 5255 1665 5307 Deus
1689 5252 2056 5307 immutabilis

487 5344 549 5398 ﬁt
582 5346 782 5410 homo;
810 5352 871 5400 ut
893 5345 1098 5416 judicis
1125 5344 1602 5415 consanguinitate
1624 5342 2053 5409 conﬂderemus,

488 5435 583 5501 qui
617 5436 821 5490 nullam
852 5452 920 5489 ex
960 5434 1201 5504 propriis
1226 5434 1438 5489 meritis
1469 5434 1736 5489 habemus
1777 5432 2055 5488 ﬁduciam.

493 5524 728 5589 Etenim,
758 5527 891 5596 quia
930 5527 1195 5582 terribilis
1234 5535 1320 5582 est
1353 5534 1413 5581 ut
1452 5526 1814 5590 Deus,,etiam
1841 5524 2061 5580 deside-

491 5615 684 5671 rabilis
698 5618 857 5672 nobis
878 5617 938 5671 ﬁt
960 5627 1019 5672 ut
1040 5619 1205 5673 homo
1224 5628 1313 5673 :ut
1327 5619 1579 5674 eumdem
1598 5618 1831 5673 simulet
1855 5625 2059 5672 metuc-

497 5722 721 5769 remus,
766 5715 821 5761 et
856 5706 1327 5774 desideraremus;
1366 5706 1605 5778 petentia
1646 5705 1867 5776 quidem
1910 5706 2060 5761 incu—

1548 299 1893 360 TllEODOTl
1934 288 2238 351 EPISCOPI
2278 284 2620 342 ANCYRANI

446 433 786 496 existimavit
806 446 929 488 esse
957 429 1220 499 mqualem
1250 426 1362 479 Deo
1395 443 1439 478 ι.
1479 424 1547 478 Et
1579 418 1866 491 sequentia
1901 424 2018 467 tau-

2148 401 2425 467 >ρονείσθω
2467 401 2524 452 ὲν
2558 399 2685 466 ύμῖν
2710 395 2737 447 ὃ
2777 393 2870 446 καὶ
2908 391 2963 443 ὲν

3564 264 3712 317 «διε

3014 383 3253 458 Χριστῷ
3298 379 3494 452 Ἰησοῦ,
3525 380 3585 442 ὃς
3644 380 3715 431 ἐν

2138 495 2318 563 μορυῇ
2368 490 2503 543 Θεοῦ
2544 489 2823 557 ὑπάρχων.
2874 483 2972 552 οὐχ
3018 475 3312 549 ἁρπαγμὸν
3371 473 3616 542 ἡγήσατο
3644 470 3717 563 ch

2136 580 2275 640 εἶναι
2309 562 2398 637 ίσα
2442 581 2578 650 Θεῷ.
2628 597 2644 629 ι
2684 576 2792 630 Καὶ
2837 573 3124 641 σιωπήσας
3170 568 3239 621 τά
3269 567 3414 633 ὲξῆς,
3448 564 3524 625 ὡς
3558 562 3718 633 αύτῷ

2138 677 2395 747 πολέμια,
2425 673 2621 740 ἐπάγει
2649 670 2822 737 λέγων
2848 684 2862 700 ·
2896 684 2915 718 ι
2952 663 3089 718 Ἀλλ’
3112 662 3199 715 ἶνα
3225 660 3301 730 μὴ
3321 660 3388 712 τά
3414 657 3538 711 καθ’
3577 657 3721 710 Exa-

2140 787 2239 824 στα
2256 767 2416 836 λέγω,
2435 766 2671 836 ὑπήκοος
2692 760 2983 830 γενόμενος
3004 756 3167 825 μέχρι
3192 752 3447 813 θανάτου,
3475 748 3720 805 θανάτου

2139 862 2195 915 δὲ
2214 856 2469 930 σταυροῦ.
2493 877 2509 907 ι
2534 856 2643 908 Καὶ
2664 854 2768 924 μὴν
2796 851 2856 905 ού
2883 848 3050 903 πολλὰ
3066 841 3134 919 ἦν
3152 845 3221 897 τὰ
3240 842 3442 914 μεταξὺ
3469 839 3711 930 ρηθέντα

2138 950 2216 1020 τῷ
2276 928 2601 1016 Ἀποστόλῳ.
2648 943 2818 996 Τοῦτο
2856 938 2965 1009 γὰρ
3018 937 3176 1007 μόνον
3225 933 3339 1003 ἔχει
3386 930 3447 983 τὸ
3501 928 3711 998 μέσον·

2146 1063 2165 1093 ι
2204 1040 2501 1093 Ἐκένωσεν
2542 1036 2735 1091 ἑαυτὸν
2776 1032 2989 1105 μορφὴν
3036 1028 3221 1082 δούλου
3277 1024 3474 1079 λαϐὼν.
3502 1042 3520 1074 ι
3567 1022 3717 1074 Ἀλλ’

2137 1130 2211 1193 ὡς
2245 1127 2455 1199 μακρὸν
2507 1124 2639 1180 αὐτὸ
2696 1120 3050 1192 παρατρέχει.
3078 1115 3257 1180 Δεινὸς
3288 1115 3396 1183 γὰρ
3427 1114 3456 1166 ὁ
3476 1111 3615 1181 ἀνὴρ
3647 1113 3719 1179 τῇ

2140 1220 2314 1289 κλοπῇ
2341 1218 2450 1271 τῶν
2483 1217 2659 1285 λόγων
2688 1214 2748 1266 τὸ
2784 1211 2983 1280 ἀληθὲς
3006 1207 3321 1262 συσκιάσαι.
3358 1205 3569 1272 Ὠσπερ
3602 1203 3722 1271 γὰρ

2141 1308 2398 1379 ἀνωτέρω
2422 1306 2502 1367 τὸ,
2545 1327 2564 1357 ‹
2589 1305 2682 1359 καὶ
2740 1305 2819 1365 εἰς
2852 1302 2947 1354 ἕνα
2990 1298 3194 1368 Κύριον
3220 1316 3237 1348 ι
3274 1293 3574 1355 πιστεύειν,
3604 1293 3718 1359 ὑφ-

2140 1402 2392 1471 ελόμενος
2413 1399 2515 1468 τῆς
2544 1399 2651 1450 τῶν
2684 1394 2826 1448 Πατέ
2838 1410 2943 1463 ρων
2963 1390 3258 1451 ἐκθέσεως,
3275 1388 3460 1442 ἄδειαν
3479 1385 3721 1437 δέδωκεν

2142 1492 2320 1564 ἐαυτῷ
2352 1491 2614 1545 πλειόνων
2664 1488 2880 1555 φύσεων
2932 1485 2990 1537 τὸ
3022 1482 3256 1554 Χριστὸς
3313 1479 3483 1548 ὄνομα
3536 1476 3722 1530 κοινὸν

2141 1585 2341 1653 λέγειν,
2362 1584 2532 1643 οὕτως
2564 1578 2794 1633 ἐνταῦθα
2816 1577 2878 1629 τὸ
2900 1574 3110 1643 (ἑαυτὸν
3140 1570 3396 1639 ὲκένωσε)
3424 1568 3518 1622 τοῦ
3552 1568 3722 1635 λόγου

2145 1677 2442 1747 περιαιρεῖ,
2472 1673 2547 1735 ὼς
2574 1670 2755 1724 ἱκανὸν
2781 1666 3010 1733 διδάξαι,
3042 1666 3125 1719 ὅτι
3160 1661 3293 1726 Θεὸς
3321 1662 3399 1724 είς
3431 1658 3724 1713 κοινωνίαν

2073 1761 2115 1817 Β
2143 1766 2500 1839 ἀνθρωπίνων
2534 1761 2873 1835 πραγμάτων
2902 1756 3131 1827 κατέϐη.

2210 1878 2343 1930 KA'.
2388 1873 2528 1927 Ἀλλ’
2566 1873 2667 1926 οὐκ
2708 1870 2925 1941 ἔμεινεν
2956 1869 2985 1921 ὁ
3019 1865 3281 1922 ἀπατεὼν
3308 1864 3725 1931 ἀνεξέλεγκτος,

2140 1969 2241 2022 κᾶν
2280 1965 2537 2034 ὕφείλατο
2562 1961 2657 2016 τοῦ
2693 1961 2852 2030 λόγου
2883 1960 2953 2013 τά
2974 1958 3325 2029 καιριώτερα.
3366 1956 3581 2026 Ἐπειδὴ
3606 1956 3728 2023 γὰρ

2140 2059 2311 2114 πολλὰ
2336 2056 2431 2111 τοῦ
2457 2056 2618 2125 λόγου
2659 2053 2909 2107 κλέπτων
2938 2052 3220 2126 ᾐσχύνετο,
3252 2048 3502 2112 δεδοικὼς
3531 2049 3591 2103 τὸ
3618 2048 3726 2101 καὶ

2142 2152 2344 2207 ἁλῶναι
2391 2150 2620 2216 κλοπῆς,
2677 2150 2828 2203 ἄκων
2882 2146 3006 2216 μὲν,
3061 2145 3173 2207 Θεὶς
3208 2145 3263 2197 δὲ
3315 2144 3465 2212 ὅμως
3494 2142 3556 2194 τὸ
3586 2142 3724 2209 ἑξῆς

2141 2245 2272 2315 περὶ
2298 2240 2640 2309 Μονογενοῦς
2686 2237 2840 2309 παρὰ
2867 2237 2963 2291 τοῦ
3007 2236 3221 2290 Παύλου
3256 2233 3439 2307 ῥηθὲν,
3471 2230 3722 2303 ἠλέγχθη

2144 2334 2331 2404 σαφῶς
2350 2333 2411 2386 τὸ
2429 2329 2786 2401 καιριώτερον
2808 2330 2906 2398 τῆς
2942 2327 3254 2397 οἰκονομίας
3280 2325 3490 2379 ἀθετῶν
3526 2326 3722 2393 μέρος,

2142 2423 2241 2492 τῆς
2275 2421 2412 2492 πρὸς
2449 2419 2516 2473 τὰ
2554 2416 2871 2487 ἀνθρώπινα
2899 2415 2993 2469 τοῦ
3032 2415 3167 2469 Θεοῦ
3202 2415 3377 2482 Λόγου
3408 2414 3719 2476 κοινωνίας.

2143 2510 2329 2566 Εἰπὼν
2382 2510 2489 2581 γὰρ
2538 2510 2668 2580 περὶ
2717 2506 2884 2561 αὐτοῦ
2940 2506 3023 2567 τὸ,
3086 2506 3421 2576 «Γενόμενος
3476 2506 3723 2576 ὑπήκοος

2147 2602 2309 2672 μέχρι
2364 2600 2618 2662 θανάτου,
2682 2598 2913 2652 Θανάτου
2952 2598 3009 2651 δὲ
3069 2597 3368 2668 σταυροῦ,›
3413 2597 3567 2667 παρὰ
3619 2596 3721 2649 τοῦ

2146 2692 2358 2747 Παύλου
2410 2690 2608 2761 ρηθέψ
2660 2690 2847 2757 σαφῶς
2904 2690 3343 2760 παραχαράττων
3391 2688 3490 2760 τὴν
3536 2687 3725 2740 πίστιν

2147 2784 2453 2853 ἐλέγχεται,
2476 2783 2572 2836 καὶ
2602 2781 2786 2845 κακῶς
2818 2780 3090 2851 ἀνθρώπῳ
3128 2781 3273 2850 μόνῳ
3298 2779 3619 2852 προσνέμων
3649 2780 3723 2832 τὰ

2150 2876 2319 2947 πάθη.
2346 2877 2407 2929 Εἰ
2431 2874 2541 2947 γὰρ
2564 2876 2591 2927 ό
2617 2875 2676 2926 ὲν
2710 2876 2894 2944 μορφῇ
2925 2872 3058 2926 Θεοῦ
3085 2872 3364 2943 ὑπάρχων,
3393 2873 3488 2925 καὶ
3518 2873 3633 2933 ἴσος
3661 2871 3723 2923 δὲ

2149 2964 2225 3017 ὣν
2258 2964 2334 3035 τῷ
2366 2963 2507 3034 Θεῷ,
2536 2964 2778 3034 ὑπήκοος
2809 2961 3003 3031 γέγονε
3028 2961 3191 3031 μέχρι
3223 2961 3478 3025 Θανάτου,
3507 2962 3601 3013 καὶ
3624 2960 3726 3013 θα-

2150 3056 2311 3108 νάτου
2351 3051 2610 3123 σταυροῦ,
2652 3052 2811 3122 δῆλον
2842 3051 2916 3114 ὡς
2946 3050 3108 3114 αὐτὸς
3153 3046 3223 3122 ἦν
3257 3051 3285 3102 ὁ
3327 3050 3536 3115 παθὼν,
3563 3051 3623 3103 ού
3652 3057 3722 3123 τῇ

2153 3148 2250 3215 τῆς
2284 3144 2532 3215 θεότητος
2583 3142 2766 3212 φύσει,
2812 3141 2948 3195 ἀλλὰ
2977 3144 3044 3212 τῇ
3099 3140 3203 3211 ίδίᾳ
3240 3142 3421 3211 σαρκὶ,
3469 3143 3535 3212 ἢν
3580 3142 3725 3194 κατὰ

2149 3234 2435 3304 ἀκρίδειαν
2472 3235 2682 3305 ἥνωσεν
2734 3232 2935 3304 ἐαυτῷ.
2975 3233 3138 3285 Ἀλλὰ
3166 3235 3195 3287 ὁ
3230 3235 3327 3304 μὲν
3373 3233 3725 3305 ἠπατημένος

2151 3324 2289 3395 πρὸς
2319 3323 2527 3387 πάντας
2570 3324 2697 3387 τοὺς
2741 3325 2837 3394 τῆς
2865 3323 3078 3393 φύσεως
3117 3324 3277 3393 ὄρους
3313 3325 3478 3394 ὁμόσε
3508 3322 3723 3396 χωρῶν,

2152 3417 2244 3471 καὶ
2274 3416 2345 3470 τὰ
2382 3418 2479 3487 μὲν
2531 3416 2803 3479 κλέπτων,
2839 3416 2907 3469 τὰ
2950 3416 3005 3469 δὲ
3046 3416 3479 3487 παραλογισμοῖς
3514 3415 3726 3486 σοφιζόο

2154 3527 2333 3580 μενος,
2393 3509 2597 3578 ἀνοίγει
2660 3508 2831 3580 θύραν
2898 3508 3193 3576 ἀπολογίας
3250 3510 3363 3572 τοῖς
3427 3508 3721 3570 Ἰουδαίοις,

2156 3602 2349 3672 μικρὸν
2377 3601 2561 3664 αὐτοῖς
2604 3601 2665 3655 τὸ
2695 3600 2837 3653 κατὰ
2870 3601 2962 3655 τὸν
3004 3600 3237 3672 σταυρὸν
3276 3600 3518 3669 ἔγκλημα
3546 3598 3719 3663 δεῖξαι

2155 3694 2502 3764 βουλόμενοςο
2534 3694 2609 3757 ὡς
2636 3692 2922 3765 ἄνθρωπον
2971 3692 3403 3763 σταυρωσάντων
3433 3691 3602 3762 μόνον,
3622 3691 3718 3743 καὶ

2152 3786 2303 3840 οὐδὲν
2341 3785 2752 3856 τετολμηκότων
2782 3784 2923 3838 κατὰ
2959 3783 3111 3837 Θεόν.
3148 3785 3210 3838 Οἱ
3264 3783 3321 3836 δὲ
3359 3785 3453 3836 ἐπὶ
3500 3783 3597 3852 τῆς
3625 3782 3723 3835 Νι.

2154 3878 2316 3940 καίας
2345 3876 2702 3947 ξυναχθέντες
2736 3876 2883 3945 ἅγιοι
2930 3875 3177 3948 Πατέρες
3207 3876 3367 3931 αὐτὸν
3415 3875 3507 3927 τὸν
3556 3876 3729 3928 Μονο-

2154 3972 2287 4041 γενῆ
2315 3971 2444 4024 Υἱὺν
2476 3971 2570 4024 τοῦ
2598 3970 2755 4036 Θεοῦ,
2806 3971 2897 4025 τὸν
2924 3968 3255 4039 γεννηθέντα
3282 3970 3346 4022 ὲκ
3370 3967 3461 4021 τοῦ
3488 3968 3727 4039 Πατρὸς,

2155 4063 2251 4117 καί⁵
2276 4063 2336 4116 οὐ
2376 4062 2689 4132 ποιηθέντα,
2715 4061 3015 4127 τουτέστιν,
3041 4063 3106 4115 ἐκ
3134 4062 3233 4130 τῆς
3258 4061 3447 4122 οὐσίας
3489 4059 3585 4112 τοῦ
3615 4061 3727 4112 Πα-

2154 4155 2302 4225 τρὺς,
2337 4154 2429 4209 τὸν
2451 4154 2741 4225 ὁμοούσιον
2768 4153 2845 4225 τῷ
2871 4154 3066 4225 Πατρὶ,
3101 4153 3195 4206 καὶ
3221 4170 3286 4206 σα
3296 4152 3595 4224 ρκωθῆναι,
3630 4153 3731 4205 καὶ

2158 4241 2599 4314 ὲνανθροητῆσαι,
2656 4242 2752 4297 καὶ
2805 4241 3000 4296 παθεῖν
3042 4241 3295 4310 λέγουσι·
3352 4243 3729 4311 σιωπήσαντες

2154 4333 2293 4397 τέως
2315 4333 2404 4387 διά
2458 4333 2841 4405 βραχυλογίαν,
2867 4332 2962 4386 τοῦ
3008 4333 3251 4397 ἀπαθοῦς
3274 4333 3367 4386 τὸν
3396 4334 3617 4404 τρόπον.
3648 4335 3725 4387 Οὐ

2157 4427 2267 4497 γάρ
2309 4426 2470 4494 φύσιν
2523 4426 2777 4497 θεότητος
2826 4426 3106 4494 εἰσάγουσι
3163 4425 3435 4497 παθητὴν,
3462 4425 3599 4478 ἀλλὰ
3629 4425 3729 4494 τὴν

2155 4518 2291 4587 πρὸς
2318 4519 2381 4571 τὸ
2413 4517 2654 4588 παθητὸν
2680 4518 2859 4587 ἄκραν
2885 4517 3078 4571 ἕνωσιν
3104 4516 3197 4570 τοῦ
3219 4515 3355 4570 Θεοῦ
3382 4516 3555 4585 Λόγου
3582 4517 3731 4571 διδά-

2155 4627 2402 4663 σκουσινο
2437 4611 2504 4681 ἢν
2543 4610 2641 4663 καὶ
2677 4609 2857 4662 αἰτίαν
2882 4609 2983 4680 τὴν
3013 4609 3107 4663 τοῦ
3148 4609 3330 4663 θεῖκοῦ
3367 4608 3583 4678 λέγουσι
3622 4608 3731 4663 πά-

2154 4698 2311 4762 θους⁸
2350 4698 2445 4752 καὶ
2481 4698 2575 4752 τοῦ
2610 4698 2844 4752 θανάτου
2876 4698 2938 4751 τὸ
2972 4700 3244 4769 χρήσιμον
3300 4699 3729 4763 ἐκδιδάσκοντες,

2152 4788 2455 4842 δεικνύουσι
2486 4789 2577 4841 τὸν
2607 4789 2891 4860 ὁμοούσιον
2916 4789 2995 4859 τῷ
3024 4790 3199 4861 Πατρὶ
3234 4789 3439 4858 Ἰησοῦν
3473 4789 3730 4860 Χριστὸν,

2152 4880 2394 4950 crepa;
2448 4879 2542 4933 καὶ
2574 4879 2662 4932 διὰ
2695 4879 2797 4951 τὴν
2859 4880 3134 4951 ἡμετέραν
3180 4880 3463 4951 σωτηρίαν
3510 4897 3732 4947 σαρκω-

2154 4970 2338 5034 θέντα,
2397 4971 2656 5035 παθόντα,
2696 4972 2785 5025 καὶ
2833 4971 3141 5026 ἀναστάντα
3188 4973 3254 5041 τῇ
3309 4972 3469 5042 τρίτη
3517 4971 3725 5041 ἡμέρα,

2154 5062 2447 5116 ἀνελθόντα
2481 5064 2561 5125 εἰς
2620 5062 2903 5134 οὐρανοὺς.
2952 5062 3246 5133 ἐρχόμενον
3284 5062 3472 5133 κρίναι
3518 5061 3732 5125 ζῶντας

2156 5154 2252 5208 καὶ
2278 5154 2524 5226 νεκρούς.
2555 5155 2673 5208 Ἵνα
2712 5155 2823 5225 γὰρ
2865 5154 2957 5208 τὸν
2997 5155 3192 5227 κριτὴν
3220 5154 3437 5225 ἔχωμεν
3462 5154 3725 5222 συγγενῆ.

2155 5245 2287 5310 Θεὸς
2342 5245 2700 5309 ἀναλλοίωτος
2754 5245 3040 5317 ἄνθρωπος
3095 5247 3307 5315 γίνεται
3330 5263 3343 5276 ·
3382 5246 3469 5300 ἵνα
3517 5248 3583 5317 τῇ
3633 5242 3763 5296 τοῦδ

2157 5337 2345 5408 κριτοῦ
2385 5337 2676 5407 συγγενείᾳ
2700 5337 3086 5408 θαρρήσωμεν,
3113 5338 3163 5391 οί
3197 5336 3258 5401 ἐξ
3284 5336 3501 5390 οἰκείων
3531 5350 3730 5404 κατορ-

2160 5428 2427 5498 θωμάτων
2464 5428 2779 5499 παρρησίαν
2830 5429 2931 5481 οὐκ
2960 5428 3195 5499 ἔχοντες.
3232 5427 3451 5496 Ἐπειδὴ
3497 5424 3601 5495 γὰρ
3633 5440 3751 5495 φοο»

2159 5519 2321 5590 ὁερός
2354 5520 2502 5573 ἐστιν
2538 5518 2614 5583 ὼς
2665 5518 2817 5582 Θεὸς.
2843 5520 2937 5572 καὶ
2974 5519 3219 5583 ποθεινὸς
3248 5521 3381 5589 ἡμῖν
3412 5516 3487 5579 ὡς
3512 5514 3729 5585 ἄνθρω-

2163 5628 2261 5673 πος
2294 5610 2528 5678 γίνεται’
2565 5610 2629 5662 ἵν’
2651 5607 2786 5679 ὁμοῦ
2823 5626 2882 5661 τε
2917 5608 3242 5679 φοϐηθῶμεν
3284 5608 3375 5661 τὸν
3418 5606 3601 5666 αὑτὸν,
3631 5604 3729 5657 καὶ

2166 5702 2513 5774 ποθήσωμεψ
2544 5700 2639 5770 τῆς
2668 5700 2765 5769 μὲν
2792 5698 3038 5765 ἐξουσίας
3058 5699 3389 5769 ἐμποιούσης
3419 5697 3508 5750 τὸν
3540 5694 3722 5763 φόόον,
