4062 6202
389 282 528 338 1545

1514 277 1876 337 EXPOSITIO
1915 277 2206 335 SYMBOLI
2242 279 2512 338 NICENI.

3485 289 3631 348 1546

387 397 488 467 τῆς
515 394 573 449 δὲ
603 391 927 464 συγγενείας
959 390 1309 464 παρεχούσης
1330 392 1423 445 τὸν
1453 393 1638 448 πόθον.
1692 395 1954 465 Ἔρχεται

2073 394 2230 448 :iente
2267 397 2862 467 metum,‘cognatione
2892 410 3074 458 autem
3103 402 3376 459 excitante
3404 402 3623 459 deside-

385 483 479 540 οὖν
512 485 699 556 κρίναι
747 483 956 547 ζῶντας
988 482 1086 535 καὶ
1129 483 1359 553 νεκροὺς
1400 484 1429 536 ό
1459 482 1583 552 ιμοὶ
1623 484 1958 553 κοινωνήσας

386 578 495 632 τῶν
524 574 905 647 ἀνθρωπίνων,
936 573 1027 628 ἵνα
1052 573 1247 646 κριτὴς
1276 573 1484 634 δίκαιος
1569 574 1783 639 τούτοις
1809 575 1960 629 δικά-

387 671 515 735 ζων,
543 662 624 731 οἷς
682 665 846 730 αὐτὸς
894 665 1159 736 πρότερον
1205 665 1314 720 τῶν
1356 664 1546 721 παθῶν
1602 665 1959 738 ἐκοινώνησε·

388 761 486 814 καὶ
515 755 863 828 συγγνώμων
906 755 1138 827 γένηται
1175 755 1453 828 δικαστὴς,
1482 757 1625 811 κατὰ
1651 757 1741 811 τὸν
1790 758 1962 829 μέγαν

400 846 745 910 Ἀπόστολον,
773 864 793 898 ι
821 846 882 911 ἐξ
910 839 985 900 ὧν
1014 843 1186 899 ἔπαθε
1222 844 1410 916 μαθὼν
1435 846 1537 915 τὴν
1560 846 1863 917 ὑπακοήν.»
1897 847 1962 900 Εἰ

393 936 503 1006 γὰρ
541 935 635 989 καὶ
686 935 865 990 πάντα
907 932 1185 1004 γινώσκει,
1216 933 1350 997 Θεὸς
1396 934 1494 999 ὢν,
1539 936 1569 987 ὁ
1614 935 1962 1005 Μοῢογενήςο

391 1025 529 1081 ἀλλὰ
562 1025 868 1098 προσέλαϐε
923 1027 1118 1097 πεῖραν
1147 1016 1223 1078 ῶν
1265 1024 1301 1094 ἡ
1350 1024 1514 1092 φύσις
1548 1024 1648 1095 τῆς
1676 1023 1963 1094 Θεὸτητος.

387 1117 449 1173 οὖ
461 1135 512 1171 τε
537 1113 607 1189 ἦν
639 1116 765 1171 οὗτε
794 1116 989 1186 γέγονε
1030 1113 1275 1186 δεκτική.
1315 1113 1428 1186 Τὴν
1467 1113 1577 1187 γὰρ
1601 1114 1966 1188 προσληφθεῖ-

389 1226 490 1264 σαν
525 1209 596 1263 ἐκ
641 1208 866 1280 Μαρίας
896 1206 1059 1281 φύσιν
1088 1204 1296 1268 ὲνώσας
1331 1205 1532 1276 ἑαυτῷ,
1554 1205 1725 1277 ταύτῃ
1751 1206 1966 1278 δέχεται

389 1301 591 1372 πεῖραν
616 1292 692 1353 ὧν
725 1302 758 1369 ἡ
786 1297 947 1367 φύσις
974 1298 1073 1369 τῆς
1101 1295 1350 1370 θεότητος
1382 1297 1674 1369 ἀπείρατος
1696 1293 1785 1369 ἦν.

467 1574 594 1627 KB'.
635 1574 696 1627 ὀ
716 1573 772 1627 δὲ
799 1573 893 1628 τὸν
917 1573 1017 1645 τῆς
1061 1573 1343 1647 Παρθένου
1370 1575 1675 1632 διαὸάλλων
1700 1577 1795 1633 τοῦ
1827 1579 1965 1634 Θεοῦ

392 1666 573 1729 τόκον,
604 1664 747 1719 ἔοικε
780 1666 882 1736 τῆς
909 1666 1006 1719 τοῦ
1036 1666 1174 1721 Θεοῦ
1205 1668 1399 1738 σοφίας
1426 1670 1642 1740 ἀγνοεῖν
1671 1662 1743 1726 τε
1762 1674 1966 1745 μυστη-

397 1772 531 1827 ριον.
563 1755 637 1810 Οὐ
684 1755 793 1825 γὰρ
820 1750 972 1820 οὗτος
1007 1755 1038 1808 ὁ
1069 1757 1228 1821 τόκος
1266 1759 1409 1830 ἀρχὴ
1439 1738 1694 1832 θεότητος
1717 1738 1961 1832 γέγονεν,
1992 1738 2037 1793 Β

392 1846 531 1901 ἀλλὰ
561 1846 846 1917 προοίμιον
897 1843 969 1919 ἦν
999 1848 1094 1903 τοῦ
1137 1850 1317 1921 σάρκα
1359 1851 1611 1918 γενέσθαι
1654 1854 1744 1909 τὸν
1768 1855 1961 1924 Λόγον.

408 1937 630 2009 Ἐπειδὴ
678 1936 787 2008 γὰρ
837 1937 1022 1991 εἵλατο
1068 1938 1321 2007 γενέσθαι
1376 1941 1682 2014 ἄνθρωπος,
1730 1943 1808 1997 ῶν
1861 1946 1967 2018 πρὸ

393 2026 608 2081 αἰώνων
643 2026 779 2092 Θεός
801 2044 817 2060 ·
848 2029 995 2100 ἁρχὴ
1037 2029 1096 2084 δὲ
1130 2030 1230 2102 τῆς
1263 2031 1682 2104 ἀνθρωπότητος
1731 2036 1760 2088 ὁ
1810 2036 1968 2101 τόκος

391 2115 541 2171 ἱστί’
568 2116 782 2187 δέχεται
807 2115 906 2187 τὴν
934 2116 1108 2189 ἀρχὴν
1130 2118 1230 2187 τῆς
1275 2119 1588 2190 οἰκονομίας
1634 2123 1749 2185 τοῖς
1794 2123 1969 2193 κράγ-

400 2224 537 2278 μασι
572 2207 811 2278 κρηπῖδα
841 2207 1046 2279 ταύτην
1072 2208 1371 2275 ὑποτιθείς.
1413 2210 1524 2265 ’Δεί
1567 2209 1643 2265 ῶν
1685 2212 1777 2266 τοῦ
1826 2208 1968 2267 εἶναι

397 2296 688 2368 ἄνθρωπος
722 2297 952 2369 ἄρχεται
977 2315 993 2331 ι
1023 2298 1084 2352 τὸ
1118 2299 1238 2370 μὲν,
1265 2298 1344 2354 ὢν
1369 2300 1525 2366 Θεδς,
1553 2302 1617 2356 τὸ
1646 2302 1705 2357 δὲ
1730 2304 1807 2368 ώς
1851 2305 1968 2359 ἑλό-

403 2405 563 2461 μενος
596 2388 849 2457 γενέσθαι
879 2390 974 2444 καὶ
1008 2389 1315 2463 ἄνθρωπος.
1349 2392 1415 2446 ⁸0
1447 2392 1512 2464 δὴ
1537 2394 1632 2449 καὶ⁵
1663 2395 1714 2448 οί
1750 2396 1843 2449 ὲπί
1867 2396 1971 2468 τῆς

400 2478 635 2541 Νικαίας
662 2479 901 2550 Πατέρες
918 2479 1205 2551 δηλοῦντες
1231 2481 1421 2553 σαφῶς
1434 2483 1701 2556 ἔγραψαν,
1733 2488 1968 2559 περὶτοῦ

400 2569 743 2638 Μονογενοῦς
770 2572 1045 2636 είπόντεςθ
1081 2589 1103 2624 ι
1133 2573 1274 2638 Τοὺς
1305 2574 1362 2629 δὲ
1388 2574 1677 2644 λέγοντας·
1699 2573 1809 2632 Ἦν
1840 2596 1970 2633 ποτε

399 2659 489 2712 ὅτε
517 2660 619 2713 οὐκ
642 2656 747 2733 ἦν’
778 2660 893 2729 καὶ,
918 2662 1056 2733 Πρὶν
1089 2662 1417 2735 γεννηθῆναι
1449 2665 1550 2719 ούκ
1586 2661 1685 2738 ἦν’
1733 2669 1852 2733 καί,
1888 2670 1970 2722 ὅτι

401 2751 461 2818 ἐξ
502 2750 604 2805 οὐκ
652 2751 822 2807 ὅντων
870 2753 1107 2822 ἐγένετο,
1136 2755 1170 2825 ἢ
1197 2754 1256 2819 ἐξ
1285 2757 1479 2826 ἑτέρας
1532 2758 1903 2824 ὑποστάσεως,
1935 2760 1970 2830 ἢ

402 2842 620 2906 οὐσίας’
661 2842 973 2913 φάσκοντας
1027 2839 1190 2911 εἶναι,
1223 2846 1256 2915 ἢ
1296 2846 1549 2917 τρεπτὸν,
1602 2848 1636 2921 ἢ
1684 2848 1971 2904 ἀλλοιωτὸν

404 2933 496 2988 τὸν
518 2932 649 2988 Υἱδν
678 2933 773 2988 τοῦ
796 2933 954 3000 Θεοῦ,
982 2934 1207 3000 τούτους
1229 2936 1619 3008 ἁναθεματίζει
1642 2942 1677 3012 η
1711 2940 1973 3012 καθολικὴ

2060 483 2225 536 rium.
2271 483 2435 538 Venit
2466 500 2600 555 ergo
2636 486 2888 556 judicare
2934 489 3087 545 vivos
3118 499 3175 545 et
3218 500 3483 555 mortuos,
3529 492 3625 562 qui

2060 571 2298 628 humana
2338 589 2552 629 mecum
2583 579 2894 633 communia
2920 579 3120 636 habet:
3148 589 3204 635 ut
3233 581 3414 650 justus
3439 581 3509 636 sit
3533 582 3625 653 ju-

2060 663 2185 726 dex,
2216 664 2471 735 judicans
2507 681 2575 720 ex
2608 667 2677 722 iis
2718 669 3121 734 all'ectionibus,
3149 685 3287 739 quas
3322 670 3439 740 ipse
3472 672 3632 741 prius

2060 756 2350 811 nobiseum
2398 758 2592 814 habuit
2627 776 2978 827 communes;
3010 771 3067 816 et
3100 771 3162 816 ut
3201 761 3517 817 misericors
3560 762 3634 817 sit

2057 847 2226 917 judex
2256 848 2411 918 juxta
2440 865 2696 920 magnum
2725 851 3068 921 Apostolum,
3095 851 3300 922 quippe
3318 850 3412 922 qui
3441 869 3454 904 :
3494 871 3511 902 ι
3552 851 3634 907 Ex

2064 938 2133 993 iis
2154 955 2276 1009 quae
2297 956 2490 1010 passus
2516 951 2620 1006 est,
2646 942 3013 999 obedientiam
3038 944 3250 999 didicit.
3289 963 3307 995 ι
3336 943 3471 997 Nam
3505 942 3636 997 licet

2064 1031 2249 1086 omnia
2286 1043 2580 1103 cognoscat
2620 1034 2978 1105 Unigenitus,
3031 1049 3099 1090 eo
3135 1034 3280 1105 quod
3326 1034 3397 1088 sit
3438 1033 3585 1089 Deus
3619 1049 3634 1084 :

2065 1129 2306 1176 attamen
2342 1124 2737 1193 experientiam
2761 1125 2905 1196 cepit
2927 1142 3141 1190 eorum,
3169 1141 3403 1195 quorum
3438 1133 3635 1184 natura

2067 1212 2288 1268 deitatis
2327 1230 2507 1284 neque
2547 1225 2665 1271 erat
2709 1232 2887 1287 neque
2936 1216 3078 1271 facta
3109 1216 3212 1270 fuit
3244 1232 3412 1286 capax
3449 1234 3462 1270 :
3509 1232 3635 1271 nam

2067 1313 2400 1374 assumptam
2430 1319 2498 1359 ex
2542 1306 2708 1360 Maria
2744 1305 2966 1376 Virgine
3004 1313 3258 1359 naturam
3305 1305 3636 1376 sibimetipsi

2070 1395 2286 1460 uniens,
2311 1395 2404 1450 illa
2427 1397 2866 1466 experimentum
2890 1395 3037 1466 cepit
3056 1411 3250 1451 eorum
3276 1410 3510 1466 quorum
3536 1411 3602 1449 ex
3618 1424 3635 1435 ο

2067 1505 2198 1561 pers
2225 1496 2345 1544 erat
2367 1497 2565 1543 natura
2597 1487 2838 1542 deitatis.
3491 1476 3495 1480 ’

2137 1581 2304 1636 XXII.
2342 1580 2449 1636 Sed
2484 1580 2579 1650 qui
2625 1579 2724 1634 Dei
2775 1594 2844 1634 ex
2881 1579 3110 1652 Virgine
3152 1577 3499 1638 nativitatem
3540 1594 3637 1634 ac-

2069 1682 2246 1738 cusat,
2278 1671 2596 1743 mysterium
2639 1670 2919 1740 sapientiae
2959 1673 3057 1728 Dei
3087 1672 3343 1743 ignorare
3371 1672 3589 1728 videtur
3618 1689 3633 1725 :

2065 1775 2245 1830 neque
2267 1761 2415 1815 enim
2442 1760 2559 1814 haec
2587 1760 2846 1814 nativitas
2871 1759 3064 1817 deitati
3089 1762 3422 1832 principium
3459 1762 3635 1827 dedit,

2065 1847 2161 1903 sed
2195 1848 2481 1904 exordium
2531 1848 2635 1903 fuit
2660 1849 3060 1909 incarnationis
3090 1852 3276 1906 Verbi.
3314 1851 3453 1919 Quia
3486 1853 3637 1908 enim

2065 1935 2230 1991 homo
2251 1935 2368 1992 ﬁeri
2384 1936 2637 2004 dignatus
2658 1946 2762 2002 est,
2788 1937 2935 1993 Deus
2954 1946 3081 1993 ante
3104 1940 3301 1994 secula
3328 1940 3638 2007 exsistens;

2066 2028 2396 2099 principium
2420 2043 2553 2082 vero
2582 2027 2836 2084 humanae
2878 2030 3214 2085 exsistentize
3240 2040 3325 2086 est
3356 2032 3636 2095 nativitas,

2066 2118 2212 2189 capit
2242 2118 2574 2189 principium
2611 2119 3059 2190 dispensationis,
3089 2121 3197 2176 hoc
3220 2120 3641 2177 fundamentum

2067 2209 2234 2265 rebus
2268 2224 2621 2280 supponens;
2661 2219 2719 2265 et
2759 2225 2978 2281 semper
2997 2211 3285 2278 exsistens;
3317 2212 3483 2268 homo
3519 2229 3644 2269 esse

2068 2301 2301 2372 incipit:
2338 2300 2478 2357 illud
2513 2300 2771 2368 quidem,
2811 2309 3002 2373 utpote
3043 2302 3219 2369 Deus;
3269 2302 3375 2357 hoc
3417 2312 3600 2360 autem
3624 2345 3639 2368 ,

2069 2401 2259 2462 utpote
2289 2398 2346 2445 et
2376 2390 2542 2445 homo
2572 2389 2690 2444 ﬁeri
2722 2389 3001 2461 dignatus.
3032 2390 3190 2458 Quod
3222 2400 3279 2446 et
3308 2392 3515 2448 Niczeni
3538 2394 3642 2447 Pa—

2069 2490 2182 2537 tres
2201 2479 2581 2552 significatur?
2587 2478 2875 2534 manifeste
2898 2481 3241 2549 scripserunt
3258 2480 3326 2536 de
3349 2481 3642 2551 Unigenito

2069 2574 2160 2629 his
2178 2572 2362 2627 verbis
2391 2588 2404 2623 :
2437 2590 2457 2621 ‹
2485 2569 2590 2635 Qui
2615 2584 2748 2623 vero
2775 2568 2970 2624 dicunt
2995 2586 3010 2624 :
3041 2570 3175 2623 Erat
3196 2569 3492 2640 aliquando
3513 2588 3641 2628 cum

2070 2678 2180 2718 non
2199 2669 2386 2727 esset;
2426 2660 2559 2714 item
2590 2678 2603 2712 :
2632 2659 2938 2729 Antequam
2980 2672 3321 2727 nasceretur,
3349 2677 3460 2716 non
3481 2672 3641 2728 erat;

2069 2760 2127 2807 et
2143 2751 2291 2821 quod
2313 2767 2381 2806 ex
2406 2766 2518 2805 non
2542 2750 2937 2805 exsistentibus
2955 2752 3250 2817 exstiterit,
3272 2753 3358 2807 vel
3379 2769 3447 2808 cx
3467 2753 3643 2811 aliena

2070 2841 2424 2897 subsistentia
2455 2840 2571 2897 sive
2599 2841 2908 2897 substantia
2928 2882 2944 2908 ,
2973 2842 3063 2897 vel
3093 2844 3437 2910 mutabilem,
3460 2854 3518 2900 et
3548 2862 3644 2902 va-

2071 2931 2322 2987 riabilem
2368 2929 2567 2986 Filium
2601 2930 2701 2985 Dei
2744 2945 2866 2984 esse
2912 2929 3127 2996 dicunt,
3161 2931 3285 2986 illos
3324 2931 3645 2988 anathema-

404 3024 503 3077 καὶ
560 3022 893 3097 ἁποστολικὴ
936 3024 1255 3099 Ἐκκλησία.
1281 3045 1302 3079 ι
1341 3027 1462 3082 Ἵνα
1502 3029 1614 3101 γὰρ
1661 3030 1739 3104 μὴ
1797 3032 1972 3106 ἀρχὴν

2074 3024 2206 3081 tizat
2235 3023 2505 3080 catholica
2548 3029 2605 3077 et
2635 3022 2934 3094 apostolica
2972 3022 3237 3081 Ecclesia.
3278 3043 3297 3075 ι
3334 3023 3551 3080 Etenim
3579 3040 3647 3079 ne

407 3115 657 3186 θεότητος
684 3115 776 3170 τοῦ
807 3116 1145 3186 Μονογενοῦς
1178 3119 1273 3172 τὸν
1304 3119 1459 3173 τόκον
1505 3124 1652 3194 νοῇς,
1695 3124 1974 3197 ἀναθεμα-

406 3203 615 3269 τίζουσι
656 3206 785 3266 τοὺς
834 3203 1126 3273 λέγονταςο
1174 3202 1319 3261 «Ἦν
1371 3224 1503 3262 ποτε
1550 3209 1637 3263 ὅτε
1685 3211 1785 3265 οὐκ
1816 3205 1916 3283 ἦν’
1949 3231 1969 3266 ι

408 3296 713 3369 ἐξορίζουσι
752 3295 810 3350 δὲ
851 3296 951 3368 τῆς
981 3297 1322 3369 Χριστιανῶν
1366 3299 1581 3365 ἐλπίδος
1608 3301 1854 3368 καὶτοὺς
1891 3303 1978 3358 λέ-

408 3403 637 3456 γοντας·
673 3403 694 3438 ι
723 3387 805 3440 ὅτι
856 3387 986 3459 πρὶν
1018 3388 1351 3462 γεννηθῆναι
1380 3392 1481 3446 οὐκ
1508 3386 1604 3464 ἦν’
1638 3412 1657 3446 ι
1690 3392 1878 3460 ξένους
1915 3411 1977 3448 τε

408 3477 512 3548 τῆς
551 3475 710 3549 ἡμῶν
739 3477 984 3543 τιθέντας
1010 3481 1304 3551 σωτηρίας,
1332 3482 1576 3546 καὶτοὺς
1600 3482 1857 3550 λέγοντας
1885 3483 1978 3537 τὸν

410 3566 645 3640 Χριστὸν
688 3567 771 3622 ὅτι
805 3586 826 3621 ι
847 3568 907 3636 ἑξ
955 3569 1056 3624 οὐκ
1091 3569 1261 3625 ὄντων
1309 3569 1545 3637 ἐγένετο.
1566 3587 1586 3620 ι
1618 3571 1729 3623 Καὶ
1781 3571 1890 3641 μὴν
1928 3572 1979 3625 εί

415 3659 576 3730 μόνον
603 3660 888 3731 ἄνθρωπος
914 3657 984 3732 ἦν
1010 3660 1149 3714 κατὰ
1168 3660 1298 3724 τοὺς
1319 3659 1791 3735 πεπλανημένους,
1822 3660 1978 3734 θεῖκῇ

412 3750 778 3822 τετιμημένος
806 3750 955 3822 ἀξία,
984 3749 1044 3815 ἐξ
1068 3751 1169 3804 οὐκ
1193 3750 1362 3805 ὄντων
1408 3751 1652 3819 ἐγένετο,
1702 3751 1845 3806 κατὰ
1881 3752 1981 3823 τὴν

413 3840 699 3913 δύσφημον
747 3840 999 3910 γλῶσσαν
1055 3839 1287 3910 εκείνην.
1326 3839 1466 3893 Ἀλλ’
1496 3839 1685 3912 ἐπειδὴ
1714 3843 1743 3896 δ
1768 3839 1844 3896 ὢν
1877 3843 1983 3912 πρὸ

414 3932 525 3987 τῶν
565 3933 779 3987 αἰώνων
822 3930 1038 4000 ἐγένετο
1067 3929 1373 4002 ἄνθρωπος,
1403 3931 1530 3996 τοὺς
1565 3931 1625 3999 ἐξ
1671 3931 1773 3986 ούκ
1812 3931 1983 3987 ὄντων

416 4023 745 4094 γεγενῆσθαι
766 4021 1026 4089 λέγοντας
1049 4020 1142 4074 τὸν
1166 4020 1422 4093 Χριστὸν,
1451 4022 1551 4094 τῆς
1573 4022 1851 4096 σωτηρίας
1890 4024 1986 4081 καὶ

416 4114 516 4185 τῆς
551 4113 660 4167 τῶν
680 4111 1023 4184 Χριστιανῶν
1041 4112 1253 4178 ἐλπίδος
1284 4111 1562 4181 ἐξέϐαλον.

490 4289 620 4346 ΚΓ.
659 4292 770 4346 Καὶ
790 4291 964 4347 ταῦτα
999 4293 1098 4365 μὲν
1118 4290 1311 4368 οὕτως.
1347 4294 1466 4349 ἰνα
1494 4293 1551 4349 δὲ
1577 4294 1653 4366 μὴ
1681 4293 1822 4349 κατὰ
1858 4310 1987 4367 τρο-

2074 3116 2299 3173 deitatis
2322 3113 2602 3186 Unigeniti
2623 3114 2959 3185 principium
2982 3114 3327 3169 nativitatem
3354 3114 3650 3187 intelligas,

2074 3207 2542 3266 anathematizant
2569 3222 2668 3262 eos
2704 3205 2798 3277 qui
2843 3205 3036 3261 dicunt
3070 3223 3083 3259 :
3123 3225 3142 3257 ι
3179 3205 3312 3261 Erat
3354 3205 3653 3276 aliquando

2074 3298 2298 3371 quando
2318 3313 2430 3351 non
2452 3305 2607 3361 erat;
2640 3314 2659 3346 ι
2679 3295 3052 3350 exterminant
3075 3309 3295 3364 quoque
3318 3310 3350 3348 a
3371 3310 3468 3366 spe
3486 3295 3650 3350 Chri-

2075 3392 2380 3446 stianorum
2403 3403 2501 3442 eos
2522 3386 2617 3457 qui
2639 3385 2832 3439 dicunt
2863 3402 2877 3437 :
2909 3402 2928 3434 ι
2961 3382 3114 3450 Quod
3139 3392 3433 3455 antequam
3455 3401 3652 3441 nasce-

2076 3489 2233 3536 retur
2265 3494 2377 3534 non
2409 3477 2604 3543 fuerit;
2640 3495 2659 3528 ι
2706 3474 2917 3529 alienos
2951 3489 3171 3545 quoque
3203 3490 3235 3529 a
3262 3474 3439 3529 salute
3466 3485 3653 3531 nostra

2078 3569 2456 3633 constituunt,
2488 3566 2583 3638 qui
2622 3565 2905 3621 Christum
2944 3583 2962 3616 ι
3006 3580 3074 3621 ex
3100 3580 3213 3621 non
3260 3567 3657 3625 exsistentibus

2079 3661 2357 3716 exstitisse
2395 3680 2414 3711 ι
2448 3665 2725 3713 asserunt.
2758 3654 2924 3727 Atqui
2952 3656 2998 3710 si
3033 3665 3245 3712 tantum
3266 3657 3432 3713 homo
3464 3659 3655 3724 fuerit,

2075 3750 2230 3820 juxta
2259 3761 2480 3803 errores
2515 3745 2655 3809 illos,
2688 3743 2876 3799 divina
2912 3743 3179 3816 dignitate
3227 3744 3547 3813 honoratus,
3586 3764 3652 3803 ex

2081 3857 2194 3896 non
2225 3838 2618 3895 exsistentibus
2640 3835 2944 3891 secundum
2972 3834 3196 3906 impiam
3224 3836 3370 3890 illam
3411 3837 3656 3909 linguam

2081 3928 2315 3986 exstitit.
2352 3926 2460 3982 Sed
2507 3925 2636 3997 quia
2678 3924 2769 3979 ille
2813 3922 2907 3995 qui
2937 3930 3021 3978 est
3066 3918 3193 3978 ante
3232 3926 3451 3990 saecula,
3478 3926 3657 3982 factus

2084 4030 2169 4081 est
2214 4022 2403 4084 homo,
2439 4032 2537 4073 eos
2571 4015 2667 4088 qui
2698 4031 2766 4070 ex
2799 4030 2913 4070 non
2944 4013 3338 4071 exsistentibus
3372 4017 3654 4073 Christum

2083 4112 2361 4171 exstitisse
2382 4109 2594 4174 dicunt,
2634 4124 2666 4164 a
2692 4108 2868 4164 salute
2895 4114 2953 4163 et
2974 4121 3069 4179 spe
3099 4104 3539 4163 Christianorum
3570 4123 3659 4164 re-

2080 4205 2301 4279 jiciunt.

2157 4291 2350 4349 XXIII.
2381 4289 2561 4361 Atque
2598 4286 2717 4343 haec
2755 4286 2978 4357 quidem
3000 4286 3108 4342 hoc
3141 4287 3322 4343 modo.
3344 4288 3546 4344 Verum
3584 4303 3656 4343 ne

421 4381 532 4453 πὴν
576 4381 832 4455 θεότητος
883 4382 1168 4455 ἄνθρωπον
1212 4383 1306 4438 τὸν
1351 4384 1635 4454 Μονογενῆ
1696 4384 1976 4454 γεγονέναι

2090 4381 2397 4441 secundum
2434 4377 2799 4433 mutationem
2836 4376 3056 4430 deitatis
3096 4374 3447 4446 Unigenitum
3476 4375 3659 4432 homi-

422 4477 726 4546 νοήσωμεν,
773 4473 1234 4546 ἀναθεματίςουσι
1293 4476 1389 4531 καὶ
1435 4477 1565 4539 τοὺς
1613 4475 1894 4545 λέγοντας,
1949 4475 1982 4548 ἦ

420 4568 653 4640 τρεπτδν
704 4566 739 4640 ἢ
793 4566 1078 4623 ἀλλοιωτὸν
1123 4568 1217 4622 τὸν
1261 4567 1389 4622 Υἰδν
1419 4566 1514 4621 τοῦ
1547 4566 1704 4621 Θεοῦ.
1752 4568 1827 4622 οὐ
1877 4569 1987 4640 γὰρ

426 4657 698 4733 μεταϐολὴ
744 4658 935 4730 θεῖκῆς
988 4658 1203 4729 φύσεως
1253 4659 1345 4712 τὸν
1397 4660 1675 4729 Μονογενῆ
1702 4659 1989 4731 ἄνθρωπον

423 4751 645 4818 εδειξεν,
676 4750 791 4804 ἀλλ’
814 4750 1093 4820 οἰκονομία
1121 4765 1203 4810 τις
1235 4748 1332 4802 καὶ
1361 4748 1673 4821 ἀπόρρητος
1706 4747 1992 4818 θεοσοφίας

423 4841 860 4911 θαυματουργία.
890 4840 1061 4895 Τοῦτο
1095 4839 1205 4914 γάρ
1260 4856 1440 4911 φαμεν
1463 4840 1524 4893 τὸ
1556 4838 1878 4910 παράδοξον,
1909 4840 1993 4894 ὅτι

427 4929 650 4997 γέγονεν
677 4930 960 5000 ἄνθρωπος
998 4931 1027 4983 ὁ
1064 4930 1196 4995 Θεὸς
1225 4930 1415 5001 μείνας
1436 4929 1601 4994 Θεόςο
1636 4930 1772 5001 ὅπερ
1810 4927 1997 5002 θαῦμα

426 5022 479 5072 οἰ
529 5022 935 5091 πεπλανημένοι
984 5022 1161 5076 κοινὸν
1194 5023 1428 5093 πρᾶγμα
1460 5020 1630 5086 δεῖξαι
1660 5020 1995 5092 βουλόμενοι,

428 5110 705 5182 λογισμοίς
732 5112 998 5182 ἐρευνῶσι
1024 5113 1095 5167 τὰ
1121 5114 1261 5185 ὑπὲρ
1300 5112 1508 5167 ἔννοιαν
1531 5128 1546 5144 ο
1571 5111 1668 5164 καὶ
1704 5111 1793 5165 διὰ
1826 5111 1999 5180 λόγων

428 5202 858 5271 φιλονεικοῦντες
906 5205 968 5256 τὸ
1014 5204 1318 5276 παράδοξον
1361 5200 1687 5267 καταλῦσαι,
1721 5202 1859 5273 πρὸς
1890 5219 1995 5274 μα-

2084 4492 2211 4533 nem
2240 4474 2441 4529 factum
2479 4469 2930 4539 intelligeremus,
2953 4462 3417 4545 anathematizant
3437 4480 3661 4536 quoque

2087 4568 2183 4638 qui
2222 4561 2567 4624 mutabilem,
2591 4560 2677 4614 vel
2719 4557 3039 4613 variabilem
3081 4556 3278 4611 Filium
3306 4556 3546 4611 Deiesse
3571 4555 3658 4611 di-

2088 4636 2241 4713 cunt.
2266 4653 2456 4722 Neque
2484 4649 2631 4705 enim
2664 4646 3050 4703 transmutatio
3071 4644 3270 4699 divina:
3294 4654 3501 4699 natura:
3528 4642 3661 4700 Uni—
3746 4636 3755 4646 ’

2090 4747 2334 4821 genitum
2358 4741 2637 4797 hominem
2657 4739 2929 4803 exhibuit,
2944 4736 3041 4793 sed
3057 4735 3394 4807 dispensatio
3410 4734 3658 4806 quaedam

2090 4846 2148 4895 et
2176 4833 2454 4893 ineﬂ'abile
2478 4831 2680 4887 divinae
2699 4827 2982 4900 sapientia:
3003 4825 3350 4881 miraculum.
3375 4824 3490 4879 Hoc
3511 4822 3664 4878 enim

2092 4927 2477 4987 admirandum
2518 4939 2640 4980 esse
2678 4922 2934 4986 dicimus,
2978 4918 3125 4990 quod
3178 4918 3322 4973 Deus
3366 4916 3544 4973 factus
3592 4916 3664 4972 sit

2093 5024 2281 5087 homo,
2312 5030 2643 5091 permanens
2669 5014 2817 5068 Deus
2848 5030 2860 5066 :
2894 5010 3043 5082 quod
3072 5009 3394 5065 miraculum
3416 5008 3544 5063 dum
3570 5023 3662 5063 er-

2096 5124 2284 5170 rantes
2322 5109 2402 5165 illi
2443 5121 2558 5163 rem
2609 5117 2958 5159 communem
2998 5100 3292 5156 ostendere
3332 5098 3544 5163 volunt,
3574 5114 3664 5152 ra-

2100 5202 2346 5261 tionibus
2374 5200 2712 5259 scrutantur,
2730 5190 2880 5262 quod
2904 5189 3134 5244 rationis
3153 5197 3373 5258 captum
3399 5194 3621 5256 superat
3646 5202 3664 5238 :

430 5295 597 5348 ταίων
668 5293 942 5363 λογισμῶν
1005 5294 1381 5367 ἐξετράπησαν
1440 5293 1684 5366 ζήτησιν.
1750 5293 1976 5350 Μάταιοε

2102 5305 2161 5352 et
2203 5291 2391 5348 verbis
2436 5285 2763 5343 miraculum
2815 5295 3080 5338 enervare
3142 5277 3569 5341 contendentes,
3593 5276 3665 5330 ad

432 5386 543 5458 γὰρ
574 5385 740 5450 ὅντως
776 5386 871 5439 καὶ
900 5386 1106 5440 εἰκαῖόν
1134 5388 1271 5451 ἔστι,
1294 5386 1470 5455 λόγοις
1493 5384 1717 5456 ἑρευνᾷν
1757 5384 1828 5439 τὰ
1856 5384 1976 5456 ὑπὲι

2104 5381 2383 5439 inutilium
2415 5377 2689 5432 rationum
2718 5370 3161 5442 disquisitionem
3204 5370 3453 5423 conversi
3488 5376 3615 5420 sunt
3648 5382 3665 5417 :

433 5454 594 5546 λόγον
629 5476 1207 5550 θαυματουργούμενα.
1249 5478 1316 5532 Εἰ
1349 5454 1461 5548 γὰρ
1488 5454 1700 5531 ἅπαντα
1729 5472 1824 5530 τοῦ
1855 5454 1976 5530 Θεοί

2108 5488 2236 5531 nam
2270 5483 2474 5529 vanum
2513 5479 2709 5523 revera
2747 5471 2806 5521 et
2836 5458 3190 5518 temerarium
3228 5465 3332 5524 est,
3358 5454 3669 5513 rationibus

511 5652 554 5683 ³⁸
591 5653 754 5708 llebr.
782 5670 836 5719 ι’,
866 5654 924 5708 8.
