4062 6202
450 277 582 334 1547

1558 267 1904 324 TllEODOTl
1947 266 2250 322 EPISCOPI
2286 268 2629 324 ANCYRANl

3573 252 3719 305 l5L3

448 387 783 462 perscrutari
846 402 967 457 qum
997 385 1324 439 miraculosc
1353 399 1517 454 supra
1545 383 1811 436 rationem
1841 380 2018 434 mnti—

2136 383 2192 435 τὰ
2221 382 2476 453 θαύματα
2502 381 2743 452 μέλλοιεν
2772 373 3047 448 λογισμοῖς
3086 374 3361 446 ψηὶαφᾷν,
3391 371 3543 423 οὐδὲν
3609 374 3721 441 μὲν

447 496 600 553 gere.
632 480 688 534 Si
712 478 857 532 enim
883 479 1062 531 omnia
1092 479 1184 531 Dei
1211 477 1476 544 miracula
1501 475 1811 528 rationibus
1837 471 2022 525 rimari

448 586 514 624 ac
556 569 775 639 palpare
801 566 990 630 velint,
1030 566 1239 620 nullum
1276 580 1406 620 sane
1440 564 1752 634 relinquent
1786 563 2024 616 miracu—

449 663 598 727 lum;
626 673 802 726 neque
831 658 1001 710 ullum
1029 673 1058 710 a
1084 658 1196 712 Deo
1222 657 1439 728 signum
1472 664 1529 710 et
1556 655 1868 726 prodigium
1902 668 2028 723 per-

450 749 656 820 petrari
699 747 1002 802 concedent
1031 748 1119 801 isti
1165 757 1373 820 natura:
1400 746 1807 809 observatores,
1839 745 2024 798 omnia

451 837 712 890 miracula
755 837 807 889 vi
847 837 1240 905 detorquentes
1277 817 1454 890 :‘nam
1505 836 1748 890 rationes
1781 834 2027 888 omnium

453 928 818 1000 pervestigare
880 937 966 981 est
1010 927 1270 981 miracula
1304 927 1628 989 dissolvere,
1664 936 1719 980 ct
1757 926 1929 979 Deum
1973 923 2028 976 in

453 1018 571 1073 suis
598 1034 728 1089 erga
777 1033 875 1071 nos
913 1018 1192 1072 n'iiraculis
1224 1034 1344 1072 sese
1383 1018 1750 1072 oblcctantem
1781 1015 1850 1070 ad
1893 1016 2029 1068 iram

453 1125 774 1182 provocare.
813 1110 1082 1176 Quocirca
1113 1117 1168 1162 et
1203 1109 1522 1163 Zachariam
1564 1115 1774 1178 patrem
1806 1105 2032 1160 Joannis

455 1202 710 1271 Baptista:
749 1201 970 1254 silentio
1004 1202 1147 1254 Deus
1193 1200 1614 1260 condemnabat,
1651 1197 1795 1267 quod
1846 1197 2032 1266 gratia:

456 1293 782 1347 miraculose
807 1301 1134 1361 pcrpctratw
1152 1291 1374 1344 modum
1400 1289 1674 1344 curiosius
1697 1288 2028 1356 inquireret:

456 1398 566 1439 non
596 1382 754 1436 (idem
781 1382 1050 1436 adhibens
1075 1390 1330 1450 tanquam
1355 1379 1642 1443 miraculo,
1665 1378 1760 1432 sed
1791 1376 2035 1430 rationes

459 1474 802 1528 miraculosze
843 1471 1182 1542 Operationis
1209 1471 1304 1525 Dei
1349 1470 1647 1538 exquirens
1679 1470 1698 1521 .’
1727 1474 1783 1521 et
1818 1465 2034 1519 dicente

459 1564 714 1620 Gabriele
753 1580 767 1616 :
801 1581 819 1614 ι
869 1562 1150 1616 Elisabeth
1185 1577 1322 1614 uxor
1361 1571 1453 1615 tua
1486 1560 1570 1631 (ca
1613 1566 1798 1613 autem
1830 1554 2036 1611 sterilis

460 1656 597 1724 erat)
633 1652 812 1724 pariet
841 1651 939 1705 tibi
973 1652 1147 1705 [ilium
1171 1651 1248 1718 ³⁶;
1285 1670 1302 1702 ι
1336 1650 1453 1721 ipse
1493 1663 1686 1703 eorum
1724 1663 1845 1718 quae
1877 1643 2034 1698 dixe-

2129 473 2422 543 θαυμάτων
2452 475 2686 525 ἐάσωσιν
2713 488 2723 500 ·
2757 471 2872 524 ἀλλ’
2891 469 3012 521 οὐδὲ
3043 467 3266 538 σημεῖόν
3301 482 3354 516 τι
3386 463 3538 534 παρὰ
3571 462 3720 514 Θεοῦ

2125 565 2373 634 γίνεσθαι
2402 565 2823 634 συγχωρήσωσι,
2860 561 2955 614 καὶ
2981 559 3266 630 τεράστιον
3291 557 3340 608 οί
3376 555 3720 623 φυσιολόγοι,

2127 657 2341 709 ἅπαντα
2392 656 2461 709 τὰ
2511 655 2780 724 τεράστια
2835 653 3185 723 βιαζόμενοι·
3227 650 3290 702 τὸ
3345 649 3455 717 γὰρ
3494 648 3723 702 πάντων

2125 749 2250 812 τοὺς
2282 749 2472 816 λόγους
2512 749 2760 818 ἐρευνᾷν,
2793 745 3083 800 καταλύειν
3127 744 3245 796 ἐστὶ
3294 741 3576 812 θαύματα,
3614 740 3720 792 καὶ

2129 840 2484 912 παροργίζειν
2507 839 2638 893 Θεὸν
2666 840 2723 892 ἐν
2752 842 2872 902 ταῖς
2894 830 3369 907 θαυματοῦργίαις
3391 833 3556 887 αὑτοῦ
3579 834 3718 903 παρ’

2129 930 2286 999 ἡμῶν
2314 929 2718 1000 εύθυμούμενον
2754 930 2850 1000 (8).
2882 929 2980 982 Διά
3008 928 3166 982 τοῦτο
3187 922 3280 980 οὖν
3306 927 3401 979 καὶ
3433 927 3717 995 Ζαχαρίαν

2137 1024 2228 1074 τὸν
2255 1021 2466 1092 πατέρα
2503 1023 2747 1076 Ἰωάννου
2777 1020 2874 1074 τοῦ
2915 1017 3224 1074 Βαπτιστοῦ
3273 1019 3454 1086 σιωπῇ
3497 1016 3712 1068 κατεδί-

2131 1131 2298 1167 κασεν
2328 1115 2356 1167 ὁ
2389 1113 2544 1176 Θεὸς,
2569 1114 2651 1166 ὅτι
2680 1115 2901 1183 χάριτος
2933 1109 3459 1180 θαυματουργούσης
3483 1110 3512 1161 ὁ
3533 1110 3716 1176 Ζαχα-

2129 1204 2254 1273 ρίας
2297 1203 2748 1272 πολυπραγμονεῖ
2792 1203 2882 1256 τὸν
2932 1202 3154 1272 τρόπον,
3191 1200 3270 1270 μὴ
3317 1198 3713 1261 πιστεύσαςὼς

2133 1295 2393 1366 θαύματι,
2432 1296 2568 1349 ἀλλὰ
2619 1295 2917 1364 λογισμοὺς
2945 1295 3043 1364 τῆς
3069 1292 3166 1345 τοῦ
3189 1291 3325 1344 Θεοῦ
3361 1291 3709 1360 θαυματουρ-

2132 1385 2256 1452 γίας
2305 1385 2602 1454 ἐπιζητῶν.
2642 1385 2755 1438 Καὶ
2785 1383 2880 1438 τοῦ
2931 1382 3172 1453 Γαϐριὴλ
3218 1381 3489 1443 εἰπόντος,
3523 1399 3540 1430 ι
3574 1380 3713 1432 Ἑλιο

2136 1475 2300 1528 σὰϐετ
2326 1477 2359 1545 ἡ
2382 1475 2519 1545 γυνή
2545 1491 2660 1538 σου,
2693 1471 2781 1543 (ἦν
2809 1473 2866 1525 δὲ
2901 1473 3107 1542 στεῖρα)
3140 1469 3352 1534 τέξεταί
3389 1485 3470 1520 σοι
3507 1466 3619 1518 υίόν
3643 1481 3658 1494 ’
3687 1485 3707 1516 ι

2133 1567 2295 1630 αὐτὸς
2311 1566 2494 1636 ἐζήτει
2519 1566 2627 1618 τῶν
2657 1564 2962 1636 εἰρημένων
2991 1562 3284 1629 ἀπόδειξιν,
3309 1560 3500 1621 εἰπών,
3527 1560 3712 1613 «Κατὰ

2135 1659 2190 1710 τί
2240 1657 2522 1727 γνώσομαι
2563 1659 2648 1710 ὅτι
2697 1658 2852 1711 ἔσται
2911 1673 3002 1726 μοι
3043 1655 3236 1719 τοῦτος
3265 1672 3285 1705 ι
3334 1653 3474 1706 Ἀλλ’
3527 1651 3714 1720 ἐπειδὴ

463 1752 547 1799 rat
594 1743 861 1796 rationem
910 1741 1082 1811 petit,
1127 1740 1358 1795 dicens:
1397 1759 1416 1790 ‹
1453 1739 1522 1793 Ει
1563 1737 1710 1792 unde
1746 1737 1852 1789 hoc
1900 1733 2033 1788 mihi

2139 1749 2308 1820 ᾔτησε
2358 1748 2452 1802 τοῦ
2503 1748 2778 1819 θαύματος
2818 1748 2917 1819 τὴν
2959 1745 3254 1812 ἀπόδειξιν,
3293 1744 3708 1808 καταδικάζεται

464 1835 708 1885 futurum
750 1829 919 1882 sciam
970 1830 1058 1881 '7?
1088 1848 1105 1880 ι
1157 1829 1264 1884 Sed
1311 1829 1440 1898 quia
1496 1825 2031 1882 demonstrationem

464 1920 714 1975 miraculi
753 1918 1055 1988 quzerebat,
1082 1918 1303 1973 silentio
1339 1917 1738 1972 condemnatur
1767 1915 2036 1970 :demon-

465 2014 790 2066 strationem
817 2027 1010 2065 eorum
1036 2026 1156 2080 qute
1189 2009 1538 2079 quaesiverat,
1571 2008 1854 2064 silentium
1889 2005 2039 2061 acci-

467 2102 655 2172 piens;
687 2110 743 2156 et
769 2102 951 2171 lingua
975 2100 1280 2156 sacerdotis
1306 2100 1555 2169 punitur,
1582 2114 1702 2169 quae
1721 2095 2038 2153 subscrvie-

471 2202 554 2247 rat
578 2192 644 2246 ad
671 2192 1108 2246 incredulitatem
1145 2207 1158 2244 :
1197 2199 1259 2244 ut
1305 2190 1583 2245 Zachariae
1625 2189 1904 2244 silentium
1938 2201 2040 2241 nos

463 2297 658 2337 omnes
683 2282 904 2336 doceret
936 2280 1031 2334 Dei
1058 2280 1324 2334 miracula
1348 2294 1473 2332 cum
1491 2278 1713 2333 silentio
1730 2277 2036 2347 suscipere,

467 2374 832 2442 omnibusque
848 2370 1208 2442 persuaderet
1235 2371 1349 2423 Deo
1401 2370 1666 2423 miracula
1702 2367 2040 2439 perpetrant-i

467 2465 717 2527 credere,
751 2478 926 2532 neque
949 2476 1141 2516 eorum
1171 2476 1294 2530 qua:
1320 2476 1464 2515 novo
1483 2460 1647 2515 modo
1672 2474 1840 2529 supra
1864 2459 2037 2513 ratio-

465 2569 593 2609 nem
623 2552 780 2616 liunt,
806 2551 1048 2604 rationes
1074 2551 1387 2619 exquirere.

535 2642 725 2698 XXIV.
759 2642 936 2710 Atque
963 2641 1081 2695 hmo
1109 2640 1334 2710 quidem
1383 2641 1558 2696 sancti
1613 2641 1805 2695 Patres
1847 2639 2042 2694 Nimiae

461 2733 777 2805 congregati
807 2732 874 2786 de
899 2731 1190 2801 Unigcnito
1224 2730 1438 2799 cognita
1470 2730 1805 2794 habuerunt,
1833 2737 1890 2783 et
1932 2729 2040 2784 Ec-

461 2825 662 2879 clesias
686 2823 913 2878 credere
949 2822 1276 2876 docuerunt.
1304 2820 1578 2876 Caeterum
1595 2821 1664 2875 de
1691 2819 1902 2889 Spiritu
1920 2835 2046 2874 san-

2141 1844 2319 1912 σιωπῇ
2338 1859 2352 1873 σ
2379 1840 2654 1908 ἀπόδειξιν
2687 1840 2796 1893 τῶν
2821 1839 3172 1910 ζητουμένων
3195 1838 3296 1908 τὴν
3329 1836 3601 1906 τιμωρίαν
3630 1836 3716 1888 δεο

2141 1928 2390 1999 ξάμενος.
2421 1930 2532 1982 Καὶ
2567 1929 2856 1992 κολάζεται
2888 1929 3110 1996 γλῶσσα
3156 1926 3235 1997 τῷ
3263 1926 3400 1997 ἱερεῖ
3423 1926 3561 1996 πρὸς
3583 1927 3717 1978 ἀπι-

2142 2022 2296 2074 στίαν
2336 2021 2756 2092 ύπηρετήσασα·
2793 2021 2880 2074 ἵνα
2914 2022 2948 2091 ἡ
2993 2018 3176 2089 σιωπὴ
3206 2017 3302 2071 τοῦ
3336 2017 3604 2087 Ζαχαρίου
3639 2017 3720 2070 δι-

2139 2111 2274 2180 δάξῃ
2307 2109 2515 2173 πάντας
2542 2111 2710 2180 ἡμᾶς,
2744 2109 2882 2180 μετὰ
2911 2108 3122 2178 σιωπῆς
3140 2107 3212 2160 τὰ
3235 2106 3331 2159 τοῦ
3353 2105 3490 2158 Θεοῦ
3535 2106 3720 2174 παρά·

2140 2199 2269 2265 δοξα
2306 2198 2556 2268 δέχεσθαι
2575 2214 2590 2229 ο
2614 2198 2707 2251 καὶ
2742 2197 2904 2268 πείσῃ
2933 2197 3142 2259 πάντας
3167 2195 3441 2248 πιστεύειν
3467 2193 3716 2264 θαυματ-

2139 2289 2426 2361 ουργοῦντι
2472 2289 2624 2359 Θεῷ,
2672 2289 2766 2342 καὶ
2810 2288 2966 2356 λόγον
3021 2286 3098 2356 μὴ
3144 2287 3396 2339 ἀπαιτεῖν
3433 2284 3542 2339 τῶν
3577 2285 3722 2354 ὑπὲρ

2142 2383 2318 2436 πάντα
2350 2381 2504 2450 λόγον
2539 2379 3061 2450 καινουργουμένων.

2212 2642 2336 2698 ΚΔ’.
2367 2640 2550 2697 Ταῦτα
2601 2640 2700 2711 μὲν
2731 2636 2860 2710 περὶ
2905 2637 2998 2692 τοῦ
3043 2635 3381 2704 Μονογενοῦς
3422 2637 3470 2688 οἱ
3499 2635 3589 2689 ἐπὶ
3620 2635 3722 2705 τῆς

2144 2733 2378 2795 Νικαίας
2410 2731 2651 2802 Πατέρες
2683 2729 3037 2800 ξυναχθέντες
3069 2727 3312 2796 ἔγνωσαν
3367 2744 3426 2780 τε
3478 2728 3570 2780 καὶ
3616 2726 3721 2789 τὰς

2158 2823 2482 2893 Ἐκκλησίας
2531 2820 2809 2874 πιστεύειν
2857 2819 3124 2884 ἐδίδαξαν.
3158 2817 3294 2888 Περὶ
3328 2817 3384 2870 δὲ
3425 2817 3516 2868 τοῦ
3560 2817 3719 2883 ἁγίου

464 2922 579 2979 cto,
602 2915 730 2985 quia
757 2914 905 2967 nulla
939 2923 1068 2966 tunc
1091 2913 1322 2981 quaestio
1375 2922 1515 2976 erat,
1545 2913 1678 2967 satis
1734 2913 2033 2967 habuerunt

2145 2915 2462 2986 Πνεύματος
2495 2914 2597 2967 οὐκ
2645 2911 2810 2982 οὔσης
2860 2911 2981 2965 τότε
3034 2911 3331 2980 ζητήσεως.
3365 2911 3719 2980 ἠρκέσθησαν

465 3005 807 3074 majestatcm
837 3002 1082 3055 divinam
1115 3001 1380 3066 indicare,
1419 3000 1666 3055 dicentes
1691 3000 1883 3070 paucis
1916 3015 2033 3054 vcr-

2144 3006 2242 3074 τὴν
2292 3004 2476 3074 θεῖκὴν
2525 3003 2682 3070 ἀξίαν
2741 3003 2976 3072 μηνύσαι
3031 3002 3258 3072 βραχέσι
3299 3003 3411 3064 τοῖς
3454 3002 3718 3071 ῥήμασιν,

466 3093 672 3157 bis,se
714 3092 870 3161 juxta
922 3091 1144 3144 Patrem
1205 3101 1261 3144 et
1309 3089 1536 3153 Filium,
1581 3089 1824 3144 etiamin
1868 3087 2033 3158 Spiri-

2145 3097 2425 3160 είπόντες’
2457 3095 2594 3167 μετὰ
2629 3093 2840 3166 Πατρὸς
2879 3094 2974 3148 καὶ
3013 3093 3144 3146 Υίοῦ
3194 3092 3472 3146 πιστεύειν
3519 3092 3610 3145 καὶ
3641 3094 3722 3154 εἰς

473 3193 588 3236 tum
607 3191 854 3236 sanctum
878 3180 1127 3235 credere.
1147 3179 1282 3234 Nam
1318 3179 1414 3250 qui
1457 3180 1779 3244 dicunt,nos
1792 3179 1958 3234 etiam
1983 3180 2040 3234 in

463 3272 733 3343 Spiritum
789 3277 1040 3325 sanctum
1083 3269 1312 3324 credere
1358 3269 1818 3340 quemadmodum
1846 3270 2039 3326 credi—

465 3379 590 3418 mus
652 3363 707 3416 iu
771 3362 988 3416 Patrem
1059 3369 1120 3415 et
1169 3360 1388 3426 Filium,
1468 3361 1735 3431 aequalem
1792 3360 2039 3431 dignita-

463 3463 575 3515 tem
609 3467 802 3508 eorum
834 3453 891 3506 in
923 3467 1064 3523 quos
1085 3452 1355 3518 creditur,
1380 3452 1695 3523 signiﬁcant
1725 3467 1886 3506 :nam
1906 3451 2040 3508 lich

459 3547 674 3602 honore
707 3553 762 3599 et
797 3543 1062 3614 dignitate
1090 3544 1338 3613 aequalis,
1367 3544 1586 3600 illorum
1612 3544 1669 3598 in
1695 3560 1835 3616 quos
1857 3543 2040 3599 credi-

464 3646 558 3692 tur
581 3637 842 3691 deitatem
879 3635 1088 3688 honore
1121 3635 1390 3704 aqualem
1415 3634 1678 3689 ostendit.
1711 3633 1824 3688 Nec
1889 3633 2039 3688 enim

464 3729 755 3804 quisquam
781 3741 879 3780 eos
911 3725 1110 3780 dooere
1137 3725 1436 3790 existimet,
1465 3741 1567 3781 nos
1602 3726 1658 3780 in
1684 3740 1907 3780 servum
1960 3726 2038 3780 si-

419 3853 426 3859 -
467 3820 580 3876 niul
602 3828 657 3873 et
687 3817 999 3878 Dominum,
1026 3816 1116 3870 vel
1145 3816 1202 3870 in
1233 3814 1554 3871 Creatorem
1589 3815 1754 3870 simul
1777 3823 1834 3869 et
1879 3831 2037 3870 crea-

467 3922 667 3974 turam,
698 3909 783 3963 vel
813 3909 869 3962 in
897 3908 1160 3977 majorem
1184 3922 1248 3960 ac
1270 3907 1540 3961 minorem
1573 3907 1744 3960 Deum
1772 3905 2034 3960 credere:

465 4019 589 4058 nam
620 4003 822 4072 quibus
852 4016 964 4056 non
989 3999 1295 4070 intercedit
1328 3999 1574 4070 ejusdem
1622 4007 1834 4052 naturaa
1892 4015 2041 4052 com-

462 4093 677 4157 munio,
703 4091 770 4146 iis
795 4107 925 4146 sane
957 4105 1136 4160 neque
1161 4106 1269 4143 una
1309 4090 1613 4161 eademque
1646 4091 1781 4146 fides
1825 4092 1895 4146 ab
1935 4091 2037 4146 ho-

465 4184 706 4238 minibus
731 4181 1014 4250 competit.
1057 4181 1256 4235 Verum
1287 4180 1424 4235 illud
1449 4182 1631 4237 obiter
1656 4197 1804 4237 nunc
1829 4183 2036 4238 dictum

459 4278 537 4340 sit
581 4277 649 4331 de
697 4274 902 4350 Spiritu
947 4283 1159 4339 sancto,
1193 4272 1262 4327 de
1306 4275 1463 4345 cujus
1507 4275 1695 4330 divina
1753 4278 2036 4346 majestate

463 4368 680 4440 plenius
712 4367 767 4420 in
793 4365 914 4419 aliis
939 4364 1118 4420 tribus
1146 4365 1305 4420 libris
1328 4366 1731 4436 disputavimus
1759 4385 1772 4421 :
1801 4383 1940 4436 quos
1991 4367 2034 4424 si

465 4459 680 4528 legeris,
729 4457 994 4526 Spiritum
1049 4465 1302 4510 sanctum
1337 4457 1455 4527 pari
1481 4458 1691 4512 honore
1717 4473 1842 4512 cum
1877 4458 2035 4514 Patre

459 4559 518 4604 et
540 4549 678 4603 Filio
712 4546 1184 4617 .conglorilicatum
1235 4563 1303 4602 ex
1342 4549 1513 4604 sacris
1560 4549 1784 4603 Litteris
1833 4549 2034 4604 disces.

460 4639 572 4694 Nos
596 4653 728 4692 vero
765 4636 869 4690 hoc
893 4644 1143 4707 tempore
1179 4637 1301 4701 tibi,
1321 4637 1626 4692 amicorum
1655 4639 2033 4702 dilectissime,

462 4727 579 4782 hate
603 4715 872 4779 orationis
895 4709 1099 4778 nostra:
1126 4724 1273 4778 dona
1301 4727 1622 4791 oll‘erimus;
1662 4728 1756 4796 qui
1810 4729 2036 4798 quidem

456 4833 527 4870 cx
560 4816 635 4872 rei
673 4816 968 4887 propositae
993 4815 1260 4885 dignitate
1284 4817 1448 4871 verba
1494 4820 1670 4874 facere
1701 4837 1810 4875 non
1835 4837 2034 4892 possu-

459 4922 604 4970 mus,
637 4915 873 4964 attamen
907 4904 1244 4960 sulIicientcr
1265 4923 1360 4960 eos
1387 4909 1482 4977 qui
1502 4926 1648 4966 nunc
1669 4912 1817 4966 circa
1870 4913 2034 4968 ﬁdem

456 4983 663 5059 errant,
685 5012 795 5051 non
825 4996 1050 5068 quidem
1081 5011 1150 5051 ex
1183 5007 1374 5052 nostro
1428 4999 1599 5056 fundo
1632 5011 1797 5073 atque
1827 5019 1894 5059 ex
1930 5020 2032 5058 no-

458 5091 653 5144 bismet
677 5087 831 5159 ipsis,
867 5087 964 5142 sed
999 5089 1202 5160 partim
1227 5104 1291 5142 ex
1315 5106 1470 5145 sacra
1495 5092 1802 5164 Scriptura,
1828 5097 2030 5166 partim

453 5194 522 5234 ex
548 5180 694 5235 tidea
721 5178 926 5234 sanctis
949 5178 1200 5234 Patribus
1228 5179 1420 5236 Nicaeae
1466 5187 1810 5254 congregatis
1862 5201 2032 5256 expo-

452 5269 557 5322 sita
590 5269 972 5326 refutavimus.
1878 5287 1888 5294 ·

523 5383 568 5410 ⁸⁸
598 5381 730 5434 Luc.
753 5397 792 5445 ι,
827 5381 913 5437 l3.
991 5381 1034 5413 ⁸⁷
1066 5381 1202 5436 ibid.
1247 5382 1337 5440 18.

530 5473 602 5542 (8)
638 5475 743 5526 Kal
777 5474 1717 5545 παροργίζειν-εὺθυμούμενον.
1751 5475 2024 5533 Cotelerio

467 5537 570 5595 Le.
585 5537 884 5611 corruptus
923 5537 1142 5615 videtur
1172 5546 1264 5600 hic
1298 5537 1451 5600 locus
1479 5537 1893 5615 feerrigendus
1927 5563 2024 5602 au-

459 5621 718 5691 tem-iper
773 5613 1125 5691 mutationem
1189 5615 1464 5691 participii
1510 5613 1914 5691 εὐθυμούμενον
1969 5620 2022 5691 in

464 5681 813 5752 l-arlicipium
844 5681 1222 5753 εύθυνόμενονξ
1273 5686 1346 5738 ita
1380 5681 1437 5738 ut
1473 5681 1666 5740 sensus
1697 5681 1767 5738 sit
1799 5704 1810 5738 :
1849 5687 1916 5740 Et
1956 5689 2024 5742 ad

2142 3186 2203 3238 τὸ
2234 3185 2388 3254 ἅγιον
2418 3183 2662 3256 Πνεῦμα.
2699 3185 2762 3237 Οἱ
2787 3183 2894 3254 γὰρ
2924 3183 3191 3245 εἰπόντες,
3221 3185 3314 3235 καὶ
3360 3185 3442 3245 εἰς
3472 3181 3533 3234 τὸ
3561 3183 3719 3250 ἅγιον

2143 3277 2366 3347 Πνεῦμα
2397 3275 2674 3329 πιστεύειν
2699 3277 2870 3346 ἡμᾶς,
2907 3275 2983 3338 ὡς
3012 3275 3341 3344 πιστεύομεν
3385 3275 3465 3336 είς
3498 3273 3720 3344 Πατέρα

2141 3369 2236 3422 καὶ
2263 3367 2412 3432 Υἰὸν,
2445 3365 2570 3437 ῐσην
2597 3367 2707 3420 τῶν
2735 3366 3142 3435 πιστευομένων
3185 3364 3282 3436 τὴν
3320 3362 3478 3428 ἀξίαν
3517 3365 3720 3433 ἐμήνυ-

2143 3471 2261 3508 σαν.
2290 3455 2354 3508 Ἦ
2377 3454 2485 3525 γὰρ
2513 3455 2776 3526 ὁμότιμος
2807 3455 3011 3517 πίστις,
3037 3455 3302 3524 ὁμότιμον
3330 3455 3440 3507 τῶν
3466 3471 3718 3508 πιστευο-

2143 3547 2320 3618 μένων
2347 3547 2445 3618 τὴν
2481 3545 2712 3616 θεότητα
2747 3545 3005 3600 δείκνυσι.
3046 3549 3120 3599 UO
3169 3548 3277 3616 γὰρ
3309 3547 3374 3600 ἄν
3408 3565 3488 3606 τις
3515 3546 3719 3602 ὑπολά-

2140 3637 2226 3691 ϐοι
2257 3637 2532 3691 διδάσκειν
2567 3639 2762 3701 αὐτοὺς
2791 3637 3072 3691 πιστεύειν
3092 3639 3241 3707 ἡμᾶς
3272 3640 3352 3701 είς
3375 3636 3549 3690 δοῦλον
3571 3635 3712 3705 ὁμοῦ

2139 3730 2232 3783 καὶ
2264 3729 2563 3798 Δεσπότην,
2607 3729 2640 3800 ἢ
2683 3730 2762 3791 είς
2801 3728 3044 3799 Κτίστην
3073 3728 3172 3781 καὶ
3201 3729 3280 3790 είς
3308 3728 3533 3797 κτίσμα,
3563 3727 3600 3797 ἢ
3629 3727 3713 3791 εις

2143 3821 2365 3892 μείζονα
2392 3821 2524 3873 Θεὸν
2553 3821 2646 3875 καὶ
2679 3820 2872 3891 μικρόν
2897 3837 2909 3850 ο
2945 3816 3025 3882 οἷς
3056 3819 3167 3888 γὰρ
3197 3820 3297 3874 οὐκ
3330 3818 3446 3872 ἔστι
3480 3819 3579 3887 τῆς
3609 3817 3711 3885 φύ-

2143 3931 2278 3976 σεως
2308 3912 2582 3976 κοινωνία,
2614 3910 2827 3974 τούτοις
2854 3912 2953 3963 οὐκ
2983 3910 3047 3963 ἂν
3083 3911 3232 3981 παρὰ
3275 3909 3382 3961 τῶν
3409 3909 3718 3981 ἀνθρώπων

2142 4006 2240 4074 μία
2274 4006 2452 4066 πίστις
2489 4003 2799 4074 ἁρμότειεν.
2844 4002 3004 4054 ’Λλλὰ
3029 4001 3203 4054 ταῦτα
3242 4001 3339 4071 μὲν
3382 3999 3457 4064 ὡς
3486 4002 3546 4052 ἐν
3574 4019 3716 4071 παρ-

2139 4095 2285 4164 έργῳ
2340 4094 2434 4146 νῦν
2465 4091 2706 4163 είρήσθω
2735 4090 2864 4160 περὶ
2905 4089 2998 4144 τοῦ
3041 4089 3358 4160 Πνεύματος
3397 4089 3492 4143 τοῦ
3529 4090 3713 4158 ἁγίου,

2138 4184 2413 4239 ὲντελέοτε
2422 4201 2514 4254 ρον
2543 4181 2701 4253 ἡμῶν
2732 4199 2797 4234 πε
2807 4182 2859 4252 pl
2880 4181 2977 4252 τῆς
3000 4180 3184 4250 θεῖκῆς
3207 4181 3524 4245 δεσποτείας
3549 4181 3714 4254 αὐτοῦ

2137 4275 2517 4346 διειλεγμένων
2548 4275 2606 4326 ἐν
2633 4274 2812 4343 τρισὶν
2844 4272 3048 4342 ἑτέροις
3091 4270 3337 4341 βιϐλίοις,
3361 4265 3447 4334 ,οἷς
3476 4259 3715 4342 ἐντυχὼν

2141 4364 2590 4436 ξυνδοξαζόμενον
2639 4363 2811 4433 Πατρ“ι
2853 4363 2947 4416 καὶ
2989 4362 3104 4431 Υἱῷ
3133 4361 3193 4415 τὸ
3224 4359 3448 4431 Πνεῦμα
3471 4361 3532 4414 τὸ
3557 4362 3714 4430 ἅγιον

2070 4425 2114 4480 D
2145 4425 2445 4528 ἑταράίτῆξ
2490 4455 2641 4518 θείας
2690 4425 2986 4525 διδαχθήσῃ
3032 4454 3070 4504 Γ
3075 4425 3276 4523 ραφῆς.
3317 4425 3508 4523 Ἱίμεῖς
3541 4425 3720 4508 δέ’σοιξ

2143 4547 2236 4601 νῦν
2270 4546 2447 4599 ταῦτα.
2480 4545 2629 4615 δῶρα
2662 4543 2771 4597 τῶν
2799 4543 3084 4614 ἡμετέρων
3115 4541 3487 4612 ἁνατιθέμεθα
3511 4543 3712 4614 λόγων,

2142 4633 2186 4691 ὦ
2211 4638 2338 4707 φίλη
2367 4636 2597 4707 κεφαλὴ,
2624 4637 2758 4707 πρὸς
2785 4635 2941 4699 ἀξίαν
2965 4636 3061 4704 μὲν
3085 4635 3182 4702 τῆς
3208 4633 3500 4700 διατάξεως
3535 4637 3716 4691 είπειν

2141 4727 2203 4779 οὺ
2238 4727 2540 4795 δυνάμενοι,
2571 4724 2752 4777 ἱκανὸν
2775 4722 2830 4776 δὲ
2858 4724 2947 4775 τὸν
2981 4723 3197 4792 ἔλεγχον
3231 4722 3338 4775 τῶν
3363 4723 3459 4775 νῦν
3489 4725 3710 4799 ἠπατη-

2145 4817 2318 4888 μένων
2350 4815 2656 4888 ἐκθέμενοι,
2701 4814 2800 4867 οὐκ
2852 4814 3061 4870 οἴκοθεν
3110 4817 3203 4866 καὶ
3235 4813 3295 4878 ἐξ
3349 4814 3551 4877 αὐτῶν,
3593 4815 3708 4869 ἀλλ’

2141 4906 2205 4959 ἔκ
2237 4924 2295 4980 τε
2339 4907 2438 4976 τῆς
2476 4906 2626 4970 θείας
2655 4906 2876 4975 Γραφῆς
2917 4905 3012 4959 καὶ
3054 4907 3118 4959 ἐκ
3150 4905 3249 4975 τῆς
3276 4905 3589 4977 ὲκτεθείσης
3623 4907 3712 4961 πί-

2142 5010 2310 5056 στεως
2363 4993 2468 5046 τῶν
2504 4995 2597 5048 ἐπὶ
2644 4994 2743 5066 τῆς
2797 4994 3029 5058 Νικαίας
3090 4994 3462 5070 ξυναχθέντων
3529 4996 3703 5065 ἁγίων

2141 5084 2418 5154 Πατέρων.

2130 5483 2270 5534 {ram
2305 5497 2586 5550 provocare
2617 5480 2805 5545 Deum,
2845 5501 2875 5538 α
2926 5485 3070 5539 nobis
3105 5486 3159 5538 in
3197 5486 3304 5538 suis
3337 5483 3605 5538 miraculis
3636 5485 3706 5536 ad

2131 5552 2387 5631 rationem
2422 5551 2778 5620 postulatum;
2813 5569 2931 5618 seu,
2967 5574 2998 5608 a
3051 5572 3152 5624 quo
3201 5557 3252 5607 in
3293 5556 3400 5607 suis
3436 5553 3704 5609 miraculis

2131 5629 2390 5673 rationem
2422 5638 2781 5691 exponamus.
