4062 6202
339 251 471 345 ibi!)

1635 409 1864 418 ..ὴ-ω-

1795 213 2116 306 "omni;

807 570 1548 684 THEODOTI
1637 572 2366 684 ANCYBANI
2465 513 3098 685 muscum

3429 254 3570 307 1530

1649 806 2255 898 HOMILUE.

930 1049 1174 1102 ΟΜΙΛΙΑ
1209 1049 1289 1102 A'.

335 1158 630 1230 Λεχρεῖσα
659 1158 728 1230 ἐν
759 1159 837 1230 τῇ
889 1160 1078 1228 θήμέρᾳ
1109 1160 1223 1228 τῆς
1271 1159 1612 1230 γεννήσεως
1645 1160 1752 1214 τοῦ
1785 1164 1906 1214 Σω-

408 1228 590 1294 τῆρος
657 1229 828 1314 ἡμῶν
875 1231 1076 1318 ’1ηςοᾷ
1127 1228 1384 1316 ξριστοῦ
1409 1248 1424 1263 '
1471 1230 1906 1301 ὐπανεγνώσθη

405 1298 473 1349 δὲ
502 1298 602 1351 καὶ
635 1314 784 1365 αντη
813 1299 883 1351 ἐν
915 1317 986 1366 τῃ
1005 1317 1159 1367 αντη
1191 1299 1453 1366 συνοόφ.

408 1410 486 1460 Λ’.
529 1409 771 1479 Λαμπρὰ
808 1410 904 1462 καὶ
952 1410 1255 1480 παράδοξος
1276 1415 1378 1483 τῆς
1406 1412 1692 1484 παρούσης
1712 1414 1906 1485 ἑορτῆς

336 1498 373 1566 ὴ
407 1497 699 1560 ὑπόθεσις·
756 1498 985 1570 λαμπρὰ
1052 1501 1173 1571 μὲν,
1224 1503 1307 1555 ὃτι
1355 1503 1538 1574 κοινὴν
1597 1504 1907 1574 ἀνθρώποις

341 1588 612 1658 σωτηρίαν
656 1587 937 1659 ἐπήγασε⁶
980 1591 1282 1660 παράδοξος
1299 1593 1377 1656 δέ,
1417 1594 1500 1647 ὅτι
1541 1594 1635 1648 τὸν
1671 1596 1773 1666 τῆς
1802 1596 1907 1665 φύ-

339 1693 478 1740 σεως
503 1678 656 1746 λόγον
680 1679 919 1750 ἐνίκησε.
941 1681 1108 1746 Φύσις
1133 1684 1232 1754 μὲν
1253 1684 1362 1754 γάρ
1392 1683 1492 1756 τὴν
1522 1687 1784 1740 τεκοῦσαν
1807 1689 1908 1741 οὐκ

327 1763 479 1820 οἶδεν
523 1769 709 1822 οὐκέτι
771 1770 1072 1842 παρθένον’
1119 1775 1153 1843 ἡ
1196 1774 1255 1827 δὲ
1291 1776 1448 1846 χάρις
1475 1779 1570 1830 καὶ
1617 1778 1906 1833 τίκτουσαν

337 1858 527 1926 ἔδειξε,
554 1861 649 1913 καὶ⁸
675 1862 946 1932 παρθένον
978 1863 1211 1932 ἐφύλαξε
1232 1883 1246 1896 ο
1279 1868 1373 1920 καὶ
1407 1869 1619 1940 μητέρα
1652 1870 1902 1940 ἐποίησε,

337 1953 431 2004 καὶ
475 1952 775 2022 παρθενίαν
829 1955 930 2008 οὐκ
979 1956 1200 2026 ἔϐλαψε.
1231 1959 1408 2030 Χάρις
1443 1959 1552 2031 γὰρ
1581 1957 1648 2031 ἦν
1687 1979 1906 2033 σωφρο-

338 2041 506 2112 σύνην
531 2042 894 2111 φυλάττουσα.
919 2046 982 2100 Ὢ
1008 2047 1108 2117 γῆς
1151 2049 1392 2120 ἀσπόρου
1435 2051 1642 2122 καρπὸν
1672 2053 1905 2124 βλαστη-

215 2135 232 2146 ‘
338 2131 510 2202 σάσης
537 2135 802 2205 σωτήριον
825 2153 838 2167 ·
878 2136 924 2187 ὣ
985 2137 1260 2208 Παρθένος
1304 2141 1466 2194 αὑτὸν
1500 2143 1772 2214 νικήσασα
1806 2145 1916 2220 τῆς,

349 2225 510 2295 Ἐδέμ
535 2226 628 2279 τὸν
659 2227 1004 2297 παράδεισον.
1047 2228 1282 2293 Ἐκεῖνος
1328 2231 1426 2300 μὲν
1458 2232 1566 2304 γὰρ
1595 2233 1906 2305 μοσχευτῶν

335 2316 519 2382 φυτῶν
550 2316 709 2383 γένος
737 2317 1027 2380 ἀνέτειλεν,
1063 2320 1128 2372 ἐκ
1159 2320 1429 2389 παρθένου
1458 2323 1562 2392 γῆς
1589 2324 1903 2379 ἀνατειλάν-

334 2422 442 2458 των
472 2406 658 2474 φυτῶν
683 2423 698 2438 ·
727 2410 761 2479 ἡ
796 2407 852 2461 δὲ
878 2409 1150 2479 Παρθένος
1185 2411 1325 2482 αὕτη
1376 2415 1640 2483 κρείττων
1685 2416 1900 2486 ἐκείνης

333 2493 435 2564 τῆς
461 2495 583 2565 γῆς.
617 2496 693 2549 Οὐ
740 2497 849 2567 γάρ
876 2496 1094 2568 ὀπώρας
1123 2499 1364 2553 ἀνέτειλε
1393 2501 1603 2573 δένδρα,
1635 2502 1772 2556 ἀλλὰ
1800 2506 1899 2575 τὴν

337 2585 532 2655 ῥάϐδον
567 2587 785 2652 Ἰεσσαὶ,
840 2590 1052 2659 καρπὸν
1109 2592 1379 2663 σωτήριον
1428 2597 1543 2655 τοῖς
1589 2594 1898 2665 ἀνθρώποις

333 2674 702 2746 παρέχουσαν.
733 2677 982 2749 Κάκείνη
1009 2681 1042 2749 ἡ
1071 2679 1144 2750 γῆ
1174 2681 1450 2751 Παρθένος
1489 2678 1580 2753 ἦν,
1609 2685 1707 2737 καὶ
1753 2684 1893 2756 αὕτη

265 2760 276 2774 “
335 2765 620 2836 παρθένος.
667 2767 806 2820 Ἀλλ’
832 2769 949 2821 ἐκεῖ
976 2769 1078 2838 μὲν
1106 2768 1268 2838 φῦναι
1290 2771 1480 2840 δένδρα
1518 2772 1846 2842 προσέταξεν
1871 2775 1901 2825 6

334 2855 500 2920 Θεός·
533 2857 740 2929 ταύτης
772 2858 832 2910 δὲ
873 2859 974 2928 τῆς
1006 2860 1282 2930 Παρθένου
1312 2862 1474 2922 αὐτὸς
1497 2865 1526 2915 ό
1555 2864 1900 2934 Δημιουργὸς

336 2948 476 3002 κατὰ
502 2948 680 3020 σάρκα
707 2949 896 3018 γέγονε
940 2950 1248 3021 βλάστημα.
1294 2952 1427 3006 Οὐδέ
1455 2954 1638 3025 ἐκείνη
1671 2956 1902 3028 μόσχευ-

337 3056 416 3108 μα
462 3039 571 3110 πρὸ
623 3040 732 3094 τῶν
784 3040 1012 3113 δένδρων
1058 3042 1276 3107 ἐδέξατο
1300 3061 1313 3074 ·
1349 3044 1470 3098 οὐδέ
1522 3044 1662 3119 αὕτη
1711 3051 1775 3102 ἐκ
1803 3049 1898 3104 τοῦ

335 3128 495 3183 τόκου
539 3130 638 3202 τὴν
691 3133 988 3203 παρθενίαν
1037 3135 1315 3205 ἠδίκησεν.
1378 3137 1440 3190 Ἥ
1492 3138 1762 3208 παρθένος
1803 3143 1898 3196 τοῦ

337 3221 662 3293 παραδείσου
689 3223 1002 3296 ἐνδοξοτέρα
1043 3226 1353 3296 γεγένηται.
1404 3227 1461 3282 '0
1495 3229 1596 3298 μὲν
1629 3231 1738 3301 γὰρ
1763 3232 1898 3286 Θεοῦ

337 3313 602 3385 γεώργιον
629 3314 850 3384 γέγονεν
873 3332 886 3347 ο
914 3319 946 3387 ἡ
977 3317 1035 3370 δέ
1080 3318 1221 3371 κατὰ
1267 3319 1366 3388 τὴν
1411 3320 1592 3391 σάρκα
1640 3323 1731 3376 τὸν
1768 3323 1901 3380 Θεὸν

337 3405 499 3460 αὑτὸν
535 3406 902 3477 ἐγεώργησεν,
932 3408 1186 3480 ἑλόμενον
1217 3410 1504 3482 ἀνθρώπου
1565 3415 1901 3484 συναφθῆναι

335 3499 404 3568 τῇ
430 3496 608 3566 φύσει.
637 3493 788 3564 Εἶδες
812 3500 929 3564 πῶς
955 3501 1141 3571 γέγονε
1167 3503 1471 3575 παράδοξον
1495 3504 1555 3557 τὸ
1585 3507 1900 3575 μυστήριον,

337 3589 732 3659 παρωσάμενον
757 3591 851 3646 τὸν
879 3592 982 3663 τῆς
1013 3593 1228 3662 φύσεως
1271 3595 1458 3660 λόγον;
1489 3589 1643 3657 Εἶδες
1669 3595 1732 3647 τὸ
1765 3595 1902 3666 ὑπὲρ

337 3680 498 3748 φύσιν
522 3683 775 3752 πρᾶγμα,
801 3682 938 3736 Θεοῦ
962 3684 1191 3752 δυνάμει
1224 3685 1516 3752 γενόμενον
1550 3684 1717 3754 μόνῃ;
1747 3680 1901 3748 Εἶδες

335 3771 428 3824 τὸν
478 3771 649 3839 Λόγον
696 3773 838 3844 ὸπὲρ
889 3773 982 3826 τὸν
1034 3772 1190 3840 λόγον
1245 3773 1602 3843 τικτόμενον;
1648 3775 1768 3827 Ὅτι
1797 3777 1905 3846 γάρ

342 3861 484 3914 ἐστιν
519 3864 548 3916 ό
578 3863 793 3934 τεχθεὶς
830 3864 1000 3932 Λόγος
1046 3862 1202 3926 Θεοῦ,
1230 3863 1386 3934 δῆλον
1419 3863 1478 3929 ἐξ
1504 3858 1580 3917 ὧν
1611 3865 1710 3934 τὴν
1767 3883 1907 3936 παρ-

338 3951 518 4006 θενίαν
562 3955 664 4007 οὐκ
716 3953 922 4008 ἔλυσεν.
959 3954 1023 4007 Ἦ
1069 3953 1329 4009 τίκτουσα
1367 3956 1545 4026 σάρκα
1587 3955 1770 4027 ψιλὴν,
1804 3956 1906 4026 τῆς

338 4037 634 4115 παρθενίας
656 4043 887 4097 παύεται
905 4059 921 4075 ο
936 4043 1051 4097 ἀλλ’
1068 4044 1256 4116 ἐπειδὴ
1277 4044 1470 4116 ἐτέχθη
1497 4046 1659 4117 σαρκὶ
1688 4046 1716 4097 6
1734 4045 1906 4112 Λόγος

337 4135 497 4197 Θεοῦ,
514 4135 769 4203 φυλάττει
793 4135 890 4206 τὴν
913 4135 1229 4208 παρθενίαν,
1261 4136 1453 4190 ἑαυτὸν
1481 4137 1652 4205 Λόγον
1669 4137 1900 4200 δεικνύς.

341 4225 507 4279 Ὅταν
529 4225 586 4278 δέ
609 4226 779 4293 Λόγον
810 4225 1051 4298 ἀκούσῃς
1057 4268 1071 4292 ς
1100 4225 1334 4297 οὐσιώδη
1357 4243 1414 4279 τε
1433 4227 1526 4281 καὶ
1545 4227 1904 4282 ἐνυπόστατον

338 4316 470 4382 νόει,
507 4316 580 4388 μὴ
599 4315 786 4370 τοῦτον
819 4317 1037 4370 τὸνδιὰ
1083 4317 1351 4388 στόματος
1378 4317 1794 4388 προλεγόμενον.

407 4408 481 4461 B'.
513 4406 766 4484 Τίκτεται
795 4404 887 4461 οὖν
911 4409 940 4460 6
971 4413 1266 4480 μονογενὴς
1295 4408 1420 4472 Υἱὸς
1453 4407 1546 4461 τοῦ
1570 4408 1724 4475 Θεοῦ,
1755 4410 1784 4461 6
1811 4408 1903 4460 uel.

336 4501 505 4569 Λόγος
527 4499 879 4569 καλούμενος,
911 4501 1009 4554 οὐκ
1031 4500 1206 4572 ἀρχὴν
1229 4499 1325 4553 τοῦ
1348 4497 1488 4553 εἶναι
1509 4500 1678 4568 Λόγος
1716 4501 1780 4552 ἐκ
1807 4499 1901 4552 τοῦ

336 4591 495 4644 τόκου
533 4590 731 4653 λαϐὼν,
766 4591 902 4644 ἀλλὰ
953 4590 1046 4644 τοῦ
1102 4591 1356 4660 γενέσθαι
1391 4591 1674 4661 ἄνθρωπος
1729 4589 1903 4661 ἀρχὴν

335 4679 428 4731 τὸν
454 4679 610 4732 τόκον
650 4679 988 4749 ποιούμενος.
1024 4677 1132 4733 Ἦν
1163 4682 1258 4750 μὲν
1279 4681 1389 4752 γὰρ
1413 4681 1519 4750 πρὸ
1541 4679 1751 4734 αἰώνων
1770 4680 1903 4742 Θεὸς

334 4769 507 4836 Λόγος
535 4769 612 4839 τῷ
648 4770 975 4841 Γεννήσαντι
1027 4773 1330 4835 συναϊδιος·
1363 4771 1550 4842 ἐπειδὴ
1599 4771 1655 4825 δέ
1693 4770 1903 4841 ἄνθρω-

335 4877 435 4923 πος
466 4859 716 4928 γενέσθαι
758 4861 825 4914 δι’
859 4861 1176 4933 ἀνθρώπους
1203 4864 1494 4934 ἠθέλησεν,
1523 4863 1585 4916 οὑ
1632 4863 1898 4933 μεταϐολῇ

337 4947 784 5018 θεῖκῆςφύσεως.
817 4949 952 5003 ἀλλὰ
986 4951 1221 5022 θαύματι
1253 4954 1346 5006 καὶ
1390 4951 1607 5021 θελήσει
1636 4952 1793 5013 Θεοῦ,
1825 4953 1901 5015 ὡς

2604 1052 2886 1107 llOMlLIA
2923 1053 2962 1106 Ι.

2013 1166 2211 1222 Habita
2236 1170 2290 1222 in
2313 1169 2395 1222 die
2411 1170 2700 1222 nativitatis
2714 1168 3010 1222 Saluatoris
3027 1169 3189 1222 nostri
3207 1167 3328 1221 Jesn
3355 1166 3566 1231 Christi,

2221 1255 2336 1308 qua:
2360 1247 2408 1290 et
2437 1240 2551 1309 ipsa
2578 1239 2711 1292 lecta
2742 1251 2815 1292 est
2841 1241 2892 1292 in
2929 1240 3108 1292 eadem
3137 1240 3333 1308 synodo
3365 1238 3460 1308 (tl).

2062 1413 2104 1465 l.
2123 1411 2281 1466 Clara
2294 1420 2349 1465 et
2375 1412 2714 1466 admirabilis
2727 1415 3010 1481 prmscntis
3031 1429 3193 1468 causa
3217 1413 3526 1476 festivitatis
3552 1431 3566 1467 :

2010 1504 2156 1559 clara
2188 1503 2434 1573 quidem,
2462 1507 2722 1572 quoniam
2753 1520 3098 1560 communem
3125 1505 3441 1560 hominibus
3469 1522 3568 1560 ceu

2008 1596 2130 1650 fons
2163 1595 2412 1665 profudit
2464 1596 2698 1650 salutem
2741 1613 2754 1649 :
2804 1597 3147 1651 admirabilis
3193 1606 3397 1660 autem,
3440 1597 3567 1666 quia

2009 1695 2221 1742 natura:
2249 1686 2690 1742 vicitrationem.
2732 1686 2936 1741 Natura
2980 1688 3125 1742 enim
3175 1696 3301 1757 post
3349 1698 3569 1757 partum

2007 1779 2185 1833 nescit
2205 1778 2437 1832 ulterius
2465 1778 2732 1848 virginem
2764 1795 2777 1830 :
2812 1779 2983 1848 gratia
3007 1793 3136 1831 vero
3185 1787 3241 1833 et
3285 1787 3566 1848 parentem

2007 1869 2265 1933 ostendit,
2291 1879 2347 1923 et
2370 1869 2641 1940 virginem
2667 1871 2943 1934 servavit;
2975 1879 3033 1923 et
3057 1879 3283 1923 matrem
3328 1869 3477 1930 fecit,
3513 1879 3570 1923 et

2006 1962 2305 2032 virginitati
2332 1977 2442 2016 non
2477 1961 2686 2016 nocuit.
2711 1960 2895 2015 Gratia
2917 1961 3063 2014 enim
3094 1969 3213 2014 erat
3255 1962 3564 2015 castitatem

2009 2066 2255 2105 servans.
2278 2050 2322 2106 Ο
2357 2061 2556 2105 terram
2582 2066 2693 2104 non
2722 2059 2915 2114 satam,
2947 2067 3068 2120 quae
3099 2051 3337 2104 fructum
3371 2049 3570 2120 germiv

2008 2143 2159 2198 navit
2197 2143 2524 2196 salutarem!
2599 2158 2631 2196 ο
2677 2142 2990 2211 Virginem,
3035 2155 3156 2211 quae
3205 2141 3382 2210 ipsum
3435 2141 3569 2194 vicit

1997 2234 2329 2288 deliciarum
2379 2234 2733 2304 paradisum!
2768 2235 2862 2288 Ille
2917 2249 3151 2302 namque
3196 2234 3313 2288 sine
3361 2232 3568 2287 semine

2007 2339 2181 2393 genus
2207 2339 2371 2378 omne
2399 2324 2711 2394 propaginis
2726 2323 2979 2393 stirpium
3009 2324 3257 2393 protulit,
3272 2339 3338 2378 ex
3357 2322 3568 2392 virgine

2009 2424 2154 2470 terra
2178 2416 2384 2470 exortis
2406 2414 2607 2484 plantis
2643 2431 2655 2466 :
2691 2414 2808 2468 haec
2836 2423 3017 2469 autem
3047 2415 3214 2483 Virgo
3236 2415 3430 2466 melior
3479 2422 3569 2467 est

2006 2507 2098 2561 illa
2122 2516 2290 2562 terra.
2329 2506 2450 2560 Non
2500 2506 2645 2561 enim
2701 2505 2997 2574 pomiferas
3041 2504 3268 2572 protulit
3315 2504 3564 2565 arbores,

2005 2596 2100 2651 sed
2133 2597 2336 2665 virgam
2362 2596 2512 2648 Iesse
2550 2595 2788 2647 fructum
2842 2593 3189 2647 salutiferum
3247 2593 3565 2647 hominibus

2006 2685 2348 2738 aﬂ‘erentem.
2385 2683 2451 2736 Et
2482 2683 2573 2735 illa
2604 2690 2752 2735 terra
2779 2682 2930 2752 virgo
2965 2691 3102 2746 erat,
3142 2692 3198 2737 et
3220 2683 3321 2737 ista
3364 2682 3518 2753 virgo
3550 2701 3562 2736 :

2005 2773 2103 2827 sed
2127 2772 2204 2825 ibi
2231 2770 2453 2839 quidem
2482 2770 2709 2824 arbores
2733 2770 2882 2824 nasci
2902 2769 3162 2838 praecepit
3201 2771 3377 2834 Deus;
3405 2770 3570 2838 hujus

2003 2872 2189 2918 autem
2218 2861 2458 2932 Virginis
2476 2869 2697 2916 creator
2726 2861 3026 2916 secundum
3053 2877 3273 2916 carnem
3297 2863 3569 2918 factusest

2005 2969 2251 3025 germen.
2294 2953 2483 3022 Neque
2531 2952 2624 3006 illa
2674 2960 2819 3006 terra
2858 2960 2986 3006 ante
3035 2953 3262 3008 arbores
3301 2954 3568 3024 plantaria

2007 3045 2292 3115 suscepit;
2320 3058 2497 3113 neque
2538 3042 2651 3098 haec
2685 3058 2752 3096 ex
2780 3051 2936 3112 partu
2982 3043 3349 3113 virginitatem
3408 3046 3565 3100 lassit.

2007 3137 2169 3207 Virgo
2201 3135 2456 3205 paradiso
2478 3133 2769 3205 gloriosior
2793 3134 2932 3188 facta
2962 3143 3084 3188 est:
3130 3135 3220 3191 ille
3266 3137 3414 3190 enim
3472 3137 3567 3192 Dei

2007 3230 2225 3284 cultura
2246 3228 2420 3283 factus
2451 3226 2715 3293 est;haac
2767 3235 2951 3280 autem
2991 3228 3291 3282 secundum
3351 3243 3568 3283 carnem

2009 3325 2178 3378 Deum
2203 3323 2381 3392 ipsum
2407 3321 2670 3384 excoluit,
2710 3320 2804 3374 ubi
2835 3319 3010 3373 voluit
3049 3320 3288 3375 hominis
3323 3321 3565 3390 copulari

2009 3423 2235 3470 natura.
2263 3411 2460 3467 Vidisti
2498 3410 2774 3479 quomodo
2812 3411 3016 3462 factum
3033 3416 3118 3463 est
3135 3410 3456 3464 admirabile
3483 3427 3570 3464 suo

2009 3510 2350 3556 crumentum
2384 3499 2786 3552 transcendens
2816 3507 3026 3552 natura:
3078 3497 3384 3552 rationem?
3433 3499 3566 3553 Rern

2011 3599 2205 3645 natura
2232 3588 2574 3658 superiorem
2605 3587 2790 3642 vidisti
2821 3589 2935 3642 sola
2973 3588 3068 3642 Dei
3109 3587 3313 3644 virtute
3340 3587 3571 3643 factam?

2012 3682 2206 3737 Vidisti
2257 3680 2519 3742 Verbum,
2551 3680 2714 3734 modo
2743 3680 3010 3734 rationem
3042 3679 3340 3734 excedente
3384 3681 3571 3734 nasci?

2007 3774 2140 3827 Nam
2166 3773 2259 3841 qui
2288 3780 2450 3825 natus
2468 3780 2571 3835 est,
2597 3785 2722 3825 eum
2740 3786 2859 3825 esse
2885 3770 3121 3824 Verbum
3148 3769 3243 3824 Dei
3261 3769 3437 3838 palam
3461 3776 3566 3832 est,

2004 3881 2071 3921 ex
2102 3881 2213 3934 quo
2235 3865 2600 3934 virginitatem
2619 3877 2728 3916 non
2762 3861 2942 3916 solvit.
2963 3860 3093 3927 Quae
3116 3860 3318 3914 nudam
3343 3876 3565 3915 carnem

2005 3953 2167 4025 parit,
2203 3952 2358 4022 virgo
2411 3967 2533 4006 esse
2559 3950 2765 4005 desinit
2820 3968 2832 4002 :
2886 3950 2981 4004 sed
3015 3950 3142 4019 quia
3185 3959 3347 4004 natus
3391 3957 3475 4004 est
3508 3949 3565 4004 in

2004 4061 2170 4101 carne
2194 4046 2432 4100 Verbum
2473 4045 2588 4109 Dei,
2619 4043 2990 4114 virginitatem
3014 4042 3272 4103 custodit,
3295 4056 3353 4095 se
3389 4043 3564 4111 ipsum

2004 4135 2239 4192 Verbum
2282 4135 2596 4190 ostendens.
2637 4133 2868 4200 Quando
2905 4141 3087 4187 autem
3123 4132 3361 4185 Verbum
3385 4131 3562 4194 audis,

2003 4225 2362 4280 substantiale
2409 4223 2648 4278 Verbum
2694 4231 2749 4277 et
2795 4222 3102 4277 subsistens
3162 4220 3424 4290 iutcllige,
3455 4235 3562 4274 non
3603 4288 3606 4289 ν

2005 4317 2110 4369 hoc
2135 4314 2282 4384 quod
2315 4330 2413 4383 per
2433 4329 2494 4367 os
2515 4313 2835 4368 eﬂ'undilur.
3549 4299 3551 4302 6
3633 4303 3636 4306 ’

2075 4407 2139 4460 ll.
2174 4407 2430 4462 Nascitur
2447 4417 2577 4472 ergo
2601 4402 2913 4471 unigenitus
2945 4400 3114 4455 Filius
3134 4399 3250 4461 Dei,
3283 4398 3374 4467 qui
3397 4398 3562 4452 etiam

2003 4500 2240 4554 Verbum
2269 4504 2497 4551 vocatur
2525 4513 2540 4560 ;
2566 4511 2675 4549 non
2701 4493 3031 4563 principium
3058 4501 3118 4544 ut
3145 4491 3217 4544 sit
3237 4491 3472 4545 Verbum
3495 4506 3565 4546 ex

2002 4599 2160 4656 partu
2197 4586 2524 4656 percipiens,
2563 4589 2657 4638 sed
2714 4591 2774 4636 ut
2829 4583 2902 4636 sit
2933 4582 3095 4634 homo
3145 4579 3471 4648 principium
3507 4579 3562 4632 in

2005 4678 2122 4747 ipso
2148 4685 2305 4746 partu
2332 4675 2558 4729 habens.
2584 4672 2717 4728 Nam
2767 4681 2885 4727 erat
2938 4671 3160 4740 quidem
3201 4680 3325 4723 ante
3365 4670 3560 4724 saecula

2003 4770 2148 4823 Deus
2170 4767 2407 4822 Verbum
2423 4764 2668 4820 Genitori
2693 4771 3025 4817 coaeternum
3054 4777 3066 4813 :
3091 4758 3220 4828 quia
3243 4773 3371 4812 vero
3396 4759 3561 4812 homo

2002 4865 2227 4928 propter
2254 4854 2504 4910 homines
2530 4853 2643 4907 ﬁeri
2666 4851 2876 4917 voluit;
2909 4867 3018 4906 non
3040 4849 3341 4904 mutatione
3364 4848 3562 4902 divina:

2003 4956 2231 5009 naturae,
2279 4945 2371 5000 sed
2409 4944 2674 4998 miraculo
2723 4959 2789 4996 ac
2822 4941 3101 4995 voluntate
3140 4939 3258 5002 Dei,
3304 4948 3561 5007 tauquam

334 5038 506 5108 ἀρχὴν
539 5038 632 5090 τοῦ
664 5038 917 5105 γενέσθαι
945 5041 1253 5112 ἄνθρωπος,
1274 5041 1366 5096 τὸν
1393 5052 1557 5096 τόκον
1582 5043 1896 5110 ἠσπάσατοο

2005 5040 2334 5112 principium
2369 5049 2426 5094 ut
2453 5038 2609 5093 ﬁeret
2655 5037 2841 5099 homo,
2877 5043 3090 5104 partum
3123 5033 3404 5102 amplexus
3431 5041 3515 5086 est
3543 5073 3556 5086 .

336 5128 421 5180 διὰ
453 5128 608 5180 τοῦτο
645 5129 739 5181 καὶ
773 5126 848 5190 ὡς
876 5129 1161 5198 ἄνθρωπος
1208 5131 1476 5197 τίκτεται,
1509 5131 1604 5185 καὶ
1648 5124 1722 5194 ὡς
1769 5130 1902 5194 Θεὸς

336 5221 502 5287 Λόγος
539 5217 829 5280 παρθενίαν
881 5221 1162 5288 ἐφύλαξεν.
1216 5225 1352 5278 Οὐδὲ
1405 5223 1518 5294 γάρ
1559 5224 1588 5276 6
1632 5223 1900 5294 ἡμέτερος

332 5309 486 5378 λόγος
521 5309 834 5379 τικτόμενος
864 5309 1076 5378 φθείρει
1104 5312 1340 5365 διάνοιαν
1359 5330 1373 5344 ·
1396 5312 1520 5366 οὐδὲ
1551 5311 1722 5373 Λόγος
1759 5311 1895 5364 Θεοῦ

405 5451 482 5521 (9)
539 5452 707 5507 Vetus
764 5458 1032 5520 interpres
1100 5451 1248 5505 hunc
1307 5450 1528 5521 titulum
1586 5448 1894 5521 apposuitl‘;

335 5518 578 5592 Theodoti
601 5523 823 5592 episcopi
857 5518 1181 5592 Ancyrorurn
1223 5534 1394 5592 sermo
1425 5518 1594 5592 dictus
1621 5518 1710 5592 die
1748 5518 1902 5572 Nati-

336 5662 596 5730 t‘irgineo;
632 5671 680 5714 et
727 5663 849 5734 quia
879 5660 1012 5713 Dens
1049 5669 1123 5712 est
1156 5659 1246 5729 qui
1291 5668 1448 5711 natus
1485 5669 1554 5711 est
1596 5675 1605 5685 α
1638 5659 1790 5710 homo
1823 5657 1904 5726 fa-

2006 5145 2072 5185 ac
2095 5136 2380 5199 propterea
2413 5135 2474 5182 ut
2506 5127 2669 5180 homo
2697 5123 2964 5184 nascitur,
2995 5131 3126 5177 etut
3157 5121 3300 5177 Deus
3319 5121 3558 5177 Verbum

2004 5220 2371 5290 virginitatem
2395 5217 2651 5272 servavit.
2672 5215 2857 5283 Neque
2882 5212 3026 5268 enim
3051 5221 3303 5267 nostrum
3329 5212 3558 5267 verbum

2001 5328 2125 5370 cum
2160 5311 2393 5380 paritur,
2431 5307 2737 5375 corrumpit
2759 5313 3026 5371 mentem;
3057 5319 3234 5370 neque
3259 5304 3404 5358 Deus
3430 5303 3562 5359 Ver-

1993 5459 2102 5504 ctus
2139 5447 2415 5510 miraculo,
2450 5453 2498 5499 et
2539 5461 2642 5498 non
2677 5443 2964 5498 mutatione
2998 5438 3330 5510 substantiis;
3356 5444 3405 5490 et
3436 5436 3564 5506 quia

1994 5535 2128 5572 unus
2170 5527 2218 5571 et
2251 5517 2387 5571 idem
2421 5523 2518 5572 est.
2544 5524 2592 5567 et
2631 5512 2785 5573 illud,
2824 5521 2871 5564 et
2907 5509 3046 5564 istud
3075 5509 3283 5562 dictus:
3315 5514 3364 5561 et
3395 5521 3565 5576 neque

237 5593 240 5596 ’
336 5592 507 5644 vitatis
543 5577 836 5645 Saluatoris
868 5577 1032 5643 nostri
1066 5599 1113 5643 et
1145 5589 1238 5642 Dei
1273 5587 1464 5641 Christi
1505 5589 1633 5642 Jesu
1665 5590 1719 5641 in
1745 5597 1900 5656 partu
1997 5589 2259 5656 Opinione,
2298 5601 2462 5656 neque
2497 5583 2893 5654 cogitationibus
2927 5577 3250 5640 dividendus.
