4048 6210
508 274 641 335 ΙΖΞΙ

1567 263 1911 318 THEODOTI
1955 261 2257 315 EPISCUPI
2299 260 2646 313 ANCYRANI

3622 257 3773 310 1Ξῖἰέ

505 394 636 447 hum
660 388 1017 446 substantiale
1033 396 1089 442 ct
1114 384 1444 448 subsistens,
1469 391 1688 452 partum
1714 382 1922 451 cligcns
1974 396 2071 448 pc-

2184 369 2440 445 ούσιώδης
2487 393 2545 428 τε
2598 376 2689 428 καὶ
2730 373 3108 437 ὲνυπόστατος,
3142 372 3232 425 τὸν
3268 372 3424 425 τόκον
3479 373 3774 443 ἑλόμενος.

505 479 655 533 rimit
678 476 1070 547 virginitatem.
1096 474 1250 530 Ultra
1275 472 1545 526 rationem
1572 487 1701 541 ergo
1742 478 1951 524 natura
1991 477 2077 525 est

502 569 648 639 quod
679 568 882 621 factum
926 578 1042 631 est;
1087 578 1209 629 nec,
1237 578 1443 633 quaso,
1504 561 1573 616 ad
1599 569 1809 617 natura
1837 559 2078 614 rationes

504 658 827 713 descendas.
849 656 1169 712 Miraculum
1199 655 1299 709 tibi
1327 654 1451 708 dico
1477 671 1491 708 :
1517 653 1629 707 noli
1655 666 1875 707 movere
1911 650 2079 704 ratio-

504 749 827 803 cinationes.
859 750 1031 804 Deum
1060 757 1254 802 natum
1278 744 1375 800 tibi
1408 744 1532 799 dico
1558 743 1653 814 qui
1705 742 1857 797 nasci
1886 741 2076 796 volue-

505 840 599 903 rit,
638 855 749 894 non
805 840 900 910 qui
932 838 1237 894 divinitatis
1295 836 1516 891 initium
1578 833 1878 904 acceperit.
1933 832 2079 886 Deus

504 947 630 986 cum
661 940 826 996 esset,
865 931 1148 1001 proprium
1190 929 1295 984 sibi
1326 937 1547 998 partum
1582 925 1734 991 fecit,
1804 940 1917 979 non
1950 937 2080 977 eum

505 1030 697 1092 partus
724 1020 857 1076 fecit
889 1022 1081 1076 Deum.
1107 1018 1262 1086 Quod
1287 1033 1399 1073 non
1413 1025 1554 1083 erat,
1586 1032 1713 1072 cum
1740 1015 1861 1071 ﬁeri
1885 1014 2076 1079 vellet,

495 1113 673 1169 etiam
708 1113 855 1182 quod
877 1120 996 1166 erat
1022 1111 1240 1165 mansit.
1283 1109 1449 1180 Eligit
1508 1117 1749 1177 partum,
1816 1114 2078 1176 tanquam

493 1203 943 1274 dispensationis
981 1203 1223 1256 initium.
1264 1201 1564 1255 Factusest
1593 1199 1780 1262 homo,
1815 1212 1925 1251 non
1956 1210 2080 1249 mu-

501 1304 619 1351 tata
657 1304 874 1360 natura,
910 1311 1020 1349 non
1046 1295 1210 1349 motis
1232 1292 1484 1347 terminis
1510 1291 1709 1345 divina
1737 1286 2079 1369 substantia.

504 1408 531 1442 4
575 1389 659 1444 Tu
691 1389 840 1445 enim
876 1387 1023 1442 idem
1059 1387 1175 1457 ipse
1207 1402 1289 1451 es,
1354 1394 1410 1441 et
1469 1385 1598 1439 anni
1638 1384 1717 1439 tui
1771 1398 1880 1437 non
1940 1379 2081 1435 deﬁ-

498 1481 677 1545 cient,
721 1500 739 1533 ι
782 1480 960 1551 inquit
988 1480 1172 1535 divina
1208 1479 1494 1549 Scriptura
1522 1476 1619 1531 «³⁸.
1652 1476 1723 1531 Ει
1760 1493 1773 1529 :
1816 1494 1834 1526 ι
1876 1474 1959 1528 Tu
1985 1473 2081 1544 qui

498 1574 669 1629 :sedes
690 1574 747 1627 in
771 1575 1030 1629 saculum
1059 1573 1138 1639 ‘9;
1183 1592 1201 1625 ι
1276 1588 1374 1642 per
1406 1572 1512 1626 hoc
1556 1568 1852 1625 ostendens
1886 1567 2083 1623 divina

506 1665 832 1720 substantia
852 1664 1379 1719 inmutabilitatem.
1410 1663 1479 1717 Et
1504 1676 1696 1716 rursus
1712 1658 2077 1729 inquitDeus:

515 1772 533 1803 ι
575 1752 724 1806 Idem
755 1754 874 1822 ipse
921 1768 1073 1816 sum,
1120 1760 1177 1807 et
1236 1767 1348 1808 non
1378 1758 1565 1806 mutor
1600 1751 1667 1804 ιθ.
1712 1769 1730 1801 ι
1771 1749 1892 1805 Non
1951 1763 2083 1820 ergo

505 1851 717 1897 mutata
742 1844 1053 1898 substantia
1078 1842 1179 1898 Dei
1208 1842 1382 1897 factus
1413 1851 1499 1897 est
1532 1841 1717 1905 homo,
1753 1854 1932 1909 neque
1948 1853 2082 1894 con-

508 1950 667 1991 versa
701 1936 755 1989 in
784 1934 1146 1991 substantiam
1182 1934 1368 1991 aliam.
1400 1934 1538 1989 Nam
1563 1933 1810 2003 profecto
1840 1932 2083 1986 miracu-

510 2025 625 2079 lum
655 2040 765 2079 non
800 2034 948 2079 esset
980 2025 1127 2095 quod
1164 2024 1367 2080 factum
1398 2032 1504 2090 est,
1568 2024 1615 2080 si
1650 2032 1861 2078 natura
1899 2030 2083 2075 muta—

510 2116 663 2171 tione
688 2116 851 2171 aliam
878 2123 1131 2171 naturam
1163 2116 1526 2186 suscepisset;
1563 2115 1748 2170 multa
1773 2113 1922 2169 enim
1937 2111 2082 2183 apud

509 2222 614 2261 nos
649 2206 788 2262 ﬁunt
814 2208 1129 2278 hujusmodi
1156 2222 1344 2262 rerum
1368 2206 1741 2262 mutationes:
1766 2203 1862 2259 sed
1888 2203 1946 2257 in
1979 2202 2085 2257 hoc

504 2299 840 2354 miraculum
904 2298 1035 2353 fecit
1078 2300 1242 2363 Deus,
1291 2298 1420 2368 quia
1452 2312 1683 2353 manens
1734 2295 1888 2365 quod
1943 2303 2081 2359 erat,

508 2390 689 2445 factus
713 2390 973 2459 estquod
1025 2406 1137 2445 non
1166 2399 1305 2445 erat.
1342 2389 1501 2456 Quod
1564 2389 1745 2458 ipsum
1770 2387 2085 2458 signiﬁcans

510 2497 752 2552 magnus
807 2482 1101 2551 Apostolus
1138 2480 1358 2536 dicebat
1388 2498 1408 2534 ς
1443 2498 1462 2531 ι
1513 2479 1621 2546 Qui
1648 2494 1774 2535 eum
1817 2478 1877 2534 in
1908 2478 2085 2533 forma

509 2574 608 2629 Dei
630 2582 796 2628 esset.
841 2592 859 2625 ι
897 2572 1035 2628 Cum
1088 2581 1257 2639 esset,
1299 2574 1503 2643 inquit,
1574 2589 1684 2627 non
1736 2572 1836 2642 qui
1892 2571 2086 2627 fuisset

506 2664 826 2735 aliquando,
864 2674 925 2719 ut
953 2675 1164 2720 natura
1211 2664 1527 2719 ﬁrmitatem
1559 2664 1897 2719 ostenderet.
1930 2682 1949 2716 ι
1979 2663 2085 2731 Qui

506 2767 634 2810 cum
671 2755 727 2809 in
758 2754 933 2809 forma
969 2757 1066 2810 Dei
1114 2765 1283 2821 esset,
1330 2770 1442 2810 non
1494 2756 1741 2825 rapinam
1781 2754 2086 2811 arbitratus

501 2854 595 2899 est
641 2860 763 2900 esse
809 2860 868 2899 se
909 2847 1174 2915 aqualem
1199 2848 1311 2901 Deo
1340 2847 1404 2901 “.
1445 2868 1463 2899 ι
1502 2848 1638 2903 Esse
1665 2846 1800 2902 dicit
1821 2847 2087 2917 aqualem

508 2935 643 3001 Deo,
677 2952 785 2991 non
811 2937 981 2991 fuisse
1018 2938 1333 3007 aliquando.
1375 2939 1582 2993 Deinde
1626 2954 1824 2993 rursus
1864 2939 2084 3003 clamat,

506 3025 701 3107 dicens
733 3042 747 3077 :
784 3043 802 3075 ι
831 3024 938 3079 Sed
963 3026 1318 3094 semetipsum
1344 3026 1667 3091 exinanivit,
1691 3027 1924 3081 formam
1938 3028 2083 3083 servi
2112 3060 2158 3119 α

504 3099 789 3185 accipiens
842 3115 906 3168 δ’.
948 3135 965 3165 ι
1021 3115 1187 3169 Vides
1235 3116 1364 3184 quia
1388 3126 1444 3170 et
1469 3126 1657 3171 manet
1683 3117 1831 3186 quod
1861 3128 2001 3182 erat,
2030 3128 2086 3173 ct

507 3220 569 3260 se
610 3205 788 3275 ipsum
830 3205 887 3259 in
920 3205 1063 3259 servi
1095 3206 1271 3260 forma
1309 3207 1607 3263 exinanivit
1628 3208 1651 3261 ?
1674 3208 1742 3262 Et
1774 3208 1909 3264 illud
1945 3210 2087 3265 exsi-

507 3305 681 3363 stens,
730 3308 788 3353 et
826 3298 932 3352 hoc
964 3296 1160 3363 factus,
1184 3299 1508 3354 miraculum
1535 3299 1762 3366 faciens,
1785 3318 1897 3357 non
1922 3311 2084 3357 natu-

506 3405 626 3444 ram
654 3398 911 3455 mutans;
942 3391 1155 3454 volens,
1203 3404 1317 3445 non
1363 3400 1589 3446 coactus
1628 3393 1933 3448 mutatione
1959 3393 2089 3451 sub—

500 3481 743 3538 stantia.
766 3480 924 3547 Quod
956 3482 1104 3535 enim
1129 3481 1264 3537 dicit
1292 3483 1456 3548 Deus,
1488 3483 1637 3549 facit,
1663 3483 1794 3539 licet
1816 3487 1959 3540 ultra
1994 3466 2103 3540 ra:

506 3573 715 3628 tionem
752 3584 965 3628 natura
1018 3574 1090 3629 sit
1130 3575 1278 3644 quod
1329 3575 1577 3631 dicitur:
1627 3577 1791 3632 habet
1841 3578 1987 3632 enim
2030 3586 2089 3633 et

505 3665 769 3720 virtutem
817 3665 1141 3721 miraculum
1180 3666 1361 3722 facere
1394 3668 1689 3734 valentem,
1722 3678 1780 3724 et
1828 3685 1937 3725 non
1994 3685 2089 3725 ex-

504 3763 843 3826 spectantem
868 3766 1079 3811 natura
1109 3757 1371 3813 rationes.
1395 3758 1691 3829 Propterea
1724 3770 1781 3815 et
1805 3769 1890 3815 est
1917 3761 2082 3825 Deus,

501 3856 565 3901 et
591 3846 908 3901 exinanitur
955 3847 1012 3901 in
1060 3848 1204 3902 servi
1235 3847 1409 3903 forma
1442 3867 1454 3902 :
1487 3858 1545 3904 et
1572 3851 1799 3921 aqualis
1832 3861 1916 3906 est
1950 3851 2083 3917 Deo,

505 3946 563 3993 et
590 3939 756 3994 homo
780 3938 841 3993 ﬁt
868 3957 882 3993 :
923 3949 980 3995 et
999 3948 1083 3995 est
1107 3950 1236 3994 ante
1264 3941 1482 4007 saecula,
1504 3949 1560 3996 et
1581 3952 1798 4012 partum
1828 3943 2084 4009 sustinet,

502 4038 564 4083 et
599 4043 664 4084 ea
688 4030 951 4084 miracula
986 4030 1138 4095 facit,
1175 4046 1297 4101 qua
1335 4033 1475 4086 ratio
1504 4042 1716 4093 natura
1745 4034 1941 4089 nescit.

576 4119 664 4174 lll.
691 4119 830 4173 Hinc
856 4129 911 4174 et
938 4120 1236 4191 gentilibus
1264 4121 1507 4197 stultitia_
1543 4104 1834 4193 reputatur
1874 4124 2083 4180 Christi

504 4220 933 4275 sacramentum,
978 4219 1035 4265 et
1061 4210 1235 4266 Judai
1260 4211 1580 4266 scandalum
1607 4212 1801 4268 dicunt
1826 4214 2083 4270 incarna-

506 4301 674 4356 tionis
703 4301 1047 4368 doctrinam;
1076 4302 1223 4372 quod
1251 4309 1307 4357 et
1332 4302 1537 4358 Paulus
1586 4303 1947 4374 signiﬁcabat,
1993 4305 2081 4360 di-

2180 468 2480 541 παρθενίαν
2533 468 2855 538 διέφθειρεν.
2900 466 3069 537 ’Υπὲρ
3101 466 3257 534 λόγον
3285 462 3378 519 οὖν
3414 466 3512 534 τῆς
3544 465 3779 534 φύσεώς

2178 562 2297 615 ἐστι
2323 562 2383 615 τὸ
2415 562 2729 632 γενόμενον.
2776 561 2885 615 Καὶ
2926 560 3125 630 μηκέτι
3160 560 3455 614 κατάϐαινε
3504 560 3641 629 πρὸς
3673 559 3776 610 λό-

2179 669 2310 720 γους
2342 652 2442 723 τῆς
2490 652 2723 720 φύσεως.
2756 650 2954 720 Θαῦμέι
3006 667 3087 703 σοι
3129 649 3309 717 λέγω·
3346 649 3423 719 μὴ
3455 649 3598 702 κίνει
3636 650 3777 709 τοὺς

2181 744 2495 816 λογισμούς.
2532 745 2665 800 Θεὸν
2697 743 2960 813 τεχθέντα
2990 759 3069 795 σοι
3103 741 3265 809 λέγω,
3293 741 3549 811 ἑλόμενον
3574 742 3771 798 τόκον,

2180 838 2281 892 οὐκ
2334 837 2638 913 ἀρξάμενον
2678 836 2777 905 τῆς
2822 835 3096 906 θεότητος.
3127 836 3222 888 ’Ὡν
3265 833 3397 897 Θεὸς
3443 833 3775 904 ᾠκειώσατο

2179 929 2360 994 τόκον,
2385 928 2483 998 οὐχ
2512 930 2540 981 6
2578 927 2735 990 τόκος
2764 926 2924 981 αὐτὸν
2966 924 3336 979 κατεσκεύασε
3366 923 3517 977 Θεόν.
3558 927 3628 975 Ὃ
3661 926 3773 977 οὐκ

2178 1016 2267 1091 ἦν,
2302 1018 2557 1089 γενέσθαι
2590 1017 2934 1088 βουλόμενος,
2960 1016 3055 1070 καλ⁵
3080 1015 3109 1068 6
3134 1010 3202 1087 ἦν
3236 1014 3452 1085 ἔμεινεν
3478 1031 3491 1043 ·
3516 1015 3769 1083 αἱρεῖται

2180 1113 2271 1168 τὸν
2306 1112 2485 1176 τόκον,
2514 1111 2590 1174 ὡς
2606 1110 2703 1182 τὴν
2726 1108 3036 1178 οἰκονομίας
3066 1108 3262 1178 ἀρχήν.
3299 1106 3524 1174 Γέγονεν
3547 1105 3771 1175 ἄνθρωτ

2182 1222 2303 1269 πος,
2334 1205 2394 1259 ού
2427 1203 2782 1275 μεταϐληθεὶς
2805 1203 2916 1273 (10)
2948 1203 3046 1272 τῆς
3065 1200 3299 1270 φύσεως,
3328 1202 3386 1254 οὐ
3428 1200 3769 1270 κινηθέντων

2182 1296 2290 1349 τῶν
2325 1296 2468 1366 ὅρων
2518 1294 2704 1366 θεῖκῆς
2742 1294 2953 1357 οὐσίας.
2995 1311 3013 1344 ι
3046 1293 3120 1347 Σὺ
3157 1292 3266 1362 γὰρ
3304 1294 3332 1345 6
3364 1291 3525 1353 αὐτὸς
3566 1287 3638 1353 εἷ,
3669 1292 3765 1343 καὶ

2180 1388 2251 1441 τὰ
2276 1386 2372 1457 ἔτη
2401 1403 2492 1441 σου
2536 1386 2637 1441 οὐκ
2681 1384 3039 1454 ἐκλείψουσιν,
3069 1403 3087 1436 ι
3126 1386 3161 1453 ὴ
3195 1383 3314 1436 θεία
3356 1382 3546 1452 Γραφή
3602 1399 3764 1451 φησι.

2184 1478 2318 1539 Καὶ,
2353 1495 2372 1528 ι
2413 1476 2485 1530 Σὺ
2514 1475 2825 1546 καθήμενος
2857 1476 2935 1537 εἰς
2961 1473 3051 1527 τὸν
3081 1472 3289 1527 αἰῶναο
3312 1493 3330 1524 ι
3368 1472 3545 1543 τούτῳ
3569 1471 3767 1541 δηλοῦ-

2187 1585 2255 1623 σα
2282 1569 2384 1638 τῆς
2418 1567 2603 1638 θεῖκῆς
2636 1565 2822 1629 οὐσίας
2854 1566 2916 1618 τὸ
2953 1562 3346 1635 ἀμετάϐλητον.
3398 1564 3510 1616 Καὶ
3544 1562 3709 1616 πάλιν
3732 1565 3763 1615 6

2185 1660 2319 1724 Θεός
2353 1675 2548 1729 φησιν’
2586 1676 2603 1709 ι
2647 1659 2707 1710 '0
2738 1657 2900 1720 αὐτός
2947 1658 3083 1726 εἰμι,
3117 1656 3211 1708 καὶ
3238 1655 3341 1708 οὐκ
3383 1654 3707 1724 ἡλλοίωμαι.
3736 1674 3757 1705 ι

2185 1749 2259 1805 Ού
2292 1748 2605 1819 κινηθείσης
2636 1743 2730 1804 οῦν
2761 1747 2863 1817 τῆς
2892 1745 2986 1800 τοῦ
3016 1744 3152 1800 Θεοῦ
3187 1746 3375 1809 οὐσίας
3399 1746 3627 1814 γέγονεν
3663 1746 3762 1800 ἆν-

2185 1843 2422 1914 θρωπος,
2462 1843 2583 1897 οὐδὲ
2618 1842 3049 1913 μεταϐληθείσης
3104 1843 3184 1904 είς
3233 1841 3393 1911 φύσιν
3440 1840 3656 1909 ἑτέραν.
3683 1835 3761 1892 Ἦ

2184 1936 2294 2005 γὰρ
2327 1935 2393 1989 ἂν
2443 1935 2543 1988 οὐκ
2586 1931 2656 2007 ἦν
2690 1933 2879 2005 θαῦμα
2927 1935 2990 1987 τὸ
3043 1934 3431 2003 γεγενημένον,
3461 1937 3511 1986 εί
3544 1932 3764 2001 φύσεως

2190 2023 2460 2095 μεταϐολῇ
2500 2023 2660 2092 φύσιν
2714 2024 2909 2096 ἑτέραν
2954 2024 3201 2089 ἐδέξαθ’
3244 2024 3435 2076 πολλαὶ
3476 2024 3585 2094 γὰρ
3626 2025 3765 2092 ἡμῖν

2185 2113 2428 2184 γίνονται.
2495 2116 2836 2186 πραγμάτων
2874 2114 3121 2168 τοιαῦται
3172 2114 3466 2185 μεταϐολαί
3489 2132 3502 2144 ·
3707 2117 3763 2166 ὲν

2185 2203 2361 2276 τούτῳ
2414 2203 2821 2277 θαυματουργεί
2852 2206 2882 2257 6
2918 2204 3072 2267 Θεὸς,
3107 2204 3187 2259 ὅτι
3222 2204 3401 2274 μένων
3426 2204 3455 2257 δ
3483 2199 3575 2273 ἦν,
3599 2203 3763 2270 γέγο-

2187 2312 2275 2350 νεν
2298 2296 2327 2349 ὃ
2354 2297 2457 2351 οὐκ
2485 2292 2573 2367 ἦν.
2604 2298 2669 2351 Ὃ
2698 2297 2761 2366 δὴ
2788 2297 2882 2351 καὶ
2917 2297 3201 2367 σημαίνων
3232 2299 3259 2350 6
3292 2297 3467 2367 μέγας
3504 2297 3769 2349 Ἀπόστο-

2184 2385 2276 2451 λος
2304 2386 2523 2456 ἔλεγεν·
2571 2405 2591 2438 ι
2619 2389 2714 2450 ’ος
2741 2388 2800 2441 ὲν
2835 2391 3017 2459 μορφῇ
3048 2387 3182 2441 Θεοῦ
3216 2387 3509 2457 ὑπάρχων·
3528 2406 3548 2437 ι
3582 2388 3764 2456 ὑπάρ-

2187 2496 2298 2551 χων
2325 2479 2496 2548 λέγει,
2522 2480 2621 2550 οὐχ
2649 2480 2897 2550 ὑπάρξας
2928 2481 3081 2544 ποτὶ,
3123 2481 3208 2533 ἵνα
3236 2480 3387 2549 δείξῃ
3412 2480 3509 2549 τῆς
3542 2478 3765 2547 φύσεως

2185 2575 2247 2626 τδ
2283 2573 2540 2645 μόνιμον.
2601 2592 2620 2624 ι
2652 2573 2749 2636 Ὃς
2800 2575 2859 2626 ὲν
2913 2575 3093 2643 μορφῇ
3139 2572 3275 2625 Θεοῦ
3337 2571 3618 2641 ὑπάρχων,
3666 2570 3768 2640 οὐχ

2185 2666 2479 2736 ἁρπαγμὸν
2509 2666 2753 2736 ἡγήσατο
2797 2666 2858 2718 τὸ
2901 2660 3039 2718 εῖναι
3086 2664 3174 2717 ίσα
3201 2663 3341 2735 Θεῷ.
3370 2682 3395 2715 ι
3430 2659 3580 2717 Εἶναι
3613 2662 3767 2730 λέγει

2197 2759 2290 2813 ῐσα
2315 2756 2456 2829 Θεῷ,
2490 2757 2552 2811 οὐ
2588 2755 2915 2825 γενήσεσθαί
2950 2773 3101 2811 ποτε.
3160 2751 3292 2808 Εἶτα
3347 2754 3508 2809 πάλιν
3548 2754 3650 2825 βοᾷ
3676 2755 3768 2807 λέ-

2186 2865 2330 2918 γων·
2377 2866 2398 2901 ι
2428 2848 2565 2901 Ἀλλ’
2607 2848 2795 2901 ἑαυτὸν
2846 2847 3101 2909 ἑκένωσε,
3153 2848 3367 2917 μορφὴν
3418 2846 3606 2899 δούλου
3663 2846 3766 2900 λα-

2188 2939 2320 2992 ϐὼν.
2345 2959 2366 2992 ι
2412 2940 2600 3009 ὐρᾷς,
2632 2938 2750 3001 πῶς
2796 2937 2887 2991 καὶ
2919 2937 3071 3008 μένει
3105 2936 3134 2991 ὃ
3165 2932 3255 3008 ἦν,
3294 2938 3388 2994 καὶ
3415 2936 3609 2991 ἑαυτὸν
3633 2938 3768 2989 ὲκέ-

2188 3045 2361 3082 νωσεν
2388 3030 2469 3093 είς
2492 3029 2592 3100 τὴν
2624 3027 2719 3081 τοῦ
2766 3028 2955 3081 δούλου
2988 3029 3239 3100 μορφήνς
3267 3029 3504 3082 Κάκεῑνο
3537 3026 3635 3092 ὢν,
3667 3029 3769 3083 καὶ

2188 3119 2347 3174 τοῦτο
2394 3121 2708 3191 γενόμενος,
2762 3119 3281 3191 θαυματουργήσας,
3309 3120 3371 3172 οὐ
3402 3118 3562 3187 φύσιν
3593 3136 3769 3187 μετα-

2190 3208 2403 3263 ϐαλών
2449 3209 2706 3278 θελήσας,
2772 3210 2873 3261 οὐκ
2928 3206 3295 3277 ἀναγκασθεὶς
3341 3204 3607 3277 μεταϐολῇ
3662 3205 3771 3274 τῆς

2184 3300 2394 3364 οὐσίας.
2433 3303 2500 3354 Ὃ
2531 3300 2638 3371 γὰρ
2670 3299 2821 3369 λέγει
2850 3299 3001 3365 Θεὸς,
3036 3302 3198 3365 ποιεί,
3241 3299 3345 3351 κᾶν
3399 3298 3536 3369 ὑπὲρ
3562 3296 3655 3350 τὸν
3677 3296 3772 3348 λό’

2190 3410 2286 3463 γον
2311 3394 2411 3465 τῆς
2437 3391 2649 3461 φύσεως
2745 3392 2807 3445 τὸ
2834 3392 3144 3463 λεγόμενον.
3166 3389 3321 3461 Ἔχει
3346 3389 3456 3461 γὰρ
3486 3389 3581 3443 καὶ
3602 3388 3773 3441 δύνα-

2191 3500 2285 3553 μιν
2321 3482 2758 3554 θαυματουργεῖν
2780 3478 3117 3552 δυναμένην,
3140 3481 3238 3535 καὶ
3267 3482 3374 3534 οὐκ
3400 3478 3773 3548 ἐκδεχομένην

2186 3575 2312 3638 τοὺς
2358 3574 2550 3643 λόγους
2586 3575 2686 3645 τῆς
2734 3574 2971 3644 φύσεως.
3001 3571 3103 3626 Διὰ
3162 3572 3323 3626 τοῦτο
3376 3571 3465 3625 καὶ
3516 3569 3771 3640 ὑπάρχει

2186 3667 2341 3733 Θεὸς,
2373 3669 2468 3722 καὶ
2500 3668 2752 3723 κενοῦται
2780 3670 2861 3733 είς
2885 3668 3072 3723 δούλου
3106 3669 3352 3739 μορφήν·
3382 3665 3473 3722 καὶ
3494 3663 3605 3727 ίσος
3633 3664 3772 3718 εστὶ

2186 3754 2330 3827 Θεῷ,
2380 3759 2477 3810 καὶ
2516 3757 2805 3828 ἄνθρωπος
2852 3758 3094 3826 γίνεταιο
3125 3760 3222 3811 καὶ
3256 3757 3374 3811 ἐστι
3413 3752 3768 3829 amabit“.

2188 3850 2283 3902 atat
2332 3847 2491 3902 τόκον
2547 3849 2869 3918 ὑφίσταται·
2927 3850 3023 3903 καὶ
3082 3849 3256 3905 ταῦτα
3308 3848 3734 3919 θαυματουργεῐ
3752 3889 3772 3913 ,

2187 3937 2333 4009 ἅπερ
2357 3937 2458 3991 οὐκ
2481 3931 2620 3991 οἶδεν
2650 3940 2679 3993 6
2712 3937 2872 4007 λόγος
2901 3941 3000 4010 τῆς
3030 3939 3265 4009 φύσεως.

2256 4125 2327 4187 γ’.
2363 4117 2558 4172 Ἔνθεν
2594 4119 2689 4173 καὶ
2728 4121 2845 4181 τοῖς
2878 4116 3104 4189 Ἕλλησι
3144 4117 3332 4189 μωρία
3365 4106 3639 4187 λογίζεται
3665 4119 3767 4173 τοῦ

2185 4207 2426 4279 Χριστοῦ
2483 4208 2545 4262 τὸ
2601 4210 2941 4281 μυστήριον,
2985 4210 3082 4263 καὶ
3144 4210 3389 4263 Ἰουδαῖοι
3465 4209 3770 4263 σκάνδαλον

2186 4298 2437 4367 λέγουσιν
2475 4302 2577 4370 τῆς
2622 4301 2938 4370 οἰκονομίας
2984 4300 3075 4354 τὸν
3106 4301 3294 4369 λόγον·
3340 4303 3369 4354 6
3412 4303 3509 4355 καὶ
3548 4301 3768 4364 Παῦλος

504 4406 669 4447 cens:
712 4411 732 4444 ι
771 4392 1140 4448 Pradicamus
1168 4393 1450 4450 Christum
1484 4394 1834 4462 cruciﬁxum,
1869 4396 2076 4454 Judais

2187 4389 2401 4460 ἐδήλου,
2422 4390 2626 4459 λέγων·
2676 4410 2694 4442 ι
2735 4391 3099 4463 Κηρύσσομεν
3142 4392 3377 4463 Χριστὸν
3407 4393 3765 4463 ἐσταυρωμέ-

499 4482 728 4553 quidem
755 4484 1073 4539 scandalum
1094 4525 1109 4549 ,
1140 4486 1397 4556 gentibus
1423 4496 1609 4542 autem
1639 4488 1926 4543 stultitiam
1955 4488 2021 4542 “.
2054 4508 2072 4542 ι

500 4571 682 4637 Quare
704 4573 996 4628 stultitiam
1046 4576 1336 4644 gentibus?
1369 4596 1387 4628 ‹
1437 4577 1577 4643 Quia
1631 4578 1883 4634 animalis
1914 4579 2080 4635 homo

502 4680 613 4718 non
654 4664 891 4733 percipit
923 4680 1044 4734 qua
1086 4665 1311 4734 spiritus
1354 4677 1511 4721 sunt:
1565 4669 1797 4723 stultitia
1827 4670 1973 4725 enim
2025 4669 2078 4724 ei

501 4763 589 4809 est
609 4756 674 4809 “.
705 4775 723 4807 ι
747 4755 970 4810 Natura
999 4756 1146 4811 enim
1173 4756 1460 4813 adharens
1494 4760 1585 4814 ille
1604 4762 1878 4825 animalis,
1905 4771 1961 4817 et
1980 4761 2077 4832 qui

504 4848 813 4902 rationibus
839 4847 1034 4902 anima
1051 4850 1235 4903 omnia
1267 4860 1663 4918 perscrutatur,
1689 4853 1952 4909 miracula
1972 4855 2071 4910 Dei

502 4938 794 4993 stultitiam
822 4946 1060 5008 reputat,
1083 4954 1208 4993 cum
1233 4955 1343 4993 non
1368 4940 1606 4996 habeant
1632 4958 1819 4998 secum
1863 4953 2075 5000 natura

502 5029 793 5083 rationem.
826 5027 1071 5084 Audiens
1104 5045 1341 5100 namque
1373 5032 1613 5101 gentilis,
1642 5033 1771 5103 quia
1804 5035 1850 5068 “
1889 5036 2076 5091 clausa

496 5121 665 5191 ianua
696 5120 974 5189 ingressus
1001 5128 1085 5173 est
1114 5119 1385 5185 Salvator,
1414 5122 1795 5178 transmittens
1817 5124 1924 5179 hoc
1948 5141 2075 5180 cor-

502 5224 607 5278 pus
632 5225 879 5265 crassum
907 5219 963 5265 et
986 5211 1107 5264 loco
1122 5226 1308 5281 egens,
1342 5212 1485 5267 ridet
1514 5229 1623 5267 non
1646 5215 1880 5270 credens
1903 5217 2072 5273 mira-

2186 4498 2299 4545 νον,
2345 4481 2626 4545 Ἰουδαίοις
2650 4483 2750 4555 μὲν
2784 4483 3101 4549 σκάνδαλον,
3135 4484 3363 4555 Ἕλλησι
3384 4485 3444 4538 δὲ
3479 4485 3713 4556 μωρίαν.
3742 4509 3760 4535 ι

2186 4573 2284 4627 Διὰ
2307 4572 2362 4626 τί
2398 4573 2625 4644 μωρίαν
2641 4578 2756 4639 τοῖς
2785 4574 3073 4647 Ἕλλησινς
3108 4596 3127 4626 ‹
3157 4576 3526 4646 Ὃτιψυχικδς
3547 4576 3765 4647 ἄνθρω-

2186 4681 2289 4726 πος
2316 4664 2379 4717 ού
2408 4664 2623 4735 δέχεται
2646 4666 2716 4721 τὰ
2742 4666 2839 4720 τοῦ
2880 4667 3189 4738 πνεύματος
3209 4684 3222 4696 ·
3257 4670 3437 4739 μωρία
3469 4669 3576 4738 γὰρ
3607 4668 3765 4737 αὐτῷ

2185 4756 2326 4810 ἐστι.
2386 4776 2405 4809 ι
2456 4758 2535 4828 Τῇ
2580 4758 2689 4829 γὰρ
2724 4759 2882 4829 φύσει
2921 4761 3385 4831 παρακαθήμενος
3428 4764 3459 4815 6
3499 4762 3758 4830 ψυχικὸς.

2185 4854 2281 4906 καὶ
2313 4853 2592 4923 λογισμοῖς
2636 4854 2814 4924 ψυχῆς
2840 4852 2912 4905 τὰ
2965 4854 3144 4908 πάντα
3184 4851 3639 4924 διερευνώμενος,
3684 4853 3759 4905 τὰ

2185 4944 2442 5015 θαύματα
2480 4944 2576 4997 τοῦ
2622 4943 2761 4997 Θεοῦ
2797 4944 3015 5016 μωρίαν
3062 4944 3354 5012 λογίζεται,
3402 4945 3505 4996 οὐκ
3559 4942 3759 5012 ἔχοντα

2185 5036 2309 5105 μεθ’
2343 5035 2557 5088 ἑαυτῶν
2588 5035 2853 5105 τὸνλόγον
2876 5038 2978 5106 τῆς
3007 5038 3241 5105 φύσεως.
3268 5037 3379 5090 Καὶ
3410 5035 3520 5105 γὰρ
3539 5034 3757 5089 ἁκούων

2181 5125 2403 5195 Ἕλλην,
2431 5126 2513 5179 ὃτι
2546 5125 2939 5198 κεκλεισμένης
2969 5129 3069 5198 τῆς
3099 5127 3271 5199 θύρας
3307 5127 3556 5197 εἰσῆλθεν
3582 5127 3611 5178 6
3642 5127 3759 5179 Σω-

2176 5220 2304 5291 τὴρ,
2351 5218 2632 5287 διαγαγὼν
2672 5219 2734 5272 τὸ
2789 5220 2937 5289 παχὺ
2995 5219 3155 5273 τοῦτο
3200 5219 3380 5290 σῶμα,
3435 5219 3530 5273 καὶ
3584 5218 3755 5270 τόπου

501 5301 650 5364 culo,
676 5301 772 5356 sed
797 5303 873 5356 rei
897 5318 1148 5372 quarens
1196 5304 1481 5360 rationem.
1525 5306 1593 5360 Et
1620 5309 1914 5363 audiens“
1942 5309 2072 5380 quia

2184 5312 2451 5383 δεόμενον,
2480 5312 2635 5383 γελᾷ,
2659 5312 2720 5365 οὐ
2758 5312 3031 5366 πιστεύων
3068 5312 3149 5385 τῷ
3187 5312 3451 5385 θαύματι,
3483 5308 3620 5366 ἀλλὰ
3655 5307 3759 5381 ζη-

577 5448 621 5481 ³⁸
659 5451 1021 5532 Psal._cr,_2_8.
1091 5456 1304 5532 Barth
1330 5476 1406 5532 ιιι,
1436 5462 1489 5517 5.
1552 5462 1599 5493 ⁵ο
1640 5462 1865 5519 Malach.
1910 5466 2045 5532 ιιι,6.

500 5517 630 5573 Cor.
670 5537 727 5585 ιι,
758 5524 843 5577 ιι.
872 5524 916 5554 ⁵⁸
938 5525 1094 5579 Joan.
1131 5544 1218 5592 xx,
1250 5517 1433 5586 19-26.
1507 5532 1554 5565 “
1583 5517 1949 5600 Matth.i,25.

584 5666 690 5743 (10)
727 5673 847 5728 'Io'.
886 5679 1329 5755 μεταϐληθείσης.

2153 5446 2459 5540 “Philipp.
2509 5484 2568 5533 ιι,
2600 5467 2653 5524 6.
2734 5472 2779 5503 σε
2811 5470 2951 5528 ibid.
2978 5472 3032 5528 7.

3148 5471 3383 5531 “lCor.
3412 5490 3451 5541 ι,
3478 5472 3573 5527 25.
3652 5471 3702 5503 ⁸⁵
3734 5471 3754 5525 ι
