4048 6210
296 377 438 439 1553

1232 375 1510 432 HOMILIA
1549 376 1591 431 l.
1630 376 1699 432 ιΝ
1738 374 1851 430 DIE
1888 373 2329 431 NATlVlTATlS
2363 372 2619 430 DOhllNl.

3400 379 3539 435 1551

297 500 406 553 τῶν
435 497 528 552 τὸν
573 494 731 565 λόγον
779 493 876 548 τοῦ
919 491 1264 565 πράγματος.
1318 488 1436 548 Κατ
1489 494 1728 559 ἀκούων,
1783 494 1865 547 ὅτι

1980 492 2123 563 virgo
2143 507 2268 547 cum
2293 491 2616 562 peperisset,
2654 490 2855 544 mansit
2872 490 3046 560 virgo,
3073 491 3361 546 stultitiam
3385 503 3542 564 putat

296 589 570 663 παρθένος
621 583 856 640 τεκοῦσα
876 624 891 649 ,
952 583 1230 655 μεμένηκε
1289 583 1594 655 παρθένος,
1657 583 1868 656 μωρίαν

295 685 516 753 ἡγεῖται
543 680 634 732 τὸν
666 677 847 746 λόγον,
888 676 951 730 οὐ
985 674 1173 748 μαθὼν
1215 675 1497 731 πιστεύειν
1519 675 1869 747 θαυματουρ-

298 774 426 842 γίαν
469 769 626 824 Θεοῦ.
669 766 882 822 Οὐκοῦν
926 767 1022 821 καὶ
1050 765 1267 821 ἀκούων
1310 766 1703 837 ὰμεταὸλήτως
1735 766 1870 819 Θεὸν

294 862 588 935 γενόμενον
621 857 931 929 ἄνθρωπον,
964 856 1223 913 ἀδύνατον
1259 858 1322 911 τὸ
1352 857 1647 927 γενόμενον
1677 857 1867 921 οἴεται,

297 952 514 1023 φύσεως
561 948 841 1004 κάνταῦθα
901 947 1210 1019 μεταϐολὰς
1247 946 1517 1002 ἁπαιτῶν.
1584 946 1724 999 Ἀλλ’
1772 946 1872 1017 οὐχ

295 1042 468 1106 οὕτως
492 1040 732 1107 ἐδίδαξεν
763 1041 793 1093 ό
831 1038 1068 1103 Παῦλος.
1100 1037 1295 1102 είπὼν,
1335 1037 1425 1092 τὸν
1458 1037 1588 1091 ὅντα
1611 1036 1700 1091 ίσα
1728 1036 1867 1108 Θεῷ,

297 1132 628 1204 γεγενῆσθαι
680 1130 991 1202 ἄνθρωπον.
1059 1129 1291 1185 Ἑαυτὸν
1335 1129 1445 1200 γὰρ
1504 1128 1871 1183 κεκενωκέναι

299 1226 456 1297 φησι,
507 1217 584 1297 μὴ
634 1222 983 1278 ἀποϐαλόντα
1016 1222 1078 1275 τὸ
1128 1221 1404 1293 πλήρωμα
1449 1220 1550 1291 τῆς
1597 1220 1870 1292 θεότητος.

298 1316 390 1369 Διὸ
417 1315 512 1368 καὶ
528 1313 715 1380 ἔλεγεν
739 1329 753 1343 ·
785 1329 803 1363 ι
826 1313 1017 1382 Ἡμεῖς
1051 1310 1401 1383 κηρύσσομεν
1428 1311 1664 1382 Χριστὸν
1680 1314 1874 1365 ἐσταυ-

302 1405 582 1477 ρωμένον,
648 1402 923 1466 Ἰουδαίοις
989 1401 1090 1472 μὲν
1159 1401 1479 1467 σκάνδαλον,
1533 1402 1759 1472 Ἕλλησι
1813 1402 1872 1455 δὲ

303 1496 534 1569 μωρίαν.
591 1512 611 1546 ι
656 1494 770 1549 Καὶ
801 1493 890 1547 διὰ
922 1493 976 1546 τί
1030 1492 1259 1564 Ἕλλησι
1310 1493 1563 1564 μωρίαν;
1609 1493 1673 1546 Εἰ
1719 1493 1873 1562 ψιλὸς

300 1586 646 1658 ἐσταύρωται
679 1583 989 1657 ἄνθρωπος,
1035 1583 1212 1638 οὐδενὶ
1261 1583 1543 1654 νομίζεται
1599 1584 1782 1656 μωρὸν
1811 1585 1873 1637 τὸ

299 1678 443 1733 κατὰ
467 1677 630 1747 φύσιν
661 1677 945 1748 γινόμενον
964 1691 978 1706 ·
1007 1675 1058 1727 εί
1086 1673 1115 1727 ὃ
1144 1672 1434 1743 ἐπεφύκει,
1462 1674 1721 1739 πέπονθε,
1754 1672 1874 1737 πῶς

301 1770 584 1842 νομίζεται
631 1767 816 1841 μωρὸν
856 1766 921 1820 τὸ
957 1766 1240 1837 διήγημα;
1276 1765 1416 1819 Ἀλλ’
1448 1765 1636 1847 ἐπειδὴ
1671 1784 1689 1816 ι
1738 1767 1873 1836 Χρι-

301 1823 645 1932 σιιὸνξιρινισὶ,⁸
685 1823 1498 1930 κηρύσσομενμσταυρούμενον,
1548 1823 1709 1911 πᾶλιν
1760 1823 1872 1928 (ll)
1905 1823 1948 1879 Β

298 1952 532 2024 λέγομεν
579 1951 716 2005 Θεοῦ
757 1950 987 2022 δύναμιν
1030 1951 1126 2005 καὶ
1168 1948 1305 2003 Θεοῦ
1349 1949 1576 2018 σοφίαν·
1619 1969 1637 2002 ι
1691 1950 1876 2014 αὐτοῖς

300 2046 410 2117 γὰρ
438 2046 551 2108 τοῖς
581 2043 819 2113 κλητοῖς,
871 2040 1028 2113 φησὶ,
1090 2030 1367 2104 Ἰουδαίοις
1405 2057 1467 2094 τε
1510 2041 1606 2095 καὶ⁵
1649 2040 1875 2112 Ἕλλησι

301 2135 656 2208 κηρύσσομεν
685 2134 923 2205 Χριστὸν
949 2134 1085 2188 Θεοῦ
1105 2132 1336 2204 δύναμιν
1356 2134 1449 2187 καὶ
1466 2132 1601 2187 Θεοῦ
1620 2134 1810 2202 σοφίαν
1823 2150 1836 2164 ·
1850 2153 1869 2185 ι

299 2228 393 2280 τὸν
444 2224 874 2298 σταυρούμενον,
920 2225 1083 2297 φησὶ,
1110 2224 1471 2297 κηρύττοντες
1492 2225 1630 2279 Θεοῦ
1664 2225 1873 2295 σοφίαν,

307 2320 520 2390 μωρίαν
561 2318 746 2386 λέγειν
784 2319 896 2382 τοῖς
928 2317 1157 2389 Ἕλλησι
1205 2315 1562 2389 νομιζόμεθα,
1599 2315 1875 2370 πιστεύειν

301 2411 404 2464 οὐκ
434 2409 602 2463 εἰδόσι
642 2408 1091 2479 θαυματουργίαν
1124 2407 1261 2463 Θεοῦ
1282 2425 1298 2440 ·
1326 2407 1467 2463 ἀλλὰ
1500 2409 1629 2481 περὶ
1658 2408 1876 2462 πάντων

303 2497 521 2566 φύσεως
552 2498 721 2551 κινεῖν
768 2496 1086 2568 λογισμοὺς,
1116 2497 1215 2552 κα)⁸
1243 2499 1590 2569 ἡγουμένους
1631 2497 1877 2570 ὑϐρίζειν

284 2588 458 2655 Θεὸν,
510 2585 944 2656 οἰκειωσάμενον
980 2586 1155 2658 πάθη,
1190 2586 1280 2642 ἵνα
1323 2584 1475 2659 σώσῃ
1519 2585 1874 2657 τὸλπαθητόν.

306 2681 382 2734 Ού
408 2679 518 2750 γὰρ
542 2677 634 2732 τὸν
660 2677 961 2746 ἁνυόμενον
988 2678 1158 2749 ὁρῶσι
1190 2677 1413 2741 σκοπὸν,
1439 2679 1704 2748 σωτήριον
1725 2677 1875 2742 ὅντα,

306 2772 404 2827 καὶ
433 2773 501 2841 τῇ
545 2767 844 2840 ἀγαοότητι
880 2770 1165 2839 πρέποντα
1202 2768 1299 2822 τοῦ
1324 2768 1487 2821 Θεοῦ·
1526 2768 1665 2822 ἀλλὰ
1696 2767 1877 2838 μόνον,

305 2859 540 2925 ὅτιθεὸς
568 2859 743 2929 ἑαυτῷ
767 2858 972 2930 συνῆψε
1001 2859 1328 2930 παθήματα,
1356 2858 1626 2927 λέγουσιν,
1658 2859 1720 2912 ού
1751 2876 1878 2915 σκο-

306 2952 536 3021 ποῦντες
565 2954 627 3008 τὸ
661 2954 726 3008 ἐκ
749 2953 944 3008 τούτου
986 2952 1089 3023 τῆς
1119 2952 1228 3006 τῶν
1268 2950 1575 3022 ἀνθρώπων
1605 2953 1880 3023 σωτηρίας

308 3042 662 3114 κατόρθωμα.
681 3042 849 3097 Οὐδὲν
875 3042 932 3096 δὲ
957 3042 1068 3096 τῶν
1093 3041 1378 3107 σωζόντων
1395 3042 1704 3113 ἄνθρωπον,
1727 3044 1880 3115 ὑϐρί-

1971 598 2304 649 sermonem,
2333 583 2460 653 quia
2482 599 2593 638 non
2622 583 2816 639 didicit
2849 582 3080 639 credere
3121 583 3219 637 Dei
3256 585 3539 642 miracula.

1970 674 2115 744 Ergo
2139 689 2265 729 cum
2303 673 2458 729 audit
2497 673 2663 729 etiam
2707 673 3124 729 immutabiliter
3154 674 3327 729 Deum
3368 675 3547 733 homi-

1970 779 2097 820 nem
2121 765 2348 831 factum,
2380 765 2777 836 impossibilem
2807 781 2930 821 eam
2960 780 3076 821 rem
3115 774 3293 836 putat,
3334 774 3546 822 natura;

1971 858 2304 914 mutationes
2322 857 2414 913 hic
2437 872 2659 928 quoque
2697 858 2938 929 exigens.
2972 857 3081 914 Sed
3109 874 3221 913 non
3247 859 3322 914 ita
3341 859 3548 916 Paulus

1970 949 2216 1015 edocuit,
2246 950 2439 1007 dicens
2463 965 2591 1005 eum
2634 950 2731 1020 qui
2760 950 2989 1021 aequalis
3036 957 3121 1005 est
3157 950 3290 1016 Deo,
3338 950 3546 1007 factum

1950 1038 2284 1113 hominem;
2334 1041 2694 1111 semetipsum
2735 1055 2972 1111 namque
3022 1041 3334 1097 exinanisse
3389 1043 3545 1109 dicit,

1972 1147 2082 1187 non
2114 1132 2314 1187 amissa
2351 1132 2659 1188 divinitatis
2693 1132 3038 1203 plenitudine
3060 1135 3128 1189 ν’.
3184 1136 3338 1191 Unde
3379 1138 3548 1191 etiam

1972 1220 2148 1277 dicit:
2186 1241 2205 1273 ι
2240 1222 2353 1278 Nos
2411 1231 2597 1278 autem
2641 1222 3007 1294 praedicamus
3052 1224 3329 1281 Christum
3364 1228 3548 1283 cruci-

1973 1313 2163 1378 ﬁxum,
2190 1313 2396 1371 ludatis
2435 1316 2661 1386 quidem
2692 1317 3033 1382 scandalum,
3059 1318 3321 1389 gentibus
3362 1328 3548 1375 autem

1973 1404 2260 1459 stultitiam
2276 1404 2341 1459 ⁸⁸.
2365 1424 2385 1458 ι
2407 1406 2478 1460 Ει
2493 1421 2661 1476 quare
2677 1407 2941 1477 gentibus
2959 1409 3251 1464 stultitiam
3268 1410 3359 1465 ?Si
3378 1426 3551 1480 purus

1973 1494 2313 1567 crucifigitur
2342 1496 2530 1563 homo,
2566 1513 2731 1553 nemo
2774 1507 2931 1568 putat
2980 1500 3213 1555 stultum
3268 1501 3416 1571 quod
3455 1517 3553 1556 na-

1975 1589 2226 1643 turaliter
2266 1590 2468 1660 agitur.
2505 1588 2562 1645 Si
2590 1606 2724 1645 vero
2753 1590 2900 1662 quod
2930 1593 3266 1649 naturaliter
3302 1594 3416 1664 pati
3448 1608 3551 1664 po-

1975 1687 2136 1743 terat,
2172 1680 2401 1750 patitur,
2447 1682 2725 1751 quomodo
2777 1691 3004 1752 putatur
3056 1685 3224 1739 stulta
3267 1684 3549 1739 narratio?

1976 1769 2083 1825 Sed
2094 1771 2351 1840 quoniam
2371 1772 2470 1836 ait,
2484 1791 2500 1822 ι
2510 1770 2787 1827 Christum
2799 1772 3121 1829 crucifixum
3134 1774 3513 1844 pmdicamus,
3525 1794 3544 1826 ο

1976 1876 2142 1933 quem
2192 1878 2387 1918 rursus
2424 1862 2662 1919 dicimus
2697 1864 2793 1919 Dei
2830 1864 3092 1919 virtutem
3128 1872 3188 1918 et
3214 1865 3309 1919 Dei
3334 1866 3553 1934 sapien-

1978 1953 2131 2020 tiam;
2164 1972 2183 2004 ι
2207 1954 2340 2024 ipsis
2363 1955 2534 2019 enim,
2555 1954 2734 2025 inquit
2758 1956 3260 2021 “,vocatisludaeis
3276 1956 3553 2012 etC-necis

1975 2044 2338 2113 praedicamus
2355 2043 2639 2100 Christum
2668 2046 2766 2102 Dei
2790 2047 3074 2113 virtutem,
3121 2058 3178 2103 et
3205 2047 3301 2102 Dei
3328 2049 3551 2117 sapien-

1978 2133 2139 2200 tiam;
2160 2153 2179 2185 ›
2213 2149 2339 2189 eum
2362 2132 2458 2204 qui
2488 2134 2784 2191 crucifixus
2818 2146 2923 2201 est,
2949 2137 3150 2207 inquit,
3178 2153 3300 2193 esse
3337 2138 3435 2193 Dei
3459 2154 3549 2194 sa-

1975 2225 2242 2295 pientiam
2284 2226 2667 2296 praedicantes,
2694 2228 2985 2283 stultitiam
3022 2244 3125 2284 nos
3177 2229 3329 2299 loqui
3373 2229 3550 2285 (ἓνκοί

1976 2321 2194 2385 putant,
2228 2315 2457 2372 credere
2480 2319 2792 2373 nescientes
2833 2317 3098 2374 miracula
3143 2319 3367 2375 facienti
3400 2321 3546 2386 Deo;

1976 2404 2075 2462 sed
2098 2405 2168 2463 de
2190 2408 2440 2463 omnium
2464 2423 2653 2465 rerum
2690 2417 2887 2464 natura
2933 2419 3218 2465 moventes
3254 2412 3554 2466 ratiocina-

1976 2497 2176 2566 tiones,
2200 2506 2258 2553 et
2281 2498 2616 2555 aestimantes
2638 2500 2897 2569 iniuriam
2942 2498 3133 2553 inferri
3167 2500 3301 2564 Deo,
3341 2501 3386 2555 si
3424 2517 3554 2557 suas

1978 2589 2134 2645 illum
2162 2589 2362 2645 fecisse
2386 2590 2674 2658 passiones
2691 2588 3015 2653 dixerimus,
3038 2596 3102 2642 ut
3120 2588 3269 2658 quod
3288 2598 3410 2643 erat
3430 2605 3554 2660 pas-

1978 2682 2137 2737 sibile
2156 2681 2366 2736 salvum
2393 2680 2618 2736 faceret.
2650 2681 2772 2736 Non
2799 2679 2946 2734 enim
2971 2681 3160 2751 perlici
3188 2681 3381 2737 vident
3414 2682 3551 2737 illud

1978 2769 2322 2839 propositum
2366 2770 2626 2836 salutare,
2683 2779 2740 2826 et
2781 2770 2879 2825 Dei
2921 2770 3155 2826 bonitati
3186 2773 3550 2828 conveniens:

1979 2862 2076 2919 sed
2098 2862 2300 2929 solum,
2330 2862 2461 2933 quia
2489 2864 2635 2919 Deus
2663 2864 2770 2919 sibi
2811 2864 3091 2935 copulavit
3125 2867 3433 2937 passiones,
3475 2868 3559 2922 di-

1984 2962 2138 3021 cunt,
2163 2970 2275 3010 non
2304 2955 2742 3025 considerantes,
2765 2973 2832 3014 ex
2857 2958 2962 3013 hac
2995 2974 3056 3014 re
3083 2958 3336 3015 humanae
3366 2960 3561 3016 salutis

1981 3042 2144 3116 opus
2174 3045 2345 3103 fuisSe
2392 3046 2721 3117 perfectum.
2776 3049 2927 3103 Nihil
2978 3056 3159 3104 autem
3208 3050 3406 3105 horum
3439 3067 3561 3121 qua:

308 3132 392 3197 ζει
422 3133 578 3199 Θεὸν,
605 3132 817 3196 τούτοις
847 3132 1199 3206 δεικνύμενον
1229 3133 1292 3188 οὐ
1332 3132 1596 3205 παθητὸν,
1631 3134 1767 3190 ἀλλὰ
1792 3153 1881 3205 φι-

1986 3135 2248 3191 salutaria
2270 3145 2399 3192 sunt
2433 3135 2666 3204 homini,
2701 3137 2962 3211 iniuriam
2993 3139 3108 3195 Deo
3147 3139 3314 3196 facit:
3360 3141 3563 3211 quibus

307 3225 647 3299 λάνθρωπον.

379 3318 456 3374 Δ’.
501 3314 665 3369 Ἀλλὰ
690 3314 982 3387 ἀνθρώπου
1012 3315 1184 3387 πάθη,
1204 3316 1396 3389 φησὶν,
1420 3315 1483 3372 ού
1502 3316 1689 3388 τολμῶ
1713 3333 1881 3389 προσ-

311 3410 449 3482 άψαι
480 3409 619 3481 Θεῷ.
670 3408 882 3463 Οὐκοῦν
917 3410 1043 3465 οὐδὲ
1089 3408 1288 3474 σώζειν
1327 3410 1492 3465 αὐτὸν
1536 3413 1650 3475 τοῖς
1684 3409 1884 3464 πάθεσι

310 3500 402 3556 τὸν
430 3500 719 3571 ἄνθρωπον
747 3500 951 3570 λέγεις,
978 3501 1102 3556 οὐδὲ
1132 3501 1355 3572 σταυρῷ
1398 3499 1736 3570 στηλιτεύειν
1764 3498 1882 3552 δια-

313 3589 472 3645 ϐόλου
506 3591 608 3663 τήν
628 3590 862 3663 δύναμιν
883 3628 899 3658 ,
922 3591 1048 3645 οὐδὲ
1074 3591 1177 3660 τὴν
1222 3588 1381 3660 ἡμῶν
1411 3588 1688 3659 ἁμαρτίαν
1717 3603 1885 3659 προσ-

312 3689 585 3761 ηλωκέναι
614 3688 692 3759 τῷ
722 3688 886 3761 ξύλῳ,
921 3688 1044 3743 οὐδὲ
1088 3689 1202 3751 τοῖς
1236 3686 1388 3751 ίδίοις
1425 3686 1655 3741 πάθεσιν
1682 3687 1751 3742 τὰ
1776 3685 1886 3740 τῶν

313 3782 623 3852 ἀνθρώπων
670 3782 856 3836 ἰᾶσθαι
905 3779 1230 3849 παθήματα,
1277 3777 1399 3832 οὐδὲ
1447 3777 1663 3848 θανάτῳ
1711 3778 1887 3848 λέγεις

313 3875 477 3930 αὑτὸν
495 3876 842 3948 καταργῆσαι
864 3873 955 3926 τὸν
976 3870 1227 3926 θάνατον.
1243 3872 1307 3925 Et
1326 3870 1435 3943 γὰρ
1454 3871 1555 3925 οὐκ
1574 3870 1888 3941 ᾠκειώσατο

314 3968 384 4022 τὰ
410 3968 557 4039 πάθη
584 3965 740 4032 Θεὸς,
771 3963 937 4018 πόθεν
968 3965 1084 4026 τοῖς
1129 3962 1331 4018 πάθεσι
1383 3960 1478 4016 τοῦ
1531 3958 1773 4035 Χριστοῦ
1819 3959 1889 4016 τὰ

314 4059 552 4113 τοσαῦτα
571 4054 974 4126 κατορθώματα
992 4070 1009 4122 ;
1027 4053 1156 4120 Πῶς
1175 4053 1428 4123 ἐγένοντο
1444 4054 1734 4126 δυνάμεις;
1761 4053 1889 4119 Πῶς

316 4146 620 4217 ἀναιρεῖται
652 4144 866 4217 θανάτῳ
892 4144 922 4197 ό
941 4144 1192 4212 θάνατος,
1220 4146 1270 4199 εί
1299 4145 1375 4218 μὴ
1402 4144 1535 4209 Θεὸς
1558 4145 1722 4201 αὐτὸν
1757 4145 1887 4199 ίδιον

317 4236 645 4307 ἑποιήσατος
690 4235 853 4290 Ἀλλὰ
884 4236 1058 4291 ταῦτα
1094 4237 1163 4292 τὰ
1190 4237 1339 4309 πάθη
1364 4235 1719 4291 οίκειωθέντα
1746 4234 1884 4306 Θεῷ,

316 4326 417 4401 τὴν
448 4327 546 4399 μὲν
578 4326 731 4398 ἰσχὺν
755 4325 867 4382 τῶν
893 4328 1163 4383 τοσούτων
1193 4327 1640 4401 κατορθωμάτων
1677 4329 1743 4381 ὲκ
1774 4328 1892 4380 θεό-

315 4435 479 4491 τητος
496 4417 709 4485 ἐλαϐεν,
746 4417 824 4481 ὡς
863 4416 999 4472 Θεοῦ
1036 4418 1144 4473 ἴδια
1175 4417 1553 4490 γεγενημένα·
1604 4418 1796 4472 οὐσίαν
1833 4418 1891 4471 δὲ

318 4509 567 4581 θεότητος
596 4509 656 4563 οὺ
696 4508 1067 4581 παρωλαψεν,
1092 4512 1150 4565 ὲν
1176 4513 1244 4583 τῇ
1269 4510 1472 4580 ἑαυτῆς
1503 4510 1593 4563 ἀεὶ
1622 4509 1889 4580 μένουσαν

317 4600 575 4674 ἀπαθείᾳ.
597 4602 722 4665 Πῶς
742 4600 852 4673 γὰρ
877 4599 1209 4672 προσηλώοη
1231 4600 1310 4672 τῷ
1337 4598 1479 4670 ξύλῳ
1503 4600 1564 4654 τὸ
1587 4599 1710 4654 καθ’
1733 4600 1891 4671 ήμῶν

315 4693 418 4765 τῆς
480 4692 755 4764 ἁμαρτίας
802 4692 1188 4765 χειρόγραφον,
1250 4690 1541 4763 ἀνθρώπου
1592 4690 1749 4761 ψιλοῦ
1799 4691 1891 4745 τὸν

320 4784 553 4856 σταυρὸν
589 4783 1013 4855 ὑπομείναντοςς
1056 4783 1183 4847 Πῶς
1228 4781 1287 4836 δὲ
1333 4782 1567 4855 σταυρὸς
1613 4782 1890 4853 ἁμαρτίαν

318 4875 483 4931 ὲσταύ
492 4892 684 4949 ρωσεν,
702 4876 737 4948 ἢ
761 4876 990 4940 θάνατος
1019 4874 1255 4930 θανάτου
1282 4872 1383 4946 τὴν
1407 4872 1696 4945 τυραννίδα
1719 4873 1893 4928 διέλυ-

321 4983 435 5033 σεν,
464 4968 515 5019 εί
553 4966 628 5038 μὴ
652 4967 826 5021 ταῦτα
853 4967 1048 5037 γέγονε
1079 4963 1240 5033 Θεοῦ,
1272 4965 1369 5020 καὶ
1399 4965 1531 5037 παρ’
1560 4964 1770 5020 ἐκείνου
1790 4965 1892 5035 τὴν

319 5057 548 5128 δύναμιν
574 5057 787 5123 ἔλαϐον,
811 5057 1241 5128 οίκειωσαμόνου
1270 5055 1340 5111 τὰ
1372 5055 1639 5128 ἡμέτερα,
1677 5056 1740 5109 οὐ
1788 5073 1892 5111 πα-

320 5149 503 5212 θόντος
528 5148 721 5216 (ptiust;
756 5150 822 5202 Ὃ
841 5148 906 5219 δὴ
933 5150 1030 5203 καὶ
1062 5148 1346 5220 σημαίνων
1374 5150 1403 5201 ὁ
1436 5147 1609 5218 μέγας
1639 5147 1895 5201 ’Δπόστο-

318 5241 432 5303 λος,
481 5238 670 5308 ιλεγεν
694 5256 707 5270 ·
744 5240 828 5293 ὅτι
882 5239 1060 5303 οὐδεὶς
1091 5238 1201 5294 τῶν
1244 5239 1521 5311 ἀρχόντων
1563 5238 1660 5293 τοῦ
1698 5239 1894 5302 αἰῶνος

318 5331 531 5397 τούτου,
552 5328 644 5384 τοῦ
672 5330 959 5402 Κυριακοῦ
981 5329 1185 5394 πάθους
1201 5331 1263 5385 τὸ
1289 5332 1586 5402 μυστήριον
1625 5330 1887 5400 ἔγνωκεν.

325 5437 348 5474 ι
373 5421 455 5474 οΕἰ
495 5419 606 5493 γὰρ
643 5421 912 5490 ἔγνωσαν,
940 5422 1127 5493 φησιν,
1164 5422 1267 5476 ούκ
1306 5421 1373 5475 ἂν
1404 5421 1497 5476 τὸν
1543 5421 1747 5493 Κύριον
1791 5423 1894 5494 τῆς

320 5512 478 5586 δόξης
513 5514 884 5587 ἐσταύρωσαν.
928 5533 947 5565 ι

1982 3240 2093 3282 non
2118 3227 2418 3297 passibilis,
2444 3228 2539 3284 sed
2568 3229 2811 3284 clemens
2845 3230 3178 3285 ostenditur.

2054 3318 2142 3374 ιν.
2191 3318 2299 3374 Sed
2348 3318 2612 3383 hominis,
2654 3319 2856 3389 inquit,
2904 3321 3194 3388 passiones
3226 3338 3336 3378 non
3383 3324 3562 3380 audeo

1985 3408 2097 3463 Deo
2122 3408 2391 3463 tribuere.
2421 3407 2568 3479 Ergo
2595 3423 2774 3479 neque
2805 3424 2935 3463 eum
2963 3390 3315 3479 passionibus
3349 3414 3562 3470 salvare

1985 3494 2265 3550 hominem
2297 3494 2459 3559 dicis,
2485 3511 2666 3567 neque
2715 3498 2922 3552 diaboli
2947 3500 3251 3568 potentiam
3287 3503 3439 3557 cruci
3465 3520 3562 3574 ap-

1984 3585 2263 3655 pendisse,
2293 3600 2473 3656 neque
2500 3595 2754 3642 nostrum
2795 3597 3083 3659 peccatum
3121 3589 3355 3647 atiixisse
3390 3593 3560 3664 ligno,

1986 3690 2168 3747 neque
2188 3677 2304 3733 suis
2326 3677 2680 3748 passionibus
2703 3691 2927 3735 sanasse
2949 3680 3235 3736 hominum
3255 3684 3560 3752 passiones.

1985 3784 2166 3840 neque
2212 3779 2391 3826 morte
2433 3769 2575 3826 dicis
2624 3785 2754 3826 eum
2808 3771 3148 3830 destruxisse
3194 3785 3451 3832 mortem.
3502 3777 3559 3833 Si

1985 3861 2137 3918 enim
2177 3862 2324 3918 Deus
2366 3877 2477 3917 non
2529 3860 2637 3919 sibi
2682 3863 2937 3934 proprias
2965 3865 3203 3921 asseruit
3252 3867 3594 3937 passiones;.
3636 3928 3640 3937 ν

1988 3953 2136 4010 unde
2157 3953 2365 4010 Christi
2392 3954 2747 4024 passionibus
2767 3964 2850 4012 tot
2872 3967 3023 4013 recte
3066 3957 3249 4014 facta?
3274 3958 3563 4027 Quomodo

1988 4056 2118 4103 sunt
2139 4046 2295 4102 facta:
2311 4046 2547 4102 virtutes
2560 4046 2884 4113 ?Quomodo
2903 4059 3078 4107 morte
3106 4061 3387 4123 perempta
3419 4060 3566 4109 esset

1989 4154 2159 4204 mors,
2185 4138 2294 4195 nisi
2328 4138 2476 4195 Deus
2513 4140 2795 4211 propriam
2831 4142 2936 4197 sibi
2963 4157 3085 4198 eam
3141 4143 3405 4201 fecisset?
3455 4146 3565 4202 Sed

1990 4230 2109 4286 istae
2132 4230 2416 4301 passiones
2449 4231 2690 4302 propriae
2728 4231 2886 4288 facta:
2908 4232 3028 4299 Dei,
3050 4234 3313 4291 virtutem
3338 4237 3565 4307 quidem

1990 4330 2270 4377 tantarum
2293 4336 2481 4377 rerum
2512 4321 2984 4378 conﬁcieudarum
3016 4339 3083 4378 ex
3117 4325 3405 4381 divinitate
3445 4342 3568 4397 per-

1992 4423 2282 4484 ceperunt,
2308 4423 2369 4469 ut
2392 4430 2513 4485 qua:
2534 4414 2633 4469 Dei
2659 4414 2896 4485 propriae
2922 4416 3273 4484 exstiterint;
3314 4417 3568 4475 substan-

1923 4482 1967 4537 ί)
1999 4482 2128 4562 tiam
2157 4522 2292 4562 vero
2310 4482 2540 4562 deitatis
2554 4482 2900 4577 nequaquam
2929 4506 3212 4572 laeserunt,
3244 4482 3364 4579 qua:
3392 4510 3446 4564 in
3467 4526 3564 4566 sua

1996 4614 2214 4669 semper
2272 4596 2713 4667 impassibilitate
2768 4606 3006 4653 maneat.
3067 4598 3354 4665 Quomodo
3418 4602 3566 4657 enim

1996 4691 2216 4747 amxum
2241 4698 2325 4745 est
2346 4689 2495 4761 ligno
2527 4688 2674 4760 quod
2694 4696 2890 4745 contra
2910 4704 3014 4745 nos
3047 4699 3166 4745 erat
3194 4691 3404 4761 peccati
3451 4691 3568 4747 chi-

1996 4782 2354 4855 rographum,
2411 4780 2636 4837 homine
2678 4796 2819 4851 puro
2861 4764 3451 4838 sustinente'mortem
3489 4783 3568 4837 ὀἳ

1996 4873 2282 4944 Quomodo
2318 4881 2504 4928 autem
2551 4886 2691 4927 crux
2717 4879 3005 4942 peccatum
3035 4871 3419 4938 cruciﬁxisset,
3472 4881 3568 4928 aut

1993 4981 2143 5022 mors
2193 4964 2391 5020 mortis
2452 4963 2798 5035 tyrannidem
2847 4963 3232 5028 destruxisset,
3287 4964 3396 5019 nisi
3450 4965 3567 5021 hmo

1989 5058 2224 5114 fuissent
2268 5056 2388 5117 Dei.
2419 5064 2476 5110 et
2503 5054 2573 5109 ab
2608 5055 2705 5110 illo
2740 5056 3002 5111 virtutem
3036 5054 3422 5124 sumpsissent,
3471 5056 3566 5125 qui

1990 5161 2178 5207 nostra
2204 5158 2463 5220 tanquam
2483 5148 2710 5220 propria
2741 5147 2849 5202 sibi
2878 5146 3200 5211 vindicavit,
3223 5161 3332 5201 non
3373 5155 3566 5200 natura

1992 5239 2305 5314 passionem
2350 5238 2648 5296 sustinuit?
2691 5238 2852 5305 Quod
2897 5238 3075 5308 ipsum
3118 5237 3432 5308 significans
3476 5236 3567 5291 ille

1998 5349 2226 5404 magnus
2244 5332 2542 5402 Apostolus
2569 5331 2821 5396 dicebat,
2857 5330 2985 5401 quia
3020 5330 3206 5384 nullus
3256 5327 3566 5398 principum

2000 5426 2181 5482 saeculi
2213 5425 2379 5496 hujus
2404 5422 2701 5478 Dominicte
2733 5422 3002 5493 passionis
3035 5426 3435 5477 sacramentum
3476 5433 3567 5476 co-

2000 5517 2205 5591 gnovit.
2233 5516 2317 5571 «Si
2339 5515 2488 5571 enim
2509 5513 2913 5585 cognovissent,
2932 5513 3131 5584 inquit,
3155 5525 3433 5582 nunquam
3455 5510 3564 5565 Do-

2002 5610 2213 5664 minum
2241 5606 2426 5679 gloria:
2457 5604 2941 5662 crucifixissent".
2978 5624 2997 5656 ›

392 5693 437 5725 ⁸⁷
469 5692 704 5763 Philipp.
748 5710 804 5757 tt,
846 5695 898 5760 ὅ,
925 5695 976 5749 6.
1056 5694 1135 5749 "l
1156 5693 1286 5751 Cor.
1317 5710 1356 5760 ι,
1378 5693 1469 5748 23.
1554 5696 1598 5728 ‘9
1627 5694 1761 5751 ibid.
1797 5697 1881 5755 24.

1980 5703 2007 5734 ‘°
2036 5701 2245 5757 Coloss.
2278 5717 2336 5763 ιι,
2363 5698 2449 5755 li.
2521 5698 2563 5729 ³¹
2586 5696 2607 5752 l
2634 5696 2760 5752 Cor.
2790 5713 2849 5751 ιι.
2877 5697 2929 5752 8.

399 5784 447 5854 (ἰ
462 5783 509 5856 Ι)
549 5786 647 5838 Ὃν
678 5785 860 5840 πάλιν.

659 5873 927 5939 ΡΑτιιοι..
977 5880 1094 5941 Cu.
1151 5873 1462 5937 LXXVII.

3168 5873 3243 5935 43
