4048 6210
514 387 655 447 1555

1622 384 1965 441 TIIEODOTI
2007 386 2306 443 EPISCOPI
2344 385 2689 441 ANCYRANI

3628 380 3777 439 {356

583 498 643 553 V.
674 498 967 565 Propterea
1002 495 1258 561 dicimus,
1284 504 1339 551 et
1365 511 1585 552 manere
1618 514 1744 553 cum
1771 499 1917 568 quod
1942 506 2079 563 erat,

2259 499 2331 552 E'.
2375 499 2473 552 Διὰ
2506 497 2664 551 τοῦτο
2697 497 2949 567 λέγομεν,
2978 494 3072 549 καὶ
3105 495 3287 566 μένειν
3327 494 3488 548 αὑτὸν
3509 496 3537 548 δ
3562 496 3647 566 ἦν,
3676 516 3775 551 κα.

512 598 565 644 ct
598 588 799 642 factum
826 603 949 642 esse
992 587 1138 657 quod
1184 604 1295 641 non
1323 597 1461 642 erat.
1498 590 1554 643 ln
1582 592 1886 647 substantia
1930 607 2085 645 nam-

510 696 614 750 que
654 695 881 734 manens
904 680 1050 749 quod
1084 689 1223 745 erat,
1254 682 1495 751 suscepit
1526 684 1829 752 passiones,
1854 700 1978 737 cum
2003 700 2087 738 se-

510 769 803 837 metipsum
822 769 1032 825 unisset
1072 779 1279 825 natura:
1306 773 1570 840 passibili.
1600 774 1889 849 SubjeCtus
1916 775 2091 829 factus

508 870 611 925 est,
642 878 866 931 regnum
898 879 1006 916 non
1041 863 1365 932 deponens:
1398 863 1575 919 factus
1613 873 1698 918 est
1738 865 1923 931 homo,
1978 882 2092 920 ma-

509 970 647 1007 nens
681 955 825 1008 Deus
848 969 912 1008 ac
940 954 1214 1008 Verbum:
1245 969 1369 1008 cum
1401 964 1549 1009 esset
1577 971 1644 1010 ex
1674 966 1871 1011 natura
1905 958 2090 1012 incor-

508 1059 730 1114 poreus,
768 1044 975 1114 absque
1021 1044 1406 1100 immutatione
1440 1046 1617 1100 factus
1645 1054 1728 1101 est
1752 1062 1901 1101 caro.
1947 1049 2090 1114 Quo-

511 1136 690 1199 modo,
731 1144 787 1188 et
827 1134 1326 1203 quemadmodum?
1380 1135 1499 1189 Non
1552 1136 1695 1189 sicut
1741 1146 1799 1191 tu
1845 1137 2087 1207 cogitare

456 1231 458 1235 ’
511 1236 683 1296 potes,
714 1228 808 1282 sed
855 1227 999 1281 sicut
1052 1227 1143 1280 ille
1187 1228 1255 1281 ad
1286 1228 1549 1281 miracula
1594 1228 1846 1282 facienda
1896 1230 2084 1298 pollet.

507 1320 739 1385 Quando
761 1319 908 1373 enim
935 1318 1262 1372 miraculum
1294 1319 1393 1373 tibi
1418 1319 1564 1381 dico,
1598 1320 1789 1374 desere
1827 1321 2085 1375 rationes.

509 1407 673 1475 Signa
709 1405 857 1461 enim
888 1413 946 1459 et
996 1405 1245 1475 prodigia
1298 1406 1403 1460 ﬁde
1460 1408 1513 1460 in
1554 1408 1726 1462 Deum
1779 1409 2086 1476 ﬁrmantur,

509 1513 617 1549 non
656 1498 965 1553 rationibus
994 1500 1381 1569 exquiruntur.
1420 1500 1540 1554 Non
1569 1499 1718 1553 enim
1747 1500 1917 1554 ullum
1943 1501 2092 1555 aliud

509 1590 833 1643 miraculum
857 1607 923 1645 ex
951 1600 1154 1645 nostra:
1193 1591 1422 1645 rationis
1468 1591 1630 1645 modo
1657 1591 1872 1645 exsistit
1895 1608 1909 1657 ;
1937 1599 1993 1645 et
2016 1601 2095 1645 ta-

510 1695 633 1735 men
685 1682 898 1753 singula
931 1684 1074 1738 facta
1102 1693 1251 1747 sunt,
1290 1684 1420 1738 licet
1458 1684 1599 1738 ratio
1623 1691 1811 1737 nostra
1839 1698 1953 1737 rem
1984 1698 2094 1737 non

508 1783 854 1841 asscquatur.
902 1773 1027 1828 Haac
1071 1774 1207 1844 Magi
1252 1788 1472 1843 quoque
1502 1773 1739 1827 confessi
1773 1781 1900 1827 sunt
1924 1773 2095 1827 stellze

2193 590 2479 657 γεγονέναι
2504 590 2641 658 ὅπερ
2670 588 2769 641 οὐκ
2795 582 2884 656 ἦν.
2922 586 3003 657 Τῇ
3044 586 3150 656 γάρ
3193 585 3352 656 οὐσίᾳ
3403 586 3584 655 μένων
3617 588 3645 640 ὃ
3674 585 3769 658 ἦν,

2192 682 2411 747 ἐδέξατο
2439 678 2609 747 πάθη,
2649 678 2842 732 ἐαυτὸν
2875 676 3083 740 ἐνώσας
3103 679 3168 748 τῇ
3214 675 3377 745 φύσει
3408 680 3474 747 τῇ
3522 678 3769 751 παθητῇ.

2204 773 2475 843 ’Υπήκοος
2495 772 2707 840 γέγονε,
2731 769 3012 840 βασιλείαν
3037 769 3112 838 μὴ
3143 768 3479 839 ἀποθέμενος
3497 785 3512 800 °
3542 770 3775 838 γέγονεν

2192 865 2505 936 ἄνθρωπος,
2547 865 2736 934 μείνας
2762 863 2895 925 Θεός
2932 878 2992 914 τε
3018 860 3113 914 καὶ
3136 860 3340 928 Λόγος·
3377 860 3668 930 ἀσώματος
3699 862 3778 913 ὢν

2190 957 2289 1027 τὴν
2320 955 2504 1025 φύσιν,
2528 952 2904 1016 ἀναλλοιώτως
2930 951 3121 1019 γέγονε
3157 949 3313 1020 σάρξ.
3351 950 3500 1015 Πῶς,
3530 951 3625 1004 καὶ
3650 952 3772 1004 τίνα

2192 1048 2426 1119 τρόπονς
2456 1049 2568 1117 Οὐχ
2607 1048 2681 1110 ὡς
2715 1045 3029 1114 λογίζεσθαι
3072 1042 3318 1107 δύνασαι,
3355 1043 3470 1096 ἀλλ’
3512 1045 3589 1107 ὡς
3626 1046 3777 1097 ἐκεῖ·

2192 1157 2280 1202 νος
2325 1139 2763 1210 θαυματουργεῖν
2808 1140 2955 1190 ἐστιν
2985 1136 3189 1198 ἱκανός.
3230 1136 3399 1187 Ὅταν
3438 1136 3545 1207 γάρ
3588 1136 3777 1206 θαῦμά

2194 1245 2275 1282 σοι
2304 1229 2469 1297 λέγω,
2511 1230 2807 1283 κατάλειπε
2852 1226 3166 1296 λογισμούς.
3222 1226 3436 1295 Σημεῖα
3488 1227 3619 1297 γὰρ,
3679 1231 3777 1279 καὶ

2192 1317 2451 1388 τεράστια
2480 1320 2546 1388 τῇ
2582 1316 2675 1369 τοῦ
2719 1316 2855 1369 Θεοῦ
2902 1315 3082 1368 πίστει
3138 1314 3493 1384 κρατύνεται,
3526 1315 3625 1369 καὶ
3672 1318 3776 1368 οὐκ

2193 1410 2481 1477 ἐρευνᾶται
2514 1410 2627 1470 τοῖς
2656 1406 2854 1475 λόγοις.
2886 1406 3020 1459 Ούδέ
3043 1405 3154 1476 γάρ
3183 1405 3312 1459 ἄλλο
3328 1423 3383 1457 τι
3412 1405 3522 1458 τῶν
3555 1405 3775 1476 θαυμά-

2192 1516 2300 1551 των
2330 1498 2471 1553 κατά
2500 1499 2657 1567 λόγον
2682 1499 2800 1551 ἐστὶ
2837 1498 2928 1551 τὸν
2960 1498 3250 1569 ἡμέτερον,
3285 1497 3402 1551 ἀλλ’
3432 1498 3581 1568 ὅμως
3610 1500 3777 1567 γέγο-

2193 1606 2284 1642 νεν
2309 1589 2560 1651 ἕκαστον,
2589 1588 2693 1644 κᾶν
2717 1591 2745 1642 ὁ
2767 1588 3027 1659 λογισμὸς
3043 1588 3200 1658 ἡμῶν
3227 1588 3328 1642 οὐκ
3346 1572 3651 1659 ἐφικνεῖται
3674 1590 3776 1642 τοῦ

2195 1682 2541 1752 πράγματος.
2584 1674 2770 1734 Ταῦτα
2812 1680 2905 1733 καὶ
2953 1680 3119 1750 μάγοι
3164 1680 3543 1751 ὡμολόγησαν,
3579 1683 3777 1752 ἀστέρι

2194 1774 2608 1838 πιστεύσαντες,
2648 1774 2745 1827 καὶ
2782 1774 2844 1826 οὐ
2898 1773 3533 1844 πολυπραγμονήσαντες
3587 1774 3777 1843 φύσιν.

507 1864 817 1927 credentes,
838 1875 894 1918 ct
926 1879 1033 1918 non
1059 1873 1469 1933 perscrutantes
1488 1872 1742 1917 naturam
1763 1864 1827 1917 δ’.
1867 1862 2089 1916 Barbari

2197 1862 2479 1935 Βάρδαροι
2510 1863 2754 1932 δέχονται
2782 1860 2966 1913 πίστει
2998 1861 3282 1931 θαύματα·
3315 1863 3458 1915 καὶὸ
3485 1862 3681 1924 πιστὸς
3713 1866 3780 1915 σὺ

508 1954 820 2022 suscipiunt
845 1953 1238 2009 ﬁde-miracula
1261 1972 1275 2007 :
1302 1966 1359 2009 et
1376 1955 1553 2010 ﬁdelis
1577 1962 1636 2008 tu
1655 1969 1754 2009 cur
1775 1953 2093 2009 incredulus

507 2058 588 2106 es,
634 2051 690 2097 et
740 2045 795 2096 in
845 2044 1147 2098 humanam
1198 2045 1410 2100 decidis
1445 2042 2001 2115 cogitationemiQui
2026 2058 2095 2097 ex

506 2134 759 2188 Clialdaea
791 2145 1088 2197 venerunt,
1118 2136 1262 2190 sicut
1288 2136 1630 2205 evangelista
1658 2134 1896 2198 dicebat,
1928 2134 2094 2189 hodie

510 2226 611 2294 ipsi
661 2226 775 2279 suis
820 2227 1146 2280 muneribus
1184 2228 1509 2296 mysterium
1541 2232 2009 2289 monstravcrunt,
2046 2222 2093 2279 si

507 2321 631 2388 quis
661 2319 1024 2373 barbarorum
1074 2319 1294 2372 illorum
1344 2319 1688 2388 propositum
1723 2326 1870 2372 recte
1915 2316 2097 2371 consi-

508 2413 682 2464 deret.
720 2410 1019 2479 Triplicem
1054 2425 1293 2479 namque
1324 2423 1617 2464 munerum
1666 2408 1906 2478 speciem
1953 2408 2093 2462 oﬁ‘e—

508 2512 654 2565 runt,
702 2515 918 2563 aurum,
956 2500 1087 2554 thus
1142 2508 1199 2553 et
1249 2501 1564 2571 myrrham:
1602 2515 1799 2554 aurum
1846 2499 2090 2568 quidem,

505 2594 634 2663 quia
666 2593 713 2647 is
752 2593 869 2647 Rex
895 2601 979 2647 est
1006 2592 1099 2662 qui
1118 2593 1454 2659 honoratur;
1484 2593 1629 2655 thus,
1654 2593 1785 2660 quia
1808 2592 1954 2646 Deus
1974 2599 2095 2647 erat

505 2684 598 2752 qui
648 2696 810 2738 natus
838 2691 959 2737 est:
1018 2683 1070 2737 id
1104 2682 1253 2737 enim
1284 2682 1584 2737 secundum
1636 2682 2093 2739 consuetudinem

508 2776 818 2829 offerebant
859 2775 940 2829 eis
985 2788 1125 2844 quos
1150 2774 1252 2844 ipsi
1282 2774 1552 2844 putabant
1572 2773 1742 2840 deos;
1771 2774 2096 2830 obtulerunt

506 2883 725 2936 quoque
755 2875 810 2919 et
836 2866 1138 2936 myrrham,
1182 2867 1516 2936 passionem,
1541 2875 1603 2920 ut
1632 2867 1896 2933 arbitror,
1945 2884 2093 2923 mor-

509 2960 577 3011 tis
608 2975 705 3027 per
758 2958 902 3011 hanc
943 2957 1357 3011 annuntiantes.
1388 2957 1554 3012 Vides
1587 2959 1869 3027 quomodo
1924 2961 2092 3015 etiam

507 3049 641 3118 Magi
671 3056 1075 3118 cognoverunt,
1121 3046 1249 3114 quia
1293 3053 1349 3100 et
1380 3047 1526 3101 Deus
1574 3048 1797 3112 mansit,
1829 3058 1889 3103 et
1929 3050 2093 3106 homo

506 3139 684 3193 factus
726 3148 833 3202 est,
887 3137 1198 3206 suscipiens
1241 3137 1511 3190 mortem?
1561 3138 1761 3192 Factus
1811 3149 1895 3193 est
1942 3142 2090 3195 enim

506 3231 649 3299 quod
684 3246 805 3299 ego,
862 3238 921 3282 ut
947 3238 1192 3283 nostram
1218 3236 1470 3282 naturam
1495 3230 1562 3285 ad
1588 3244 1741 3284 suam
1767 3230 2088 3301 dignitatem

506 3321 857 3389 proveheret.
890 3320 1083 3375 Unitas
1112 3320 1259 3373 enim
1306 3320 1409 3377 hoc
1440 3320 1591 3385 facit,
1618 3321 1839 3390 utrique
1861 3338 1982 3391 quae
2007 3325 2088 3377 al—

511 3410 681 3463 terius
709 3418 839 3463 sunt
866 3410 1222 3479 conjungens.
1267 3410 1567 3479 Propterea
1609 3426 1761 3481 ergo,
1792 3428 1917 3465 cum
1947 3414 2090 3470 Deus

506 3507 670 3563 esset,
712 3499 879 3553 homo
920 3499 1096 3554 factus
1135 3508 1239 3564 est,
1284 3508 1346 3555 ut
1383 3500 1547 3555 homo
1595 3500 1751 3557 ﬁeret
1788 3504 1950 3568 Deus,
1987 3506 2091 3561 hac

506 3589 853 3659 copulatione
882 3589 951 3644 ad
985 3590 1226 3645 divinam
1272 3591 1504 3661 gloriam
1535 3593 1813 3658 elevatus,
1859 3604 1921 3649 ut
1951 3612 2094 3651 unus

506 3683 764 3751 idemque
786 3684 877 3748 sit,
907 3691 963 3736 ct
998 3683 1180 3737 divine
1209 3683 1640 3753 gloriﬁcatus,et
1668 3701 1791 3755 qum
1829 3697 1959 3742 sunt
1986 3689 2094 3743 hu-

505 3789 662 3826 mana
696 3788 1012 3843 perpessus.
1054 3774 1123 3828 Et
1172 3774 1277 3828 hoc
1310 3773 1598 3829 nobiscum
1647 3776 1881 3831 confessi
1941 3789 2087 3845 sunt,

503 3880 629 3917 cum
668 3863 948 3928 deitatem,
986 3872 1100 3918 tum
1131 3863 1529 3919 humanitatem
1562 3864 1905 3922 conﬁtentes.
1932 3868 2088 3935 Quod

501 3956 648 4010 enim
680 3956 897 4014 unitum
949 3964 1053 4021 est,
1090 3972 1439 4027 nequaquam
1478 3957 1609 4023 duo,
1659 3959 1756 4013 sed
1790 3975 1959 4014 unum
1982 3977 2084 4015 no-

502 4045 763 4100 minatur.
820 4046 1183 4116 lntelligentia
1215 4054 1401 4101 autem
1450 4063 1647 4102 rursus
1697 4049 1743 4103 si
1773 4050 1993 4116 dividis,
2030 4059 2087 4106 et

502 4136 935 4206 unumquodque
962 4153 1213 4191 seorsum
1238 4139 1649 4207 contempleris,
1679 4140 1941 4195 nimirum
1968 4143 2082 4197 sol-

500 4227 584 4280 vis
602 4226 889 4280 unitatem.
917 4225 1260 4294 lmpossibile
1277 4232 1361 4280 est
1385 4225 1533 4280 enim
1552 4226 1714 4280 simul
1731 4236 1788 4281 et
1803 4228 2083 4284 custodire

2194 1954 2246 2006 τί
2280 1955 2550 2019 ἀπιστεῖς,
2582 1952 2718 2023 πρὸς
2742 1952 3001 2021 λογισμὸν
3018 1952 3375 2005 καταπίπτων
3398 1951 3745 2023 ἀνθρώπινον
3766 1972 3778 2017 ;

2193 2044 2256 2098 Ol
2287 2044 2352 2096 ἐκ
2391 2042 2666 2107 Χαλδαίας
2707 2042 3171 2114 παραγενόμενοι,
3204 2043 3280 2106 ώς
3305 2044 3335 2095 ὀ
3379 2043 3779 2114 εύαγγελιστὴς

2194 2133 2371 2201 ἔλεγε,
2435 2135 2678 2204 σήμερον
2729 2134 2914 2196 αὐτοῖς
2950 2136 3066 2196 τοῖς
3115 2132 3314 2203 δώροις
3362 2134 3425 2187 τὸ
3473 2137 3781 2205 μυστήριον

2194 2224 2403 2289 ἔδειξαν
2439 2225 2519 2295 τῷ
2570 2225 2664 2277 τὸν
2723 2225 2924 2277 σκοπὸν
2967 2223 3073 2277 τῶν
3135 2224 3427 2296 βαρϐάρων
3475 2228 3780 2297 συνορῶντι

2194 2317 2396 2380 καλῶς.
2449 2316 2679 2388 Τριττὸν
2727 2317 2835 2386 γὰρ
2867 2312 3009 2379 εἶδος
3063 2315 3173 2369 τῶν
3228 2317 3416 2388 δώρων
3469 2322 3778 2391 προσκομί-

2197 2404 2375 2470 ζουσι,
2423 2406 2644 2477 χρυσὸν,
2690 2404 2927 2468 λίϐανον,
2967 2405 3236 2476 σμύρναν.
3278 2406 3497 2477 Χρυσὸν
3531 2409 3651 2473 μὲν,
3691 2410 3780 2462 ὅτι

2197 2497 2451 2566 βασιλεὺς
2490 2498 2519 2549 ὁ
2550 2495 2893 2568 τιμώμενος·
2938 2496 3156 2551 λίϐανον
3202 2497 3281 2560 δὲ,
3336 2499 3420 2551 ὅτι
3457 2497 3590 2561 Θεὸς
3634 2494 3707 2569 ἦν
3750 2503 3783 2552 ὁ

2195 2587 2443 2657 τεχθείς·
2472 2587 2662 2640 τοῦτον
2690 2586 2801 2657 γὰρ
2829 2586 2887 2652 ἐξ
2928 2585 3087 2649 ἔθους
3118 2587 3516 2656 προσεκόμιζον
3540 2589 3653 2651 τοῖς
3684 2590 3780 2640 ὑπ’

2195 2676 2375 2731 αὐτῶν
2401 2678 2783 2749 νομιζομένοις
2801 2679 2945 2741 θεοῖς
2966 2693 2981 2708 ·
3010 2677 3381 2749 προσφέρουσι
3403 2678 3457 2730 δὲ
3488 2679 3582 2731 καὶ
3606 2680 3782 2749 σμύρ-

2192 2786 2309 2835 ναν,
2341 2769 2403 2823 τὸ
2434 2768 2627 2832 πάθος,
2652 2764 2829 2839 οἶμαι,
2856 2768 2950 2822 τοῦ
2982 2768 3216 2823 θανάτου
3242 2768 3411 2839 ταύτῃ
3450 2769 3779 2839 μηνύοντες.

2196 2858 2355 2925 Εἶδες
2383 2862 2501 2926 πῶς
2523 2862 2618 2915 καὶ
2651 2863 2815 2933 μάγοι
2836 2861 3386 2929 ἐπέγνωσαν,ὅτικαὶ
3411 2860 3544 2924 Θεὸς
3564 2861 3779 2931 ἔμεινε.

2195 2953 2289 3006 καὶ
2325 2953 2610 3023 ἄνθρωπος
2671 2953 2887 3022 γέγονε,
2934 2954 3224 3023 δεχόμενος
3268 2954 3527 3019 θάνατον;
3574 2954 3782 3021 Γέγονε

2195 3044 2303 3113 γὰρ
2333 3045 2469 3115 ὅπερ
2516 3043 2646 3113 ἐγὼ,
2675 3045 2764 3097 ἵνα
2812 3043 2912 3116 τὴν
2950 3044 3228 3115 ἡμετέραν
3269 3045 3575 3116 ἀναϐιϐάσῃ
3613 3047 3785 3115 φύσιν

2196 3137 2332 3205 πρὸς
2376 3135 2475 3206 τὴν
2509 3137 2644 3190 ἰδίαν
2674 3136 2855 3203 ἀξίαν.
2899 3137 2962 3189 Ἢ
3009 3137 3120 3207 γὰρ
3171 3136 3366 3199 ἓνωσις
3398 3136 3559 3190 τοῦτο
3605 3140 3781 3203 ποιεῖ,

2196 3228 2442 3298 ἐκατέρῳ
2477 3228 2546 3281 τὰ
2578 3229 2671 3281 τοῦ
2719 3228 2905 3298 ἐτέρου
2940 3229 3308 3282 συνάπτουσα.
3353 3228 3452 3282 Διά
3480 3229 3641 3282 τοῦτο
3679 3225 3783 3281 οὖν

2194 3320 2327 3382 Θεὸς
2354 3320 2449 3383 ὢν,
2482 3318 2768 3390 ἄνθρωπος
2808 3320 3053 3390 γέγονεν,
3094 3321 3179 3373 ἵνα
3218 3320 3315 3374 καὶ
3352 3320 3643 3392 ἄνθρωπος
3681 3322 3783 3389 7.3.-

2196 3426 2353 3477 νηται
2389 3409 2530 3475 θεὸς,
2575 3412 2641 3481 τῇ
2689 3411 2956 3482 συναφείᾳ
2990 3410 3163 3482 ταύτῃ
3204 3411 3341 3482 πρὸς
3390 3410 3575 3482 θεῖκὴν
3614 3411 3781 3478 δόξαν

2194 3502 2564 3572 ἀναγόμενος’
2595 3503 2672 3566 ὡς
2716 3502 2813 3556 ἕνα
2858 3502 2952 3555 καὶ
2983 3503 3076 3556 τὸν
3105 3504 3267 3557 αὐτὸν
3295 3498 3429 3557 εἶναι
3464 3502 3659 3565 θεῖκῶς
3711 3520 3781 3555 τε

2191 3592 2549 3663 δοξαζόμενον
2575 3635 2589 3659 ,
2643 3593 2737 3647 καὶ
2794 3594 3074 3665 πάσχοντα
3128 3593 3196 3647 τὰ
3250 3592 3585 3665 ἀνθρώπινα.
3652 3595 3779 3647 Καὶ

2189 3685 2362 3739 ταῦτα
2397 3684 2498 3755 μὲν
2534 3685 2647 3756 (12)
2680 3685 3156 3756 συνωμολόγησαν,
3212 3684 3592 3756 ὁμολογοῦντες
3643 3686 3777 3755 (l5)

2189 3776 2420 3848 θεότητὰ
2448 3795 2507 3830 τε
2528 3778 2625 3830 καὶ
2657 3777 3074 3848 ἀνθρωπότητα.
3115 3778 3188 3830 Τὸ
3216 3778 3322 3849 γὰρ
3339 3776 3557 3843 ἐνωθὲν,
3579 3776 3777 3831 οὐκέτι

2185 3865 2298 3931 δύο,
2341 3866 2456 3920 ἀλλ’
2489 3866 2546 3921 ἓν
2577 3867 2927 3937 ὀνομάζεται.
2949 3869 3025 3939 Τῇ
3054 3868 3110 3921 δὲ
3140 3869 3321 3939 ἐννοίᾳ
3350 3867 3517 3922 πάλιν
3543 3869 3593 3921 εί
3620 3867 3773 3922 διαι-⁵

2193 3961 2331 4030 ρεῖς,
2380 3959 2474 4013 καὶ
2498 3959 2728 4012 ἕκαστον
2758 3961 2882 4013 κατ’
2913 3960 3045 4014 ἰδίαν
3097 3964 3338 4025 σκοπεῖς,
3381 3960 3581 4014 οὐκοῦν
3618 3959 3776 4024 λύεις

2189 4050 2288 4119 τὴν
2337 4049 2551 4103 ἕνωσιν.
2591 4050 2877 4104 Ἀδύνατον
2911 4050 3019 4122 γὰρ
3046 4052 3162 4122 ἅμα
3215 4053 3308 4105 καὶ
3337 4051 3631 4119 φυλάττειν
3666 4051 3775 4121 τὴν

2190 4140 2403 4205 ἕνωσιν,
2440 4142 2534 4195 καὶ
2554 4141 2816 4213 ἑκάτερον
2853 4144 2972 4195 κατ’
3011 4142 3146 4197 ἰδίαν
3191 4145 3434 4196 σκοπεῖν.
3498 4141 3660 4195 Ἀλλά
3704 4140 3774 4193 τὸ

2189 4232 2410 4295 ἐνωθέν,
2436 4230 2648 4297 ἀλύπως
2680 4232 2738 4285 ἓν
2763 4232 2975 4301 γέγονε,
3005 4233 3097 4286 καὶ
3132 4233 3319 4287 οὐκέτι
3345 4233 3555 4301 γίνεται
3577 4232 3692 4285 δύο.

502 4316 789 4382 unitatem,
839 4324 896 4372 et
945 4325 1242 4385 utrumque
1285 4316 1517 4372 seorsim
1545 4317 1921 4373 considerare.
1972 4318 2079 4376 Sed
2117 4323 2265 4393 quod
2320 4333 2405 4380 est
2436 4324 2675 4390 unitum,
2711 4323 3083 4379 insolubiliter
3138 4340 3310 4378 unum
3340 4324 3542 4379 factum
3582 4330 3687 4385 est,
3708 4336 3769 4381 et

500 4414 844 4476 nequaquam
874 4406 1013 4462 ﬁunt
1043 4407 1173 4462 duo.

569 4500 658 4557 Vl.
699 4502 805 4558 Sed
858 4505 974 4559 sola
1020 4503 1381 4575 intelligentia
1422 4502 1630 4570 divido,
1685 4504 1883 4576 inquit.
1941 4508 2086 4579 Ergo
2118 4512 2161 4567 Ι)

498 4596 691 4651 eadem
717 4596 1076 4667 intelligentia
1111 4596 1379 4653 unitatem
1411 4596 1658 4653 solvisti:
1680 4614 1805 4653 nam
1832 4614 1942 4669 quo
1967 4600 2081 4655 dis-

494 4689 678 4759 jungis
708 4688 776 4743 ab
803 4689 976 4742 altero
993 4690 1245 4753 alterum,
1275 4688 1469 4743 eodem
1500 4689 1905 4759 copulationem
1934 4692 2080 4747 divi—

501 4778 606 4833 dis.
648 4777 791 4844 Quid
816 4794 947 4849 ergo
980 4778 1235 4833 dissolvis
1264 4778 1730 4847 dispensationem
1760 4781 2076 4846 salutarem,

499 4870 609 4924 duo
675 4869 1007 4939 intelligens,
1067 4878 1121 4923 et
1183 4867 1450 4923 unitatem
1496 4870 1799 4939 repellens?
1857 4871 1962 4926 Sed
2020 4881 2081 4925 ut

501 4975 731 5032 magnus
758 4960 1055 5029 Apostolus
1091 4961 1205 5014 ait:
1241 4980 1259 5011 ι
1293 4960 1453 5016 Jesus
1476 4960 1729 5017 Christus
1749 4962 1869 5017 heri
1904 4970 1960 5017 et
1982 4963 2079 5018 ho-

499 5054 609 5116 die,
635 5052 750 5123 ipse
785 5060 842 5106 et
876 5051 932 5104 in
954 5052 1151 5107 saecula
1171 5053 1248 5117 ⁸³-ς
1278 5071 1294 5103 ι
1322 5068 1490 5107 unum
1514 5061 1569 5106 et
1588 5053 1842 5108 eumdem
1868 5054 2078 5120 dicens,

495 5153 876 5213 :eternumque
915 5152 972 5198 et
998 5144 1191 5208 Deum,
1223 5151 1279 5198 et
1312 5144 1591 5199 hominem
1624 5160 1655 5198 a
1690 5152 1935 5214 tempore
1973 5148 2079 5201 ini-

500 5234 634 5287 tium
666 5234 995 5301 habentem;
1030 5251 1097 5290 ει
1120 5235 1323 5305 quibus
1356 5237 1592 5290 alterum
1640 5236 1795 5305 prius
1826 5245 1966 5303 erat,
1999 5240 2079 5293 al-

498 5332 675 5378 terum
731 5325 906 5381 factus
954 5334 1039 5380 est
1081 5324 1383 5394 posterius.
1415 5324 1522 5380 Sed
1547 5327 1843 5394 quomodo,
1880 5328 2080 5397 inquit,

501 5412 819 5481 Unigenitus
851 5431 1045 5471 servus
1068 5416 1244 5472 factus
1264 5425 1368 5482 est,
1398 5432 1627 5472 manens
1666 5419 1813 5487 quod
1850 5427 1987 5483 erat,
2013 5428 2070 5475 et
2095 5434 2108 5452 ο

498 5502 669 5557 factus
692 5506 839 5573 quod
893 5522 1005 5561 non
1031 5510 1187 5563 erat?
1212 5508 1269 5563 Si
1298 5509 1381 5565 vis
1410 5509 1516 5564 hoc
1540 5525 1894 5581 cognoscere,
1919 5512 2067 5569 disce

564 5654 609 5685 ⁸²
632 5653 821 5709 Matth.
855 5671 913 5719 ιι,
948 5659 1147 5729 l-seqq.
1194 5662 1240 5694 ⁸³
1266 5660 1434 5716 Henr.
1471 5676 1587 5729 xm,
1620 5666 1674 5717 8.

567 5792 676 5862 (ιε)
718 5792 836 5847 Ἴσ,
868 5792 1020 5857 ἡμῖν.

2264 4514 2357 4577 C.".
2396 4509 2538 4563 Ἀλλ’
2563 4510 2777 4581 ἐπινοίᾳ
2806 4510 2944 4580 μόνῃ
2972 4508 3214 4579 χωρίζω,
3241 4508 3429 4580 φησίν.
3462 4508 3765 4580 Οὐκοῦντῇ

2188 4599 2327 4670 αὐτῇ
2363 4598 2577 4669 ἐπινοίᾳ
2612 4599 2709 4652 καὶ
2738 4599 2838 4669 τὴν
2858 4599 3051 4651 ἕνωσιν
3073 4598 3268 4662 ἔλυσας
3288 4614 3301 4628 ⁸
3337 4590 3382 4666 ᾧ
3421 4599 3530 4667 γὰρ
3549 4598 3771 4669 sane;

2186 4691 2281 4745 τοῦ
2325 4692 2516 4764 ἐτέρου
2564 4690 2627 4745 τὸ
2678 4692 2896 4762 ἕτερον,
2938 4691 3112 4761 τούτῳ
3162 4691 3255 4744 καὶ
3308 4690 3408 4761 τὴν
3466 4691 3772 4759 συνάφειαν

2188 4782 2402 4854 ἔτεμες.
2441 4784 2506 4837 Τί
2541 4779 2636 4837 οὖν
2683 4782 2939 4847 ἀναλύεις
2987 4783 3301 4853 οἰκονομίαν
3342 4783 3632 4851 σωτήριον,
3668 4784 3770 4836 δύο

2185 4878 2343 4940 νοῶν,
2395 4878 2491 4930 καὶ
2522 4876 2620 4948 τὴν
2673 4878 2870 4930 ἕνωσιν
2899 4875 3137 4941 ἀθετῶν;
3194 4875 3357 4928 Ἀλλά
3408 4874 3550 4929 καθά
3600 4878 3697 4929 καὶ
3736 4880 3770 4929 ὁ

2186 4970 2365 5038 μέγας
2414 4969 2735 5032 ’Δπόστολός
2769 4985 2975 5039 φησιν,
3019 4986 3038 5018 ι
3080 4966 3287 5037 Ἰησοῦς
3342 4967 3577 5038 Χριστὸς
3635 4969 3767 5037 χθὲς

2180 5059 2275 5112 καὶ
2304 5060 2571 5132 σήμερον,
2595 5061 2623 5112 ὁ
2647 5058 2811 5121 αὐτὸς
2838 5059 2932 5111 καὶ
2956 5061 3041 5120 είς
3061 5058 3192 5120 τοὺς
3217 5056 3421 5120 αἰῶνας
3439 5074 3451 5087 ·
3479 5076 3497 5108 ι
3536 5057 3635 5109 Eva
3665 5057 3768 5110 καὶ

2179 5150 2270 5203 τὸν
2303 5150 2463 5202 αὑτὸν
2492 5150 2688 5218 λέγων,
2714 5148 2931 5202 αἰώνιόν
2961 5165 3019 5201 τε
3048 5147 3144 5201 καὶ
3173 5147 3325 5210 Θεὸν,
3361 5148 3457 5201 καὶ
3494 5145 3602 5199 ἀπὸ
3628 5146 3757 5215 χρό-

2178 5257 2284 5294 νων
2308 5241 2612 5311 ἀρχόμενον
2642 5240 2959 5309 ἄνθρωπονο
2995 5239 3056 5292 τὸ
3093 5239 3195 5310 μὲν
3225 5239 3356 5293 ὄντα
3388 5238 3679 5309 πρότερον,
3702 5236 3770 5289 τὸ

2181 5332 2239 5385 δὲ
2270 5332 2560 5402 γενόμενον
2595 5331 2842 5403 ὕστερον,
2886 5330 3050 5384 ’Δλλά
3078 5329 3216 5395 πῶς,
3248 5330 3435 5399 φησὶν,
3464 5327 3767 5393 όΜονογι-

2176 5422 2271 5493 νὴς
2293 5422 2479 5485 δοῦλος
2507 5423 2821 5493 γεγένηται,
2875 5424 3062 5493 μείνας
3099 5421 3128 5474 δ
3151 5417 3241 5491 ἦν,
3287 5421 3379 5473 καὶ
3406 5419 3702 5489 γενόμενος
3734 5418 3769 5471 ὃ

2176 5512 2275 5565 οὐκ
2299 5506 2398 5580 ἦν;
2428 5513 2487 5564 Εἰ
2520 5512 2699 5581 βούλει
2730 5513 2889 5566 τοῦτο
2921 5512 3133 5582 μαθεῖν,
3170 5510 3309 5581 μάθε
3347 5512 3427 5564 ὅτι
3450 5508 3679 5579 γέγονεο
3700 5508 3771 5563 τὸ

2248 5797 2357 5867 (15)
2396 5797 2509 5851 Ἵνα
2550 5797 2747 5863 πάντες
2786 5800 2843 5851 ἓν
2867 5793 3025 5866 ὦσιν,
3063 5798 3470 5870 ὁμολογοῦντες.
