4048 6210
372 453 399 511 ι
410 452 515 510 357

1304 433 1589 493 HOMILIA
1620 430 1663 488 Ι.
1700 430 1769 487 ΙΝ
1807 429 1921 485 DIE
1960 412 2404 485 NATIVITATIS
2440 425 2703 483 DOMINI.

3481 424 3623 481 1553

368 570 429 626 δὲ
458 561 578 630 πῶς
599 560 849 635 γέγονεν,
869 559 899 613 ό
918 552 1418 627 θαυματουργήσας
1447 550 1737 605 ἐπίσταται
1763 546 1942 617 μόνος.

2049 546 2179 614 quia
2206 545 2385 602 factus
2407 557 2491 601 est
2520 586 2532 597 .
2560 540 2836 614 quomodo
2875 558 3006 597 vero
3034 541 3208 598 factus
3230 542 3322 607 sit,
3358 542 3508 598 solus
3538 541 3630 597 ille

371 661 505 718 οὐδὲ
536 657 644 727 γὰρ
668 654 731 708 σύ
771 670 862 724 μοι
891 649 1120 704 δύνασαι
1161 645 1365 713 λέγειν,
1398 641 1518 706 πῶς
1559 643 1588 695 ό
1629 639 1738 692 τῶν
1777 639 1942 705 Λίγυε

371 753 545 807 πτίων
567 745 814 817 ποταμὸς
838 736 981 813 αἷμα
1007 739 1327 809 γεγένηται,
1348 733 1726 805 ἀμεταϐλήτου
1761 728 1943 817 μεινᾲ-

373 858 471 911 σης
492 839 589 908 τῆς
612 816 925 895 τοῦῦδατος
960 829 1194 911 φύσεως.
1227 823 1339 879 Καὶ
1382 821 1493 893 γὰρ
1648 818 1801 911 ῦδατι
1846 816 1944 911 μὲν

368 905 438 983 οἰ.
476 905 722 998 Ἑϐραῖοι
771 921 1069 992 κέχρηντοο
1120 910 1261 986 αἷμα
1307 913 1365 966 δὲ
1398 912 1511 998 τοῖς
1552 907 1881 998 Αἰγυπτίοις
1917 905 1944 956 ό

371 1019 561 1081 Νεῖλος
575 991 847 1085 εγενετο,
865 991 961 1065 καὶ
993 1007 1219 1078 γέγονεν
1248 1004 1276 1058 ὃ
1306 1002 1407 1057 οὒκ
1436 997 1526 1073 ἦν,
1581 997 1769 1070 μείνας
1794 996 1824 1051 ό
1851 991 1940 1068 ἦν.

374 1110 510 1164 Εἰπέ
540 1126 629 1180 μοι
660 1106 754 1161 τὸν
782 1103 1015 1176 τρόπον·
1047 1098 1162 1154 ἀλλ’
1192 1098 1292 1151 οὐκ
1339 1094 1483 1166 ἔχεις
1519 1092 1728 1146 εἰπεῖν*
1756 1088 1943 1180 θαῦμα

372 1202 482 1273 γάρ
516 1177 632 1254 ἐστι
666 1194 825 1261 Θεοῦ,
873 1191 1173 1263 λογισμοὺς
1216 1184 1666 1260 παρωθούμενον.
1710 1177 1942 1273 Habe-6t

374 1269 471 1347 καί.
506 1291 569 1344 τὸ
589 1288 703 1360 φῶς
742 1287 800 1341 ὲν
828 1282 1093 1353 Αἰγύπτῳ
1124 1279 1317 1349 γέγονε
1344 1275 1557 1341 σκότος,
1588 1273 1650 1326 οὐ
1694 1269 1940 1360 σϐεσθξν,

374 1382 511 1440 ἀλλὰ
545 1354 705 1453 μένον
729 1377 759 1431 ὃ
795 1372 896 1448 ἦν;
943 1370 1157 1444 Ἡμέρα
1180 1370 1288 1441 γὰρ
1314 1368 1426 1453 τοῖς
1468 1362 1830 1438 Ἰσραηλίταις
1850 1354 1938 1432 ἦν,

374 1476 471 1530 καὶ
492 1449 742 1545 λαμπρὸν
778 1469 960 1532 αὐτοῖς
1001 1465 1233 1537 παρεῖχε
1266 1461 1327 1537 τὸ
1356 1449 1494 1531 ἒρῶς,
1531 1459 1644 1520 τοῖς
1682 1454 1740 1509 δὲ
1779 1453 1951 1522 Αἰγυέ

375 1566 552 1630 πτίοις
570 1565 632 1618 τὸ
652 1563 765 1632 φῶς
780 1558 940 1614 τοῦτο
961 1557 1152 1626 γέγονε
1177 1553 1385 1616 σκότος·
1401 1550 1494 1605 καὶ
1514 1548 1572 1602 ἐν
1591 1547 1652 1602 τὸ
1667 1545 1941 1618 ὁρώμενον

373 1655 455 1720 ὃν,
494 1654 609 1724 φῶς
637 1670 697 1705 τε
723 1649 790 1724 ἦν
820 1647 956 1719 ὁμοῦ
988 1648 1081 1701 καὶ
1111 1645 1319 1710 σκότος,
1356 1642 1477 1697 οὐδὲ
1514 1641 1582 1695 ὲκ
1618 1637 1810 1693 τούτου
1840 1654 1941 1708 με-

373 1745 660 1817 ταόληθὲν,
690 1743 912 1797 κάκεῖνο
956 1737 1283 1809 γενόμενον·
1324 1732 1448 1787 οὐδὲ
1487 1731 1596 1803 γὰρ
1624 1727 1720 1783 τοῦ
1765 1727 1944 1798 φωτὸς

374 1836 635 1898 παθόντος
668 1833 857 1895 σκότος
893 1830 1130 1900 ἐγένετο,
1160 1825 1252 1880 τοῦ
1299 1823 1435 1878 Θεοῦ
1466 1818 1944 1893 θαυματουργοῦν-

2047 637 2443 692 miraculorum
2473 635 2657 706 opifex
2695 637 2867 690 novit.
2897 632 3087 704 Neque
3116 634 3264 687 enim
3295 640 3352 687 tu
3382 631 3517 688 mihi
3543 632 3626 687 di-

2044 740 2169 782 cere
2201 724 2429 797 poteris,
2463 724 2741 796 quomodo
2770 722 3151 795 Egyptiorum
3186 721 3385 777 ﬂuvius
3409 724 3630 793 sanguis

2045 823 2129 870 est
2177 813 2374 880 factus,
2431 813 2762 869 immutabili
2818 828 3085 884 aquarum
3128 820 3486 883 permanente
3529 829 3628 867 na-

2047 908 2168 958 tura
2190 905 2256 959 ⁵⁵.
2299 904 2519 961 Etenim
2560 904 2711 959 velut
2738 918 2879 974 aqua
2918 902 3139 973 quidem
3192 902 3493 957 utebantur
3526 902 3632 957 He-

2046 995 2213 1062 braei;
2241 996 2463 1067 sanguis
2497 1002 2682 1050 autem
2715 992 2985 1065 [Egyptiis
3019 992 3177 1049 Nilus
3208 993 3388 1049 factus
3414 1000 3535 1048 est:
3576 1001 3632 1048 et

2046 1087 2223 1142 factus
2248 1097 2333 1142 est
2358 1086 2506 1157 quod
2548 1103 2659 1141 non
2693 1097 2834 1153 erat,
2891 1076 3123 1140 manens
3161 1085 3308 1157 quod
3334 1093 3474 1142 erat.
3531 1086 3631 1141 Dic

2046 1178 2180 1233 mihi
2218 1178 2482 1233 modum:
2527 1177 2624 1233 sed
2661 1194 2771 1233 non
2804 1177 3014 1250 poteris
3044 1175 3263 1243 dicere;
3304 1177 3632 1233 miraculum

2044 1285 2281 1341 namque
2309 1270 2406 1325 Dei
2444 1278 2547 1336 est,
2578 1269 2795 1341 fugiens
2828 1269 3119 1325 rationem.
3146 1267 3434 1336 Quomodo
3461 1269 3631 1324 etiam

2042 1361 2227 1416 lumen
2253 1362 2308 1416 in
2340 1359 2573 1435 Egypto
2605 1356 2809 1416 factum
2835 1370 2919 1416 est
2938 1361 3199 1427 tenebrae,
3226 1375 3338 1417 non
3357 1361 3631 1416 exstincto

2043 1453 2271 1517 lumine,
2292 1451 2391 1508 sed
2418 1459 2674 1507 manente
2699 1450 2847 1523 quod
2877 1460 2997 1508 erat
3014 1451 3098 1506 l’5?
3121 1451 3250 1507 Dies
3277 1452 3426 1507 enim
3455 1450 3629 1507 Israe-

2043 1540 2156 1597 litis
2204 1551 2343 1607 erat,
2381 1548 2437 1597 et
2488 1542 2701 1597 clarum
2746 1555 2843 1597 eos
2893 1540 3353 1613 circumfulgehat
3400 1539 3623 1607 lumen;

2041 1630 2308 1705 {Egyptiis
2337 1642 2521 1689 autem
2554 1632 2661 1688 hoc
2697 1632 2885 1687 lumen
2915 1632 3123 1688 factum
3153 1639 3239 1689 est
3266 1633 3535 1690 tenebrae:
3567 1641 3627 1689 et

2044 1741 2168 1782 cum
2204 1741 2373 1781 unum
2400 1734 2547 1782 esset
2577 1727 2725 1796 quod
2749 1726 3061 1789 videbatur,
3088 1724 3279 1780 lumen
3308 1726 3429 1781 erat
3460 1724 3625 1781 simul

2043 1828 2098 1872 et
2124 1816 2365 1872 tenebrae
2389 1834 2402 1870 :
2428 1831 2607 1887 neque
2628 1834 2695 1872 ex
2717 1817 2823 1873 hoc
2841 1824 3135 1880 mutatum,
3155 1820 3211 1871 et
3224 1813 3375 1869 aliud
3392 1814 3622 1870 factum.

373 1944 486 1991 τος,
535 1925 630 1979 καὶ
685 1922 776 1976 τὸν
823 1919 980 1988 λόγον
1021 1919 1122 1973 οὐκ
1168 1913 1522 1987 ἐκδεχομένου
1572 1914 1673 1982 τῆς
1706 1910 1940 1981 φύσεως.

2044 1906 2163 1963 Non
2194 1908 2342 1963 enim
2387 1908 2596 1964 lumine
2643 1910 2909 1979 patiente,
2958 1907 3202 1963 tenebrae
3240 1904 3376 1961 illud
3419 1905 3625 1961 factum

376 2017 501 2081 Πῶς
533 2013 627 2071 οὖν
676 2014 738 2070 τὸ
767 2013 909 2082 ὕδωρ
945 2011 1040 2065 τοῦ
1090 2008 1308 2072 Νείλου,
1358 2005 1549 2077 μεῖναν
1578 2001 1749 2073 ὕδωρ,
1803 1995 1942 2071 αἷμα

373 2109 703 2178 γεγένηται;
735 2106 769 2178 ἢ
796 2106 913 2169 πῶς
950 2104 1042 2157 ἐπὶ
1091 2101 1194 2172 τῆς
1242 2099 1379 2163 ἰδίας
1411 2095 1627 2166 φύσεως
1658 2096 1847 2166 μεῖναν
1883 2092 1944 2146 τὸ

374 2198 509 2270 φῶς,
540 2199 730 2262 σκότος
763 2196 1009 2267 ὲγὲνετο;
1040 2192 1177 2247 Οὐδὲ
1202 2190 1312 2262 γὰρ
1341 2187 1501 2244 τοῦτο
1520 2186 1809 2257 ἔφθαρται,
1839 2185 1942 2239 κὰ-

374 2290 522 2344 κεῖνο
549 2289 859 2359 γεγένηται.
899 2286 1035 2341 Οὐδὲ
1067 2285 1175 2356 γὰρ
1204 2282 1416 2353 ἐφθάρη
1449 2281 1484 2351 ﬁ
1506 2278 1667 2349 φύσις
1694 2276 1788 2331 τοῦ
1817 2275 1945 2329 ὓδα-

373 2395 466 2442 τος
491 2394 505 2407 ’
531 2378 626 2431 κα)⁵
647 2376 867 2448 ἐδήλουν
898 2375 945 2428 οἰ
981 2371 1245 2444 Ἑϐραῖοι,
1263 2368 1424 2423 τοῦτο
1444 2366 1674 2436 πότιμον
1699 2362 1939 2435 ἔχοντες·

373 2465 489 2519 ἀλλ’
520 2465 705 2535 ἔμεινε
739 2465 835 2519 καὶ
861 2460 1000 2533 αὐτὴ
1050 2462 1083 2532 ἡ
1135 2460 1297 2529 φύσις
1329 2456 1387 2512 ἐν
1438 2456 1587 2518 ἰδίοις
1634 2456 1800 2524 ὅροις,
1848 2449 1944 2505 καὶ

372 2554 597 2625 γέγονεν
620 2548 778 2621 αἷμα,
808 2554 945 2624 ὅπερ
967 2553 1066 2606 οὐκ
1084 2547 1172 2622 ἦν,
1194 2549 1329 2603 Θεοῦ
1353 2546 1494 2617 ὑπὲρ
1522 2545 1679 2613 λόγον
1700 2541 1944 2597 δεικνύν-

373 2661 464 2710 τος
490 2644 552 2699 τὸ
587 2643 789 2715 θαῦμα.
1044 2636 1047 2641 ’

444 2819 518 2871 Z'.
554 2816 619 2868 Ἥ
655 2814 713 2869 δὲ
757 2810 1064 2884 βαὸυλωνία
1091 2808 1221 2879 φλὸξ
1264 2808 1381 2871 πῶς
1410 2808 1597 2877 δρόσος
1621 2808 1733 2868 τοῖς
1764 2804 1942 2875 τρισὶν

375 2911 592 2982 ἐγένετο
619 2905 812 2972 παισί;
839 2904 950 2958 Καὶ
973 2902 1085 2973 γὰρ
1108 2900 1241 2969 φλὸξ
1255 2896 1344 2970 ἦν,
1374 2898 1467 2952 καί
1488 2896 1677 2968 δρόσος
1694 2895 1938 2965 ἐγένετοο

377 3002 473 3055 καὶ
497 3001 664 3071 ἄμφω
684 2996 873 3052 ταῦτακ
886 2994 1170 3067 δηλοῦνται
1195 2993 1262 3063 τῇ
1296 2988 1551 3062 ἐνεργείᾳ
1571 3006 1587 3020 ο
1616 2989 1699 3042 δτι
1723 2988 1818 3059 μὲν
1835 2987 1942 3059 γὰρ

372 3093 564 3163 δρόσος
593 3086 684 3162 ἦν,
715 3090 765 3143 οἰ
805 3089 956 3160 τρεῖς
987 3083 1302 3139 διδάσκουσι
1331 3082 1541 3146 παῖδες,
1571 3079 1740 3151 ταύτῃ
1772 3096 1942 3133 κατα-

374 3182 671 3254 ψυχόμενοι
691 3196 705 3211 ⁸
739 3180 822 3232 δτι
848 3176 906 3231 δὲ
952 3176 1047 3283 καὶ
1078 3172 1209 3283 (ρλὸξ
1233 3166 1323 3244 ἦν,
1344 3172 1437 3283 μοί,
1459 3169 1649 3273 ταύτῃ.
1663 3185 1942 3283 κατρκαυ-
1967 3212 2012 3283 .C

377 3276 562 3338 θέντες
605 3269 871 3344 μηνύουσι
933 3264 1287 3321 Βαϐυλώνιοι.
1342 3259 1521 3327 Εἶδες,
1570 3261 1690 3325 πῶς
1725 3259 1788 3314 τὸ
1831 3258 1943 3328 πῦρ

376 3367 557 3438 ἔμεινε
596 3363 727 3434 πῦρ,
766 3360 862 3415 καὶ
893 3358 1081 3430 δρόσος
1115 3356 1350 3426 ἐγένετο.
1389 3355 1464 3407 Οὐ
1498 3353 1590 3407 δύο
1620 3351 1942 3425 πράγματα,

374 3456 493 3512 οὐδὲ
528 3455 621 3509 δύο
648 3452 858 3525 φύσεις,
881 3450 996 3505 ἀλλ’
1033 3447 1089 3502 ἓν
1114 3444 1203 3520 ἦν,
1244 3446 1339 3501 καὶ
1382 3443 1443 3497 τὸ
1474 3442 1777 3514 ὁρώμενον·
1808 3439 1945 3508 ὅπερ

373 3544 440 3620 ἦν
470 3545 623 3619 φλὸξ.
653 3544 811 3599 τοῦτο
853 3544 1045 3613 γέγονε
1075 3539 1265 3611 δρόσος
1285 3554 1299 3569 ο
1337 3534 1433 3589 καὶ
1480 3528 1867 3620 μαρτυροῦσιν-
1893 3529 1942 3581 οί

373 3616 590 3694 δίκαιοι.
621 3636 832 3706 Μηκέτι
856 3628 948 3687 οῦν
973 3629 1149 3701 ἐρώτα
1178 3643 1245 3697 με
1272 3623 1380 3676 τῶν
1411 3618 1507 3674 τοῦ
1539 3619 1672 3673 Θεοῦ
1704 3616 1945 3688 σημείων

374 3734 463 3786 τὸν
487 3730 705 3802 τρόπον.
726 3727 895 3783 Πάλιν
920 3724 1029 3792 γὰρ
1057 3719 1168 3790 ὲρῶ
1191 3733 1275 3770 σοι
1295 3731 1310 3746 ο
1334 3712 1403 3768 τὰ
1425 3712 1676 3784 θαύματα
1701 3710 1944 3802 δείκνυσι

378 3821 477 3894 μὲν
522 3800 606 3874 ότι
655 3819 866 3890 γέγονε,
917 3810 1037 3881 Θεῷ
1068 3809 1125 3862 δὲ
1160 3805 1560 3876 καταλιμπάνω
1589 3802 1789 3894 είδὲναι
1834 3800 1943 3854 τῶν

377 3890 667 3985 θαυμάτων
703 3908 795 3961 τὸν
829 3904 1007 3973 λόγον.
1038 3897 1173 3955 Εἶτα
1198 3896 1321 3952 εἰπὲ
1357 3913 1447 3967 μοι
1475 3912 1490 3927 ⁸
1530 3890 1704 3985 ταῦτα
1734 3892 1945 3985 θαυμαῗ

376 3980 595 4075 τουργεῖ
643 4000 796 4061 Θεὸς,
842 3997 939 4048 κα)⁸
976 3992 1076 4063 τὴν
1116 3990 1288 4061 φλόγα
1337 3987 1529 4058 δρόσον
1568 3982 1769 4075 ποιῶν,
1824 3980 1946 4075 οῦδὲ

379 4073 552 4163 φλόγα
585 4084 925 4159 μεταϐαλὼν,
956 4083 1052 4138 καὶ
1080 4081 1216 4153 πρὸς
1239 4079 1428 4152 δρόσον
1459 4074 1627 4148 αὐτὴν
1653 4073 1940 4146 μεθιστῶν,

376 4184 638 4253 τυράννου
668 4177 768 4248 τὴν
805 4175 1079 4247 ἀπόφασιν
1109 4171 1269 4227 λῦσαι
1320 4168 1662 4241 βουλόμενος,
1709 4166 1804 4219 καὶ
1827 4165 1944 4235 ηδι-

376 4273 647 4346 κημένους
688 4269 973 4345 ἐκδικῆσαι
1002 4268 1194 4332 θέλων,
1227 4264 1322 4319 καὶ
1349 4263 1476 4327 τοὺς
1503 4260 1707 4326 αἰτίους
1742 4274 1943 4313 καταν-

375 4366 583 4422 αλῶσαι
636 4364 956 4436 βουλόμενος
1007 4359 1350 4434 βαρϐάρουςο
1405 4355 1499 4410 καὶ
1542 4352 1944 4425 θαυματουργεί

371 4459 442 4512 τὰ
477 4456 701 4511 τοιαῦτα
722 4453 876 4520 Θεὸς,
906 4453 967 4508 τὸ
997 4451 1108 4524 πῦρ
1127 4448 1370 4520 φυλάξας
1390 4446 1451 4499 ὲν
1476 4444 1630 4508 ἰδίοις
1652 4444 1818 4517 ὅροις,
1846 4442 1940 4496 καὶ

2044 2006 2128 2053 est
2143 2015 2158 2064 ;
2172 1997 2285 2053 Deo
2299 1998 2560 2052 nimirum
2588 1997 2821 2053 faciente
2838 1998 3125 2061 miracula,
3142 2012 3246 2052 nec
3271 2001 3626 2066 exspectante

2044 2097 2255 2143 natura:
2283 2088 2578 2143 rationem.
2609 2087 2897 2155 Quomodo
2920 2103 3050 2159 ergo
3082 2101 3224 2158 aqua
3244 2084 3355 2141 Nili
3394 2099 3627 2140 manens

2045 2195 2207 2250 aqua,
2235 2179 2459 2250 sanguis
2483 2179 2771 2235 estfacta?
2796 2188 2891 2234 aut
2917 2179 3195 2251 quomodo
3226 2179 3281 2234 in
3305 2192 3403 2233 sua
3426 2184 3627 2232 natura

2044 2286 2273 2327 manens
2299 2271 2509 2335 lumen,
2537 2270 2778 2327 tenebra:
2805 2270 3009 2326 factum
3043 2268 3166 2327 est?
3187 2269 3307 2325 Non
3336 2269 3485 2324 enim
3518 2269 3627 2325 hoc

2045 2372 2369 2432 corruptum
2405 2371 2510 2429 est,
2541 2372 2597 2418 et
2622 2362 2757 2418 illud
2782 2361 3010 2419 factum.
3046 2363 3169 2420 Non
3192 2363 3338 2418 enim
3364 2374 3623 2433 corrupta

2044 2460 2130 2509 est
2177 2468 2444 2524 aquarum
2486 2462 2716 2509 natura:
2759 2454 2908 2525 quod
2960 2453 3326 2508 ostendebant
3381 2452 3621 2517 Hebraei,

2045 2534 2188 2597 hanc
2229 2542 2499 2597 habentes
2528 2543 2866 2613 potabilem:
2906 2543 3000 2597 sed
3038 2543 3239 2597 mansit
3274 2543 3391 2612 ipsa
3425 2550 3625 2599 natura

2045 2634 2099 2687 in
2125 2632 2240 2687 suis
2255 2632 2526 2697 terminis,
2555 2640 2611 2687 et
2632 2633 2775 2687 facta
2796 2643 2881 2688 est
2906 2633 3145 2705 sanguis,
3176 2628 3320 2705 quod
3349 2649 3461 2689 non
3481 2644 3620 2699 erat,

2045 2721 2155 2777 Deo
2182 2723 2386 2794 quippe
2414 2722 2558 2778 ultra
2605 2724 2875 2778 rationem
2914 2723 3237 2779 ostendente
3269 2725 3620 2781 miraculum.

2113 2812 2225 2869 Vll.
2280 2810 2612 2887 Babylonica
2667 2831 2888 2887 quoque
2937 2816 3153 2871 ﬂamma
3208 2818 3486 2887 quomodo
3531 2834 3624 2873 ros

2044 2904 2221 2960 tribus
2245 2915 2328 2961 est
2353 2905 2494 2962 facta
2524 2907 2746 2978 pueris?
2786 2908 2923 2963 Nam
2952 2916 3009 2964 et
3040 2908 3257 2964 ﬂamma
3277 2918 3416 2975 erat,
3449 2919 3505 2966 et
3530 2926 3624 2967 ros

2044 2996 2185 3053 facta
2224 3010 2308 3054 est
2337 3016 2348 3052 :
2392 3008 2448 3054 et
2484 3000 2646 3056 ambo
2683 3000 2800 3057 haec
2842 3002 2962 3071 ipso
2992 2998 3364 3058 ostenduntur
3397 3003 3620 3061 cﬂ'ectu.

2043 3084 2179 3153 Quia
2206 3089 2428 3159 quidem
2457 3104 2548 3145 ros
2573 3099 2712 3156 erat,
2740 3099 2853 3145 tres
2870 3090 3105 3147 edocent
3147 3093 3304 3163 pueri
3348 3109 3449 3165 per
3482 3095 3622 3150 hanc

2045 3174 2387 3248 refrigerati:
2418 3179 2548 3249 quia
2574 3194 2708 3234 vero
2742 3174 2910 3234 etiam
2956 3172 3173 3235 ﬂamma
3204 3192 3343 3247 erat,
3399 3184 3492 3253 qui
3521 3200 3622 3254 per

2048 3265 2188 3322 hanc
2217 3270 2396 3323 exusti
2417 3278 2565 3335 sunt,
2594 3264 3219 3341 indicantBabylonii”.
3238 3273 3404 3329 Vides
3432 3291 3623 3344 quem-

2046 3358 2341 3433 admodum
2368 3359 2510 3429 ignis
2534 3362 2736 3415 mansit
2762 3361 2923 3432 ignis,
2951 3372 3007 3415 et
3040 3378 3129 3418 ros
3154 3372 3238 3418 est
3263 3364 3477 3421 factus?
3503 3368 3623 3423 Non

2046 3447 2169 3502 dua:
2197 3463 2305 3513 res,
2330 3463 2511 3516 neque
2541 3449 2663 3503 dua:
2691 3460 2939 3518 naturze;
2969 3451 3259 3519 sedunum
3281 3464 3420 3521 erat,
3446 3457 3622 3514 idem-

2046 3552 2153 3607 que
2181 3538 2329 3607 quod
2361 3536 2687 3594 videbatur:
2718 3540 2866 3610 quod
2914 3549 3035 3597 erat
3067 3543 3304 3611 ﬂamma,
3353 3546 3459 3603 hoc
3508 3548 3624 3603 fac-

2048 3632 2163 3682 tum
2196 3637 2281 3683 est
2332 3644 2443 3693 ros,
2487 3646 2597 3684 non
2641 3627 2857 3687 ﬂamma
2909 3643 3119 3690 mutata
3165 3635 3241 3707 (et
3275 3638 3625 3695 manifestam

2045 3716 2151 3773 hoc
2189 3718 2522 3791 Babylonii),
2561 3720 2655 3776 sed
2682 3733 2936 3778 manente
2988 3725 3135 3795 quod
3168 3735 3304 3793 erat,
3354 3727 3497 3784 facta
3539 3740 3625 3785 est

2048 3821 2159 3871 ros,
2215 3818 2272 3862 et
2319 3814 2592 3863 testantur
2623 3809 2779 3881 justi.
2815 3811 3170 3884 Nequaquam
3210 3832 3340 3888 ergo
3364 3815 3506 3871 ultra
3536 3817 3622 3871 in—

2048 3906 2292 3969 terroges
2335 3913 2422 3953 me
2473 3899 2697 3955 modum
2752 3900 3031 3974 signorum
3065 3906 3181 3960 Dei.
3220 3907 3432 3965 Rursus
3475 3910 3624 3965 enim

2045 3989 2175 4046 dico
2232 3990 2365 4045 tibi:
2406 3990 2672 4047 miracula
2696 3994 2996 4050 ostendunt
3037 3996 3262 4067 quidem
3313 3999 3443 4069 quia
3480 4001 3625 4055 facta

2045 4088 2193 4147 sunt,
2218 4079 2332 4137 Deo
2354 4090 2537 4136 autem
2587 4082 2840 4153 relinquo
2889 4086 3281 4143 miraculorum
3312 4104 3476 4143 nosse
3532 4106 3622 4144 ra-

2044 4164 2271 4229 tionem.
2294 4172 2532 4229 Proinde
2551 4173 2642 4229 dic
2666 4175 2823 4243 mihi,
2857 4176 2975 4232 haec
3010 4179 3274 4235 miracula
3298 4180 3430 4236 fecit
3454 4180 3618 4240 Deus.

2043 4278 2098 4322 et
2119 4266 2391 4322 ﬂammam
2419 4283 2603 4322 rorem
2637 4267 2788 4334 fecit,
2842 4286 3020 4340 neque
3062 4272 3332 4327 ﬂammam
3381 4283 3618 4339 mutans,

2043 4359 2169 4413 etin
2191 4376 2373 4414 rorem
2395 4358 2543 4415 illam
2567 4370 2916 4427 convertens,
2949 4364 3161 4419 solvere
3193 4366 3382 4420 volens
3407 4366 3619 4436 tyranni

2042 4452 2391 4516 sententiam,
2418 4460 2475 4506 et
2522 4451 2804 4508 vindicare
2855 4455 3082 4511 studens
3119 4456 3374 4527 iniuriam
3409 4474 3617 4527 passos,

372 4550 560 4622 δρόσον
607 4547 913 4614 ἐπιδείξας·
969 4544 1066 4600 καὶ
1118 4543 1205 4597 ἵνα
1261 4540 1409 4611 τρεῖς
1453 4536 1641 4600 παῖδες
1702 4534 1935 4600 σωθῶσι,

2045 4550 2208 4613 atque
2245 4543 2440 4597 noxios
2477 4559 2802 4600 consumere
2859 4545 3164 4602 barbaros:
3210 4555 3266 4602 et
3305 4549 3618 4620 hujusmodi

373 4641 778 4712 θαυματουργεί
810 4637 877 4691 τὰ
909 4634 1133 4690 τοιαῦτα
1157 4634 1309 4696 Θεός.
1341 4632 1455 4684 Ἵνα
1477 4628 1534 4681 δὲ
1562 4626 1713 4699 σώσῃ
1739 4626 1943 4694 κόσμον

372 4734 524 4798 Θεὸς,
562 4726 924 4802 ἀμφιϐάλλεις
964 4727 1047 4781 ὅτι
1088 4724 1247 4786 αὐτὸς
1306 4721 1493 4793 μείνας
1544 4719 1677 4781 Θεὸς
1723 4716 1942 4783 γέγονεν

372 4823 693 4894 ἄνθρωπος
729 4819 843 4873 Οὐκ
868 4816 1066 4890 ἐδεήθη
1105 4814 1280 4885 φλόγα
1317 4810 1663 4885 μεταόαλεῖν,
1699 4809 1785 4861 ἵνα
1821 4806 1941 4877 δρό-

374 4933 465 4971 σον
506 4915 808 4986 ἑργάσηται
829 4929 842 4943 δ
876 4912 974 4965 καὶ
1006 4907 1171 4972 αὐτὸς
1203 4906 1488 4977 ἄνθρωπος
1532 4901 1785 4971 γενέσθαι
1815 4900 1938 4986 βου-

2042 4633 2302 4688 miracula
2339 4633 2484 4689 Deus
2514 4640 2773 4705 operatus
2802 4643 2905 4702 est,
2942 4636 3120 4708 ignem
3170 4637 3226 4693 in
3272 4640 3389 4694 suis
3433 4650 3619 4696 custo—

2038 4722 2197 4778 diens
2229 4724 2498 4791 terminis,
2519 4734 2577 4780 et
2601 4740 2785 4781 rorem
2812 4728 3143 4783 ostendens:
3176 4734 3230 4784 ct
3247 4739 3307 4785 ut
3327 4738 3439 4786 tres
3463 4733 3616 4801 pueri

2038 4812 2428 4879 liberarentur,
2465 4814 2594 4870 talia
2640 4816 2906 4872 miracula
2957 4817 3084 4873 fecit
3127 4818 3292 4873 Deus.
3322 4815 3393 4876 Ut
3434 4829 3615 4875 autem

2038 4902 2303 4959 mundum
2340 4904 2579 4962 salvaret
2607 4906 2775 4973 Deus,
2813 4906 3032 4963 dubitas
3064 4909 3191 4979 quia
3227 4910 3365 4994 ipse,
3392 4926 3618 4966 manens

371 4985 552 5072 ληθεὶς
591 4999 679 5053 διὰ
713 4995 985 5069 σωτηρίαν
1027 4992 1356 5066 ἀνθρώπων,
1397 4989 1495 5059 τὴν
1540 4986 1735 5040 ἑαυτοῦ
1769 4985 1932 5053 φύσιν

2043 4996 2203 5061 Deus,
2236 4994 2412 5051 factus
2440 5005 2524 5051 est
2551 4997 2759 5052 homo?
2782 4999 2901 5054 Non
2926 5000 3161 5071 indiguit
3187 4985 3457 5057 ﬂammam
3500 5019 3609 5058 mu-

371 5086 563 5161 ἐδεήθη
595 5087 950 5159 μεταόαλείνς
979 5085 1100 5155 Πῦρ
1136 5083 1339 5155 ἔμεινε,
1369 5081 1465 5134 καὶ
1493 5079 1683 5148 γέγονε
1709 5076 1896 5147 δρόσος
1914 5092 1928 5104 ο

369 5183 464 5241 καὶ
488 5183 553 5237 σὺ
582 5180 781 5249 λέγεις,
813 5179 938 5243 Πῶς
975 5179 1129 5250 μένει
1165 5175 1320 5240 Θεὸς,
1358 5174 1451 5228 καὶ
1479 5174 1689 5241 γίνεται
1726 5171 1934 5242 ἄνθρω-

2034 5098 2148 5141 tare
2189 5099 2249 5141 ut
2290 5103 2470 5142 rorem
2506 5087 2781 5157 eﬂiceret;
2809 5098 2865 5144 et
2906 5091 3022 5160 ipse
3056 5088 3173 5144 ﬁeri
3218 5092 3409 5147 volens
3454 5092 3616 5146 homo

2030 5184 2256 5248 propter
2284 5177 2517 5233 salutem
2539 5176 2851 5244 hominum,
2881 5194 3038 5234 suam
3090 5189 3347 5235 naturam
3395 5197 3614 5251 permu-

369 5289 500 5338 πος;
547 5269 766 5341 Ἐπειδὴ
790 5269 904 5340 γὰρ
924 5268 1024 5340 τὴν
1047 5267 1211 5337 φύσιν
1230 5265 1387 5337 ἡμῶν
1416 5263 1736 5335 βουλόμενος
1765 5261 1935 5314 σῶσαι

2043 5277 2149 5322 Lare
2179 5284 2405 5324 necesse
2438 5267 2672 5323 habuit?
2717 5269 2861 5340 Ignis
2904 5286 3134 5326 manens
3166 5271 3343 5327 factus
3369 5283 3452 5327 est
3482 5290 3572 5333 ros
3598 5292 3610 5325 :

371 5364 521 5430 Θεὸς,
562 5364 622 5416 οὐ
654 5363 722 5415 δι’
768 5360 972 5432 ἐτέρων
1011 5361 1109 5433 τὴν
1155 5358 1430 5430 σωτηρίαν
1467 5356 1646 5428 ἡμῶν,
1695 5354 1832 5409 ἀλλὰ
1865 5354 1934 5406 δι’

370 5452 561 5508 ἑαυτοῦ
607 5452 1041 5507 κατεσκεύασεν⁸
1076 5450 1268 5522 ἐπειδὴ
1324 5450 1472 5503 πᾶσα
1531 5446 1709 5509 κτίσις
1754 5445 1932 5515 ¹ητόνει

369 5543 503 5611 πρὸς
540 5542 815 5614 σωτηρίαν
850 5541 1032 5614 ἡμῶν,
1059 5541 1173 5606 ἕξιν
1205 5538 1437 5610 ἐχόντων
1469 5537 1564 5591 καί
1611 5535 1811 5597 κακίας
1840 5536 1933 5588 καί

367 5635 608 5706 πλάνης
647 5637 683 5706 ἡ
723 5635 833 5706 γὰρ
889 5634 1077 5706 μακρὰ
1100 5634 1205 5705 τῆς
1250 5631 1451 5695 κακίας
1505 5628 1765 5698 συνήθεια
1813 5627 1935 5680 ἀντὶ

424 5809 469 5841 ⁵⁸
490 5808 660 5864 Exod.
692 5824 787 5873 vn,
815 5809 876 5862 1⁸2
920 5823 1079 5877 seqq.
1156 5807 1202 5840 ⁵⁸
1241 5805 1420 5863 Exod.
1471 5821 1522 5869 κ,
1547 5804 1631 5857 ει.

2036 5364 2092 5411 et
2116 5365 2175 5411 tu
2207 5357 2375 5412 dicis:
2406 5357 2694 5424 Quomodo
2722 5368 3010 5428 permanet
3047 5360 3213 5423 Deus,
3243 5369 3300 5415 et
3327 5361 3384 5413 ﬁt
3412 5361 3613 5415 homo?

2038 5446 2176 5515 Quia
2209 5459 2459 5503 naturam
2477 5458 2723 5504 nostram
2748 5449 2959 5505 salvare
2976 5451 3163 5505 volens
3188 5452 3353 5515 Deus,
3386 5467 3493 5505 non
3517 5467 3611 5521 per

2040 5539 2175 5593 alios
2207 5539 2438 5594 salutem
2460 5549 2725 5595 nostram.
2755 5542 2847 5596 sed
2877 5557 2978 5613 per
3002 5543 3356 5611 semetipsum
3388 5543 3611 5597 molitus

2040 5637 2155 5684 est:
2187 5629 2316 5698 quia
2362 5631 2540 5686 omnis
2567 5641 2818 5687 creatura
2860 5630 3077 5688 inﬁrma
3114 5639 3233 5688 erat
3266 5634 3333 5691 ad
3377 5632 3607 5689 salutem

1717 5804 1760 5835 5‘
1816 5805 1950 5860 Dan.
1974 5820 2052 5871 nr,
2098 5804 2304 5874 iseqq.
