4048 6210
412 346 548 404 I359

1517 340 1864 398 TllEODOTl
1897 337 2205 396 EPISCOPI
2245 341 2592 397 ANCYllANl

3526 347 3668 404 i360

402 479 669 529 nostram,
695 477 821 517 cum
842 460 1068 516 inolitus
1101 459 1156 514 in
1179 458 1341 513 nobis
1362 467 1509 513 esset
1534 459 1655 513 vitii
1696 468 1752 513 et
1777 457 1985 513 erroris

2095 457 2303 526 φύσεως
2353 463 2465 522 τοῖς
2505 458 2814 528 ἀνθρώποις
2860 458 3098 527 ἐγένετο,
3146 461 3525 533 παρωσαμένη
3565 463 3668 534 τὴν

403 559 660 613 habitus:
691 567 814 607 nam
853 552 1012 622 longa
1052 551 1311 620 nequitia:
1348 549 1691 604 consuetudo
1738 563 1840 618 pro
1887 563 1981 602 na-

403 658 523 703 tura
557 643 872 700 hominibus
920 651 1058 707 erat,
1102 652 1157 696 et
1199 643 1499 712 repellebat
1532 652 1809 696 naturam.
1854 640 1987 694 Pro—

401 739 723 808 phetaverat
766 733 1071 802 propheta.
1117 747 1180 786 ac
1220 747 1400 786 sermo
1460 730 1790 787 imbecillior
1839 739 1978 788 erat.

402 845 526 883 cum
561 843 592 880 a
634 824 878 895 nequitia
912 832 1287 894 superaretur.
1321 824 1513 894 Angeli
1562 831 1765 877 nostra:
1820 822 1984 876 saluti

403 917 642 974 ministri
675 915 803 970 facti
827 922 1014 979 erant;
1045 923 1100 969 ct
1126 923 1416 969 attestatur
1433 930 1664 984 magnus
1694 914 1897 968 Paulus
1918 913 1985 968 de

403 1009 632 1082 angelis,
660 1008 884 1062 dicens:
924 1026 942 1057 ι
976 1007 1166 1061 Nonne
1205 1021 1397 1060 omnes
1446 1015 1574 1060 sunt
1632 1005 1985 1059 administra-

402 1102 531 1157 torii
562 1100 810 1170 Spiritus,
841 1099 896 1152 in
928 1096 1296 1152 ministerium
1341 1097 1597 1151 destinati
1626 1105 1853 1166 propter
1890 1110 1988 1149 eos

402 1191 496 1262 qui
548 1191 780 1244 salutem
825 1187 1159 1242 haereditatis
1187 1195 1316 1242 sunt
1357 1188 1766 1258 possessuri"?
1820 1206 1839 1238 ι
1874 1187 1985 1241 An—

404 1284 556 1355 gelus
593 1281 787 1335 melior
829 1288 1021 1334 natura
1073 1278 1423 1333 ministrabat
1485 1279 1553 1333 ad
1600 1278 1834 1332 salutem
1885 1291 1988 1330 no-

404 1383 571 1428 stram
597 1391 611 1437 ;
639 1371 734 1426 sed
771 1388 879 1427 non
912 1370 1254 1426 liberabatur
1287 1371 1452 1425 homo
1474 1369 1670 1424 allecto
1691 1369 1874 1424 animo
1903 1367 1987 1422 vi-

407 1467 498 1521 tiis
515 1465 858 1520 incumbens.
892 1463 1168 1519 lmbecilla
1193 1462 1360 1533 igitur
1386 1472 1545 1516 erant
1565 1461 1748 1515 omnia
1775 1460 1843 1514 ad
1867 1459 1987 1513 vin-

407 1557 634 1613 ecndam
660 1555 945 1610 hominum
977 1553 1384 1624 negligentiam.
1416 1551 1669 1622 Nequitia
1707 1551 1852 1606 enim
1885 1550 1988 1604 im-

409 1647 732 1717 proborum,
788 1645 1060 1698 bonorum
1105 1641 1287 1697 studia
1343 1641 1667 1712 superabat;
1715 1655 1824 1694 non
1860 1640 1990 1708 quia

2089 547 2274 616 φύσιν.
2316 551 2362 602 Il
2369 550 2699 620 ροεφήτευσε
2727 551 3038 621 προφήτης,
3069 550 3186 604 ἀλλ’
3212 552 3394 621 ἠτόνει
3419 555 3448 606 ὁ
3484 553 3664 622 λόγος,

2085 643 2153 710 τῇ
2180 639 2350 711 κακίᾳ
2379 639 2702 710 νικώμενος.
2725 641 2984 710 ’Ἄγγελοι
3006 641 3309 712 λειτουργοὶ
3333 643 3434 713 τῆς
3461 645 3667 715 ἡμετέ-

2090 748 2191 802 ρας
2222 731 2464 799 ἐγίνοντο
2488 733 2791 803 σωτηρίας*
2834 733 2930 786 καὶ
2967 737 3238 804 μαρτυρεῖ
3264 737 3292 788 ὁ
3325 735 3497 804 μέγας
3520 734 3669 789 Παῦ-

2087 821 2177 886 λος
2223 822 2397 890 λέγων
2432 823 2561 896 περὶ
2597 825 2881 893 ἀγγέλων·
2917 844 2937 877 ι
2986 826 3121 895 Οὐχὶ
3154 828 3354 890 πάντες
3406 829 3513 881 εἰσὶ
3554 829 3667 883 λει-

2086 912 2350 983 τουργικά
2387 913 2697 984 πνεύματα,
2741 917 2821 977 εἰς
2867 913 3144 970 διακονίαν
3196 916 3666 988 ἀποστελλόμενα,

2087 1003 2174 1058 διὰ
2208 1004 2335 1068 τοὺς
2379 1005 2674 1075 μέλλοντας
2717 1005 3074 1078 κληρονομεῖν
3114 1009 3423 1079 σωτηρίαν;
3461 1029 3480 1061 ι
3525 1013 3665 1080 ’Λγ-

2088 1099 2243 1168 γελος
2272 1102 2300 1153 ὁ
2330 1100 2594 1171 κρείττων
2619 1101 2717 1172 τὴν
2755 1101 2917 1169 φύσιν
2951 1102 3284 1174 ἐλειτούργει
3319 1106 3457 1175 πρὸς
3487 1124 3670 1178 σωτη·

2093 1191 2211 1261 ρίαν
2227 1192 2415 1262 ἡμῶνο
2448 1192 2564 1245 ἀλλ’
2586 1194 2686 1247 οὐκ
2717 1192 2952 1258 ἐσώζετο
2977 1194 3278 1266 ἄνθρωπος,
3305 1200 3424 1259 ταῖς
3444 1199 3668 1260 κακίαις

2089 1278 2430 1350 ἐγκείμενος.
2462 1282 2668 1336 Ἦτόνει
2699 1278 2791 1336 οὖν
2826 1285 3041 1338 ἅπαντα
3074 1285 3210 1354 πρὸς
3237 1286 3544 1358 ἀνθρώπων
3561 1289 3666 1357 τὴν

2089 1371 2373 1442 ἀμέλειαν.
2431 1371 2495 1425 'H
2524 1373 2633 1445 γὰρ
2667 1374 2834 1427 κακία
2858 1374 2968 1427 τῶν
2999 1374 3252 1445 πονηρῶν
3291 1377 3390 1448 τὴν
3427 1379 3666 1449 σπουδὴν

2090 1463 2244 1516 ἐνίκα
2287 1463 2397 1516 τῶν
2422 1463 2677 1533 ἀγαθῶν·
2711 1465 2808 1536 οὐχ
2843 1466 2924 1518 ὅτι
2964 1468 3180 1520 νικᾶται
3225 1467 3378 1533 Θεὸς,
3426 1469 3544 1522 ἀλλ’
3579 1471 3664 1523 ὅτι

2091 1554 2288 1628 γνώμῃ
2354 1554 2448 1608 τοῦ
2515 1555 2864 1621 αὑτεξουσίου
2917 1557 3016 1629 τὴν
3081 1559 3282 1630 ἀρετὴν
3353 1561 3662 1632 ἐπιτρέπει.

2105 1647 2345 1718 Ἀνάγκη
2391 1646 2491 1700 οὐκ
2517 1647 2649 1700 ὠθεῖ
2693 1666 2750 1701 σε
2802 1648 2938 1721 πρὸς
2971 1649 3388 1721 κατορθώματα.
3438 1653 3556 1706 οὐδὲ
3585 1655 3666 1725 μὴ

408 1739 648 1793 vincitur
677 1739 842 1800 Deus,
890 1735 984 1789 sed
1021 1734 1148 1803 quia
1189 1734 1420 1788 arbitrio
1470 1733 1660 1787 libera:
1705 1731 1991 1802 potestatis

2096 1736 2417 1809 βουλόμενον
2461 1739 2607 1792 ἕλκει
2647 1740 2784 1811 πρὸς
2825 1739 3047 1812 ἀρετὴν,
3081 1741 3167 1796 ⁶ἵνα
3209 1743 3273 1796 σὺ
3320 1744 3421 1813 τὴν
3461 1745 3666 1816 ἀρετὴν

411 1831 671 1885 virtutem
719 1826 1031 1882 committit.
1067 1824 1406 1880 Necessitate
1437 1823 1587 1878 enim
1618 1797 1729 1877 non
1755 1822 1900 1893 cogit
1937 1831 1990 1877 te

2095 1829 2516 1893 κατασκευάσας
2563 1828 2830 1897 ἑκούσιον,
2885 1829 2979 1884 σὺν
3019 1831 3186 1902 αὐτὴν
3227 1834 3426 1906 ποιήσῃ
3467 1836 3666 1907 κατόρ-

406 1922 473 1976 ad
515 1929 661 1974 recte
715 1918 878 1982 facta,
925 1933 1104 1986 neque
1136 1917 1474 1972 voluntatem
1515 1915 1681 1970 trahit
1722 1916 1789 1970 ad
1817 1915 1991 1969 virtu-

409 2022 539 2076 tem,
573 2018 632 2064 ut
657 2007 1022 2063 voluntariam
1042 2006 1158 2077 ipse
1177 2007 1438 2061 virtutem
1473 2020 1817 2075 comparans,
1843 2005 1991 2059 illam

411 2114 564 2157 tuum
602 2116 741 2170 opus
763 2098 985 2153 eilicias.

480 2191 615 2245 \‘lll.
672 2187 813 2254 Quid
869 2187 1042 2257 ergo?
1095 2185 1363 2252 Quoniam
1427 2194 1484 2240 et
1529 2185 1809 2254 propheta:
1859 2185 1991 2240 victi

411 2291 591 2348 crant,
615 2289 670 2335 et
706 2279 840 2333 nihil
866 2277 1227 2347 proﬁciebant
1248 2276 1524 2339 doctores,
1553 2283 1609 2330 et
1646 2277 1732 2330 lex
1777 2275 1992 2331 inﬁrma

407 2383 547 2437 erat,
573 2382 630 2427 et
667 2370 986 2441 angelorum
1024 2367 1207 2423 studia
1245 2367 1448 2422 frustra
1488 2377 1665 2432 erant,
1710 2369 1992 2424 voluntate

411 2463 698 2519 hominum
737 2475 846 2516 non
909 2466 1173 2529 sequente
1205 2473 1327 2528 qua:
1358 2458 1502 2512 bona
1536 2465 1695 2525 sunt,
1752 2459 1866 2528 ipse
1893 2474 1991 2514 na-

409 2567 548 2613 turae
577 2555 804 2612 Creator
836 2549 1058 2606 advenit
1105 2558 1167 2604 ut
1196 2555 1448 2604 naturam
1470 2549 1672 2604 victam
1719 2549 1990 2620 erigeret;

409 2657 467 2703 et
495 2643 718 2701 advenit
767 2656 878 2696 non
931 2639 1114 2694 sonitu
1146 2647 1496 2709 perstrepens
1521 2646 1782 2708 tanquam
1826 2638 1991 2704 Deus,

411 2754 590 2809 neque
623 2733 882 2790 tonitruis
910 2746 1072 2786 aures
1105 2730 1445 2800 percutiens,
1482 2744 1663 2800 neque
1709 2729 1858 2785 nube
1882 2730 1996 2784 cir-

411 2828 876 2890 cumamietus,‘et
911 2823 1091 2894 ignem
1143 2821 1445 2877 terribilem
1478 2822 1543 2876 'in
1595 2821 1742 2877 nube
1766 2821 1995 2876 demon-

412 2930 613 2982 strans,
650 2929 829 2985 neque
858 2913 1003 2968 tubae
1051 2911 1236 2966 sonitu
1275 2911 1560 2967 auditores
1595 2919 1828 2976 terrens,
1852 2911 1997 2967 sicut

411 3012 542 3064 olim
567 3007 771 3064 Iudaeis
795 3002 1051 3074 apparuit
1067 3001 1111 3033 ⁸⁸
1147 3009 1207 3055 ut
1231 3001 1484 3056 timorem
1512 3002 1793 3072 injiceret;
1815 3019 1995 3073 neque

2094 1919 2272 1991 θωμα.

2164 2182 2246 2236 ll'.
2301 2181 2367 2234 Τί
2415 2178 2537 2248 οὖνς
2599 2183 2816 2254 Ἐπειδὴ
2866 2184 2959 2237 καὶ
3001 2186 3277 2256 προφῆται
3330 2189 3665 2262 ἐνενίκηντο,

2093 2275 2187 2327 καὶ
2217 2273 2318 2326 οὐκ
2344 2273 2611 2344 ἐνήργουν
2648 2273 2978 2340 διδάσκαλοι,
3009 2276 3105 2329 καὶ
3145 2279 3306 2346 νόμος
3335 2280 3537 2349 ὴτόνει,
3567 2288 3669 2336 καὶ

2093 2364 2312 2433 ἄγγελοι
2343 2364 2444 2434 τῆς
2469 2361 2706 2433 σπουδῆς
2740 2363 3135 2436 ἀπετύγχανον,
3168 2368 3267 2438 τῆς
3301 2369 3524 2441 γνώμης
3554 2372 3667 2426 τῶν

2093 2454 2398 2527 ἀνθρώπων
2431 2455 2530 2508 οὒκ
2578 2455 2831 2526 εἰκούσης
2863 2457 2976 2520 τοῖς
3021 2456 3267 2525 ἀγαθοῖς,
3308 2460 3468 2524 αὐτὸς
3499 2464 3527 2514 ὁ
3566 2463 3666 2533 τῆς

2095 2546 2310 2616 φύσεως
2364 2545 2596 2616 ποιητὴς
2648 2546 3002 2616 ἐπεδήμησε,
3071 2547 3231 2618 φύσιν
3305 2553 3667 2626 νενικημένην

2095 2636 2406 2708 ἀνορθῶσαι
2434 2635 2758 2707 βουλόμενος
2779 2654 2792 2668 ο
2821 2639 2916 2692 καὶ
2946 2639 3328 2710 παραγίνεται,
3357 2643 3418 2694 οὐ
3444 2646 3669 2700 κτυπῶν

2095 2725 2172 2788 ὼς
2199 2725 2354 2789 Θεὸς,
2386 2725 2507 2778 οὐδὲ
2537 2725 2788 2795 βρονταῖς
2811 2727 3209 2800 καταπλήττων
3224 2731 3321 2796 τὰς
3341 2733 3526 2800 ἀκοὰς,
3539 2737 3666 2791 οὐδὲ

2093 2817 2291 2887 γνόφον
2325 2816 2800 2888 περιϐαλλόμενος,
2816 2819 2911 2872 καὶ
2935 2819 3046 2891 πῦρ
3063 2821 3292 2894 φοϐερὸν
3315 2825 3370 2877 ἐν
3386 2825 3463 2896 τῷ
3483 2828 3668 2899 γνόφῳ

2094 2909 2329 2973 δεικνὺς,
2362 2909 2484 2962 οὐδὲ
2525 2909 2824 2978 σάλπιγγος
2868 2912 2984 2982 ἤχῳ
3009 2914 3135 2977 τοὺς
3167 2913 3462 2980 ἀκούοντας
3500 2917 3668 2972 δεδιτ-

2093 2999 2340 3069 τόμενος,
2400 2999 2476 3064 ῶς
2516 3017 2644 3054 ποτε
2694 3003 2806 3064 τοῖς
2863 3001 3135 3067 Ἰουδαίοις
3186 3005 3453 3078 ἐπεφάνη,
3502 3009 3667 3078 φόϐον

414 3115 607 3155 arcens
631 3095 917 3158 famulum,
951 3091 1048 3148 sed
1071 3107 1195 3147 cum
1225 3091 1398 3162 gratia
1433 3091 1606 3162 magis
1642 3100 1700 3147 et
1745 3092 1991 3148 bonitate

2098 3091 2368 3162 ἐμποιῶν,
2400 3093 2460 3146 οὐ
2493 3092 2667 3146 σοϐῶν
2705 3093 2799 3148 τὸν
2839 3094 3077 3166 οἰκέτην,
3127 3097 3308 3168 χάριτι
3357 3099 3414 3152 δὲ
3465 3101 3668 3170 μᾶλλον

414 3195 627 3243 evocat.
664 3186 959 3254 Propterea
999 3197 1110 3236 non
1133 3181 1285 3236 venit
1308 3195 1433 3236 cum
1457 3181 1726 3251 imperiali
1752 3181 1990 3253 fastigio,

413 3296 515 3334 nec
553 3275 868 3334 satellitium
900 3271 1112 3327 inducit
1136 3270 1625 3342 archangelorum:
1665 3285 1776 3325 non
1811 3281 1996 3328 movet

415 3371 732 3441 angelorum
761 3365 1070 3431 exercitus;
1104 3377 1214 3418 non
1241 3363 1390 3418 enim
1422 3370 1636 3418 terrere
1662 3363 1880 3418 volebat
1906 3361 1994 3417 fu-

415 3465 642 3535 gitivum
663 3473 884 3516 suarum
906 3458 1122 3529 legum:
1165 3455 1262 3512 sed
1285 3456 1436 3510 venit
1458 3456 1706 3512 omnium
1731 3457 1996 3514 Dominus

417 3557 470 3610 in
499 3553 642 3609 servi
675 3551 870 3615 forma,
900 3555 1220 3620 paupertate
1243 3547 1639 3613 circumdatus,
1668 3555 1730 3602 ut
1756 3549 1994 3618 praedam

417 3663 527 3701 non
575 3645 945 3700 absterreret:
989 3641 1044 3694 in
1090 3639 1317 3710 ignobili
1352 3639 1598 3694 nascitur
1622 3640 1848 3710 oppido,
1892 3641 1994 3697 ob-

418 3751 640 3792 scutum
686 3748 882 3805 pagum
919 3731 987 3786 ad
1012 3731 1356 3786 nativitatem
1387 3729 1630 3800 eligens:
1661 3731 1729 3786 de
1753 3747 1996 3802 paupere

417 3826 626 3898 virgine
674 3823 941 3883 nascitur,
993 3830 1049 3875 et
1093 3821 1276 3874 omnia
1323 3819 1453 3874 vilia
1490 3821 1739 3891 suscipit,
1788 3830 1847 3876 ut
1877 3821 1996 3877 sine

416 3917 647 3987 strepitu
691 3915 758 3970 ad
806 3914 1036 3969 salutem
1087 3911 1365 3966 hominem
1411 3919 1728 3967 venaretur.
1758 3913 1896 3968 Nam
1946 3913 1996 3968 si

418 4007 724 4080 splendidis
769 4005 1047 4060 natalibus
1086 4010 1242 4058 ortus
1271 4010 1435 4068 esset,
1470 4012 1528 4058 et
1571 4002 1778 4059 divitiis
1803 4006 1998 4062 multis

419 4098 800 4156 circumdatus
829 4095 1176 4156 accessisset,
1206 4093 1453 4148 dicerent
1485 4093 1675 4163 utique
1725 4094 1993 4161 inﬁdeles,

419 4187 677 4258 quoniam
703 4182 1019 4238 divitiarum
1053 4179 1279 4249 largitas
1303 4179 1661 4234 mutationem
1690 4181 1841 4236 orbis
1882 4191 1996 4238 ter-

419 4292 605 4334 rarum
633 4275 828 4329 fuisset
852 4281 1096 4343 operata.
1120 4269 1177 4325 Si
1196 4285 1445 4341 magnam
1469 4270 1698 4324 Romam
1717 4271 1992 4342 elegisset,

419 4382 613 4422 rursus
651 4363 908 4434 potentim
936 4361 1139 4416 civium
1162 4359 1520 4414 mutationem
1540 4359 1692 4415 orbis
1726 4370 1993 4418 terrarum

2098 3181 2264 3235 αὑτὸν
2297 3183 2688 3253 προσκαλεῖται
2733 3185 2826 3238 καὶ
2875 3185 3191 3257 ἀγαθότητι.
3233 3188 3305 3243 Ού
3341 3189 3669 3262 δορυφορίας

2096 3273 2362 3341 ἐπάγεται
2409 3272 2800 3344 άρχαγγέλων·
2856 3273 2917 3327 οὐ
2968 3277 3109 3328 κινεῖ
3156 3276 3224 3330 τά
3265 3275 3374 3331 τῶν
3421 3279 3671 3347 ἀγγέλων

2099 3363 2472 3433 στρατόπεδαο
2505 3363 2567 3416 ού
2607 3363 2714 3436 γὰρ
2757 3364 2986 3436 ἠθέλησε
3033 3367 3271 3437 φοϐῆσαι
3315 3367 3404 3422 τδν
3451 3370 3669 3438 φυγάδα

2097 3454 2208 3506 τῶν
2238 3455 2446 3509 ἐκείνου
2469 3455 2649 3526 νόμων
2671 3457 2989 3529 γενόμενονο
3017 3457 3134 3511 ἀλλ’
3161 3458 3377 3529 ἔρχεται
3405 3461 3430 3510 ό
3450 3460 3670 3512 πάντων

2100 3548 2311 3618 Κύριος
2335 3550 2393 3602 ἐν
2420 3547 2607 3603 δούλου
2640 3552 2845 3621 μορφῇ,
2885 3549 3159 3620 πτωχείαν
3188 3549 3661 3618 περιϐαλλόμενος,

2099 3639 2187 3692 ἵνα
2222 3639 2296 3710 μὴ
2329 3637 2535 3710 σοϐήσῃ
2573 3638 2686 3711 (14]
2712 3639 2772 3692 τὸ
2805 3639 3061 3710 θήραμα’
3091 3642 3149 3692 ἐν
3199 3640 3378 3711 ἀδήλῳ
3422 3638 3664 3690 τίκτεται

2097 3730 2305 3802 χωρίῳ,
2359 3731 2529 3802 ἀγρὸν
2576 3731 2776 3801 ἀφανῆ-
2809 3732 2947 3801 πρὸς
2992 3729 3247 3801 γέννησιν
3279 3730 3663 3799 ἐκλεξάμενος

2100 3819 2187 3874 διὰ
2224 3820 2449 3891 πτωχῆς
2479 3822 2724 3875 τίκτεται
2771 3821 3066 3892 παρθένου,
3115 3821 3213 3874 καλ⁵
3249 3821 3428 3874 πάντα
3476 3819 3672 3889 πτωχὰ

2099 3913 2599 3984 προσλαμϐάνεται,
2623 3911 2709 3965 ἵνα
2725 3912 2946 3983 ἡσύχως
2977 3911 3114 3982 πρὸς
3137 3909 3408 3981 σωτηρίαν
3421 3908 3688 3980 ἀγρεύσῃ-

2096 4008 2186 4060 τὸν
2209 4006 2518 4077 ἄνθρωπον.
2549 4006 2612 4059 Εἰ
2640 4005 2749 4077 γάρ
2781 4005 3042 4072 ἐπιδόξως
3069 4004 3285 4075 ἐτέχθη.
3314 4003 3410 4056 καὶ
3442 3999 3676 4053 πλοῦτον

2098 4100 2268 4154 πολὺν
2308 4098 2769 4170 περιϐαλλόμενος
2810 4096 3163 4166 παρεγένετο,
3194 4091 3346 4148 εἷπον
3371 4093 3436 4147 ἂν
3470 4093 3520 4145 οί
3540 4092 3671 4145 ﬁm-

2099 4210 2236 4257 στοι,
2274 4192 2358 4245 ὃτι
2397 4193 2430 4262 ἡ
2474 4189 2565 4242 τοῦ
2597 4187 2830 4242 πλούτου
2855 4187 3067 4258 δαπάνη
3101 4185 3199 4253 τὴν
3239 4183 3540 4256 μεταϐολὴν
3573 4185 3677 4254 τῆς

2097 4283 2422 4353 οἰκουμένης
2448 4280 2760 4351 εἰργάσατο.
2780 4280 2844 4332 Ei
2866 4279 2963 4349 τὴν
2979 4277 3220 4349 μεγάλην
3243 4275 3464 4346 Ῥώμην
3478 4274 3672 4336 εἵλετο,

2100 4372 2262 4426 πάλιν
2285 4373 2351 4443 τῇ
2381 4369 2672 4441 δυναστεία
2699 4370 2808 4422 τῶν
2833 4368 3067 4422 πολιτῶν
3088 4368 3189 4438 τῆς
3227 4365 3556 4434 οἰκουμένης
3574 4363 3674 4433 τὴν

421 4460 748 4516 tribuerent.
795 4455 850 4509 Si
901 4454 1048 4509 illius
1106 4453 1302 4508 fuisset
1332 4453 1699 4522 imperatoris,
1739 4456 1991 4524 potentia:

2103 4463 2406 4535 μεταϐολὴν
2437 4462 2764 4531 ἐλογίζοντο.
2801 4462 2865 4514 Εἰ
2900 4461 3012 4524 υἰὺς
3041 4458 3256 4528 ἐγένετο
3291 4455 3574 4526 βασιλέως,
3603 4456 3673 4523 τῇ

422 4549 717 4604 utilitatem
755 4543 1116 4600 ascriberent.
1143 4541 1201 4596 Si
1241 4542 1569 4613 legislatoris
1601 4544 1775 4601 factus
1803 4545 1995 4602 fuisset

421 4642 586 4705 illius,
640 4639 760 4710 ejus
812 4633 1101 4707 praeceptis
1141 4633 1435 4688 utilitatem
1477 4635 1842 4693 ascriberent.
1883 4637 1993 4693 Sed

418 4732 552 4803 quid
598 4729 771 4784 facit?
814 4726 1082 4796 Pauperis
1149 4723 1334 4778 omnia
1382 4740 1551 4795 opera
1605 4737 1768 4797 atque
1828 4729 1990 4786 vilia:

417 4820 605 4879 omnia
630 4819 843 4875 modica
872 4826 929 4872 et
950 4815 1225 4886 plerisque
1246 4813 1502 4880 obscura,
1521 4823 1582 4869 ut
1601 4815 1859 4873 divinitas
1878 4820 1993 4874 sola

393 4918 847 4986 cognosceretur
869 4907 1060 4963 orbem
1100 4914 1371 4961 terrarum
1401 4907 1838 4966 transformasse.
1863 4911 1997 4966 Pro-

419 5015 607 5077 pterea
649 4998 1036 5072 pauperculam
1086 4996 1251 5067 elegit
1296 5005 1561 5063 matrem,
1608 4999 1994 5069 pauperiorem

420 5096 684 5168 patriam;
746 5092 1102 5164 pecuniarum
1162 5088 1221 5142 fit
1284 5089 1443 5159 inops
1481 5105 1711 5160 eamque
1754 5091 1995 5161 inOpiam

422 5191 520 5244 tibi
549 5187 754 5243 indicat
779 5200 1040 5257 prtesepe.
1075 5182 1213 5237 Cum
1241 5182 1388 5238 enim
1418 5200 1528 5238 non
1558 5193 1703 5240 esset
1734 5185 1912 5242 lectus
1938 5189 1996 5243 in

420 5295 530 5348 quo
552 5277 816 5332 Dominus
839 5275 1221 5338 reclinaretur,
1277 5272 1331 5326 in
1365 5274 1593 5344 praesepi
1626 5275 1888 5344 ponitur;
1940 5288 1997 5334 et

423 5375 482 5422 lit
532 5368 824 5424 necessarii
875 5382 1008 5421 usus
1062 5364 1243 5435 inopia
1305 5365 1607 5434 prephetize
1669 5369 1992 5436 praeclarum

421 5459 705 5515 indicium.
749 5458 808 5512 ln
866 5456 1095 5527 prazsepi
1149 5456 1296 5510 enim
1340 5454 1462 5510 ideo
1508 5457 1720 5526 positus
1769 5468 1874 5526 est,
1931 5471 1995 5518 ut

480 5612 526 5645 "
551 5610 718 5666 Hebr.
753 5626 791 5674 ι,
822 5610 907 5663 Η.
976 5610 1022 5642 ³⁸
1043 5609 1212 5665 Exod.
1245 5626 1356 5678 xxx,
1390 5610 1456 5665 16
1482 5625 1636 5682 seqq.

493 5747 536 5818 (I
551 5746 602 5816 4)
632 5741 870 5812 Φοϐήσῃ,
906 5747 1026 5793 Lat.

2100 4554 2388 4626 δυναστείᾳ
2431 4555 2530 4626 τὴν
2575 4553 2840 4623 ὠφέλειαν
2889 4553 3219 4625 ἐπέγραφον.
3267 4550 3332 4602 Εἰ
3380 4545 3674 4618 νομοθέτου

2101 4647 2348 4715 ἐγεγόνει
2379 4646 2514 4710 υίὸς,
2546 4645 2715 4700 αὐτοῦ
2735 4648 2848 4710 τοῖς
2879 4644 3269 4716 προστάγμασι
3287 4640 3386 4710 τὴν
3407 4637 3674 4707 ὠφέλειαν

2099 4737 2435 4808 ἐπέγραφον.
2484 4735 2642 4788 ’Λλλά
2677 4735 2729 4788 τί
2762 4736 2944 4800 cretei;
2994 4733 3181 4788 Πάντα
3212 4730 3282 4784 τὰ
3310 4730 3448 4800 ἔργα
3482 4726 3676 4796 πτωχὰ

2101 4829 2194 4882 καὶ
2233 4827 2447 4898 εὐτελῆ,
2493 4827 2670 4881 πάντα
2693 4826 2891 4897 μέτρια
2919 4825 3015 4878 καὶ
3048 4825 3160 4886 τοῖς
3196 4820 3441 4875 πλείοσιν
3467 4816 3673 4886 ἀφανῆ.

2101 4921 2188 4973 ἵνα
2219 4919 2407 4990 θεότης
2437 4922 2571 4989 μόνη
2611 4919 2888 4988 γνωρισθῇ
2934 4916 3032 4987 τὴν
3073 4913 3402 4983 οἰκουμένην
3445 4925 3677 4980 μετακο-

2097 5014 2379 5082 σμήσασα.
2417 5012 2513 5065 Διὰ
2546 5009 2704 5065 τοῦτο
2736 5009 2957 5080 πτωχὴν
2981 5010 3217 5080 αἱρεῖται
3257 5003 3494 5076 μητέρα,
3526 5018 3674 5054 πτω-

2096 5105 2328 5176 χοτέραν
2370 5103 2631 5176 πατρίδα,
2668 5102 2854 5172 ἐνδεὴς
2879 5102 3001 5164 τοῖς
3032 5101 3279 5169 χρήμασι
3318 5095 3550 5164 γίνεται,
3580 5092 3677 5144 καὶ

2097 5195 2194 5265 τὴν
2217 5195 2425 5248 ἔνδειαν
2443 5193 2791 5267 ἑρμηνευέτω
2819 5209 2900 5244 σοι
2916 5193 2950 5261 ἡ
2972 5190 3168 5260 φάτνη.
3190 5189 3304 5258 Οὐχ
3323 5184 3677 5255 ὑπαρχούσης

2103 5286 2211 5355 γὰρ
2257 5284 2465 5354 κλίνης,
2501 5285 2584 5353 ἐφ’
2619 5280 2686 5354 ἧς
2726 5281 3028 5352 κατακλιθῇ
3061 5283 3091 5333 ὁ
3130 5280 3357 5350 Κύριος,
3404 5280 3461 5329 ἐν
3501 5276 3679 5345 φάτνῃ

2101 5377 2330 5443 τίθεται,
2376 5376 2470 5429 καὶ
2506 5376 2717 5444 γίνεται
2759 5373 2860 5444 τῆς
2887 5373 3076 5443 χρείας
3105 5371 3166 5424 τὸ
3193 5371 3419 5442 ἄπορον,
3462 5379 3677 5436 προφη-

2101 5465 2252 5530 τείας
2279 5465 2560 5522 κάλλιστον
2601 5465 2846 5536 μήνυμα.
2888 5464 2976 5519 Ἐν
3009 5462 3190 5534 φάτνῃ
3230 5461 3339 5532 γὰρ
3386 5453 3678 5524 κατετέθη,
