4048 6210
388 269 516 328 1561
1335 260 1622 319 ΙΙΟΜΙΗΛ
1657 259 1697 314 l.
1742 259 1808 314 IN
1849 255 1960 312 DIE
1999 256 2004 310 1

2106 249 2438 308 TIVITATIS
2474 247 2726 304 DOMINIL
3496 229 3641 292 1362

388 387 633 459 μηνύων,
667 385 748 439 ὅτι
791 384 884 438 καὶ
930 381 1142 450 ἀλόγων
1174 381 1327 434 ἔσται
1357 381 1553 451 τροφή.
1619 378 1677 432 ’0
1719 375 1828 447 γὰρ
1860 373 1956 430 τοῦ
1983 377 2004 434 Δ

2106 369 2408 441 gniﬁcaret,
2437 366 2565 436 quia
2598 374 2654 420 et
2706 359 3106 416 irrationalium
3142 357 3299 413 cibus
3328 354 3490 409 foret.
3539 348 3638 406 Dei

384 443 524 534 Θεοῦ
570 443 742 548 Λόγος
790 476 926 548 πρὸς
955 443 1148 528 ὲαύτδν
1193 443 1482 542 ἀφείλκετο
1520 443 1619 526 καὶ
1671 443 1962 531 πλούσίους

2106 476 2298 531 amque
2330 459 2567 514 Verbum
2591 455 2659 510 ad
2685 453 3042 522 semetipsum
3071 448 3322 505 trahebat
3358 455 3415 501 et
3440 443 3643 498 divites

389 572 484 626 καὶ
515 534 774 641 πένητας,
817 534 923 622 καὶ.
952 534 1274 636 ἐλλογίμους
1305 565 1400 618 καὶ
1435 563 1513 635 τῷ
1543 564 1688 635 λόγῳ
1727 561 1963 633 βραδεῖς,

2106 561 2120 606 t
2147 566 2436 622 pauperes,
2471 550 2794 618 eloquentes
2819 551 2876 599 et
2916 541 3102 596 tardos
3145 537 3387 607 eloquio,
3417 534 3473 588 in
3506 549 3643 602 pau-

391 660 554 730 πενίᾳ
586 621 650 711 τέ
669 621 892 721 ⁷σῦίζῶν,
940 657 1036 710 καὶ
1071 621 1152 708 έν.
1176 621 1361 726 φάτνῃ,
1392 621 1585 716 τεθείς.

2106 621 2279 698 ertate
2312 641 2525 705 vivens,
2549 639 2606 693 in
2648 633 2880 708 praesepi
2911 633 3122 703 jacens.
3153 627 3324 682 Vides
3362 621 3646 694 quomodo

392 749 493 818 τῆς
527 712 724 818 ιχρείας
851 712 1026 800 ἔνδεια
1067 712 1406 816 προφητείαν
1447 712 1762 814 εἰργάσατο,
1786 712 1896 794 ’καὶ
1933 739 1968 809 ἡ

2107 732 2366 789 eeessarii
2395 745 2529 786 usus
2577 725 2882 797 indigentia
2905 727 3132 793 Operata
3152 724 3237 774 est
3267 712 3652 786 prophetiam;

393 839 636 909 πτωχεία
663 839 754 892 τὸν
792 838 859 891 δι’
883 839 1032 910 ἡμᾶς
1048 836 1440 908 πτωχεύσαντα
1455 834 1776 906 εὐπρόσιτον
1803 833 1970 885 πᾶσιν

2106 833 2125 880 ι
2152 833 2447 896 paupertas
2467 837 2596 878 eum
2634 819 2727 890 qui
2755 823 2979 888 propter
3003 829 3104 868 nos
3136 812 3301 866 homo
3335 808 3512 862 factus
3568 812 3653 859 est

395 899 679 996 ἀπέδειξεν
696 948 710 996 ;
729 899 1053 1001 Οὐδεὶς-γὰρ
1076 899 1330 992 δεδοικὼς
1351 928 1443 982 τοῦ
1474 899 1712 996 Χριστοῦ
1743 922 1972 978 πλοῦτον

2108 916 2452 972 ccessibilem
2499 911 2774 967 universis
2813 906 3098 965 ostendit?
3137 904 3319 959 Nemo-
3366 899 3514 954 enim
3559 912 3653 952 su.-

399 986 709 1091 ὐπέρογδιον
730 986 966 1090 ἄτολμος
1084 1035 1101 1053 °
1142 986 1333 1074 οὐδένα
1359 986 1676 1089 προσελθεῖν
1705 1013 1852 1085 αύτῷ
1877 1013 1974 1085 βα-

2106 1006 2271 1076 ›1ἰιηθε
2317 1001 2523 1059 Christi
2551 999 2772 1055 divitias
2824 1005 3097 1060 metuens,
3138 991 3339 1047 ﬁducia
3388 986 3656 1043 destitue—

256 1149 272 1163 .
341 1149 345 1153 .
402 1077 606 1174 σιλέίαξ
639 1109 773 1178 ῦψος
805 1077 1107 1164 ὲέώλῦσὲνο
1135 1097 1270 1163 ἀλλά
1301 1077 1478 1172 κοινὸς
1510 1106 1686 1177 ὤφθη,
1731 1077 1835 1158 καὶ.
1876 1077 1976 1156 ire-

2106 1107 2240 1152 .atur
2263 1114 2278 1163 ;
2309 1095 2588 1151 neminem
2606 1093 2869 1148 accedere
2894 1089 2962 1144 ad
3003 1101 3132 1144 eum
3156 1081 3372 1154 imperii
3389 1077 3660 1135 celsitudo

401 1219 520 1271 νης,
553 1166 600 1255 ὅ.
637 1166 807 1254 πάσίν
860 1201 1052 1255 ἑαυτὸν
1108 1201 1187 1265 είς
1243 1166 1517 1270 σωτηρίαν
1568 1166 1819 1270 προθείς.
1887 1195 1977 1248 Ἐν

2106 1187 2393 1243 ποιιὶιωίιε
2432 1186 2526 1241 sed
2561 1181 2869 1240 communis
2923 1178 3179 1251 apparuit
3205 1184 3262 1231 et
3291 1187 3523 1245 pauper,
3565 1166 3662 1238 qui

609 1292 717 1364 γὰρ
745 1293 774 1345 6
814 1292 909 1345 τοῦ
951 1291 1086 1346 Θεοῦ
1128 1259 1480 1344 κατατίθεται
1521 1259 1715 1358 Λόγος,
1765 1259 1861 1341 καὶ
1891 1285 1981 1339 διὰ

2107 1290 2255 1336 emet
2304 1280 2563 1335 omnibus
2592 1277 2658 1332 ad
2705 1276 2938 1331 salutem
2985 1267 3260 1340 exposuit.
3309 1265 3370 1319 In
3429 1259 3664 1333 praesepi

411 1354 584 1456 μέσού
621 1354 716 1438 τοῦ
750 1383 1025 1456 σώματος,
1054 1383 1144 1438 ἵνα
1171 1383 1355 1439 ἄδειαν
1387 1382 1486 1455 ἔχῃ
1504 1382 1532 1434 6
1554 1354 1773 1450 λογικός
1795 1396 1854 1434 τε
1887 1377 1982 1432 καὶ

2106 1391 2320 1447 namque
2362 1374 2692 1446 proponitur
2731 1370 2826 1425 Dei
2857 1366 3122 1430 Verbum,
3166 1370 3222 1417 et
3271 1375 3370 1430 per
3417 1354 3668 1456 medium

409 1444 604 1546 άλογος
655 1444 1132 1549 μεταλαϐεῖν-,τῆς
1177 1444 1558 1547 σωτηριιὶλδῦυς
1603 1444 1832 1546 τροφῆς.
1871 1471 1983 1526 Καὶ

2106 1485 2305 1540 :orpus,
2333 1477 2393 1522 ut
2423 1444 2542 1522 tum
2568 1461 2874 1528 rationalis,
2907 1469 3024 1515 tum
3059 1455 3148 1512 cui
3173 1453 3328 1508 deest
3364 1449 3527 1513 ratio,
3555 1444 3665 1500 cibi

410 1537 759 1641 τοῦτο-τάχα
802 1570 897 1624 καί
936 1571 965 1624 6
1015 1537 1615 1639 προφήτης-’πρότερον
1643 1537 1827 1630 ’ὲέόομ
1886 1563 1985 1634 τῆς

2106 1537 2342 1616 salutaris
2393 1557 2672 1629 particeps
2702 1553 2877 1609 libere
2920 1565 3042 1607 esse
3093 1546 3296 1620 possit,
3315 1543 3385 1598 Et
3417 1541 3525 1595 hoc
3553 1537 3669 1592 for-

414 1659 621 1728 φάτνης
665 1656 870 1727 ταύτης
921 1656 1284 1729 διηγούμενος
1329 1655 1389 1709 τὸ
1427 1656 1745 1727 μυστήριον,
1775 1652 1980 1721 λέγων·

2090 1653 2252 1709 lassis
2297 1653 2462 1707 etiam
2485 1648 2755 1721 propheta
2768 1646 2925 1718 prius
2950 1640 3242 1704 clamabat,
3272 1631 3535 1709 praesepis
3559 1630 3634 1683 hu
3651 1657 3667 1668 -

421 1721 440 1800 ἑ
486 1721 660 1819 Ἔγνω
688 1721 929 1821 βοῦς-τὸν
955 1721 1324 1822 κτησάμενον,
1363 1721 1458 1802 καὶ
1498 1721 1622 1810 ὄνος
1647 1745 1744 1817 τὴν
1777 1745 1986 1816 φάτνην

2106 1746 2176 1801 "us
2200 1747 2608 1800 sacramentum
2630 1753 2916 1802 enarrans,
2944 1750 3070 1791 cum
3097 1731 3175 1786 ait
3195 1749 3207 1784 :
3225 1749 3258 1822 Ι(
3283 1723 3550 1798 Cognovit
3571 1721 3674 1776 bos

414 1841 510 1895 τοῦ
544 1842 734 1916 κυρίου
783 1841 981 1896 αὐτοῦ’
1015 1842 1230 1914 Ἰσραὴλ
1263 1841 1320 1894 δέ
1362 1858 1430 1911 με
1485 1841 1588 1894 οὐκ
1625 1839 1788 1908 ἔγνω,
1835 1837 1932 1891 καὶ
1959 1837 1988 1890 6

417 1932 545 1997 λαός
591 1951 659 2003 με
710 1934 772 1988 ού
822 1935 1071 2006 συνῆκεν.
1128 1953 1150 1987 ι
1205 1935 1268 1988 El
1310 1933 1417 2005 γὰρ
1464 1931 1560 1987 καὶ
1613 1929 1989 2001 ἁπλουστέραν

419 2025 626 2079 ἔννοιαν
657 2026 686 2079 6
713 2025 870 2095 λόγος
909 2026 1043 2097 ἔχει,
1071 2024 1282 2089 δεικνὺς
1304 2023 1396 2078 τὸν
1443 2023 1692 2094 Ἐϐραῖον
1730 2019 1839 2075 τῶν
1867 2017 1992 2074 ἁλό-

420 2131 534 2182 γων
563 2113 1075 2185 ἀγνωμονέστερον,
1095 2113 1234 2169 ἀλλὰ
1253 2111 1483 2167 δύναται
1501 2111 1612 2185 (15)
1641 2111 1707 2165 ἂν
1729 2107 1993 2164 καὶτοῦτο

421 2204 637 2275 δηλοῦν,
661 2205 870 2276 φάτνην
892 2205 1216 2270 ὑποδεικνὺς
1238 2203 1332 2259 τοῦ
1355 2203 1586 2276 Κυρίου,
1610 2202 1705 2274 sq)“
1790 2201 1990 2267 τεθεὶς,

424 2298 599 2370 τροφὴ
636 2300 750 2360 τοῖς
785 2296 1144 2368 ἀλογωτέροις
1171 2295 1408 2366 ἐγένετο.
1439 2295 1550 2350 Καὶ
1579 2295 1690 2367 γὰρ
1713 2295 1812 2349 ούκ
1846 2293 1997 2366 diopt-

431 2404 572 2451 στως
599 2389 627 2440 6
655 2388 943 2458 προφήτης
980 2388 1188 2459 φάτνην
1215 2387 1389 2460 δηλοῖ,
1422 2387 1557 2442 ἀλλὰ
1599 2407 1617 2440 ι
1660 2387 1760 2458 τὴν
1790 2387 1996 2458 φάτνην

429 2477 534 2548 ἔφη
576 2477 670 2530 τοῦ
700 2476 889 2549 κυρίου
935 2477 1122 2542 αὑτοῦ,
1160 2495 1180 2529 ›
1210 2477 1290 2548 τῷ
1335 2477 1607 2550 ἀνθρώπῳ
1646 2476 1760 2550 (16)
1799 2476 1994 2547 τούτῳ,

429 2565 605 2638 οἶμαι,
639 2568 738 2640 τὴν
767 2568 974 2640 φάτνην
1000 2568 1319 2639 ὡρισμένως
1353 2569 1656 2640 σημαίνων.
1687 2569 1797 2623 Καὶ
1827 2568 2001 2623 ταῦτα

435 2657 533 2725 μὲν
579 2656 938 2728 φιλοσοφείτω
969 2659 998 2712 6
1043 2657 1364 2729 βουλόμενος
1407 2659 1509 2730 τὴν
1544 2659 1796 2713 ποικίλτπν
1863 2657 2000 2711 θεω-

433 2745 668 2815 ρίανμἹὶ
689 2747 788 2818 τῆς
820 2747 969 2811 θείας
999 2747 1224 2820 Γραφῆς
1246 2747 1545 2817 ἐντρυφῶν.

503 3007 581 3062 Θθ.
634 3007 826 3080 Ἡμεῖς
851 3008 908 3062 δὲ
932 3007 1234 3079 ἐδείξαμεν,
1275 3010 1357 3064 ὅτι
1389 3007 1702 3082 ὲπτὼχευσε
1743 3011 1810 3066 δι’
1836 3011 2004 3082 ἡμᾶς,

2089 1849 2465 1909 possessorem
2491 1847 2676 1896 suum,
2705 1838 2764 1884 et
2790 1829 2979 1884 asinus
3004 1806 3248 1896 praesepe
3292 1816 3501 1874 domini
3543 1812 3628 1869 sui
3657 1830 3673 1865 :

2091 1929 2260 1985 Israel
2289 1935 2476 1982 autem
2503 1939 2590 1979 me
2618 1938 2731 1978 non
2761 1919 3040 1993 cognovit,
3079 1923 3136 1972 et
3161 1913 3400 1985 populus
3437 1925 3526 1964 me
3565 1924 3687 1962 non

2093 2019 2365 2076 intellexit
2383 2019 2452 2073 ⁸⁸.
2481 2036 2500 2069 ι
2531 2016 2667 2072 Nam
2721 2014 2852 2069 licet
2902 2025 3085 2068 sermo
3121 2004 3515 2076 simpliciorem
3549 2015 3676 2056 sen-

2094 2126 2217 2168 sum
2248 2110 2470 2175 habeat,
2499 2106 2801 2163 ostendens
2827 2103 3122 2159 Hebrzeum
3158 2098 3305 2168 ipsas
3331 2094 3525 2149 brutas
3557 2090 3681 2146 ani:-

2096 2211 2312 2258 mantes
2359 2199 2715 2271 improbitate
2764 2197 3018 2261 vincere;
3065 2192 3209 2248 ferte
3240 2197 3426 2244 tamen
3465 2193 3523 2242 et
3575 2185 3684 2239 hoc

2097 2295 2404 2367 signiﬁcare
2424 2290 2616 2364 possit,
2645 2304 2891 2361 praesepe
2918 2285 3136 2343 Domini
3169 2279 3599 2342 subostendens,
3627 2276 3681 2329 in

2099 2404 2208 2460 quo
2231 2386 2322 2442 ille
2346 2387 2578 2458 positus,
2605 2383 2820 2438 ratione
2839 2378 3162 2437 carentibus
3184 2375 3344 2430 cibus
3364 2372 3542 2426 factus
3573 2377 3678 2422 est.

2100 2459 2222 2536 Non
2243 2480 2392 2536 enim
2431 2476 2718 2533 indeﬁnite
2774 2471 3044 2542 prOpheta
3091 2479 3342 2538 praesepe
3384 2459 3694 2530 signiﬁcat;

2103 2569 2200 2624 sed
2235 2570 2414 2637 ipsum
2458 2568 2592 2631 hoc;
2627 2583 2646 2615 ‹
2679 2575 2947 2632 praesepe,
3000 2556 3201 2626 inquit,
3248 2549 3619 2607 domini‘sui:
3661 2567 3708 2598 Dr

2102 2658 2320 2714 articuli
2357 2657 2447 2710 illa
2495 2653 2823 2726 adjectione,
2872 2657 3025 2720 puto,
3063 2659 3308 2718 praesepe
3350 2641 3577 2698 deﬁnite
3609 2641 3690 2693 si-

2104 2747 2389 2819 gniﬁcans.
2419 2746 2528 2802 Sed
2555 2745 2670 2800 haec
2695 2741 2918 2812 quidem
2977 2736 3401 2810 philosophetur
3446 2731 3541 2801 qui
3591 2746 3686 2784 vo-

2106 2837 2294 2904 luerit,
2327 2846 2385 2893 et
2407 2851 2466 2891 se
2499 2834 2648 2890 varia
2675 2828 3143 2900 contemplatione
3160 2825 3460 2895 Scriptura:
3489 2820 3691 2876 divina:

2109 2931 2372 2988 oblectet.

2181 3021 2274 3080 IX.
2309 3023 2482 3077 Porro
2512 3036 2614 3076 nos
2636 3017 3003 3081 ostendimus,
3027 3011 3158 3083 quia
3179 3024 3388 3081 pauper
3409 3013 3494 3063 est
3516 3005 3695 3061 factus

443 3099 473 3152 6
499 3095 752 3160 πλούσιος
775 3096 854 3168 τῷ
879 3097 979 3168 τῆς
1002 3098 1256 3171 θεότητος
1279 3099 1442 3172 λόγῳ,
1468 3099 1736 3173 εὔληπτον
1761 3102 1894 3155 πᾶσι
1911 3100 2004 3171 τὴν

2113 3122 2339 3186 propter
2380 3125 2501 3175 nos,
2551 3109 2647 3180 qui
2697 3108 2852 3163 dives
2874 3113 2994 3161 erat
3022 3101 3238 3156 ratione
3265 3095 3595 3160 divinitatis,
3633 3102 3695 3148 ut

438 3189 714 3260 σωτηρίαν
741 3188 934 3244 ποιῶν.
970 3191 1036 3243 Ὃ
1064 3189 1128 3262 δὴ
1158 3192 1252 3244 καὶ
1283 3192 1564 3263 σημαίνων
1591 3195 1618 3247 6
1651 3194 1825 3265 μέγας
1857 3191 2009 3248 Παῦ-

438 3280 530 3344 λος
575 3279 732 3350 ἔλεγε
758 3297 772 3311 ο
805 3299 826 3332 ι
863 3281 942 3333 Δι’
973 3281 1119 3353 ἡμᾶς
1148 3281 1458 3354 ὲπτώχευσε
1485 3283 1739 3348 πλούσιος
1780 3283 1878 3350 ὢν,
1924 3283 2011 3338 ἵνα

435 3371 600 3442 ἡμεῖς
642 3374 708 3443 τῇ
738 3371 947 3426 ἐκείνου
991 3372 1234 3445 πτωχείᾳ
1278 3373 1691 3448 πλουτήσωμεν.
1733 3395 1752 3429 ι
1788 3377 1900 3430 Καὶ
1927 3375 2013 3438 τίς

438 3457 508 3532 ἦν
533 3465 562 3516 6
594 3462 952 3530 πλουτῶνζτί
973 3463 1031 3518 δὲ
1060 3462 1346 3532 ἐπλούτεις
1383 3467 1479 3520 καὶ
1512 3467 1631 3529 πῶς
1649 3460 1804 3528 οὗτος
1833 3464 2014 3518 ἐπτώ-

440 3571 602 3624 χευσε
633 3554 703 3608 δι’
727 3555 907 3626 ἡμᾶς
947 3555 1259 3624 λεγέτωσαν
1287 3558 1420 3626 ἡμῖν
1447 3557 1495 3608 οί
1525 3555 1622 3608 τοῦ
1662 3553 1799 3608 Θεοῦ
1837 3555 2012 3624 Λόγου

438 3645 770 3717 διαιροῦντες
797 3646 890 3699 τὸν
931 3645 1238 3716 ἄνθρωπον,
1268 3641 1446 3696 καὶτὸ
1467 3643 1666 3697 ὲνωθὲν
1705 3643 2015 3711 διῖστῶντες

441 3739 508 3806 τῇ
553 3736 745 3807 μνήμη
795 3735 908 3789 τῶν
936 3733 1175 3804 φύσεων,
1215 3735 1265 3786 εί
1294 3733 1389 3788 δύο
1441 3734 1566 3788 τινά
1614 3734 1869 3805 λέγοντες
1924 3737 2017 3790 τὸν

443 3827 698 3900 Χριστὸν,
751 3827 846 3881 καὶ
892 3826 973 3892 τὸ,
1022 3825 1260 3894 ἐπινοίᾳ
1297 3826 1482 3896 μόνῃ,
1534 3827 1674 3899 πρὸς
1721 3826 2018 3895 ἀπολογίαν

444 3913 783 3987 κομίζοντες.
837 3913 934 3977 Τίς
982 3912 1059 3967 ῶν
1089 3913 1367 3980 πλούσιος,
1402 3913 1526 3968 είπέ
1581 3932 1694 3986 μοι,
1748 3915 1849 3983 τὴν
1879 3916 2020 3987 ἐμὴν

446 4007 719 4077 πτωχείαν
739 4004 1118 4074 ἐπτώχευσεν;
1137 4001 1285 4076 *Δρα
1303 4007 1332 4060 6
1361 4005 1689 4077 φαινόμενος
1709 4006 2019 4079 ἄνθρωπος,

444 4098 505 4149 ὃν
535 4097 600 4149 σὺ
644 4096 852 4166 διῖστᾷς
895 4095 997 4166 τῆς
1034 4095 1317 4168 θεότητος;
1379 4096 1522 4151 Ἀλλ’
1569 4097 1828 4153 οὐδέποτε
1866 4093 2022 4165 οὗτος

2112 3183 2348 3262 salutem
2399 3201 2661 3257 omnibus
2704 3198 2865 3254 facile
2917 3193 3220 3266 parabilem
3252 3189 3482 3244 faceret.
3537 3183 3694 3252 Quod

2112 3298 2279 3353 etiam
2328 3293 2644 3363 signiﬁcans
2690 3303 2920 3359 magnus
2943 3287 3169 3348 Paulus,
3203 3283 3424 3336 dicebat
3456 3298 3469 3333 :
3508 3299 3524 3329 ι
3557 3279 3694 3332 Pro-

2113 3396 2238 3458 pter
2265 3401 2366 3440 nos
2399 3400 2608 3455 pauper
2639 3383 2819 3436 factus
2845 3385 2950 3442 est,
2982 3391 3108 3431 eum
3137 3384 3285 3430 esset
3307 3373 3482 3436 dives,
3517 3377 3576 3424 ut
3597 3386 3705 3426 nos

2113 3477 2264 3531 illius
2289 3481 2614 3545 paupertate
2638 3470 2948 3525 ditaremur
2965 3466 3065 3518 ⁸ο.»
3107 3465 3177 3519 Et
3203 3462 3329 3533 quis
3351 3471 3471 3516 erat
3502 3459 3592 3514 ille
3616 3459 3701 3513 di-

2116 3567 2243 3622 ves?
2275 3572 2333 3621 et
2373 3580 2484 3635 qua
2511 3579 2571 3618 re
2603 3560 2794 3617 dives?
2845 3565 2902 3614 et
2931 3555 3210 3628 quomodo
3236 3553 3341 3608 iste
3380 3567 3590 3623 pauper
3615 3551 3699 3604 fa—

2118 3666 2241 3715 ctus
2259 3665 2346 3713 est
2371 3663 2595 3728 propter
2615 3652 2765 3709 nos?
2805 3650 2993 3707 dicant
3017 3647 3180 3703 nobis
3207 3646 3304 3717 qui
3333 3661 3362 3698 a
3392 3644 3492 3698 Dei
3517 3641 3702 3696 Verbo

2119 3757 2376 3820 separant
2424 3747 2728 3810 hominem,
2784 3752 2842 3798 et
2891 3740 3040 3812 quod
3082 3738 3299 3794 unitum
3329 3741 3415 3791 est
3442 3742 3703 3802 separant

2121 3836 2644 3896 commemoratione
2662 3840 3008 3894 naturarum,
3033 3828 3144 3883 duo
3161 3825 3408 3896 qumdam
3430 3823 3700 3882 dicentes,

2122 3929 2427 3993 Christum,
2466 3935 2522 3983 et
2547 3924 2706 3991 illud,
2732 3923 2848 3978 sola
2871 3920 3206 3990 cogitatione,
3235 3915 3302 3970 ad
3323 3913 3407 3968 sui
3429 3910 3705 3968 defensio-

2123 4037 2251 4078 nem
2282 4019 2596 4076 aﬁ‘erentes.
2651 4015 2785 4083 Quis
2810 4030 2964 4086 ergo,
2990 4027 3119 4067 eum
3147 4016 3296 4064 esset
3322 4006 3496 4070 dives,
3533 4002 3704 4057 dicito

2125 4114 2290 4180 mihi,
2310 4129 2432 4169 mea
2462 4117 2784 4183 paupertate
2825 4109 3003 4164 factus
3028 4111 3114 4160 est
3139 4100 3378 4173 pauper?
3411 4098 3553 4152 Num
3582 4095 3706 4165 qui-

447 4185 666 4278 ἐγένετο
691 4185 977 4278 πλούσιοςο
1006 4180 1076 4257 ἦν
1108 4187 1344 4258 πτωχὸς,
1379 4187 1444 4241 ὲκ
1477 4189 1711 4260 πτωχῶν
1741 4190 2004 4261 προγόνωπ

2127 4205 2382 4278 apparuit
2416 4180 2604 4270 homo,
2636 4216 2802 4272 quem
2826 4208 2886 4254 tu
2918 4210 3142 4269 separas
3169 4209 3204 4247 a
3227 4189 3549 4247 divinitate?
3597 4185 3703 4241 Sed

448 4275 682 4348 τεχθείς.
722 4276 820 4340 Τίς
848 4272 942 4332 οῦν
978 4279 1006 4332 6
1033 4277 1308 4344 πλούσιος,
1342 4280 1436 4334 καὶ
1475 4281 1530 4334 τί
1572 4281 1818 4336 πλουτῶν
1842 4278 1934 4354 ἦν,
1964 4283 2004 4345 δι

448 4367 515 4400 πη
543 4369 693 4400 sunt.
720 4366 938 4400 zulm..-
985 4369 1190 4400 ..λυ-ι.
1225 4371 1359 4400 n-3,-
1423 4374 1588 4400 .....~...
1646 4374 1891 4400 a-x-.e--_
1930 4375 2004 4400 ...L.

2129 4313 2412 4369 nunquam
2439 4296 2540 4352 iste
2570 4295 2675 4350 fuit
2696 4294 2883 4358 dives,
2912 4291 3008 4347 sed
3037 4302 3246 4360 pauper
3273 4301 3341 4341 ex
3372 4280 3706 4353 pauperibus

2312 4389 2361 4400 ,..
2575 4397 2584 4400 _
2715 4386 2752 4400 Λ
2801 4387 2811 4397 -
3051 4382 3186 4400 1°,,,.,_
3240 4379 3327 4400 211-
3365 4383 3439 4400 -..ι
3502 4383 3549 4400 ’.Α
3586 4374 3673 4400 ,ηιξ

447 4367 515 4420 δι’
529 4369 701 4463 -ἡμᾶς
719 4366 940 4463 εγενετο
985 4369 1191 4463 πένης;
1225 4371 1379 4441 Θεὸς,
1422 4374 1611 4442 φησὶν,
1645 4374 1895 4429 ἐπλούτει
1929 4375 2004 4448 τὴς

2129 4366 2452 4463 parentibus
2496 4397 2676 4443 natus.
2711 4386 2847 4453 Quis
2870 4400 3003 4455 ergo
3035 4382 3191 4438 dives
3239 4379 3331 4433 ille
3360 4383 3465 4442 est,
3499 4383 3556 4430 et
3583 4374 3707 4444 qui-

450 4461 648 4571 κτίσιν.
665 4459 882 4563 ρύκοῦν
907 4461 1042 4526 Θεὸς
1071 4462 1168 4516 καὶ
1201 4463 1369 4536 πένης
1395 4463 1632 4534 ἐγένετο,
1661 4466 1797 4522 ίδίαν
1832 4467 2004 4522 πενίαε

2128 4459 2234 4546 bus
2259 4480 2426 4536 rebus
2457 4479 2631 4543 dives,
2653 4477 2747 4548 qui
2771 4483 3000 4547 propter
3025 4489 3126 4528 nos
3153 4471 3331 4526 factus
3354 4476 3439 4524 est
3461 4465 3709 4538 pauper?

449 4551 552 4623 τὴν
597 4551 695 4605 τοῦ
742 4552 1020 4623 ὁρωμένου
1066 4555 1412 4627 ποιούμενος.
1457 4557 1516 4611 '0
1564 4558 1672 4630 γὰρ
1725 4560 1887 4625 αὐτὸς
1929 4563 2004 4616 κα¹

451 4643 706 4696 ἐπλούτει
742 4644 842 4696 τὴν
874 4643 1126 4696 θεότητα,
1169 4647 1266 4696 καὶ
1295 4647 1361 4696 δι’
1397 4649 1545 4696 ἡμᾶς
1577 4650 1748 4696 πένης
1785 4652 2003 4696 ἐγένετο

2127 4574 2302 4638 Deus,
2331 4571 2532 4641 inquit,
2565 4570 2720 4625 dives
2748 4576 2868 4624 erat
2917 4574 3178 4622 creatura
3207 4579 3327 4619 sua.
3356 4561 3501 4632 Ergo
3529 4557 3705 4614 etiam

2126 4668 2268 4696 nm“.
2304 4681 2513 4696 ..η-...πη
2559 4664 2735 4696 funium
2779 4670 2858 4696 ne!
2945 4656 3295 4696 ηαΜρΙηιὶίΙῖα
3326 4653 3474 4696 illius
3499 4660 3705 4696 nntnrm

452 4643 706 4697 ἐπλούτει
742 4644 842 4715 τὴν
874 4643 1126 4716 θεότητα,
1169 4647 1266 4701 καὶ
1295 4647 1361 4701 δι’
1397 4649 1545 4720 ἡμᾶς
1577 4650 1748 4722 πένης
1785 4652 2003 4722 ἐγένετο

452 4735 592 4788 Οὐδὲ
624 4734 735 4788 γὰο
754 4735 847 4788 τὸν
876 4737 1165 4788 ἄνθρωπον
1195 4738 1262 4788 ἂν
1290 4739 1467 4788 εἴποις
1500 4740 1777 4788 πλουτεῖν-
1811 4744 2004 4788 πτωνῆε

2126 4668 2271 4723 Deus
2304 4681 2513 4736 pauper
2559 4664 2738 4719 factus
2779 4670 2891 4726 est,
2944 4656 3296 4730 aspectabilis
3325 4653 3474 4710 illius
3498 4660 3708 4706 natura:

2125 4765 2503 4788 manna-ﬁnitam
2527 4771 2679 4788 mmm
2706 4753 2909 4788 fontana
2945 4751 3076 4788 Νοιηη
3105 4748 3250 4788 illam
3271 4747 3387 4788 inm
3411 4744 3567 4788 dives
3591 4751 3708 4788 erat

500 4737 592 4788 ὐδὲ
624 4737 735 4806 γὰρ
754 4737 847 4790 τὸν
876 4737 1165 4810 ἄνθρωπον
1195 4738 1262 4794 ἂν
1290 4739 1467 4802 εἴποις
1500 4740 1778 4809 πλουτεῖν,
1811 4744 2004 4816 πτωχὺε

2125 4765 2506 4830 paupertatem
2527 4771 2682 4811 suam
2704 4753 2930 4809 faciens.
2945 4751 3079 4807 Nam
3105 4748 3252 4803 idem
3271 4747 3387 4816 ipse
3411 4744 3567 4798 dives
3591 4751 3710 4796 erat

452 4828 584 4930 ὄντα
623 4827 722 4930 καὶ
762 4828 925 4930 φύσει
966 4829 1063 4883 καὶ
1095 4831 1409 4902 χρήμασινο
1441 4831 1562 4886 οὐδὲ
1597 4833 1706 4905 γὰρ
1735 4834 1828 4888 τὸν
1865 4835 2004 4890 πλου

2126 4827 2444 4911 divinitate,
2475 4852 2531 4899 et
2556 4849 2782 4914 propter
2804 4856 2907 4896 nos
2942 4855 3149 4910 pauper
3181 4837 3358 4892 factus
3377 4842 3483 4890 est.
3519 4833 3708 4902 Neque

452 4919 664 5030 τοῦντρι.
696 4919 952 4990 θεότητος
1004 4919 1184 4988 ἀξίαν,
1232 4925 1539 4994 πτωχεύειν
1585 4923 1653 4980 ἂν
1695 4929 1894 4993 εἴποις,
1955 4930 2004 5001 μὲ

2133 4935 2282 4991 enim
2313 4934 2594 4989 hominem
2630 4933 2815 4990 dicere
2846 4930 3056 5003 poteris
3099 4929 3325 4984 divitem
3353 4941 3496 4989 esse,
3527 4923 3623 4994 qui
3655 4929 3711 4978 et

453 5009 745 5078 προσάψας
789 5009 942 5081 αὐτῷ
984 5011 1054 5064 τὰ
1094 5011 1436 5084 ἀνθρώπινα.
1487 5016 1585 5069 Διά
1637 5017 1794 5072 τοῦτο
1846 5021 1940 5074 καὶ
2003 5049 2004 5060 ι

467 5099 791 5145 ’Λπόστολοε
836 5101 1125 5145 συνάπτων
1173 5103 1330 5145 MFnu
1372 5105 1623 5145 “Mm-mn
1661 5108 2004 5145 ἦειηΛιΑηι-Ῐινυλ

2133 5035 2334 5082 natura
2365 5034 2421 5082 et
2449 5026 2646 5096 opibus
2670 5040 2881 5095 pauper
2905 5031 3087 5088 esset;
3119 5037 3298 5091 neque
3330 5017 3556 5073 divitem
3576 5014 3713 5070 divi-

2129 5117 2315 5145 ..:....:..
2342 5119 2626 5145 ...ηεηριιηη
2657 5129 2952 5145 ηη..ηη.ρηηι
2981 5112 3180 5145 fam-nn
3232 5109 3274 5145 ci
3301 5111 3349 5145 ni
3373 5125 3495 5145 mum
3517 5109 3710 5145 hnnm-

482 5099 791 5206 Απόστολος
836 5101 1125 5206 σμνάπτων
1173 5103 1330 5169 δόξαν
1372 5105 1623 5177 θεότητος
1661 5108 2004 5182 ἀνθρωπίνοις

2129 5117 2318 5174 uitatis
2342 5119 2626 5188 majestate
2657 5129 2953 5187 pauperem
2981 5112 3204 5175 factum,
3232 5109 3277 5165 si
3301 5111 3350 5164 ei
3373 5125 3496 5179 qua:
3517 5109 3710 5162 huma-

453 5189 797 5259 παθήμασιν,
828 5189 931 5244 οὐκ
960 5192 1175 5266 ἐπινοίᾳ
1204 5196 1447 5268 διαιρῶν,
1484 5199 1604 5252 οὐδὲ
1632 5200 1772 5271 λόγῳ
1803 5202 2004 5275 διαστῆ·

2128 5223 2198 5262 na
2245 5217 2394 5271 sunt,
2430 5223 2536 5262 non
2567 5205 2909 5261 attribueris.
2974 5205 3272 5272 Propterea
3307 5209 3362 5255 et
3389 5199 3704 5270 Apostolus.

453 5296 541 5332 σαι
575 5279 643 5334 τὰ
664 5279 936 5336 ὲνωθέντα
958 5282 1303 5356 βουλόμενος,
1329 5288 1420 5342 τὸν
1447 5290 1609 5345 αὐτὸν
1641 5292 1742 5364 ἔφη
1780 5293 2004 5348 πλουτεῖ·

2129 5299 2358 5370 gloriam
2403 5298 2709 5355 divinitatis
2769 5296 3026 5352 humanis
3060 5293 3410 5366 passionihus
3436 5291 3706 5353 tribuens,

526 5439 572 5471 ’θ
602 5438 702 5492 lsa.
731 5455 768 5503 ι,
796 5441 848 5495 3.
928 5441 972 5472 ⁶⁰
997 5441 1040 5496 ll
1063 5441 1185 5498 Cor.
1217 5459 1328 5509 vm,
1351 5445 1404 5500 9.

529 5592 638 5660 (lii)
679 5596 786 5648 Ἴον.
821 5595 1056 5652 δύναιτο.

528 5597 644 5732 ἱ
821 5597 1056 5737 Ξιῗοαὲῷο.
2218 5597 2329 5670 (l7)
2372 5601 2428 5659 '0
2455 5604 2794 5677 βουλόμενος,
2827 5606 2891 5674 τῇ
2931 5605 3146 5677 ποικίλῃ
3175 5603 3400 5676 θεωρίᾳ,
3437 5603 3563 5658 Lat.
