  <div class='ocr_page' id='page_1' title='image "/cluster/home/n/w/nwhite01/storage/ocr_20150623/77/hvd.32044052822863/687.png"; bbox 0 0 4048 6210; ppageno 0'>
   <div class='ocr_carea' id='block_1_1' title="bbox 422 193 561 250">
    <p class='ocr_par' dir='ltr' id='par_1_1' title="bbox 422 193 561 250">
     <span class='ocr_line' id='line_1_1' title="bbox 422 193 561 250; baseline 0.007 -2"><span class='ocrx_word' id='word_1_1' title='bbox 422 193 561 250; x_wconf 72' lang='grc'><strong>1563</strong></span> 
     </span>
    </p>
   </div>
   <div class='ocr_carea' id='block_1_2' title="bbox 1523 199 2591 261">
    <p class='ocr_par' dir='ltr' id='par_1_2' title="bbox 1523 199 2591 261">
     <span class='ocr_line' id='line_1_2' title="bbox 1523 199 2591 261; baseline 0.009 -10"><span class='ocrx_word' id='word_1_2' title='bbox 1523 199 1867 255; x_wconf 84' lang='lat' dir='ltr'><strong>THEODOTI</strong></span> <span class='ocrx_word' id='word_1_3' title='bbox 1908 202 2210 259; x_wconf 82' lang='lat' dir='ltr'><strong>EPISCOPl</strong></span> <span class='ocrx_word' id='word_1_4' title='bbox 2252 207 2591 261; x_wconf 69' lang='lat' dir='ltr'><strong>ANCYRANI</strong></span> 
     </span>
    </p>
   </div>
   <div class='ocr_carea' id='block_1_3' title="bbox 3527 196 3674 253">
    <p class='ocr_par' dir='ltr' id='par_1_3' title="bbox 3527 196 3674 253">
     <span class='ocr_line' id='line_1_3' title="bbox 3527 196 3674 253; baseline -0.014 0"><span class='ocrx_word' id='word_1_5' title='bbox 3527 196 3674 253; x_wconf 54' lang='lat'><strong>136$</strong></span> 
     </span>
    </p>
   </div>
   <div class='ocr_carea' id='block_1_4' title="bbox 421 305 1999 391">
    <p class='ocr_par' dir='ltr' id='par_1_4' title="bbox 421 305 1998 382">
     <span class='ocr_line' id='line_1_4' title="bbox 421 305 1998 382; baseline 0.004 -20"><span class='ocrx_word' id='word_1_6' title='bbox 421 321 601 378; x_wconf 85' lang='lat' dir='ltr'><strong>neque</strong></span> <span class='ocrx_word' id='word_1_7' title='bbox 626 305 990 378; x_wconf 82' lang='lat' dir='ltr'><strong>intelligentia</strong></span> <span class='ocrx_word' id='word_1_8' title='bbox 1012 308 1281 375; x_wconf 84' lang='lat' dir='ltr'><strong>dividere,</strong></span> <span class='ocrx_word' id='word_1_9' title='bbox 1307 325 1485 380; x_wconf 90' lang='lat' dir='ltr'><strong>neque</strong></span> <span class='ocrx_word' id='word_1_10' title='bbox 1509 312 1723 366; x_wconf 90' lang='lat' dir='ltr'><strong>ratione</strong></span> <span class='ocrx_word' id='word_1_11' title='bbox 1745 328 1998 382; x_wconf 80' lang='lat' dir='ltr'><strong>separare</strong></span> 
     </span>
    </p>
   </div>
   <div class='ocr_carea' id='block_1_5' title="bbox 2103 305 3677 391">
    <p class='ocr_par' dir='ltr' id='par_1_5' title="bbox 2103 309 3677 391">
     <span class='ocr_line' id='line_1_5' title="bbox 2103 309 3677 391; baseline -0.007 -21"><span class='ocrx_word' id='word_1_12' title='bbox 2103 318 2318 389; x_wconf 88' lang='grc' dir='ltr'>θεότητι</span> <span class='ocrx_word' id='word_1_13' title='bbox 2348 318 2483 391; x_wconf 82' lang='lat' dir='ltr'><strong>(l8),</strong></span> <span class='ocrx_word' id='word_1_14' title='bbox 2526 319 2619 372; x_wconf 74' lang='grc' dir='ltr'><strong>καὶ</strong></span> <span class='ocrx_word' id='word_1_15' title='bbox 2661 314 2961 386; x_wconf 84' lang='grc' dir='ltr'>πτωχεύειν</span> <span class='ocrx_word' id='word_1_16' title='bbox 2988 314 3300 384; x_wconf 72' lang='grc' dir='ltr'>παθήμασι·</span> <span class='ocrx_word' id='word_1_17' title='bbox 3334 309 3431 363; x_wconf 69' lang='grc' dir='ltr'>καὶ</span> <span class='ocrx_word' id='word_1_18' title='bbox 3470 311 3528 362; x_wconf 82' lang='grc' dir='ltr'><strong>τὸ</strong></span> <span class='ocrx_word' id='word_1_19' title='bbox 3572 310 3677 378; x_wconf 72' lang='grc' dir='ltr'><strong>μὲν</strong></span> 
     </span>
    </p>
   </div>
   <div class='ocr_carea' id='block_1_6' title="bbox 420 400 1994 470">
    <p class='ocr_par' dir='ltr' id='par_1_6' title="bbox 420 400 1994 470">
     <span class='ocr_line' id='line_1_6' title="bbox 420 400 1994 470; baseline 0.003 -16"><span class='ocrx_word' id='word_1_20' title='bbox 420 415 543 470; x_wconf 82' lang='lat' dir='ltr'><strong>quae</strong></span> <span class='ocrx_word' id='word_1_21' title='bbox 565 400 719 455; x_wconf 88' lang='lat' dir='ltr'><strong>unita</strong></span> <span class='ocrx_word' id='word_1_22' title='bbox 752 408 882 455; x_wconf 89' lang='lat' dir='ltr'><strong>sunt</strong></span> <span class='ocrx_word' id='word_1_23' title='bbox 906 400 1117 465; x_wconf 82' lang='lat' dir='ltr'><strong>volens,</strong></span> <span class='ocrx_word' id='word_1_24' title='bbox 1152 400 1409 455; x_wconf 88' lang='lat' dir='ltr'><strong>eumdem</strong></span> <span class='ocrx_word' id='word_1_25' title='bbox 1434 403 1513 457; x_wconf 91' lang='lat' dir='ltr'><strong>ait</strong></span> <span class='ocrx_word' id='word_1_26' title='bbox 1537 404 1764 458; x_wconf 75' lang='lat' dir='ltr'><strong>divitem</strong></span> <span class='ocrx_word' id='word_1_27' title='bbox 1791 404 1994 459; x_wconf 89' lang='lat' dir='ltr'><strong>divini-</strong></span> 
     </span>
    </p>
   </div>
   <div class='ocr_carea' id='block_1_7' title="bbox 370 485 1998 566">
    <p class='ocr_par' dir='ltr' id='par_1_7' title="bbox 370 485 1998 566">
     <span class='ocr_line' id='line_1_7' title="bbox 370 485 1998 566; baseline 0.004 -22"><span class='ocrx_word' id='word_1_28' title='bbox 370 485 378 566; x_wconf 45' lang='grc' dir='ltr'><em>λ</em></span> <span class='ocrx_word' id='word_1_29' title='bbox 422 500 554 557; x_wconf 89' lang='lat' dir='ltr'><strong>tatc,</strong></span> <span class='ocrx_word' id='word_1_30' title='bbox 587 500 644 547; x_wconf 90' lang='lat' dir='ltr'><strong>et</strong></span> <span class='ocrx_word' id='word_1_31' title='bbox 670 502 969 562; x_wconf 84' lang='lat' dir='ltr'><strong>pauperem</strong></span> <span class='ocrx_word' id='word_1_32' title='bbox 991 492 1342 560; x_wconf 87' lang='lat' dir='ltr'><strong>passionibus</strong></span> <span class='ocrx_word' id='word_1_33' title='bbox 1368 492 1603 562; x_wconf 81' lang='lat' dir='ltr'><strong>factum;</strong></span> <span class='ocrx_word' id='word_1_34' title='bbox 1632 505 1687 550; x_wconf 89' lang='lat' dir='ltr'><strong>et</strong></span> <span class='ocrx_word' id='word_1_35' title='bbox 1708 496 1852 550; x_wconf 83' lang='lat' dir='ltr'><strong>aliud</strong></span> <span class='ocrx_word' id='word_1_36' title='bbox 1877 497 1998 566; x_wconf 92' lang='lat' dir='ltr'><strong>qui-</strong></span> 
     </span>
    </p>
   </div>
   <div class='ocr_carea' id='block_1_8' title="bbox 421 584 1996 659">
    <p class='ocr_par' dir='ltr' id='par_1_8' title="bbox 421 584 1996 659">
     <span class='ocr_line' id='line_1_8' title="bbox 421 584 1996 659; baseline 0.003 -20"><span class='ocrx_word' id='word_1_37' title='bbox 421 587 543 641; x_wconf 89' lang='lat' dir='ltr'><strong>dem</strong></span> <span class='ocrx_word' id='word_1_38' title='bbox 577 602 674 655; x_wconf 89' lang='lat' dir='ltr'><strong>per</strong></span> <span class='ocrx_word' id='word_1_39' title='bbox 701 599 759 639; x_wconf 90' lang='lat' dir='ltr'><strong>se</strong></span> <span class='ocrx_word' id='word_1_40' title='bbox 790 600 931 650; x_wconf 90' lang='lat' dir='ltr'><strong>esse,</strong></span> <span class='ocrx_word' id='word_1_41' title='bbox 958 584 1106 639; x_wconf 90' lang='lat' dir='ltr'><strong>aliud</strong></span> <span class='ocrx_word' id='word_1_42' title='bbox 1137 594 1323 640; x_wconf 89' lang='lat' dir='ltr'><strong>autem</strong></span> <span class='ocrx_word' id='word_1_43' title='bbox 1369 598 1598 657; x_wconf 83' lang='lat' dir='ltr'><strong>propter</strong></span> <span class='ocrx_word' id='word_1_44' title='bbox 1632 604 1735 644; x_wconf 90' lang='lat' dir='ltr'><strong>nos</strong></span> <span class='ocrx_word' id='word_1_45' title='bbox 1774 606 1996 659; x_wconf 91' lang='lat' dir='ltr'><strong>passum</strong></span> 
     </span>
    </p>
   </div>
   <div class='ocr_carea' id='block_1_9' title="bbox 417 668 1999 751">
    <p class='ocr_par' dir='ltr' id='par_1_9' title="bbox 417 668 1999 751">
     <span class='ocr_line' id='line_1_9' title="bbox 417 668 1999 751; baseline 0.004 -19"><span class='ocrx_word' id='word_1_46' title='bbox 417 680 607 733; x_wconf 79' lang='lat' dir='ltr'><strong>fuisse.</strong></span> <span class='ocrx_word' id='word_1_47' title='bbox 661 676 814 743; x_wconf 87' lang='lat' dir='ltr'><strong>Quod</strong></span> <span class='ocrx_word' id='word_1_48' title='bbox 842 677 909 741; x_wconf 91' lang='lat' dir='ltr'><strong>si,</strong></span> <span class='ocrx_word' id='word_1_49' title='bbox 960 676 1053 749; x_wconf 89' lang='lat' dir='ltr'><strong>qui</strong></span> <span class='ocrx_word' id='word_1_50' title='bbox 1074 668 1226 732; x_wconf 86' lang='lat' dir='ltr'><strong>dives</strong></span> <span class='ocrx_word' id='word_1_51' title='bbox 1247 687 1331 733; x_wconf 91' lang='lat' dir='ltr'><strong>est</strong></span> <span class='ocrx_word' id='word_1_52' title='bbox 1352 680 1661 744; x_wconf 82' lang='lat' dir='ltr'><strong>divinitate,</strong></span> <span class='ocrx_word' id='word_1_53' title='bbox 1705 697 1911 751; x_wconf 83' lang='lat' dir='ltr'><strong>pauper</strong></span> <span class='ocrx_word' id='word_1_54' title='bbox 1938 682 1999 738; x_wconf 79' lang='lat' dir='ltr'><strong>iit</strong></span> 
     </span>
    </p>
   </div>
   <div class='ocr_carea' id='block_1_10' title="bbox 419 770 1997 843">
    <p class='ocr_par' dir='ltr' id='par_1_10' title="bbox 419 770 1997 843">
     <span class='ocr_line' id='line_1_10' title="bbox 419 770 1997 843; baseline 0.003 -20"><span class='ocrx_word' id='word_1_55' title='bbox 419 770 653 823; x_wconf 85' lang='lat' dir='ltr'><strong>humana</strong></span> <span class='ocrx_word' id='word_1_56' title='bbox 701 775 1058 838; x_wconf 86' lang='lat' dir='ltr'><strong>paupertate,</strong></span> <span class='ocrx_word' id='word_1_57' title='bbox 1119 770 1397 838; x_wconf 91' lang='lat' dir='ltr'><strong>quomodo</strong></span> <span class='ocrx_word' id='word_1_58' title='bbox 1446 773 1747 827; x_wconf 88' lang='lat' dir='ltr'><strong>nonetiam</strong></span> <span class='ocrx_word' id='word_1_59' title='bbox 1783 774 1997 843; x_wconf 89' lang='lat' dir='ltr'><strong>reliqua</strong></span> 
     </span>
    </p>
   </div>
   <div class='ocr_carea' id='block_1_11' title="bbox 418 860 1996 933">
    <p class='ocr_par' dir='ltr' id='par_1_11' title="bbox 418 860 1996 933">
     <span class='ocr_line' id='line_1_11' title="bbox 418 860 1996 933; baseline 0.004 -20"><span class='ocrx_word' id='word_1_60' title='bbox 418 875 610 931; x_wconf 84' lang='lat' dir='ltr'><strong>passus</strong></span> <span class='ocrx_word' id='word_1_61' title='bbox 629 867 733 923; x_wconf 90' lang='lat' dir='ltr'><strong>est,</strong></span> <span class='ocrx_word' id='word_1_62' title='bbox 753 875 877 914; x_wconf 91' lang='lat' dir='ltr'><strong>cum</strong></span> <span class='ocrx_word' id='word_1_63' title='bbox 900 860 1067 917; x_wconf 88' lang='lat' dir='ltr'><strong>semel</strong></span> <span class='ocrx_word' id='word_1_64' title='bbox 1086 861 1251 915; x_wconf 90' lang='lat' dir='ltr'><strong>homo</strong></span> <span class='ocrx_word' id='word_1_65' title='bbox 1272 861 1387 916; x_wconf 79' lang='lat' dir='ltr'><strong>fieri</strong></span> <span class='ocrx_word' id='word_1_66' title='bbox 1404 870 1633 933; x_wconf 84' lang='lat' dir='ltr'><strong>propter</strong></span> <span class='ocrx_word' id='word_1_67' title='bbox 1649 864 1996 920; x_wconf 91' lang='lat' dir='ltr'><strong>clementiam</strong></span> 
     </span>
    </p>
   </div>
   <div class='ocr_carea' id='block_1_12' title="bbox 423 950 1559 1022">
    <p class='ocr_par' dir='ltr' id='par_1_12' title="bbox 423 950 1559 1022">
     <span class='ocr_line' id='line_1_12' title="bbox 423 950 1559 1022; baseline 0.005 -21"><span class='ocrx_word' id='word_1_68' title='bbox 423 950 713 1005; x_wconf 76' lang='lat' dir='ltr'><strong>voluisset?</strong></span> <span class='ocrx_word' id='word_1_69' title='bbox 741 951 847 1006; x_wconf 90' lang='lat' dir='ltr'><strong>Sed</strong></span> <span class='ocrx_word' id='word_1_70' title='bbox 873 952 990 1007; x_wconf 64' lang='lat' dir='ltr'><strong>haec</strong></span> <span class='ocrx_word' id='word_1_71' title='bbox 1015 951 1240 1022; x_wconf 87' lang='lat' dir='ltr'><strong>quidem</strong></span> <span class='ocrx_word' id='word_1_72' title='bbox 1270 952 1559 1009; x_wconf 88' lang='lat' dir='ltr'><strong>hactenus.</strong></span> 
     </span>
    </p>
   </div>
   <div class='ocr_carea' id='block_1_13' title="bbox 490 1062 1995 1136">
    <p class='ocr_par' dir='ltr' id='par_1_13' title="bbox 490 1062 1995 1136">
     <span class='ocr_line' id='line_1_13' title="bbox 490 1062 1995 1136; baseline 0.002 -18"><span class='ocrx_word' id='word_1_73' title='bbox 490 1062 557 1119; x_wconf 75' lang='grc' dir='ltr'>Χ.</span> <span class='ocrx_word' id='word_1_74' title='bbox 608 1062 689 1116; x_wconf 89' lang='lat' dir='ltr'><strong>Tu</strong></span> <span class='ocrx_word' id='word_1_75' title='bbox 719 1071 901 1119; x_wconf 89' lang='lat' dir='ltr'><strong>autem</strong></span> <span class='ocrx_word' id='word_1_76' title='bbox 932 1064 1146 1135; x_wconf 87' lang='lat' dir='ltr'><strong>respice</strong></span> <span class='ocrx_word' id='word_1_77' title='bbox 1170 1064 1308 1119; x_wconf 89' lang='lat' dir='ltr'><strong>mihi</strong></span> <span class='ocrx_word' id='word_1_78' title='bbox 1334 1065 1748 1136; x_wconf 84' lang='lat' dir='ltr'><strong>pauperrimum</strong></span> <span class='ocrx_word' id='word_1_79' title='bbox 1777 1066 1995 1121; x_wconf 89' lang='lat' dir='ltr'><strong>habita-</strong></span> 
     </span>
    </p>
   </div>
   <div class='ocr_carea' id='block_1_14' title="bbox 416 1154 1998 1227">
    <p class='ocr_par' dir='ltr' id='par_1_14' title="bbox 416 1154 1998 1227">
     <span class='ocr_line' id='line_1_14' title="bbox 416 1154 1998 1227; baseline 0 -17"><span class='ocrx_word' id='word_1_80' title='bbox 416 1156 601 1210; x_wconf 91' lang='lat' dir='ltr'><strong>culum</strong></span> <span class='ocrx_word' id='word_1_81' title='bbox 624 1154 743 1224; x_wconf 84' lang='lat' dir='ltr'><strong>ejus</strong></span> <span class='ocrx_word' id='word_1_82' title='bbox 767 1154 861 1224; x_wconf 89' lang='lat' dir='ltr'><strong>qui</strong></span> <span class='ocrx_word' id='word_1_83' title='bbox 882 1154 1036 1212; x_wconf 90' lang='lat' dir='ltr'><strong>dives</strong></span> <span class='ocrx_word' id='word_1_84' title='bbox 1060 1164 1145 1210; x_wconf 89' lang='lat' dir='ltr'><strong>est</strong></span> <span class='ocrx_word' id='word_1_85' title='bbox 1171 1156 1339 1223; x_wconf 64' lang='lat' dir='ltr'><strong>caelo;</strong></span> <span class='ocrx_word' id='word_1_86' title='bbox 1392 1155 1519 1212; x_wconf 89' lang='lat' dir='ltr'><strong>vide</strong></span> <span class='ocrx_word' id='word_1_87' title='bbox 1538 1171 1782 1227; x_wconf 56' lang='lat' dir='ltr'><strong>praesepe</strong></span> <span class='ocrx_word' id='word_1_88' title='bbox 1802 1157 1998 1212; x_wconf 89' lang='lat' dir='ltr'><strong>seden-</strong></span> 
     </span>
    </p>
   </div>
   <div class='ocr_carea' id='block_1_15' title="bbox 416 1247 1996 1319">
    <p class='ocr_par' dir='ltr' id='par_1_15' title="bbox 416 1247 1996 1319">
     <span class='ocr_line' id='line_1_15' title="bbox 416 1247 1996 1319; baseline 0.001 -18"><span class='ocrx_word' id='word_1_89' title='bbox 416 1248 486 1302; x_wconf 89' lang='lat' dir='ltr'><strong>tis</strong></span> <span class='ocrx_word' id='word_1_90' title='bbox 508 1262 676 1317; x_wconf 89' lang='lat' dir='ltr'><strong>super</strong></span> <span class='ocrx_word' id='word_1_91' title='bbox 697 1247 984 1302; x_wconf 86' lang='lat' dir='ltr'><strong>cherubim</strong></span> <span class='ocrx_word' id='word_1_92' title='bbox 1011 1265 1024 1313; x_wconf 89' lang='lat'><strong>;</strong></span> <span class='ocrx_word' id='word_1_93' title='bbox 1072 1247 1199 1303; x_wconf 83' lang='lat' dir='ltr'><strong>vide</strong></span> <span class='ocrx_word' id='word_1_94' title='bbox 1225 1249 1425 1318; x_wconf 91' lang='lat' dir='ltr'><strong>pannis</strong></span> <span class='ocrx_word' id='word_1_95' title='bbox 1450 1248 1691 1303; x_wconf 89' lang='lat' dir='ltr'><strong>obsitum</strong></span> <span class='ocrx_word' id='word_1_96' title='bbox 1724 1265 1872 1313; x_wconf 89' lang='lat' dir='ltr'><strong>eum,</strong></span> <span class='ocrx_word' id='word_1_97' title='bbox 1900 1249 1996 1319; x_wconf 88' lang='lat' dir='ltr'><strong>qui</strong></span> 
     </span>
    </p>
   </div>
   <div class='ocr_carea' id='block_1_16' title="bbox 416 1335 1994 1407">
    <p class='ocr_par' dir='ltr' id='par_1_16' title="bbox 416 1335 1994 1407">
     <span class='ocr_line' id='line_1_16' title="bbox 416 1335 1994 1407; baseline 0.001 -18"><span class='ocrx_word' id='word_1_98' title='bbox 416 1336 643 1406; x_wconf 76' lang='lat' dir='ltr'><strong>pelagus</strong></span> <span class='ocrx_word' id='word_1_99' title='bbox 666 1350 835 1390; x_wconf 87' lang='lat' dir='ltr'><strong>arena</strong></span> <span class='ocrx_word' id='word_1_100' title='bbox 859 1335 1141 1403; x_wconf 79' lang='lat' dir='ltr'><strong>devinxit;</strong></span> <span class='ocrx_word' id='word_1_101' title='bbox 1181 1336 1308 1391; x_wconf 91' lang='lat' dir='ltr'><strong>vide</strong></span> <span class='ocrx_word' id='word_1_102' title='bbox 1337 1337 1392 1391; x_wconf 89' lang='lat' dir='ltr'><strong>in</strong></span> <span class='ocrx_word' id='word_1_103' title='bbox 1418 1343 1567 1392; x_wconf 88' lang='lat' dir='ltr'><strong>terra</strong></span> <span class='ocrx_word' id='word_1_104' title='bbox 1595 1344 1994 1407; x_wconf 87' lang='lat' dir='ltr'><strong>paupertatem,</strong></span> 
     </span>
    </p>
   </div>
   <div class='ocr_carea' id='block_1_17' title="bbox 416 1426 1996 1499">
    <p class='ocr_par' dir='ltr' id='par_1_17' title="bbox 416 1426 1996 1499">
     <span class='ocr_line' id='line_1_17' title="bbox 416 1426 1996 1499; baseline 0.001 -19"><span class='ocrx_word' id='word_1_105' title='bbox 416 1426 638 1481; x_wconf 86' lang='lat' dir='ltr'><strong>divitias</strong></span> <span class='ocrx_word' id='word_1_106' title='bbox 666 1427 786 1497; x_wconf 85' lang='lat' dir='ltr'><strong>ejus</strong></span> <span class='ocrx_word' id='word_1_107' title='bbox 824 1428 879 1480; x_wconf 92' lang='lat' dir='ltr'><strong>in</strong></span> <span class='ocrx_word' id='word_1_108' title='bbox 909 1429 1167 1499; x_wconf 89' lang='lat' dir='ltr'><strong>supernis</strong></span> <span class='ocrx_word' id='word_1_109' title='bbox 1197 1429 1383 1483; x_wconf 90' lang='lat' dir='ltr'><strong>animo</strong></span> <span class='ocrx_word' id='word_1_110' title='bbox 1404 1435 1691 1498; x_wconf 89' lang='lat' dir='ltr'><strong>reputans.</strong></span> <span class='ocrx_word' id='word_1_111' title='bbox 1733 1427 1825 1483; x_wconf 92' lang='lat' dir='ltr'><strong>Sic</strong></span> <span class='ocrx_word' id='word_1_112' title='bbox 1847 1428 1996 1483; x_wconf 87' lang='lat' dir='ltr'><strong>enim</strong></span> 
     </span>
    </p>
   </div>
   <div class='ocr_carea' id='block_1_18' title="bbox 416 1516 1998 1593">
    <p class='ocr_par' dir='ltr' id='par_1_18' title="bbox 416 1516 1998 1593">
     <span class='ocr_line' id='line_1_18' title="bbox 416 1516 1998 1593; baseline 0.004 -22"><span class='ocrx_word' id='word_1_113' title='bbox 416 1516 606 1588; x_wconf 66' lang='lat' dir='ltr'><strong>gratiae</strong></span> <span class='ocrx_word' id='word_1_114' title='bbox 627 1527 682 1573; x_wconf 89' lang='lat' dir='ltr'><strong>et</strong></span> <span class='ocrx_word' id='word_1_115' title='bbox 705 1518 1061 1590; x_wconf 82' lang='lat' dir='ltr'><strong>benignitatis</strong></span> <span class='ocrx_word' id='word_1_116' title='bbox 1085 1518 1302 1575; x_wconf 88' lang='lat' dir='ltr'><strong>videbis</strong></span> <span class='ocrx_word' id='word_1_117' title='bbox 1327 1520 1783 1593; x_wconf 85' lang='lat' dir='ltr'><strong>magnitudinem,</strong></span> <span class='ocrx_word' id='word_1_118' title='bbox 1813 1521 1857 1577; x_wconf 89' lang='lat' dir='ltr'><strong>si</strong></span> <span class='ocrx_word' id='word_1_119' title='bbox 1879 1528 1998 1577; x_wconf 87' lang='lat' dir='ltr'><strong>tan-</strong></span> 
     </span>
    </p>
   </div>
   <div class='ocr_carea' id='block_1_19' title="bbox 2101 396 3682 475">
    <p class='ocr_par' dir='ltr' id='par_1_19' title="bbox 2101 396 3682 475">
     <span class='ocr_line' id='line_1_19' title="bbox 2101 396 3682 475; baseline -0.009 -15"><span class='ocrx_word' id='word_1_120' title='bbox 2101 408 2169 460; x_wconf 77' lang='lat' dir='ltr'><strong>6t&#39;</strong></span> <span class='ocrx_word' id='word_1_121' title='bbox 2211 408 2400 461; x_wconf 79' lang='grc' dir='ltr'>ἑαυτὸν</span> <span class='ocrx_word' id='word_1_122' title='bbox 2434 404 2595 472; x_wconf 79' lang='grc' dir='ltr'>εἶναι,</span> <span class='ocrx_word' id='word_1_123' title='bbox 2625 405 2685 459; x_wconf 83' lang='grc' dir='ltr'><strong>τὸ</strong></span> <span class='ocrx_word' id='word_1_124' title='bbox 2712 405 2770 458; x_wconf 73' lang='grc' dir='ltr'>δὲ</span> <span class='ocrx_word' id='word_1_125' title='bbox 2810 404 2880 458; x_wconf 85' lang='grc' dir='ltr'>δι’</span> <span class='ocrx_word' id='word_1_126' title='bbox 2911 403 3058 475; x_wconf 68' lang='grc' dir='ltr'>ἡμᾶς</span> <span class='ocrx_word' id='word_1_127' title='bbox 3089 398 3441 455; x_wconf 71' lang='grc' dir='ltr'><strong>πεπονθέναι.</strong></span> <span class='ocrx_word' id='word_1_128' title='bbox 3472 397 3535 448; x_wconf 81' lang='lat' dir='ltr'><strong>El</strong></span> <span class='ocrx_word' id='word_1_129' title='bbox 3558 396 3617 448; x_wconf 81' lang='grc' dir='ltr'>δὲ</span> <span class='ocrx_word' id='word_1_130' title='bbox 3642 398 3682 448; x_wconf 84' lang='grc' dir='ltr'>ὁ</span> 
     </span>
    </p>
   </div>
   <div class='ocr_carea' id='block_1_20' title="bbox 2103 490 3679 570">
    <p class='ocr_par' dir='ltr' id='par_1_20' title="bbox 2103 490 3679 570">
     <span class='ocr_line' id='line_1_20' title="bbox 2103 490 3679 570; baseline -0.008 -17"><span class='ocrx_word' id='word_1_131' title='bbox 2103 500 2351 553; x_wconf 83' lang='grc' dir='ltr'>πλουτῶν</span> <span class='ocrx_word' id='word_1_132' title='bbox 2383 499 2480 570; x_wconf 79' lang='grc' dir='ltr'><strong>τὴν</strong></span> <span class='ocrx_word' id='word_1_133' title='bbox 2505 498 2754 569; x_wconf 85' lang='grc' dir='ltr'>θεότητα,</span> <span class='ocrx_word' id='word_1_134' title='bbox 2784 495 3054 566; x_wconf 88' lang='grc' dir='ltr'>πτωχεύει</span> <span class='ocrx_word' id='word_1_135' title='bbox 3075 490 3173 564; x_wconf 80' lang='grc' dir='ltr'><strong>τὴν</strong></span> <span class='ocrx_word' id='word_1_136' title='bbox 3193 491 3498 563; x_wconf 81' lang='grc' dir='ltr'>ἀνθρώπων</span> <span class='ocrx_word' id='word_1_137' title='bbox 3523 505 3679 542; x_wconf 82' lang='grc' dir='ltr'>πτω-</span> 
     </span>
    </p>
   </div>
   <div class='ocr_carea' id='block_1_21' title="bbox 2101 578 3679 661">
    <p class='ocr_par' dir='ltr' id='par_1_21' title="bbox 2101 578 3679 661">
     <span class='ocr_line' id='line_1_21' title="bbox 2101 578 3679 661; baseline -0.005 -20"><span class='ocrx_word' id='word_1_138' title='bbox 2101 589 2276 660; x_wconf 82' lang='grc' dir='ltr'>χείαν,</span> <span class='ocrx_word' id='word_1_139' title='bbox 2306 589 2425 653; x_wconf 83' lang='grc' dir='ltr'>πῶς</span> <span class='ocrx_word' id='word_1_140' title='bbox 2456 589 2580 661; x_wconf 76' lang='grc' dir='ltr'>οὐχὶ</span> <span class='ocrx_word' id='word_1_141' title='bbox 2618 588 2715 642; x_wconf 78' lang='grc' dir='ltr'><strong>καὶ</strong></span> <span class='ocrx_word' id='word_1_142' title='bbox 2762 588 2830 642; x_wconf 83' lang='grc' dir='ltr'>τὰ</span> <span class='ocrx_word' id='word_1_143' title='bbox 2878 584 3041 640; x_wconf 87' lang='grc' dir='ltr'>λοιπὰ</span> <span class='ocrx_word' id='word_1_144' title='bbox 3078 583 3365 645; x_wconf 84' lang='grc' dir='ltr'>πέπονθεν,</span> <span class='ocrx_word' id='word_1_145' title='bbox 3405 578 3552 646; x_wconf 75' lang='grc' dir='ltr'>ἅπαξ</span> <span class='ocrx_word' id='word_1_146' title='bbox 3580 581 3679 634; x_wconf 79' lang='grc' dir='ltr'>άν-</span> 
     </span>
    </p>
   </div>
   <div class='ocr_carea' id='block_1_22' title="bbox 2101 671 3677 753">
    <p class='ocr_par' dir='ltr' id='par_1_22' title="bbox 2101 671 3677 753">
     <span class='ocr_line' id='line_1_22' title="bbox 2101 671 3677 753; baseline -0.007 -17"><span class='ocrx_word' id='word_1_147' title='bbox 2101 683 2321 753; x_wconf 86' lang='grc' dir='ltr'>θρωπος</span> <span class='ocrx_word' id='word_1_148' title='bbox 2351 681 2439 735; x_wconf 80' lang='grc' dir='ltr'>διὰ</span> <span class='ocrx_word' id='word_1_149' title='bbox 2466 679 2874 752; x_wconf 78' lang='grc' dir='ltr'><strong>φιλανθρωπίαν</strong></span> <span class='ocrx_word' id='word_1_150' title='bbox 2903 677 3157 748; x_wconf 88' lang='grc' dir='ltr'>γενέσθαι</span> <span class='ocrx_word' id='word_1_151' title='bbox 3185 675 3466 745; x_wconf 83' lang='grc' dir='ltr'>ὲλόμενος;</span> <span class='ocrx_word' id='word_1_152' title='bbox 3509 671 3677 726; x_wconf 80' lang='grc' dir='ltr'>Ἀλλά</span> 
     </span>
    </p>
   </div>
   <div class='ocr_carea' id='block_1_23' title="bbox 2099 773 2835 844">
    <p class='ocr_par' dir='ltr' id='par_1_23' title="bbox 2099 773 2835 844">
     <span class='ocr_line' id='line_1_23' title="bbox 2099 773 2835 844; baseline 0 -19"><span class='ocrx_word' id='word_1_153' title='bbox 2099 773 2274 827; x_wconf 81' lang='grc' dir='ltr'>ταῦτα</span> <span class='ocrx_word' id='word_1_154' title='bbox 2304 774 2403 844; x_wconf 79' lang='grc' dir='ltr'><strong>μὲν</strong></span> <span class='ocrx_word' id='word_1_155' title='bbox 2437 775 2530 826; x_wconf 74' lang='grc' dir='ltr'>ἐπὶ</span> <span class='ocrx_word' id='word_1_156' title='bbox 2560 773 2835 827; x_wconf 88' lang='grc' dir='ltr'>τοσοῦτον.</span> 
     </span>
    </p>
   </div>
   <div class='ocr_carea' id='block_1_24' title="bbox 2171 1058 3674 1134">
    <p class='ocr_par' dir='ltr' id='par_1_24' title="bbox 2171 1058 3674 1134">
     <span class='ocr_line' id='line_1_24' title="bbox 2171 1058 3674 1134; baseline -0.006 -17"><span class='ocrx_word' id='word_1_157' title='bbox 2171 1066 2228 1117; x_wconf 87' lang='lat' dir='ltr'><strong>l&#39;.</strong></span> <span class='ocrx_word' id='word_1_158' title='bbox 2272 1065 2343 1117; x_wconf 86' lang='grc' dir='ltr'>Σύ</span> <span class='ocrx_word' id='word_1_159' title='bbox 2380 1081 2470 1134; x_wconf 90' lang='grc' dir='ltr'><strong>μοι</strong></span> <span class='ocrx_word' id='word_1_160' title='bbox 2501 1064 2667 1134; x_wconf 81' lang='grc' dir='ltr'><strong>βλέπε</strong></span> <span class='ocrx_word' id='word_1_161' title='bbox 2695 1064 2757 1117; x_wconf 84' lang='grc' dir='ltr'><strong>τὸ</strong></span> <span class='ocrx_word' id='word_1_162' title='bbox 2792 1062 3135 1134; x_wconf 87' lang='grc' dir='ltr'>πτωχότατον</span> <span class='ocrx_word' id='word_1_163' title='bbox 3154 1059 3362 1131; x_wconf 78' lang='grc' dir='ltr'>οἴκημα</span> <span class='ocrx_word' id='word_1_164' title='bbox 3389 1058 3483 1112; x_wconf 88' lang='grc' dir='ltr'><strong>τοῦ</strong></span> <span class='ocrx_word' id='word_1_165' title='bbox 3510 1058 3674 1109; x_wconf 80' lang='grc' dir='ltr'>πλου-</span> 
     </span>
    </p>
   </div>
   <div class='ocr_carea' id='block_1_25' title="bbox 2098 1147 3674 1227">
    <p class='ocr_par' dir='ltr' id='par_1_25' title="bbox 2098 1147 3674 1227">
     <span class='ocr_line' id='line_1_25' title="bbox 2098 1147 3674 1227; baseline -0.005 -20"><span class='ocrx_word' id='word_1_166' title='bbox 2098 1155 2317 1221; x_wconf 86' lang='grc' dir='ltr'>τοῦντος</span> <span class='ocrx_word' id='word_1_167' title='bbox 2346 1157 2438 1209; x_wconf 83' lang='grc' dir='ltr'><strong>τὸν</strong></span> <span class='ocrx_word' id='word_1_168' title='bbox 2484 1157 2711 1227; x_wconf 83' lang='grc' dir='ltr'>οὐρανόν</span> <span class='ocrx_word' id='word_1_169' title='bbox 2729 1171 2741 1184; x_wconf 82' lang='grc'><em>’</em></span> <span class='ocrx_word' id='word_1_170' title='bbox 2771 1155 2935 1226; x_wconf 82' lang='grc' dir='ltr'><strong>βλέπε</strong></span> <span class='ocrx_word' id='word_1_171' title='bbox 2956 1154 3056 1225; x_wconf 83' lang='grc' dir='ltr'><strong>τὴν</strong></span> <span class='ocrx_word' id='word_1_172' title='bbox 3091 1152 3293 1222; x_wconf 80' lang='grc' dir='ltr'>φάτνην</span> <span class='ocrx_word' id='word_1_173' title='bbox 3318 1151 3412 1203; x_wconf 88' lang='grc' dir='ltr'><strong>τοῦ</strong></span> <span class='ocrx_word' id='word_1_174' title='bbox 3443 1147 3536 1202; x_wconf 77' lang='grc' dir='ltr'>ἐπὶ</span> <span class='ocrx_word' id='word_1_175' title='bbox 3561 1148 3674 1200; x_wconf 81' lang='grc' dir='ltr'>τῶν</span> 
     </span>
    </p>
   </div>
   <div class='ocr_carea' id='block_1_26' title="bbox 2099 1239 3674 1318">
    <p class='ocr_par' dir='ltr' id='par_1_26' title="bbox 2099 1239 3674 1318">
     <span class='ocr_line' id='line_1_26' title="bbox 2099 1239 3674 1318; baseline -0.006 -20"><span class='ocrx_word' id='word_1_176' title='bbox 2099 1246 2362 1316; x_wconf 73' lang='grc' dir='ltr'>χερουσὶμ</span> <span class='ocrx_word' id='word_1_177' title='bbox 2392 1245 2703 1318; x_wconf 76' lang='grc' dir='ltr'><strong>καθημένου</strong></span> <span class='ocrx_word' id='word_1_178' title='bbox 2730 1262 2744 1276; x_wconf 78' lang='grc' dir='ltr'><strong><em>ο</em></strong></span> <span class='ocrx_word' id='word_1_179' title='bbox 2783 1244 2947 1315; x_wconf 81' lang='grc' dir='ltr'>βλέπε</span> <span class='ocrx_word' id='word_1_180' title='bbox 2977 1243 3268 1315; x_wconf 86' lang='grc' dir='ltr'>σπάργανα</span> <span class='ocrx_word' id='word_1_181' title='bbox 3290 1239 3381 1294; x_wconf 91' lang='grc' dir='ltr'><strong>τοῦ</strong></span> <span class='ocrx_word' id='word_1_182' title='bbox 3410 1239 3674 1309; x_wconf 81' lang='grc' dir='ltr'>δήσαντος</span> 
     </span>
    </p>
   </div>
   <div class='ocr_carea' id='block_1_27' title="bbox 2097 1329 3675 1409">
    <p class='ocr_par' dir='ltr' id='par_1_27' title="bbox 2097 1329 3675 1409">
     <span class='ocr_line' id='line_1_27' title="bbox 2097 1329 3675 1409; baseline -0.006 -18"><span class='ocrx_word' id='word_1_183' title='bbox 2097 1337 2309 1409; x_wconf 75' lang='grc' dir='ltr'>ψάμμῳ</span> <span class='ocrx_word' id='word_1_184' title='bbox 2338 1336 2399 1392; x_wconf 80' lang='grc' dir='ltr'><strong>τὸ</strong></span> <span class='ocrx_word' id='word_1_185' title='bbox 2449 1338 2715 1407; x_wconf 87' lang='grc' dir='ltr'>πέλαγος·</span> <span class='ocrx_word' id='word_1_186' title='bbox 2764 1335 2927 1408; x_wconf 83' lang='grc' dir='ltr'>βλέπε</span> <span class='ocrx_word' id='word_1_187' title='bbox 2953 1336 3051 1407; x_wconf 73' lang='grc' dir='ltr'><strong>τὴν</strong></span> <span class='ocrx_word' id='word_1_188' title='bbox 3077 1334 3228 1388; x_wconf 90' lang='grc' dir='ltr'>κάτω</span> <span class='ocrx_word' id='word_1_189' title='bbox 3262 1331 3551 1402; x_wconf 79' lang='grc' dir='ltr'><strong>πτωχείαν,</strong></span> <span class='ocrx_word' id='word_1_190' title='bbox 3580 1329 3675 1383; x_wconf 84' lang='grc' dir='ltr'><strong>τὸν</strong></span> 
     </span>
    </p>
   </div>
   <div class='ocr_carea' id='block_1_28' title="bbox 2099 1421 3676 1497">
    <p class='ocr_par' dir='ltr' id='par_1_28' title="bbox 2099 1421 3676 1497">
     <span class='ocr_line' id='line_1_28' title="bbox 2099 1421 3676 1497; baseline -0.007 -13"><span class='ocrx_word' id='word_1_191' title='bbox 2099 1430 2210 1484; x_wconf 85' lang='grc' dir='ltr'>ἄνω</span> <span class='ocrx_word' id='word_1_192' title='bbox 2244 1428 2476 1484; x_wconf 80' lang='grc' dir='ltr'>πλοῦτον</span> <span class='ocrx_word' id='word_1_193' title='bbox 2514 1426 2678 1482; x_wconf 88' lang='grc' dir='ltr'>αὐτοῦ</span> <span class='ocrx_word' id='word_1_194' title='bbox 2706 1427 3073 1497; x_wconf 82' lang='grc' dir='ltr'><strong>λογιζόμενος.</strong></span> <span class='ocrx_word' id='word_1_195' title='bbox 3123 1423 3279 1480; x_wconf 83' lang='grc' dir='ltr'>υῦτω</span> <span class='ocrx_word' id='word_1_196' title='bbox 3309 1423 3416 1494; x_wconf 82' lang='grc' dir='ltr'><strong>γὰρ</strong></span> <span class='ocrx_word' id='word_1_197' title='bbox 3451 1422 3544 1476; x_wconf 71' lang='grc' dir='ltr'><strong>καὶ</strong></span> <span class='ocrx_word' id='word_1_198' title='bbox 3576 1421 3676 1490; x_wconf 84' lang='grc' dir='ltr'>χά-</span> 
     </span>
    </p>
   </div>
   <div class='ocr_carea' id='block_1_29' title="bbox 2105 1512 3677 1593">
    <p class='ocr_par' dir='ltr' id='par_1_29' title="bbox 2105 1512 3677 1593">
     <span class='ocr_line' id='line_1_29' title="bbox 2105 1512 3677 1593; baseline -0.006 -19"><span class='ocrx_word' id='word_1_199' title='bbox 2105 1538 2250 1593; x_wconf 90' lang='grc' dir='ltr'>ριτος</span> <span class='ocrx_word' id='word_1_200' title='bbox 2284 1520 2378 1574; x_wconf 77' lang='grc' dir='ltr'><strong>καὶ</strong></span> <span class='ocrx_word' id='word_1_201' title='bbox 2430 1519 2840 1591; x_wconf 85' lang='grc' dir='ltr'>φιλανθρωπίας</span> <span class='ocrx_word' id='word_1_202' title='bbox 2891 1516 3021 1583; x_wconf 87' lang='grc' dir='ltr'>ίδοις</span> <span class='ocrx_word' id='word_1_203' title='bbox 3062 1516 3123 1570; x_wconf 84' lang='grc' dir='ltr'><strong>τὸ</strong></span> <span class='ocrx_word' id='word_1_204' title='bbox 3174 1515 3425 1586; x_wconf 87' lang='grc' dir='ltr'>μέγεθος,</span> <span class='ocrx_word' id='word_1_205' title='bbox 3474 1515 3523 1566; x_wconf 87' lang='grc' dir='ltr'><strong>εί</strong></span> <span class='ocrx_word' id='word_1_206' title='bbox 3573 1512 3677 1583; x_wconf 79' lang='grc' dir='ltr'>τὴν</span> 
     </span>
    </p>
   </div>
   <div class='ocr_carea' id='block_1_30' title="bbox 421 1605 1999 1683">
    <p class='ocr_par' dir='ltr' id='par_1_30' title="bbox 421 1609 1997 1683">
     <span class='ocr_line' id='line_1_30' title="bbox 421 1609 1997 1683; baseline 0.003 -20"><span class='ocrx_word' id='word_1_207' title='bbox 421 1618 529 1664; x_wconf 89' lang='lat' dir='ltr'><strong>tam</strong></span> <span class='ocrx_word' id='word_1_208' title='bbox 558 1609 654 1664; x_wconf 89' lang='lat' dir='ltr'><strong>Dei</strong></span> <span class='ocrx_word' id='word_1_209' title='bbox 681 1610 1093 1666; x_wconf 86' lang='lat' dir='ltr'><strong>inclinationem</strong></span> <span class='ocrx_word' id='word_1_210' title='bbox 1125 1611 1477 1683; x_wconf 83' lang='lat' dir='ltr'><strong>cogitaveris.</strong></span> <span class='ocrx_word' id='word_1_211' title='bbox 1508 1612 1644 1668; x_wconf 90' lang='lat' dir='ltr'><strong>Nam</strong></span> <span class='ocrx_word' id='word_1_212' title='bbox 1673 1613 1729 1666; x_wconf 94' lang='lat' dir='ltr'><strong>in</strong></span> <span class='ocrx_word' id='word_1_213' title='bbox 1752 1612 1857 1667; x_wconf 89' lang='lat' dir='ltr'><strong>hac</strong></span> <span class='ocrx_word' id='word_1_214' title='bbox 1880 1611 1997 1681; x_wconf 91' lang='lat' dir='ltr'><strong>ipsa</strong></span> 
     </span>
    </p>
   </div>
   <div class='ocr_carea' id='block_1_31' title="bbox 2103 1605 3678 1683">
    <p class='ocr_par' dir='ltr' id='par_1_31' title="bbox 2103 1605 3678 1682">
     <span class='ocr_line' id='line_1_31' title="bbox 2103 1605 3678 1682; baseline -0.003 -19"><span class='ocrx_word' id='word_1_215' title='bbox 2103 1611 2370 1682; x_wconf 74' lang='grc' dir='ltr'>τοσαύτην</span> <span class='ocrx_word' id='word_1_216' title='bbox 2400 1608 2494 1663; x_wconf 90' lang='grc' dir='ltr'><strong>τοῦ</strong></span> <span class='ocrx_word' id='word_1_217' title='bbox 2524 1609 2657 1663; x_wconf 88' lang='grc' dir='ltr'>Θεοῦ</span> <span class='ocrx_word' id='word_1_218' title='bbox 2686 1610 2860 1679; x_wconf 88' lang='grc' dir='ltr'>Λόγου</span> <span class='ocrx_word' id='word_1_219' title='bbox 2891 1607 3080 1680; x_wconf 83' lang='grc' dir='ltr'>λογίσῃ</span> <span class='ocrx_word' id='word_1_220' title='bbox 3109 1605 3535 1675; x_wconf 67' lang='grc' dir='ltr'>ωγκατάὸασιν.</span> <span class='ocrx_word' id='word_1_221' title='bbox 3563 1607 3678 1660; x_wconf 82' lang='grc' dir='ltr'><strong>Καὶ</strong></span> 
     </span>
    </p>
   </div>
   <div class='ocr_carea' id='block_1_32' title="bbox 417 1702 1996 1775">
    <p class='ocr_par' dir='ltr' id='par_1_32' title="bbox 417 1702 1996 1775">
     <span class='ocr_line' id='line_1_32' title="bbox 417 1702 1996 1775; baseline 0.003 -22"><span class='ocrx_word' id='word_1_222' title='bbox 417 1709 742 1771; x_wconf 87' lang='lat' dir='ltr'><strong>paupertate</strong></span> <span class='ocrx_word' id='word_1_223' title='bbox 797 1702 1005 1758; x_wconf 68' lang='lat' dir='ltr'><strong>divitia:</strong></span> <span class='ocrx_word' id='word_1_224' title='bbox 1062 1703 1181 1775; x_wconf 85' lang='lat' dir='ltr'><strong>ejus</strong></span> <span class='ocrx_word' id='word_1_225' title='bbox 1234 1702 1541 1758; x_wconf 84' lang='lat' dir='ltr'><strong>divinitatis</strong></span> <span class='ocrx_word' id='word_1_226' title='bbox 1595 1702 1996 1771; x_wconf 87' lang='lat' dir='ltr'><strong>ostenduntur;</strong></span> 
     </span>
    </p>
   </div>
   <div class='ocr_carea' id='block_1_33' title="bbox 415 1793 2000 1867">
    <p class='ocr_par' dir='ltr' id='par_1_33' title="bbox 415 1793 2000 1867">
     <span class='ocr_line' id='line_1_33' title="bbox 415 1793 2000 1867; baseline 0.002 -20"><span class='ocrx_word' id='word_1_227' title='bbox 415 1808 543 1847; x_wconf 91' lang='lat' dir='ltr'><strong>cum</strong></span> <span class='ocrx_word' id='word_1_228' title='bbox 575 1793 731 1848; x_wconf 84' lang='lat' dir='ltr'><strong>stella</strong></span> <span class='ocrx_word' id='word_1_229' title='bbox 768 1793 937 1865; x_wconf 85' lang='lat' dir='ltr'><strong>Magis</strong></span> <span class='ocrx_word' id='word_1_230' title='bbox 962 1794 1232 1850; x_wconf 90' lang='lat' dir='ltr'><strong>indicaret</strong></span> <span class='ocrx_word' id='word_1_231' title='bbox 1257 1810 1582 1867; x_wconf 86' lang='lat' dir='ltr'><strong>pauperem,</strong></span> <span class='ocrx_word' id='word_1_232' title='bbox 1634 1804 1689 1851; x_wconf 92' lang='lat' dir='ltr'><strong>et</strong></span> <span class='ocrx_word' id='word_1_233' title='bbox 1731 1795 2000 1850; x_wconf 88' lang='lat' dir='ltr'><strong>barbaros</strong></span> 
     </span>
    </p>
   </div>
   <div class='ocr_carea' id='block_1_34' title="bbox 416 1884 1998 1956">
    <p class='ocr_par' dir='ltr' id='par_1_34' title="bbox 416 1884 1998 1956">
     <span class='ocr_line' id='line_1_34' title="bbox 416 1884 1998 1956; baseline 0.002 -17"><span class='ocrx_word' id='word_1_234' title='bbox 416 1884 485 1939; x_wconf 91' lang='lat' dir='ltr'><strong>ad</strong></span> <span class='ocrx_word' id='word_1_235' title='bbox 509 1900 752 1955; x_wconf 69' lang='lat' dir='ltr'><strong>przcscpe</strong></span> <span class='ocrx_word' id='word_1_236' title='bbox 784 1885 1047 1956; x_wconf 87' lang='lat' dir='ltr'><strong>pauperis</strong></span> <span class='ocrx_word' id='word_1_237' title='bbox 1076 1885 1379 1942; x_wconf 88' lang='lat' dir='ltr'><strong>adduceret</strong></span> <span class='ocrx_word' id='word_1_238' title='bbox 1397 1887 1463 1940; x_wconf 83' lang='grc'>⁶¹.</span> <span class='ocrx_word' id='word_1_239' title='bbox 1519 1887 1663 1954; x_wconf 89' lang='lat' dir='ltr'><strong>Quin</strong></span> <span class='ocrx_word' id='word_1_240' title='bbox 1696 1888 1863 1942; x_wconf 89' lang='lat' dir='ltr'><strong>etiam</strong></span> <span class='ocrx_word' id='word_1_241' title='bbox 1898 1904 1998 1943; x_wconf 93' lang='lat' dir='ltr'><strong>an-</strong></span> 
     </span>
    </p>
   </div>
   <div class='ocr_carea' id='block_1_35' title="bbox 416 1977 2003 2051">
    <p class='ocr_par' dir='ltr' id='par_1_35' title="bbox 416 1977 2003 2051">
     <span class='ocr_line' id='line_1_35' title="bbox 416 1977 2003 2051; baseline 0.003 -21"><span class='ocrx_word' id='word_1_242' title='bbox 416 1977 522 2047; x_wconf 85' lang='lat' dir='ltr'><strong>geli</strong></span> <span class='ocrx_word' id='word_1_243' title='bbox 548 1977 852 2047; x_wconf 85' lang='lat' dir='ltr'><strong>gaudentes</strong></span> <span class='ocrx_word' id='word_1_244' title='bbox 876 1978 1025 2033; x_wconf 92' lang='lat' dir='ltr'><strong>hunc</strong></span> <span class='ocrx_word' id='word_1_245' title='bbox 1050 1979 1427 2048; x_wconf 66' lang='lat' dir='ltr'><strong>praedicabant</strong></span> <span class='ocrx_word' id='word_1_246' title='bbox 1449 1995 1745 2051; x_wconf 87' lang='lat' dir='ltr'><strong>pauperem</strong></span> <span class='ocrx_word' id='word_1_247' title='bbox 1768 1980 2003 2051; x_wconf 82' lang='lat' dir='ltr'><strong>pastori—</strong></span> 
     </span>
    </p>
   </div>
   <div class='ocr_carea' id='block_1_36' title="bbox 417 2069 2002 2143">
    <p class='ocr_par' dir='ltr' id='par_1_36' title="bbox 417 2069 2002 2143">
     <span class='ocr_line' id='line_1_36' title="bbox 417 2069 2002 2143; baseline 0.001 -20"><span class='ocrx_word' id='word_1_248' title='bbox 417 2069 597 2133; x_wconf 82' lang='lat' dir='ltr'><strong>bus&quot;,</strong></span> <span class='ocrx_word' id='word_1_249' title='bbox 620 2078 883 2123; x_wconf 86' lang='lat' dir='ltr'><strong>canentes</strong></span> <span class='ocrx_word' id='word_1_250' title='bbox 905 2069 1127 2125; x_wconf 90' lang='lat' dir='ltr'><strong>divitias</strong></span> <span class='ocrx_word' id='word_1_251' title='bbox 1150 2070 1457 2125; x_wconf 88' lang='lat' dir='ltr'><strong>divinitatis</strong></span> <span class='ocrx_word' id='word_1_252' title='bbox 1477 2073 1615 2143; x_wconf 86' lang='lat' dir='ltr'><strong>ejus.</strong></span> <span class='ocrx_word' id='word_1_253' title='bbox 1640 2070 1775 2126; x_wconf 87' lang='lat' dir='ltr'><strong>Nam</strong></span> <span class='ocrx_word' id='word_1_254' title='bbox 1792 2080 1848 2126; x_wconf 90' lang='lat' dir='ltr'><strong>et</strong></span> <span class='ocrx_word' id='word_1_255' title='bbox 1863 2071 2002 2143; x_wconf 84' lang='lat' dir='ltr'><strong>Magi</strong></span> 
     </span>
    </p>
   </div>
   <div class='ocr_carea' id='block_1_37' title="bbox 414 2160 1997 2235">
    <p class='ocr_par' dir='ltr' id='par_1_37' title="bbox 414 2160 1997 2235">
     <span class='ocr_line' id='line_1_37' title="bbox 414 2160 1997 2235; baseline 0.002 -19"><span class='ocrx_word' id='word_1_256' title='bbox 414 2161 466 2217; x_wconf 91' lang='lat' dir='ltr'><strong>ei</strong></span> <span class='ocrx_word' id='word_1_257' title='bbox 500 2161 595 2230; x_wconf 91' lang='lat' dir='ltr'><strong>qui</strong></span> <span class='ocrx_word' id='word_1_258' title='bbox 638 2160 933 2216; x_wconf 85' lang='lat' dir='ltr'><strong>videbatur</strong></span> <span class='ocrx_word' id='word_1_259' title='bbox 985 2163 1114 2218; x_wconf 87' lang='lat' dir='ltr'><strong>thus</strong></span> <span class='ocrx_word' id='word_1_260' title='bbox 1152 2163 1478 2218; x_wconf 89' lang='lat' dir='ltr'><strong>obtulerunt</strong></span> <span class='ocrx_word' id='word_1_261' title='bbox 1512 2171 1773 2235; x_wconf 84' lang='lat' dir='ltr'><strong>tanquam</strong></span> <span class='ocrx_word' id='word_1_262' title='bbox 1801 2164 1911 2218; x_wconf 91' lang='lat' dir='ltr'><strong>Deo</strong></span> <span class='ocrx_word' id='word_1_263' title='bbox 1932 2164 1997 2228; x_wconf 78' lang='lat'><strong>“,</strong></span> 
     </span>
    </p>
   </div>
   <div class='ocr_carea' id='block_1_38' title="bbox 415 2255 2001 2325">
    <p class='ocr_par' dir='ltr' id='par_1_38' title="bbox 415 2255 2001 2325">
     <span class='ocr_line' id='line_1_38' title="bbox 415 2255 2001 2325; baseline 0.001 -19"><span class='ocrx_word' id='word_1_264' title='bbox 415 2268 524 2307; x_wconf 89' lang='lat' dir='ltr'><strong>non</strong></span> <span class='ocrx_word' id='word_1_265' title='bbox 550 2260 868 2323; x_wconf 88' lang='lat' dir='ltr'><strong>separautes</strong></span> <span class='ocrx_word' id='word_1_266' title='bbox 893 2260 1148 2308; x_wconf 91' lang='lat' dir='ltr'><strong>naturam</strong></span> <span class='ocrx_word' id='word_1_267' title='bbox 1172 2262 1444 2323; x_wconf 60' lang='lat' dir='ltr'><strong>amatura,</strong></span> <span class='ocrx_word' id='word_1_268' title='bbox 1471 2269 1650 2325; x_wconf 89' lang='lat' dir='ltr'><strong>neque</strong></span> <span class='ocrx_word' id='word_1_269' title='bbox 1672 2255 2001 2324; x_wconf 86' lang='lat' dir='ltr'><strong>cogitatione</strong></span> 
     </span>
    </p>
   </div>
   <div class='ocr_carea' id='block_1_39' title="bbox 414 2344 2002 2413">
    <p class='ocr_par' dir='ltr' id='par_1_39' title="bbox 414 2344 2002 2413">
     <span class='ocr_line' id='line_1_39' title="bbox 414 2344 2002 2413; baseline 0 -15"><span class='ocrx_word' id='word_1_270' title='bbox 414 2344 723 2399; x_wconf 84' lang='lat' dir='ltr'><strong>dividentes</strong></span> <span class='ocrx_word' id='word_1_271' title='bbox 756 2344 901 2413; x_wconf 91' lang='lat' dir='ltr'><strong>quod</strong></span> <span class='ocrx_word' id='word_1_272' title='bbox 926 2346 1098 2399; x_wconf 89' lang='lat' dir='ltr'><strong>semel</strong></span> <span class='ocrx_word' id='word_1_273' title='bbox 1126 2345 1344 2399; x_wconf 87' lang='lat' dir='ltr'><strong>unitum</strong></span> <span class='ocrx_word' id='word_1_274' title='bbox 1367 2352 1453 2399; x_wconf 89' lang='lat' dir='ltr'><strong>est</strong></span> <span class='ocrx_word' id='word_1_275' title='bbox 1482 2363 1493 2398; x_wconf 89' lang='lat'><strong>:</strong></span> <span class='ocrx_word' id='word_1_276' title='bbox 1522 2346 1617 2400; x_wconf 90' lang='lat' dir='ltr'><strong>sed</strong></span> <span class='ocrx_word' id='word_1_277' title='bbox 1642 2346 1810 2400; x_wconf 87' lang='lat' dir='ltr'><strong>semel</strong></span> <span class='ocrx_word' id='word_1_278' title='bbox 1836 2344 2002 2399; x_wconf 89' lang='lat' dir='ltr'><strong>mira-</strong></span> 
     </span>
    </p>
   </div>
   <div class='ocr_carea' id='block_1_40' title="bbox 414 2433 2000 2504">
    <p class='ocr_par' dir='ltr' id='par_1_40' title="bbox 414 2433 2000 2504">
     <span class='ocr_line' id='line_1_40' title="bbox 414 2433 2000 2504; baseline 0.001 -17"><span class='ocrx_word' id='word_1_279' title='bbox 414 2435 539 2488; x_wconf 89' lang='lat' dir='ltr'><strong>culo</strong></span> <span class='ocrx_word' id='word_1_280' title='bbox 575 2448 701 2488; x_wconf 89' lang='lat' dir='ltr'><strong>cum</strong></span> <span class='ocrx_word' id='word_1_281' title='bbox 731 2434 826 2503; x_wconf 89' lang='lat' dir='ltr'><strong>qui</strong></span> <span class='ocrx_word' id='word_1_282' title='bbox 859 2434 1159 2504; x_wconf 89' lang='lat' dir='ltr'><strong>apparebat</strong></span> <span class='ocrx_word' id='word_1_283' title='bbox 1193 2442 1485 2488; x_wconf 90' lang='lat' dir='ltr'><strong>noscentes</strong></span> <span class='ocrx_word' id='word_1_284' title='bbox 1510 2435 1704 2496; x_wconf 88' lang='lat' dir='ltr'><strong>Deum,</strong></span> <span class='ocrx_word' id='word_1_285' title='bbox 1740 2434 1866 2488; x_wconf 90' lang='lat' dir='ltr'><strong>thus</strong></span> <span class='ocrx_word' id='word_1_286' title='bbox 1897 2433 2000 2488; x_wconf 91' lang='lat' dir='ltr'><strong>ob-</strong></span> 
     </span>
    </p>
   </div>
   <div class='ocr_carea' id='block_1_41' title="bbox 416 2522 1997 2593">
    <p class='ocr_par' dir='ltr' id='par_1_41' title="bbox 416 2522 1997 2593">
     <span class='ocr_line' id='line_1_41' title="bbox 416 2522 1997 2593; baseline 0.001 -17"><span class='ocrx_word' id='word_1_287' title='bbox 416 2524 681 2586; x_wconf 87' lang='lat' dir='ltr'><strong>tulerunt,</strong></span> <span class='ocrx_word' id='word_1_288' title='bbox 716 2538 783 2579; x_wconf 91' lang='lat' dir='ltr'><strong>eo</strong></span> <span class='ocrx_word' id='word_1_289' title='bbox 803 2538 1032 2579; x_wconf 86' lang='lat' dir='ltr'><strong>munere</strong></span> <span class='ocrx_word' id='word_1_290' title='bbox 1052 2523 1294 2582; x_wconf 88' lang='lat' dir='ltr'><strong>divinam</strong></span> <span class='ocrx_word' id='word_1_291' title='bbox 1318 2522 1643 2593; x_wconf 89' lang='lat' dir='ltr'><strong>dignitatem</strong></span> <span class='ocrx_word' id='word_1_292' title='bbox 1668 2523 1997 2579; x_wconf 87' lang='lat' dir='ltr'><strong>indicantes.</strong></span> 
     </span>
    </p>
   </div>
   <div class='ocr_carea' id='block_1_42' title="bbox 414 2615 2003 2687">
    <p class='ocr_par' dir='ltr' id='par_1_42' title="bbox 414 2615 2003 2687">
     <span class='ocr_line' id='line_1_42' title="bbox 414 2615 2003 2687; baseline 0 -18"><span class='ocrx_word' id='word_1_293' title='bbox 414 2617 484 2669; x_wconf 82' lang='lat' dir='ltr'><strong>At</strong></span> <span class='ocrx_word' id='word_1_294' title='bbox 515 2631 695 2685; x_wconf 88' lang='lat' dir='ltr'><strong>neque</strong></span> <span class='ocrx_word' id='word_1_295' title='bbox 740 2615 919 2685; x_wconf 86' lang='lat' dir='ltr'><strong>angeli</strong></span> <span class='ocrx_word' id='word_1_296' title='bbox 966 2621 1058 2668; x_wconf 90' lang='lat' dir='ltr'><strong>tua</strong></span> <span class='ocrx_word' id='word_1_297' title='bbox 1090 2615 1181 2670; x_wconf 90' lang='lat' dir='ltr'><strong>illa</strong></span> <span class='ocrx_word' id='word_1_298' title='bbox 1215 2615 1406 2670; x_wconf 90' lang='lat' dir='ltr'><strong>subtili</strong></span> <span class='ocrx_word' id='word_1_299' title='bbox 1431 2615 1815 2687; x_wconf 85' lang='lat' dir='ltr'><strong>intelligentia,</strong></span> <span class='ocrx_word' id='word_1_300' title='bbox 1853 2615 2003 2685; x_wconf 91' lang='lat' dir='ltr'><strong>quod</strong></span> 
     </span>
    </p>
   </div>
   <div class='ocr_carea' id='block_1_43' title="bbox 415 2706 2002 2778">
    <p class='ocr_par' dir='ltr' id='par_1_43' title="bbox 415 2706 2002 2778">
     <span class='ocr_line' id='line_1_43' title="bbox 415 2706 2002 2778; baseline 0.001 -17"><span class='ocrx_word' id='word_1_301' title='bbox 415 2717 608 2763; x_wconf 87' lang='lat' dir='ltr'><strong>natum</strong></span> <span class='ocrx_word' id='word_1_302' title='bbox 653 2716 758 2773; x_wconf 89' lang='lat' dir='ltr'><strong>est,</strong></span> <span class='ocrx_word' id='word_1_303' title='bbox 807 2723 838 2761; x_wconf 91' lang='lat' dir='ltr'><strong>a</strong></span> <span class='ocrx_word' id='word_1_304' title='bbox 885 2706 999 2761; x_wconf 91' lang='lat' dir='ltr'><strong>Deo</strong></span> <span class='ocrx_word' id='word_1_305' title='bbox 1024 2707 1207 2762; x_wconf 82' lang='lat' dir='ltr'><strong>Verbo</strong></span> <span class='ocrx_word' id='word_1_306' title='bbox 1246 2714 1679 2778; x_wconf 88' lang='lat' dir='ltr'><strong>separaverunt;</strong></span> <span class='ocrx_word' id='word_1_307' title='bbox 1718 2707 1815 2762; x_wconf 90' lang='lat' dir='ltr'><strong>sed</strong></span> <span class='ocrx_word' id='word_1_308' title='bbox 1844 2723 2002 2762; x_wconf 87' lang='lat' dir='ltr'><strong>eum-</strong></span> 
     </span>
    </p>
   </div>
   <div class='ocr_carea' id='block_1_44' title="bbox 368 2798 2000 2870">
    <p class='ocr_par' dir='ltr' id='par_1_44' title="bbox 368 2798 2000 2870">
     <span class='ocr_line' id='line_1_44' title="bbox 368 2798 2000 2870; baseline 0.001 -18"><span class='ocrx_word' id='word_1_309' title='bbox 368 2834 371 2835; x_wconf 51' lang='grc' dir='ltr'><strong>ν</strong></span> <span class='ocrx_word' id='word_1_310' title='bbox 415 2799 539 2853; x_wconf 89' lang='lat' dir='ltr'><strong>dem</strong></span> <span class='ocrx_word' id='word_1_311' title='bbox 562 2815 682 2854; x_wconf 88' lang='lat' dir='ltr'><strong>esse</strong></span> <span class='ocrx_word' id='word_1_312' title='bbox 706 2799 965 2863; x_wconf 90' lang='lat' dir='ltr'><strong>scientes,</strong></span> <span class='ocrx_word' id='word_1_313' title='bbox 991 2799 1085 2870; x_wconf 88' lang='lat' dir='ltr'><strong>qui</strong></span> <span class='ocrx_word' id='word_1_314' title='bbox 1103 2808 1158 2854; x_wconf 86' lang='lat' dir='ltr'><strong>et</strong></span> <span class='ocrx_word' id='word_1_315' title='bbox 1174 2800 1480 2864; x_wconf 88' lang='lat' dir='ltr'><strong>videretur,</strong></span> <span class='ocrx_word' id='word_1_316' title='bbox 1502 2806 1558 2853; x_wconf 89' lang='lat' dir='ltr'><strong>et</strong></span> <span class='ocrx_word' id='word_1_317' title='bbox 1580 2798 2000 2870; x_wconf 86' lang='lat' dir='ltr'><strong>intelligeretur,</strong></span> 
     </span>
    </p>
   </div>
   <div class='ocr_carea' id='block_1_45' title="bbox 415 2889 2003 2956">
    <p class='ocr_par' dir='ltr' id='par_1_45' title="bbox 415 2889 2003 2956">
     <span class='ocr_line' id='line_1_45' title="bbox 415 2889 2003 2956; baseline 0.001 -13"><span class='ocrx_word' id='word_1_318' title='bbox 415 2890 727 2944; x_wconf 86' lang='lat' dir='ltr'><strong>clamabant</strong></span> <span class='ocrx_word' id='word_1_319' title='bbox 765 2889 1016 2943; x_wconf 88' lang='lat' dir='ltr'><strong>dicentes</strong></span> <span class='ocrx_word' id='word_1_320' title='bbox 1050 2907 1063 2944; x_wconf 90' lang='lat'>:</span> <span class='ocrx_word' id='word_1_321' title='bbox 1102 2908 1121 2941; x_wconf 73' lang='grc' dir='ltr'><strong>ι</strong></span> <span class='ocrx_word' id='word_1_322' title='bbox 1150 2890 1333 2945; x_wconf 87' lang='lat' dir='ltr'><strong>Gloria</strong></span> <span class='ocrx_word' id='word_1_323' title='bbox 1357 2890 1411 2943; x_wconf 93' lang='lat' dir='ltr'><strong>in</strong></span> <span class='ocrx_word' id='word_1_324' title='bbox 1433 2890 1665 2945; x_wconf 78' lang='lat' dir='ltr'><strong>excelsis</strong></span> <span class='ocrx_word' id='word_1_325' title='bbox 1700 2892 1834 2956; x_wconf 89' lang='lat' dir='ltr'><strong>Deo,</strong></span> <span class='ocrx_word' id='word_1_326' title='bbox 1866 2898 1923 2945; x_wconf 90' lang='lat' dir='ltr'><strong>et</strong></span> <span class='ocrx_word' id='word_1_327' title='bbox 1947 2893 2003 2945; x_wconf 92' lang='lat' dir='ltr'><strong>in</strong></span> 
     </span>
    </p>
   </div>
   <div class='ocr_carea' id='block_1_46' title="bbox 2104 1696 3679 1773">
    <p class='ocr_par' dir='ltr' id='par_1_46' title="bbox 2104 1696 3679 1773">
     <span class='ocr_line' id='line_1_46' title="bbox 2104 1696 3679 1773; baseline -0.004 -17"><span class='ocrx_word' id='word_1_328' title='bbox 2104 1702 2213 1773; x_wconf 82' lang='grc' dir='ltr'><strong>γάρ</strong></span> <span class='ocrx_word' id='word_1_329' title='bbox 2240 1703 2297 1756; x_wconf 82' lang='grc' dir='ltr'>ὲν</span> <span class='ocrx_word' id='word_1_330' title='bbox 2327 1701 2499 1773; x_wconf 80' lang='grc' dir='ltr'>ταύτῃ</span> <span class='ocrx_word' id='word_1_331' title='bbox 2537 1704 2604 1772; x_wconf 81' lang='grc' dir='ltr'>τῇ</span> <span class='ocrx_word' id='word_1_332' title='bbox 2635 1701 2876 1771; x_wconf 76' lang='grc' dir='ltr'>πτωχείᾳ</span> <span class='ocrx_word' id='word_1_333' title='bbox 2903 1702 2930 1753; x_wconf 85' lang='grc' dir='ltr'><strong>ὁ</strong></span> <span class='ocrx_word' id='word_1_334' title='bbox 2960 1699 3189 1762; x_wconf 85' lang='grc' dir='ltr'>πλοῦτος</span> <span class='ocrx_word' id='word_1_335' title='bbox 3216 1696 3379 1752; x_wconf 81' lang='grc' dir='ltr'>αὐτοῦ</span> <span class='ocrx_word' id='word_1_336' title='bbox 3413 1697 3512 1766; x_wconf 73' lang='grc' dir='ltr'>τῆς</span> <span class='ocrx_word' id='word_1_337' title='bbox 3555 1696 3679 1751; x_wconf 87' lang='grc' dir='ltr'>θεό-</span> 
     </span>
    </p>
   </div>
   <div class='ocr_carea' id='block_1_47' title="bbox 2101 1785 3678 1862">
    <p class='ocr_par' dir='ltr' id='par_1_47' title="bbox 2101 1785 3678 1862">
     <span class='ocr_line' id='line_1_47' title="bbox 2101 1785 3678 1862; baseline -0.004 -18"><span class='ocrx_word' id='word_1_338' title='bbox 2101 1808 2262 1862; x_wconf 87' lang='grc' dir='ltr'>τητος</span> <span class='ocrx_word' id='word_1_339' title='bbox 2291 1790 2586 1854; x_wconf 83' lang='grc' dir='ltr'><strong>δείκνυται,</strong></span> <span class='ocrx_word' id='word_1_340' title='bbox 2621 1788 2850 1859; x_wconf 86' lang='grc' dir='ltr'>ἀστέρος</span> <span class='ocrx_word' id='word_1_341' title='bbox 2885 1790 2998 1852; x_wconf 84' lang='grc' dir='ltr'>τοῖς</span> <span class='ocrx_word' id='word_1_342' title='bbox 3039 1788 3233 1859; x_wconf 81' lang='grc' dir='ltr'>μάγοις</span> <span class='ocrx_word' id='word_1_343' title='bbox 3260 1785 3545 1856; x_wconf 81' lang='grc' dir='ltr'>δηλοῦντος</span> <span class='ocrx_word' id='word_1_344' title='bbox 3582 1786 3678 1839; x_wconf 79' lang='grc' dir='ltr'><strong>τὸν</strong></span> 
     </span>
    </p>
   </div>
   <div class='ocr_carea' id='block_1_48' title="bbox 2103 1866 3679 1954">
    <p class='ocr_par' dir='ltr' id='par_1_48' title="bbox 2103 1866 3679 1954">
     <span class='ocr_line' id='line_1_48' title="bbox 2103 1866 3679 1954; baseline -0.004 -19"><span class='ocrx_word' id='word_1_345' title='bbox 2103 1866 2331 1954; x_wconf 81' lang='grc' dir='ltr'>πένητα,</span> <span class='ocrx_word' id='word_1_346' title='bbox 2371 1882 2466 1939; x_wconf 73' lang='grc' dir='ltr'>καὶ</span> <span class='ocrx_word' id='word_1_347' title='bbox 2490 1882 2615 1945; x_wconf 79' lang='grc' dir='ltr'>τοὺς</span> <span class='ocrx_word' id='word_1_348' title='bbox 2643 1880 2950 1953; x_wconf 77' lang='grc' dir='ltr'>βαρῦάρους</span> <span class='ocrx_word' id='word_1_349' title='bbox 2978 1881 3199 1949; x_wconf 77' lang='grc' dir='ltr'>ἄγοντος</span> <span class='ocrx_word' id='word_1_350' title='bbox 3228 1879 3319 1932; x_wconf 77' lang='grc' dir='ltr'>ἐπὶ</span> <span class='ocrx_word' id='word_1_351' title='bbox 3349 1880 3446 1948; x_wconf 84' lang='grc' dir='ltr'>τὴν</span> <span class='ocrx_word' id='word_1_352' title='bbox 3468 1878 3679 1948; x_wconf 82' lang='grc' dir='ltr'>φάτνην</span> 
     </span>
    </p>
   </div>
   <div class='ocr_carea' id='block_1_49' title="bbox 2101 1970 3677 2047">
    <p class='ocr_par' dir='ltr' id='par_1_49' title="bbox 2101 1970 3677 2047">
     <span class='ocr_line' id='line_1_49' title="bbox 2101 1970 3677 2047; baseline -0.003 -18"><span class='ocrx_word' id='word_1_353' title='bbox 2101 1976 2196 2029; x_wconf 89' lang='grc' dir='ltr'><strong>τοῦ</strong></span> <span class='ocrx_word' id='word_1_354' title='bbox 2226 1975 2477 2047; x_wconf 80' lang='grc' dir='ltr'>πένητος.</span> <span class='ocrx_word' id='word_1_355' title='bbox 2521 1974 2683 2027; x_wconf 87' lang='grc' dir='ltr'>Ἀλλά</span> <span class='ocrx_word' id='word_1_356' title='bbox 2714 1973 2810 2027; x_wconf 76' lang='grc' dir='ltr'><strong>καὶ</strong></span> <span class='ocrx_word' id='word_1_357' title='bbox 2847 1975 2894 2027; x_wconf 86' lang='grc' dir='ltr'>οἱ</span> <span class='ocrx_word' id='word_1_358' title='bbox 2923 1972 3142 2042; x_wconf 77' lang='grc' dir='ltr'>ἄγγελοι</span> <span class='ocrx_word' id='word_1_359' title='bbox 3183 1970 3461 2042; x_wconf 80' lang='grc' dir='ltr'>χαίροντες</span> <span class='ocrx_word' id='word_1_360' title='bbox 3485 1970 3677 2024; x_wconf 80' lang='grc' dir='ltr'>τοῦτον</span> 
     </span>
    </p>
   </div>
   <div class='ocr_carea' id='block_1_50' title="bbox 2104 2062 3680 2139">
    <p class='ocr_par' dir='ltr' id='par_1_50' title="bbox 2104 2062 3680 2139">
     <span class='ocr_line' id='line_1_50' title="bbox 2104 2062 3680 2139; baseline -0.003 -17"><span class='ocrx_word' id='word_1_361' title='bbox 2104 2067 2437 2139; x_wconf 85' lang='grc' dir='ltr'>ἀνηγόρευον</span> <span class='ocrx_word' id='word_1_362' title='bbox 2486 2066 2578 2121; x_wconf 80' lang='grc' dir='ltr'><strong>τὸν</strong></span> <span class='ocrx_word' id='word_1_363' title='bbox 2614 2066 2828 2136; x_wconf 81' lang='grc' dir='ltr'>πτωχὸν</span> <span class='ocrx_word' id='word_1_364' title='bbox 2868 2062 2980 2129; x_wconf 74' lang='grc' dir='ltr'>τοῖς</span> <span class='ocrx_word' id='word_1_365' title='bbox 3020 2062 3294 2135; x_wconf 83' lang='grc' dir='ltr'>ποιμέσιν,</span> <span class='ocrx_word' id='word_1_366' title='bbox 3322 2063 3537 2135; x_wconf 77' lang='grc' dir='ltr'>ᾅδοντες</span> <span class='ocrx_word' id='word_1_367' title='bbox 3582 2064 3680 2117; x_wconf 79' lang='grc' dir='ltr'><strong>τὸν</strong></span> 
     </span>
    </p>
   </div>
   <div class='ocr_carea' id='block_1_51' title="bbox 2102 2151 3679 2227">
    <p class='ocr_par' dir='ltr' id='par_1_51' title="bbox 2102 2151 3679 2227">
     <span class='ocr_line' id='line_1_51' title="bbox 2102 2151 3679 2227; baseline -0.005 -15"><span class='ocrx_word' id='word_1_368' title='bbox 2102 2157 2337 2215; x_wconf 83' lang='grc' dir='ltr'>πλοῦτον</span> <span class='ocrx_word' id='word_1_369' title='bbox 2368 2155 2533 2213; x_wconf 81' lang='grc' dir='ltr'>αὐτοῦ</span> <span class='ocrx_word' id='word_1_370' title='bbox 2573 2156 2675 2227; x_wconf 81' lang='grc' dir='ltr'>τῆς</span> <span class='ocrx_word' id='word_1_371' title='bbox 2705 2155 2977 2227; x_wconf 83' lang='grc' dir='ltr'>θεότητος.</span> <span class='ocrx_word' id='word_1_372' title='bbox 3012 2154 3124 2208; x_wconf 85' lang='lat' dir='ltr'><strong>Kal</strong></span> <span class='ocrx_word' id='word_1_373' title='bbox 3156 2154 3263 2224; x_wconf 81' lang='grc' dir='ltr'>γὰρ</span> <span class='ocrx_word' id='word_1_374' title='bbox 3293 2155 3342 2206; x_wconf 86' lang='grc' dir='ltr'>οἱ</span> <span class='ocrx_word' id='word_1_375' title='bbox 3393 2152 3555 2223; x_wconf 89' lang='grc' dir='ltr'>μάγοι</span> <span class='ocrx_word' id='word_1_376' title='bbox 3596 2151 3679 2222; x_wconf 82' lang='grc' dir='ltr'>τῷ</span> 
     </span>
    </p>
   </div>
   <div class='ocr_carea' id='block_1_52' title="bbox 2105 2242 3679 2321">
    <p class='ocr_par' dir='ltr' id='par_1_52' title="bbox 2105 2242 3679 2321">
     <span class='ocr_line' id='line_1_52' title="bbox 2105 2242 3679 2321; baseline -0.005 -18"><span class='ocrx_word' id='word_1_377' title='bbox 2105 2250 2418 2321; x_wconf 79' lang='grc' dir='ltr'>φαινομένῳ</span> <span class='ocrx_word' id='word_1_378' title='bbox 2460 2248 2552 2303; x_wconf 83' lang='grc' dir='ltr'><strong>τὸν</strong></span> <span class='ocrx_word' id='word_1_379' title='bbox 2598 2247 2817 2304; x_wconf 80' lang='grc' dir='ltr'>λίϐανον</span> <span class='ocrx_word' id='word_1_380' title='bbox 2869 2245 3274 2317; x_wconf 86' lang='grc' dir='ltr'>προσεκόμισαν</span> <span class='ocrx_word' id='word_1_381' title='bbox 3314 2242 3386 2307; x_wconf 86' lang='grc' dir='ltr'>ὡς</span> <span class='ocrx_word' id='word_1_382' title='bbox 3436 2243 3582 2314; x_wconf 79' lang='grc' dir='ltr'>Θεῷ-</span> <span class='ocrx_word' id='word_1_383' title='bbox 3610 2244 3679 2296; x_wconf 78' lang='grc' dir='ltr'><strong>οὐ</strong></span> 
     </span>
    </p>
   </div>
   <div class='ocr_carea' id='block_1_53' title="bbox 2102 2335 3679 2412">
    <p class='ocr_par' dir='ltr' id='par_1_53' title="bbox 2102 2335 3679 2412">
     <span class='ocr_line' id='line_1_53' title="bbox 2102 2335 3679 2412; baseline -0.006 -17"><span class='ocrx_word' id='word_1_384' title='bbox 2102 2342 2413 2406; x_wconf 84' lang='grc' dir='ltr'>διῖστῶντες</span> <span class='ocrx_word' id='word_1_385' title='bbox 2462 2341 2564 2412; x_wconf 84' lang='grc' dir='ltr'>τὴν,</span> <span class='ocrx_word' id='word_1_386' title='bbox 2611 2340 2771 2409; x_wconf 81' lang='grc' dir='ltr'>φύσιν</span> <span class='ocrx_word' id='word_1_387' title='bbox 2818 2337 2918 2408; x_wconf 73' lang='grc' dir='ltr'>τῆς</span> <span class='ocrx_word' id='word_1_388' title='bbox 2965 2335 3197 2405; x_wconf 85' lang='grc' dir='ltr'>φύσεως,</span> <span class='ocrx_word' id='word_1_389' title='bbox 3239 2336 3358 2389; x_wconf 77' lang='grc' dir='ltr'>οὐδὲ</span> <span class='ocrx_word' id='word_1_390' title='bbox 3410 2335 3679 2397; x_wconf 75' lang='grc' dir='ltr'>ἐπινοίαις</span> 
     </span>
    </p>
   </div>
   <div class='ocr_carea' id='block_1_54' title="bbox 2101 2424 3679 2505">
    <p class='ocr_par' dir='ltr' id='par_1_54' title="bbox 2101 2424 3679 2505">
     <span class='ocr_line' id='line_1_54' title="bbox 2101 2424 3679 2505; baseline -0.006 -20"><span class='ocrx_word' id='word_1_391' title='bbox 2101 2433 2392 2503; x_wconf 81' lang='grc' dir='ltr'>τέμνοντες</span> <span class='ocrx_word' id='word_1_392' title='bbox 2423 2433 2515 2485; x_wconf 76' lang='grc' dir='ltr'><strong>τὸν</strong></span> <span class='ocrx_word' id='word_1_393' title='bbox 2540 2430 2821 2502; x_wconf 79' lang='grc' dir='ltr'>ἡνωμένον</span> <span class='ocrx_word' id='word_1_394' title='bbox 2840 2447 2852 2462; x_wconf 74' lang='grc' dir='ltr'><strong><em>ο</em></strong></span> <span class='ocrx_word' id='word_1_395' title='bbox 2882 2428 2996 2505; x_wconf 84' lang='grc' dir='ltr'>ἀλλ’</span> <span class='ocrx_word' id='word_1_396' title='bbox 3031 2426 3177 2491; x_wconf 81' lang='grc' dir='ltr'>ἅπαξ</span> <span class='ocrx_word' id='word_1_397' title='bbox 3211 2426 3287 2496; x_wconf 82' lang='grc' dir='ltr'><strong>τῷ</strong></span> <span class='ocrx_word' id='word_1_398' title='bbox 3323 2424 3561 2495; x_wconf 83' lang='grc' dir='ltr'>θαύματι</span> <span class='ocrx_word' id='word_1_399' title='bbox 3584 2425 3679 2476; x_wconf 74' lang='grc' dir='ltr'>τὸν</span> 
     </span>
    </p>
   </div>
   <div class='ocr_carea' id='block_1_55' title="bbox 2106 2516 3680 2595">
    <p class='ocr_par' dir='ltr' id='par_1_55' title="bbox 2106 2516 3680 2595">
     <span class='ocr_line' id='line_1_55' title="bbox 2106 2516 3680 2595; baseline -0.006 -18"><span class='ocrx_word' id='word_1_400' title='bbox 2106 2524 2439 2595; x_wconf 83' lang='grc' dir='ltr'>φαινόμενον</span> <span class='ocrx_word' id='word_1_401' title='bbox 2469 2522 2672 2585; x_wconf 82' lang='grc' dir='ltr'>εἰδότες</span> <span class='ocrx_word' id='word_1_402' title='bbox 2703 2521 2836 2575; x_wconf 81' lang='grc' dir='ltr'>Θεὸν</span> <span class='ocrx_word' id='word_1_403' title='bbox 2866 2519 3238 2592; x_wconf 81' lang='grc' dir='ltr'>προσφέρουσι</span> <span class='ocrx_word' id='word_1_404' title='bbox 3266 2517 3500 2578; x_wconf 77' lang='grc' dir='ltr'>λίϐανον,</span> <span class='ocrx_word' id='word_1_405' title='bbox 3525 2516 3680 2587; x_wconf 74' lang='grc' dir='ltr'>αὐτῷ</span> 
     </span>
    </p>
   </div>
   <div class='ocr_carea' id='block_1_56' title="bbox 2103 2606 3680 2684">
    <p class='ocr_par' dir='ltr' id='par_1_56' title="bbox 2103 2606 3680 2684">
     <span class='ocr_line' id='line_1_56' title="bbox 2103 2606 3680 2684; baseline -0.006 -18"><span class='ocrx_word' id='word_1_406' title='bbox 2103 2613 2277 2684; x_wconf 86' lang='grc' dir='ltr'>τούτῳ</span> <span class='ocrx_word' id='word_1_407' title='bbox 2323 2612 2513 2680; x_wconf 79' lang='grc' dir='ltr'>θεῖκὴν</span> <span class='ocrx_word' id='word_1_408' title='bbox 2560 2612 2718 2677; x_wconf 85' lang='grc' dir='ltr'>ἀξίαν</span> <span class='ocrx_word' id='word_1_409' title='bbox 2766 2610 3065 2683; x_wconf 81' lang='grc' dir='ltr'>κρίνοντες.</span> <span class='ocrx_word' id='word_1_410' title='bbox 3107 2608 3241 2662; x_wconf 81' lang='grc' dir='ltr'>Οὐδὲ</span> <span class='ocrx_word' id='word_1_411' title='bbox 3288 2606 3506 2674; x_wconf 81' lang='grc' dir='ltr'>ἄγγελοι</span> <span class='ocrx_word' id='word_1_412' title='bbox 3553 2607 3680 2669; x_wconf 80' lang='grc' dir='ltr'>ταῖς</span> 
     </span>
    </p>
   </div>
   <div class='ocr_carea' id='block_1_57' title="bbox 2105 2697 3679 2771">
    <p class='ocr_par' dir='ltr' id='par_1_57' title="bbox 2105 2697 3679 2771">
     <span class='ocr_line' id='line_1_57' title="bbox 2105 2697 3679 2771; baseline -0.004 -15"><span class='ocrx_word' id='word_1_413' title='bbox 2105 2703 2368 2766; x_wconf 82' lang='grc' dir='ltr'>ἐπινοίαις</span> <span class='ocrx_word' id='word_1_414' title='bbox 2414 2705 2535 2766; x_wconf 88' lang='grc' dir='ltr'>ταῖς</span> <span class='ocrx_word' id='word_1_415' title='bbox 2565 2702 2708 2757; x_wconf 88' lang='grc' dir='ltr'><strong>κατά</strong></span> <span class='ocrx_word' id='word_1_416' title='bbox 2748 2702 2807 2755; x_wconf 83' lang='grc' dir='ltr'><strong>σὲ</strong></span> <span class='ocrx_word' id='word_1_417' title='bbox 2859 2701 2921 2755; x_wconf 82' lang='grc' dir='ltr'><strong>τὸ</strong></span> <span class='ocrx_word' id='word_1_418' title='bbox 2964 2699 3153 2771; x_wconf 84' lang='grc' dir='ltr'>τεχθὲν</span> <span class='ocrx_word' id='word_1_419' title='bbox 3197 2697 3290 2752; x_wconf 89' lang='grc' dir='ltr'><strong>τοῦ</strong></span> <span class='ocrx_word' id='word_1_420' title='bbox 3325 2697 3459 2751; x_wconf 81' lang='grc' dir='ltr'>Θεοῦ</span> <span class='ocrx_word' id='word_1_421' title='bbox 3498 2698 3679 2765; x_wconf 85' lang='grc' dir='ltr'>Λόγου</span> 
     </span>
    </p>
   </div>
   <div class='ocr_carea' id='block_1_58' title="bbox 2104 2789 3677 2867">
    <p class='ocr_par' dir='ltr' id='par_1_58' title="bbox 2104 2789 3677 2867">
     <span class='ocr_line' id='line_1_58' title="bbox 2104 2789 3677 2867; baseline -0.004 -18"><span class='ocrx_word' id='word_1_422' title='bbox 2104 2796 2419 2867; x_wconf 86' lang='grc' dir='ltr'>διέστησαν·</span> <span class='ocrx_word' id='word_1_423' title='bbox 2451 2795 2566 2847; x_wconf 83' lang='grc' dir='ltr'>ἀλλ’</span> <span class='ocrx_word' id='word_1_424' title='bbox 2591 2795 2687 2849; x_wconf 72' lang='grc' dir='ltr'><strong>ἕνα</strong></span> <span class='ocrx_word' id='word_1_425' title='bbox 2717 2794 2810 2847; x_wconf 76' lang='grc' dir='ltr'><strong>καὶ</strong></span> <span class='ocrx_word' id='word_1_426' title='bbox 2837 2795 2927 2846; x_wconf 80' lang='grc' dir='ltr'>τὸν</span> <span class='ocrx_word' id='word_1_427' title='bbox 2954 2792 3114 2847; x_wconf 81' lang='grc' dir='ltr'>αὐτὸν</span> <span class='ocrx_word' id='word_1_428' title='bbox 3144 2790 3366 2857; x_wconf 84' lang='grc' dir='ltr'>εἰδότες,</span> <span class='ocrx_word' id='word_1_429' title='bbox 3404 2792 3499 2844; x_wconf 77' lang='grc' dir='ltr'>καὶ</span> <span class='ocrx_word' id='word_1_430' title='bbox 3532 2789 3677 2860; x_wconf 82' lang='grc' dir='ltr'>ὁρώ-</span> 
     </span>
    </p>
   </div>
   <div class='ocr_carea' id='block_1_59' title="bbox 2109 2884 3678 2957">
    <p class='ocr_par' dir='ltr' id='par_1_59' title="bbox 2109 2884 3678 2957">
     <span class='ocr_line' id='line_1_59' title="bbox 2109 2884 3678 2957; baseline -0.003 -16"><span class='ocrx_word' id='word_1_431' title='bbox 2109 2904 2291 2957; x_wconf 88' lang='grc' dir='ltr'>μενον,</span> <span class='ocrx_word' id='word_1_432' title='bbox 2334 2888 2429 2940; x_wconf 73' lang='grc' dir='ltr'><strong>καὶ</strong></span> <span class='ocrx_word' id='word_1_433' title='bbox 2477 2887 2788 2957; x_wconf 89' lang='grc' dir='ltr'>νοούμενον,</span> <span class='ocrx_word' id='word_1_434' title='bbox 2835 2885 3004 2938; x_wconf 76' lang='grc' dir='ltr'>ἐϐόων</span> <span class='ocrx_word' id='word_1_435' title='bbox 3048 2886 3336 2953; x_wconf 86' lang='grc' dir='ltr'>λέγοντες·</span> <span class='ocrx_word' id='word_1_436' title='bbox 3366 2902 3386 2936; x_wconf 74' lang='grc' dir='ltr'><strong>ι</strong></span> <span class='ocrx_word' id='word_1_437' title='bbox 3435 2884 3572 2949; x_wconf 82' lang='grc' dir='ltr'>Δόξα</span> <span class='ocrx_word' id='word_1_438' title='bbox 3620 2886 3678 2936; x_wconf 77' lang='grc' dir='ltr'>ἐν</span> 
     </span>
    </p>
   </div>
   <div class='ocr_carea' id='block_1_60' title="bbox 415 2976 1999 3061">
    <p class='ocr_par' dir='ltr' id='par_1_60' title="bbox 415 2980 1999 3051">
     <span class='ocr_line' id='line_1_60' title="bbox 415 2980 1999 3051; baseline -0.002 -16"><span class='ocrx_word' id='word_1_439' title='bbox 415 2991 562 3035; x_wconf 88' lang='lat' dir='ltr'><strong>terra</strong></span> <span class='ocrx_word' id='word_1_440' title='bbox 587 2997 723 3051; x_wconf 87' lang='lat' dir='ltr'><strong>pax;</strong></span> <span class='ocrx_word' id='word_1_441' title='bbox 756 2981 811 3033; x_wconf 90' lang='lat' dir='ltr'><strong>in</strong></span> <span class='ocrx_word' id='word_1_442' title='bbox 840 2980 1162 3034; x_wconf 87' lang='lat' dir='ltr'><strong>hominibus</strong></span> <span class='ocrx_word' id='word_1_443' title='bbox 1196 2981 1339 3033; x_wconf 88' lang='lat' dir='ltr'><strong>bona</strong></span> <span class='ocrx_word' id='word_1_444' title='bbox 1362 2981 1620 3033; x_wconf 89' lang='lat' dir='ltr'><strong>voluntas</strong></span> <span class='ocrx_word' id='word_1_445' title='bbox 1638 2980 1714 3045; x_wconf 62' lang='grc' dir='ltr'>ἰς</span> <span class='ocrx_word' id='word_1_446' title='bbox 1743 2999 1761 3031; x_wconf 80' lang='grc' dir='ltr'><strong>ι</strong></span> <span class='ocrx_word' id='word_1_447' title='bbox 1804 2990 1861 3034; x_wconf 91' lang='lat' dir='ltr'><strong>et</strong></span> <span class='ocrx_word' id='word_1_448' title='bbox 1888 2995 1999 3033; x_wconf 90' lang='lat' dir='ltr'><strong>non</strong></span> 
     </span>
    </p>
   </div>
   <div class='ocr_carea' id='block_1_61' title="bbox 2103 2976 3679 3061">
    <p class='ocr_par' dir='ltr' id='par_1_61' title="bbox 2106 2976 3679 3048">
     <span class='ocr_line' id='line_1_61' title="bbox 2106 2976 3679 3048; baseline 0.001 -18"><span class='ocrx_word' id='word_1_449' title='bbox 2106 2979 2349 3047; x_wconf 71' lang='grc' dir='ltr'>ὑψίστοις</span> <span class='ocrx_word' id='word_1_450' title='bbox 2393 2977 2532 3048; x_wconf 82' lang='grc' dir='ltr'>Θεῷ,</span> <span class='ocrx_word' id='word_1_451' title='bbox 2578 2979 2673 3033; x_wconf 77' lang='lat' dir='ltr'><strong>xal</strong></span> <span class='ocrx_word' id='word_1_452' title='bbox 2702 2978 2794 3033; x_wconf 74' lang='grc' dir='ltr'><strong>ἐπὶ</strong></span> <span class='ocrx_word' id='word_1_453' title='bbox 2845 2978 2949 3046; x_wconf 81' lang='grc' dir='ltr'>γῆς</span> <span class='ocrx_word' id='word_1_454' title='bbox 2998 2977 3212 3048; x_wconf 73' lang='grc' dir='ltr'>εἰρήνη,</span> <span class='ocrx_word' id='word_1_455' title='bbox 3261 2978 3322 3030; x_wconf 81' lang='grc' dir='ltr'><strong>ἐν</strong></span> <span class='ocrx_word' id='word_1_456' title='bbox 3369 2976 3679 3047; x_wconf 73' lang='grc' dir='ltr'>ἀνθρώποις</span> 
     </span>
    </p>
   </div>
   <div class='ocr_carea' id='block_1_62' title="bbox 414 3068 2000 3140">
    <p class='ocr_par' dir='ltr' id='par_1_62' title="bbox 414 3068 2000 3140">
     <span class='ocr_line' id='line_1_62' title="bbox 414 3068 2000 3140; baseline -0.003 -14"><span class='ocrx_word' id='word_1_457' title='bbox 414 3072 519 3127; x_wconf 83' lang='lat' dir='ltr'><strong>alia</strong></span> <span class='ocrx_word' id='word_1_458' title='bbox 543 3071 766 3140; x_wconf 88' lang='lat' dir='ltr'><strong>quidem</strong></span> <span class='ocrx_word' id='word_1_459' title='bbox 792 3071 1063 3133; x_wconf 88' lang='lat' dir='ltr'><strong>dicentes,</strong></span> <span class='ocrx_word' id='word_1_460' title='bbox 1087 3077 1148 3123; x_wconf 90' lang='lat' dir='ltr'><strong>ut</strong></span> <span class='ocrx_word' id='word_1_461' title='bbox 1171 3069 1287 3138; x_wconf 90' lang='lat' dir='ltr'><strong>ipse</strong></span> <span class='ocrx_word' id='word_1_462' title='bbox 1312 3068 1466 3133; x_wconf 80' lang='lat' dir='ltr'><strong>facis,</strong></span> <span class='ocrx_word' id='word_1_463' title='bbox 1491 3069 1797 3138; x_wconf 85' lang='lat' dir='ltr'><strong>cogitantes</strong></span> <span class='ocrx_word' id='word_1_464' title='bbox 1816 3077 2000 3122; x_wconf 89' lang='lat' dir='ltr'><strong>autem</strong></span> 
     </span>
    </p>
   </div>
   <div class='ocr_carea' id='block_1_63' title="bbox 415 3156 2001 3227">
    <p class='ocr_par' dir='ltr' id='par_1_63' title="bbox 415 3156 2001 3227">
     <span class='ocr_line' id='line_1_63' title="bbox 415 3156 2001 3227; baseline -0.002 -14"><span class='ocrx_word' id='word_1_465' title='bbox 415 3159 553 3223; x_wconf 83' lang='lat' dir='ltr'><strong>alia;</strong></span> <span class='ocrx_word' id='word_1_466' title='bbox 598 3167 655 3213; x_wconf 89' lang='lat' dir='ltr'><strong>et</strong></span> <span class='ocrx_word' id='word_1_467' title='bbox 678 3158 866 3213; x_wconf 82' lang='lat' dir='ltr'><strong>verbis</strong></span> <span class='ocrx_word' id='word_1_468' title='bbox 887 3157 1112 3227; x_wconf 89' lang='lat' dir='ltr'><strong>quidem</strong></span> <span class='ocrx_word' id='word_1_469' title='bbox 1160 3156 1490 3212; x_wconf 85' lang='lat' dir='ltr'><strong>conﬁtentes</strong></span> <span class='ocrx_word' id='word_1_470' title='bbox 1518 3172 1691 3210; x_wconf 90' lang='lat' dir='ltr'><strong>unum</strong></span> <span class='ocrx_word' id='word_1_471' title='bbox 1720 3156 2001 3210; x_wconf 86' lang='lat' dir='ltr'><strong>Christum</strong></span> 
     </span>
    </p>
   </div>
   <div class='ocr_carea' id='block_1_64' title="bbox 412 3246 2001 3321">
    <p class='ocr_par' dir='ltr' id='par_1_64' title="bbox 412 3246 2001 3321">
     <span class='ocr_line' id='line_1_64' title="bbox 412 3246 2001 3321; baseline -0.003 -16"><span class='ocrx_word' id='word_1_472' title='bbox 412 3250 618 3314; x_wconf 80' lang='lat' dir='ltr'><strong>Jcsum,</strong></span> <span class='ocrx_word' id='word_1_473' title='bbox 639 3248 973 3321; x_wconf 90' lang='lat' dir='ltr'><strong>cogitatione</strong></span> <span class='ocrx_word' id='word_1_474' title='bbox 996 3256 1181 3303; x_wconf 88' lang='lat' dir='ltr'><strong>autem</strong></span> <span class='ocrx_word' id='word_1_475' title='bbox 1203 3246 1517 3302; x_wconf 90' lang='lat' dir='ltr'><strong>dividentes</strong></span> <span class='ocrx_word' id='word_1_476' title='bbox 1536 3246 1814 3310; x_wconf 90' lang='lat' dir='ltr'><strong>eumdem,</strong></span> <span class='ocrx_word' id='word_1_477' title='bbox 1841 3246 2001 3301; x_wconf 90' lang='lat' dir='ltr'><strong>sicuti</strong></span> 
     </span>
    </p>
   </div>
   <div class='ocr_carea' id='block_1_65' title="bbox 414 3337 2001 3409">
    <p class='ocr_par' dir='ltr' id='par_1_65' title="bbox 414 3337 2001 3409">
     <span class='ocr_line' id='line_1_65' title="bbox 414 3337 2001 3409; baseline -0.003 -14"><span class='ocrx_word' id='word_1_478' title='bbox 414 3351 495 3406; x_wconf 90' lang='lat' dir='ltr'><strong>tu,</strong></span> <span class='ocrx_word' id='word_1_479' title='bbox 541 3356 735 3395; x_wconf 85' lang='lat' dir='ltr'><strong>sensus</strong></span> <span class='ocrx_word' id='word_1_480' title='bbox 775 3340 985 3394; x_wconf 83' lang='lat' dir='ltr'><strong>habens</strong></span> <span class='ocrx_word' id='word_1_481' title='bbox 1033 3346 1406 3409; x_wconf 86' lang='lat' dir='ltr'><strong>repugnantes</strong></span> <span class='ocrx_word' id='word_1_482' title='bbox 1430 3339 1648 3404; x_wconf 88' lang='lat' dir='ltr'><strong>verbis;</strong></span> <span class='ocrx_word' id='word_1_483' title='bbox 1696 3337 1805 3392; x_wconf 82' lang='lat' dir='ltr'><strong>sed</strong></span> <span class='ocrx_word' id='word_1_484' title='bbox 1829 3352 2001 3392; x_wconf 90' lang='lat' dir='ltr'><strong>unum</strong></span> 
     </span>
    </p>
   </div>
   <div class='ocr_carea' id='block_1_66' title="bbox 413 3430 2001 3502">
    <p class='ocr_par' dir='ltr' id='par_1_66' title="bbox 413 3430 2001 3502">
     <span class='ocr_line' id='line_1_66' title="bbox 413 3430 2001 3502; baseline 0 -17"><span class='ocrx_word' id='word_1_485' title='bbox 413 3432 781 3502; x_wconf 82' lang='lat' dir='ltr'><strong>eumdcmque</strong></span> <span class='ocrx_word' id='word_1_486' title='bbox 812 3430 1121 3501; x_wconf 82' lang='lat' dir='ltr'><strong>gloriﬁcant</strong></span> <span class='ocrx_word' id='word_1_487' title='bbox 1140 3430 1333 3483; x_wconf 90' lang='lat' dir='ltr'><strong>Deum.</strong></span> <span class='ocrx_word' id='word_1_488' title='bbox 1361 3430 1503 3499; x_wconf 87' lang='lat' dir='ltr'><strong>Ergo</strong></span> <span class='ocrx_word' id='word_1_489' title='bbox 1529 3437 1585 3485; x_wconf 90' lang='lat' dir='ltr'><strong>et</strong></span> <span class='ocrx_word' id='word_1_490' title='bbox 1602 3430 1656 3484; x_wconf 91' lang='lat' dir='ltr'><strong>in</strong></span> <span class='ocrx_word' id='word_1_491' title='bbox 1678 3438 2001 3500; x_wconf 88' lang='lat' dir='ltr'><strong>paupertate</strong></span> 
     </span>
    </p>
   </div>
   <div class='ocr_carea' id='block_1_67' title="bbox 412 3522 2003 3594">
    <p class='ocr_par' dir='ltr' id='par_1_67' title="bbox 412 3522 2003 3594">
     <span class='ocr_line' id='line_1_67' title="bbox 412 3522 2003 3594; baseline -0.001 -17"><span class='ocrx_word' id='word_1_492' title='bbox 412 3533 471 3580; x_wconf 84' lang='lat' dir='ltr'><strong>et</strong></span> <span class='ocrx_word' id='word_1_493' title='bbox 496 3524 551 3579; x_wconf 91' lang='lat' dir='ltr'><strong>in</strong></span> <span class='ocrx_word' id='word_1_494' title='bbox 574 3523 805 3594; x_wconf 70' lang='lat' dir='ltr'><strong>praesepi</strong></span> <span class='ocrx_word' id='word_1_495' title='bbox 836 3523 1053 3577; x_wconf 87' lang='lat' dir='ltr'><strong>cunctis</strong></span> <span class='ocrx_word' id='word_1_496' title='bbox 1090 3522 1409 3592; x_wconf 88' lang='lat' dir='ltr'><strong>apparebat.</strong></span> <span class='ocrx_word' id='word_1_497' title='bbox 1448 3523 1749 3591; x_wconf 89' lang='lat' dir='ltr'><strong>Propterea</strong></span> <span class='ocrx_word' id='word_1_498' title='bbox 1778 3531 1834 3576; x_wconf 91' lang='lat' dir='ltr'><strong>ct</strong></span> <span class='ocrx_word' id='word_1_499' title='bbox 1869 3538 2003 3592; x_wconf 78' lang='lat' dir='ltr'><strong>pan-</strong></span> 
     </span>
    </p>
   </div>
   <div class='ocr_carea' id='block_1_68' title="bbox 414 3612 2001 3684">
    <p class='ocr_par' dir='ltr' id='par_1_68' title="bbox 414 3612 2001 3684">
     <span class='ocr_line' id='line_1_68' title="bbox 414 3612 2001 3684; baseline -0.001 -15"><span class='ocrx_word' id='word_1_500' title='bbox 414 3615 500 3669; x_wconf 80' lang='lat' dir='ltr'><strong>nis</strong></span> <span class='ocrx_word' id='word_1_501' title='bbox 551 3615 833 3669; x_wconf 87' lang='lat' dir='ltr'><strong>involutus</strong></span> <span class='ocrx_word' id='word_1_502' title='bbox 860 3623 967 3678; x_wconf 84' lang='lat' dir='ltr'><strong>est,</strong></span> <span class='ocrx_word' id='word_1_503' title='bbox 1022 3623 1079 3668; x_wconf 92' lang='lat' dir='ltr'><strong>et</strong></span> <span class='ocrx_word' id='word_1_504' title='bbox 1122 3613 1192 3667; x_wconf 88' lang='lat' dir='ltr'><strong>ab</strong></span> <span class='ocrx_word' id='word_1_505' title='bbox 1220 3612 1431 3684; x_wconf 86' lang='lat' dir='ltr'><strong>angelis</strong></span> <span class='ocrx_word' id='word_1_506' title='bbox 1453 3613 1822 3684; x_wconf 85' lang='lat' dir='ltr'><strong>gloritieatus;</strong></span> <span class='ocrx_word' id='word_1_507' title='bbox 1857 3619 1913 3670; x_wconf 90' lang='lat' dir='ltr'><strong>et</strong></span> <span class='ocrx_word' id='word_1_508' title='bbox 1946 3614 2001 3668; x_wconf 91' lang='lat' dir='ltr'><strong>in</strong></span> 
     </span>
    </p>
   </div>
   <div class='ocr_carea' id='block_1_69' title="bbox 412 3704 2002 3776">
    <p class='ocr_par' dir='ltr' id='par_1_69' title="bbox 412 3704 2002 3776">
     <span class='ocr_line' id='line_1_69' title="bbox 412 3704 2002 3776; baseline 0.001 -19"><span class='ocrx_word' id='word_1_509' title='bbox 412 3705 646 3776; x_wconf 63' lang='lat' dir='ltr'><strong>praesepi</strong></span> <span class='ocrx_word' id='word_1_510' title='bbox 677 3706 914 3775; x_wconf 89' lang='lat' dir='ltr'><strong>positus,</strong></span> <span class='ocrx_word' id='word_1_511' title='bbox 971 3712 1028 3759; x_wconf 87' lang='lat' dir='ltr'><strong>et</strong></span> <span class='ocrx_word' id='word_1_512' title='bbox 1083 3721 1115 3760; x_wconf 90' lang='lat' dir='ltr'><strong>a</strong></span> <span class='ocrx_word' id='word_1_513' title='bbox 1167 3704 1323 3759; x_wconf 88' lang='lat' dir='ltr'><strong>stella</strong></span> <span class='ocrx_word' id='word_1_514' title='bbox 1357 3704 1746 3771; x_wconf 90' lang='lat' dir='ltr'><strong>denuntiatus;</strong></span> <span class='ocrx_word' id='word_1_515' title='bbox 1784 3721 1893 3760; x_wconf 91' lang='lat' dir='ltr'><strong>non</strong></span> <span class='ocrx_word' id='word_1_516' title='bbox 1928 3706 2002 3760; x_wconf 89' lang='lat' dir='ltr'><strong>ita</strong></span> 
     </span>
    </p>
   </div>
   <div class='ocr_carea' id='block_1_70' title="bbox 414 3796 2001 3868">
    <p class='ocr_par' dir='ltr' id='par_1_70' title="bbox 414 3796 2001 3868">
     <span class='ocr_line' id='line_1_70' title="bbox 414 3796 2001 3868; baseline 0.001 -20"><span class='ocrx_word' id='word_1_517' title='bbox 414 3806 476 3852; x_wconf 83' lang='lat' dir='ltr'><strong>ut</strong></span> <span class='ocrx_word' id='word_1_518' title='bbox 507 3797 666 3853; x_wconf 86' lang='lat' dir='ltr'><strong>stella</strong></span> <span class='ocrx_word' id='word_1_519' title='bbox 711 3796 779 3851; x_wconf 88' lang='lat' dir='ltr'><strong>ad</strong></span> <span class='ocrx_word' id='word_1_520' title='bbox 807 3797 991 3868; x_wconf 86' lang='lat' dir='ltr'><strong>Magos</strong></span> <span class='ocrx_word' id='word_1_521' title='bbox 1023 3796 1396 3862; x_wconf 87' lang='lat' dir='ltr'><strong>descenderit,</strong></span> <span class='ocrx_word' id='word_1_522' title='bbox 1444 3812 1624 3866; x_wconf 89' lang='lat' dir='ltr'><strong>neque</strong></span> <span class='ocrx_word' id='word_1_523' title='bbox 1649 3797 1796 3851; x_wconf 90' lang='lat' dir='ltr'><strong>enim</strong></span> <span class='ocrx_word' id='word_1_524' title='bbox 1829 3796 2001 3851; x_wconf 69' lang='lat' dir='ltr'><strong>stcllm</strong></span> 
     </span>
    </p>
   </div>
   <div class='ocr_carea' id='block_1_71' title="bbox 413 3888 2001 3960">
    <p class='ocr_par' dir='ltr' id='par_1_71' title="bbox 413 3888 2001 3960">
     <span class='ocr_line' id='line_1_71' title="bbox 413 3888 2001 3960; baseline 0 -17"><span class='ocrx_word' id='word_1_525' title='bbox 413 3890 532 3943; x_wconf 80' lang='lat' dir='ltr'><strong>loca</strong></span> <span class='ocrx_word' id='word_1_526' title='bbox 576 3897 918 3943; x_wconf 89' lang='lat' dir='ltr'><strong>commutant</strong></span> <span class='ocrx_word' id='word_1_527' title='bbox 956 3906 970 3943; x_wconf 91' lang='lat'><strong>:</strong></span> <span class='ocrx_word' id='word_1_528' title='bbox 1009 3889 1129 3954; x_wconf 90' lang='lat' dir='ltr'><strong>sed,</strong></span> <span class='ocrx_word' id='word_1_529' title='bbox 1161 3888 1421 3960; x_wconf 91' lang='lat' dir='ltr'><strong>quoniam</strong></span> <span class='ocrx_word' id='word_1_530' title='bbox 1449 3888 1830 3945; x_wconf 67' lang='lat' dir='ltr'><strong>Chaldaeorum</strong></span> <span class='ocrx_word' id='word_1_531' title='bbox 1856 3897 2001 3944; x_wconf 88' lang='lat' dir='ltr'><strong>terra</strong></span> 
     </span>
    </p>
   </div>
   <div class='ocr_carea' id='block_1_72' title="bbox 414 3980 2003 4050">
    <p class='ocr_par' dir='ltr' id='par_1_72' title="bbox 414 3980 2003 4050">
     <span class='ocr_line' id='line_1_72' title="bbox 414 3980 2003 4050; baseline 0.001 -15"><span class='ocrx_word' id='word_1_532' title='bbox 414 3980 682 4049; x_wconf 83' lang='lat' dir='ltr'><strong>plurimos</strong></span> <span class='ocrx_word' id='word_1_533' title='bbox 707 3980 874 4034; x_wconf 89' lang='lat' dir='ltr'><strong>habet</strong></span> <span class='ocrx_word' id='word_1_534' title='bbox 906 3980 1189 4035; x_wconf 90' lang='lat' dir='ltr'><strong>stellarum</strong></span> <span class='ocrx_word' id='word_1_535' title='bbox 1212 3990 1397 4036; x_wconf 88' lang='lat' dir='ltr'><strong>motus</strong></span> <span class='ocrx_word' id='word_1_536' title='bbox 1421 3980 1801 4050; x_wconf 89' lang='lat' dir='ltr'><strong>inspicientes,</strong></span> <span class='ocrx_word' id='word_1_537' title='bbox 1824 3981 2003 4036; x_wconf 89' lang='lat' dir='ltr'><strong>virtus</strong></span> 
     </span>
    </p>
   </div>
   <div class='ocr_carea' id='block_1_73' title="bbox 413 4072 2003 4144">
    <p class='ocr_par' dir='ltr' id='par_1_73' title="bbox 413 4072 2003 4144">
     <span class='ocr_line' id='line_1_73' title="bbox 413 4072 2003 4144; baseline -0.001 -17"><span class='ocrx_word' id='word_1_538' title='bbox 413 4072 660 4142; x_wconf 73' lang='lat' dir='ltr'><strong>quaedam</strong></span> <span class='ocrx_word' id='word_1_539' title='bbox 682 4073 1034 4142; x_wconf 71' lang='lat' dir='ltr'><strong>pra-stantior</strong></span> <span class='ocrx_word' id='word_1_540' title='bbox 1054 4072 1335 4129; x_wconf 87' lang='lat' dir='ltr'><strong>deducens</strong></span> <span class='ocrx_word' id='word_1_541' title='bbox 1357 4073 1539 4144; x_wconf 84' lang='lat' dir='ltr'><strong>Magos</strong></span> <span class='ocrx_word' id='word_1_542' title='bbox 1561 4073 1855 4142; x_wconf 88' lang='lat' dir='ltr'><strong>assumpsit</strong></span> <span class='ocrx_word' id='word_1_543' title='bbox 1871 4073 2003 4127; x_wconf 86' lang='lat' dir='ltr'><strong>stel-</strong></span> 
     </span>
    </p>
   </div>
   <div class='ocr_carea' id='block_1_74' title="bbox 414 4162 1999 4235">
    <p class='ocr_par' dir='ltr' id='par_1_74' title="bbox 414 4162 1999 4235">
     <span class='ocr_line' id='line_1_74' title="bbox 414 4162 1999 4235; baseline -0.003 -15"><span class='ocrx_word' id='word_1_544' title='bbox 414 4167 477 4220; x_wconf 66' lang='lat' dir='ltr'><strong>lae</strong></span> <span class='ocrx_word' id='word_1_545' title='bbox 502 4164 762 4235; x_wconf 90' lang='lat' dir='ltr'><strong>speciem,</strong></span> <span class='ocrx_word' id='word_1_546' title='bbox 808 4170 870 4216; x_wconf 88' lang='lat' dir='ltr'><strong>ut</strong></span> <span class='ocrx_word' id='word_1_547' title='bbox 899 4162 968 4217; x_wconf 90' lang='lat' dir='ltr'><strong>ab</strong></span> <span class='ocrx_word' id='word_1_548' title='bbox 998 4162 1065 4217; x_wconf 87' lang='lat' dir='ltr'><strong>iis</strong></span> <span class='ocrx_word' id='word_1_549' title='bbox 1086 4163 1224 4233; x_wconf 91' lang='lat' dir='ltr'><strong>ipsis</strong></span> <span class='ocrx_word' id='word_1_550' title='bbox 1246 4179 1370 4233; x_wconf 59' lang='lat' dir='ltr'><strong>qua:</strong></span> <span class='ocrx_word' id='word_1_551' title='bbox 1394 4162 1707 4218; x_wconf 87' lang='lat' dir='ltr'><strong>didicerant</strong></span> <span class='ocrx_word' id='word_1_552' title='bbox 1736 4162 1999 4227; x_wconf 62' lang='lat' dir='ltr'><strong>Chaldaei,</strong></span> 
     </span>
    </p>
   </div>
   <div class='ocr_carea' id='block_1_75' title="bbox 413 4254 2001 4327">
    <p class='ocr_par' dir='ltr' id='par_1_75' title="bbox 413 4254 2001 4327">
     <span class='ocr_line' id='line_1_75' title="bbox 413 4254 2001 4327; baseline 0.001 -19"><span class='ocrx_word' id='word_1_553' title='bbox 413 4257 561 4327; x_wconf 76' lang='lat' dir='ltr'><strong>quod</strong></span> <span class='ocrx_word' id='word_1_554' title='bbox 600 4254 925 4309; x_wconf 88' lang='lat' dir='ltr'><strong>nesciebant</strong></span> <span class='ocrx_word' id='word_1_555' title='bbox 956 4262 1356 4326; x_wconf 68' lang='lat' dir='ltr'><strong>agnoscerent;</strong></span> <span class='ocrx_word' id='word_1_556' title='bbox 1413 4261 1621 4310; x_wconf 91' lang='lat' dir='ltr'><strong>etcum</strong></span> <span class='ocrx_word' id='word_1_557' title='bbox 1649 4256 2001 4310; x_wconf 73' lang='lat' dir='ltr'><strong>astronomiae</strong></span> 
     </span>
    </p>
   </div>
   <div class='ocr_carea' id='block_1_76' title="bbox 2104 3068 3681 3138">
    <p class='ocr_par' dir='ltr' id='par_1_76' title="bbox 2104 3068 3681 3138">
     <span class='ocr_line' id='line_1_76' title="bbox 2104 3068 3681 3138; baseline -0.001 -14"><span class='ocrx_word' id='word_1_558' title='bbox 2104 3068 2323 3124; x_wconf 85' lang='grc' dir='ltr'>εὐδοκία</span> <span class='ocrx_word' id='word_1_559' title='bbox 2344 3087 2357 3101; x_wconf 76' lang='grc' dir='ltr'><strong>ο</strong></span> <span class='ocrx_word' id='word_1_560' title='bbox 2400 3089 2417 3121; x_wconf 85' lang='grc' dir='ltr'><strong>ι</strong></span> <span class='ocrx_word' id='word_1_561' title='bbox 2454 3070 2545 3123; x_wconf 76' lang='grc' dir='ltr'><strong>καὶ</strong></span> <span class='ocrx_word' id='word_1_562' title='bbox 2575 3071 2674 3122; x_wconf 89' lang='grc' dir='ltr'><strong>οὐκ</strong></span> <span class='ocrx_word' id='word_1_563' title='bbox 2702 3069 2837 3123; x_wconf 77' lang='grc' dir='ltr'>ἄλλα</span> <span class='ocrx_word' id='word_1_564' title='bbox 2861 3068 2960 3138; x_wconf 82' lang='grc' dir='ltr'><strong>μὲν</strong></span> <span class='ocrx_word' id='word_1_565' title='bbox 2991 3068 3241 3137; x_wconf 84' lang='grc' dir='ltr'>λέγοντες</span> <span class='ocrx_word' id='word_1_566' title='bbox 3267 3069 3407 3123; x_wconf 84' lang='grc' dir='ltr'><strong>κατά</strong></span> <span class='ocrx_word' id='word_1_567' title='bbox 3432 3069 3513 3133; x_wconf 83' lang='grc' dir='ltr'><strong>σὲ,</strong></span> <span class='ocrx_word' id='word_1_568' title='bbox 3544 3070 3681 3124; x_wconf 78' lang='grc' dir='ltr'>ἄλλα</span> 
     </span>
    </p>
   </div>
   <div class='ocr_carea' id='block_1_77' title="bbox 2102 3160 3681 3231">
    <p class='ocr_par' dir='ltr' id='par_1_77' title="bbox 2102 3160 3681 3231">
     <span class='ocr_line' id='line_1_77' title="bbox 2102 3160 3681 3231; baseline 0.003 -17"><span class='ocrx_word' id='word_1_569' title='bbox 2102 3163 2158 3214; x_wconf 81' lang='grc' dir='ltr'>δὲ</span> <span class='ocrx_word' id='word_1_570' title='bbox 2203 3161 2579 3224; x_wconf 64' lang='grc' dir='ltr'>ἐπινοοῦντεςυ</span> <span class='ocrx_word' id='word_1_571' title='bbox 2630 3161 2723 3214; x_wconf 70' lang='grc' dir='ltr'><strong>καὶ</strong></span> <span class='ocrx_word' id='word_1_572' title='bbox 2753 3162 2961 3231; x_wconf 78' lang='grc' dir='ltr'>ῥήμασι</span> <span class='ocrx_word' id='word_1_573' title='bbox 3009 3161 3111 3230; x_wconf 40' lang='grc' dir='ltr'>μὲν,</span> <span class='ocrx_word' id='word_1_574' title='bbox 3160 3160 3550 3231; x_wconf 82' lang='grc' dir='ltr'>ὁμολογοῦντες</span> <span class='ocrx_word' id='word_1_575' title='bbox 3581 3162 3681 3219; x_wconf 69' lang='grc' dir='ltr'>ἕνα</span> 
     </span>
    </p>
   </div>
   <div class='ocr_carea' id='block_1_78' title="bbox 2104 3250 3679 3323">
    <p class='ocr_par' dir='ltr' id='par_1_78' title="bbox 2104 3250 3679 3323">
     <span class='ocr_line' id='line_1_78' title="bbox 2104 3250 3679 3323; baseline 0.004 -21"><span class='ocrx_word' id='word_1_576' title='bbox 2104 3251 2339 3321; x_wconf 76' lang='grc' dir='ltr'>Χριστὸν</span> <span class='ocrx_word' id='word_1_577' title='bbox 2384 3250 2611 3321; x_wconf 86' lang='grc' dir='ltr'>Ἰησοῦν,</span> <span class='ocrx_word' id='word_1_578' title='bbox 2647 3252 2863 3323; x_wconf 76' lang='grc' dir='ltr'>ἐπινοίᾳ</span> <span class='ocrx_word' id='word_1_579' title='bbox 2903 3251 2960 3306; x_wconf 66' lang='grc' dir='ltr'>δὲ</span> <span class='ocrx_word' id='word_1_580' title='bbox 2986 3251 3320 3323; x_wconf 82' lang='grc' dir='ltr'>διαιροῦντες</span> <span class='ocrx_word' id='word_1_581' title='bbox 3353 3254 3445 3307; x_wconf 80' lang='grc' dir='ltr'><strong>τὸν</strong></span> <span class='ocrx_word' id='word_1_582' title='bbox 3494 3254 3679 3317; x_wconf 81' lang='grc' dir='ltr'>αὐτὸν,</span> 
     </span>
    </p>
   </div>
   <div class='ocr_carea' id='block_1_79' title="bbox 2103 3341 3677 3417">
    <p class='ocr_par' dir='ltr' id='par_1_79' title="bbox 2103 3341 3677 3417">
     <span class='ocr_line' id='line_1_79' title="bbox 2103 3341 3677 3417; baseline 0.004 -23"><span class='ocrx_word' id='word_1_583' title='bbox 2103 3341 2291 3410; x_wconf 76' lang='grc' dir='ltr'>ὥσπερ</span> <span class='ocrx_word' id='word_1_584' title='bbox 2315 3342 2408 3395; x_wconf 75' lang='grc' dir='ltr'><strong>καὶ</strong></span> <span class='ocrx_word' id='word_1_585' title='bbox 2439 3344 2524 3407; x_wconf 75' lang='grc' dir='ltr'><strong>σὺ,</strong></span> <span class='ocrx_word' id='word_1_586' title='bbox 2549 3342 2756 3405; x_wconf 74' lang='grc' dir='ltr'>ἑννοίας</span> <span class='ocrx_word' id='word_1_587' title='bbox 2780 3341 2920 3413; x_wconf 76' lang='grc' dir='ltr'>ἔχων</span> <span class='ocrx_word' id='word_1_588' title='bbox 2942 3343 3252 3415; x_wconf 80' lang='grc' dir='ltr'>μαχομένας</span> <span class='ocrx_word' id='word_1_589' title='bbox 3266 3348 3379 3408; x_wconf 81' lang='grc' dir='ltr'>τοῖς</span> <span class='ocrx_word' id='word_1_590' title='bbox 3406 3347 3646 3417; x_wconf 72' lang='grc' dir='ltr'>ῥήμασιν</span> <span class='ocrx_word' id='word_1_591' title='bbox 3662 3363 3677 3379; x_wconf 82' lang='lat'>&#39;</span> 
     </span>
    </p>
   </div>
   <div class='ocr_carea' id='block_1_80' title="bbox 2104 3433 3681 3500">
    <p class='ocr_par' dir='ltr' id='par_1_80' title="bbox 2104 3433 3681 3500">
     <span class='ocr_line' id='line_1_80' title="bbox 2104 3433 3681 3500; baseline 0.003 -13"><span class='ocrx_word' id='word_1_592' title='bbox 2104 3433 2239 3487; x_wconf 88' lang='grc' dir='ltr'><strong>ἀλλά</strong></span> <span class='ocrx_word' id='word_1_593' title='bbox 2270 3435 2363 3486; x_wconf 74' lang='grc' dir='ltr'><strong>καὶ</strong></span> <span class='ocrx_word' id='word_1_594' title='bbox 2394 3433 2493 3486; x_wconf 68' lang='grc' dir='ltr'><strong>ἕνα</strong></span> <span class='ocrx_word' id='word_1_595' title='bbox 2533 3434 2627 3487; x_wconf 76' lang='grc' dir='ltr'>καὶ</span> <span class='ocrx_word' id='word_1_596' title='bbox 2662 3433 2752 3486; x_wconf 77' lang='grc' dir='ltr'><strong>τὸν</strong></span> <span class='ocrx_word' id='word_1_597' title='bbox 2778 3434 2940 3487; x_wconf 84' lang='grc' dir='ltr'>αὐτὸν</span> <span class='ocrx_word' id='word_1_598' title='bbox 2980 3433 3263 3500; x_wconf 77' lang='grc' dir='ltr'>δοξάζουσι</span> <span class='ocrx_word' id='word_1_599' title='bbox 3297 3437 3444 3490; x_wconf 82' lang='grc' dir='ltr'>Θεὸν.</span> <span class='ocrx_word' id='word_1_600' title='bbox 3476 3439 3587 3490; x_wconf 82' lang='lat' dir='ltr'><strong>Kal</strong></span> <span class='ocrx_word' id='word_1_601' title='bbox 3620 3440 3681 3491; x_wconf 85' lang='grc' dir='ltr'><strong>έν</strong></span> 
     </span>
    </p>
   </div>
   <div class='ocr_carea' id='block_1_81' title="bbox 2106 3522 3677 3595">
    <p class='ocr_par' dir='ltr' id='par_1_81' title="bbox 2106 3522 3677 3595">
     <span class='ocr_line' id='line_1_81' title="bbox 2106 3522 3677 3595; baseline 0 -19"><span class='ocrx_word' id='word_1_602' title='bbox 2106 3524 2269 3591; x_wconf 77' lang='grc' dir='ltr'>πενίᾳ</span> <span class='ocrx_word' id='word_1_603' title='bbox 2308 3523 2489 3577; x_wconf 87' lang='grc' dir='ltr'>τοίνυν</span> <span class='ocrx_word' id='word_1_604' title='bbox 2520 3522 2615 3576; x_wconf 73' lang='grc' dir='ltr'><strong>καὶ</strong></span> <span class='ocrx_word' id='word_1_605' title='bbox 2654 3523 2711 3575; x_wconf 84' lang='grc' dir='ltr'><strong>ὲν</strong></span> <span class='ocrx_word' id='word_1_606' title='bbox 2747 3522 2922 3595; x_wconf 78' lang='grc' dir='ltr'>φάτνῃ</span> <span class='ocrx_word' id='word_1_607' title='bbox 2952 3524 3062 3587; x_wconf 82' lang='grc' dir='ltr'>τοῖς</span> <span class='ocrx_word' id='word_1_608' title='bbox 3090 3524 3252 3578; x_wconf 82' lang='grc' dir='ltr'>πᾶσιν</span> <span class='ocrx_word' id='word_1_609' title='bbox 3273 3522 3538 3591; x_wconf 82' lang='grc' dir='ltr'>ἐφαίνετο.</span> <span class='ocrx_word' id='word_1_610' title='bbox 3570 3524 3677 3576; x_wconf 73' lang='grc' dir='ltr'>Διά</span> 
     </span>
    </p>
   </div>
   <div class='ocr_carea' id='block_1_82' title="bbox 2104 3612 3671 3683">
    <p class='ocr_par' dir='ltr' id='par_1_82' title="bbox 2104 3612 3671 3683">
     <span class='ocr_line' id='line_1_82' title="bbox 2104 3612 3671 3683; baseline -0.001 -16"><span class='ocrx_word' id='word_1_611' title='bbox 2104 3616 2261 3668; x_wconf 85' lang='grc' dir='ltr'>τοῦτο</span> <span class='ocrx_word' id='word_1_612' title='bbox 2300 3615 2394 3668; x_wconf 71' lang='grc' dir='ltr'>καὶ</span> <span class='ocrx_word' id='word_1_613' title='bbox 2419 3614 2476 3666; x_wconf 81' lang='grc' dir='ltr'>ἐν</span> <span class='ocrx_word' id='word_1_614' title='bbox 2518 3613 2856 3683; x_wconf 81' lang='grc' dir='ltr'>σπαργάνοις</span> <span class='ocrx_word' id='word_1_615' title='bbox 2892 3613 3032 3680; x_wconf 70' lang='grc' dir='ltr'>ἐστὶ,</span> <span class='ocrx_word' id='word_1_616' title='bbox 3066 3613 3161 3668; x_wconf 71' lang='grc' dir='ltr'><strong>καὶ</strong></span> <span class='ocrx_word' id='word_1_617' title='bbox 3185 3613 3281 3666; x_wconf 79' lang='grc' dir='ltr'><strong>ὑπὸ</strong></span> <span class='ocrx_word' id='word_1_618' title='bbox 3314 3612 3554 3681; x_wconf 81' lang='grc' dir='ltr'>ἀγγέλων</span> <span class='ocrx_word' id='word_1_619' title='bbox 3582 3612 3671 3666; x_wconf 81' lang='grc' dir='ltr'>δο-</span> 
     </span>
    </p>
   </div>
   <div class='ocr_carea' id='block_1_83' title="bbox 2105 3702 3668 3775">
    <p class='ocr_par' dir='ltr' id='par_1_83' title="bbox 2105 3702 3668 3775">
     <span class='ocr_line' id='line_1_83' title="bbox 2105 3702 3668 3775; baseline -0.002 -17"><span class='ocrx_word' id='word_1_620' title='bbox 2105 3705 2349 3772; x_wconf 78' lang='grc' dir='ltr'>ξάζεται.</span> <span class='ocrx_word' id='word_1_621' title='bbox 2387 3704 2461 3758; x_wconf 86' lang='grc' dir='ltr'><strong>υύ</strong></span> <span class='ocrx_word' id='word_1_622' title='bbox 2485 3704 2579 3757; x_wconf 87' lang='grc' dir='ltr'><strong>τοῦ</strong></span> <span class='ocrx_word' id='word_1_623' title='bbox 2607 3704 2836 3775; x_wconf 81' lang='grc' dir='ltr'>ἀστέρος</span> <span class='ocrx_word' id='word_1_624' title='bbox 2862 3703 3198 3767; x_wconf 77' lang='grc' dir='ltr'>καταϐάντος</span> <span class='ocrx_word' id='word_1_625' title='bbox 3236 3702 3367 3774; x_wconf 79' lang='grc' dir='ltr'>πρὸς</span> <span class='ocrx_word' id='word_1_626' title='bbox 3397 3703 3521 3766; x_wconf 74' lang='grc' dir='ltr'>τοὺς</span> <span class='ocrx_word' id='word_1_627' title='bbox 3545 3703 3668 3756; x_wconf 73' lang='grc' dir='ltr'><strong>Μά-</strong></span> 
     </span>
    </p>
   </div>
   <div class='ocr_carea' id='block_1_84' title="bbox 2103 3792 3669 3866">
    <p class='ocr_par' dir='ltr' id='par_1_84' title="bbox 2103 3792 3669 3866">
     <span class='ocr_line' id='line_1_84' title="bbox 2103 3792 3669 3866; baseline 0.01 -37"><span class='ocrx_word' id='word_1_628' title='bbox 2103 3813 2232 3864; x_wconf 72' lang='grc' dir='ltr'>γους</span> <span class='ocrx_word' id='word_1_629' title='bbox 2255 3809 2268 3823; x_wconf 91' lang='grc'><strong>.</strong></span> <span class='ocrx_word' id='word_1_630' title='bbox 2296 3793 2420 3847; x_wconf 72' lang='grc' dir='ltr'>οὕτε</span> <span class='ocrx_word' id='word_1_631' title='bbox 2442 3792 2549 3865; x_wconf 83' lang='grc' dir='ltr'>γὰρ</span> <span class='ocrx_word' id='word_1_632' title='bbox 2582 3795 2709 3858; x_wconf 69' lang='grc' dir='ltr'>τοὺς</span> <span class='ocrx_word' id='word_1_633' title='bbox 2743 3794 2939 3858; x_wconf 76' lang='grc' dir='ltr'>τόπους</span> <span class='ocrx_word' id='word_1_634' title='bbox 2975 3794 3292 3864; x_wconf 77' lang='grc' dir='ltr'>ἀμείϐουσιν</span> <span class='ocrx_word' id='word_1_635' title='bbox 3328 3796 3377 3847; x_wconf 89' lang='grc' dir='ltr'><strong>οί</strong></span> <span class='ocrx_word' id='word_1_636' title='bbox 3411 3794 3669 3866; x_wconf 81' lang='grc' dir='ltr'>ἀστέρες-</span> 
     </span>
    </p>
   </div>
   <div class='ocr_carea' id='block_1_85' title="bbox 2104 3888 3676 3962">
    <p class='ocr_par' dir='ltr' id='par_1_85' title="bbox 2104 3888 3676 3962">
     <span class='ocr_line' id='line_1_85' title="bbox 2104 3888 3676 3962; baseline -0.001 -18"><span class='ocrx_word' id='word_1_637' title='bbox 2104 3891 2218 3944; x_wconf 82' lang='grc' dir='ltr'>ἀλλ’</span> <span class='ocrx_word' id='word_1_638' title='bbox 2258 3889 2446 3960; x_wconf 74' lang='grc' dir='ltr'>ἐπειδὴ</span> <span class='ocrx_word' id='word_1_639' title='bbox 2508 3889 2617 3943; x_wconf 83' lang='grc' dir='ltr'>τῶν</span> <span class='ocrx_word' id='word_1_640' title='bbox 2676 3889 2956 3945; x_wconf 79' lang='grc' dir='ltr'>Χαλδαίων</span> <span class='ocrx_word' id='word_1_641' title='bbox 3006 3892 3039 3960; x_wconf 79' lang='grc' dir='ltr'>ὴ</span> <span class='ocrx_word' id='word_1_642' title='bbox 3074 3891 3146 3960; x_wconf 84' lang='grc' dir='ltr'>γῆ</span> <span class='ocrx_word' id='word_1_643' title='bbox 3177 3890 3400 3953; x_wconf 80' lang='grc' dir='ltr'>πολλοὺς</span> <span class='ocrx_word' id='word_1_644' title='bbox 3444 3888 3557 3960; x_wconf 78' lang='grc' dir='ltr'>ἔχει</span> <span class='ocrx_word' id='word_1_645' title='bbox 3604 3895 3676 3962; x_wconf 81' lang='grc' dir='ltr'>τῇ</span> 
     </span>
    </p>
   </div>
   <div class='ocr_carea' id='block_1_86' title="bbox 2105 3980 3673 4054">
    <p class='ocr_par' dir='ltr' id='par_1_86' title="bbox 2105 3980 3673 4054">
     <span class='ocr_line' id='line_1_86' title="bbox 2105 3980 3673 4054; baseline 0.001 -18"><span class='ocrx_word' id='word_1_646' title='bbox 2105 3984 2317 4053; x_wconf 82' lang='grc' dir='ltr'>κινήσει</span> <span class='ocrx_word' id='word_1_647' title='bbox 2363 3980 2477 4039; x_wconf 69' lang='grc' dir='ltr'>τῶν,</span> <span class='ocrx_word' id='word_1_648' title='bbox 2534 3982 2782 4053; x_wconf 83' lang='grc' dir='ltr'>ἀστέρων</span> <span class='ocrx_word' id='word_1_649' title='bbox 2842 3982 3239 4054; x_wconf 86' lang='grc' dir='ltr'>προσέχοντας,</span> <span class='ocrx_word' id='word_1_650' title='bbox 3294 3986 3329 4054; x_wconf 76' lang='grc' dir='ltr'><strong>ἡ</strong></span> <span class='ocrx_word' id='word_1_651' title='bbox 3369 3982 3592 4052; x_wconf 81' lang='grc' dir='ltr'>δύναμις</span> <span class='ocrx_word' id='word_1_652' title='bbox 3636 3986 3673 4054; x_wconf 75' lang='grc' dir='ltr'><strong>ἡ</strong></span> 
     </span>
    </p>
   </div>
   <div class='ocr_carea' id='block_1_87' title="bbox 2104 4073 3677 4147">
    <p class='ocr_par' dir='ltr' id='par_1_87' title="bbox 2104 4073 3677 4147">
     <span class='ocr_line' id='line_1_87' title="bbox 2104 4073 3677 4147; baseline -0.001 -20"><span class='ocrx_word' id='word_1_653' title='bbox 2104 4075 2368 4146; x_wconf 85' lang='grc' dir='ltr'>κρείττων</span> <span class='ocrx_word' id='word_1_654' title='bbox 2413 4073 2682 4144; x_wconf 85' lang='grc' dir='ltr'>όδηγοῦσα</span> <span class='ocrx_word' id='word_1_655' title='bbox 2707 4075 2841 4138; x_wconf 78' lang='grc' dir='ltr'>τοὺς</span> <span class='ocrx_word' id='word_1_656' title='bbox 2873 4074 3115 4142; x_wconf 86' lang='grc' dir='ltr'>Μάγους,</span> <span class='ocrx_word' id='word_1_657' title='bbox 3147 4075 3381 4147; x_wconf 83' lang='grc' dir='ltr'>ἀστέρος</span> <span class='ocrx_word' id='word_1_658' title='bbox 3419 4074 3677 4130; x_wconf 78' lang='grc' dir='ltr'>ἀνέλαϐεν</span> 
     </span>
    </p>
   </div>
   <div class='ocr_carea' id='block_1_88' title="bbox 2107 4158 3678 4237">
    <p class='ocr_par' dir='ltr' id='par_1_88' title="bbox 2107 4158 3678 4237">
     <span class='ocr_line' id='line_1_88' title="bbox 2107 4158 3678 4237; baseline -0.001 -18"><span class='ocrx_word' id='word_1_659' title='bbox 2107 4166 2301 4236; x_wconf 73' lang='grc' dir='ltr'>ἰδίωμα</span> <span class='ocrx_word' id='word_1_660' title='bbox 2323 4180 2336 4193; x_wconf 84' lang='grc'>⁶</span> <span class='ocrx_word' id='word_1_661' title='bbox 2362 4165 2447 4220; x_wconf 83' lang='grc' dir='ltr'><strong>ἵνα</strong></span> <span class='ocrx_word' id='word_1_662' title='bbox 2479 4166 2573 4234; x_wconf 78' lang='grc' dir='ltr'>ἀφ’</span> <span class='ocrx_word' id='word_1_663' title='bbox 2607 4158 2681 4220; x_wconf 86' lang='grc' dir='ltr'>ὧν</span> <span class='ocrx_word' id='word_1_664' title='bbox 2720 4164 2919 4234; x_wconf 79' lang='grc' dir='ltr'>ἔμαθον</span> <span class='ocrx_word' id='word_1_665' title='bbox 2953 4166 3004 4218; x_wconf 80' lang='grc' dir='ltr'>οἱ</span> <span class='ocrx_word' id='word_1_666' title='bbox 3050 4164 3338 4231; x_wconf 81' lang='grc' dir='ltr'>Χαλδαῖοι,</span> <span class='ocrx_word' id='word_1_667' title='bbox 3374 4165 3617 4237; x_wconf 87' lang='grc' dir='ltr'>μάθωσιν</span> <span class='ocrx_word' id='word_1_668' title='bbox 3648 4165 3678 4218; x_wconf 78' lang='grc' dir='ltr'><strong>ὃ</strong></span> 
     </span>
    </p>
   </div>
   <div class='ocr_carea' id='block_1_89' title="bbox 2109 4256 3679 4329">
    <p class='ocr_par' dir='ltr' id='par_1_89' title="bbox 2109 4256 3679 4329">
     <span class='ocr_line' id='line_1_89' title="bbox 2109 4256 3679 4329; baseline 0.001 -21"><span class='ocrx_word' id='word_1_669' title='bbox 2109 4256 2210 4310; x_wconf 89' lang='grc' dir='ltr'><strong>οὐκ</strong></span> <span class='ocrx_word' id='word_1_670' title='bbox 2259 4257 2517 4328; x_wconf 71' lang='grc' dir='ltr'>ᾔδεισανο</span> <span class='ocrx_word' id='word_1_671' title='bbox 2568 4258 2664 4311; x_wconf 71' lang='grc' dir='ltr'><strong>καὶ</strong></span> <span class='ocrx_word' id='word_1_672' title='bbox 2707 4257 3042 4329; x_wconf 78' lang='grc' dir='ltr'>ἀστρονομίᾳ</span> <span class='ocrx_word' id='word_1_673' title='bbox 3070 4257 3451 4329; x_wconf 82' lang='grc' dir='ltr'>προσέχοντες,</span> <span class='ocrx_word' id='word_1_674' title='bbox 3495 4256 3679 4320; x_wconf 78' lang='grc' dir='ltr'>αὐτοῖς</span> 
     </span>
    </p>
   </div>
   <div class='ocr_carea' id='block_1_90' title="bbox 414 4337 1999 4420">
    <p class='ocr_par' dir='ltr' id='par_1_90' title="bbox 414 4345 1999 4418">
     <span class='ocr_line' id='line_1_90' title="bbox 414 4345 1999 4418; baseline 0.001 -19"><span class='ocrx_word' id='word_1_675' title='bbox 414 4348 658 4403; x_wconf 75' lang='lat' dir='ltr'><strong>studium</strong></span> <span class='ocrx_word' id='word_1_676' title='bbox 682 4346 1033 4411; x_wconf 88' lang='lat' dir='ltr'><strong>adhiberent,</strong></span> <span class='ocrx_word' id='word_1_677' title='bbox 1062 4346 1132 4400; x_wconf 89' lang='lat' dir='ltr'><strong>ab</strong></span> <span class='ocrx_word' id='word_1_678' title='bbox 1162 4345 1299 4417; x_wconf 89' lang='lat' dir='ltr'><strong>ipsis</strong></span> <span class='ocrx_word' id='word_1_679' title='bbox 1326 4345 1492 4402; x_wconf 88' lang='lat' dir='ltr'><strong>astris</strong></span> <span class='ocrx_word' id='word_1_680' title='bbox 1514 4345 1717 4401; x_wconf 87' lang='lat' dir='ltr'><strong>Christi</strong></span> <span class='ocrx_word' id='word_1_681' title='bbox 1741 4347 1999 4418; x_wconf 80' lang='lat' dir='ltr'><strong>mysteria</strong></span> 
     </span>
    </p>
   </div>
   <div class='ocr_carea' id='block_1_91' title="bbox 2103 4337 3677 4420">
    <p class='ocr_par' dir='ltr' id='par_1_91' title="bbox 2104 4346 3677 4420">
     <span class='ocr_line' id='line_1_91' title="bbox 2104 4346 3677 4420; baseline 0.002 -21"><span class='ocrx_word' id='word_1_682' title='bbox 2104 4350 2218 4410; x_wconf 83' lang='grc' dir='ltr'>τοῖς</span> <span class='ocrx_word' id='word_1_683' title='bbox 2248 4349 2471 4419; x_wconf 83' lang='grc' dir='ltr'>ἄστροις</span> <span class='ocrx_word' id='word_1_684' title='bbox 2514 4348 2583 4402; x_wconf 85' lang='grc' dir='ltr'>τὰ</span> <span class='ocrx_word' id='word_1_685' title='bbox 2616 4346 2710 4401; x_wconf 89' lang='grc' dir='ltr'><strong>τοῦ</strong></span> <span class='ocrx_word' id='word_1_686' title='bbox 2761 4349 3001 4420; x_wconf 86' lang='grc' dir='ltr'>Χριστοῦ</span> <span class='ocrx_word' id='word_1_687' title='bbox 3052 4348 3343 4419; x_wconf 67' lang='grc' dir='ltr'>δῶαχθῶσι</span> <span class='ocrx_word' id='word_1_688' title='bbox 3380 4349 3677 4419; x_wconf 81' lang='grc' dir='ltr'>μυστήρια.</span> 
     </span>
    </p>
   </div>
   <div class='ocr_carea' id='block_1_92' title="bbox 415 4436 2003 4505">
    <p class='ocr_par' dir='ltr' id='par_1_92' title="bbox 415 4436 2003 4505">
     <span class='ocr_line' id='line_1_92' title="bbox 415 4436 2003 4505; baseline 0.003 -16"><span class='ocrx_word' id='word_1_689' title='bbox 415 4442 772 4494; x_wconf 71' lang='lat' dir='ltr'><strong>docerentur.</strong></span> <span class='ocrx_word' id='word_1_690' title='bbox 809 4437 968 4505; x_wconf 83' lang='lat' dir='ltr'><strong>Quod</strong></span> <span class='ocrx_word' id='word_1_691' title='bbox 994 4437 1144 4492; x_wconf 90' lang='lat' dir='ltr'><strong>enim</strong></span> <span class='ocrx_word' id='word_1_692' title='bbox 1174 4452 1286 4492; x_wconf 92' lang='lat' dir='ltr'><strong>non</strong></span> <span class='ocrx_word' id='word_1_693' title='bbox 1324 4443 1446 4492; x_wconf 88' lang='lat' dir='ltr'><strong>erat</strong></span> <span class='ocrx_word' id='word_1_694' title='bbox 1490 4436 1668 4505; x_wconf 84' lang='lat' dir='ltr'><strong>stella,</strong></span> <span class='ocrx_word' id='word_1_695' title='bbox 1705 4437 1802 4492; x_wconf 89' lang='lat' dir='ltr'><strong>sed</strong></span> <span class='ocrx_word' id='word_1_696' title='bbox 1824 4438 2003 4493; x_wconf 89' lang='lat' dir='ltr'><strong>virtus</strong></span> 
     </span>
    </p>
   </div>
   <div class='ocr_carea' id='block_1_93' title="bbox 415 4528 2002 4603">
    <p class='ocr_par' dir='ltr' id='par_1_93' title="bbox 415 4528 2002 4603">
     <span class='ocr_line' id='line_1_93' title="bbox 415 4528 2002 4603; baseline 0.002 -20"><span class='ocrx_word' id='word_1_697' title='bbox 415 4530 662 4602; x_wconf 76' lang='lat' dir='ltr'><strong>angelica</strong></span> <span class='ocrx_word' id='word_1_698' title='bbox 694 4529 906 4585; x_wconf 87' lang='lat' dir='ltr'><strong>ducens</strong></span> <span class='ocrx_word' id='word_1_699' title='bbox 931 4528 1198 4585; x_wconf 87' lang='lat' dir='ltr'><strong>barbaros</strong></span> <span class='ocrx_word' id='word_1_700' title='bbox 1221 4528 1291 4583; x_wconf 86' lang='lat' dir='ltr'><strong>ad</strong></span> <span class='ocrx_word' id='word_1_701' title='bbox 1316 4528 1600 4600; x_wconf 88' lang='lat' dir='ltr'><strong>pietatem,</strong></span> <span class='ocrx_word' id='word_1_702' title='bbox 1627 4530 1745 4600; x_wconf 89' lang='lat' dir='ltr'><strong>ipse</strong></span> <span class='ocrx_word' id='word_1_703' title='bbox 1768 4546 2002 4603; x_wconf 81' lang='lat' dir='ltr'><strong>evange-</strong></span> 
     </span>
    </p>
   </div>
   <div class='ocr_carea' id='block_1_94' title="bbox 416 4618 2003 4692">
    <p class='ocr_par' dir='ltr' id='par_1_94' title="bbox 416 4618 2003 4692">
     <span class='ocr_line' id='line_1_94' title="bbox 416 4618 2003 4692; baseline 0.001 -17"><span class='ocrx_word' id='word_1_704' title='bbox 416 4622 537 4675; x_wconf 81' lang='lat' dir='ltr'><strong>lista</strong></span> <span class='ocrx_word' id='word_1_705' title='bbox 560 4618 858 4690; x_wconf 85' lang='lat' dir='ltr'><strong>signiﬁcat,</strong></span> <span class='ocrx_word' id='word_1_706' title='bbox 879 4634 1004 4675; x_wconf 90' lang='lat' dir='ltr'><strong>cum</strong></span> <span class='ocrx_word' id='word_1_707' title='bbox 1027 4619 1390 4675; x_wconf 89' lang='lat' dir='ltr'><strong>dicitstellam</strong></span> <span class='ocrx_word' id='word_1_708' title='bbox 1411 4620 1555 4677; x_wconf 86' lang='lat' dir='ltr'><strong>hanc</strong></span> <span class='ocrx_word' id='word_1_709' title='bbox 1574 4621 1629 4675; x_wconf 91' lang='lat' dir='ltr'><strong>in</strong></span> <span class='ocrx_word' id='word_1_710' title='bbox 1650 4620 1739 4675; x_wconf 85' lang='lat' dir='ltr'><strong>die</strong></span> <span class='ocrx_word' id='word_1_711' title='bbox 1756 4622 2003 4692; x_wconf 90' lang='lat' dir='ltr'><strong>aliquan-</strong></span> 
     </span>
    </p>
   </div>
   <div class='ocr_carea' id='block_1_95' title="bbox 416 4692 1997 4788">
    <p class='ocr_par' dir='ltr' id='par_1_95' title="bbox 416 4692 1997 4788">
     <span class='ocr_line' id='line_1_95' title="bbox 416 4692 1997 4788; baseline 0.004 -27"><span class='ocrx_word' id='word_1_712' title='bbox 416 4714 487 4766; x_wconf 73' lang='lat' dir='ltr'><strong>do</strong></span> <span class='ocrx_word' id='word_1_713' title='bbox 522 4710 747 4783; x_wconf 88' lang='lat' dir='ltr'><strong>quidem</strong></span> <span class='ocrx_word' id='word_1_714' title='bbox 780 4692 1124 4781; x_wconf 62' lang='lat' dir='ltr'><strong>apparuisse,</strong></span> <span class='ocrx_word' id='word_1_715' title='bbox 1173 4710 1473 4788; x_wconf 87' lang='lat' dir='ltr'><strong>aliquando</strong></span> <span class='ocrx_word' id='word_1_716' title='bbox 1499 4726 1721 4766; x_wconf 88' lang='lat' dir='ltr'><strong>rursum</strong></span> <span class='ocrx_word' id='word_1_717' title='bbox 1750 4713 1997 4777; x_wconf 89' lang='lat' dir='ltr'><strong>latuisse,</strong></span> 
     </span>
    </p>
   </div>
   <div class='ocr_carea' id='block_1_96' title="bbox 418 4802 1999 4876">
    <p class='ocr_par' dir='ltr' id='par_1_96' title="bbox 418 4802 1999 4876">
     <span class='ocr_line' id='line_1_96' title="bbox 418 4802 1999 4876; baseline 0.004 -21"><span class='ocrx_word' id='word_1_718' title='bbox 418 4805 551 4859; x_wconf 61' lang='lat' dir='ltr'><strong>alias</strong></span> <span class='ocrx_word' id='word_1_719' title='bbox 567 4819 701 4858; x_wconf 91' lang='lat' dir='ltr'><strong>vero</strong></span> <span class='ocrx_word' id='word_1_720' title='bbox 719 4802 1012 4858; x_wconf 83' lang='lat' dir='ltr'><strong>deduxisse</strong></span> <span class='ocrx_word' id='word_1_721' title='bbox 1028 4802 1232 4873; x_wconf 85' lang='lat' dir='ltr'><strong>Magos,</strong></span> <span class='ocrx_word' id='word_1_722' title='bbox 1257 4812 1313 4858; x_wconf 89' lang='lat' dir='ltr'><strong>et</strong></span> <span class='ocrx_word' id='word_1_723' title='bbox 1336 4817 1462 4858; x_wconf 91' lang='lat' dir='ltr'><strong>cum</strong></span> <span class='ocrx_word' id='word_1_724' title='bbox 1484 4804 1621 4876; x_wconf 88' lang='lat' dir='ltr'><strong>ipsis</strong></span> <span class='ocrx_word' id='word_1_725' title='bbox 1642 4805 1697 4859; x_wconf 91' lang='lat' dir='ltr'><strong>in</strong></span> <span class='ocrx_word' id='word_1_726' title='bbox 1715 4805 1999 4861; x_wconf 88' lang='lat' dir='ltr'><strong>Bethleem</strong></span> 
     </span>
    </p>
   </div>
   <div class='ocr_carea' id='block_1_97' title="bbox 415 4892 2000 4965">
    <p class='ocr_par' dir='ltr' id='par_1_97' title="bbox 415 4892 2000 4965">
     <span class='ocr_line' id='line_1_97' title="bbox 415 4892 2000 4965; baseline 0.001 -18"><span class='ocrx_word' id='word_1_727' title='bbox 415 4895 715 4964; x_wconf 82' lang='lat' dir='ltr'><strong>profectam</strong></span> <span class='ocrx_word' id='word_1_728' title='bbox 744 4894 927 4948; x_wconf 77' lang='lat' dir='ltr'><strong>esse”</strong></span> <span class='ocrx_word' id='word_1_729' title='bbox 963 4911 976 4946; x_wconf 90' lang='lat'>:</span> <span class='ocrx_word' id='word_1_730' title='bbox 1007 4892 1154 4963; x_wconf 91' lang='lat' dir='ltr'><strong>quod</strong></span> <span class='ocrx_word' id='word_1_731' title='bbox 1179 4909 1344 4949; x_wconf 90' lang='lat' dir='ltr'><strong>nemo</strong></span> <span class='ocrx_word' id='word_1_732' title='bbox 1373 4894 1565 4965; x_wconf 89' lang='lat' dir='ltr'><strong>utique</strong></span> <span class='ocrx_word' id='word_1_733' title='bbox 1594 4893 1775 4951; x_wconf 73' lang='lat' dir='ltr'><strong>facere</strong></span> <span class='ocrx_word' id='word_1_734' title='bbox 1796 4896 2000 4952; x_wconf 77' lang='lat' dir='ltr'><strong>dixerit</strong></span> 
     </span>
    </p>
   </div>
   <div class='ocr_carea' id='block_1_98' title="bbox 416 4984 1999 5051">
    <p class='ocr_par' dir='ltr' id='par_1_98' title="bbox 416 4984 1999 5051">
     <span class='ocr_line' id='line_1_98' title="bbox 416 4984 1999 5051; baseline 0.003 -13"><span class='ocrx_word' id='word_1_735' title='bbox 416 4988 588 5041; x_wconf 81' lang='lat' dir='ltr'><strong>ullum</strong></span> <span class='ocrx_word' id='word_1_736' title='bbox 612 5000 643 5039; x_wconf 90' lang='lat' dir='ltr'><strong>e</strong></span> <span class='ocrx_word' id='word_1_737' title='bbox 667 4984 844 5039; x_wconf 91' lang='lat' dir='ltr'><strong>solitis</strong></span> <span class='ocrx_word' id='word_1_738' title='bbox 860 4984 1137 5041; x_wconf 83' lang='lat' dir='ltr'><strong>sideribus</strong></span> <span class='ocrx_word' id='word_1_739' title='bbox 1154 4986 1342 5040; x_wconf 88' lang='lat' dir='ltr'><strong>sensui</strong></span> <span class='ocrx_word' id='word_1_740' title='bbox 1361 4988 1527 5051; x_wconf 91' lang='lat' dir='ltr'><strong>notis,</strong></span> <span class='ocrx_word' id='word_1_741' title='bbox 1549 4989 1645 5044; x_wconf 84' lang='lat' dir='ltr'><strong>sed</strong></span> <span class='ocrx_word' id='word_1_742' title='bbox 1663 4989 1925 5044; x_wconf 77' lang='lat' dir='ltr'><strong>virtUIem</strong></span> <span class='ocrx_word' id='word_1_743' title='bbox 1946 4991 1999 5043; x_wconf 93' lang='lat' dir='ltr'><strong>in</strong></span> 
     </span>
    </p>
   </div>
   <div class='ocr_carea' id='block_1_99' title="bbox 417 5074 2001 5145">
    <p class='ocr_par' dir='ltr' id='par_1_99' title="bbox 417 5074 2001 5145">
     <span class='ocr_line' id='line_1_99' title="bbox 417 5074 2001 5145; baseline 0.004 -18"><span class='ocrx_word' id='word_1_744' title='bbox 417 5076 588 5130; x_wconf 61' lang='lat' dir='ltr'><strong>stellae</strong></span> <span class='ocrx_word' id='word_1_745' title='bbox 605 5074 778 5145; x_wconf 82' lang='lat' dir='ltr'><strong>figura</strong></span> <span class='ocrx_word' id='word_1_746' title='bbox 796 5075 1126 5130; x_wconf 88' lang='lat' dir='ltr'><strong>astronomis</strong></span> <span class='ocrx_word' id='word_1_747' title='bbox 1144 5086 1519 5145; x_wconf 89' lang='lat' dir='ltr'><strong>apparentem.</strong></span> <span class='ocrx_word' id='word_1_748' title='bbox 1541 5077 1696 5143; x_wconf 85' lang='lat' dir='ltr'><strong>Quod</strong></span> <span class='ocrx_word' id='word_1_749' title='bbox 1720 5094 1903 5134; x_wconf 89' lang='lat' dir='ltr'><strong>autem</strong></span> <span class='ocrx_word' id='word_1_750' title='bbox 1926 5080 2001 5134; x_wconf 88' lang='lat' dir='ltr'><strong>ait</strong></span> 
     </span>
    </p>
   </div>
   <div class='ocr_carea' id='block_1_100' title="bbox 418 5166 1999 5239">
    <p class='ocr_par' dir='ltr' id='par_1_100' title="bbox 418 5166 1999 5239">
     <span class='ocr_line' id='line_1_100' title="bbox 418 5166 1999 5239; baseline 0.003 -25"><span class='ocrx_word' id='word_1_751' title='bbox 418 5167 483 5218; x_wconf 79' lang='lat' dir='ltr'><strong>de</strong></span> <span class='ocrx_word' id='word_1_752' title='bbox 510 5166 666 5220; x_wconf 85' lang='lat' dir='ltr'><strong>stella</strong></span> <span class='ocrx_word' id='word_1_753' title='bbox 686 5207 700 5227; x_wconf 92' lang='lat'><strong>,</strong></span> <span class='ocrx_word' id='word_1_754' title='bbox 745 5166 911 5221; x_wconf 89' lang='lat' dir='ltr'><strong>etiam</strong></span> <span class='ocrx_word' id='word_1_755' title='bbox 939 5166 1158 5222; x_wconf 90' lang='lat' dir='ltr'><strong>stetisse</strong></span> <span class='ocrx_word' id='word_1_756' title='bbox 1183 5183 1303 5222; x_wconf 90' lang='lat' dir='ltr'><strong>eam</strong></span> <span class='ocrx_word' id='word_1_757' title='bbox 1329 5183 1495 5239; x_wconf 89' lang='lat' dir='ltr'><strong>super</strong></span> <span class='ocrx_word' id='word_1_758' title='bbox 1512 5184 1743 5238; x_wconf 88' lang='lat' dir='ltr'><strong>puerum</strong></span> <span class='ocrx_word' id='word_1_759' title='bbox 1769 5209 1782 5231; x_wconf 93' lang='lat'><strong>,</strong></span> <span class='ocrx_word' id='word_1_760' title='bbox 1823 5170 1999 5223; x_wconf 83' lang='lat' dir='ltr'><strong>virtu-</strong></span> 
     </span>
    </p>
   </div>
   <div class='ocr_carea' id='block_1_101' title="bbox 421 5258 1997 5328">
    <p class='ocr_par' dir='ltr' id='par_1_101' title="bbox 421 5258 1997 5328">
     <span class='ocr_line' id='line_1_101' title="bbox 421 5258 1997 5328; baseline 0.004 -21"><span class='ocrx_word' id='word_1_761' title='bbox 421 5266 526 5311; x_wconf 74' lang='lat' dir='ltr'><strong>tem</strong></span> <span class='ocrx_word' id='word_1_762' title='bbox 555 5272 673 5312; x_wconf 86' lang='lat' dir='ltr'><strong>esse</strong></span> <span class='ocrx_word' id='word_1_763' title='bbox 701 5258 849 5327; x_wconf 90' lang='lat' dir='ltr'><strong>quod</strong></span> <span class='ocrx_word' id='word_1_764' title='bbox 879 5258 1178 5328; x_wconf 87' lang='lat' dir='ltr'><strong>apparebat</strong></span> <span class='ocrx_word' id='word_1_765' title='bbox 1207 5259 1495 5314; x_wconf 83' lang='lat' dir='ltr'><strong>manifeste</strong></span> <span class='ocrx_word' id='word_1_766' title='bbox 1524 5260 1803 5314; x_wconf 88' lang='lat' dir='ltr'><strong>indicavit.</strong></span> <span class='ocrx_word' id='word_1_767' title='bbox 1837 5261 1997 5315; x_wconf 83' lang='lat' dir='ltr'><strong>Nulla</strong></span> 
     </span>
    </p>
   </div>
   <div class='ocr_carea' id='block_1_102' title="bbox 420 5349 1993 5423">
    <p class='ocr_par' dir='ltr' id='par_1_102' title="bbox 420 5349 1993 5423">
     <span class='ocr_line' id='line_1_102' title="bbox 420 5349 1993 5423; baseline 0.004 -25"><span class='ocrx_word' id='word_1_768' title='bbox 420 5349 625 5401; x_wconf 70' lang='lat' dir='ltr'><strong>etenim</strong></span> <span class='ocrx_word' id='word_1_769' title='bbox 664 5350 844 5415; x_wconf 88' lang='lat' dir='ltr'><strong>stella,</strong></span> <span class='ocrx_word' id='word_1_770' title='bbox 888 5366 1009 5420; x_wconf 77' lang='lat' dir='ltr'><strong>quae</strong></span> <span class='ocrx_word' id='word_1_771' title='bbox 1034 5351 1089 5404; x_wconf 92' lang='lat' dir='ltr'><strong>in</strong></span> <span class='ocrx_word' id='word_1_772' title='bbox 1115 5352 1256 5405; x_wconf 82' lang='lat' dir='ltr'><strong>coelo</strong></span> <span class='ocrx_word' id='word_1_773' title='bbox 1287 5352 1389 5405; x_wconf 90' lang='lat' dir='ltr'><strong>sita</strong></span> <span class='ocrx_word' id='word_1_774' title='bbox 1420 5363 1524 5415; x_wconf 84' lang='lat' dir='ltr'><strong>est,</strong></span> <span class='ocrx_word' id='word_1_775' title='bbox 1563 5368 1727 5422; x_wconf 85' lang='lat' dir='ltr'><strong>super</strong></span> <span class='ocrx_word' id='word_1_776' title='bbox 1761 5369 1993 5423; x_wconf 83' lang='lat' dir='ltr'><strong>puerum</strong></span> 
     </span>
    </p>
   </div>
   <div class='ocr_carea' id='block_1_103' title="bbox 494 5499 952 5565">
    <p class='ocr_par' dir='ltr' id='par_1_103' title="bbox 494 5499 952 5565">
     <span class='ocr_line' id='line_1_103' title="bbox 494 5499 952 5565; baseline 0.011 -13"><span class='ocrx_word' id='word_1_777' title='bbox 494 5499 534 5528; x_wconf 59' lang='grc' dir='ltr'><strong>*λι</strong></span> <span class='ocrx_word' id='word_1_778' title='bbox 585 5500 773 5555; x_wconf 76' lang='lat' dir='ltr'><strong>Matth.</strong></span> <span class='ocrx_word' id='word_1_779' title='bbox 812 5520 867 5565; x_wconf 89' lang='grc' dir='ltr'><strong>ιι,</strong></span> <span class='ocrx_word' id='word_1_780' title='bbox 899 5505 952 5557; x_wconf 74' lang='grc' dir='ltr'><strong>ΕΞ.</strong></span> 
     </span>
    </p>
   </div>
   <div class='ocr_carea' id='block_1_104' title="bbox 494 5637 901 5709">
    <p class='ocr_par' dir='ltr' id='par_1_104' title="bbox 494 5637 901 5709">
     <span class='ocr_line' id='line_1_104' title="bbox 494 5637 901 5709; baseline 0.005 -15"><span class='ocrx_word' id='word_1_781' title='bbox 494 5637 602 5709; x_wconf 62' lang='lat'><strong>($8)</strong></span> <span class='ocrx_word' id='word_1_782' title='bbox 639 5638 901 5708; x_wconf 78' lang='grc' dir='ltr'>Θεότητα.</span> 
     </span>
    </p>
   </div>
   <div class='ocr_carea' id='block_1_105' title="bbox 1030 5503 1621 5575">
    <p class='ocr_par' dir='ltr' id='par_1_105' title="bbox 1030 5503 1621 5575">
     <span class='ocr_line' id='line_1_105' title="bbox 1030 5503 1621 5575; baseline 0.007 -20"><span class='ocrx_word' id='word_1_783' title='bbox 1030 5507 1072 5535; x_wconf 61' lang='grc' dir='ltr'><strong>’δ’</strong></span> <span class='ocrx_word' id='word_1_784' title='bbox 1109 5503 1240 5558; x_wconf 88' lang='lat' dir='ltr'><strong>Luc.</strong></span> <span class='ocrx_word' id='word_1_785' title='bbox 1278 5522 1335 5571; x_wconf 88' lang='grc' dir='ltr'><strong>ιι,</strong></span> <span class='ocrx_word' id='word_1_786' title='bbox 1370 5505 1431 5560; x_wconf 76' lang='grc'><strong>10</strong></span> <span class='ocrx_word' id='word_1_787' title='bbox 1472 5520 1621 5575; x_wconf 90' lang='lat' dir='ltr'><strong>seqq.</strong></span> 
     </span>
    </p>
   </div>
   <div class='ocr_carea' id='block_1_106' title="bbox 1702 5506 2170 5573">
    <p class='ocr_par' dir='ltr' id='par_1_106' title="bbox 1702 5506 2170 5573">
     <span class='ocr_line' id='line_1_106' title="bbox 1702 5506 2170 5573; baseline -0.002 -12"><span class='ocrx_word' id='word_1_788' title='bbox 1702 5508 1745 5537; x_wconf 72' lang='grc'><strong>⁵³</strong></span> <span class='ocrx_word' id='word_1_789' title='bbox 1783 5506 1969 5561; x_wconf 75' lang='lat' dir='ltr'><strong>Matth.</strong></span> <span class='ocrx_word' id='word_1_790' title='bbox 2003 5507 2170 5573; x_wconf 73' lang='lat'><strong>11,1].</strong></span> 
     </span>
    </p>
   </div>
   <div class='ocr_carea' id='block_1_107' title="bbox 2104 4434 3678 4512">
    <p class='ocr_par' dir='ltr' id='par_1_107' title="bbox 2104 4434 3678 4512">
     <span class='ocr_line' id='line_1_107' title="bbox 2104 4434 3678 4512; baseline 0.002 -22"><span class='ocrx_word' id='word_1_791' title='bbox 2104 4438 2229 4491; x_wconf 88' lang='grc' dir='ltr'>Ὅτι</span> <span class='ocrx_word' id='word_1_792' title='bbox 2265 4438 2373 4509; x_wconf 84' lang='grc' dir='ltr'><strong>γὰρ</strong></span> <span class='ocrx_word' id='word_1_793' title='bbox 2397 4438 2498 4492; x_wconf 86' lang='grc' dir='ltr'><strong>οὐκ</strong></span> <span class='ocrx_word' id='word_1_794' title='bbox 2536 4434 2603 4510; x_wconf 77' lang='grc' dir='ltr'>ἦν</span> <span class='ocrx_word' id='word_1_795' title='bbox 2636 4439 2835 4511; x_wconf 81' lang='grc' dir='ltr'>ἀστὴρ,</span> <span class='ocrx_word' id='word_1_796' title='bbox 2878 4439 3012 4494; x_wconf 75' lang='grc' dir='ltr'>ἀλλὰ</span> <span class='ocrx_word' id='word_1_797' title='bbox 3041 4439 3270 4512; x_wconf 79' lang='grc' dir='ltr'>δύναμις</span> <span class='ocrx_word' id='word_1_798' title='bbox 3296 4439 3565 4511; x_wconf 81' lang='grc' dir='ltr'>ἀγγελικὴ</span> <span class='ocrx_word' id='word_1_799' title='bbox 3594 4439 3678 4493; x_wconf 84' lang='grc' dir='ltr'><strong>ὁδ-</strong></span> 
     </span>
    </p>
   </div>
   <div class='ocr_carea' id='block_1_108' title="bbox 2100 4529 3680 4602">
    <p class='ocr_par' dir='ltr' id='par_1_108' title="bbox 2100 4529 3680 4602">
     <span class='ocr_line' id='line_1_108' title="bbox 2100 4529 3680 4602; baseline 0.003 -21"><span class='ocrx_word' id='word_1_800' title='bbox 2100 4529 2312 4599; x_wconf 89' lang='grc' dir='ltr'>ηγοῦσα</span> <span class='ocrx_word' id='word_1_801' title='bbox 2338 4531 2464 4594; x_wconf 79' lang='grc' dir='ltr'>τοὺς</span> <span class='ocrx_word' id='word_1_802' title='bbox 2500 4530 2806 4602; x_wconf 76' lang='grc' dir='ltr'>βαρϐάρους</span> <span class='ocrx_word' id='word_1_803' title='bbox 2834 4530 2970 4602; x_wconf 76' lang='grc' dir='ltr'>πρὸς</span> <span class='ocrx_word' id='word_1_804' title='bbox 2996 4531 3095 4602; x_wconf 79' lang='grc' dir='ltr'>τὴν</span> <span class='ocrx_word' id='word_1_805' title='bbox 3130 4530 3435 4597; x_wconf 78' lang='grc' dir='ltr'>εὐσέϐειαν,</span> <span class='ocrx_word' id='word_1_806' title='bbox 3462 4531 3626 4595; x_wconf 83' lang='grc' dir='ltr'>αὐτὸς</span> <span class='ocrx_word' id='word_1_807' title='bbox 3647 4533 3680 4585; x_wconf 85' lang='grc' dir='ltr'>ὁ</span> 
     </span>
    </p>
   </div>
   <div class='ocr_carea' id='block_1_109' title="bbox 2100 4618 3677 4693">
    <p class='ocr_par' dir='ltr' id='par_1_109' title="bbox 2100 4618 3677 4693">
     <span class='ocr_line' id='line_1_109' title="bbox 2100 4618 3677 4693; baseline 0.001 -22"><span class='ocrx_word' id='word_1_808' title='bbox 2100 4618 2494 4691; x_wconf 80' lang='grc' dir='ltr'>εὐαγγελιστὴς</span> <span class='ocrx_word' id='word_1_809' title='bbox 2518 4619 2689 4690; x_wconf 84' lang='grc' dir='ltr'>δηλοῖ,</span> <span class='ocrx_word' id='word_1_810' title='bbox 2718 4620 2810 4673; x_wconf 85' lang='grc' dir='ltr'><strong>τὸν</strong></span> <span class='ocrx_word' id='word_1_811' title='bbox 2837 4620 3045 4690; x_wconf 84' lang='grc' dir='ltr'>ἀστέρα</span> <span class='ocrx_word' id='word_1_812' title='bbox 3066 4619 3252 4674; x_wconf 87' lang='grc' dir='ltr'>τοῦτον</span> <span class='ocrx_word' id='word_1_813' title='bbox 3284 4621 3378 4691; x_wconf 72' lang='grc' dir='ltr'><strong>καὶ</strong></span> <span class='ocrx_word' id='word_1_814' title='bbox 3411 4622 3468 4673; x_wconf 83' lang='grc' dir='ltr'>ὲν</span> <span class='ocrx_word' id='word_1_815' title='bbox 3491 4620 3677 4693; x_wconf 72' lang='grc' dir='ltr'>ἡμέρᾳ</span> 
     </span>
    </p>
   </div>
   <div class='ocr_carea' id='block_1_110' title="bbox 2103 4710 3675 4782">
    <p class='ocr_par' dir='ltr' id='par_1_110' title="bbox 2103 4710 3675 4782">
     <span class='ocr_line' id='line_1_110' title="bbox 2103 4710 3675 4782; baseline 0.001 -19"><span class='ocrx_word' id='word_1_816' title='bbox 2103 4710 2410 4780; x_wconf 86' lang='grc' dir='ltr'>φαίνεσθαι,</span> <span class='ocrx_word' id='word_1_817' title='bbox 2446 4711 2579 4764; x_wconf 82' lang='grc' dir='ltr'>ποτὲ</span> <span class='ocrx_word' id='word_1_818' title='bbox 2603 4711 2658 4765; x_wconf 83' lang='grc' dir='ltr'>δὲ</span> <span class='ocrx_word' id='word_1_819' title='bbox 2686 4713 2779 4766; x_wconf 71' lang='grc' dir='ltr'><strong>καὶ</strong></span> <span class='ocrx_word' id='word_1_820' title='bbox 2806 4710 3144 4782; x_wconf 81' lang='grc' dir='ltr'>κρύπτεσθαι</span> <span class='ocrx_word' id='word_1_821' title='bbox 3175 4710 3376 4780; x_wconf 80' lang='grc' dir='ltr'><strong>λέγων⁹</strong></span> <span class='ocrx_word' id='word_1_822' title='bbox 3403 4711 3591 4766; x_wconf 76' lang='grc' dir='ltr'>ἄλλοτε</span> <span class='ocrx_word' id='word_1_823' title='bbox 3619 4710 3675 4764; x_wconf 78' lang='grc' dir='ltr'>δὲ</span> 
     </span>
    </p>
   </div>
   <div class='ocr_carea' id='block_1_111' title="bbox 2101 4803 3678 4873">
    <p class='ocr_par' dir='ltr' id='par_1_111' title="bbox 2101 4803 3678 4873">
     <span class='ocr_line' id='line_1_111' title="bbox 2101 4803 3678 4873; baseline -0.001 -16"><span class='ocrx_word' id='word_1_824' title='bbox 2101 4804 2198 4857; x_wconf 67' lang='grc' dir='ltr'><strong>καὶ</strong></span> <span class='ocrx_word' id='word_1_825' title='bbox 2226 4804 2438 4873; x_wconf 84' lang='grc' dir='ltr'>ὁδηγεῖν</span> <span class='ocrx_word' id='word_1_826' title='bbox 2464 4803 2626 4857; x_wconf 78' lang='grc' dir='ltr'>αὐτὸν</span> <span class='ocrx_word' id='word_1_827' title='bbox 2651 4805 2778 4868; x_wconf 77' lang='grc' dir='ltr'>τοὺς</span> <span class='ocrx_word' id='word_1_828' title='bbox 2814 4804 3023 4873; x_wconf 87' lang='grc' dir='ltr'>μάγους</span> <span class='ocrx_word' id='word_1_829' title='bbox 3058 4804 3213 4873; x_wconf 72' lang='grc' dir='ltr'>φησὶ,</span> <span class='ocrx_word' id='word_1_830' title='bbox 3248 4805 3342 4857; x_wconf 73' lang='grc' dir='ltr'><strong>καὶ</strong></span> <span class='ocrx_word' id='word_1_831' title='bbox 3370 4805 3466 4858; x_wconf 70' lang='grc' dir='ltr'><strong>σὺν</strong></span> <span class='ocrx_word' id='word_1_832' title='bbox 3492 4803 3678 4867; x_wconf 80' lang='grc' dir='ltr'>αὐτοῖς</span> 
     </span>
    </p>
   </div>
   <div class='ocr_carea' id='block_1_112' title="bbox 2102 4893 3678 4966">
    <p class='ocr_par' dir='ltr' id='par_1_112' title="bbox 2102 4893 3678 4966">
     <span class='ocr_line' id='line_1_112' title="bbox 2102 4893 3678 4966; baseline 0.001 -20"><span class='ocrx_word' id='word_1_833' title='bbox 2102 4893 2196 4946; x_wconf 70' lang='grc' dir='ltr'>ἐπὶ</span> <span class='ocrx_word' id='word_1_834' title='bbox 2238 4893 2339 4963; x_wconf 84' lang='grc' dir='ltr'>τὴν</span> <span class='ocrx_word' id='word_1_835' title='bbox 2376 4893 2625 4966; x_wconf 79' lang='grc' dir='ltr'>Βηθλεὲμ</span> <span class='ocrx_word' id='word_1_836' title='bbox 2655 4894 2791 4948; x_wconf 78' lang='grc' dir='ltr'>ἱέναι</span> <span class='ocrx_word' id='word_1_837' title='bbox 2811 4911 2826 4925; x_wconf 74' lang='grc' dir='ltr'><strong>ο</strong></span> <span class='ocrx_word' id='word_1_838' title='bbox 2855 4895 2991 4966; x_wconf 82' lang='grc' dir='ltr'>ὅπερ</span> <span class='ocrx_word' id='word_1_839' title='bbox 3032 4896 3131 4948; x_wconf 89' lang='grc' dir='ltr'><strong>οὐκ</strong></span> <span class='ocrx_word' id='word_1_840' title='bbox 3162 4895 3227 4949; x_wconf 85' lang='grc' dir='ltr'>ἄν</span> <span class='ocrx_word' id='word_1_841' title='bbox 3252 4911 3337 4957; x_wconf 88' lang='grc' dir='ltr'><strong>τις</strong></span> <span class='ocrx_word' id='word_1_842' title='bbox 3378 4894 3524 4949; x_wconf 79' lang='grc' dir='ltr'>εἴποι</span> <span class='ocrx_word' id='word_1_843' title='bbox 3552 4894 3678 4947; x_wconf 80' lang='grc' dir='ltr'>τινὰ</span> 
     </span>
    </p>
   </div>
   <div class='ocr_carea' id='block_1_113' title="bbox 2101 4980 3701 5057">
    <p class='ocr_par' dir='ltr' id='par_1_113' title="bbox 2101 4980 3701 5057">
     <span class='ocr_line' id='line_1_113' title="bbox 2101 4980 3701 5057; baseline 0 -20"><span class='ocrx_word' id='word_1_844' title='bbox 2101 4984 2210 5037; x_wconf 78' lang='grc' dir='ltr'><strong>τῶν</strong></span> <span class='ocrx_word' id='word_1_845' title='bbox 2242 4984 2488 5057; x_wconf 86' lang='grc' dir='ltr'>συνήθων</span> <span class='ocrx_word' id='word_1_846' title='bbox 2512 4986 2759 5057; x_wconf 86' lang='grc' dir='ltr'>ἀστέρων</span> <span class='ocrx_word' id='word_1_847' title='bbox 2785 4986 2942 5057; x_wconf 78' lang='grc' dir='ltr'>δῆλον</span> <span class='ocrx_word' id='word_1_848' title='bbox 2961 4985 3095 5054; x_wconf 78' lang='grc'><strong>(18⁸)</strong></span> <span class='ocrx_word' id='word_1_849' title='bbox 3121 4987 3189 5056; x_wconf 82' lang='grc' dir='ltr'>τῇ</span> <span class='ocrx_word' id='word_1_850' title='bbox 3208 4986 3458 5056; x_wconf 83' lang='grc' dir='ltr'>αἰσθήσει</span> <span class='ocrx_word' id='word_1_851' title='bbox 3480 4980 3701 5048; x_wconf 86' lang='grc' dir='ltr'>ποιεῖν,’</span> 
     </span>
    </p>
   </div>
   <div class='ocr_carea' id='block_1_114' title="bbox 2101 5075 3679 5149">
    <p class='ocr_par' dir='ltr' id='par_1_114' title="bbox 2101 5075 3679 5149">
     <span class='ocr_line' id='line_1_114' title="bbox 2101 5075 3679 5149; baseline 0 -20"><span class='ocrx_word' id='word_1_852' title='bbox 2101 5075 2238 5131; x_wconf 79' lang='grc' dir='ltr'>ἀλλὰ</span> <span class='ocrx_word' id='word_1_853' title='bbox 2284 5078 2513 5148; x_wconf 81' lang='grc' dir='ltr'>δύναμιν</span> <span class='ocrx_word' id='word_1_854' title='bbox 2558 5079 2616 5132; x_wconf 82' lang='grc' dir='ltr'>ὲν</span> <span class='ocrx_word' id='word_1_855' title='bbox 2652 5077 2853 5148; x_wconf 73' lang='grc' dir='ltr'>ἄστρου</span> <span class='ocrx_word' id='word_1_856' title='bbox 2902 5078 3144 5149; x_wconf 85' lang='grc' dir='ltr'>σχήματι</span> <span class='ocrx_word' id='word_1_857' title='bbox 3186 5076 3520 5148; x_wconf 88' lang='grc' dir='ltr'>φαινομένην</span> <span class='ocrx_word' id='word_1_858' title='bbox 3566 5078 3679 5137; x_wconf 82' lang='grc' dir='ltr'>τοῖς</span> 
     </span>
    </p>
   </div>
   <div class='ocr_carea' id='block_1_115' title="bbox 2106 5166 3670 5240">
    <p class='ocr_par' dir='ltr' id='par_1_115' title="bbox 2106 5166 3670 5240">
     <span class='ocr_line' id='line_1_115' title="bbox 2106 5166 3670 5240; baseline -0.002 -18"><span class='ocrx_word' id='word_1_859' title='bbox 2106 5170 2483 5240; x_wconf 80' lang='grc' dir='ltr'>ἁστρονόμοις.</span> <span class='ocrx_word' id='word_1_860' title='bbox 2515 5169 2588 5222; x_wconf 86' lang='grc' dir='ltr'><strong>Τὸ</strong></span> <span class='ocrx_word' id='word_1_861' title='bbox 2610 5170 2688 5234; x_wconf 85' lang='grc' dir='ltr'><strong>δὲ,</strong></span> <span class='ocrx_word' id='word_1_862' title='bbox 2724 5187 2741 5220; x_wconf 82' lang='grc' dir='ltr'><strong>ι</strong></span> <span class='ocrx_word' id='word_1_863' title='bbox 2767 5170 2877 5223; x_wconf 71' lang='grc' dir='ltr'><strong>Καὶ</strong></span> <span class='ocrx_word' id='word_1_864' title='bbox 2894 5169 3024 5238; x_wconf 81' lang='grc' dir='ltr'>ἔστη</span> <span class='ocrx_word' id='word_1_865' title='bbox 3052 5168 3238 5224; x_wconf 79' lang='grc' dir='ltr'>ἐπάνω</span> <span class='ocrx_word' id='word_1_866' title='bbox 3256 5169 3351 5223; x_wconf 88' lang='grc' dir='ltr'><strong>τοῦ</strong></span> <span class='ocrx_word' id='word_1_867' title='bbox 3387 5166 3624 5231; x_wconf 87' lang='grc' dir='ltr'>παιδίου,</span> <span class='ocrx_word' id='word_1_868' title='bbox 3652 5186 3670 5219; x_wconf 87' lang='grc' dir='ltr'><strong>ι</strong></span> 
     </span>
    </p>
   </div>
   <div class='ocr_carea' id='block_1_116' title="bbox 2106 5257 3672 5334">
    <p class='ocr_par' dir='ltr' id='par_1_116' title="bbox 2106 5257 3672 5334">
     <span class='ocr_line' id='line_1_116' title="bbox 2106 5257 3672 5334; baseline -0.002 -20"><span class='ocrx_word' id='word_1_869' title='bbox 2106 5262 2237 5333; x_wconf 78' lang='grc' dir='ltr'>περὶ</span> <span class='ocrx_word' id='word_1_870' title='bbox 2258 5262 2354 5315; x_wconf 86' lang='grc' dir='ltr'><strong>τοῦ</strong></span> <span class='ocrx_word' id='word_1_871' title='bbox 2380 5262 2608 5333; x_wconf 85' lang='grc' dir='ltr'>ἀστέρος</span> <span class='ocrx_word' id='word_1_872' title='bbox 2631 5262 2814 5330; x_wconf 77' lang='grc' dir='ltr'>ῥηθὲν,</span> <span class='ocrx_word' id='word_1_873' title='bbox 2830 5262 3059 5334; x_wconf 85' lang='grc' dir='ltr'>δύναμιν</span> <span class='ocrx_word' id='word_1_874' title='bbox 3082 5257 3304 5316; x_wconf 74' lang='grc' dir='ltr'>εἶναιτὸ</span> <span class='ocrx_word' id='word_1_875' title='bbox 3326 5261 3672 5331; x_wconf 84' lang='grc' dir='ltr'>φαινόμενον,</span> 
     </span>
    </p>
   </div>
   <div class='ocr_carea' id='block_1_117' title="bbox 2109 5351 3674 5424">
    <p class='ocr_par' dir='ltr' id='par_1_117' title="bbox 2109 5351 3674 5424">
     <span class='ocr_line' id='line_1_117' title="bbox 2109 5351 3674 5424; baseline 0 -19"><span class='ocrx_word' id='word_1_876' title='bbox 2109 5353 2335 5423; x_wconf 82' lang='grc' dir='ltr'>μηνύσει</span> <span class='ocrx_word' id='word_1_877' title='bbox 2364 5353 2566 5420; x_wconf 81' lang='grc' dir='ltr'>σαφῶς.</span> <span class='ocrx_word' id='word_1_878' title='bbox 2606 5353 2679 5405; x_wconf 82' lang='grc' dir='ltr'>Οὐ</span> <span class='ocrx_word' id='word_1_879' title='bbox 2711 5355 2817 5421; x_wconf 76' lang='grc' dir='ltr'>γὰρ</span> <span class='ocrx_word' id='word_1_880' title='bbox 2851 5354 2913 5407; x_wconf 82' lang='grc' dir='ltr'>ἄν</span> <span class='ocrx_word' id='word_1_881' title='bbox 2944 5372 3027 5416; x_wconf 79' lang='grc' dir='ltr'><strong>τις</strong></span> <span class='ocrx_word' id='word_1_882' title='bbox 3070 5354 3178 5406; x_wconf 79' lang='grc' dir='ltr'>τῶν</span> <span class='ocrx_word' id='word_1_883' title='bbox 3221 5354 3281 5405; x_wconf 83' lang='grc' dir='ltr'>ὲν</span> <span class='ocrx_word' id='word_1_884' title='bbox 3323 5351 3536 5424; x_wconf 76' lang='grc' dir='ltr'>οὐρανῷ</span> <span class='ocrx_word' id='word_1_885' title='bbox 3586 5368 3674 5405; x_wconf 75' lang='grc' dir='ltr'>τεο</span> 
     </span>
    </p>
   </div>
   <div class='ocr_carea' id='block_1_118' title="bbox 2253 5506 3350 5581">
    <p class='ocr_par' dir='ltr' id='par_1_118' title="bbox 2253 5506 3350 5581">
     <span class='ocr_line' id='line_1_118' title="bbox 2253 5506 3350 5581; baseline 0.006 -23"><span class='ocrx_word' id='word_1_886' title='bbox 2253 5507 2296 5535; x_wconf 80' lang='grc'><strong>⁶’⁶</strong></span> <span class='ocrx_word' id='word_1_887' title='bbox 2322 5506 2453 5559; x_wconf 81' lang='lat' dir='ltr'><strong>Luc.</strong></span> <span class='ocrx_word' id='word_1_888' title='bbox 2499 5522 2555 5567; x_wconf 88' lang='grc' dir='ltr'><strong>ιι,</strong></span> <span class='ocrx_word' id='word_1_889' title='bbox 2602 5506 2684 5558; x_wconf 73' lang='grc' dir='ltr'>Η.</span> <span class='ocrx_word' id='word_1_890' title='bbox 2767 5508 2811 5537; x_wconf 68' lang='grc'><strong>⁸³</strong></span> <span class='ocrx_word' id='word_1_891' title='bbox 2836 5508 3023 5563; x_wconf 78' lang='lat' dir='ltr'><strong>Matth.</strong></span> <span class='ocrx_word' id='word_1_892' title='bbox 3052 5525 3107 5571; x_wconf 80' lang='grc' dir='ltr'><strong>ιι,</strong></span> <span class='ocrx_word' id='word_1_893' title='bbox 3147 5510 3163 5561; x_wconf 88' lang='grc' dir='ltr'><strong>ι</strong></span> <span class='ocrx_word' id='word_1_894' title='bbox 3201 5525 3350 5581; x_wconf 77' lang='lat' dir='ltr'><strong>seqq.</strong></span> 
     </span>
    </p>
   </div>
   <div class='ocr_carea' id='block_1_119' title="bbox 2170 5645 2673 5715">
    <p class='ocr_par' dir='ltr' id='par_1_119' title="bbox 2170 5645 2673 5715">
     <span class='ocr_line' id='line_1_119' title="bbox 2170 5645 2673 5715; baseline -0.002 -17"><span class='ocrx_word' id='word_1_895' title='bbox 2170 5646 2303 5715; x_wconf 63' lang='grc' dir='ltr'>(ιδ’)</span> <span class='ocrx_word' id='word_1_896' title='bbox 2335 5646 2453 5700; x_wconf 85' lang='grc' dir='ltr'>Ἵσ,</span> <span class='ocrx_word' id='word_1_897' title='bbox 2482 5645 2673 5715; x_wconf 69' lang='grc' dir='ltr'>δήλων.</span> 
     </span>
    </p>
   </div>
  </div>
