4048 6210
310 247 448 307 1565

1227 242 1513 300 ΗΟΜΙΠΔ
1551 245 1592 300 Ι.
1631 245 1700 300 IN
1741 243 1854 300 DIE
1891 241 2330 300 NATIVITATIS
2369 239 2624 297 DOMINI.

3405 236 3556 294 i566

306 359 597 430 ταγμένων
640 360 818 430 ἀστὴρ
867 358 1030 428 δῆλος
1087 356 1308 427 ἐγένετο
1355 360 1542 415 ἐπάνω
1604 360 1736 424 στάς
1783 359 1878 414 τοῦ

2000 368 2130 415 stare
2153 355 2401 426 conspici
2423 354 2717 425 potuisset,
2769 353 3026 422 quoniam
3051 349 3211 420 spatii
3235 347 3552 419 magnitudo

310 453 565 507 παιδίου·
611 453 799 522 ἐπειδὴ
841 449 1020 504 τὸτοῦ
1069 449 1440 521 διαστήματος
1495 451 1874 522 μέγεθος,,τῆς

309 544 487 612 ὅψεως
517 543 750 596 κλέπτον
773 543 872 613 τὴν
902 541 1105 613 κρίσιν,
1130 539 1253 594 οὐδὲ
1275 541 1496 606 στάσιν,
1513 542 1634 596 οὐδὲ
1664 542 1878 612 κίνησιν

310 636 420 690 τῶν
441 635 689 705 ἀστέρων
711 633 882 705 δήλην
902 635 970 704 τῇ
995 632 1245 704 αἰσθήσει
1277 635 1442 686 ποιεῖ.
1484 653 1503 685 ι
1545 633 1738 702 Ἔστη,
1771 650 1878 702 φη-

314 730 418 792 σὶν,
463 728 493 779 ὁ
535 727 714 796 ἀστὴρ
750 726 935 778 ἐπάνω
977 717 1048 778 οῦ-
1076 719 1144 797 ἦν
1194 724 1257 778 τὸ
1309 724 1538 780 παιδίον.
1599 743 1619 776 ι
1673 724 1880 778 Οὐκοῦν

313 816 596 872 ἀπολιπὼν
625 816 688 870 τδ
715 815 849 886 ὕψος
871 817 902 870 ό
931 816 1260 888 φαινόμενος
1285 815 1486 888 ἀστὴρ,
1529 815 1884 886 χθαμαλώτε-

317 925 408 978 ρος
440 907 688 975 γέγονεν,
730 906 822 960 ἵνα
845 908 912 977 τῇ
955 905 1145 960 στάσει
1173 905 1320 976 δείξῃ
1347 904 1454 959 τοῦ·
1479 905 1739 976 βασιλέως
1781 903 1884 976 τήν

315 999 590 1069 γέννησιν.
613 997 724 1052 Καὶ
749 997 858 1069 γὰρ
874 998 950 1061 ὡς
977 996 1202 1068 βασιλέα
1226 998 1450 1069 ἐζήτουν
1473 999 1522 1050 oi.
1550 996 1752 1064 Μάγοι,
1787 996 1884 1066 βα-

317 1090 506 1152 σιλέως
532 1090 916 1162 ἐπερωτῶντες
950 1090 1043 1144 τὸν
1086 1089 1266 1155 τόκον,
1313 1088 1410 1144 καὶ
1447 1091 1560 1152 τοῖς
1613 1088 1885 1151 Ἰουδαίοις

315 1176 567 1244 λέγοντες
587 1192 600 1208 ·
632 1196 652 1229 ι
689 1177 800 1231 Ποῦ
828 1177 976 1231 ἐστιν
1001 1181 1032 1233 ὁ
1064 1177 1280 1248 τεχθεὶς
1320 1176 1571 1248 βασιλεὺς
1596 1177 1704 1231 τῶν
1754 1179 1886 1232 ’1ου-

317 1269 512 1335 δαίων;
542 1269 756 1339 εἴδομεν
791 1269 901 1340 γὰρ
927 1269 1092 1324 αὐτοῦ
1122 1271 1213 1324 τὸν
1233 1269 1438 1342 ἀστέρα
1457 1273 1513 1324 ὲν
1539 1274 1605 1343 τῇ
1633 1271 1886 1343 ἀνατολῇ,

320 1363 414 1414 καὶ
441 1361 679 1432 ᾕλθομεν
706 1361 1080 1433 προσκυνῆσαι
1106 1361 1274 1432 αὐτῷ.
1301 1381 1322 1414 ι
1357 1363 1590 1417 Βασιλέα
1613 1363 1815 1435 ζητεῖς,
1842 1357 1892 1417 ὧ

320 1453 512 1521 Μάγε;
542 1453 636 1507 καὶ¹
661 1453 806 1516 τίνος
849 1453 1037 1517 ἕνεκεν
1079 1453 1154 1518 ὡς
1178 1453 1298 1524 Θεῷ
1332 1455 1661 1526 προσφέρεις
1677 1456 1775 1535 τὸν
1805 1454 1888 1509 λί-

322 1545 514 1610 6ανον;
560 1544 700 1598 Ἀλλ’
730 1540 848 1599 οῖδα
879 1545 979 1598 καὶ.⁴
1011 1545 1256 1616 βασιλέα,
1287 1547 1385 1600 καὶ
1430 1545 1562 1601 Θεὸν
1593 1548 1888 1619 ἐγνώρισα.

323 1637 421 1688 Διά
460 1635 620 1690 τοῦτο
651 1637 746 1690 καὶ
789 1635 989 1709 χρυσὸν
1020 1636 1171 1707 αὐτῷ
1198 1637 1495 1709 προσφέρω
1522 1639 1618 1692 καὶ
1652 1639 1888 1704 λίϐανον,

322 1729 434 1790 τοῖς
462 1727 656 1799 δώροις
691 1727 828 1798 ὁμοῦ
854 1728 948 1782 καὶ
979 1727 1112 1781 Θεὸν
1138 1729 1234 1781 καὶ
1265 1727 1487 1798 βασιλέα
1509 1731 1750 1801 μηνύων.

391 1817 494 1868 lA’.
535 1816 672 1869 Ἀλλ’
704 1809 879 1882 οὗτος,
911 1818 940 1870 ὁ
975 1817 1098 1870 τότε
1145 1816 1373 1887 Μάγους
1404 1819 1641 1884 ἑλκύσας
1665 1822 1891 1893 ἀρρήτῳ

320 1904 548 1976 δυνάμει
594 1905 732 1976 πρὸς
761 1905 860 1976 τὴν
907 1905 1215 1972 εὐσέϐειαν,
1260 1908 1352 1961 καὶ
1391 1907 1485 1962 νῦν
1520 1909 1618 1982 τὴν
1662 1911 1892 1983 φαιδρὰν

323 1997 635 2066 πανήγυριν
671 1996 1036 2067 συνεκρότησε
1070 1997 1331 2068 σήμερον,
1366 1998 1466 2052 οὐκ
1498 1999 1578 2054 ἔτι
1615 2003 1674 2054 ὲν
1717 2002 1893 2074 φάτνῃ

320 2085 622 2155 τιθέμενος,
657 2085 770 2139 ἀλλ’
803 2087 896 2138 ὲπὶ
923 2089 1024 2158 τῆς
1061 2087 1435 2158 σωτηριώδους
1461 2089 1740 2162 τραπέζης
1763 2092 1894 2146 ταύρ

321 2194 422 2244 της
451 2177 829 2248 προκείμενος·
860 2177 1041 2250 ἐκείνη
1074 2180 1182 2250 γὰρ
1220 2182 1254 2252 ή
1287 2182 1461 2253 φάτνη
1493 2183 1591 2253 τῆς
1616 2185 1894 2258 τραπέζης

323 2269 528 2337 ταύτης
575 2271 757 2341 μήτηρ
794 2270 1026 2339 ἐγένετο.
1059 2273 1160 2326 Διά
1193 2273 1347 2328 τοῦτο
1377 2276 1435 2328 ὲν
1461 2276 1644 2348 ἐκείνῃ
1663 2277 1890 2343 τίθεται,

325 2360 416 2413 ἵνα
445 2359 537 2412 ἐπὶ
562 2359 766 2431 ταύτης
793 2361 997 2432 βρωθῇ,
1042 2363 1136 2417 καὶ
1159 2363 1381 2434 γένηται
1410 2369 1524 2430 τοῖς
1554 2370 1764 2431 πιστοῖς
1793 2385 1897 2422 σω-

325 2449 516 2520 τήριον
558 2449 781 2520 ἔδεσμα.
848 2451 987 2506 Ἀλλ’
1019 2455 1052 2522 ή
1109 2454 1207 2524 μὲν
1263 2455 1440 2528 φάτνη
1487 2457 1588 2528 τὴν
1638 2458 1897 2530 λαμπράν

325 2539 530 2610 ταύτην
570 2541 805 2606 ἀνέδειξε
849 2542 1150 2613 τράπεζαν,
1177 2546 1211 2616 ή
1242 2544 1298 2598 δὲ
1330 2548 1606 2618 Παρθένος
1651 2550 1778 2614 τοὺς
1805 2569 1898 2621 χο-

331 2633 458 2702 ροὺς
489 2632 709 2696 τούτους
742 2633 1040 2706 ἐϐλάστησε
1070 2635 1170 2705 τῆς
1208 2637 1522 2705 παρθενίας·
1555 2641 1588 2709 ή
1616 2640 1673 2692 δὲ
1709 2640 1802 2694 τοῦ
1840 2641 1898 2694 ἐν

330 2721 579 2794 Βηθλεὲμ
627 2723 872 2778 οίκίσκου
902 2725 1145 2779 εὐτέλεια
1168 2728 1300 2789 ,τοὺς
1333 2731 1652 2798 περιφανεῖς
1679 2730 1901 2793 τούτους

329 2815 566 2882 ἀνέδειξε
617 2815 810 2878 ναούς·
863 2814 934 2868 τὰ
995 2815 1053 2869 δὲ
1091 2815 1212 2868 τότε
1299 2817 1590 2886 σπάργανα
1641 2817 1751 2871 τῶν
1804 2817 1901 2870 νῦν

333 2905 752 2977 ἁμαρτημάτων
794 2906 1025 2978 λυτήρια
1055 2907 1300 2975 γέγονεν.
1343 2903 1496 2970 Εῑδες
1526 2906 1627 2976 τῆς
1656 2908 1780 2962 τότε
1806 2927 1904 2964 πε-

329 2997 449 3060 νίας
472 2997 542 3050 τὰ
581 2995 677 3050 νῦν
710 2997 1015 3067 φαινόμενα
1063 2997 1504 3069 κατορθώματα;
1549 2994 1702 3062 Εἶδες
1747 3018 1900 3054 πτω-

330 3090 482 3158 χείαν
524 3089 780 3142 τοσούτου
828 3088 1059 3142 πλούτου
1102 3090 1476 3161 γεγενημένην
1527 3094 1772 3163 μητέρα;
1809 3094 1901 3164 Μὴ

332 3180 558 3253 βλάπτει
587 3183 622 3252 ή
660 3181 810 3236 κάτω
847 3180 938 3235 τοῦ
986 3180 1325 3251 Μονογενοῦς
1369 3181 1506 3254 πρὸς
1547 3183 1726 3254 ὀλίγον
1753 3184 1908 3237 εὐτέ-

331 3273 470 3339 λεια,
505 3273 765 3328 τοσοῦτον
803 3273 1033 3328 πλοῦτον
1063 3276 1130 3346 τῇ
1160 3274 1458 3348 οίκουμένῃ
1493 3276 1766 3348 κομίσασα
1791 3318 1806 3343 ,
1840 3277 1906 3331 Τί

330 3359 423 3416 οὖν
467 3362 748 3428 ὀνειδίζεις
796 3363 1016 3436 Χριστῷ
1065 3363 1164 3434 τὴν
1203 3366 1261 3418 ἐν
1295 3365 1544 3437 Βηθλεὲμ
1590 3367 1902 3433 εὐτέλειαν;

332 3454 432 3507 Διὰ
457 3455 510 3508 τί
543 3453 736 3509 πενίαν
762 3455 951 3528 φέρεις
997 3455 1076 3518 είς
1107 3454 1291 3526 μέσον,
1331 3454 1402 3509 τά
1439 3455 1500 3520 ἐξ
1534 3455 1707 3524 αὐτῆς
1737 3453 1903 3524 κέρδη

332 3547 427 3600 τοῦ
473 3547 680 3618 κόσμου
733 3547 808 3621 μὴ
845 3547 1225 3618 λογιζόμενοςς
1257 3547 1358 3600 Διά
1401 3545 1454 3598 τί
1486 3543 1705 3609 ἀνάξιον
1728 3544 1907 3612 λέγεις

331 3635 466 3690 Θεοῦ
497 3637 689 3702 πάθος,
718 3638 989 3692 τοσούτων
1029 3635 1248 3704 ἀγαθῶν
1281 3633 1576 3704 γενόμενον
1604 3630 1903 3704 πρόξενονς

334 3729 445 3797 Διὰι
464 3729 517 3780 τί
540 3730 746 3800 ἀφαιρῇ
771 3729 864 3781 τοῦ
899 3724 1239 3792 Μονογενοῦς
1264 3723 1336 3777 τὰ
1369 3724 1662 3794 τραύματα
1684 3723 1744 3787 ὃς
1769 3722 1905 3793 (19),

331 3819 598 3888 τοσαύτην
647 3817 922 3887 σωτηρίαν
985 3816 1098 3876 τοῖς
1162 3811 1471 3882 ἀνθρώποις
1524 3813 1800 3883 ὲπήγασες
1841 3811 1907 3866 Τί

335 3909 695 3982 παρακαθέζῃ
732 3909 1040 3979 παθήμασι,
1088 3907 1186 3960 κα)⁵
1235 3905 1296 3958 ού
1343 3904 1562 3976 βλέπεις
1593 3904 1702 3958 τῶν
1739 3903 1909 3974 παθη.

339 4001 523 4068 μάτων
567 3999 635 4051 τὰ
663 3998 760 4051 νῦν
803 3997 1072 4066 γενόμενα
1101 3995 1532 4068 κατορθώματα;
1585 3995 1683 4050 Διά
1720 3995 1774 4048 τί
1809 4011 1909 4049 πε-

334 4090 453 4142 νίαν
491 4090 675 4156 λέγεις
732 4088 956 4153 ἀναξίαν
980 4087 1138 4155 Θεοῦ,
1175 4088 1242 4142 δι’
1269 4084 1337 4160 ἧς
1381 4090 1410 4142 ὁ
1459 4089 1662 4159 κόσμος
1689 4088 1909 4141 πλουτεῖ

333 4179 433 4246 τὴν
462 4177 779 4247 εύσέϐειαν;
810 4178 908 4233 Διά
938 4178 992 4233 τί
1027 4179 1256 4235 θάνατον
1287 4179 1508 4246 ἀνάξιον
1541 4178 1676 4232 Θεοῦ
1706 4177 1906 4248 λέγεις,

333 4263 378 4336 ᾧ
399 4270 532 4334 Θεὸς
563 4269 807 4341 ἀνήλωσε
850 4272 1118 4340 θάνατον;
1161 4273 1320 4337 Τίνος
1365 4271 1550 4326 ἕνεκεν
1588 4271 1822 4343 σταυρὸν
1845 4273 1906 4328 ού

1920 1719 1968 1778 Β

1977 456 2234 519 aspectus
2258 447 2529 519 judicium
2572 442 2821 513 fugiens,
2879 456 3058 510 neque
3097 442 3334 510 quietem
3369 455 3549 509 neque

1979 549 2192 596 motum
2213 539 2496 594 stellarum
2524 532 3084 589 manifestumscnsui
3113 532 3242 585 facit
3273 548 3286 583 :
3325 551 3342 581 ι
3361 531 3547 589 Stetit,

1981 630 2180 700 inquit,
2213 631 2370 684 stella
2403 643 2569 698 supra
2597 627 2802 691 locum,
2838 623 2934 678 ubi
2963 631 3081 678 erat
3106 638 3243 692 puer
3259 622 3325 674 ⁸⁸.
3354 640 3371 671 ι
3413 622 3556 691 Ergo

1981 724 2302 794 relinquens
2330 720 2680 777 altitudinem
2709 718 2866 774 stella
2893 733 3015 787 quae
3033 715 3348 786 apparebat,
3374 714 3555 767 humi-

1981 814 2088 870 lior
2117 814 2262 868 facta
2288 821 2394 878 est,
2431 822 2494 868 ut
2536 811 2740 867 stando
2786 809 3129 864 nativitatem
3177 806 3320 876 regis
3366 812 3552 860 osten-

1983 905 2160 961 deret.
2195 905 2334 960 Nam
2365 913 2628 973 tanquam
2655 916 2839 972 regem
2869 899 3191 970 quaerebant
3212 897 3382 967 Magi,
3417 895 3560 966 regis

1983 996 2334 1052 nativitatem
2382 995 2824 1064 interrogantes,
2879 990 3194 1060 Judaaisque
3255 988 3502 1042 dicentes
3543 1004 3558 1040 :

1994 1107 2014 1142 ι
2033 1089 2135 1145 Ubi
2156 1097 2241 1144 est
2257 1087 2352 1157 qui
2374 1096 2534 1142 natus
2554 1095 2640 1141 est
2659 1099 2756 1139 rex
2775 1082 3126 1140 Iudaeorum?
3149 1080 3400 1137 Vidimus
3414 1078 3562 1132 enim

1987 1179 2200 1234 stellam
2222 1180 2342 1250 ejus
2365 1178 2420 1231 in
2445 1178 2684 1242 oriente,
2708 1184 2764 1232 et
2782 1175 3038 1230 venimus
3061 1169 3292 1227 adorare
3315 1186 3441 1226 eum
3459 1170 3557 1222 6".»

1988 1274 2194 1343 Regem
2235 1272 2459 1341 quatris,
2505 1286 2539 1326 ο
2568 1271 2738 1342 Mage,
2787 1274 2845 1324 et
2883 1283 2983 1323 cur
3011 1274 3269 1334 tanquam
3295 1264 3408 1318 Deo
3440 1262 3572 1316 thus

1989 1362 2185 1417 offers?
2238 1362 2344 1416 Sed
2368 1362 2494 1416 novi
2515 1371 2572 1417 et
2596 1376 2800 1431 regem,
2830 1366 2890 1414 et-
2907 1359 3079 1414 Deum
3103 1368 3394 1425 cognosco.
3437 1354 3568 1407 Pro-

1990 1462 2177 1522 pterea
2205 1462 2261 1507 et
2283 1469 2480 1508 aurum
2511 1453 2566 1507 ei
2594 1451 2767 1506 oﬂ'ero
2799 1459 2856 1504 et
2882 1449 3032 1514 thus,
3058 1443 3382 1502 muneribus
3407 1442 3576 1498 simul-

1991 1554 2048 1600 et
2082 1547 2254 1602 Deum
2279 1555 2336 1602 et
2371 1563 2559 1617 regem
2589 1543 2901 1614 designans.

2062 1823 2154 1878 XI.
2214 1822 2323 1877 Sed
2355 1822 2481 1885 iste,
2533 1821 2629 1890 qui
2664 1829 2795 1875 tunc
2819 1818 3004 1888 Magos
3055 1816 3320 1872 ineffabin
3364 1818 3573 1871 virtute

1993 1915 2060 1969 ad
2111 1914 2373 1984 pietatem
2420 1911 2621 1976 traxit,
2660 1911 2808 1966 idem
2841 1911 3021 1965 laetam
3047 1909 3192 1963 hanc
3219 1909 3576 1963 festivitatem

1992 2006 2265 2062 hodierno
2284 2005 2374 2060 die
2397 2002 2722 2069 constituit;
2747 2016 2858 2056 non
2880 2001 2991 2072 jam
3013 2001 3068 2055 in
3091 1999 3324 2070 praesepi
3340 1999 3576 2068 positus,

1993 2097 2091 2151 sed
2113 2097 2168 2151 in
2193 2096 2299 2152 hac
2323 2095 2550 2150 salutari
2575 2110 2763 2149 mensa
2783 2091 3104 2163 propositus
3134 2108 3147 2144 :
3179 2090 3314 2144 illud
3339 2104 3579 2159 namque

1993 2203 2238 2258 praesepe
2281 2202 2486 2241 mensm
2520 2186 2652 2241 huic
2681 2199 2882 2254 parens
2909 2183 3116 2238 factum
3140 2191 3244 2237 est.
3279 2181 3591 2250 Propterea.

1995 2276 2054 2331 in
2083 2275 2178 2329 illo
2205 2282 2291 2330 est
2314 2275 2548 2344 positus,
2578 2280 2641 2327 ut
2665 2273 2720 2326 in
2749 2273 2853 2327 ista
2873 2271 3096 2335 edatur,
3126 2279 3182 2325 et
3205 2269 3464 2324 ﬁdelibus
3489 2269 3580 2323 fiat

1995 2367 2255 2422 salutaris
2283 2366 2461 2420 cibus.
2519 2365 2629 2419 Sed
2664 2363 2799 2418 illud
2834 2362 3059 2433 quidem
3093 2375 3340 2431 praesepe
3378 2361 3580 2414 claram

1997 2457 2141 2514 hane
2170 2471 2415 2512 mensam
2443 2455 2778 2526 designavit,
2818 2454 2984 2522 Virgo
3003 2460 3190 2506 autem
3219 2451 3422 2504 choros
3448 2451 3584 2505 istos

1996 2548 2275 2618 virginum
2299 2546 2630 2616 germinavit
2659 2563 2672 2597 ε
2703 2539 3105 2598 Bethlecmitici
3131 2547 3315 2594 autem
3337 2539 3588 2595 diverso-

1999 2639 2069 2692 rii
2097 2640 2280 2692 vilitas
2305 2637 2452 2689 clara
2480 2635 2598 2689 haec
2627 2632 2831 2702 templa
2857 2629 3148 2694 exstruxit,
3185 2638 3243 2684 et
3271 2630 3436 2699 panni
3457 2631 3584 2700 qui-

1999 2729 2105 2781 bus
2133 2735 2263 2780 tune
2293 2725 2577 2778 involutus
2603 2731 2688 2778 est
2710 2763 2724 2787 ,
2777 2722 2922 2777 facti.
2947 2729 3078 2776 sunt
3105 2721 3456 2791 pmsentium
3493 2737 3582 2776 re-

2001 2818 2204 2872 solutio
2255 2822 2631 2884 peccatorum.
2695 2813 2860 2869 V’ides
2907 2813 3058 2868 illius
3088 2814 3432 2882 paupertatis
3462 2828 3589 2882 qua)

2001 2923 2152 2963 nunc
2179 2915 2499 2978 spectentur
2521 2906 2738 2976 egregia
2769 2905 2969 2974 opera?
3016 2905 3174 2960 vides
3202 2913 3580 2975 paupertatem

2005 3008 2282 3054 tantarum
2333 2998 2533 3053 factam
2594 2997 2909 3051 divitiarum
2953 2997 3277 3065 parentem?
3325 2995 3583 3065 Nunquid

2005 3091 2165 3146 obest
2190 3091 2282 3144 illa
2309 3090 2363 3143 in
2392 3089 2557 3144 terris
2580 3086 2859 3157 Unigeniti
2885 3085 2954 3140 ad
2979 3086 3238 3157 exiguum
3260 3093 3477 3154 tempus
3491 3085 3586 3139 ah-

2001 3183 2201 3255 jectio,
2239 3196 2362 3252 qum
2387 3188 2567 3234 tantas
2597 3179 2720 3234 orbi
2754 3188 3028 3234 terrarum
3066 3179 3290 3233 divitias
3317 3177 3587 3232 contulit?

2005 3276 2150 3342 Quid
2179 3291 2312 3346 ergo
2333 3273 2631 3342 exprobras
2653 3272 2873 3327 Christo
2898 3272 3376 3326 Bethleemiticam
3406 3268 3587 3323 humi-

2005 3367 2257 3421 litatem?
2288 3365 2399 3418 Cur
2427 3369 2807 3432 paupertatem
2830 3361 3046 3430 profers
3069 3361 3122 3412 in
3143 3360 3407 3423 medium,
3432 3359 3586 3411 lucra

2007 3459 2205 3515 exinde
2222 3455 2345 3512 orbi
2367 3467 2641 3508 terrarum
2666 3461 2820 3520 parta
2837 3467 2946 3504 non
2969 3449 3328 3520 computans?
3354 3447 3466 3503 Cur
3497 3448 3586 3500 in-

2007 3550 2227 3619 dignam
2244 3545 2381 3601 dicis
2399 3544 2511 3598 Deo
2534 3541 2865 3612 passionem,
2884 3555 3005 3611 qua:
3022 3549 3297 3594 tantorum
3313 3538 3588 3592 bonorum

2007 3640 2277 3711 probatur
2309 3636 2452 3690 facta
2478 3634 2730 3689 occasio?
2784 3632 2896 3687 Cur
2934 3631 3122 3686 aufers
3146 3630 3440 3700 Unigenito
3464 3630 3592 3684 vul-

2008 3747 2162 3795 nera,
2194 3745 2315 3799 quze
2345 3735 2548 3782 tantam
2580 3725 2814 3780 salutem
2843 3723 3165 3778 hominibus
3190 3721 3586 3792 profuderunt?

2005 3823 2120 3878 Cur
2149 3821 2396 3876 adhmres
2420 3818 2790 3889 passionibus,
2825 3828 2882 3873 et
2909 3832 3021 3872 non
3050 3815 3208 3870 vides
3251 3823 3454 3885 quanta
3475 3814 3588 3868 sint

2007 3927 2156 3970 nunc
2185 3913 2327 3967 bona
2357 3927 2388 3964 a
2412 3910 2762 3981 passionibus
2783 3909 2892 3964 illis
2917 3909 3201 3980 profecta?
3225 3907 3355 3979 (Cur
3383 3907 3590 3978 passio—

2008 4020 2137 4060 nem
2167 4003 2446 4073 indignam
2479 4001 2621 4055 dicis
2650 4001 2784 4065 Deo,
2821 4015 2944 4070 quae
2973 3999 3139 4054 solvit
3165 3998 3371 4053 diaboli
3401 4006 3584 4069 tyran-

2007 4094 2251 4164 nidem?)
2289 4093 2404 4149 Cur
2434 4098 2814 4163 paupertatem
2841 4089 2980 4145 dicis
3015 4089 3296 4160 indignam
3324 4088 3456 4152 Deo,
3492 4103 3588 4156 per

2008 4203 2174 4259 quam
2195 4183 2436 4240 mundus
2459 4182 2664 4252 pietate
2687 4181 2895 4235 ditatus
2916 4180 3036 4234 est?
3058 4179 3171 4234 Cur
3191 4186 3424 4234 mortem
3448 4177 3588 4231 indi-

2007 4293 2168 4351 gnam
2203 4276 2344 4332 dicis
2380 4275 2492 4330 Deo
2515 4313 2530 4337 ,
2589 4287 2698 4342 qua
2727 4271 2876 4327 Deus
2909 4278 3145 4324 mortem
3176 4269 3448 4339 peremit?
3478 4269 3590 4324 Cur

335 4363 515 4433 λέγεις
543 4364 698 4431 Θεοῦ,
729 4358 774 4433 ᾧ
823 4365 955 4428 Θεὸς
996 4365 1094 4436 τὴν
1134 4365 1334 4420 κακίαν
1369 4365 1482 4436 (ἳο)
1517 4363 1612 4418 τοῦ
1655 4365 1899 4436 δαίμονος

2012 4384 2235 4427 crucem
2279 4368 2376 4423 Dei
2415 4380 2604 4436 negas,
2640 4381 2747 4434 qua
2775 4365 2922 4419 Deus
2951 4363 3019 4417 de
3042 4361 3294 4432 nequitia
3324 4361 3590 4416 daemonis

337 4454 733 4527 ἐθριάμϐευσε;
759 4455 855 4509 Διά
899 4456 951 4509 τί
997 4455 1154 4512 τοῦτο
1181 4457 1341 4529 μόνον
1363 4456 1425 4511 ού
1451 4455 1631 4526 λέγεις
1657 4455 1814 4518 Θεοῦ,
1849 4457 1910 4522 ὃς

334 4547 435 4614 τὴν
522 4546 679 4617 ἡμῶν
727 4547 1004 4620 ἁμαρτίαν
1079 4547 1160 4618 τῷ
1227 4548 1369 4619 ξύλῳ
1401 4549 1764 4620 προσήλωσε;
1815 4548 1908 4622 Μὴ

333 4634 595 4708 διαϐάλῃς
627 4637 807 4709 πάθη,
838 4639 932 4708 ἀφ’
974 4631 1052 4694 ὧν
1097 4638 1334 4693 ἀπάθεια
1372 4638 1637 4695 τίκτεται.
1680 4640 1772 4712 Μὴ
1795 4639 1911 4694 δια-

336 4726 509 4802 σύρῃς
557 4729 850 4794 εὐτέλειαν,
909 4729 1004 4800 ἀφ’
1046 4724 1116 4800 ἦς
1162 4729 1408 4785 διαϐόλου
1434 4731 1691 4802 τυραννὶς
1735 4749 1908 4786 κατα-

335 4818 652 4892 λύεται.Μὴ
683 4821 947 4895 ὀνειδίσῃς
983 4822 1237 4894 ῥάπισμα
1266 4823 1406 4894 Θεῷ,
1421 4823 1489 4876 δι’
1515 4817 1706 4894 οῦ“τῆς
1732 4825 1913 4896 ἁμαρ-

338 4911 460 4976 τίας
488 4913 579 4966 τὸν
624 4913 910 4986 ἄνθρωπον
959 4915 1327 4987 ⁴ηλευθέρωσε.
1386 4915 1478 4987 Μὴ
1528 4915 1664 4969 Θεοῦ
1717 4915 1914 4986 δεσμὸν

337 5003 502 5074 εἴπῃς
524 5005 768 5071 ἀνάξιον,
796 5001 842 5075 ᾧ
871 5007 963 5060 τὸν
994 5007 1194 5079 δεσμὸν
1220 5008 1321 5079 τῆς
1357 5008 1634 5078 ἁμαρτίας
1663 5007 1910 5061 ἀνέλωσε.

338 5093 429 5164 Μὴ
462 5094 587 5164 λέγε
627 5097 822 5152 πενίαν
848 5097 1072 5164 ἀναξίαν
1113 5098 1272 5163 Θεοῦ,
1303 5100 1388 5153 ὅτι
1417 5101 1445 5153 ὁ
1474 5099 1718 5170 διάβολος
1752 5099 1914 5153 πλου-

337 5186 444 5239 τῶν
474 5184 572 5258 τὴν
603 5188 810 5260 πλάνην
835 5190 1168 5262 ἐπτώχευσε.
1205 5191 1298 5261 Μὴ
1328 5192 1612 5262 καταγνῷς
1646 5191 1906 5266 σταυροῦ,

343 5277 561 5346 βωμοὺς
601 5278 988 5346 καταλύοντος,
1048 5282 1184 5353 μηδὲ
1232 5282 1572 5354 ὲξευτελίσῃς
1603 5285 1798 5354 ἥλους,
1833 5280 1913 5349 οἷς

337 5370 436 5437 τὴν
486 5371 810 5442 οἰκουμένην
857 5375 1094 5446 Χριστὸς
1131 5377 1209 5441 εἰς
1247 5378 1304 5431 ἒν
1343 5377 1600 5448 φρόνημα
1639 5377 1735 5449 τῆς
1763 5377 1914 5432 εὐσε-

339 5461 489 5526 ϐείας
519 5464 808 5535 συνέπηξε.
839 5467 930 5536 Μὴ
963 5467 1180 5535 λογίζου
1227 5468 1297 5522 τὰ
1337 5468 1550 5540 εὐτελῆ,
1586 5470 1724 5524 ἀλλά
1755 5469 1824 5524 τὰ
1854 5471 1916 5524 ἐκ

411 5580 456 5610 ⁸⁸
489 5581 678 5636 Matth.
712 5601 768 5649 ιι,
798 5585 850 5639 9.
924 5589 967 5618 ετ
995 5588 1132 5644 lhid.

413 5695 523 5764 (ειη
559 5697 678 5752 Lat.
717 5700 751 5753 ξι

2014 4458 2418 4530 triumphavit?
2446 4457 2558 4511 Cur
2587 4455 2693 4510 hoc
2716 4456 2896 4510 solum
2925 4467 3036 4508 non
3059 4452 3202 4507 dicis
3224 4452 3343 4517 Dei,
3375 4452 3469 4521 qui
3493 4468 3589 4505 no—

2013 4562 2191 4610 strum
2219 4557 2513 4621 peccatum.
2534 4547 2704 4602 aflixit
2731 4546 2916 4617 ligno?
2949 4545 3070 4600 Noli
3094 4544 3358 4613 derogare
3384 4543 3591 4611 passio—

2013 4645 2199 4709 nibus,
2226 4658 2325 4714 per
2339 4656 2478 4712 quas
2497 4638 2910 4710 impassibilitas
2927 4641 3238 4707 generatur.
3268 4633 3388 4687 Noli
3410 4633 3592 4688 detra-

2015 4736 2149 4791 here
2181 4732 2476 4804 abjcctioni
2502 4772 2518 4796 ,
2577 4746 2685 4801 qua
2732 4729 2982 4802 tyrannis
3011 4725 3219 4781 diaboli
3264 4723 3587 4779 destruitur.

2011 4825 2132 4881 Noli
2167 4825 2280 4879 Deo
2319 4825 2532 4893 alapam
2563 4821 2898 4892 exprobrare
2922 4860 2937 4885 ,
2973 4834 3073 4889 per
3103 4833 3266 4887 quam
3292 4831 3321 4869 a
3353 4815 3589 4885 peccatis

2010 4917 2290 4974 hominem
2322 4915 2598 4971 liberavit.
2632 4914 2751 4969 Non
2775 4911 2997 4968 vincula
3023 4912 3134 4965 Deo
3159 4909 3314 4963 dicas
3343 4907 3585 4976 indigna,

2011 5011 2217 5082 quibus
2237 5011 2457 5065 vincula
2484 5009 2695 5079 peccati
2724 5005 2975 5062 resolvit.
3010 5003 3091 5059 Ne
3117 5002 3324 5057 dixeris
3355 5013 3590 5074 pauper-

2014 5113 2182 5160 tatem
2214 5102 2496 5174 indignam
2522 5103 2656 5166 Dco,
2681 5116 2789 5170 qua
2812 5098 3088 5161 diabolus,
3118 5109 3246 5160 cum
3271 5093 3425 5147 dives
3447 5095 3591 5144 esset

2016 5210 2226 5261 errore,
2263 5210 2471 5266 pauper
2504 5193 2682 5248 factus
2705 5199 2812 5246 est.
2845 5190 2968 5247 Noli
3000 5189 3314 5256 vituperare
3345 5194 3587 5245 crucem,

2019 5304 2140 5361 quae
2165 5287 2436 5343 destruxit
2465 5301 2610 5341 aras.
2665 5282 2790 5339 Noli
2821 5281 3106 5352 despicere
3138 5278 3350 5338 clavos,
3385 5271 3588 5342 quibus

2019 5381 2208 5435 orbem
2239 5390 2510 5434 terrarum
2541 5376 2796 5434 Christus
2831 5373 2900 5428 ad
2931 5385 3100 5427 unum
3127 5381 3348 5424 sensum
3373 5362 3589 5436 pietatis

2024 5472 2224 5527 infixit.
2276 5472 2395 5526 Noli
2433 5479 2689 5541 reputare
2722 5482 2842 5538 qua:
2883 5467 3013 5521 vilia
3044 5472 3195 5531 sunt,
3233 5461 3329 5518 sed
3361 5458 3592 5531 quid-ex

2095 5696 2202 5766 (20)
2234 5697 2339 5751 Τοῦ
2375 5696 2587 5769 ἐχθροῦ.
