4048 6210
451 248 592 306 1567

1535 242 1881 300 TIlEODOTl
1922 236 2226 297 EPISCOPI
2264 236 2607 293 ANCYRANI

3565 232 3715 288 1568

448 365 539 421 his
568 364 827 420 effectum
857 362 927 419 sit
962 364 1031 418 ab
1060 379 1127 418 eo
1158 363 1253 432 qui
1290 368 1375 415 est
1400 375 1595 431 passus
1623 359 1849 416 intende
1876 379 1888 414 :
1913 375 2035 429 quae

2138 355 2341 410 τούτων
2370 353 2465 408 τοῦ
2499 352 2763 414 παθόντος
2804 350 3072 420 γενόμενα
3097 346 3517 417 κατορθώματα·
3543 346 3581 399 ἃ.
3608 348 3716 399 οὐκ

448 454 495 506 si
521 452 668 521 sapis
695 492 709 515 ,
764 460 819 506 et
851 451 1014 506 ﬁdem
1044 450 1214 505 rebus
1249 465 1370 519 quze
1394 450 1507 521 jam
1540 450 1801 504 videntur
1831 450 2022 514 habes,

448 559 728 613 nunquam
758 543 910 597 dices
944 542 1214 612 simplicis
1241 541 1411 597 fuisse
1446 542 1688 596 hominis
1710 542 2023 611 passionem

398 656 403 661 ν
448 634 737 689 subeuntis
765 648 951 702 opera.
1005 632 1117 688 Cur
1146 643 1330 689 autem
1359 648 1524 688 vocas
1554 632 1703 696 vilia,
1733 648 1855 703 qua!
1880 633 2026 688 Deus

448 708 676 792 propter
704 721 993 776 hominum
1020 722 1253 777 salutem
1284 722 1567 793 amplexus
1598 723 1716 777 est?
1750 723 1884 777 Nam
1919 723 2021 778 etsi

446 810 729 879 passiones
759 811 1085 866 naturaliter
1112 812 1373 867 dicuntur
1410 818 1468 866 et
1520 821 1680 875 sunt,
1721 813 1816 867 sed
1842 821 2024 867 tamen

446 906 762 952 nostrarum
817 898 1097 955 medicina
1144 900 1374 955 fuerunt
1414 900 1755 970 passionum.
1802 901 2023 971 Nequa-

447 1002 613 1056 quam
643 1003 776 1058 ergo
827 989 895 1043 de
928 1000 1127 1045 caetero
1163 990 1591 1060 haecrpassiones
1625 991 1889 1061 appelles,
1927 990 2025 1046 sed

449 1078 771 1149 passionum
794 1089 1109 1135 nostrarum
1132 1082 1318 1151 potius
1342 1082 1634 1137 medelam.
1664 1083 1734 1137 Et
1755 1082 1868 1136 noli
1889 1082 2024 1136 mihi

448 1169 696 1224 membra
742 1167 993 1241 virginea
1038 1171 1107 1225 ad
1138 1172 1499 1242 opprobrium
1541 1172 1791 1242 proferre
1821 1172 2024 1227 divini-

448 1261 597 1316 tatis.
632 1261 753 1316 Non
775 1262 924 1317 enim
948 1263 1151 1318 horum
1178 1263 1402 1335 indigna
1430 1272 1629 1319 natura
1652 1274 1756 1329 est,
1784 1265 1913 1321 licet
1930 1264 2026 1319 ad-

446 1351 733 1406 venientes
752 1352 1036 1422 passiones
1060 1353 1375 1423 ignominiae
1400 1354 1752 1409 nobilitatem
1776 1356 2027 1425 corporis

447 1441 817 1511 corruperint.
878 1441 999 1497 Non
1036 1442 1187 1497 enim
1222 1443 1404 1512 turpia
1454 1458 1554 1512 per
1590 1451 1845 1498 naturam
1898 1451 2027 1498 sunt

447 1532 718 1597 membra,
746 1532 843 1587 sed
865 1549 964 1603 per
986 1534 1464 1605 concupiscentias
1488 1534 1707 1589 illicitas
1728 1534 1931 1605 probro
1950 1534 2028 1590 af-

449 1622 731 1678 ﬁciuntur.
786 1624 921 1678 Nam
956 1625 1001 1679 si
1046 1634 1231 1681 essent
1263 1626 1444 1697 turpia
1476 1642 1575 1696 per
1602 1635 1878 1692 naturam,
1914 1642 2025 1682 non

2128 449 2195 503 ἂν
2232 448 2408 509 εἴποις
2432 444 2722 515 ἀνθρώπου
2754 440 3034 511 γεγονέναι
3059 438 3327 501 παθόντος
3356 436 3544 508 ψιλοῦ,
3581 436 3717 490 νοῦν

2126 538 2287 610 ἔχων,
2317 538 2415 591 καὶ
2456 537 2569 599 τοῖς
2618 533 2966 606 φαινομένοις
3029 530 3375 600 πειθόμενος.
3407 528 3506 582 Διὰ
3548 528 3604 580 τί
3656 528 3717 581 δὲ

2126 632 2220 685 καὶ
2265 629 2374 700 (21)
2420 628 2599 692 λαλεῖς
2631 626 2845 697 εὐτελῆ,
2877 625 2914 680 ἃ
2959 626 2988 678 6
3015 625 3149 687 Θεὸς
3184 623 3272 677 διὰ
3310 622 3586 691 σωτηρίαν
3616 622 3715 673 ἀν-

2128 721 2362 793 θρώπων
2391 718 2678 791 ἠσπάσατο
2703 734 2718 785 ;
2743 719 2807 771 Et
2831 717 2938 789 γὰρ
2964 715 3268 786 παθήματα
3299 716 3369 785 τῇ
3406 711 3568 782 φύσει
3596 713 3718 764 ἐστί

2124 831 2184 866 τε
2217 814 2311 867 καὶ
2347 812 2590 880 λέγεται,
2634 810 2748 864 ἀλλ’
2793 808 3008 880 ίατρεία
3044 806 3236 876 γέγονε
3268 805 3379 857 τῶν
3424 802 3718 874 ἡμετέρων

2126 902 2335 957 παθῶν.
2370 902 2584 973 Μηκέτι
2612 900 2744 971 γοῦν
2775 900 2907 953 αὐτὸ
2938 898 3313 971 προσαγόρευε
3347 894 3541 959 πάθος,
3574 894 3719 948 ἀλλὰ

2125 994 2317 1048 παθῶν
2362 993 2470 1048 τῶν
2505 992 2794 1064 ἡμετέρων
2848 976 3010 1061 ῐαμα.
3070 987 3184 1042 Kal.
3219 990 3293 1057 μή
3339 1003 3430 1057 μοι
3467 986 3538 1039 τὰ
3573 985 3715 1056 μέλη

2126 1085 2225 1155 τῆς
2256 1082 2552 1153 παρθενίας
2596 1082 2676 1144 είς
2712 1080 2913 1142 ὄνειδος
2948 1076 3201 1145 θεότητος
3238 1075 3394 1145 φέρε.
3423 1072 3561 1127 Οὐδὲ
3602 1073 3718 1143 γὰρ

2127 1177 2333 1231 τούτων
2387 1178 2422 1246 ὴ
2472 1174 2635 1244 φύσις
2666 1171 2814 1227 ἐστὶν
2847 1169 3061 1234 ἀναξία·
3094 1166 3198 1220 κᾶν
3224 1164 3611 1219 ἐπεισελθόντα
3643 1164 3720 1216 τὰ

2126 1268 2227 1339 τῆς
2263 1268 2489 1339 ἀτιμίας
2522 1265 2691 1336 πάθη,
2725 1264 2826 1335 τὴν
2856 1262 3141 1331 εὐγένειαν
3179 1258 3276 1312 τοῦ
3303 1256 3557 1326 σώματος
3593 1256 3723 1309 ὲλυ-

2131 1361 2390 1432 μήναντο.
2427 1358 2502 1411 Οὐ
2532 1356 2642 1427 γὰρ
2673 1352 2877 1425 αἰσχρὰ
2896 1354 2962 1423 τῇ
2987 1352 3149 1423 φύσει
3184 1350 3253 1403 τὰ
3282 1348 3441 1418 μέλη,
3476 1347 3615 1400 ἀλλὰ
3648 1347 3719 1398 δι’

2131 1450 2439 1522 ἐπιθυμίας
2492 1448 2696 1504 ἀτόπου
2743 1445 3045 1516 ὑϐρίζεται.
3078 1442 3143 1496 Et
3168 1441 3279 1512 γὰρ
3304 1435 3374 1510 ἦν
3413 1437 3618 1510 αἰσχρά
3646 1441 3718 1508 τῇ

2128 1542 2311 1613 φύσει,
2349 1540 2450 1594 οὐκ
2484 1538 2551 1595 ἂν
2590 1538 2765 1592 ταῦτα
2801 1536 2934 1600 Θεὸς
2961 1536 3086 1599 ταῖς
3135 1532 3293 1596 ίδίαις
3336 1530 3614 1600 παλάμαις
3638 1530 3724 1582 δι-

2130 1633 2365 1688 έπλασεν
2387 1647 2403 1664 ο
2436 1631 2737 1702 ἐπειδήπερ
2772 1629 2875 1683 οὐκ
2914 1626 3157 1699 αἰσχρῶν
3185 1628 3215 1680 6
3248 1623 3404 1688 Θεὸς,
3439 1622 3577 1677 ἀλλὰ
3604 1622 3723 1673 τῶν

449 1713 567 1770 Ιιαεο
594 1716 742 1771 Deus
770 1717 1010 1787 propriis
1036 1718 1291 1774 manibus
1316 1718 1698 1786 formavisset;
1734 1721 1862 1790 quia
1883 1720 2027 1775 Deus

2138 1724 2431 1777 καλλίστων
2449 1722 2568 1775 ἐστὶ
2592 1721 2851 1791 ποιητήςο
2890 1738 2909 1772 ι
2945 1716 3066 1772 Είδε
3093 1717 3204 1788 γὰρ
3240 1714 3422 1770 πάντα
3450 1712 3486 1768 ἃ
3520 1712 3726 1781 εποίη-

446 1821 560 1862 non
614 1808 890 1878 turpium,
946 1809 1044 1864 sed
1094 1809 1608 1866 deccntissimorum
1635 1811 1891 1867 conditor
1921 1821 2026 1866 est.

455 1916 475 1950 ι
496 1897 646 1955 Vidit
670 1899 840 1965 enim,
872 1900 1072 1970 inquit,
1107 1902 1292 1956 omnia
1320 1918 1441 1971 qua:
1468 1902 1601 1956 fecit
1622 1903 1785 1967 Deus,
1822 1910 1879 1957 et
1897 1917 2027 1957 ecce

447 1989 680 2059 pulchra
723 1990 881 2046 valde
905 1990 971 2045 ⁸⁸.
998 2012 1016 2043 ι
1078 1993 1226 2047 Nihil
1270 1994 1421 2048 enim
1469 1995 1669 2048 horum
1714 2010 1837 2063 quae
1868 2010 1898 2048 a
1930 1995 2044 2049 Deo

447 2078 592 2134 facta
620 2089 750 2135 sunt
787 2097 886 2151 per
910 2093 1161 2137 naturam
1187 2084 1463 2154 propriam
1485 2094 1570 2139 est
1590 2086 1827 2152 malum;
1866 2099 2046 2155 neque

448 2177 607 2239 turpe
634 2170 842 2240 aliquid
872 2172 1017 2226 Deus
1046 2172 1179 2227 fecit
1206 2191 1219 2226 :
1247 2174 1341 2227 sed
1372 2188 1516 2227 nosa
1533 2174 1708 2243 prima
1728 2174 1819 2229 illa
1839 2174 2045 2229 consti-

445 2260 662 2316 tutione
690 2260 828 2330 lapsi
874 2262 1333 2331 concupiscentiis
1365 2263 1569 2318 illicitis
1605 2272 1814 2320 natura:
1844 2272 2046 2321 nostrae

446 2349 811 2404 contumelias
842 2349 1224 2419 irrogavimus.
1293 2350 1348 2403 Si
1382 2366 1532 2419 ergo,
1576 2366 1701 2404 cum
1725 2352 2048 2406 formaverit

2132 1833 2225 1870 σεν
2257 1817 2285 1871 6
2320 1815 2484 1880 Θεὸς,
2522 1813 2617 1867 καὶ
2674 1812 2786 1867 ἰδοὺ
2833 1809 2974 1864 καλὰ
3023 1808 3161 1862 λίαν.
3205 1825 3224 1858 ι
3263 1806 3428 1860 οὐδὲν
3472 1803 3580 1873 γὰρ
3604 1803 3726 1855 τῶν

2133 1904 2237 1959 ὑπὸ
2257 1904 2391 1959 Θεοῦ
2410 1902 2714 1974 γενομένων
2734 1904 2802 1972 τῇ
2828 1900 2936 1969 ίδίᾳ
2955 1898 3116 1967 φύσει
3139 1896 3328 1960 κακὸν,
3346 1894 3466 1948 οὐδὲ
3491 1893 3727 1963 αἰσχρόν

2140 2013 2194 2050 τι
2233 1995 2635 2051 κατεσκεύασεν
2664 1995 2693 2045 6
2730 1992 2881 2056 Θεός’
2917 1990 3030 2044 ἀλλ’
3054 1990 3215 2059 ἡμεῖς
3247 1988 3345 2059 τῆς
3368 1985 3593 2055 πρώτης
3628 1985 3728 2035 ὲκ-

2141 2086 2400 2151 πεσόντες
2426 2081 2794 2154 κατασκευῆς,
2829 2080 3148 2151 ἐπιθυμίαις
3180 2078 3399 2139 ἀτόποις
3423 2074 3523 2145 τὴν
3556 2073 3729 2142 φύσιν

2141 2177 2298 2249 ἡμῶν
2333 2175 2769 2248 καθυϐρίσαμεν.
2802 2174 2865 2226 El
2897 2166 2989 2226 οῦν
3023 2170 3235 2233 πλάσας
3259 2170 3287 2221 6
3316 2168 3447 2230 Θεὸς
3466 2166 3536 2219 τὰ.
3570 2164 3720 2234 μέλη

2141 2269 2243 2339 τῆς
2264 2268 2536 2338 γυναικὸς,
2567 2268 2629 2320 ού
2661 2264 3023 2327 διαϐάλλεται,
3057 2261 3180 2315 οὐδὲ
3214 2260 3501 2330 ἑνοικήσας
3529 2258 3591 2311 ὲν
3618 2256 3720 2308 αύ-

2141 2363 2253 2423 τοῖς
2299 2360 2656 2431 ἐνυϐρίζεταιο
2696 2361 2755 2413 ὲν
2794 2357 2899 2427 ίδίᾳ
2928 2354 3035 2426 γὰρ
3064 2354 3241 2408 κτίσει
3267 2352 3399 2415 Θεὸς
3433 2351 3535 2404 οὐκ
3593 2350 3730 2403 ἁνα-

448 2441 595 2495 Deus
619 2442 865 2495 membra
898 2441 1165 2505 mulieris,
1198 2455 1309 2495 non
1341 2450 1662 2505 accusatur;
1700 2459 1898 2513 neque,
1926 2459 2051 2501 cum
2160 2452 2285 2517 ξίως
2315 2454 2471 2504 οίκεῖ.

450 2530 719 2587 inhabitat
772 2532 829 2585 in
879 2532 994 2598 eis,
1054 2533 1312 2605 injuriam
1348 2534 1554 2604 patitur
1584 2552 1598 2588 :
1636 2534 1692 2589 in
1721 2551 1817 2591 sua
1844 2537 2045 2608 quippe

448 2629 702 2675 creatura
732 2620 878 2676 Deus
908 2636 1020 2677 non
1052 2621 1274 2693 indigne
1305 2622 1593 2677 inhabitat.

522 2710 641 2767 XII.
691 2714 866 2769 Porro
918 2714 965 2768 si
1019 2714 1236 2769 dixeris
1273 2732 1285 2768 :
1322 2714 1609 2782 Quomodo
1643 2732 1844 2773 coelum
1879 2720 2049 2774 relin-

450 2815 633 2871 quens
677 2800 951 2856 habitavit
985 2802 1041 2856 in
1078 2803 1279 2859 utero?
1310 2804 1490 2859 dicam
1525 2805 1625 2860 tibi
1659 2815 1715 2861 et
1746 2822 1867 2877 ego,
1898 2808 2048 2877 quia,

450 2908 576 2949 cum
611 2893 757 2949 Deus
786 2902 956 2960 esset,
1007 2894 1174 2950 homo
1210 2906 1436 2966 prepter
1466 2898 1718 2953 homines
1743 2898 1918 2954 factus
1942 2907 2046 2963 est,

451 2999 680 3039 manens
708 2986 873 3049 Deus,
910 2995 967 3040 et
995 2987 1116 3056 ejus
1139 2986 1452 3042 substantia
1486 3004 1594 3042 non
1617 2997 1847 3044 mutata.
1903 2989 2047 3044 Con-

2218 2718 2318 2771 IB'.
2356 2716 2416 2768 Ei
2438 2715 2495 2768 δὲ
2524 2712 2723 2781 λέγεις’
2753 2710 2873 2773 πῶς
2907 2706 3132 2779 οὐρανὸν
3160 2703 3499 2766 καταλιπὼν,
3527 2705 3585 2758 ὲν
3616 2704 3736 2774 μή-

2145 2826 2253 2881 τρᾳ
2274 2806 2632 2877 κατῴκησενς
2667 2803 2778 2875 ὲρῶ
2824 2818 2905 2854 σοι
2950 2797 3138 2868 κάγώ’
3179 2799 3262 2851 ὃτι
3307 2796 3442 2860 Θεὸς
3477 2794 3589 2863 ὢν,
3634 2796 3736 2851 ἇν-

2146 2899 2363 2969 θρωπος
2400 2896 2468 2951 δι’
2496 2892 2828 2965 ⁵ἀνθρώπους
2880 2890 3117 2961 ἐγένετο,
3177 2888 3367 2959 μείνας
3421 2886 3586 2950 Θεὸς,
3632 2886 3733 2939 καὶ

2143 2992 2205 3045 ού
2267 2986 2655 3060 μετατεθείσης
2703 2983 2803 3053 τῆς
2839 2980 3048 3045 οὐσίας.
3112 2976 3391 3049 Ὀμολογῶ
3435 2974 3733 3048 τοιγαροῦν

455 3073 618 3129 fiteor
664 3076 850 3145 itaque
892 3076 1150 3130 eumdem
1205 3078 1378 3131 Deum
1410 3088 1465 3133 et
1494 3080 1772 3134 hominem
1812 3097 1826 3133 :
1864 3081 2033 3135 Deum

2141 3084 2234 3136 τὸν
2262 3081 2423 3136 αὐτὸν
2449 3078 2581 3132 Θεὸν
2605 3075 2700 3131 καὶ
2728 3074 3032 3146 ἄνθρωπον
3059 3070 3193 3125 Θεὸν
3225 3068 3323 3165 μεν
3357 3066 3463 3165 πρὸ
3492 3066 3731 3165 αίιξινιμν,

452 3165 677 3235 quidem
725 3174 853 3221 ante
877 3167 1075 3221 saecula
1136 3166 1439 3239 (hominem
1482 3185 1612 3223 vero
1643 3186 1712 3225 ex
1758 3179 1915 3240 partu
1952 3172 2034 3225 fa-

451 3264 602 3311 ctum
630 3275 643 3311 :
668 3258 841 3312 Deum
862 3258 1086 3328 quidem
1116 3270 1382 3331 perpetue
1404 3262 1910 3332 consempiternum
1937 3266 2038 3319 Pa-

452 3344 569 3416 tri),
591 3345 872 3403 hominem
898 3363 1030 3402 vero
1055 3348 1281 3415 factum,
1314 3359 1371 3404 et
1396 3366 1462 3405 ex
1487 3360 1646 3421 partu
1682 3352 1902 3407 initium
1936 3354 2035 3407 ha-

454 3436 675 3493 bentem
711 3457 723 3492 :
752 3455 863 3493 non
896 3439 1057 3506 duos,
1088 3442 1184 3496 sed
1209 3457 1414 3509 unum;
1447 3458 1557 3499 non
1581 3453 1842 3514 tanquam
1869 3461 2036 3500 unum

453 3530 724 3596 dicamus,
757 3531 1035 3601 duplicem
1060 3549 1193 3589 vero
1224 3534 1595 3606 intelligamus
1631 3552 1647 3591 :
1680 3553 1860 3607 neque
1889 3538 2038 3592 enim

453 3626 675 3689 oportet
705 3621 1046 3677 contrarium
1073 3638 1197 3679 esse
1233 3624 1476 3683 sermoni
1508 3626 1870 3682 intellectum.
1918 3627 2036 3682 Non

455 3712 816 3783 intelligimus
860 3714 999 3770 duos
1020 3756 1034 3780 ,
1095 3730 1266 3771 unum
1296 3726 1477 3773 autem
1501 3719 1847 3776 conﬁtemur.
1882 3720 2040 3787 Quod

452 3802 603 3857 enim
637 3803 1049 3873 dispensatione
1080 3816 1137 3863 et
1176 3809 1443 3864 miraculo
1465 3810 1821 3880 conjunctum
1842 3820 1946 3875 est,
1984 3811 2041 3866 id

457 3910 637 3965 nequc
657 3911 838 3951 sermo
855 3907 1095 3967 separat,
1114 3915 1295 3969 neque
1314 3900 1695 3972 intelligentia.
1716 3902 1773 3958 Si
1787 3919 1896 3973 qua
1908 3919 2042 3959 vero

454 3986 718 4058 cogitatio
749 3996 969 4058 separet
997 3990 1145 4059 quod
1181 3992 1539 4061 coniunctum
1564 4001 1678 4057 est,
1712 3993 2040 4049 dissolutum

457 4075 749 4143 intellexit,
786 4087 845 4134 et
864 4078 1034 4133 falsus
1061 4080 1247 4135 evadit
1277 4081 1615 4148 intellectus,
1648 4099 1910 4153 separans
1931 4084 2042 4138 uti-

455 4183 564 4239 que
616 4170 762 4239 quod
814 4186 1035 4240 semper
1061 4173 1419 4242 conjunctum
1470 4182 1574 4229 est.
1640 4173 1872 4244 Oportet
1909 4192 2042 4247 ergo

457 4261 696 4316 sermoni
727 4262 1165 4318 consentientem
1200 4264 1405 4319 habere
1435 4265 1775 4320 intellectum
1816 4285 1829 4320 :
1868 4284 2041 4322 unum

458 4353 643 4410 dicere
687 4353 968 4410 Christum
994 4396 1009 4421 ,
1058 4356 1315 4411 eumdem
1369 4366 1426 4412 et
1464 4358 1637 4414 Deum
1661 4366 1719 4413 et
1740 4357 2041 4414 hominem.

2142 3171 2428 3242 ἄνθρωπον
2479 3168 2575 3237 μὲν
2612 3165 2929 3235 γενόμενον,
2954 3161 3047 3216 καὶ
3096 3162 3163 3213 ὲκ
3210 3157 3305 3213 τοῦ
3355 3157 3516 3210 τόκου
3555 3155 3731 3227 ἀρξά-

2142 3277 2321 3330 μενον·
2361 3258 2423 3311 ού
2452 3257 2564 3319 δύο,
2600 3255 2715 3310 ἀλλ’
2744 3254 2862 3318 ἕνα,
2893 3253 2954 3306 ού
2994 3250 3331 3324 φραζόμενον
3366 3247 3442 3310 ὼς
3470 3247 3586 3309 Eva,
3615 3245 3731 3297 διτ-

2139 3353 2235 3405 τὸν
2269 3350 2326 3404 δὲ
2349 3348 2565 3403 ὲπινοού
2575 3364 2754 3418 μενον·
2782 3345 2902 3400 οὐδὲ
2940 3344 3048 3415 γὰρ
3070 3340 3337 3415 μάχεσθαι
3368 3339 3447 3393 δεῖ
3474 3337 3553 3406 τῷ
3583 3336 3733 3404 λόγῳ

2139 3445 2239 3516 τὴν
2276 3442 2507 3497 ἔννοιαν.
2558 3441 2633 3496 Ού
2656 3439 2886 3509 νοοῦμεν
2908 3437 3024 3503 δύο,
3058 3433 3428 3507 ὁμολογοῦμεν
3453 3430 3508 3483 δὲ
3529 3429 3647 3482 ἕνα·
3664 3427 3731 3480 τὸ

2140 3538 2247 3610 γὰρ
2279 3533 2560 3606 οίκονομίᾳ
2593 3532 2691 3587 καὶ
2730 3531 2966 3602 θαύματι
3004 3526 3349 3598 συνημμένον
3372 3562 3387 3587 ,
3417 3518 3536 3573 οὐδὲ
3564 3518 3729 3610 λόγος

2140 3609 2433 3700 διῖστησιν,
2479 3626 2600 3680 οὐδὲ
2654 3624 2852 3679 ἔννοια.
2883 3623 2950 3676 Εἰ
2994 3620 3053 3674 δέ
3088 3636 3174 3682 τις
3248 3615 3448 3671 ἐπίνοια
3492 3609 3724 3678 διαστήο

2143 3739 2256 3775 σειε
2286 3720 2348 3774 τὸ
2380 3716 2749 3788 συνημμένον,
2784 3710 3167 3782 διαλελυμένον
3196 3708 3411 3777 ἐνόησε,
3449 3700 3544 3756 καὶ
3575 3700 3720 3769 ψευο

2141 3813 2239 3884 δὴς
2273 3813 2307 3883 ἡ
2335 3810 2514 3865 ἔννοια
2542 3807 2773 3875 γίνεται,
2795 3804 3132 3874 διαστήσασα
3153 3799 3214 3852 τὸ
3244 3793 3588 3884 συνημμένον
3610 3790 3721 3844 ἀεί.

2144 3881 2237 3955 Δεῖ
2262 3881 2355 3969 οῦν
2386 3894 2861 3968 συνομολογοῦσαν
2904 3892 3051 3962 ἐχειν
3078 3888 3157 3959 τῷ
3182 3886 3321 3955 λόγῳ
3361 3883 3461 3953 τὴν
3486 3881 3722 3935 ἐννοιαψ

2144 3990 2242 4045 ἕνα
2275 3989 2454 4058 λέγειν
2484 3985 2740 4056 Χριστὸν,
2791 3984 2881 4037 τὸν
2910 3981 3072 4036 αὑτὸν
3108 3977 3241 4031 Θεὸν
3281 3976 3374 4028 καὶ
3408 3971 3721 4042 ἄνθρωπον.

2145 4079 2354 4136 Οὐκοῦν
2379 4078 2477 4131 ἕνα
2507 4077 2601 4129 καὶ
2625 4075 2755 4128 νόει.
2786 4074 2847 4125 Εἰ
2882 4071 2940 4124 δὲ
2970 4070 3148 4137 λέγεις
3192 4065 3291 4135 μὲν
3327 4063 3446 4127 ἕνα,
3488 4061 3725 4121 ὲπινοεξ

2144 4176 2203 4231 δὲ
2230 4173 2346 4237 δύο,
2377 4169 2456 4242 τῷ
2480 4170 2624 4240 λόγῳ
2658 4184 2753 4221 σου
2795 4160 3141 4233 πολεμοῦσαν
3174 4157 3321 4227 ἔχεις
3355 4154 3457 4224 τὴν
3484 4150 3719 4242 ἔννοιαν.

2144 4268 2238 4340 Μὴ
2268 4262 2361 4320 οὖν
2398 4240 2523 4331 λέγε
2554 4260 2670 4321 δύο,
2710 4256 2942 4328 διαφορᾷ
2975 4270 3082 4305 τινι
3129 4248 3473 4340 διῖστάμενα.
3522 4243 3584 4340 Ei
3614 4240 3723 4309 γὰρ

2148 4333 2290 4424 ever;
2319 4356 2603 4428 τῷλόγῳ,
2642 4351 2716 4422 μὴ
2759 4349 2938 4419 τέμῃς
2979 4347 3045 4415 τῇ
3079 4340 3276 4411 ἐννοίᾳ.
3317 4336 3469 4428 [Si—6s
3507 4333 3726 4428 τεμνεις

459 4446 605 4517 Ergo
653 4453 710 4501 et
743 4462 915 4501 unum
952 4447 1216 4519 intellige.
1276 4448 1434 4515 Quod
1485 4448 1531 4504 si
1564 4448 1771 4504 dixeris
1811 4449 2035 4519 quidem

2141 4422 2663 4516 ταῖςνὲννοίαις,’τὴν
2685 4443 2911 4496 ἒννωσιν
2932 4438 3187 4508 ἢρνησαι.
3220 4430 3313 4530 μὴ
3335 4425 3428 4482 οῦν
3443 4425 3597 4530 Λπρὸς
3618 4422 3725 4530 φύ-

461 4552 653 4603 unum,
704 4538 1040 4594 intellexeris
1062 4518 1245 4595 autem
1273 4540 1413 4596 duos
1433 4581 1447 4606 ,
1487 4540 1726 4597 sermoni
1753 4548 1847 4595 tuo
1872 4558 2035 4612 repu-

2142 4559 2257 4608 σεις
2320 4536 2675 4608 διῖσταμὲνας
2737 4529 3057 4599 καταγάγῃς
3102 4525 3194 4579 τὸν
3223 4523 3401 4620 λόγον,
3439 4518 3730 4620 Baetin-cry

459 4642 718 4700 gnantem
738 4628 968 4686 habebis
989 4631 1429 4703 intelligentiam.
1464 4632 1543 4688 Ne
1565 4648 1695 4704 ergo
1731 4633 1882 4689 dicas
1907 4607 2035 4699 d-uo,

2138 4638 2315 4708 ἄκραν
2342 4607 2929 4701 θαυματουργήσαντος
2966 4621 3180 4674 ἕνωσιν.
3213 4615 3447 4708 Πίστευε
3478 4607 3726 4708 rip-Pati-

461 4740 561 4795 per
582 4724 822 4795 aliquam
847 4724 1218 4780 differentiam
1250 4734 1521 4795 separata.
1574 4725 1633 4781 Si
1656 4726 1803 4780 enim
1832 4727 2035 4782 unieris

2142 4698 2297 4802 ματι,
2328 4727 2423 4780 καὶ
2454 4698 2535 4794 μὴ
2566 4718 2762 4791 ἐρεύνα
2790 4714 3071 4784 λογισμοῖς
3097 4709 3163 4763 τὸ
3188 4706 3492 4802 γινόμενον.
3628 4715 3733 4800 ita:

462 4829 737 4878 sermone,
763 4829 926 4869 sensu
954 4815 1067 4870 noli
1092 4831 1349 4887 separare
1374 4834 1386 4870 :
1414 4817 1460 4871 si
1484 4833 1615 4872 vero
1631 4832 1797 4872 sensu
1822 4833 2035 4888 separa-

2138 4792 2379 4891 ταλύσῃς
2423 4792 2484 4869 τὸ
2523 4813 2733 4883 θαῦμα,
2768 4802 2828 4862 οῦ
2877 4807 2906 4859 6
2958 4804 3118 4871 λόγος
3142 4797 3506 4900 γνωρίζεται.
3538 4792 3601 4844 Εἰ

463 4907 628 4972 veris,
655 4906 922 4962 unitatem
952 4909 1187 4979 negasti.
1226 4908 1305 4965 Ne
1335 4925 1467 4980 ergo
1492 4910 1560 4965 ad
1582 4921 1809 4966 naturas
1836 4910 2035 4966 divisas

2147 4879 2441 4984 γενομένου
2493 4879 2769 4974 γνώριμος
2817 4900 2845 4952 6
2886 4892 3289 4989 λόγος,ούκέτι
3310 4887 3577 4989 σημεῖον,
3609 4879 3740 4977 οὐδὲ.

464 5001 769 5071 orationem
793 5000 1054 5064 deducas,
1084 5001 1198 5055 Deo
1218 5016 1488 5057 summam
1513 5003 1842 5058 miriﬁcantc
1863 5003 2035 5057 unita-

2151 4980 2337 5075 θαῦμα
2370 5002 2431 5055 τὸ
2455 4998 2697 5068 γεγονός.
2736 4993 2801 5047 El
2842 4990 2899 5044 δὲ
2924 4988 3151 5076 σημεῖον
3180 4984 3273 5076 καὶ
3307 4980 3518 5076 θαῦμα,
3541 4988 3740 5076 ’κατα-Ξ

468 5101 577 5149 tem
617 5111 631 5148 :
666 5093 829 5150 crede
882 5093 1212 5148 miraculum
1238 5135 1253 5159 ,
1308 5104 1365 5150 et
1418 5096 1531 5150 noli
1579 5095 1888 5150 rationibus
1919 5111 2035 5165 per-

2146 5061 2321 5150 λιπὼν
2358 5061 2674 5159 λογίσμοὺς,
2707 5082 2807 5151 τὴν
2831 5080 3012 5133 πίστιν
3037 5072 3294 5165 ἀνόλαόε,
3329 5064 3609 5165 ὁμολογῶν
3632 5061 3743 5159 ἕντι⁸

464 5185 703 5239 scrutari
740 5184 888 5254 quod
938 5185 1144 5265 factum
1182 5196 1287 5241 cst.
1331 5187 1455 5245 Noli
1486 5188 1811 5242 miraculum
1837 5187 2035 5242 solvere

2150 5186 2357 5255 Κύριον
2418 5156 2627 5249 ’ίησοῦν
2662 5174 2896 5242 Χριστὸν
2922 5210 2938 5236 ,
2986 5167 3085 5270 καὶζ
3124 5164 3259 5218 Θεὸν
3298 5161 3398 5270 fta}
3414 5156 3739 5270 ..ἅνθρωπογζ

470 5277 784 5345 (rationem
822 5262 1073 5334 invenire
1118 5278 1479 5335 contendens.
1544 5278 1664 5332 Non
1687 5278 1837 5333 enim
1865 5290 2035 5333 manci

2147 5251 2253 5331 τὸν
2286 5272 2470 5333 αὐτὸν,
2489 5268 2613 5323 οὐδὲ
2636 5263 2905 5325 ἐπινοίαις
2924 5258 3047 5313 οὐδὲ
3068 5255 3347 5325 λογισμοῖς
3362 5251 3709 5351 διῖστὰμενον

470 5368 859 5439 miraculum),
892 5371 1049 5442 cuius
1076 5372 1219 5425 ratio
1258 5371 1662 5426 consideratur.
1706 5370 1763 5425 Si
1789 5370 1870 5425 rei
1896 5370 2035 5425 facta

2150 5370 2238 5423 ἵνα
2276 5366 2349 5438 μὴ
2373 5363 2441 5417 τὰ
2468 5358 2742 5414 ὲνωθὲντα
2769 5352 3049 5424 λογισμοῖς
3080 5348 3494 5415 διαστήσαντες,
3526 5348 3737 5455 οικονο;

2609 5451 2619 5455 ’
2792 5448 2803 5455 ¹
2899 5445 2919 5455 ⁸
3017 5444 3077 5455 "‘
3157 5440 3168 5455 ‘
3244 5438 3267 5455 ’9
3366 5453 3401 5455 μ.
3424 5451 3439 5455 -
3471 5428 3605 5455 ο--π
3635 5444 3707 5455 ..-

470 5458 612 5512 ratio
644 5467 772 5514 nota
801 5469 885 5516 est
911 5501 926 5526 ,
983 5477 1095 5517 non
1122 5463 1300 5520 adhuc
1341 5463 1557 5531 signum
1583 5470 1677 5517 aut
1702 5462 2025 5518 miraculum

2153 5427 2288 5531 μίαν
2308 5427 2575 5526 σιοτήριον
2598 5445 2987 5521 ἁρνησώμεθα.
3017 5444 3081 5497 Εἰ
3111 5440 3219 5510 γὰρ
3244 5438 3441 5499 ἓνωσις
3471 5428 3607 5487 Θεοῦ
3635 5427 3732 5483 καὶ

543 5567 588 5597 ⁸⁸
619 5568 756 5626 Gen.
798 5588 836 5635 ι,
863 5573 951 5626 51.

546 5660 656 5732 (‘21)
689 5662 803 5715 Ἴον.
844 5664 1042 5727 καλεῖς.
