4048 6210
451 128 584 184 1571

1493 85 1864 212 ,Τιιεουοτι
1901 123 2207 192 EPISCOPI
2246 122 2591 180 ANCYRAN!

3551 117 3582 172 Ι
3595 115 3740 171 572

448 249 650 304 viderit
735 249 925 304 Deum.
987 250 1319 306 Naturamnc
1411 249 1548 306 vidit
1640 249 2020 314 invisibilem?

2141 268 2241 314 ιοι,
2276 250 2393 316 πῶς
2423 248 2668 319 Μωῦσῆς
2701 245 2807 302 εῐδε
2839 246 2990 302 Θεόν.
3016 245 3127 317 Τὴν
3149 245 3310 314 φύσιν
3337 239 3445 298 εῐδε
3471 242 3572 314 τὴν
3611 243 3739 298 6.6-

449 341 611 396 Nullo
644 339 846 406 modo;
881 358 1001 397 eam
1041 341 1188 394 enim
1219 342 1455 395 humana
1485 358 1641 396 mens
1664 343 1879 413 assequi
1906 358 2016 396 non

451 439 650 499 potest.
696 432 978 497 Quomodo
1023 448 1151 507 ergo
1201 432 1388 486 vidit?
1437 433 1547 498 dic,
1590 434 1838 487 obsecro.
1871 432 2022 487 Vidit

453 539 632 593 ignem
666 539 732 576 cx
757 523 893 577 rubo
923 523 1228 590 ardentem,
1265 541 1366 579 nec
1397 525 1573 594 ipsum
1608 533 1786 579 tamen
1820 525 2026 578 rubum

463 622 875 666 consumentem
889 615 1031 667 "°-"‘.
1057 614 1168 668 Cur
1185 632 1314 685 ergo
1332 632 1398 670 ex
1416 617 1635 687 Virgine
1676 626 1825 681 nato,
1857 616 2023 686 virgi-

454 720 688 772 nemque
717 704 1088 776 incorruptam
1119 707 1356 761 servanti
1381 707 1540 762 [idem
1571 723 1680 762 non
1706 707 1916 762 habes?
1939 707 2021 760 An

459 803 512 847 tu
572 795 739 847 Deum
785 810 850 848 ex
903 796 1039 849 rubo
1097 795 1409 866 loquentem
1461 797 1719 862 audiens,
1779 796 2022 866 Mosique

454 884 725 938 dicentem
753 903 765 938 :
798 905 814 936 ι
843 886 954 957 Ego
984 903 1102 942 sum
1129 889 1273 944 Deus
1292 889 1587 956 Abraham,
1614 899 1667 943 et
1691 891 1834 944 Deus
1853 889 2022 953 Isaac,

454 985 509 1029 et
535 976 677 1029 Deus
698 977 865 1031 Jacob
900 979 982 1045 7’;
1025 1000 1041 1030 ι
1081 989 1134 1035 et
1161 979 1338 1050 ipsum
1378 981 1594 1053 Moysen
1621 997 1854 1051 pronum
1896 980 2026 1034 ado-

456 1078 690 1132 rantem,
710 1070 1034 1134 credis,non
1063 1071 1240 1142 ignem
1269 1081 1526 1142 reputans
1555 1073 1648 1142 qui
1674 1073 2024 1136 cernebatur,

457 1160 551 1213 sed
575 1160 743 1214 Deum
768 1162 861 1230 qui
895 1163 1222 1232 loquebatur
1245 1183 1258 1229 ;
1283 1181 1406 1219 cum
1429 1181 1560 1220 vero
1581 1165 1883 1235 virgineum
1908 1174 2029 1220 utc-

459 1268 578 1305 rum
623 1267 886 1318 memoro,
935 1254 1266 1312 abominaris
1313 1265 1368 1310 et
1397 1258 1714 1312 aversaris?
1746 1257 1841 1311 Dic
1867 1256 2024 1321 mihi,

458 1345 592 1413 quid
640 1354 724 1399 est
773 1346 959 1411 vitius,
1014 1349 1276 1412 rubusne,
1313 1365 1382 1403 an
1428 1358 1619 1404 uterus
1648 1348 1932 1418 virgineus
1960 1348 2030 1402 ab

460 1438 607 1491 omni
649 1439 900 1507 passione
926 1441 1132 1509 peccati
1167 1442 1378 1510 purus?
1406 1442 1626 1512 Ignoras
1649 1455 1771 1511 qum
1795 1438 2032 1509 antiqui-

463 1540 552 1585 tus
598 1542 745 1603 gesta
807 1541 952 1598 sunt,
993 1534 1360 1588 recentiorum
1407 1549 1711 1604 eorumque
1739 1549 1860 1604 qua:
1884 1547 2032 1586 nunc

463 1624 831 1694 contigerunt,
879 1640 999 1680 esse
1059 1626 1440 1695 praeludium?
1492 1626 1744 1698 Mysteria
1795 1639 2032 1694 namque
2064 1606 2108 1660 Β

463 1717 744 1771 veteribus
769 1718 884 1771 illis.
905 1718 1047 1789 typis
1080 1718 1517 1788 prmﬁgurantur.
1541 1718 1719 1784 Quare
1743 1717 1914 1771 rubus
1943 1731 2036 1771 ac-

465 1809 736 1873 cenditur,
756 1809 896 1878 ignis
911 1811 1266 1878 conspicitur,
1285 1819 1339 1865 et
1352 1821 1529 1865 tamen
1548 1825 1670 1880 qua:
1687 1809 1826 1880 ignis
1839 1817 2037 1864 natura

465 1901 600 1964 fert,
661 1916 770 1954 non
827 1910 1090 1970 operatur
1141 1903 1465 1974 (illuminat,
1525 1917 1635 1956 non
1713 1900 2034 1967 consumit;

465 1991 830 2059 splendescit,
889 2009 998 2047 non
1058 1994 1353 2057 incendit;
1406 1993 1736 2049 beneﬁcium
1784 2001 2036 2062 praestat,

465 2098 680 2150 poenam
711 2099 819 2136 non
843 2083 1047 2155 all'ert).
1076 2085 1271 2140 Nonne
1309 2085 1584 2156 Virginem
1618 2085 1674 2138 in
1700 2084 1840 2138 rubo
1865 2083 2042 2138 anim-

466 2173 746 2229 advertis?
801 2176 992 2229 Nonne
1053 2177 1240 2242 illius,
1289 2177 1383 2246 qui
1437 2176 1504 2230 ad
1569 2192 1670 2230 nos
1733 2174 2038 2239 descendit,

466 2269 791 2324 eharitatem
820 2270 1330 2340 humanitatemque
1368 2270 1423 2324 in
1451 2271 1572 2340 igne
1597 2268 1874 2324 conlueris
1900 2269 1923 2322 ?
1949 2268 2043 2324 Ju-

466 2356 569 2410 dex
593 2357 734 2411 inter
755 2373 878 2414 reos
900 2367 1171 2420 versatur,
1195 2374 1374 2428 neque
1395 2365 1574 2413 tamen
1593 2358 1863 2428 judicium
1884 2373 2043 2412 exer-

466 2456 640 2501 cetur.
669 2449 844 2503 Iudex
867 2449 1008 2504 inter
1032 2450 1316 2504 damnatos
1340 2449 1576 2513 adest,et
1606 2463 1878 2518 nusquam
1911 2464 2045 2518 sup-

470 2541 692 2609 plieium
737 2543 1004 2597 cernitur.
1051 2541 1227 2595 Judex
1263 2541 1486 2595 advenit
1509 2557 1620 2595 non
1644 2540 1918 2611 judicans,
1947 2539 2044 2594 sed

469 2635 713 2700 docens;
751 2651 861 2689 non
907 2634 1303 2698 condemnans,
1333 2635 1428 2689 sed
1457 2649 1674 2688 sanans.
1707 2629 1902 2688 Cernis
1936 2647 2046 2701 quo

470 2733 628 2794 pacto
662 2725 922 2796 mysticus
967 2725 1057 2779 ille
1087 2725 1228 2795 ignis
1251 2725 1601 2780 clementiam
1625 2725 1715 2778 hic
1745 2723 2049 2777 adhibitam

473 2813 729 2868 indicarit
752 2815 776 2869 ?
803 2815 881 2869 Ne
914 2816 1150 2880 mireris,
1181 2819 1226 2870 si
1255 2818 1400 2871 Deus
1422 2817 1691 2871 exsistens
1715 2815 1956 2870 Verbum
1982 2830 2047 2869 ex

472 2915 630 2959 utero
652 2906 898 2975 virgineo
925 2908 1190 2962 nascitur.
1217 2908 1361 2961 Deus
1383 2907 1530 2962 enim
1561 2907 1698 2960 nihil
1722 2906 2050 2976 ignominio-

475 3010 593 3048 sum
635 2995 807 3060 ducit,
843 2997 989 3065 quod
1035 2996 1328 3050 humanam
1367 2997 1597 3050 salutem
1623 2996 1917 3049 conciliare
1950 3011 2050 3048 na.-

477 3097 592 3140 tu‘m
613 3096 715 3140 est.
744 3088 932 3156 Neque
970 3095 1026 3140 tu
1063 3088 1198 3140 mihi
1223 3088 1318 3142 Dei
1338 3096 1590 3141 naturam
1614 3087 1688 3140 ita
1711 3087 1875 3140 vilem
1903 3086 2054 3156 abje-

477 3187 728 3248 ctamque
778 3179 1085 3244 arbitreris,
1132 3186 1200 3234 ut.
1241 3179 1534 3248 aliquando
1578 3177 1795 3248 injuriis
1817 3177 2052 3232 obnoxia

478 3286 599 3324 esse
645 3280 828 3340 queat.
876 3271 1022 3326 Nihil
1052 3272 1198 3326 enim
1234 3287 1428 3326 eorum
1451 3285 1574 3340 quae
1597 3270 1811 3341 abjecta
1833 3285 1898 3326 ac
1924 3269 2054 3326 vilia

479 3363 653 3418 nostri
684 3378 847 3417 causa
873 3363 1185 3432 assumpsit,
1217 3363 1296 3417 illi
1332 3371 1544 3416 natura:
1581 3361 1934 3431 ignominiam
1970 3360 2051 3413 ir-

481 3464 652 3525 rogat.
680 3455 914 3511 Asciscit
931 3455 1036 3509 sibi
1061 3463 1314 3525 tanquam
1344 3470 1464 3519 sua,
1485 3453 1758 3509 deteriora
1778 3452 2047 3522 qumdam,

484 3551 543 3600 u't
599 3555 851 3601 nostram
886 3556 1135 3602 naturam
1163 3547 1355 3601 salvet.
1389 3545 1526 3600 Cum
1558 3559 1688 3615 ergo
1711 3543 1937 3597 humilia
1957 3542 2047 3597 illa

2125 360 2314 415 ρατον;
2362 342 2642 413 Οὐδαμῶς·
2677 341 2965 411 ἀνέφικτος
2999 338 3110 409 γὰρ
3128 337 3268 408 αῦτη
3297 337 3580 408 λογισμοῖς
3618 337 3743 390 ἀν-

2122 435 2429 505 θρωπίνοις.
2459 433 2582 498 Πῶς
2623 432 2679 486 δὲ
2713 426 2893 498 εἶδενς
2940 430 3081 484 εἰπέ.
3118 426 3272 483 Εἷδεν
3310 429 3376 481 ἐκ
3399 429 3498 499 τῆς
3528 427 3740 498 βάτου

2120 525 2492 593 ἀναπτόμενον
2534 522 2665 594 πῦρ,
2718 521 2810 576 καὶ
2856 522 2956 593 τὴν
3009 520 3170 592 βάτον
3197 520 3264 574 οὐ,
3290 519 3514 590 φθεῖρον
3558 518 3734 586 (50).

2121 615 2222 668 Διά
2269 615 2322 668 τί
2372 610 2465 668 οὖν
2494 615 2738 678 ἀπιστεῖς
2777 613 2855 684 τῷ
2894 615 2966 668 ὲκ
3003 611 3282 682 Παρθένου
3312 609 3735 680 γεγενημένῳ,

2123 707 2216 760 κα).
2250 705 2347 776 τὴν
2375 703 2670 775 παρθενίαν
2704 702 2816 774 (51)
2875 702 2950 774 μὴ
2984 701 3304 773 φθείραντι;
3351 702 3422 754 Ἢ
3478 700 3546 753 σὺ
3599 701 3737 769 μὲν

2123 796 2335 850 ἀκούων
2394 796 2474 848 ὅτι
2527 797 2592 848 ὲκ
2645 794 2805 865 βάτου
2858 793 3154 863 φθέγγεται
3202 792 3368 858 Θεὸς,
3404 792 3500 846 καὶ
3548 792 3737 860 λέγει

2124 889 2351 959 Μωῦσῇ·
2388 907 2406 940 ι
2432 887 2570 957 Ἐγὼ
2596 889 2624 942 6
2652 886 2785 950 Θεὸς
2811 886 3081 957 Ἀϐραὰμ,
3116 887 3210 940 καὶ
3245 886 3274 938 ὁ
3313 883 3443 949 Θεὸς
3485 885 3730 948 Ἰσαὰκ,

2125 979 2218 1032 καὶ
2239 981 2267 1032 6
2294 979 2426 1042 Θεὸς
2472 978 2690 1048 Ἰακὼϐ,
2730 997 2747 1031 ι
2782 980 2876 1033 καὶ
2904 980 2985 1032 ὅτι
3013 977 3192 1032 πεσὼν
3220 978 3423 1047 Μωσῆς
3455 994 3732 1048 προσκυο

2125 1075 2224 1136 νεῖ,
2261 1071 2557 1137 πιστεύεις,
2598 1072 2661 1126 οὐ
2700 1070 3050 1140 λογιζόμενος
3073 1069 3133 1124 τὸ
3175 1068 3290 1139 πῦρ
3313 1069 3372 1121 τὸ
3397 1067 3730 1140 ὁρώμενον,

2127 1165 2260 1220 ἀλλά
2299 1165 2432 1218 Θεὸν
2464 1164 2555 1218 τὸν
2602 1163 2992 1234 φθεγγόμενονο
3040 1163 3169 1216 ὅταν
3208 1161 3265 1214 δὲ
3315 1162 3526 1231 μήτρας
3561 1176 3730 1228 παρ-

2129 1256 2347 1328 θενικῆς
2382 1255 2758 1328 μνημονεύσω,
2785 1253 3048 1326 βδελύσσῃ
3073 1253 3168 1306 κα)⁵
3201 1251 3520 1322 ἀποστρέφῃ
3550 1251 3677 1322 (52)
3705 1269 3726 1314 ;

2129 1349 2196 1401 Τί
2217 1348 2328 1420 γὰρ
2360 1347 2757 1418 εὐτελέστερον,
2789 1347 2930 1410 εἰπὲ,
2963 1346 3145 1416 βάτος,
3189 1345 3223 1416 ἢ
3265 1345 3450 1416 μήτρα
3499 1343 3729 1413 παρθεο

2131 1440 2256 1512 νικὴ
2295 1438 2513 1510 καθαρά
2551 1438 2660 1492 τῶν
2693 1437 2968 1509 ἁμαρτίας
3015 1435 3242 1504 παθῶν;
3285 1435 3401 1489 Οὐκ
3445 1428 3602 1498 οἶδας
3629 1435 3726 1486 ὅτι

2131 1534 2200 1588 τὰ
2247 1533 2451 1606 ἀρχαῖα
2483 1531 2683 1603 μελέτη
2707 1529 2815 1584 τῶν
2845 1528 3148 1602 νεωτέρων,
3178 1529 3273 1582 καὶ
3297 1527 3405 1581 τῶν
3432 1525 3526 1580 νῦν
3549 1543 3726 1594 γενο-

2135 1625 2312 1695 μένων
2349 1623 2504 1690 ἐστί,
2551 1622 2634 1676 Τά
2678 1621 2786 1692 γὰρ
2835 1623 3110 1692 μυστήρια
3161 1616 3568 1690 προτυποῦνται
3627 1616 3726 1670 διὰ

2132 1715 2240 1770 τῶν
2270 1714 2535 1769 παλαιῶν.
2568 1711 2667 1768 Διά
2708 1712 2866 1766 τοῦτο
2896 1711 3059 1782 βάτος
3089 1709 3411 1773 ἀνάπτεται,
3443 1705 3554 1778 πῦρ
3589 1707 3728 1774 φαί-

2134 1826 2305 1872 νεται,
2333 1806 2426 1863 καὶ
2454 1805 2523 1859 τά
2556 1803 2727 1876 πυρὸς
2772 1803 2872 1858 οὐκ
2916 1803 3148 1872 ἐνεργεῖ·
3174 1799 3297 1853 οὐτε
3324 1797 3543 1862 κολάζει
3569 1799 3722 1869 (55).

2134 1900 2282 1975 τΑρα
2314 1905 2371 1956 ὲν
2395 1904 2462 1973 τῇ
2505 1900 2652 1972 βάτῳ
2686 1899 2785 1970 οὐχ
2829 1899 2961 1970 ὁρᾷς
3002 1897 3103 1968 τὴν
3140 1894 3445 1979 Παρθένον;
3474 1889 3633 1964 *Δρα
3665 1895 3731 1945 ὲν

2135 1995 2212 2067 τῷ
2252 1994 2384 2066 πυρὶ
2421 1994 2481 2047 οὐ
2527 1991 2746 2063 βλέπεις
2772 1987 2868 2060 τὴν
2897 1986 3309 2058 φιλανθρωπίαν
3344 1983 3437 2038 τοῦ
3473 2001 3729 2055 παραγε-

2137 2085 2404 2157 νομένου;
2447 2084 2507 2137 '0
2545 2081 2738 2152 κριτὴς
2774 2078 2831 2132 ὲν
2864 2079 2977 2142 τοῖς
3011 2075 3374 2147 κρινομένοις,
3407 2073 3504 2127 καὶ
3532 2073 3729 2142 κρίσις

2138 2177 2199 2231 οὐ
2243 2177 2474 2246 γίνεται.
2515 2173 2575 2226 Ὀ
2601 2170 2860 2242 δικαστὴς
2903 2170 2960 2222 ὲν
2992 2171 3104 2232 τοῖς
3144 2165 3478 2230 καταδίκοις,
3506 2165 3604 2218 καὶ
3640 2165 3731 2217 οὐ-

2141 2269 2314 2342 δαμοῦ
2359 2265 2616 2338 τιμωρία.
2659 2264 2718 2318 Ὀ
2756 2262 2950 2334 κριτὴς
2984 2261 3190 2330 ἐπέστη
3223 2258 3286 2312 οὐ
3321 2258 3545 2328 κρίνων,
3579 2257 3730 2310 ἀλλὰ

2141 2363 2405 2417 διδάσκων
2427 2357 2564 2429 (54)·
2591 2356 2654 2410 οὐ
2684 2351 3087 2416 καταδικάζων,
3105 2350 3219 2404 ἀλλ’
3248 2348 3531 2422 ίατρεύων.
3549 2349 3733 2416 Ὁρᾷς

2143 2452 2262 2514 πῶς
2307 2451 2482 2502 έκεῖνο
2516 2446 2579 2501 τὸ
2603 2447 2812 2517 ἥμερον
2858 2444 2973 2515 (55)
3014 2441 3124 2513 πῦρ
3157 2439 3256 2512 τὴν
3283 2434 3388 2495 ὧδε
3413 2439 3736 2509 φιλανθρω-

2145 2542 2276 2596 πίαν
2308 2542 2577 2611 ὲμήνυσε;
2609 2537 2698 2608 Μὴ
2736 2536 3045 2607 θαυμάσῃς,
3075 2535 3122 2588 εί
3147 2533 3236 2588 διά
3269 2533 3482 2605 μήτρας
3511 2531 3734 2602 παρθε-

2147 2635 2304 2704 νικῆς
2329 2633 2460 2695 Θεὸς
2483 2631 2559 2684 ὢν
2581 2630 2846 2683 τίκτεται·
2879 2627 3002 2680 οὐδὲ
3037 2624 3149 2697 (56)
3177 2623 3289 2697 γὰρ
3327 2623 3483 2695 ὓϐριν
3504 2626 3734 2694 ἡγεῖται

2147 2726 2300 2788 Θεὸς,
2323 2724 2352 2777 δ
2378 2722 2635 2794 πρόξενός
2656 2722 2773 2774 ἐστι
2797 2718 3066 2791 σωτηρίας
3096 2717 3197 2786 τῆς
3217 2715 3565 2788 ἀνθρωπίνης
3581 2715 3730 2787 (57).

2151 2811 2223 2862 Σὺ
2258 2810 2314 2864 δέ
2368 2827 2454 2880 μοι
2503 2809 2577 2879 μὴ
2631 2808 2805 2870 οὕτως
2850 2806 3043 2876 εὐτελῆ
3098 2803 3196 2876 τὴν
3237 2802 3398 2874 φύσιν
3449 2803 3540 2858 τοῦ
3583 2803 3730 2859 Θεοῦ

2076 2935 2119 2993 c
2152 2902 2428 2973 ὑπολάϐης
2453 2943 2468 2967 ,
2523 2901 2598 2963 ὼς
2641 2899 2736 2954 καὶ
2777 2897 3007 2968 ὲφικτὴν
3045 2896 3236 2967 ὕϐρεσι
3275 2895 3529 2965 γενέσθαι
3567 2897 3728 2953 ποτέ.

2152 2995 2316 3048 Οὐδὲν
2340 2994 2470 3065 γὰρ,
2507 2985 2580 3046 ὧν
2617 2992 2789 3044 εἵλετο
2813 2988 2880 3044 δι’
2915 2990 3063 3060 ἡμᾶς
3096 2988 3354 3054 εὐτελῶν,
3383 2987 3599 3059 ὑϐρίζει
3627 2988 3736 3059 τὴν

2150 3087 2311 3157 φύσιν
2358 3085 2592 3155 ἐκείνηνο
2623 3080 2919 3138 οἰκειοῦται
2953 3080 3009 3134 δὲ
3047 3079 3116 3134 τὰ
3153 3078 3434 3143 ἐλάττονα,
3459 3079 3547 3133 ἵνα
3579 3079 3732 3154 σώσῃ

2149 3177 2248 3247 τὴν
2273 3175 2434 3245 φύσιν
2450 3175 2546 3246 τὴν
2571 3174 2844 3247 ἡμετέραν
2865 3190 2878 3205 ο
2907 3173 3035 3226 ὅταν
3064 3167 3157 3226 οῦν
3188 3171 3385 3243 τὰμὲν
3411 3172 3604 3241 εὐτελῆ
3631 3171 3730 3225 τοῦ

2153 3267 2423 3338 μακαρίου
2468 3265 2602 3319 Θεοῦ
2659 3265 2757 3337 τὴν
2796 3262 2958 3333 φύσιν
3010 3263 3085 3334 μὴ
3119 3262 3413 3336 ὲνυϐρίζῃ,
3453 3264 3731 3334 σωτηρίαν

2155 3375 2218 3411 τε
2241 3357 2547 3430 ἀνθρώποις
2601 3354 2925 3427 ἐργάζηται,
2953 3353 3070 3416 πῶς
3111 3353 3282 3425 ἐρεῖς,
3326 3354 3395 3408 τὰ
3443 3353 3590 3408 αἴτια
3627 3356 3730 3424 τῆς

2155 3451 2310 3523 ἡμῶν
2369 3449 2643 3520 σωτηρίας
2692 3445 2899 3520 ὕϐρεως
2947 3444 3184 3517 πρόξενα
3229 3444 3307 3518 τῷ
3355 3444 3470 3514 Θεῷ
3504 3446 3726 3513 γεγονέ-

2152 3560 2240 3597 ναι
2257 3559 2275 3609 ;

485 3641 628 3695 beati
659 3642 753 3696 Dei
806 3649 1018 3696 naturae
1059 3641 1264 3697 nullam
1310 3641 1564 3712 iniuriam
1613 3639 1864 3703 alIerant,
1907 3651 1964 3693 et
1999 3637 2294 3692 humanam
2349 3638 2580 3694 salutem
2639 3643 2975 3706 operentur,
3043 3630 3321 3704 quomodo
3381 3629 3564 3687 ὤσει-ε.
3621 3643 3722 3684 au-

486 3734 603 3795 des,
639 3749 760 3802 quae
793 3733 964 3788 nobis.
993 3732 1186 3788 salut-is
1221 3747 1388 3787 causa
1423 3731 1774 3795 exstiterunt,
1810 3745 1874 3784 ea
1911 3727 2265 3800 ignominiam
2300 3727 2414 3782 Deo
2459 3726 2752 3782 attulisse?

558 3826 645 3880 lll.
680 3827 826 3880 Deus
857 3825 1039 3897 itaque
1070 3826 1234 3881 hodie
1286 3841 1354 3880 ex
1406 3825 1627 3896 Virgine
1683 3823 1960 3895 apparuit,
2005 3829 2063 3878 et

486 3921 651 3989 Virgo
677 3919 1005 3990 virginitatis
1030 3919 1341 3990 integritate
1359 3926 1594 3983 retenta,
1623 3917 1816 3973 cifecta
1833 3925 1918 3972 est
1947 3932 2063 3970 ma-

491 4019 593 4064 ter.
644 4010 777 4066 Nam
811 4011 1242 4080 incorruptionis
1277 4011 1500 4080 largitor
1525 4009 1933 4079 corruptionem
1954 4022 2068 4062 non

2237 3823 2313 3878 l".
2358 3821 2535 3892 ’Ὡφθη
2570 3820 2752 3874 τοίνυν
2779 3817 2913 3882 Θεὸς
2935 3817 3175 3888 σήμερον
3201 3809 3292 3869 διὰ
3309 3811 3406 3883 τῆς
3425 3809 3732 3880 Παρθένου,

2160 3915 2257 3970 καὶ
2278 3917 2312 3984 ἡ
2333 3913 2610 3985 Παρθένος
2635 3910 2818 3982 ἔμεινε
2843 3908 3132 3981 παρθένος,
3165 3907 3262 3960 καὶ⁸
3286 3906 3468 3976 μήτηρ
3495 3905 3732 3972 ἐγένετο.

2171 4006 2231 4060 '0
2254 4005 2364 4076 γὰρ
2399 4001 2712 4073 ἀφθαρσίας
2737 4000 3018 4072 πρόξενος,
3042 3996 3248 4067 φθορὰν
3277 3997 3378 4050 οὐκ
3407 3994 3694 4064 ἐργάζεται
3712 4009 3730 4024 ⁸

488 4099 653 4156 clllcit
679 4120 692 4167 ;
723 4101 1160 4171 incorruptionis
1183 4110 1375 4158 auctor
1403 4101 1541 4155 nihil
1576 4101 1900 4170 corrumpit.
1927 4098 2044 4167 Qui:

2160 4099 2189 4152 6
2231 4095 2459 4168 ποιητὴς
2511 4093 2819 4164 ἀφθαρσίας
2853 4091 3004 4146 οὐδὲν
3051 4088 3382 4159 διέφθειρεν.
3429 4085 3646 4157 Ἐπειδὴ
3678 4085 3734 4138 δι

490 4208 622 4246 vero
671 4201 726 4247 et
773 4193 1042 4248 Photinus
1071 4207 1271 4262 purum
1300 4191 1579 4247 hominem
1619 4191 1756 4246 dicit
1778 4191 1872 4259 qui
1905 4197 2044 4244 natu:

2167 4189 2264 4244 καὶ
2289 4186 2554 4248 Φωτεινὺς
2605 4184 2757 4252 ψιλὸν
2787 4182 3073 4253 ἄνθρωπον
3116 4178 3266 4248 λέγει
3315 4176 3408 4230 τὸν
3437 4174 3732 4247 γεγενημέ-

489 4292 593 4346 est,
645 4283 740 4338 Dei
790 4284 998 4352 prolem
1029 4299 1150 4338 esse
1197 4298 1442 4352 negans;
1486 4282 1637 4336 illum
1678 4282 1772 4352 qui
1805 4297 1873 4336 ex
1902 4291 2044 4338 uteri

2159 4305 2280 4354 νον,
2305 4284 2380 4356 μὴ
2407 4282 2581 4350 λέγων
2604 4278 2740 4334 Θεοῦ
2774 4276 2913 4334 εἶναι
2938 4276 3096 4330 τόκον
3122 4273 3258 4344 (58),
3281 4272 3379 4326 καὶ
3405 4273 3498 4327 τὸν
3539 4272 3604 4324 ὲκ
3634 4271 3731 4340 μή·

490 4374 712 4443 prodiit,
747 4375 1036 4430 hominem.
1056 4391 1088 4430 a
1110 4375 1222 4436 Deo
1246 4375 1564 4430 distinctum
1592 4390 1712 4430 esse
1734 4373 2017 4429 contendit
2047 4391 2060 4427 :

491 4474 728 4534 exponat
769 4465 904 4519 mihi
954 4481 1124 4520 nunc-
1151 4466 1247 4534 qui
1282 4464 1398 4520 ﬁeri
1439 4464 1614 4535 possit
1647 4472 1708 4519 ut
1741 4474 1938 4518 natura
1962 4464 2066 4518 hu-

495 4573 676 4620 mana,
716 4573 784 4611 ex
807 4564 964 4612 utero
994 4557 1242 4627 virgineo
1276 4557 1447 4622 edita,
1471 4557 1736 4628 virginale
1762 4559 2066 4614 claustrum

495 4648 876 4716 incorruptum
929 4647 1319 4704 conservarit?
1349 4647 1564 4703 Nullius
1616 4647 1765 4702 enim
1826 4649 2066 4704 hominis

497 4747 670 4794 mater
700 4741 856 4810 virgo
887 4739 1205 4810 permansit.
1244 4739 1441 4796 Cernis
1475 4741 1751 4810 quomodo
1791 4742 1939 4812 quod
1967 4759 2066 4796 na-

499 4839 614 4887 tum
650 4841 754 4896 est,
785 4832 1069 4901 duplicem
1087 4832 1155 4888 de
1180 4832 1299 4903 ipso
1337 4840 1464 4886 nato
1491 4849 1711 4889 sensum
1748 4834 1910 4889 nobis
1934 4834 2069 4888 olfe-

500 4924 626 4978 rat?
651 4923 785 4978 Nam
805 4925 852 4980 si
873 4939 1025 4980 more
1050 4938 1238 4981 nesu'o
1264 4924 1456 4980 fuisset
1479 4933 1662 4989 natus,
1691 4927 1856 4982 homo
1880 4928 2070 4998 utique

572 5084 686 5119 '°-“
723 5081 896 5139 Exod.
929 5101 1005 5150 ιιι,
1032 5085 1087 5140 2.
1163 5086 1208 5117 ⁷³
1233 5083 1370 5140 Ibid.
1408 5085 1463 5140 6-

582 5225 691 5296 (50)
718 5227 810 5296 Μὴ
837 5225 1013 5296 καῖον.

579 5295 690 5362 (δι)
729 5295 1025 5364 Παρθένον.

583 5365 693 5436 (5ἓ)
736 5366 928 5436 Ἀναστ
939 5365 1096 5436 ρέιρῃ.

585 5383 693 5430 (οε)
742 5383 1096 5486 ⁷ιιιναστςειρῃ.

585 5433 695 5499 (55)
729 5434 850 5502 Μὴν
881 5452 946 5487 κο
967 5437 1119 5500 ﬁget.

589 5503 699 5570 (56)
727 5505 992 5566 Δικάζων.

595 5572 707 5644 (55)
735 5573 1068 5643 Μυστήριον.
1103 5575 1209 5628 Ἵσ.
1247 5571 1524 5644 μυστικόν.

2159 4397 2296 4452 τρας
2347 4374 2702 4447 προελθόντα,
2737 4371 3021 4444 ἄνθρωπον
3053 4367 3369 4422 ὑποτίθεται
3401 4363 3729 4437 διῃρημένον

2162 4473 2297 4528 Θεοῦ
2325 4473 2458 4542 (59),
2485 4468 2690 4536 λεγέτω
2729 4483 2818 4536 μοι
2848 4463 2943 4518 νῦν
2973 4461 3090 4525 πῶς
3119 4459 3284 4531 φῦσις
3316 4456 3628 4529 ἀνθρωπίνη
3649 4455 3735 4508 διὰ

2167 4565 2378 4636 μήτρας
2402 4556 2738 4630 παρθενικῆς
2762 4553 3078 4624 τικτομένη,
3093 4549 3192 4622 τὴν
3215 4547 3512 4621 παρθενίαν
3530 4545 3626 4636 τῆς
3645 4546 3734 4636 μη-

2178 4633 2313 4725 τρας
2353 4653 2465 4720 (ιο)
2503 4647 2766 4718 ἐφύλαξεν
2799 4645 3110 4716 ἀφθαρτον;
3142 4639 3367 4703 Οὐδενὸς
3397 4637 3508 4709 γὰρ
3537 4633 3734 4706 ἀνθρὼ-

2173 4764 2279 4800 που
2314 4747 2498 4816 μήτηρ
2529 4741 2798 4812 παρθένος
2835 4736 3162 4809 μεμένηκεν.
3211 4733 3374 4806 Ὀρᾷς
3415 4729 3532 4793 πιῖις
3565 4726 3736 4795 διττὴν

2175 4837 2384 4891 ἔννοιαν
2419 4833 2549 4905 περ).
2576 4831 2672 4886 τοῦ
2701 4829 2984 4900 τεχθέντος
3015 4825 3246 4897 παρέχει
3297 4840 3388 4894 μοι
3420 4822 3483 4874 τὸ
3527 4834 3738 4905 γεγενη-

2181 4925 2377 4996 μένον;
2410 4925 2473 4978 Εί
2496 4900 2594 4994 μὲν
2631 4919 2740 4992 γὰρ
2773 4919 2894 4974 καθ’
2923 4917 3072 4990 ἡμᾶς
3099 4912 3320 4984 ἐτέχθη,
3342 4909 3624 4982 ἄνθρωπος
3651 4900 3734 4976 ἦν’

2277 5211 2366 5267 56)
2401 5211 2585 5264 Οὐδέν.

2255 5213 2345 5277 (56
2401 5211 2585 5264 Οὐδέν.

2254 5211 2366 5352 (57)
2401 5281 2670 5352 Πρόξενον
2697 5277 3000 5352 στωτηρίας
3029 5273 3338 5352 ἀνθριῖιποις
3368 5272 3504 5329 ἐστί.

2253 5344 2364 5417 (58)
2398 5344 2538 5404 Θεοῦ
2561 5350 2635 5420 μὴ
2659 5348 2834 5420 λέγων
2863 5344 3009 5420 ἐἶναι
3040 5344 3142 5398 τὸν
3155 5345 3335 5401 τόκον.

2277 5423 2366 5490 59)
2395 5417 2728 5490 Διηρημένον
2765 5417 2920 5490 Θεοῦ.

2277 5424 2344 5477 59
2395 5423 2728 5490 Διηρημένον
2765 5423 2920 5470 Θεοῦ.

2255 5423 2368 5563 ξιοῖ
2395 5493 2504 5560 Τῆς
2535 5489 2803 5562 παρθένου
2837 5487 2931 5556 τὴν
2970 5486 3201 5558 μήτραν.
