4048 6210
232 127 374 182 5T5

1159 126 1441 183 IIOMILIA
1477 130 1542 185 ll.
1585 132 1650 186 ΙΝ
1695 131 1808 188 DIE
1840 124 2288 186 NATIVITATIS
2325 121 2576 177 DOMINI.

3361 122 3497 178 1574

184 242 256 296 αι
293 241 368 296 δὲ
401 241 504 312 τὴν
538 242 750 314 μητέρα
778 241 1046 314 παρθένον
1074 242 1333 312 ἐφύλαξε,
1372 244 1503 311 Θεὸς
1536 248 1564 300 6
1602 247 1802 318 τεχθεὶς

1917 251 2103 299 esset:
2145 240 2196 295 si
2221 255 2352 294 vero
2389 237 2578 292 matris
2613 234 2974 305 integritatem
3013 235 3233 290 illa'sam
3271 250 3497 291 conser-

184 335 340 396 τοῖς
369 327 438 386 εὖ
460 333 715 403 φρονοῦσι
736 333 1079 404 γνωρίζεται.
1107 332 1238 397 Θεὸς
1259 334 1368 406 γὰρ
1397 337 1708 407 ἐπεδήμησε
1732 336 1810 407 τῷ

188 422 450 494 κόσμῳ,
467 425 528 477 οὑ
554 425 717 478 τόπον
743 427 807 476 ἐκ
835 424 1001 476 τόπου
1029 424 1291 494 μεταϐὰς,
1311 425 1446 480 ἀλλὰ
1463 425 1627 496 φύσιν
1651 445 1812 498 περι-

188 513 270 566 Θέ
278 531 466 584 μενος
482 516 580 585 τὴν
602 517 761 585 ἐμήν·
787 514 881 567 καὶ¹
894 513 968 576 ὡς
981 508 1156 578 εἶπον,
1169 515 1402 585 ὀφθῆναι
1423 516 1654 588 θελήσας
1673 518 1700 571 ό
1713 519 1812 590 τὴν

191 604 401 670 φύσιν
429 606 679 676 ἀόρατος.
704 604 866 656 Ὥστε
894 605 993 656 ούκ
1021 603 1179 676 ἔσχεν
1198 606 1371 676 ἀρχὴν
1392 605 1488 659 τοῦ
1514 603 1652 660 εἶναι
1679 608 1813 671 Θεὸς

197 697 280 750 ὲκ
316 697 426 751 τοῦ
453 698 636 762 τόκου,
672 695 808 748 ἀλλὰ
837 697 931 749 τοῦ
971 699 1207 768 φανῆναι
1237 696 1562 769 ἀνθρώποις.
1594 699 1812 770 Ἐπειδὴ

198 788 337 860 γὰρ
356 790 492 852 Θεὸς
507 785 597 858 ἦν,
613 788 709 842 ἄνθ
719 805 899 858 ρωπος
919 787 1168 857 γενέσθαι
1200 791 1482 860 προείλετο
1499 789 1588 844 διὰ
1620 791 1811 860 φιλαν-

203 881 236 933 9
249 881 483 952 ρωπίαν
502 880 602 950 τὴν
625 881 755 950 περὶ
772 881 940 950 ἡμᾶς,
956 881 1046 934 ἵνα
1066 883 1225 952 ἡμεῖς
1240 881 1332 935 τὸν
1349 882 1571 951 κτίστην
1585 880 1718 954 (41),
1738 882 1814 944 ώς

205 971 473 1043 συγγενῆ
527 971 993 1042 περιπτυξώμεθα
1023 987 1036 999 ·
1076 972 1164 1023 ἵνα
1214 970 1426 1041 ἔχωμεν
1458 971 1682 1043 θαρρεῖν
1714 1012 1730 1038 ,
1761 973 1812 1024 οἱ

204 1056 279 1120 ἐξ
337 1057 562 1110 οἰκείων
629 1058 1072 1128 κατορθωμάτων
1134 1061 1451 1132 παρρησίαν
1507 1062 1609 1114 ούκ
1661 1060 1810 1130 ἔχον-

203 1167 334 1211 τες.
386 1148 513 1202 Ἐπὶ⁸
575 1148 685 1220 γὰρ
754 1148 848 1201 τοῦ
909 1150 1150 1220 βήματος
1207 1151 1463 1221 ἀχθέντες
1515 1152 1565 1204 οε
1633 1152 1690 1219 ἐξ
1741 1153 1814 1206 oi-

206 1239 400 1291 κείων
423 1238 635 1309 ἀρετῶν
671 1238 745 1310 μὴ
773 1240 1298 1311 παρρησιαζόμενοι,
1323 1241 1398 1304 ὡς
1428 1244 1490 1296 ἐκ
1511 1243 1812 1312 συγγενοῦς

212 1329 362 1380 ἰδίου
393 1327 734 1400 καρποῦνται
764 1329 862 1399 τὴν
889 1329 1225 1400 παρρησίαν.
1264 1331 1330 1384 Τί
1360 1327 1481 1397 οὗν;
1525 1334 1815 1405 Ἐπιδημετ

205 1421 358 1483 Θεὸς
390 1419 467 1484 ὡς
496 1419 800 1492 ἄνθρωπος,
828 1420 887 1473 ού
917 1420 1080 1474 τόπον
1101 1423 1165 1476 ἐκ
1187 1423 1354 1476 τόπου
1373 1423 1642 1494 ἀμείϐωνο
1671 1425 1811 1480 ἀλλὰ

204 1509 318 1581 τὴν
351 1510 586 1581 ἀόρατον
607 1507 768 1579 φύσιν
795 1509 1110 1574 ἐπιδεικνὺς
1136 1511 1360 1582 ὀρατήν·
1393 1511 1486 1564 καὶ⁵
1519 1511 1704 1580 ὀφθεὶς
1733 1513 1810 1578 ὡς

207 1601 316 1655 ἄνθ
325 1618 532 1671 ρωπος,
552 1603 645 1656 καὶ
665 1600 931 1672 συγγενὴς
947 1600 1256 1672 ἀνθρώποις
1277 1602 1483 1672 φανείς·
1509 1602 1693 1667 καθὼς
1710 1605 1806 1659 καὶ
1839 1582 1882 1637 Β

209 1692 616 1836 εύέγγελιστὴς
629 1692 1001 1764 ἀνακηρύττει
1018 1694 1212 1764 λέγων,
1243 1695 1326 1749 ὅτι
1350 1713 1368 1746 ι
1392 1694 1450 1748 '0
1472 1695 1645 1765 Λόγος
1666 1697 1804 1769 σὰρξ

211 1787 280 1836 ἐγ
319 1802 462 1836 νετο.
477 1803 497 1836 ι

211 1787 462 1853 ἐγένετο.
477 1803 497 1836 ι

1912 333 2082 398 vavit,
2137 330 2284 401 apud
2332 337 2480 384 recte
2522 327 2908 383 ratiocinantes
2937 327 3081 400 Deus
3110 343 3227 382 esse
3249 328 3500 383 noscitur

1912 426 2009 496 qui
2048 437 2216 480 natus
2258 433 2361 479 est.
2395 424 2541 477 Deus
2561 421 2708 475 enim
2736 419 3079 473 inmundum
3119 419 3358 484 advenit,
3385 436 3494 476 non

1913 517 1982 572 de
2033 517 2155 570 loco
2200 514 2259 568 in
2305 514 2484 568 locum
2509 509 2893 579 commigrans,
2927 509 3022 562 sed
3047 517 3296 562 naturam
3319 525 3495 563 meam

1913 620 2203 661 assumens
2233 622 2247 657 :
2279 611 2357 667 et,
2389 609 2450 655 ut
2476 601 2608 665 dixi,
2654 598 2830 652 videri
2886 598 3096 661 volens,
3122 612 3246 651 cum
3301 605 3497 651 natura

1913 713 2012 752 sua
2043 696 2115 751 sit
2156 694 2470 749 invisibilis.
2502 693 2690 761 itaque
2723 707 2790 744 ex
2817 698 2977 759 partu
3015 688 3228 758 accepit
3254 687 3494 750 initium,

1911 805 2022 843 non
2040 796 2098 842 ut
2115 789 2261 843 Deus
2276 795 2441 850 esset,
2463 784 2559 838 sed
2587 793 2645 838 ut
2664 783 2732 836 ab
2747 781 3072 836 hominibus
3087 780 3265 835 videri
3285 779 3498 848 incipe-

1913 885 2016 930 ret.
2043 877 2182 934 Nam
2213 891 2338 930 cum
2356 875 2500 928 Deus
2525 880 2690 937 esset,
2721 871 2897 925 voluit
2925 871 3091 925 homo
3120 870 3240 925 ﬁeri
3273 877 3502 940 propter

1913 984 2066 1024 suam
2087 968 2142 1022 in
2159 983 2259 1021 nos
2276 966 2710 1030 clementiam,ut
2728 979 2828 1018 nos
2845 964 3024 1033 ipsum
3042 962 3358 1018 Creatorem
3380 977 3502 1030 per-

1915 1060 2044 1114 inde
2074 1069 2239 1127 atque
2273 1067 2562 1128 cognatum
2585 1056 3078 1125 complecteremur
3097 1071 3113 1121 ;
3131 1061 3186 1108 et
3213 1061 3274 1106 ut
3292 1068 3391 1122 per
3412 1051 3494 1122 ip-

1914 1167 2036 1206 sum
2069 1150 2323 1204 ﬁduciam
2361 1149 2796 1218 conciperemus,
2820 1146 2914 1216 qui
2943 1145 3288 1216 propriarum
3325 1144 3498 1199 actio-

1911 1257 2044 1298 num
2059 1242 2324 1312 qualitate
2345 1240 2753 1310 premebamur.
2777 1237 2993 1292 Etenim
3018 1251 3142 1291 cum
3165 1235 3233 1289 ad
3257 1235 3498 1290 tribunal

1914 1337 2210 1391 trahuntur
2253 1335 2348 1406 qui
2392 1334 2742 1404 propriarum
2789 1331 3058 1384 virtutum
3096 1328 3364 1398 praesidiis
3394 1328 3498 1382 niti

1911 1444 2022 1484 non
2060 1437 2313 1500 possunt,
2352 1438 2612 1496 tanquam
2657 1439 2722 1478 ex
2754 1422 2969 1493 cognati
2995 1420 3081 1474 sui
3113 1420 3330 1473 meritis
3356 1419 3499 1473 ﬁdu-

1913 1521 2051 1576 ciam
2099 1529 2344 1576 sumunt.
2405 1517 2548 1584 Quid
2601 1514 2813 1587 igitur?
2857 1512 3094 1569 Advenit
3131 1512 3277 1567 Deus
3308 1511 3494 1575 homo,

1909 1629 2021 1668 non
2055 1612 2124 1667 de
2159 1612 2281 1667 loco
2304 1612 2360 1665 in
2381 1611 2563 1664 locum
2595 1606 3008 1676 transmigrans,
3041 1603 3137 1659 sed
3163 1603 3497 1658 invisibilem

1909 1711 2161 1759 naturam
2199 1702 2475 1778 visibilem
2501 1699 2768 1755 exhibens
2801 1715 2813 1750 ε
2850 1705 3121 1766 quatenus
3154 1705 3210 1752 et
3241 1705 3301 1750 ut
3330 1697 3498 1750 homo

1908 1798 2061 1853 visus
2109 1807 2215 1863 est,
2241 1807 2297 1853 et
2323 1795 2641 1851 hominibus
2667 1801 2932 1864 cognatus
2961 1792 3216 1862 apparuit
3238 1792 3284 1823 ⁷³
3310 1792 3496 1859 φεῖσαι

209 1875 388 1931 etiam
409 1877 740 1948 evangelista
767 1877 1046 1948 praedicat,
1072 1877 1300 1931 dicens:
1335 1894 1353 1929 ‹
1391 1877 1634 1934 Verbum
1667 1896 1797 1940 caro
1822 1886 2028 1944 factum
2064 1897 2148 1944 est
2172 1889 2236 1942 ".
2277 1909 2294 1940 ι

287 1973 364 2023 Δν.
401 1971 509 2022 Καὶ
542 1970 679 2034 πῶς,
714 1975 898 2040 φησὶν,
929 1971 956 2022 6
982 1969 1153 2037 Λόγος
1200 1968 1417 2037 ἐγένετο
1461 1971 1640 2043 ccipe;
1676 1974 1794 2039 πῶς

211 2060 452 2114 δυνατὸν
487 2061 578 2113 τὸν
605 2060 736 2114 Θεὸν
770 2061 940 2128 Λόγον
968 2059 1224 2130 γενέσθαι
1267 2058 1592 2131 ἄνθρωπονς
1633 2064 1806 2136 Ἐρω-

213 2155 318 2224 τᾷς
347 2153 442 2206 τὸν
472 2152 670 2224 τρόπον
693 2153 800 2206 τῶν
832 2152 926 2206 τοῦ
952 2152 1086 2206 Θεοῦ
1123 2151 1452 2222 θαυμάτων;
1487 2154 1552 2207 El
1582 2156 1804 2225 ἐφικτὸν

211 2242 285 2315 ἦν
325 2245 460 2315 ἡμῖν
503 2243 563 2298 τὸ
608 2245 988 2315 ἀκατάληπτον
1025 2243 1117 2297 τοῦ
1148 2245 1332 2314 λόγου,
1365 2245 1465 2298 οὐκ
1491 2241 1561 2317 ἦν
1596 2247 1802 2318 θαῦμα,

215 2337 358 2392 ἀλλὰ
391 2336 531 2391 κατὰ
566 2337 726 2406 φύσιν
754 2337 1005 2407 πρᾶγμα.
1035 2335 1100 2390 El
1141 2337 1197 2390 δὲ
1227 2335 1414 2408 θαῦμα
1444 2342 1540 2391 καὶ
1569 2343 1797 2410 σημεῖον

217 2431 280 2484 τὸ
319 2428 709 2500 γεγενημένον,
762 2427 1083 2500 παραχώρει
1142 2428 1235 2482 τὸν
1283 2429 1440 2498 λόγον
1485 2430 1563 2501 τῷ
1589 2431 1806 2503 θαυμα-

219 2520 544 2592 τουργοῡντι
580 2514 842 2592 Δεσπότῃ.
876 2520 998 2574 ’Ότι
1048 2520 1158 2593 γὰρ
1213 2521 1450 2592 ἐγένετο,
1497 2523 1702 2592 γνῶναί
1747 2542 1806 2578 σε

223 2609 503 2681 βούλομαι,
543 2611 638 2664 καὶ
667 2609 729 2662 τὸ
761 2611 825 2662 ὲκ
854 2609 949 2663 τοῦ
982 2610 1276 2680 γενομένου
1305 2610 1495 2682 κέρδος
1521 2614 1588 2682 τῇ
1625 2612 1805 2664 πίστει

222 2699 620 2772 καρπώσασθαι
641 2717 655 2731 ·
687 2699 804 2762 πῶς
837 2698 894 2752 δὲ
920 2698 1134 2768 γέγονε,
1157 2699 1234 2768 τῷ
1277 2698 1591 2770 ἐνεργοῦντι
1629 2718 1807 2770 παρα-

223 2791 410 2862 χώρει.
446 2790 520 2843 Ἦ
559 2790 622 2843 σὺ
644 2788 722 2860 τῷ
758 2787 854 2858 μὲν
888 2786 1058 2858 ἰατρῷ
1077 2787 1360 2852 πιστεύεις
1388 2788 1801 2858 προστάττοντι,

1974 1980 2062 2035 1V.
2121 1979 2226 2034 Sed
2277 1979 2425 2035 dicet
2457 1979 2656 2049 aliquis
2688 1995 2699 2030 :
2736 1975 3022 2044 Quomodo
3053 1973 3170 2028 ﬁeri
3201 1979 3404 2043 potest,
3433 1983 3496 2027 ut

1903 2072 2050 2127 Deus
2069 2073 2309 2127 Verbum
2346 2073 2512 2126 homo
2549 2071 2683 2125 ﬁat?
2718 2070 2936 2124 Modum
2964 2066 3167 2137 quaeris
3192 2065 3493 2119 miraculo-

1903 2183 2026 2221 rum
2061 2167 2202 2221 Dei?
2236 2164 2292 2220 Si
2334 2163 2564 2219 rationis
2591 2163 2756 2233 hujus
2790 2157 3424 2230 incomprehensibilitas
3463 2171 3493 2210 a

1903 2259 2068 2315 nobis
2115 2269 2302 2334 posset
2334 2254 2747 2326 comprehendi,
2793 2253 3119 2307 miraculum
3162 2251 3352 2320 utique
3385 2265 3494 2303 non

1904 2359 2070 2416 esset,
2133 2350 2228 2405 sed
2283 2365 2370 2403 res
2420 2346 2723 2403 secundum
2777 2354 3052 2400 naturam.
3108 2342 3163 2396 Si
3193 2356 3323 2395 vero
3345 2340 3491 2408 quod

1904 2442 2110 2496 factum
2143 2448 2226 2496 est
2252 2440 2466 2510 signum
2490 2446 2573 2493 est
2596 2453 2660 2492 ac
2690 2436 3039 2500 miraculum,
3066 2431 3193 2486 facti
3218 2430 3490 2484 rationem

1904 2534 2296 2589 miraculorum
2323 2531 2533 2584 auctori
2563 2528 2792 2582 Domino
2825 2526 3094 2593 relinque.
3119 2523 3256 2577 Nam
3287 2521 3490 2573 factum

1905 2641 2024 2679 esse
2064 2625 2206 2677 scire
2260 2635 2312 2676 te
2355 2623 2501 2684 volo,
2551 2620 2878 2686 lucrumque
2903 2632 2970 2670 ex
2999 2630 3065 2669 eo
3094 2612 3242 2684 quod
3281 2611 3490 2666 factum

1904 2723 2008 2774 est,
2065 2713 2171 2767 ﬁde
2221 2711 2552 2782 percipere:
2597 2708 2874 2778 quomodo
2924 2715 3108 2760 autem
3158 2704 3364 2758 factum
3393 2702 3485 2768 sit,

1905 2805 2152 2860 eﬁ‘ectori
2192 2805 2509 2874 relinquito.
2547 2802 2628 2856 An
2663 2809 2720 2855 tu
2754 2800 2969 2854 medico
2993 2797 3330 2869 pra-cipienti
3363 2812 3486 2852 cre-

354 2883 414 2936 ού
451 2880 794 2953 περιεργάζῃ
833 2879 925 2932 τὸν
974 2877 1178 2949 τρόπον
1217 2880 1316 2950 τῆς
1367 2879 1681 2950 θεραπείας,
1713 2897 1801 2932 πι-

1906 2900 2012 2963 dis,
2065 2898 2406 2965 salutemque
2453 2905 2601 2949 tuam
2644 2893 2747 2947 arti
2799 2890 3144 2961 permittens,
3200 2887 3487 2943 medicina:

233 2971 435 3027 στεύων
479 2973 546 3044 τῇ
595 2971 763 3042 τέχνῃ
809 2969 906 3041 τὴν
952 2967 1152 3022 σαυτοῦ
1202 2970 1512 3042 σωιιξηρίαν⁹
1544 2969 1658 3024 ἀλλ’
1681 2972 1800 3025 ούδέ

228 3065 382 3128 ἄλλος
421 3082 504 3127 τις
549 3063 771 3134 ἄτεχνος
801 3061 876 3115 ῶν
910 3061 1002 3116 τὸν
1030 3060 1124 3114 τοῦ
1157 3062 1404 3133 τεχνίτου
1432 3063 1799 3135 περιεργάζε-

224 3174 310 3211 ται
356 3156 577 3228 τρόπον,
629 3153 767 3208 ἀλλά
803 3151 1068 3224 γνωρίζει
1111 3153 1210 3224 μὲν
1259 3153 1320 3208 τὸ
1354 3154 1670 3226 γενόμενον,
1709 3155 1800 3208 τὸν

226 3251 504 3324 δὲτρόπον
540 3253 606 3321 τῇ
649 3249 818 3322 τέχνῃ
863 3252 1222 3321 παραχωρεῖ·
1262 3251 1326 3304 σὺ
1358 3251 1415 3305 δὲ
1447 3253 1665 3308 πάντων
1690 3255 1800 3308 τῶν

228 3343 328 3396 ὑπὸ
377 3340 470 3395 τοῦ
537 3341 671 3395 Θεοῦ
720 3339 1366 3414 τεθαυματουργημένων
1409 3346 1539 3408 τοὺς
1603 3345 1798 3413 λόγους

228 3437 515 3508 ἐπιζητεῖς,
560 3435 636 3499 ώς
685 3434 905 3507 χρῄζων
951 3434 1063 3489 τῶν
1123 3436 1317 3505 λόγων,
1345 3437 1431 3489 ἴνα
1460 3436 1531 3488 τὰ
1559 3437 1698 3489 αὐτὰ
1725 3435 1800 3504 τῷ

228 3527 340 3600 Θεῷ
369 3527 797 3599 θαυματουργῇς
832 3527 929 3580 καὶ
976 3526 1081 3592 σύ;
1130 3526 1270 3578 Ἀλλ’
1302 3527 1438 3595 ὅπερ
1471 3525 1678 3594 ἔλεγον,
1705 3525 1801 3580 καὶ

229 3620 320 3675 νῦν
354 3607 497 3687 λέγω
519 3635 534 3650 θ
563 3618 912 3688 πράγματος,
948 3608 1008 3669 οὗ
1034 3615 1128 3668 τὸν
1152 3615 1310 3685 λόγον
1341 3615 1796 3688 ἐπιγινώσκομεν,

227 3710 412 3765 τούτου
464 3709 498 3781 ἠ
548 3708 712 3778 φύσις
757 3709 819 3763 ού
877 3707 1062 3778 θαῦμά
1085 3707 1230 3759 ἐστιν
1260 3705 1380 3759 ούδέ
1422 3709 1666 3778 σημεῖον.
1695 3710 1794 3762 To-

232 3807 379 3861 τοῦτό
405 3823 460 3860 τι
489 3806 662 3871 ἐστιν,
695 3804 724 3857 δ
755 3804 900 3870 λέγω
923 3817 938 3832 ⁶
971 3801 1255 3872 οἰκοδόμος
1282 3799 1458 3865 κτίζει
1505 3800 1678 3856 οἷκονο
1708 3802 1800 3856 τὸν

230 3898 377 3966 λόγον
415 3897 781 3966 γινώσκομεν,
817 3894 917 3956 τὰς
959 3893 1091 3956 ὔλας
1142 3891 1490 3958 συντεθείσας
1534 3891 1799 3965 γνωρίζο-

236 4005 346 4058 μεν,
379 3989 558 4057 λέγειν
612 3985 674 4039 τὸ
723 3985 1092 4058 γεγενημένον
1139 3985 1442 4057 δυνάμεθα,
1474 3988 1522 4040 εἰ
1576 3988 1674 4040 καὶ
1728 3986 1796 4040 δι’

233 4079 473 4150 ἀτεχνίαν
501 4078 748 4149 ἐνεργεῖν
779 4079 880 4131 οὐκ
906 4077 1074 4148 ἐσμὲν
1105 4079 1302 4134 ἱκανοί.
1339 4078 1583 4132 Ἔπλασε
1627 4077 1708 4148 τῷ
1734 4079 1798 4130 ἐκ

1901 2991 2171 3045 rationem
2214 2988 2430 3043 curiose
2480 3001 2591 3039 non
2636 2981 2957 3054 perquiris:
3002 2980 3100 3035 sed
3131 2995 3308 3049 neque
3347 2979 3487 3033 alius

1901 3082 2169 3152 quispiam
2219 3079 2356 3133 artis
2400 3077 2574 3141 rudis,
2619 3074 2846 3129 artiﬁcis
2883 3073 3124 3127 rationes
3154 3071 3445 3141 investigat
3469 3086 3485 3137 ,

1899 3175 1998 3229 sed
2028 3188 2166 3242 opus
2199 3173 2375 3242 ipsum
2407 3183 2730 3240 agnoscens,
2760 3165 2887 3221 facti
2917 3165 3184 3219 rationem
3208 3163 3312 3216 arti
3339 3175 3488 3216 eom-

1901 3265 2072 3320 mittit
2105 3282 2117 3316 :
2159 3271 2216 3316 tu
2269 3277 2402 3315 vero
2455 3259 2702 3313 omnium
2736 3256 3051 3310 divinorum
3092 3253 3484 3307 miraculorum

1902 3355 2142 3409 rationes
2161 3351 2547 3421 perscrutaris,
2573 3347 2729 3417 quasi
2755 3346 2880 3399 ideo
2901 3344 3210 3398 rationibus
3239 3342 3485 3411 indigeas

1901 3454 1961 3500 ut
1981 3453 2038 3498 tu
2062 3457 2280 3512 quoque
2307 3440 2499 3494 eadem
2529 3454 2654 3493 cum
2683 3438 2802 3506 ipso
2831 3434 3097 3488 miracula
3131 3433 3344 3488 facias?
3374 3430 3483 3486 Sed

1901 3537 2045 3608 quod
2095 3535 2229 3600 dixi,
2277 3535 2475 3588 iterum
2514 3539 2749 3601 repeto:
2785 3529 2868 3583 rei
2904 3528 3062 3597 cujus
3085 3527 3357 3580 rationem
3391 3539 3486 3578 co-

1900 3627 2235 3700 gnoscimus,
2296 3625 2416 3693 ejus
2458 3630 2714 3676 naturam
2756 3633 2938 3689 neque
2985 3616 3312 3671 miraculum
3358 3629 3482 3668 esse

1899 3735 2079 3790 neque
2099 3719 2336 3790 signum.
2359 3714 2525 3771 Verbi
2549 3713 2723 3784 gratia
2749 3729 2762 3764 :
2785 3709 2963 3765 Faber
2980 3708 3214 3764 aediﬁcat
3233 3708 3478 3771 domum;

1898 3810 2116 3868 aediﬁcii
2160 3809 2428 3864 rationem
2458 3805 2827 3876 agnoscimus,
2855 3802 3117 3856 materias
3139 3799 3300 3854 simul
3333 3813 3484 3853 com-

1899 3904 2106 3977 positas
2160 3903 2457 3964 cernimus,
2518 3914 2636 3954 rem
2687 3896 2885 3952 factam
2932 3894 3116 3964 eloqui
3168 3905 3476 3962 possumus,

1899 3996 2112 4052 etiamsi
2154 4000 2380 4065 propter
2422 3989 2753 4060 imperitiam
2781 3985 2964 4041 idonei
2997 3983 3233 4054 operarii
3261 3998 3369 4035 non
3401 3996 3479 4034 ω-

1901 4105 2041 4147 mus.
2083 4086 2438 4160 Unigenitum
2466 4085 2564 4140 Dei
2591 4081 2832 4140 Verbum
2870 4093 3015 4134 caeco
3041 4093 3072 4132 a
3102 4073 3387 4130 nativitatc
3411 4072 3484 4127 de

233 4168 475 4238 γεννετῆς
525 4166 712 4240 τυφλῷ
767 4167 1082 4240 ὀφθαλμοὺς
1127 4169 1156 4223 ό
1207 4169 1503 4242 μονογενὴς
1535 4169 1629 4223 τοῦ
1663 4168 1798 4222 Θεοῦ

1904 4181 2018 4236 Ιυιο
2047 4179 2304 4236 formavit
2331 4177 2557 4232 oculos:
2594 4175 2701 4229 hoc
2738 4187 2902 4242 supra
2935 4176 3179 4224 nostram
3206 4173 3290 4219 est
3314 4163 3483 4217 ratio-

235 4262 394 4331 Λόγος
425 4262 492 4317 ἐκ
520 4259 695 4333 πηλοῦ
717 4276 730 4290 ·
762 4258 921 4315 τοῦτο
955 4260 1096 4332 ὑπὲρ
1125 4260 1285 4330 λόγον
1324 4261 1443 4316 ἐστὶ
1472 4261 1562 4317 τόν
1596 4263 1798 4335 ἡμέτε-

236 4370 336 4420 ρον.
363 4349 556 4425 Θαῢμα
580 4352 849 4418 καλεῖται,
882 4352 1165 4424 λογισμοῖς
1194 4352 1290 4407 ἀνθ
1301 4351 1497 4425 ρώπων
1522 4356 1622 4408 οὐκ
1640 4355 1797 4426 ἐρευ-

235 4443 459 4516 νώμενον
485 4462 498 4476 ⁶
531 4448 761 4516 σημεῖον
801 4444 1046 4500 καλεῖται
1095 4445 1235 4517 ὑπὲρ
1268 4445 1366 4518 τὴν
1397 4447 1598 4518 συνήθη
1635 4447 1797 4517 φύσιν

235 4536 618 4609 γεγενημένον’
673 4538 770 4592 καλ⁸
822 4537 904 4591 ὅτι
950 4538 1048 4610 μὲν
1105 4538 1344 4606 ἐγένετο,
1385 4538 1563 4610 τσμεν,
1601 4542 1693 4594 τὸν
1736 4540 1795 4595 δὲ

234 4628 417 4697 τρόπον
441 4627 624 4698 λέγειν
652 4629 756 4682 οὐκ
778 4629 994 4702 ἔχομεν.
1040 4629 1134 4683 Ἐκ
1160 4629 1331 4700 πηλοῦ
1358 4631 1456 4700 μὲν
1484 4631 1592 4704 γὰρ
1623 4632 1792 4704 κέρα-

238 4734 323 4786 μος
370 4717 461 4772 καὶ
503 4717 728 4786 πλίνθος
785 4721 1278 4790 κατασκευάζεται,
1337 4725 1436 4777 οὐκ
1487 4726 1786 4797 ὀφθαλμῶν

236 4808 464 4878 εὐγένεια
512 4811 834 4880 πράττεται,
888 4813 989 4866 οὐκ
1037 4815 1237 4884 ὑμένες
1293 4815 1479 4870 λεπτοὶ
1525 4817 1786 4885 γίνονται,

236 4903 322 4972 οὐχ
365 4902 606 4973 ὁράσεως
652 4904 895 4958 ποικιλία
946 4905 1282 4972 συνίσταται,
1320 4908 1379 4961 ού
1434 4910 1790 4980 περιφερείας

237 4993 466 5064 ἀκρίϐεια
503 4993 644 5064 μετὰ
689 4996 961 5066 τοσαύτης
996 4997 1251 5069 εύχροίας
1299 5000 1613 5070 τορνεύεται
1637 5018 1652 5032 ’
1693 5017 1789 5066 πη-

236 5084 314 5148 λὸς
342 5083 396 5137 οὐ
427 5087 670 5154 πέφυκεν
703 5087 783 5149 είς
827 5087 1123 5160 ὀφθαλμῶν
1156 5090 1453 5160 ἀνάγεσθαι
1483 5091 1782 5160 εὐγένειαν.

237 5175 420 5229 Οὐκοῦν
470 5177 672 5248 ὄπερή
711 5178 873 5247 φύσις
925 5181 1028 5248 τῆς
1078 5183 1182 5253 γῆς
1214 5183 1318 5236 οὐκ
1369 5183 1694 5254 ἐπιδέχεται,
1722 5186 1784 5239 ού

241 5269 329 5337 γὰρ
354 5268 590 5339 πέφυκεν
639 5270 987 5341 ἐπιδέχεσθαι
1020 5271 1297 5345 ὀφθαλμοῦ
1325 5274 1422 5346 τὴν
1460 5274 1622 5344 ἰδέαν,
1653 5275 1777 5329 ταύ-

298 5422 561 5478 "Baruch
594 5441 672 5484 tit,
709 5426 795 5482 58.
867 5429 911 5459 7‘
942 5429 1098 5484 Joan.
1131 5445 1167 5492 ι,
1205 5430 1287 5482 li.

301 5565 392 5636 (Η)
425 5569 651 5639 Κριτήν.

1895 4287 2068 4339 nem;
2116 4285 2352 4340 cumque
2397 4269 2640 4322 humana
2693 4263 2906 4318 ratione
2953 4254 3313 4330 pervestigari
3367 4269 3479 4307 non

1895 4372 2083 4436 queat,
2110 4363 2327 4434 signum
2353 4359 2437 4415 vel
2463 4357 2790 4413 miraculum
2811 4352 3135 4423 appellatur.
3166 4348 3301 4402 Nam
3329 4343 3477 4415 quod

1892 4463 2092 4527 praeter
2124 4460 2450 4509 consuetum
2497 4456 2709 4504 natura:
2752 4458 2976 4501 cursum
3018 4440 3100 4507 ﬁt,
3153 4438 3206 4492 id
3262 4438 3478 4508 signum

1891 4556 2120 4604 vocatur
2154 4565 2168 4601 :
2199 4553 2256 4602 et
2278 4543 2425 4616 quod
2459 4543 2665 4598 factum
2691 4539 2912 4610 quidem
2939 4543 3025 4591 est
3051 4533 3328 4595 novimus,
3355 4545 3481 4584 mea

1891 4642 2022 4696 dum
2059 4649 2244 4696 autem
2292 4635 2453 4694 eﬁ‘ari
2496 4649 2608 4689 non
2657 4633 2921 4688 valemus.
2953 4629 3033 4682 Ex
3062 4627 3178 4680 luto
3205 4622 3483 4693 siquidem

1890 4749 1986 4789 vas
2036 4732 2205 4787 ﬁctile
2252 4738 2346 4784 aut.
2382 4729 2519 4783 later
2559 4718 2876 4788 conﬁcitur,
2901 4737 3013 4775 non
3046 4718 3328 4774 oculorum
3367 4713 3486 4767 eles

1889 4821 2071 4891 gantia
2095 4821 2390 4885 formatur,
2414 4832 2528 4872 non
2552 4824 2748 4870 tenues
2769 4813 2876 4868 illae
2897 4804 3289 4864 membranula:
3315 4802 3483 4865 ﬁunt,

1888 4928 1999 4967 non
2047 4911 2270 4983 pupillae
2324 4910 2496 4965 decor
2539 4914 2634 4962 aut
2683 4903 2921 4958 varietas
2958 4895 3333 4958 constituitur,
3362 4907 3478 4947 non

1893 5003 2068 5074 ipsius
2113 5000 2572 5058 circumferentia:
2604 4995 2900 5053 artiﬁcium
2937 5000 3086 5047 tanta
3120 5003 3243 5044 cum
3271 4983 3480 5041 coloris

1892 5101 2179 5148 venustate
2230 5091 2573 5148 eﬁ‘ormatur.
2626 5089 2827 5143 Lutum
2876 5082 3024 5138 enim
3082 5079 3138 5134 in
3185 5075 3476 5131 oculorum

1893 5191 2236 5239 venustatem
2292 5183 2500 5255 (nostra
2544 5179 2684 5250 arte)
2719 5175 2880 5233 evehi
2920 5189 3030 5229 non
3058 5177 3257 5242 potest.
3283 5165 3471 5234 itaque

1893 5277 2036 5349 quod
2080 5285 2239 5332 terrae
2280 5285 2476 5332 natura
2516 5289 2627 5330 non
2659 5269 2972 5344 patiebatur
3001 5267 3132 5327 (non
3163 5261 3309 5319 enim
3344 5265 3474 5330 apta
