4048 6210
590 359 729 419 1579
1258 422 1273 435 ,
1694 360 2039 418 TIlEODOTl
2077 361 2385 421 EPISCOPI
2419 359 2765 418 ANCYRANI
3740 360 3771 415 1
3788 360 3905 416 389

587 476 729 531 sicut
751 490 871 546 ego,
896 483 957 531 ut
981 492 1106 532 cum
1136 492 1258 532 mea
1277 486 1472 533 natura
1497 477 1904 548 generationem
1940 492 2157 547 quoque

2302 477 2417 530 ίκον
2464 475 2776 544 ἀναγκαίως
2826 473 3166 547 αἱρούμενος.
3198 474 3297 527 Διά
3320 473 3480 529 τοῦτο
3516 473 3630 529 καὶ
3670 475 3900 545 γέννη-

586 582 766 624 meam
818 578 1226 638 consequenter
1271 568 1607 624 admitteret.
1667 566 2035 634 Quamobrem
2104 574 2161 622 et

2299 586 2342 623 ιν
2382 564 2700 640 ᾠκειώσατο
2735 566 2866 630 Θεὸς
2912 567 3085 635 Λόγος
3106 580 3120 597 ⁸
3157 567 3252 619 καὶ
3299 564 3514 636 μητέρα
3555 566 3897 634 ἠσπάσατο

583 658 994 731 generationem
1023 658 1128 713 sibi
1151 660 1297 714 Deus
1326 659 1569 715 Verbum
1591 657 1807 724 ascivit,
1837 664 1894 713 et
1928 666 2160 712 matrem

2293 660 2361 732 ὴν
2390 659 2685 730 Παρθένον·
2717 658 2811 713 καὶ
2834 658 2922 712 διὰ
2959 659 3173 729 μήτρας
3195 653 3325 727 ἦλθε
3359 659 3793 730 κοσμουμένης
3818 663 3890 730 τῇ

582 751 794 822 eligens
840 750 1121 821 Virginem
1173 752 1442 822 processit
1470 767 1568 822 per
1591 758 1812 805 uterum
1840 749 2158 821 virginitate

2290 748 2558 821 παρθενίᾳ.
2595 749 2762 802 Οὐδὲν
2801 746 2931 819 γὰρ,
2954 740 3029 801 ὧν
3071 746 3328 811 ἔπλασεν,
3370 748 3399 799 6
3440 746 3590 810 Θεὸς
3627 748 3888 817 βδελὺςο

581 842 923 898 decoratum.
954 843 1104 898 Nihil
1141 843 1290 898 enim
1314 844 1459 898 Deus
1489 859 1557 898 ex
1581 843 1651 897 iis
1683 848 1990 905 aversatur,
2037 856 2160 910 quae

2286 858 2447 895 τεται·
2495 842 2798 913 ἐπειδήπερ
2833 840 2987 895 οὐδὲν
3025 838 3244 906 ἀνάξιον
3279 840 3443 893 αὐτοῦ
3489 839 3614 893 τῶν
3683 842 3884 910 ἔργων

579 934 838 989 formavit
862 953 874 988 :
908 935 1357 1005 quandoquidem
1389 936 1527 989 nihil
1556 936 1741 1005 operis
1764 936 1832 991 ab
1858 950 1925 990 eo
1944 934 2149 988 factum

2282 933 2497 1002 γένετο.
2530 932 2720 986 Πάντα
2751 931 2913 997 καλὰ,
2946 933 3042 985 καὶ
3064 929 3202 985 καλὰ
3220 930 3362 995 λίαν,
3387 932 3485 985 ἐὰν
3502 930 3705 985 ταῦτα
3738 932 3880 985 (δω-

577 1032 685 1091 est,
711 1026 858 1095 quod
887 1026 1006 1095 ipso
1026 1035 1316 1081 censeatur
1343 1025 1649 1096 indignum.
1689 1024 1883 1080 Omnia
1913 1037 2151 1093 namque

2280 1040 2361 1076 ιεν
2404 1023 2481 1086 ὼς
2536 1024 2564 1076 6
2607 1022 2862 1092 Πλάστης
2905 1016 3013 1074 εἶδε
3058 1021 3418 1090 γεγενημένα.
3470 1015 3658 1072 (Εἷδε
3701 1022 3878 1091 γὰρέ

577 1112 745 1181 bona,
778 1125 833 1172 et
863 1117 1086 1187 quidem
1140 1117 1301 1173 valde
1330 1118 1492 1183 bona,
1531 1118 1575 1172 si
1606 1133 1670 1173 ea
1712 1117 2047 1180 intueamur,
2092 1124 2154 1171 ut

2269 1115 2393 1178 εὸς
2449 1114 2515 1168 τὰ
2567 1113 2746 1167 πάντα
2785 1114 2887 1167 ὅσα
2923 1112 3168 1178 ἐποίησε,
3196 1113 3290 1165 καὶ
3324 1111 3435 1166 ἰδοὺ
3470 1110 3636 1165 καλὰ
3663 1111 3821 1165 λίαν.
3846 1133 3867 1163 ι

579 1207 835 1263 conditor
884 1210 996 1280 jam
1027 1208 1170 1264 facta
1216 1210 1449 1264 intuitus
1481 1218 1588 1264 est.
1620 1229 1638 1262 ι
1668 1209 1979 1266 Viditenim
2010 1208 2155 1263 Deus

2272 1203 2528 1258 Ἀποιθέσι
2571 1203 2733 1274 βλέπε
2767 1203 2944 1258 πάντα
2987 1204 3102 1266 τοῖς
3142 1202 3456 1274 ὀφθαλμοῖς,
3510 1204 3619 1256 καὶ
3660 1203 3870 1265 είὼςό

574 1299 763 1354 omnia
787 1315 908 1369 qua:
934 1299 1159 1364 fecerat,
1191 1309 1247 1355 et
1270 1316 1398 1355 ecce
1432 1300 1575 1355 bona
1603 1300 1761 1355 valde
1795 1300 1863 1352 ⁷⁸.
1897 1318 1915 1351 ι
1957 1297 2153 1353 Omnia

2262 1298 2383 1361 Θεὸς
2436 1296 2576 1350 αὐτά
2611 1294 2852 1366 βλέπεις,
2878 1292 3003 1350 λίαν
3030 1296 3196 1350 καλὰ.
3239 1295 3517 1365 Ἐξόρισον
3548 1294 3619 1346 sb
3653 1293 3860 1355 πάθος.

577 1387 809 1456 proinde
832 1403 954 1458 quae
996 1388 1219 1458 aspicis,
1247 1389 1407 1443 oculo
1437 1405 1467 1443 a
1492 1386 2009 1460 perturbationibus
2046 1388 2153 1441 im-

2262 1389 2345 1441 καὶ
2376 1387 2668 1456 γνωρίσεις
2709 1387 2809 1457 τὴν
2844 1387 3124 1455 εὐγένειαν
3156 1386 3257 1440 τοῦ
3289 1387 3594 1456 γενομένου
3618 1403 3637 1416 ·
3664 1386 3723 1437 τί
3762 1383 3860 1438 οὖν

576 1480 729 1535 muni
752 1481 974 1550 aspice;
1010 1489 1066 1536 et
1090 1482 1134 1536 si
1158 1490 1219 1536 ut
1245 1481 1362 1551 ipse
1395 1481 1540 1537 Deus
1571 1497 1635 1537 ea
1678 1480 1912 1545 videbis,
1965 1479 2153 1534 omnia

2260 1476 2583 1549 θαυμαστὸν,
2601 1477 2650 1530 εί
2675 1478 2733 1531 ὲν
2766 1477 2882 1548 ἰδίῳ
2904 1474 3055 1549 ἔργῳ
3093 1478 3190 1531 καὶ
3233 1475 3369 1547 οἴκῳ
3404 1476 3858 1545 κατεσκήνωσεν

574 1587 696 1626 esse
719 1572 878 1627 valde
901 1572 1134 1642 pulchra
1163 1572 1565 1642 deprehendes.
1598 1573 1787 1644 Abjice
1815 1570 2149 1644 passionem,
2249 1570 2277 1622 6
2311 1568 2481 1635 856;;

573 1666 628 1712 et
659 1674 929 1713 summam
981 1659 1035 1713 in
1070 1654 1166 1713 Dei
1199 1675 1364 1729 opere
1410 1660 1755 1715 nobilitatem
1809 1658 2136 1729 compcries.
2175 1657 2318 1724 Quid
2355 1672 2487 1726 ergo
2542 1658 2867 1723 mirume‘st,
2893 1656 2941 1713 si
2988 1656 3136 1713 Deus
3183 1655 3243 1711 in
3293 1656 3526 1727 proprio
3560 1669 3745 1726 opere
3794 1665 3857 1709 et

573 1748 737 1803 domo
757 1748 1007 1803 habitare
1031 1749 1308 1804 voluerit?
3304 1810 3310 1818 ,

643 1837 735 1893 1X.
779 1839 886 1895 Sed
938 1839 1096 1905 dicis,
1155 1840 1419 1896 decenter
1464 1840 1618 1895 illum
1646 1840 1869 1911 quidem
1895 1841 1950 1895 in
1993 1840 2147 1896 caelis
2176 1847 2218 1902 Β

2318 1835 2394 1889 8'.
2431 1835 2502 1889 Σὺ
2548 1834 2607 1888 δὲ
2655 1833 2856 1903 λέγεις,
2893 1833 3058 1899 ἀξίως
3084 1834 3193 1904 μὲν
3236 1834 3401 1889 αὐτὸν
3450 1837 3511 1888 ὲν
3569 1838 3848 1909 οὗρανοῑς

573 1928 863 1983 habitare:
899 1930 997 1985 sed
1024 1930 1300 1984 hominem
1336 1930 1620 2001 indignam
1682 1931 1801 2001 ipso
1845 1930 2145 1986 habitatio—

2252 1927 2521 1980 κατοικεῖν
2545 1940 2561 1956 ·
2589 1924 2815 1992 ἀναξίαν
2855 1923 2915 1977 δὲ
2969 1924 3140 1995 μονὴν
3180 1925 3345 1979 αὐτοῦ
3395 1926 3489 1979 τὸν
3538 1928 3850 1999 ἄνθρωπον

572 2036 698 2075 nem
722 2029 902 2090 putas,
927 2038 1037 2076 non
1068 2023 1300 2077 veritate
1322 2024 1621 2088 rationum,
1646 2023 1741 2078 sed
1769 2024 2022 2093 passione
2049 2036 2145 2078 an-

2244 2019 2368 2080 οίει,
2398 2018 2601 2089 κρίνων
2622 2016 2692 2069 τὰ
2715 2017 3019 2087 πράγματα
3042 2014 3103 2068 οὗ
3130 2017 3195 2087 τῇ
3230 2017 3461 2088 ἀληθείᾳ
3483 2018 3602 2070 τῶν
3636 2019 3842 2088 λόγων,

574 2111 909 2182 ticipataque
962 2112 1221 2182 opinione
1270 2114 1353 2168 rei
1406 2121 1661 2170 naturam
1713 2112 1988 2184 judicans.
2020 2114 2141 2177 Dic,

2245 2110 2383 2165 ἀλλά
2405 2108 2484 2180 τῷ
2508 2108 2672 2165 πάθει
2705 2110 2796 2162 καὶ
2817 2110 2884 2180 τῇ
2912 2108 3203 2179 προλήψει.
3231 2108 3299 2162 Τί
3323 2110 3430 2179 γὰρ
3460 2109 3839 2182 ὑψηλότερον,

571 2216 777 2271 quaeso,
809 2202 941 2271 quid
980 2202 1294 2269 sublimius,
1349 2204 1641 2270 coelumne,
1695 2219 1766 2258 an
1791 2203 1998 2259 homo?
2023 2202 2144 2258 Non

2244 2200 2366 2256 εἰπέ
2397 2216 2506 2271 μοι,
2532 2198 2778 2273 οὐρανὸς,
2814 2200 2848 2272 ἢ
2878 2197 3165 2272 ἅνθρωπος
3186 2216 3201 2263 ;
3226 2199 3321 2271 Μὴ
3355 2201 3465 2271 γάρ
3496 2219 3594 2272 μοι
3626 2205 3701 2274 τῇ
3734 2204 3842 2257 τῶν

573 2291 708 2346 mihi
729 2293 840 2362 jam
864 2292 1263 2346 elementorum
1293 2293 1645 2363 splendorem
1699 2293 1987 2360 attendas;
2031 2308 2144 2348 non

2246 2293 2522 2362 στοιχείων
2542 2292 2785 2364 πρόσχης
2804 2291 3169 2364 λαμπρότητι,
3192 2291 3325 2363 μηδὲ
3341 2291 3427 2347 διὰ
3448 2293 3551 2363 τὴν
3572 2294 3840 2366 εὔχροιαν

570 2389 797 2451 propter
823 2381 1025 2435 coloris
1047 2381 1374 2452 elegantiam
1400 2398 1589 2436 rerum
1603 2392 1830 2437 naturas
1850 2383 2139 2453 praeferas;

2245 2386 2545 2458 προκρίνῃς
2584 2386 2685 2457 τὴν
2725 2384 2908 2454 φύσιν,
2936 2382 3071 2456 μηδὲ
3108 2387 3206 2455 τὴν
3233 2383 3560 2454 ἒκπηδῶσαν
3601 2398 3838 2455 μαρμα-

571 2488 679 2527 non
706 2473 1049 2528 coruscantis
1089 2473 1225 2528 solis
1272 2473 1455 2528 radios
1495 2472 1892 2543 obstupescas;
1946 2489 2058 2528 non
2089 2482 2142 2529 te

2246 2470 2416 2546 ρυγὴν
2467 2474 2561 2528 τοῦ
2592 2474 2747 2545 ἡλίου
2777 2474 3155 2544 καταπλαγῇς,
3180 2471 3335 2543 μηδὲ,
3377 2473 3459 2524 ὅτι
3496 2472 3614 2538 ἐγὼ
3647 2473 3841 2542 δέρμα

570 2572 807 2628 moveat,
859 2564 1006 2635 quod
1042 2578 1164 2637 ego,
1190 2566 1345 2638 juxta
1408 2564 1658 2620 divinum
1678 2565 1780 2621 Job
1804 2566 1872 2631 ⁷⁷,
1897 2566 2040 2636 pelle
2086 2572 2143 2621 et

2242 2584 2302 2621 τε
2336 2567 2430 2620 καὶ
2477 2565 2647 2636 κρέας
2684 2565 2969 2637 ὲνδέδυμαι
3011 2564 3155 2618 κατὰ
3200 2563 3291 2617 τὸν
3318 2563 3464 2616 θεῖον
3496 2561 3655 2615 Ἰὼϐ·
3692 2564 3840 2620 ἀλλὰ

570 2670 736 2709 carne
767 2654 993 2711 indutus
1012 2671 1134 2711 sum
1178 2673 1191 2709 :
1218 2655 1314 2713 sed
1343 2656 1629 2710 rationalis
1657 2655 1851 2710 anima:
1874 2656 2145 2711 excellen-

2242 2658 2467 2728 λογικῆς
2495 2656 2673 2729 ψυχῆς
2706 2658 2807 2728 τὴν
2857 2656 3135 2726 εὐγένειαν
3178 2654 3478 2726 σκόπησον,
3512 2655 3681 2727 βλέπε
3729 2659 3840 2729 τὴν

572 2747 704 2800 tiam
727 2745 1036 2813 considera,
1064 2747 1305 2803 hominis
1334 2745 1785 2817 constitutionem
1833 2756 2095 2802 contuere
2123 2764 2139 2813 ;

2242 2748 2529 2821 ἀνθρώπου
2561 2747 2926 2818 κατασκευὴν,
2953 2748 3049 2801 καὶ
3089 2745 3373 2818 θαύμασον
3392 2748 3454 2800 τὸ
3482 2745 3645 2812 ζῶον.
3675 2749 3836 2802 Nm}:

571 2834 647 2889 ita
668 2834 774 2889 hoc
797 2836 1000 2889 animal
1024 2835 1390 2891 admirabere.
1420 2835 1658 2890 Mentem
1689 2835 1872 2900 habet,
1898 2852 2005 2905 qua
2035 2850 2140 2891 eae-

2241 2840 2355 2911 ἔχει
2381 2841 2600 2894 πάντων
2620 2838 2775 2904 ζώων
2808 2841 3029 2913 κρατεῖν
3053 2856 3113 2893 τε
3130 2839 3230 2915 καὶζ
3259 2839 3448 2910 ἄρχειν
3471 2840 3787 2909 δυνάμενον
3814 2858 3830 2871 ·

570 2925 700 2980 teris
758 2925 1015 2980 omnibus
1047 2925 1421 2982 animantibus
1466 2927 1738 2983 dominari
1776 2941 1840 2983 ac
1872 2928 2141 2998 imperare

2240 2934 2431 3002 χεῖρας
2483 2929 2675 2985 ἔλασεν
2737 2929 3185 3002 ὑπηρετουμένας
3226 2929 3320 2983 τοῦ
3369 2930 3463 2983 νοῦ
3515 2932 3582 3002 τῇ
3632 2932 3829 3001 cogi},

567 3023 749 3085 potest
772 3032 784 3068 :
810 3031 1007 3070 manus
1034 3017 1264 3070 sortitus
1298 3026 1382 3071 est
1422 3019 1622 3074 mentis
1650 3017 2022 3088 intelligentia:
2045 3016 2141 3071 ad-

2239 3023 2445 3092 όργανα
2483 3021 2828 3090 παντοδαπῆς
2867 3022 3065 3093 τέχνης
3103 3020 3430 3094 δημιουργά.
3476 3022 3659 3075 Μόνον
3710 3022 3832 3075 τῶν

569 3105 869 3169 ministras,
896 3105 1100 3175 quibus
1125 3112 1380 3177 tanquam
1404 3108 1787 3165 instrumentis
1831 3125 1993 3164 omne
2044 3124 2137 3162 ar-

2240 3114 2566 3167 κτισθὲν-των
2596 3114 2814 3168 πάντων
2844 3112 3130 3185 ἐλεύθερον
3161 3113 3408 3184 ἀνάγκης
3450 3112 3644 3181 γέγονε
3671 3131 3687 3143 ’
3714 3115 3831 3167 κύ-

570 3195 723 3251 ιίῐίοἱὶ
759 3213 933 3268 genus
999 3207 1279 3269 operatur.
1340 3200 1528 3256 Solum
1587 3202 1691 3257 hoc
1733 3201 1933 3256 animal
1993 3190 2168 3256 inter‘

2242 3220 2354 3274 ριον
2390 3203 2615 3275 γνώμης
2664 3204 2803 3268 ἰδίας
2848 3205 3009 3275 μόνον
3037 3171 3144 3257 ⁸τὸν
3528 3171 3754 3257 ἔκτισεν
3798 3207 3834 3258 6

568 3301 763 3346 caetera
791 3291 976 3346 omnia
1014 3306 1042 3345 a
1078 3291 1361 3347 coactione
1395 3292 1633 3347 liberum
1681 3291 1963 3347 conditum
1997 3300 2082 3345 est
2119 3309 2133 3346 :

2233 3294 2385 3360 Θεός.
2411 3296 2521 3365 Οὐχ
2560 3296 2692 3366 ὁρᾷς
2712 3286 2869 3366 ἥλιον
2908 3294 3364 3366 ἠναγκασμένους
3404 3294 3667 3366 τρέχοντα
3691 3295 3831 3364 δρό-

567 3383 744 3437 solum
776 3382 1057 3439 hominem
1109 3398 1223 3439 sua:
1282 3384 1580 3440 voluntatis
1614 3383 1898 3439 dominum
1932 3384 2139 3438 creavit

2237 3403 2401 3458 μους;
2426 3386 2486 3439 οὐ
2522 3385 2741 3456 βλέπεις
2776 3387 3025 3457 μονοειδῆ
3052 3385 3220 3440 αὐτοῦ
3247 3387 3342 3457 τὴν
3371 3386 3575 3458 φοράν;
3598 3386 3699 3438 Διά
3724 3388 3791 3437 τί
3805 3403 3824 3451 ;

566 3472 730 3528 Deus.
762 3472 957 3529 Nonne
986 3474 1168 3530 cernis
1203 3474 1374 3530 solem
1414 3476 1649 3532 naturali
1673 3464 1910 3547 quadam
1938 3492 2136 3535 neces-

2244 3476 2464 3549 Ἐπειδὴ
2516 3475 2738 3549 γνώμης
2802 3470 2941 3543 ιδίας
2994 3480 3055 3532 οὐ
3112 3478 3302 3548 γέγονε
3365 3478 3583 3547 κύριος’
3632 3477 3704 3529 σὺ
3750 3477 3824 3531 δὲ

566 3563 727 3620 sitate
752 3565 820 3619 ad
856 3575 1041 3622 actum
1076 3566 1261 3621 volvi?
1292 3584 1474 3623 nonne
1499 3577 1843 3623 constantem
1891 3582 2135 3637 semper-

2234 3569 2478 3641 προέρχῃ
2532 3567 2848 3640 ἐλεύθερος⁸
2897 3570 3159 3641 πράττεις
3205 3571 3232 3624 6
3276 3568 3461 3641 βούλει,
3494 3566 3596 3620 οὐκ
3648 3566 3822 3636 ἔχεις

565 3669 673 3724 que
706 3655 811 3710 sibi
848 3656 1087 3713 similem
1112 3658 1261 3715 illius
1290 3659 1704 3714 conversionem
1728 3659 2001 3715 advertis?
2023 3660 2136 3715 Cur

2226 3661 2481 3730 ’ἀνάγκην
2512 3641 2760 3714 eaeam
2796 3677 2855 3715 σε
2886 3660 3007 3732 atqu
3046 3658 3326 3733 ἐλεύθερος
3358 3658 3422 3730 τῇ
3467 3657 3617 3728 ψυχῇ
3654 3670 3810 3710 κατ-

565 3753 748 3800 autem
780 3745 921 3801 hoc?
955 3747 1092 3814 Quia
1128 3764 1239 3804 sua:
1275 3749 1574 3806 voluntatis
1614 3766 1725 3805 non
1760 3751 1923 3806 habet
1977 3751 2132 3806 arbi-

2234 3749 2416 3819 ἐστης.
2470 3744 2659 3814 Ἥλιος
2704 3748 2903 3815 ’δοῦλος
2949 3748 3230 3822 ἀνάγκης·
3276 3750 3560 3821 ἄνθρωπος
3610 3747 3665 3800 δὲ
3701 3747 3812 3817 τὴν

566 3837 734 3905 tripm
763 3855 777 3890 :
812 3846 870 3892 tu
912 3854 1042 3893 vero
1077 3840 1332 3910 procedis
1368 3841 1529 3907 liber,
1568 3840 1702 3896 facis
1734 3841 1882 3910 quod
1940 3840 2125 3907 lubet;

2228 3840 2454 3910 γνώμην
2485 3840 2789 3913 ἐλεύθερος.
2806 3842 2905 3906 Τίς
2935 3837 3029 3897 οὖν
3054 3843 3311 3914 ἀμείνων,
3336 3840 3455 3894 εἰπέ
3481 3856 3597 3910 μοι,
3623 3842 3654 3893 6
3680 3838 3810 3892 δοῦ-

562 3928 950 3983 necessitatem
981 3945 1102 4001 quae
1136 3937 1190 3984 te
1231 3946 1330 4001 per
1362 3931 1472 3986 vim
1503 3929 1767 4002 impellat,
1804 3931 2007 3986 nullam
2034 3947 2131 4002 pa-

2226 3930 2407 4001 λος,ἢ
2455 3933 2483 3984 6
2523 3931 2853 4004 ἓλεύθεροςς
2896 3934 2956 3988 ‘0
3006 3935 3111 3988 ὐπδ
3160 3934 3324 4003 ζυγὸν
3369 3932 3639 4003 ἀνάγκης,
3687 3931 3725 4003 ἢ
3780 3932 3814 3983 6

564 4016 740 4070 teris:
778 4017 963 4071 animo
987 4006 1320 4073 constitutus
1343 4034 1403 4074 es
1442 4019 1641 4075 libero.
1683 4020 1773 4085 Sol
1831 4020 2131 4075 famulatur

2227 4024 2408 4095 πάσης
2453 4022 2700 4096 ἀνάγκης
2746 4026 3013 4091 ἀπόλυτος
3054 4027 3137 4099 (51
3150 4040 3205 4097 );
3249 4026 3415 4081 οὐδὲν
3467 4022 3806 4095 θαυμαστὸν,

561 4107 871 4162 necessitati
909 4126 922 4161 :
950 4107 1115 4161 homo
1135 4107 1470 4164 voluntatem
1499 4111 1729 4164 sortitus
1763 4116 1848 4165 est
1880 4111 2126 4166 liberam.

2227 4112 2380 4167 οὐδὲν
2408 4115 2730 4186 παράδοξον,
2759 4118 2808 4169 εί
2848 4117 2910 4170 ἐν
2932 4117 3202 4188 ἀνθρώπῳ
3230 4114 3449 4187 ᾤκησεν
3486 4115 3516 4167 6
3551 4112 3705 4177 Θεὸς,
3732 4111 3797 4164 ὃν

560 4194 696 4261 Quis
728 4213 881 4268 ergo,
919 4198 1009 4253 dic
1054 4196 1212 4263 mihi,
1253 4201 1600 4269 praestantior
1630 4208 1735 4265 est,
1791 4216 2004 4265 servus,
2060 4218 2132 4261 an

1791 4216 2004 4265 servus,
2060 4218 2132 4261 an
2230 4207 2366 4261 ίδὶαν
2396 4209 2578 4264 είκόνα
2604 4209 2765 4276 εὐθὺς
2796 4212 3007 4276 πλάσὰς
3037 4213 3344 4282 ἠσπάσατο.

558 4284 736 4344 liber?
762 4287 1104 4344 necessitatis
1128 4288 1261 4359 jugo
1297 4289 1598 4361 subjectus,
1634 4305 1705 4345 an
1769 4291 1838 4345 ab
1881 4292 2031 4346 omni
2096 4299 2423 4354 necessitate
2484 4298 2781 4358 immunis?
2818 4304 2965 4358 Nihil
3039 4304 3227 4373 igitur,
3281 4303 3504 4367 mirum,
3544 4299 3681 4355 nihil
3716 4298 3804 4352 in-

555 4375 817 4430 credibile
843 4383 938 4431 aut
970 4389 1194 4440 novum,
1221 4375 1267 4431 si
1328 4376 1383 4431 in
1416 4377 1635 4431 homine
1695 4376 1963 4432 habitavit
2019 4379 2182 4448 Deus,
2222 4402 2385 4457 quem
2443 4389 2511 4443 ad
2568 4405 2724 4444 suam
2778 4392 3071 4463 imaginem
3141 4392 3439 4447 formatum
3484 4392 3533 4423 "
3564 4387 3803 4456 benigne

552 4468 870 4537 complexus
900 4476 1003 4522 est.

623 4555 693 4611 X.
730 4555 900 4611 Suum
965 4573 1200 4629 namque
1228 4568 1355 4629 erga
1407 4556 1683 4613 hominem
1737 4560 2028 4615 consilium
2063 4560 2118 4614 in
2155 4566 2197 4620 D

2291 4566 2349 4617 l'.
2384 4562 2497 4635 Τὴν
2526 4564 2636 4637 γὰρ
2670 4567 2797 4637 περὶ
2822 4566 2915 4619 τὸν
2960 4566 3248 4640 ἄνθρωπον
3294 4568 3552 4639 πρόθεσιν
3594 4571 3624 4621 6
3666 4568 3801 4624 866;

554 4646 673 4716 ipso
707 4646 892 4700 statim
921 4657 1186 4703 creatum
1208 4646 1513 4718 primordio
1537 4647 1841 4704 declaravit
1869 4668 1882 4703 :
1930 4651 2117 4721 pulVe-

2215 4654 2377 4718 εὐθὺς
2415 4658 2472 4710 ἐν
2515 4659 2825 4728 προοιμίοις
2865 4659 2966 4731 τῆς
3016 4660 3248 4723 κτίσεως
3295 4660 3630 4725 ἐπεδείξατο,
3669 4663 3802 4732 χοῦν

554 4754 670 4794 rem
709 4738 932 4808 quidem
968 4754 1035 4795 ex
1102 4748 1248 4794 terra
1292 4754 1519 4796 sumens
1558 4740 1811 4797 formavit
1855 4755 2004 4808 eum,
2062 4753 2119 4798 et

2220 4744 2319 4813 μὲν
2343 4745 2522 4801 λαϐὼν
2562 4748 2674 4803 ἀπὸ
2720 4750 2819 4818 τῆς
2846 4750 2970 4821 γῆς,
3006 4751 3101 4805 καὶ
3137 4750 3354 4816 πλάσας
3386 4753 3571 4818 αὐτὸν,
3609 4756 3797 4807 είκόνα

553 4828 907 4884 simulacrum
931 4838 1043 4884 suae
1066 4829 1369 4885 divinitatis
1403 4830 1606 4887 etfecit.
1657 4831 1761 4887 Sed
1793 4846 1911 4897 cur,
1956 4840 2117 4905 quem

2215 4835 2272 4889 δὲ
2299 4840 2717 4904 κατασκευάσας
2750 4842 2851 4911 τῆς
2899 4841 3035 4905 ιδίας
3080 4840 3360 4915 θεότητος.
3405 4845 3503 4898 Διά
3531 4845 3585 4899 τί
3610 4841 3705 4899 οὗν
3738 4846 3798 4898 ὃν

552 4929 705 4974 tanto
737 4927 935 4975 ornatu
958 4920 1321 4975 decoraturus
1340 4930 1480 4988 erat,
1508 4937 1575 4977 ex
1607 4931 1715 4977 tam
1751 4923 1843 4978 vili
1865 4925 2119 4979 substan-

2217 4924 2407 4999 ἔμελλε
2442 4934 2508 5003 τῇ
2544 4934 2857 5005 κατασκευῇ
2882 4933 3068 5006 τιμᾷν,
3097 4930 3271 4999 οὕτως
3303 4933 3364 5001 ἐξ
3403 4934 3656 4997 εὐτελοῦς
3689 4935 3796 5005 φύ-

553 5012 625 5067 tia
658 5011 950 5066 formavit?
980 5011 1092 5068 Cur
1119 5026 1228 5067 non
1259 5029 1327 5069 ex
1357 5015 1488 5070 solis
1509 5015 1797 5085 splendore
1830 5018 2113 5071 materiam

2222 5033 2359 5082 σεως
2385 5018 2617 5088 Enicas;
2649 5020 2750 5074 Διὰ
2778 5021 2831 5073 τί
2877 5022 2953 5093 μὴ
2996 5022 3106 5076 ἀπὸ
3141 5023 3241 5094 τῆς
3274 5023 3661 5095 λαμπρότητος
3695 5024 3793 5077 τοῦ

549 5118 791 5167 sumens,
834 5102 1014 5174 ipsum
1052 5103 1330 5160 hominem
1364 5106 1639 5172 condidit;
1687 5108 1780 5161 sed
1836 5122 1903 5162 ex
1970 5117 2111 5164 terra

2218 5109 2368 5180 ἡλίου
2395 5110 2596 5177 λαϐὼν,
2626 5112 2882 5184 ἐποίησεν
2921 5114 3081 5169 αὐτὸν
3102 5114 3190 5169 τὸν
3210 5116 3514 5187 ἀνθρωπον,
3544 5115 3659 5169 ἀλλ’
3684 5116 3796 5168 ἀπὸ

550 5201 819 5259 terraeque
841 5192 1088 5261 pulvere,
1117 5193 1391 5248 elemento
1412 5195 1601 5263 utique
1629 5194 1816 5249 intimo
1837 5197 2113 5252 omnium-

2210 5200 2315 5270 γῆς
2349 5204 2444 5256 καὶ
2488 5203 2611 5274 χοὸς
2636 5205 2800 5258 αὑτὸν
2825 5205 3161 5270 διαπλάττει,
3201 5208 3296 5260 τοῦ
3328 5206 3481 5261 κάτω
3504 5206 3790 5277 κειμένου,

548 5296 655 5351 que
692 5280 926 5351 pedibus
952 5283 1292 5349 conculcato,
1337 5283 1489 5336 illum
1534 5281 1781 5338 etﬁnxit?
1816 5285 1912 5341 Vis
1940 5288 2104 5353 scire,

2206 5294 2300 5347 καὶ
2364 5297 2703 5366 πατουμένου
2780 5298 3081 5369 στοιχείου;
3128 5301 3285 5365 Τίνος
3353 5301 3558 5364 ἕνεκεν,
3611 5298 3792 5363 θέλεις

549 5383 708 5438 quam
738 5371 808 5424 ob
844 5372 1104 5426 causam?
1125 5372 1394 5438 Quoniam
1420 5373 1699 5429 hominem
1728 5390 1825 5430 sua
1868 5377 2106 5448 imagine

2206 5383 2429 5453 μαθεῖν;
2477 5386 2695 5461 Ἐπειδὴ
2738 5393 2804 5462 τῇ
2848 5392 3041 5447 ἑαυτοῦ
3075 5395 3243 5448 εἰκόνι
3278 5391 3469 5465 ἔμελλε
3498 5392 3662 5462 τιμᾷν
3696 5390 3793 5444 τὸν

549 5458 915 5514 honoraturus
957 5467 1097 5528 erat,
1155 5463 1258 5533 ipsi
1293 5465 1459 5519 vilem
1512 5475 1763 5523 naturam
1793 5467 2007 5537 tribuit,
2033 5488 2101 5528 ne

2200 5475 2505 5548 ἄνθρωπον,
2548 5458 2740 5554 εὐτελῆ
2778 5458 2947 5555 ἀὐτῷ
3010 5485 3190 5540 δίδωσι
3238 5458 3337 5557 τὴν
3389 5458 3575 5555 φύσιν,
3608 5458 3701 5534 ινα
3752 5483 3789 5552 ἡ

613 5606 662 5641 ’⁸
686 5607 883 5673 Gen.r,
908 5610 996 5666 31.
1070 5615 1116 5646 ⁷⁷
1157 5615 1278 5673 Job.
1308 5633 1361 5685 κ,
1407 5616 1494 5674 ll.
1569 5618 1615 5652 ⁷⁸
1656 5619 1789 5677 Gen.
1825 5638 1860 5689 ι,
1893 5623 1982 5689 96,
2007 5624 2097 5678 $27.

579 5738 689 5813 (31)
724 5737 1064 5811 Ἐλεύθερος.
