4048 6210
343 354 475 412 1581

1271 347 1554 404 HOMILIA
1591 349 1655 403 II.
1698 348 1765 403 IN
1805 348 1917 403 DIE
1952 344 2391 403 NATIVITATIS
2426 342 2678 400 DOMINI.

3450 341 3588 395 i382

344 472 619 545 ὑπερϐολὴ
663 471 764 541 τῆς
820 468 987 541 τιμῆς
1041 467 1116 540 μὴ
1163 467 1346 541 ἐπάρῃ
1378 469 1470 522 τὸν
1521 469 1805 540 ἄνθρωπον
1850 471 1923 530 εἰς

2029 466 2171 523 forte
2194 467 2421 525 honoris
2457 463 2781 522 excellentia
2818 462 3055 516 elevare!
3085 458 3362 513 hominem
3395 458 3449 512 in
3491 475 3586 512 su-

342 565 634 620 ἁπόνοιαν·
669 562 755 616 ῐνα
787 562 919 615 ὅταν
953 559 1096 630 ὑπὲρ
1131 559 1232 630 τήν
1279 559 1440 628 φύσιν
1465 561 1693 633 τιμήσῃ,
1719 575 1917 614 συστα-

345 660 409 729 λῇ
447 659 514 727 τῇ
551 657 740 726 μνήμῃ
777 654 877 723 τῆς
915 651 1154 721 φύσεως,
1187 651 1282 705 καὶ
1311 651 1554 722 γνωρίσῃ
1588 651 1648 704 τὸ
1692 649 1919 720 μέγεθος

345 749 444 818 τῆς
485 745 672 817 τιμῆς,
721 743 782 798 οὑ
831 743 932 814 τῆς
973 742 1141 797 αὑτοῦ
1187 742 1365 807 ἀξίας,
1405 742 1539 796 ἀλλὰ
1566 741 1668 812 τῆς
1701 742 1920 812 χάριτος

346 836 440 892 τοῦ
471 835 782 899 δεδωκότος.
815 833 1028 888 Οὐκοῦν
1081 835 1175 888 καὶ
1209 833 1368 888 τοῦτο
1417 835 1794 907 φιλανθρωπία
1825 835 1918 889 τοῦ

348 926 854 990 κατασκευάσαντος
884 921 978 998 ἦν,
1019 927 1079 980 τὸ
1102 926 1202 997 τὴν
1223 927 1408 979 εἰκόνα
1435 925 1530 979 τοῦ
1555 925 1697 979 Θεοῦ
1727 927 1791 979 ὲκ
1817 927 1922 997 γῆς

346 1021 490 1092 ἔχειν
523 1019 624 1088 τὴν
650 1017 832 1088 φύσιν.
879 1018 1167 1090 Ἐνέχυρον
1197 1018 1305 1089 γὰρ
1359 1015 1474 1089 εἶχε
1509 1017 1608 1089 τὴν
1638 1016 1803 1087 φύσιν
1833 1035 1923 1089 με-

345 1112 498 1182 τρίου
519 1111 887 1182 φρονήματος.

418 1307 525 1364 IA’.
553 1309 717 1363 Ὥστε
750 1307 969 1378 εὐγενὲς
991 1307 1130 1373 ζῶον
1156 1308 1185 1360 6
1220 1307 1524 1380 ἄνθρωπος,
1562 1311 1610 1363 εί
1644 1311 1738 1365 καὶ
1763 1310 1922 1365 ὓστε-

353 1417 446 1470 ρον
471 1399 701 1470 ὑδρίσθη
723 1403 835 1464 τοῖς
857 1398 1231 1453 ἐπεισελθοῦσι
1266 1399 1570 1472 παθήμασι.
1586 1401 1677 1473 Μὴ
1697 1403 1802 1473 γὰρ
1824 1403 1922 1456 αύ-

349 1490 442 1542 τὸν
469 1490 588 1561 ἴδῃς
619 1490 1118 1562 προσκεκρουκότα,
1154 1490 1290 1544 ἀλλὰ
1315 1491 1422 1563 πρὸ
1445 1493 1543 1562 τῆς
1563 1493 1922 1564 παραϐάσεως

354 1583 448 1636 τοῦ
476 1584 638 1655 νόμου
667 1585 764 1654 τῆς
803 1583 1012 1648 εἰκόνος
1039 1584 1135 1638 τοῦ
1179 1584 1318 1639 Θεοῦ
1345 1586 1442 1658 τὴν
1464 1587 1742 1656 εὐγένειαν
1778 1589 1923 1658 λόγι-

355 1690 468 1728 σαι.
494 1676 560 1727 Τί
589 1672 685 1728 οῦν
714 1674 1072 1740 ὲξευτελίζεις
1103 1676 1194 1730 τὸν
1233 1677 1535 1744 ἐκπτωτον,
1569 1679 1671 1748 τῆς
1697 1679 1922 1750 πρώτης

352 1765 514 1819 αὐτοῦ
551 1765 898 1837 κατασκευῆς
917 1763 1360 1837 ἐπιλελησμένος,
1391 1767 1485 1820 καὶ
1503 1767 1602 1839 τὴν
1630 1769 1794 1842 τιμὴν
1822 1770 1921 1840 τὴν

352 1855 584 1928 ἀρχαίαν
606 1855 666 1909 οὑ
697 1834 1064 1928 λογιζόμενος,
1095 1834 1163 1928 ἢν
1181 1834 1344 1928 *αὐτῷ
1367 1858 1527 1911 πάλιν
1556 1834 1699 1929 μετά
1725 1834 1924 1932 πολλής
1958 1839 1997 1892 Β
2023 1834 2264 1932 Obvius;

352 1949 450 2018 τῆς
503 1948 813 2018 φιλοτιμίας
865 1948 1203 2003 ἀποδέδωκεν
1248 1949 1360 2020 (52)
1419 1952 1448 2004 6
1505 1951 1656 2017 Θεὸς,
1715 1953 1921 2018 ὲνώσας

352 2037 532 2109 ἑαυτῷ
555 2039 654 2110 τὴν
689 2039 824 2092 ίδίαν
850 2039 1066 2108 εἰκόνας
1108 2040 1273 2094 Οὐδὲν
1301 2037 1395 2094 οὖν
1425 2041 1629 2113 ἀπᾷδον
1653 2043 1752 2113 τῆς
1781 2045 1923 2098 ὲκεί-

351 2143 444 2182 νου
509 2129 918 2201 φιλανθρωπίας
973 2131 1209 2200 ἐγένετο.
1263 2131 1396 2186 Οὐδὲ
1441 2134 1548 2204 γὰρ
1598 2135 1923 2205 ὲφύΰριστον

351 2219 545 2290 ἀγαθῷ
569 2220 828 2292 δεσπότῃ,
858 2222 1181 2291 κοινωνῆσαι
1219 2222 1390 2294 δούλῳ
1414 2224 1520 2278 τῶν
1550 2225 1810 2281 δουλικῶν
1843 2229 1923 2292 είς

351 2309 622 2378 ὠφέλειαν
639 2311 874 2366 οἰκέτου.
915 2311 988 2364 Οὐ
1019 2311 1126 2382 γὰρ
1165 2311 1445 2383 ὑϐρίζεται
1471 2315 1682 2379 τούτοις
1718 2319 1745 2370 6
1783 2319 1921 2385 ἀγα-

353 2401 464 2467 θὸς,
511 2400 626 2455 ἀλλ’
665 2401 802 2472 ὅπερ
835 2402 971 2468 ἐστὶ,
1018 2403 1104 2456 διὰ
1135 2403 1244 2456 τῶν
1285 2405 1541 2459 τοιούτων
1574 2409 1918 2479 γνωρίζεται.

353 2493 463 2546 Καὶ
498 2493 571 2564 μὴ
598 2493 886 2567 θαυμάσῃς
912 2493 1005 2548 τοῦ
1039 2496 1148 2565 (55)
1168 2497 1518 2567 πράγματος’
1552 2501 1644 2552 καὶ
1673 2503 1780 2572 γὰρ
1805 2501 1921 2568 νῦν,

353 2583 450 2636 ἐὰν
487 2583 710 2638 σεαυτὸν
747 2580 896 2637 οἶκον
937 2587 1352 2657 κατασκευάσῃς
1398 2587 1552 2655 Θεοῦ,
1585 2592 1679 2642 καὶ
1733 2594 1790 2644 ἐν
1839 2594 1922 2646 σοὶ

353 2674 616 2737 κατοικεῖ,
656 2675 704 2726 εί
743 2672 840 2728 καὶ
884 2673 958 2746 μὴ
987 2675 1156 2738 οὕτως
1176 2676 1252 2739 ὡς
1283 2679 1340 2729 ὲν
1365 2677 1444 2748 τῷ
1476 2678 1696 2750 Χριστῷ
1716 2698 1730 2712 ο
1775 2700 1793 2732 ι
1835 2683 1922 2734 Ἐν

353 2762 572 2834 Χριστῷ
601 2763 710 2834 γὰρ
735 2765 978 2816 κατοικεῖ
1015 2764 1122 2815 πᾶν
1149 2763 1210 2815 τὸ
1241 2763 1512 2834 πλήρωμα
1545 2768 1643 2835 τῆς
1669 2767 1923 2837 θεότητος

355 2852 702 2922 σωματικῶς.
741 2870 760 2903 ι
818 2851 958 2904 Ἀλλ’
998 2850 1044 2904 ὢ
1072 2851 1166 2904 τοῦ
1210 2851 1518 2922 θαύματος·
1554 2856 1661 2907 πᾶν
1692 2855 1751 2907 τὸ
1790 2857 1925 2928 πλή-

357 2961 516 3016 ρωμα
537 2945 639 3016 τῆς
669 2945 922 3015 θεότητος
953 2946 1013 2998 ὲν
1039 2944 1120 2998 ἐνὶ
1155 2946 1483 3016 σωματικῶς
1530 2951 1790 3014 κατοικεῖ,
1828 2951 1924 3004 καὶ

353 3037 530 3090 πάντα
572 3034 790 3105 πληροῖ,
821 3031 917 3088 καὶ
948 3033 1206 3106 ὑπερέχει
1238 3034 1334 3107 τήν
1381 3037 1576 3102 κτίσιν,
1617 3039 1736 3103 ὅλος
1763 3041 1836 3094 ῶν
1866 3043 1923 3094 ὲν

355 3123 456 3186 ἑνὶ,
497 3124 590 3179 καὶ
641 3125 749 3177 τῶν
801 3124 1116 3194 κτισμάτων
1147 3123 1360 3188 οὐδενὸς
1392 3125 1778 3199 χωριζόμενος.
1815 3133 1922 3185 Καὶ

357 3215 433 3285 μὴ
461 3217 523 3287 δή
559 3233 641 3268 σοι
669 3215 732 3268 τὸ
759 3217 876 3288 είρη
887 3217 1044 3288 μένον
1077 3216 1348 3285 φαινέσθω
1374 3217 1634 3274 ἀδύνατον
1655 3237 1670 3252 ο
1702 3223 1922 3294 καὶγὰρ

354 3307 509 3376 κάγὼ
536 3307 630 3361 νῦν
653 3307 1002 3380 προφέρομαι
1029 3307 1185 3378 λόγον
1204 3325 1220 3342 ο
1258 3304 1412 3376 οὗτος
1446 3313 1474 3366 ό
1508 3311 1662 3383 λόγος
1692 3315 1838 3368 ἐστὶν
1866 3317 1923 3369 ὲν

357 3396 458 3463 ἑνὶ,
491 3397 588 3450 καὶ
619 3398 677 3451 ὲν
709 3399 876 3451 πᾶσιν
900 3401 928 3454 6
954 3399 1114 3468 λόγος
1161 3399 1356 3469 γέγονε
1379 3414 1396 3432 ο
1427 3402 1523 3456 καὶ
1563 3403 1683 3456 ὅλον
1712 3404 1803 3456 τὸν
1837 3403 1924 3456 λό-

353 3502 450 3555 γον
481 3487 760 3560 ἐχώρησεν
791 3483 892 3554 εἷς,
925 3489 1022 3544 καὶ
1058 3488 1164 3544 ὑπὸ
1211 3491 1449 3562 πλήθους
1482 3491 1510 3542 6
1543 3491 1698 3558 λόγος
1736 3492 1795 3544 ού
1827 3509 1924 3544 πε-

358 3581 704 3652 ριγράφεται.
743 3583 806 3636 Εί
856 3583 1034 3637 τοίνυν
1083 3583 1146 3634 τὸ
1199 3583 1432 3652 πρᾶγμα
1486 3581 1770 3651 γινόμενον
1827 3583 1920 3636 καὶ

353 3671 710 3743 φθειρόμενον
753 3673 848 3726 καὶ
873 3675 932 3726 ὲν
954 3673 1035 3726 ἑνὶ
1063 3671 1183 3725 ὅλον
1211 3672 1371 3737 οἰκεῖ,
1403 3671 1497 3724 καὶ
1528 3672 1586 3724 ἐν
1612 3672 1746 3725 πᾶσι
1776 3670 1922 3740 γίνε-

353 3775 469 3823 ται,
496 3760 550 3812 τί
583 3759 893 3830 θαυμαστόν
939 3776 1023 3812 σοι
1071 3758 1343 3827 φαίνεται,
1386 3760 1434 3811 εί
1479 3757 1610 3822 Θεδς
1648 3758 1738 3812 καὶ
1799 3758 1920 3821 ὅλος

357 3850 414 3901 ὲν
441 3849 658 3922 οὐρανῷ
687 3849 892 3920 ᾤκησε,
928 3849 1022 3902 καὶ
1047 3847 1104 3900 ὲν
1131 3849 1296 3901 πᾶσιν
1320 3847 1633 3920 εὑρίσκεται
1658 3866 1672 3914 ;

2018 562 2265 628 perbiam
2303 567 2424 624 :ut,
2449 572 2574 612 cum
2601 569 2769 625 super
2805 565 3056 606 naturam
3095 565 3220 603 eum
3266 551 3587 616 honoraret,

2019 655 2245 725 abiectae
2271 661 2483 707 naturae
2518 663 2630 704 suae
2664 646 2928 700 memoria
2965 659 2995 697 a
3033 644 3172 696 fastu
3206 657 3588 709 compescere-

2021 754 2147 812 tur,
2193 743 2468 812 simulque
2509 745 2830 810 agnosceret
2891 733 3116 788 honoris
3171 730 3589 799 amplitudinem

2020 852 2132 891 non
2160 836 2244 891 sui
2270 835 2454 889 meriti
2481 849 2626 897 esse,
2652 831 2749 886 sed
2772 828 3049 899 largitoris
3075 826 3282 896 gratiae.
3315 826 3591 880 Pcrtinuit

2022 926 2206 995 itaque
2248 932 2305 979 et
2340 924 2446 977 hoc
2477 935 2701 992 quoque
2743 919 2809 972 ad
2843 916 3119 971 Creatoris
3173 915 3588 984 benignitatem,

2021 1024 2083 1070 ut
2099 1017 2215 1085 ipsa
2248 1013 2424 1084 imago
2442 1013 2538 1067 Dei
2558 1026 2627 1065 ex
2648 1017 2792 1064 terra
2807 1008 3042 1062 haberet
3064 1015 3278 1060 natura:
3293 1004 3586 1074 originem.

2017 1107 2282 1162 Naturam
2335 1105 2482 1160 enim
2515 1103 2664 1158 illam
2705 1115 2806 1170 pro
2840 1099 3110 1154 moderati
3156 1097 3324 1152 animi
3364 1096 3592 1166 pignore

2022 1196 2280 1251 habebat.
3505 1239 3508 1243 .

2095 1289 2188 1342 XI.
2226 1289 2324 1343 Est
2364 1299 2496 1357 ergo
2551 1283 2732 1338 nobile
2769 1279 2972 1334 animal
3008 1279 3195 1344 homo,
3233 1277 3360 1331 licet
3385 1275 3592 1347 passio-

2021 1379 2189 1434 nibus
2236 1386 2424 1447 postea
2470 1372 2860 1435 subeuntibus,
2922 1383 3118 1439 magna
3172 1366 3471 1437 ignominia
3521 1365 3593 1417 sit

2022 1469 2271 1523 allectus.
2329 1465 2450 1519 Non
2517 1463 2667 1516 enim
2739 1461 2893 1514 illum
2950 1465 3185 1527 spectes,
3239 1463 3594 1525 posteaquam

2023 1557 2280 1622 oll‘endit;
2335 1555 2432 1609 sed
2487 1554 2636 1608 illam
2688 1550 2888 1604 divinae
2943 1545 3198 1617 imaginis
3247 1544 3593 1599 nobilitatem

2022 1660 2147 1706 ante
2170 1649 2304 1719 legis
2327 1645 2808 1717 transgressionem
2827 1641 3065 1696 aestimes
3099 1640 3282 1694 velim.
3316 1637 3432 1692 Cur
3463 1651 3594 1706 ergo

2025 1751 2168 1798 statu
2210 1743 2424 1810 lapsum
2467 1725 2795 1800 contemnis,
2834 1735 3024 1804 prima:
3061 1730 3399 1786 conditionis
3446 1728 3595 1781 illius

2296 1832 2671 1898 honoremque
2705 1843 2813 1896 quo
2838 1825 2998 1879 initio
3029 1823 3343 1878 cumulatus
3389 1820 3590 1880 fuerat,

2025 1923 2233 1978 nullius
2257 1935 2377 1976 esse
2406 1918 2567 1989 pretii
2592 1926 2761 1979 ratus,
2787 1929 2950 1984 quem
2996 1911 3073 1965 illi
3108 1912 3273 1973 Deus,
3329 1922 3452 1961 cum
3487 1905 3593 1960 sibi

2024 2013 2308 2085 propriam
2335 2009 2626 2080 imaginem
2658 2007 2893 2068 nuisset,
2937 1999 3450 2058 muniﬁcentissime
3501 1997 3597 2050 de-

2023 2120 2136 2160 nuo
2169 2101 2460 2158 restituit?
2489 2099 2638 2154 Nihil
2668 2097 2897 2167 proinde
2934 2095 3002 2148 ab
3055 2093 3204 2147 illius
3257 2088 3595 2158 benignitate

2023 2197 2263 2250 alienum
2295 2192 2593 2247 admissum
2618 2198 2723 2244 est.
2752 2188 2942 2256 Neque
2972 2185 3122 2240 enim
3148 2192 3310 2252 turpe
3333 2188 3418 2234 est
3447 2179 3595 2232 bono

2023 2287 2270 2352 domino,
2304 2285 2351 2339 si
2380 2285 2434 2338 in
2459 2282 2606 2337 servi
2632 2281 2929 2335 utilitatem
2957 2277 3014 2330 in
3039 2273 3368 2344 quibusdam
3415 2270 3594 2324 servi—

2022 2378 2169 2432 libus
2191 2392 2315 2432 cum
2339 2389 2498 2429 servo
2532 2369 2934 2426 communicet:
2959 2365 3230 2434 siquidem
3281 2363 3373 2431 qui
3417 2361 3597 2415 bonus

2023 2478 2128 2532 est,
2159 2465 2473 2538 huiusmodi
2510 2463 2676 2518 rebus
2718 2459 2869 2513 nulla
2927 2455 3127 2524 injuria
3172 2453 3446 2515 violatur;
3499 2449 3596 2503 sed

2024 2561 2328 2629 qualisnam
2373 2557 2466 2619 sit,
2523 2569 2621 2622 per
2675 2551 2802 2604 talia
2861 2545 3321 2615 deprehenditur.
3367 2543 3482 2595 Nec
3511 2549 3596 2595 est

2025 2649 2173 2718 quod
2199 2663 2314 2701 rem
2343 2645 2584 2698 mireris.
2636 2642 2692 2696 Si
2717 2640 2866 2694 enim
2890 2638 3117 2706 dignum
3165 2637 3275 2689 Deo
3311 2633 3601 2687 habitacu-

2024 2739 2138 2792 lum
2164 2751 2312 2790 nunc
2342 2735 2577 2804 teipsum
2615 2728 2990 2792 constitueris,
3019 2727 3074 2780 in
3104 2735 3156 2780 te
3192 2740 3410 2794 quoque
3444 2721 3601 2776 habi-

2027 2829 2182 2892 tabit,
2210 2826 2559 2883 etiamsinon
2583 2825 2652 2878 ad
2680 2837 2807 2877 eum
2843 2820 3091 2882 modum,
3116 2832 3225 2887 quo
3251 2817 3306 2869 in
3339 2815 3594 2870 Christo:

2033 2940 2050 2972 ι
2088 2920 2147 2974 In
2174 2919 2394 2975 Christo
2419 2918 2568 2972 enim
2595 2914 2809 2969 habitat
2837 2912 3018 2967 omnis
3066 2909 3353 2980 plenitudo
3393 2903 3597 2960 divini-

2025 3013 2156 3067 tatis
2181 3012 2543 3081 corporaliter
2569 3011 2636 3062 “.
2678 3026 2697 3058 ι
2766 3005 2895 3069 Sed,
2933 3020 2966 3058 ο
3004 3003 3374 3057 miraculum!
3409 2998 3602 3054 Omnis

2026 3103 2313 3173 plenitudo
2349 3101 2654 3156 divinitatis
2678 3100 2735 3155 in
2771 3113 2882 3151 uno
2908 3096 3119 3150 habitat
3143 3092 3520 3162 corporaliter,
3545 3099 3601 3142 et

2033 3202 2215 3250 tamen
2246 3193 2430 3248 omnia
2465 3192 2686 3262 implet,
2741 3197 2798 3243 et
2835 3187 3149 3242 universam
3194 3183 3410 3239 excedit
3446 3195 3599 3234 crea-

2033 3296 2210 3341 turam
2248 3304 2262 3339 :
2303 3293 2454 3338 totus
2506 3281 2724 3337 exsistit
2759 3279 2816 3332 in
2854 3292 2984 3339 uno,
3019 3286 3074 3330 et
3104 3291 3136 3329 a
3170 3274 3319 3327 nulla
3351 3279 3603 3325 creatura

2031 3382 2342 3447 separatur.
2394 3374 2507 3427 Nec
2541 3371 2686 3440 quod
2725 3370 2816 3422 hic
2847 3367 3070 3428 dicitur,
3107 3364 3206 3416 tibi
3261 3360 3601 3429 impossibile

2030 3468 2302 3521 videatur.
2356 3462 2572 3517 Etenim
2619 3474 2721 3527 ego
2770 3471 2989 3526 quoque
3012 3455 3240 3508 verbum
3289 3465 3438 3504 nunc
3477 3464 3605 3516 pro-

2025 3557 2160 3622 fero,
2179 3555 2356 3609 ethoc
2374 3553 2550 3622 ipsum
2569 3549 2801 3604 verbum
2826 3557 3000 3603 totum
3024 3545 3176 3600 estin
3197 3557 3326 3602 uno,
3341 3549 3397 3595 et
3427 3547 3601 3593 totum

2025 3659 2247 3700 rursum
2273 3643 2327 3696 in
2345 3639 2602 3696 omnibus
2634 3637 2838 3691 factum
2867 3643 2954 3689 est
2984 3651 2997 3687 :
3039 3643 3095 3688 et
3123 3640 3296 3686 totum
3333 3631 3438 3683 hoc
3475 3644 3602 3681 vcr-

2025 3738 2157 3792 bum
2180 3734 2362 3790 hausit
2387 3747 2550 3795 unus,
2573 3744 2753 3799 neque
2805 3743 2835 3781 a
2864 3724 3215 3780 multitudine
3253 3723 3327 3776 ita
3367 3720 3603 3774 circum-

2027 3828 2290 3882 scribitur
2323 3824 2480 3896 (quin
2532 3821 2732 3892 singuli
2783 3819 3042 3898 hauriant
3062 3814 3280 3883 totum).
3324 3813 3381 3867 Si
3421 3813 3601 3881 itaque

357 3957 450 3997 res
468 3943 616 3996 ortui
657 3939 985 4008 occasuique
1037 3938 1294 4002 obnoxia,
1345 3945 1460 3993 tota
1509 3937 1720 3993 exsistit
1760 3937 1813 3990 in
1877 3953 2009 4002 uno,
2062 3946 2120 3993 et
2177 3944 2290 3991 tota
2312 3931 2652 4003 comperitur
2688 3929 2744 3983 in
2773 3927 3065 3991 omnibus;
3102 3925 3233 3995 quid
3260 3924 3461 3978 mirum
3502 3922 3600 4003 tibi

361 4032 598 4094 videtur,
636 4030 683 4085 si
709 4030 854 4082 Deus
883 4037 941 4082 et
961 4028 1175 4082 totusin
1225 4027 1364 4084 caelo
1404 4036 1542 4092 erat,
1597 4036 1653 4082 et
1692 4035 1839 4082 totus
1863 4026 2144 4083 invenitur
2173 4026 2230 4080 in
2270 3996 2566 4081 omnibus?
3532 3996 3538 4003 ’

432 4122 531 4174 IB'.
571 4118 854 4183 ’Υπόθεσις
882 4120 1062 4172 τοίνυν
1111 4121 1209 4191 τῆς
1251 4118 1346 4173 νῦν
1382 4117 1494 4190 (54)
1543 4118 1924 4189 πανηγύρεως,

358 4213 449 4267 τὸν
484 4212 596 4284 (55)
627 4211 757 4266 Θεὸν
789 4212 1046 4280 γενέσθαι
1088 4211 1398 4283 ἄνθρωπον,
1431 4210 1683 4281 ἑλόμενον
1729 4209 1799 4264 τὰ
1835 4212 1930 4264 ἀν·-

359 4302 626 4376 θρώπινα,
645 4301 733 4356 ἴνα
757 4302 834 4372 δῷ
860 4303 929 4357 τὰ
953 4302 1130 4357 θεῖκά·
1164 4303 1255 4357 καὶ
1282 4302 1701 4372 οἰκειωσάμενον
1730 4301 1798 4354 τὰ
1824 4299 1929 4354 πά-

359 4398 448 4467 θη,
484 4396 570 4449 ἴνα
598 4393 892 4466 χαρίσηται
949 4395 1050 4463 τὴν
1081 4394 1375 4448 ἀπάθειαν·
1417 4392 1802 4447 ὑπεισελθόντα
1833 4390 1932 4444 θά-

2104 4117 2220 4172 XII.
2245 4115 2535 4172 Hodiernae
2564 4112 2752 4181 itaque
2778 4106 3143 4164 solemnitatis
3171 4120 3335 4160 causa
3366 4112 3423 4159 et
3473 4111 3600 4158 Illn-

2031 4210 2349 4266 damentum
2375 4212 2478 4269 est,
2507 4204 2681 4258 Deum
2715 4199 2994 4256 hominem
3049 4197 3252 4251 factum
3295 4194 3601 4263 suscepisse

2030 4304 2291 4366 humana,
2319 4308 2381 4354 ut
2403 4297 2611 4354 tribuat
2633 4292 2855 4356 divina;
2885 4299 2941 4344 et
2963 4288 3213 4358 proprias
3269 4285 3373 4340 sibi
3408 4284 3603 4338 fecisse

2030 4395 2334 4466 passiones,
2367 4398 2428 4443 ut
2453 4386 2616 4441 nobis
2638 4379 3104 4450 impatibilitatem
3135 4376 3332 4440 donet;
3369 4382 3600 4428 mortem

359 4462 542 4552 νατον,
730 4462 831 4556 τήν
874 4485 1559 4558 ἀθανασίανγδωρήσηται·
1591 4483 1687 4538 καὶ
1719 4484 1827 4538 ἴδια
1857 4483 1923 4536 τὰ

2033 4462 2296 4547 subiisse,
2322 4488 2384 4535 ut
2418 4472 2888 4532 immortalitatem
2917 4467 3079 4523 nobis
3104 4465 3390 4536 largiatur.
3438 4463 3507 4517 Et
3535 4462 3602 4516 li-

357 4575 464 4629 τῶν
488 4573 790 4647 ἀνθρώπων
818 4576 1095 4645 ἐκτήσατο
1145 4575 1318 4643 πάθη,
1348 4574 1408 4628 ού
1436 4573 1536 4643 τὴν
1569 4571 1733 4641 φύσιν
1770 4588 1928 4641 μετα-

359 4666 704 4737 ϐαλλόμενος,
732 4667 798 4736 τῇ
849 4666 906 4718 δὲ
957 4664 1148 4737 γνώμῃ
1199 4665 1361 4719 τοῦτο
1404 4665 1807 4735 οἰκειούμενος·
1835 4666 1931 4719 καὶ

359 4757 475 4812 λίαν
517 4757 742 4822 εἰκότως
765 4756 938 4810 ταῦτα
962 4759 1126 4823 ποιεῖ,
1157 4755 1248 4810 τὸν
1271 4755 1558 4826 ἄνθρωπον
1589 4754 1764 4810 σῶσαι
1797 4773 1931 4826 προ-

357 4849 599 4917 θέμενος.
629 4848 726 4901 Διά
756 4847 917 4902 ποίαν
959 4842 1052 4902 οὖν
1101 4846 1280 4901 αἰτίαν
1317 4847 1424 4900 ίδια
1453 4846 1520 4899 τὰ
1563 4845 1708 4916 πάθη
1731 4847 1799 4898 τὰ
1823 4845 1932 4898 τῶν

358 4938 660 5010 ἀνθρώπων
691 4940 1012 5011 πεποίηταις
1059 4938 1277 5008 Ἐπειδὴ
1325 4937 1576 4991 ἐϐούλετο
1616 4937 1787 5000 πάθος
1818 4935 1928 5007 (56)

359 5031 520 5083 πάθει
575 5031 841 5099 ἀναιρεῖν,
882 5031 976 5084 καὶ
1029 5030 1243 5100 θανάτῳ
1296 5031 1645 5102 καταργῆσαι
1679 5029 1926 5091 θάνατον,

357 5123 448 5175 καὶ
503 5121 591 5175 διὰ
642 5122 751 5175 τῶν
806 5123 1068 5193 ὁμοειδῶν
1126 5122 1194 5176 τὰ
1246 5121 1470 5192 ὁμοειδῆ
1526 5120 1928 5174 καταπαλαῖσαι

357 5213 636 5284 ἠθέλησεν.
688 5213 1000 5268 Οἱκειοῦται
1056 5215 1150 5268 τὸν
1203 5214 1455 5286 σταυρὸν,
1489 5213 1824 5267 ίδιοποιείται
1868 5213 1927 5266 τὸ

357 5307 626 5376 ῥάπισμα,
673 5305 764 5360 τὸν
805 5305 1004 5377 δεσμὸν
1050 5306 1247 5361 ἑαυτοῦ
1300 5305 1621 5377 πεποίηται’
1671 5305 1760 5360 ἵνα
1788 5302 1920 5357 Θεοῦ

425 5459 471 5492 ⁷⁸
509 5458 718 5515 Coloss.
750 5474 805 5525 ιι,
840 5460 896 5516 9.

423 5594 534 5666 (52)
566 5594 891 5666 ’ᾼπέδωκεν.

428 5663 539 5802 (ὅῦζ
578 5665 710 5734 Περὶ
744 5663 858 5718 τοῦ.

429 5737 518 5802 (54
578 5736 843 5802 Σήμερον.

429 5736 539 5807 (54)
578 5736 843 5805 Σήμερον.

2033 4583 2122 4632 cet
2146 4575 2398 4628 humanae
2424 4573 2637 4622 naturae
2656 4558 3000 4617 incommoda
3027 4565 3088 4612 ut
3122 4555 3347 4626 propria
3408 4567 3602 4608 susce-

2027 4668 2129 4738 pit,
2161 4662 2438 4736 propriam
2469 4669 2652 4714 tamen
2677 4664 2936 4710 naturam
2981 4666 3090 4705 non
3139 4646 3464 4708 demutavit,
3504 4643 3600 4698 sed

2029 4732 2336 4810 voluntarie
2370 4749 2426 4804 id
2464 4756 2725 4816 tanquam
2750 4757 2910 4798 suum
2950 4740 3055 4795 sibi
3095 4736 3423 4800 vindicavit;
3463 4743 3519 4787 et
3546 4732 3600 4785 id

2031 4845 2254 4916 quidem
2282 4839 2576 4896 admodum
2610 4834 2858 4905 apposite
2889 4831 3039 4894 fecit,
3079 4836 3271 4898 postea
3294 4839 3457 4896 quam
3502 4824 3604 4878 ho-

2033 4937 2238 4992 minem
2275 4933 2485 4986 salvare
2507 4932 2889 4998 proposuerat.
2935 4921 3041 4975 Sed
3066 4933 3229 4989 quam
3256 4917 3329 4972 ob
3379 4930 3600 4970 causam

2029 5027 2280 5081 humana:
2315 5029 2525 5075 natura:
2547 5015 2832 5086 passiones
2855 5010 2959 5065 sibi
2991 5007 3241 5079 proprias
3264 5004 3428 5059 fecit?
3457 5001 3598 5067 Quia

2027 5117 2312 5189 passiones
2329 5127 2426 5182 per
2440 5107 2750 5180 passionem
2775 5102 3042 5164 adimere,
3060 5106 3404 5164 mortemque
3420 5098 3597 5147 morte

2025 5184 2268 5270 abolere,
2294 5219 2358 5259 ac
2381 5199 2582 5257 similia
2607 5195 2880 5253 similibus
2908 5192 3083 5248 voluit
3111 5188 3407 5270 debellare.
3431 5184 3491 5237 In
3538 5196 3594 5235 se

2024 5299 2265 5368 suscepit
2297 5308 2514 5350 crucem
2563 5305 2719 5347 suam
2763 5287 2893 5345 fecit
2927 5285 3161 5354 alapam,
3220 5277 3436 5335 vincula
3486 5287 3586 5330 sua

2102 5581 2211 5650 (55)
2249 5581 2342 5632 Τό.

2102 5583 2191 5650 (55
2249 5581 2342 5632 Τό.

2098 5580 2211 5722 (σοί
2247 5649 2420 5719 Πάθη.
