2024 3105
248 143 317 171 1583

247 200 330 231 fecit;
346 204 378 227 ut
390 199 437 227 Dei
451 199 569 235 propria:
589 201 694 228 etl’eclae
720 202 873 236 passiones,
901 202 1034 229 adversus
1048 205 1070 232 Α

247 245 389 280 passiones
405 245 565 280 acciperem
582 251 755 281 potestatem.
769 247 865 282 Neque
881 248 954 274 enim
985 247 1033 273 Dei

246 295 344 318 natura
360 290 423 318 [asa
437 295 489 323 est,
502 299 554 318 nec
564 299 613 326 per
628 292 670 319 sui
689 292 871 319 mutationem
892 293 1034 327 passiones

247 336 274 363 in
289 344 318 364 se
346 336 487 372 suscepit;
514 337 562 364 sed
577 337 632 364 vim
658 338 712 365 illis
729 338 851 365 divinam
868 342 963 365 contra
983 338 1034 365 hu-

245 382 365 417 iusmodi
390 383 533 417 passiones
561 383 668 410 tribuit.
697 383 769 411 Mors
802 391 920 419 namque
947 383 1033 411 veluti

246 426 333 462 ipsius
346 427 395 454 Dei
413 426 484 454 facta
495 432 611 455 mortem
623 428 743 456 destruit
759 437 765 455 ε
781 433 810 456 et
835 429 957 457 moriens
977 429 1032 462 ille,

247 473 346 500 mortis
358 474 532 509 tyrannidem
545 474 636 507 solvit,
648 475 778 509 quoniam
800 475 883 503 simul
904 475 978 508 Deus
1006 479 1035 502 et

247 520 330 547 homo
344 525 413 547 erat.
429 520 525 555 Neque
548 521 623 548 enim
638 528 738 555 purum
761 521 902 549 hominem
925 520 1035 548 cruciﬁ—

247 569 348 592 xerunt
358 565 459 598 Judaei;
478 573 567 601 neque
579 573 639 593 eam
653 566 741 594 solum
764 571 893 594 naturam
902 574 964 601 quae
975 574 1035 594 cer-

247 610 377 643 nebatur,
385 612 582 638 transﬁxerunt
592 620 599 645 ;
609 612 657 639 sed
664 613 692 639 in
701 612 790 648 ipsum
798 613 884 640 Deum
895 613 943 648 qui
952 612 1035 640 unita:

247 659 354 682 naturae
368 655 559 691 perpessiones
570 656 622 683 sibi
634 657 838 692 appropriabat,
854 657 929 692 impii
949 661 1035 684 teme-

248 700 368 735 rariique
385 701 559 729 exstiterunt.
568 702 603 730 Ut
617 710 708 729 autem
721 707 749 729 et
762 703 814 730 hoc
825 703 914 738 ipsum
925 710 1035 738 quoque

248 746 297 773 tibi
309 747 485 781 perspicuum
498 748 606 780 evadat,
627 748 662 775 ad
688 749 845 783 exemplum
870 748 898 775 in
920 748 1035 776 exordio

247 793 420 827 propositum
432 793 585 820 orationem
598 802 695 821 rursus
713 794 890 822 reducamus.

284 838 354 866 XIII.
372 839 520 875 Fingamus
538 840 631 875 itaque
649 848 746 875 regem
760 840 917 875 quempiam
933 848 1037 868 sermo-

247 893 312 912 nem
326 885 499 920 depromere,
516 887 562 921 qui
574 887 708 914 libertatis
727 887 769 914 vel
779 887 895 915 aliorum
907 887 1038 922 regalium
1055 875 1075 902 Β

249 938 397 957 munerum
412 931 512 965 quibus
534 936 643 966 oportet
665 932 922 967 impertiendorum,
942 933 1039 960 decre-

249 980 308 1002 tum
318 976 347 1002 in
360 983 389 1003 se
398 976 547 1009 contineat,
565 977 688 1012 illudque
699 978 727 1005 in
736 977 830 1005 charta
843 978 943 1012 aliqua,
958 985 1040 1012 quam

249 1021 360 1049 Sacram
373 1026 484 1055 vocant,
495 1023 595 1050 litteris
603 1031 775 1058 expressum,
785 1024 818 1051 ad
829 1024 900 1051 hanc
908 1024 951 1051 vel
966 1024 1040 1050 illam

248 1067 390 1105 civitatem
404 1067 513 1095 mittere
529 1077 536 1094 :
550 1068 572 1095 si
583 1068 664 1101 hanc,
679 1076 740 1103 qua;
752 1069 937 1096 Romanorum
949 1069 1041 1104 lingua

249 1113 352 1140 dicitur
365 1112 457 1145 Sacra,
473 1114 574 1148 aliquis
584 1114 717 1149 perﬁdus,
735 1119 763 1142 et
777 1114 949 1147 inobediens,
960 1119 989 1142 et
1001 1114 1042 1141 ciu

249 1160 343 1187 vitatis
361 1159 500 1192 inimicus,
521 1167 553 1187 ac
574 1160 647 1195 regis
667 1161 756 1187 hostis
769 1160 936 1195 intercipiat,
955 1161 1041 1188 inter—

249 1208 412 1238 ceptamque
430 1204 580 1238 dilaceret;
593 1205 650 1240 jam
670 1204 714 1232 dic
733 1205 812 1237 mihi,
826 1205 890 1239 quid
910 1205 955 1232 hic
968 1206 1041 1233 lace-

250 1254 339 1277 ratum
355 1254 415 1282 est,
436 1250 567 1277 chartane
591 1251 658 1283 sola,
680 1259 713 1277 an
738 1252 821 1277 etiam
839 1252 979 1279 decretum
997 1259 1042 1278 re-

249 1295 343 1330 gium?
359 1295 441 1329 Atqui
459 1295 483 1322 si
500 1296 557 1323 sola
571 1295 666 1323 charta
682 1296 811 1322 dilaniata
828 1296 946 1329 dicatur,
959 1304 1043 1330 parvo

250 1342 399 1369 admodum
419 1342 477 1377 ipsa
492 1342 624 1369 laceratio
637 1342 739 1376 poterit
755 1342 853 1369 redimi
867 1351 874 1369 :
890 1342 1044 1369 tenebitur-

250 1396 304 1423 que
326 1388 377 1415 hac
396 1388 503 1415 ratione
529 1388 665 1415 lacerator
687 1392 734 1415 aut
756 1388 835 1420 nulli,
856 1392 904 1415 aut
921 1395 985 1415 sane
999 1388 1044 1414 vix

251 1433 373 1467 quinque
387 1433 533 1460 obolorum
556 1432 648 1459 multat
670 1432 814 1460 obnoxius.
834 1433 976 1468 Ejusmodi
993 1441 1043 1461 au-

252 1481 307 1504 tem
323 1485 484 1511 supremum
497 1477 663 1512 supplicium
681 1477 821 1512 dependit,
838 1485 973 1512 poenaque
984 1478 1042 1505 alli-

250 1522 323 1549 eitur
337 1523 464 1557 capitali,
481 1527 510 1549 ut
524 1523 572 1557 qui
595 1531 650 1550 non
671 1524 759 1550 solum
775 1524 897 1551 chartam
913 1524 1042 1559 disrupe-
1055 1546 1078 1577 c

252 1567 298 1599 rit,
309 1567 356 1594 sed
371 1568 476 1603 regium
496 1576 606 1603 quoque
623 1568 765 1597 decretum
779 1569 940 1596 laceraverit
954 1578 960 1595 :
978 1577 1041 1596 cum

253 1613 348 1647 utique
366 1613 507 1647 imperiale
528 1613 644 1641 verbum
663 1614 814 1641 secundum
832 1622 860 1642 se
879 1614 1039 1649 impatibile,

253 1658 360 1692 taleque
377 1657 423 1689 sit,
439 1658 512 1692 quod
533 1666 582 1686 sua
601 1658 687 1693 ipsius
700 1663 798 1686 natura
809 1666 899 1694 neque
915 1659 1042 1686 manibus

252 1704 427 1735 contrectari,
446 1712 535 1738 neque
545 1704 663 1732 discindi
673 1702 778 1740 possit.
797 1704 831 1731 Et
845 1708 937 1732 tamen
952 1704 1042 1739 ipsum

252 1757 362 1784 quoque
370 1749 515 1777 discissum
528 1749 639 1782 dicitur,
654 1750 718 1784 quia
730 1750 831 1777 charta:
847 1755 875 1777 et
886 1750 1041 1777 litterarum

252 1793 407 1827 passionem
425 1798 553 1828 tanquam
567 1794 705 1829 propriam
728 1794 756 1821 in
776 1801 805 1821 se
821 1793 960 1820 transfert.
977 1793 1042 1821 Cer-

253 1839 297 1866 nis
312 1839 376 1866 hine
393 1846 448 1873 quo
461 1844 541 1874 pacto
557 1839 585 1866 id
602 1839 675 1874 quod
691 1839 760 1866 nulli
771 1838 922 1866 secundum
939 1846 968 1866 se
982 1847 1043 1874 pas-

252 1884 481 1911 sioniobnoxium
492 1889 544 1917 est,
557 1892 590 1912 eo
600 1886 658 1920 ipso
672 1884 791 1919 passioni
803 1884 957 1919 subjicitur,
969 1884 1042 1918 quod

785 145 957 174 TIlEODO'I‘l
978 144 1130 172 EPISCOPI
1150 143 1322 172 ANCYRANI

1813 140 1916 168 £334

1085 202 1218 236 γενόμενα
1242 201 1275 228 τὰ
1297 200 1370 235 πάοη
1390 198 1461 226 κατὰ
1485 198 1578 225 παθῶν
1603 198 1727 231 ἐξουσίαν
1740 200 1914 227 λάὖωσιν.

1085 246 1153 272 Οὔτε
1168 246 1222 280 γὰρ
1240 246 1321 281 φύσις
1341 244 1408 271 Θεοῦ
1425 244 1565 279 ὴδίκηται”
1582 244 1641 271 οὐδὲ
1665 244 1720 280 γὰρ
1735 245 1914 280 μεταϐολῇ

1086 292 1140 327 ἰδίᾳ
1158 293 1192 318 τὰ
1209 292 1283 326 πάθη
1304 292 1426 324 ἐδέξατο·
1443 291 1490 317 καὶ
1505 290 1554 326 τὴν
1573 291 1650 326 ἰσχὺν
1665 292 1741 326 παρὰ
1755 292 1845 318 Θεοῦ
1869 292 1916 318 τὰ

1084 338 1157 373 πάθη
1175 338 1244 365 κατὰ
1265 338 1298 364 τὰ
1323 337 1377 363 τῶν
1397 336 1527 372 ὁμοειδῶν
1539 336 1683 371 λαμϐάνει.
1700 337 1815 364 Λοιπὸν
1836 338 1911 372 γὰρ

1084 385 1098 410 ό
1115 383 1242 416 θάνατος,
1260 383 1298 415 ὡς
1317 382 1386 409 Θεοῦ
1402 382 1556 417 γενόμενος,
1573 383 1705 416 καταργεί
1726 382 1775 408 τὸν
1798 382 1910 408 om-

1084 437 1140 455 τον·
1158 429 1204 455 καὶ
1216 427 1360 456 ἀποθανὼν
1376 427 1434 454 λύει
1450 427 1500 462 τὴν
1516 427 1661 462 τυραννίδα
1677 427 1724 453 τοῦ
1743 427 1905 458 θανάτου,

1084 475 1178 510 ἐπειδὴ
1196 474 1244 501 καὶ
1265 475 1343 506 Θεὸς,
1360 474 1407 501 καὶ
1421 473 1565 508 ἄνθρωπος
1588 470 1633 508 ἦν.
1649 473 1687 499 Οὐ
1708 472 1764 508 γὰρ
1804 473 1906 507 ψιλὸν

1084 520 1227 558 ἄνθρωπον
1244 520 1419 555 ἐσταύρωσαν
1435 520 1458 546 ot
1483 519 1615 551 Ἰουδαῖοι,
1630 519 1690 545 οὐδὲ
1700 519 1750 554 τὴν
1767 520 1903 554 ὁρωμέ-

1085 573 1134 600 νην
1149 565 1232 600 μόνην
1252 565 1415 600 καθήλωσαν
1437 564 1533 599 φύσιν·
1553 564 1610 591 ἀλλ’
1630 565 1671 596 είς
1689 564 1734 590 τὸν
1758 565 1790 591 ὲν
1812 564 1900 600 αὐτῇ

1085 610 1152 637 Θεὸν
1169 611 1273 645 ἤγαγον
1296 610 1331 637 τὰ
1354 610 1527 645 τολμήματα,
1540 610 1591 645 τῆς
1605 609 1752 645 ἠνωμένης
1767 610 1899 644 φύσεως

1085 657 1299 692 οἰκειωσάμενον
1313 656 1346 683 τά
1363 656 1446 691 πάθη.
1462 657 1517 683 Καὶ
1541 656 1584 683 ἵνα
1607 664 1649 682 σοι
1674 656 1826 683 καὶτοῦτο
1841 657 1896 690 γέ-

1086 711 1165 738 νηται
1189 702 1284 737 σαφὲς,
1301 702 1347 728 ἐπὶ
1362 702 1392 729 τὸ
1411 702 1440 728 ὲν
1461 702 1532 737 ἀρχῇ
1554 701 1637 737 ῥηθὲν
1661 701 1821 737 ὑπόδειγμα
1839 703 1894 729 τὸν

1085 749 1163 784 λόγον
1181 749 1338 784 ἀγάγωμεν.
1784 747 1793 749 ”

1124 837 1175 864 II".
1185 836 1293 864 Κείσθω
1301 837 1335 871 γὰ
1341 846 1355 873 ρ
1362 836 1474 872 βασιλέα
1484 836 1650 871 φθέγγεσθαι
1660 836 1750 871 λόγον.
1758 839 1810 864 καὶ
1818 837 1878 863 τοῦ
1884 852 1895 858 ο

1089 891 1134 909 τον
1153 882 1333 909 έντυποῦσθαι
1356 882 1401 909 διὰ
1424 882 1596 917 γραμμάτων
1621 883 1709 918 χάρτῃ
1734 883 1806 915 τινὶ,
1834 883 1894 918 τὴν

1090 926 1241 962 λεγομένην
1256 926 1363 962 Σάκραν
1376 925 1582 958 ἐξαποστέλλειν
1595 927 1654 958 ταῖς
1676 926 1780 958 πόλεσι,
1801 927 1893 961 λόγον

1090 971 1285 1007 ἠμφιεσμένον·
1299 971 1346 998 καὶ
1370 970 1458 1006 χάρτῃ
1477 970 1524 996 καὶ
1541 970 1704 1006 γράμμασιν
1719 969 1891 1004 ἐλευθερίαν

1091 1018 1278 1054 χαριζόμενον,
1294 1018 1311 1052 ἢ
1334 1017 1401 1044 ἄλλα
1426 1016 1499 1053 δῶρα
1513 1017 1640 1051 βασιλικά
1658 1019 1714 1048 τοῖς
1737 1017 1890 1052 δεομένοις

1091 1064 1247 1100 κομίζονταο
1265 1063 1331 1091 άλλά
1346 1063 1448 1098 ταύτην
1460 1063 1509 1098 τὴν
1524 1063 1642 1098 Σάκραν,
1660 1063 1708 1098 τὴν
1723 1063 1888 1098 λεγομένην

1091 1111 1124 1145 τῇ
1144 1109 1197 1136 τῶν
1221 1109 1327 1135 Ἰταλῶν
1347 1109 1433 1143 φωνῇ,
1446 1108 1617 1143 ὑποδεχέσθω
1630 1108 1744 1139 ἄπιστός
1760 1117 1817 1140 τις,
1834 1109 1889 1135 καὶ

1092 1155 1218 1191 ἀπειθὴς,
1238 1155 1285 1181 καὶ
1309 1156 1357 1189 τῆς
1373 1154 1476 1185 πόλεως
1492 1153 1596 1189 ἐχθρὸς,
1623 1154 1670 1180 καὶ
1683 1154 1730 1180 τοῦ
1746 1154 1889 1189 βασιλέως

1092 1201 1231 1236 πολέμιος,
1252 1201 1299 1227 καὶ
1318 1199 1407 1226 λαὸὼν
1431 1200 1477 1226 τὸν
1501 1199 1603 1235 χάρτην
1624 1200 1826 1236 διαρρηγνύτω.
1848 1201 1887 1226 Τί

1092 1246 1197 1282 ὲρῤάγη
1213 1245 1351 1277 ὲνταῦθα;
1366 1244 1426 1271 είπέ
1445 1253 1500 1280 μοι·
1518 1246 1532 1271 ὁ
1546 1245 1649 1280 χάρτης
1665 1244 1755 1279 μόνος,
1770 1245 1787 1280 ἦ
1807 1245 1858 1271 καὶ
1870 1247 1887 1271 ὁ

1092 1291 1169 1325 λόγος
1186 1292 1200 1317 ὁ
1223 1290 1377 1325 βασιλικός;
1403 1291 1457 1317 Καὶ
1477 1290 1530 1326 μὴν
1550 1290 1575 1316 εἱ
1593 1291 1696 1325 χάρτης
1712 1290 1790 1325 μόνος
1806 1290 1886 1326 διεῤ-

1094 1337 1175 1371 ράγη,
1196 1335 1269 1370 αὑτῴ
1295 1335 1373 1370 μόνον
1388 1334 1487 1361 εὖωνον
1499 1333 1532 1370 ἦν
1549 1334 1579 1361 τὸ
1603 1335 1717 1370 φθαρὲν,
1733 1335 1884 1367 ἀνεύθυνος

1092 1383 1106 1409 ὁ
1120 1382 1216 1418 ῥήξας.
1229 1383 1246 1418 ἢ
1261 1382 1341 1409 πέντε
1353 1381 1454 1413 ὀϐολοῖς
1469 1381 1559 1416 μόνοις
1573 1381 1724 1413 ὑπεύθυνος
1738 1379 1783 1417 ἦν.
1800 1382 1883 1409 Ἀλλὰ

1092 1430 1184 1456 δίδωσι
1195 1430 1274 1464 δίκην
1292 1429 1340 1464 τὴν
1357 1428 1488 1463 ἐσχάτην,
1506 1428 1552 1455 καὶ
1572 1429 1744 1463 τιμωρεῖται,
1765 1428 1812 1455 καὶ
1830 1429 1881 1463 τὴν

1094 1476 1139 1502 ἐπὶ
1154 1475 1268 1502 θάνατον
1296 1475 1402 1508 ἄγεται,
1428 1474 1478 1508 οὐχ
1497 1473 1535 1505 ὡς
1563 1474 1666 1508 χάρτην
1690 1473 1882 1509 λυμηνάμενος

1095 1521 1186 1556 μόνον,
1211 1520 1268 1546 ἀλλ’
1287 1520 1324 1551 ὡς
1341 1520 1387 1547 καὶ
1407 1519 1485 1554 λόγον
1501 1520 1647 1555 διαρρήξας
1664 1520 1811 1554 βασιλικόν.
1825 1520 1881 1547 Καὶ

1095 1567 1148 1602 μὴν
1172 1567 1186 1592 ὁ
1202 1566 1249 1593 τοῦ
1271 1566 1401 1601 βασιλέως
1421 1566 1499 1599 λόγος
1515 1560 1589 1592 ἐστὶν
1605 1566 1725 1601 ἀπαθὴς,
1741 1565 1802 1592 οὔτε
1814 1575 1880 1600 χερ-

1091 1613 1117 1637 σὶ
1135 1611 1191 1646 (57)
1211 1611 1415 1646 λαμϐανόμενος
1443 1613 1477 1646 τῇ
1506 1611 1602 1638 ἑαυτοῦ
1622 1611 1712 1646 φύσει,
1729 1612 1789 1638 οὐδὲ
1804 1613 1879 1647 διαῤ-

1091 1657 1208 1692 ῥαγῆναι
1241 1657 1388 1692 δυνάμενος
1404 1676 1411 1688 ,
1445 1657 1513 1684 ἀλλὰ
1548 1657 1596 1683 καὶ
1626 1658 1707 1689 αὐτὸς
1735 1658 1877 1694 διεῤῥάγη,

1091 1702 1138 1729 τοῦ
1186 1702 1288 1737 χάρτου
1330 1702 1377 1729 καὶ
1415 1702 1469 1729 τῶν
1507 1703 1679 1738 γραμμάτων
1718 1703 1748 1729 τὸ
1792 1703 1879 1735 πάθος

1091 1746 1277 1782 οίκειὼμενος.
1309 1747 1389 1782 Ὁρᾷς
1407 1747 1466 1778 πῶς
1483 1747 1513 1773 τὸ
1533 1748 1638 1779 ἀπαθὲς
1654 1748 1756 1782 δέχεται
1776 1747 1874 1779 πάθος,

1095 1792 1206 1818 ἐπειδὰν
1222 1792 1301 1826 φύσει
1314 1794 1466 1829 κοινωνήσῃ
1482 1793 1638 1829 παθητικῇ;
1657 1793 1722 1829 Οὐδὲ
1733 1793 1785 1827 γὰρ
1803 1793 1817 1819 ὁ
1827 1792 1874 1819 λό-

1095 1845 1144 1871 γος
1164 1839 1197 1873 τῇ
1219 1838 1307 1873 οἰκείᾳ
1326 1838 1405 1873 φύσει
1428 1839 1584 1874 διέρῤηκτο·
1610 1839 1658 1865 καὶ
1677 1839 1707 1865 τὺ
1732 1838 1814 1870 τιάῦος
1829 1839 1874 1865 τοῦ

1097 1883 1209 1918 χάρτου,
1223 1883 1332 1910 καὶτῶν
1345 1884 1482 1919 στοιχείων
1495 1884 1612 1918 ἐδέξατο.

253 1940 315 1959 cum
345 1932 452 1967 patibili
478 1939 576 1960 natura
600 1932 876 1960 communicationem
893 1932 1044 1959 sortiatur?
1071 1932 1166 1966 Neque
1182 1930 1254 1958 enim
1279 1939 1379 1964 sermo,
1410 1933 1483 1967 quod
1514 1933 1548 1960 ad
1582 1933 1721 1968 propriam
1753 1938 1876 1961 naturam

253 1978 360 2010 attinet,
386 1977 532 2005 dilaniatus
557 1982 614 2009 est;
641 1981 669 2004 et
692 1981 783 2003 tamen
808 1976 909 2004 chaer
930 1977 1187 2011 elementorumque
1202 1976 1356 2010 passionem
1378 1977 1404 2004 in
1431 1985 1459 2004 se
1472 1978 1590 2012 excepit.

288 2032 357 2060 XIV.
384 2033 423 2060 Ne
449 2032 533 2067 igitur
550 2032 635 2066 jactet
655 2039 684 2058 se
710 2031 831 2063 Judteus,
845 2035 973 2065 tanquam
998 2033 1045 2066 qui

255 2085 355 2112 purum
378 2076 517 2103 hominem
534 2076 609 2103 cruci
628 2076 753 2103 aﬂixcrit.
771 2076 838 2103 Nam
856 2077 929 2110 quod
952 2084 1046 2104 ceme-

254 2123 346 2154 batur,
364 2122 459 2149 charta
475 2121 586 2156 quidem
603 2125 678 2153 erat;
692 2121 764 2155 quod
785 2129 851 2148 vero
870 2121 898 2148 in
917 2130 950 2149 ea
965 2122 1045 2150 abdi-

254 2171 312 2195 tum
334 2167 470 2199 latitabat,
486 2166 578 2201 regius
596 2170 656 2193 erat
678 2174 779 2198 sermo,
804 2174 858 2193 non
877 2166 979 2202 lingua,
997 2167 1045 2194 sed

254 2218 353 2241 natura
361 2213 525 2249 productus.
536 2212 658 2240 Verbum
671 2220 789 2247 namque
803 2212 967 2248 Unigenitus
975 2213 1043 2241 dici—
1058 2222 1079 2249 υ

254 2263 310 2292 tur,
322 2266 379 2286 non
392 2258 575 2294 prolatitium,
591 2258 639 2285 sed
650 2258 830 2286 substantiale
838 2266 869 2286 ac
876 2259 1044 2287 subsistens:

255 2311 345 2340 neque
369 2304 397 2332 in
419 2304 530 2339 propria
550 2308 649 2331 natura
670 2304 826 2338 patiebatur
847 2304 961 2340 aliquid,
983 2313 1045 2333 cum

254 2355 328 2379 esset
345 2349 498 2385 impatibile
513 2349 652 2381 Verbum;
671 2349 719 2376 sed
739 2349 814 2376 illius
827 2350 901 2384 quod
913 2350 1045 2378 cerneba-

255 2401 300 2425 tur
312 2396 423 2432 patique
438 2398 556 2431 poterat,
574 2394 716 2429 passiones
729 2395 814 2422 veluti
833 2396 959 2431 proprias
974 2398 1002 2424 in
1016 2405 1046 2425 se

255 2441 448 2470 transferebat.
462 2440 497 2468 Et
510 2440 741 2475 quemadmodum
752 2449 844 2469 sermo
860 2442 952 2477 regius
963 2448 991 2469 et
1001 2443 1046 2470 lit-

256 2492 377 2516 terarum
395 2490 522 2514 naturam
542 2486 570 2513 in
585 2493 614 2513 se
630 2487 761 2521 suscepit,
779 2491 807 2514 et
821 2487 923 2515 charta:
937 2488 1044 2522 passio-

255 2541 317 2560 nem
330 2533 382 2560 sibi
397 2531 448 2567 ipsi
465 2530 665 2566 appropriavit;
684 2531 721 2559 ita
734 2532 905 2566 unigenitum
915 2533 963 2560 Dei
975 2533 1044 2560 Ver-

255 2579 321 2606 bum
341 2578 465 2605 crueiﬁxi
481 2578 606 2612 corporis
617 2578 759 2612 passiones
769 2578 820 2606 sibi
831 2578 896 2606 fecit
906 2579 1044 2614 proprias.

255 2623 345 2655 Quare
366 2626 396 2650 ut
407 2623 431 2650 is
446 2622 492 2658 qui
505 2622 616 2650 Sacram
635 2623 738 2659 regiam
755 2623 877 2656 violavit,
898 2625 982 2652 veluti
998 2625 1046 2660 qui

257 2668 346 2702 ipsum
371 2669 444 2705 regis
466 2670 582 2697 verbum
609 2669 795 2704 discerpserit,
813 2670 910 2697 ultimo
929 2670 1047 2698 afﬁcitur

256 2715 407 2748 supplicio;
423 2715 463 2743 sic
483 2716 595 2744 Judmus
608 2722 718 2751 quoque
738 2715 766 2744 id
785 2715 858 2751 quod
880 2716 1048 2745 cernebatur

293 2802 348 2836 (ξιτ)
373 2803 416 2829 ’κν
430 2805 519 2838 χερσί.

293 2838 347 2873 (διε)
366 2838 419 2873 τε»
437 2838 512 2873 ὕλην.

1130 2033 1179 2060 lA’.
1197 2032 1242 2068 Μὴ
1257 2032 1392 2068 θαρρείτω
1405 2034 1550 2069 τοιγαροῦν
1566 2036 1579 2061 ό
1603 2035 1738 2066 Ἰουδαῖος,
1754 2034 1792 2065 ὼς
1805 2033 1874 2067 ψιλὸν

1094 2079 1238 2115 ἄνθρωπον
1260 2079 1431 2115 σταυρώσας·
1459 2081 1489 2107 τὸ
1508 2081 1562 2116 γὰρ
1589 2081 1750 2115 φαινόμενον
1778 2082 1874 2115 χάρτης

1093 2123 1138 2160 ἦν,
1153 2124 1183 2152 τὸ
1196 2125 1225 2151 δὲ
1239 2125 1268 2152 ἐν
1283 2125 1357 2160 αὐτῷ
1375 2126 1571 2161 κρυπτόμενον,
1587 2126 1666 2160 λόγος
1682 2127 1828 2161 βασιλικὸς,
1844 2128 1873 2153 ὲκ

1096 2171 1203 2206 φύσεως
1217 2171 1247 2197 οὺ
1263 2171 1306 2198 διὰ
1322 2171 1444 2206 γλώττης
1462 2172 1644 2207 προενεχθείς.
1661 2172 1747 2205 Λόγος
1762 2173 1810 2206 μὲν
1824 2173 1873 2207 γὰρ

1093 2218 1108 2243 ὸ
1125 2217 1279 2252 Μονογενὴς
1291 2217 1407 2251 λέγεται,
1419 2218 1448 2244 οὐ
1461 2218 1626 2253 προφορικὺς
1643 2218 1681 2250 δὲ,
1706 2218 1763 2244 ἀλλ’
1784 2218 1873 2244 οὐσιῶ-

1094 2262 1143 2297 δης
1160 2262 1207 2289 καὶ
1230 2262 1422 2294 ὲνυπόστατος·
1446 2263 1522 2289 οὐδὲν
1559 2264 1609 2298 μὲν
1632 2264 1665 2298 τῇ
1691 2263 1779 2298 οίχείᾳ
1800 2263 1872 2297 φύσει

1096 2309 1219 2344 πάσχων,
1241 2308 1279 2335 ὢν
1295 2308 1403 2344 ἀπαθὴς
1424 2309 1525 2343 Λόγος,
1541 2309 1595 2335 ἴδια
1616 2309 1646 2336 δὲ
1670 2309 1827 2343 ποιούμενος
1842 2308 1873 2335 τὰ

1095 2354 1142 2380 τοῦ
1157 2354 1319 2389 φαινομένου
1344 2354 1502 2390 παθήματα.
1523 2354 1579 2381 Καὶ
1595 2354 1689 2390 ὥσπερ
1713 2355 1726 2381 ὁ
1743 2354 1872 2388 βασιλικὸς

1094 2397 1174 2432 λόγος
1188 2399 1236 2425 καὶ
1249 2399 1305 2425 τῶν
1326 2399 1499 2434 γραμμάτων
1518 2400 1568 2435 τὴν
1584 2399 1667 2434 φύσιν
1694 2399 1750 2434 (58)
1773 2399 1872 2432 ἐδέξατο

1097 2443 1189 2476 αὐτὸς,
1213 2443 1259 2470 καὶ
1273 2443 1302 2470 τὸ
1319 2443 1404 2475 πάθος
1420 2444 1467 2470 τοῦ
1481 2444 1581 2479 χάρτου
1597 2444 1662 2471 [διον
1677 2444 1723 2471 τοῦ
1740 2444 1816 2478 λόγου
1830 2453 1871 2478 γε-

1097 2490 1219 2526 γένηται,
1241 2490 1326 2522 οὕτως
1347 2491 1361 2517 ό
1378 2491 1523 2526 μονογενὴς
1539 2490 1606 2523 Θεὸς
1619 2491 1675 2526 (59)
1687 2491 1773 2524 Λόγος
1786 2490 1818 2517 τὰ
1828 2490 1870 2516 τοῦ

1098 2535 1302 2570 καθηλωθέντος
1317 2536 1368 2562 ῐδια
1384 2536 1530 2570 πεποίηται
1548 2536 1631 2571 πάθη.
1641 2536 1690 2562 Διὰ
1698 2536 1776 2562 τοῦτο
1787 2535 1870 2570 ὥσπερ

1095 2582 1109 2608 ό
1127 2582 1234 2617 Σάκραν
1249 2581 1389 2617 βασιλικὴν
1403 2582 1603 2617 λυμηνάμενος.
1628 2582 1666 2614 ὡς
1692 2582 1818 2617 βασιλέως
1828 2582 1872 2616 ῥή-

1096 2627 1145 2660 ξας
1161 2627 1207 2653 τὺν
1224 2627 1313 2661 λόγον,
1342 2627 1391 2662 τὴν
1419 2628 1465 2653 ἐπὶ
1487 2627 1602 2654 θάνατον
1625 2629 1731 2663 ἄγεται·
1758 2628 1836 2659 οὕτως
1858 2629 1872 2654 ὁ

1097 2672 1257 2708 σταυρώσας
1286 2673 1410 2705 Ἰουδαῖος
1431 2674 1460 2700 τὸ
1478 2675 1649 2709 φαινόμενον,
1667 2676 1745 2707 δίκας
1763 2675 1869 2705 assum,

1095 2718 1136 2749 είς
1160 2718 1241 2744 αὐτὸν
1262 2718 1307 2745 τὸν
1325 2719 1391 2745 Θεὸν
1409 2719 1494 2754 Λόγον
1516 2720 1639 2753 ἐκτείνας
1657 2721 1686 2747 τὸ
1712 2721 1839 2756 τόλμημα·
1859 2721 1871 2746 ό

1134 2807 1189 2842 (59)
1208 2807 1261 2833 Τοῦ
1277 2807 1354 2835 Θεοῦ,
