4048 6210
248 248 447 308 -1585

1100 242 1390 303 HOMILIA
1417 242 1519 299 ιιιι.
1559 241 1628 299 IN
1667 240 1780 297 DIE
1818 237 1878 294 S.
1918 235 2203 293 JOANNIS
2240 235 2761 295 EVANGEIJSTE.

3416 233 3554 292 1388

305 315 419 439 γάρ
453 364 587 430 Θεὸς
620 362 808 419 λοιπὸν
824 359 912 425 ὡς
939 359 1075 414 ἴδιον
1127 358 1299 422 πάθος
1334 358 1540 412 ὲκδικεῖ
1570 356 1631 411 τὸ
1661 344 1884 427 γένόμε-
1912 383 1922 413 Α

2001 351 2330 422 :rueitigcns,
2359 350 2587 423 perinde
2624 366 2816 421 pcenas
2846 349 3017 415 dabit,
3041 359 3102 406 ut
3132 351 3226 421 qui
3257 350 3312 406 in
3346 352 3556 423 ipsum-

308 478 420 514 νον.
465 458 605 514 Ἀλλ’
648 454 810 510 ἰκανὰ
857 453 927 507 τά
956 450 1246 525 εἰρημένα.
1306 450 1527 521 Ἐπειδὴ
1576 447 1884 522 φροντίζειν

306 551 389 606 δεῖ
423 550 518 603 καὶ
567 547 670 618 τῆς
707 545 930 617 μνήμης
975 544 1076 612 τῆς
1120 541 1419 613 ηὑμετέραςο
1449 542 1510 594 τὸ
1539 540 1648 611 γὰρ
1684 539 1885 631 πλῆθος

306 640 417 694 τῶν
446 638 775 710 λεγομένων,
831 632 1171 705 ὑπερϐλύζον
1214 632 1314 703 τῆς
1355 631 1466 686 τῶν
1518 631 1886 704 ἀκροωμένων

308 730 519 793 ἐννοίας
546 772 562 795 ,
612 727 906 798 ἀμνήμονα
955 725 1050 779 τὸν
1101 722 1377 795 ἀκροατὴν
1418 721 1526 775 τῶν
1581 722 1887 794 εἰρημένων

308 824 474 876 ποιεῖ.
508 820 722 873 Γένοιτο
746 818 823 884 δὲ,
864 817 1048 888 χάριτι
1077 815 1236 881 Θεοῦ,
1278 813 1373 869 καὶ
1415 814 1485 867 τὰ
1514 813 1778 886 εἰρημένα
1818 815 1887 884 τῇ

311 916 499 984 μνήμῃ
554 911 702 982 ὑμᾶς
755 909 1110 981 περιλαϐεῖν,
1136 908 1244 962 καὶ
1299 907 1521 979 ἐτέρους
1566 907 1632 958 ὲκ
1684 903 1888 958 τούτων

289 1004 562 1072 «ὠφελεῖν,
606 1002 705 1056 καὶ
734 998 1143 1072 τὴννβασιλείαν
1186 997 1296 1050 τῶν
1336 993 1583 1069 οὐρανῶν
1618 994 1739 1048 ἀντὶ
1768 992 1889 1046 τού-

306 1111 417 1148 των
456 1095 837 1168 κληρονομεῖν.
883 1087 993 1155 τΗς
1029 1090 1240 1159 γένοιτο
1287 1089 1494 1153 πάντας
1522 1088 1675 1159 ἡμᾶς
1705 1089 1892 1140 ἐπιτυ-

309 1186 427 1255 χεῖν
480 1184 670 1256 χάριτι
702 1182 794 1237 τοῦ
851 1179 1114 1248 Χριστοῦ’
1160 1172 1204 1248 ᾧ
1237 1180 1272 1250 ἡ
1306 1177 1432 1243 δόξα
1478 1178 1572 1241 καὶ
1602 1176 1662 1231 τὸ
1692 1176 1890 1248 κράτος

309 1278 390 1342 εἰς
417 1278 546 1341 τοὺς
573 1275 777 1339 αἰῶνας
796 1274 910 1329 τῶν
944 1271 1176 1328 αἰώνων.
1221 1271 1416 1344 Ἀμήν.

876 1560 1133 1616 .OMIAIA
1180 1559 1260 1625 1",

1986 453 2098 501 met
2143 446 2239 501 Dei
2273 444 2513 501 Verbum
2545 444 2745 516 impius
2764 444 3052 501 exstiterit.
3081 443 3200 500 Jam
3233 445 3382 500 enim
3412 448 3560 503 Deus

1986 538 2207 593 illorum
2241 537 2421 593 scelus
2472 545 2729 607 tanquam
2773 552 2925 592 suam
2967 537 3223 607 injuriam
3251 538 3559 596 ulciscitur.

1988 624 2095 681 Sed
2134 624 2267 679 satis
2292 624 2360 679 de
2397 624 2483 679 bis
2501 624 2613 695 jam
2648 624 2855 680 dictum
2895 623 3080 679 fuerit.
3111 626 3246 682 Nam
3281 636 3338 682 et
3367 639 3564 685 vestra:

1988 733 2207 789 quoque
2240 718 2519 774 memoria:
2547 718 2814 773 rationein
2852 719 3053 775 habere
3093 729 3348 790 oportet:
3389 723 3564 793 siqui-

1989 809 2115 864 dem
2153 809 2425 865 dictorum
2480 810 2636 880 copia
2678 810 2991 866 auditorum
3033 821 3273 867 mentem
3298 812 3563 880 obruens,

1991 900 2169 970 ipsum
2200 899 2529 964 auditorem,
2558 912 2749 953 eorum
2776 914 2897 968 quae
2929 899 3076 955 dicta
3098 900 3337 967 fuerant,
3360 900 3566 956 imum-

1992 1004 2202 1044 morem
2234 988 2433 1045 reddit.
2465 988 2629 1044 Faxit
2653 989 2827 1060 gratia
2855 990 2972 1054 Dei,
3004 998 3065 1045 ut
3092 990 3182 1045 illa
3206 1006 3328 1062 qua:
3352 1005 3568 1063 propo-

1990 1078 2096 1135 sita
2112 1086 2260 1151 sunt,
2287 1064 2553 1135 me'moria
2575 1080 2866 1150 complexi,
2891 1080 3014 1136 aliis
3042 1096 3261 1152 quoque
3285 1083 3352 1137 de
3368 1082 3567 1139 borum

1991 1173 2148 1242 copia
2196 1172 2457 1243 prodesse
2495 1171 2739 1242 possitis,
2774 1188 3118 1244 regnumque
3156 1175 3422 1231 caelorum
3460 1190 3571 1247 pro

1991 1266 2080 1322 his
2106 1264 2462 1322 haereditetis.
2492 1264 2648 1332 Quod
2677 1264 2886 1320 utinam
2906 1281 3007 1322 nos
3026 1281 3220 1321 omnes
3237 1282 3338 1339 per
3352 1266 3569 1324 Christi

1988 1357 2220 1437 gratiam
2267 1357 2676 1427 adipiscamur:
2714 1356 2807 1412 cui
2836 1358 2908 1413 sit
2940 1357 3108 1429 gloria
3148 1368 3207 1414 et
3222 1367 3474 1429 potestas
3512 1359 3569 1413 in

1992 1449 2189 1504 sarcula
2216 1449 2561 1505 smculorum.
2598 1448 2793 1505 Amen.

2572 1561 2860 1619 HOMILIA
2896 1564 2985 1618 Ill.

313 1678 609 1758 Λεχθεῗσςξ
778 1674 1005 1755 Ἐφέσῳ
1039 1674 1191 1758 πρὸς
1228 1670 1672 1758 Νεστόριογλ
1703 1670 1895 1741 ἡμέρᾳ

2001 1670 2187 1743 Ephesi
2217 1683 2401 1728 contra
2434 1671 2743 1757 Nestorium
2777 1676 2977 1758 habita,
3008 1677 3063 1730 in
3095 1677 3179 1732 die
3202 1680 3373 1733 sancti
3404 1677 3574 1735 Ioan-

567 1739 854 1803 Ἰωάννού
885 1743 995 1798 τοῦ
1046 1739 1481 1814 εὐαγγελιστοῦ
1519 1740 1653 1812 (61).

386 1868 463 1918 A’.
482 1863 662 1933 Ὅπερ
680 1859 798 1913 ἐστὶ
808 1859 922 1922 τοῖς
942 1855 1188 1927 σώμασιν
1214 1853 1373 1928 ἡμῶν
1392 1853 1893 1927 ίατρὸς,τοῦτοταϊς

313 1956 513 2026 ψυχαῖς
563 1952 764 2025 ἱερεύς.
814 1948 1034 2020 Ἐπειδὴ
1061 1948 1173 2019 γὰρ
1207 1948 1423 2019 νόσημα
1458 1945 1645 2018 ψυχῶν
1677 1947 1825 2001 ἐστιν
1857 1949 1892 2019 η

317 2048 518 2118 πλάνη,
566 2044 664 2100 καὶ
710 2041 1037 2116 χρονίζουσα
1084 2040 1313 2096 θάνατον
1348 2040 1442 2094 τὸν
1481 2040 1586 2111 τῆς
1621 2040 1897 2112 τιμωρίας

325 2139 614 2210 ἐπήγαγεν
645 2135 784 2208 (62),
817 2134 1170 2206 ᾠκονόμησεν
1197 2136 1230 2206 ἠ
1266 2134 1362 2188 τοῦ
1391 2133 1708 2202 Πνεύματος
1735 2134 1896 2205 χάρις

320 2230 561 2302 ἰατρείαν
590 2227 768 2299 ψυχῆς
789 2228 929 2297 (65),
957 2227 1057 2297 τὴν
1076 2225 1359 2298 ἰεροσύνοιν
1385 2225 1485 2298 τὴν
1510 2224 1698 2295 ἁγίαν,
1718 2227 1813 2280 καί
1836 2225 1897 2279 τὸ

317 2319 671 2394 προσληφθὲν
688 2318 802 2392 (64)
819 2318 899 2390 τῷ
916 2317 1079 2371 πάθει
1098 2317 1257 2389 μέλος
1274 2315 1552 2388 ἐξέκοψεν·
1571 2318 1671 2371 οὐκ
1685 2316 1896 2372 ἐκείνου

318 2413 574 2483 ἀφειδῶν,
598 2410 736 2466 ἀλλὰ
765 2410 873 2464 τῶν
896 2409 1101 2464 λοιπῶν
1133 2409 1309 2480 μελῶν
1335 2408 1673 2481 φειδόμενος.
1721 2410 1902 2463 Ἐπει-

317 2505 383 2576 δὴ
432 2503 542 2575 γὰρ
571 2503 632 2556 τὸ
670 2484 891 2572 συνέχὲς
920 2502 1020 2572 τῆς
1060 2501 1287 2573 σήψεως
1329 2502 1431 2573 τῆς
1464 2499 1692 2574 σαθρᾶς.
1728 2501 1898 2574 und-

317 2596 465 2650 δοσιν
489 2592 778 2666 εἰργάζετο
811 2592 913 2663 τῆς
950 2592 1178 2659 κακίας,
1219 2592 1474 2663 ἐκτέμνει
1502 2592 1565 2646 τὸ
1598 2593 1777 2665 μέλος,
1811 2593 1900 2646 ἵνα

319 2685 587 2755 ἑπιτέμνῃ
611 2684 712 2755 τὴν
750 2683 972 2737 κακίαν.
1014 2682 1124 2737 Καὶ
1154 2682 1273 2736 ἐστι
1306 2681 1367 2735 τὸ
1409 2678 1549 2746 εἶδος
1596 2682 1757 2735 τοῦτο
1797 2681 1900 2734 οὐκ

321 2775 566 2846 ὠμότης,
593 2773 730 2827 ἀλλὰ
769 2771 1060 2843 θεραπεία.
1083 2770 1345 2842 Δακρύων
1376 2770 1475 2840 μὲν
1516 2769 1624 2840 γάρ
1650 2770 1680 2822 ὁ
1716 2768 1900 2840 ἰατρὸς

315 2865 577 2936 ἐκτέμνει
601 2863 663 2918 τὸ
690 2863 872 2934 μέλοςθ
896 2858 1016 2911 ,ἀλλ’
1061 2859 1317 2929 ἀφειδῶν,
1357 2857 1456 2930 τὴν
1489 2859 1694 2928 τμῆσιν
1736 2855 1899 2927 θερα-

323 2956 484 3011 πείαν
532 2955 849 3027 εἰργάσατο.
909 2954 1162 3025 ’Δρχαίον
1193 2949 1351 3004 τοῦτο
1382 2949 1481 3019 τῆς
1517 2947 1815 3022 θεραπείας
1841 2947 1903 3001 τὸ

2551 1745 2632 1799 nis
2663 1745 3011 1816 evangelista

2066 1856 2118 1911 l.
2146 1855 2302 1923 Quod
2333 1857 2659 1929 corporibus
2683 1858 2888 1914 nostris
2909 1867 2996 1914 est
3022 1859 3292 1924 medicus,
3323 1862 3573 1917 lioc'ani-

1998 1946 2193 2003 mabus
2214 1958 2300 2004 est
2330 1947 2607 2004 sacerdos.
2637 1948 2858 2004 Etenim
2895 1949 3212 2019 quiaanimi
3233 1951 3462 2006 morbus
3489 1960 3577 2007 est

1995 2052 2173 2104 error,
2208 2038 2303 2109 qui
2337 2038 2677 2095 inveteratus
2724 2039 2918 2096 mortis
2953 2040 3285 2112 supplicium
3318 2042 3572 2111 inducit;

1997 2129 2238 2200 Spiritus
2265 2131 2437 2186 sancti
2471 2131 2648 2203 gratia
2679 2132 2990 2188 animarum
3031 2134 3577 2191 medicinamlsacer-

1996 2222 2210 2278 dotium
2256 2222 2515 2290 instituit,
2564 2224 2984 2295 membrumque
3023 2227 3217 2282 morbo
3258 2238 3576 2299 correptum

1996 2314 2177 2371 excidi
2204 2314 2422 2372 curavit
2446 2332 2461 2369 :
2497 2330 2608 2371 non
2628 2317 2787 2386 :quod
2810 2317 2947 2373 illud
2978 2319 3301 2391 negligeret,
3328 2320 3423 2375 sed
3445 2320 3580 2376 reli-

1998 2407 2123 2477 quis
2153 2405 2421 2463 membris
2448 2408 2764 2464 consultum
2788 2408 3196 2479 cupiensltcum
3225 2410 3374 2465 enim
3397 2412 3578 2468 conti-

1998 2514 2137 2554 nens
2162 2499 2253 2554 illa
2276 2498 2454 2564 tabes,
2478 2500 3059 2569 pravae-corruptionis
3089 2501 3427 2557 incrementa
3446 2518 3585 2574 pauo

1998 2588 2151 2644 latim
2168 2592 2506 2659 generaret),
2526 2587 2835 2643 membrum
2858 2589 3141 2659 putridum
3170 2591 3582 2662 pmidendum

1999 2678 2358 2742 existimavit,
2401 2692 2512 2748 quo
2553 2677 2748 2733 vitium
2792 2678 3157 2735 exscinderet.
3204 2682 3419 2754 Estque
3466 2684 3586 2742 hac

2000 2768 2233 2824 curandi
2272 2767 2414 2824 ratio
2453 2784 2565 2824 non
2614 2768 2932 2836 crudelitas,
2974 2770 3069 2826 sed
3102 2772 3395 2829 medicina.
3434 2774 3585 2831 Sane

2001 2856 2250 2913 medicus
2280 2856 2420 2913 ﬂens
2466 2857 2778 2914 membrum
2822 2860 3177 2929 praescindit;
3216 2878 3410 2919 verum
3447 2864 3583 2920 dum

2001 2964 2115 3006 non
2140 2950 2338 3021 parcit,
2369 2950 2542 3022 ipsam
2571 2951 2876 3006 sectionem
2902 2949 2959 3006 in
2990 2952 3324 3010 medicinam
3351 2971 3586 3013 conver-

323 3041 464 3111 εἶδός
508 3046 628 3099 ἐστι
671 3046 768 3099 καὶ
794 3043 1021 3100 ἄνωθεν·
1057 3040 1232 3104 οὕτως
1283 3039 1334 3095 oi
1368 3040 1515 3109 ἆγιοι
1551 3037 1901 3111 ἐπεμελήθη-

2006 3040 2089 3098 tit.
2126 3042 2318 3113 Neque
2355 3057 2532 3115 genus
2558 3044 2664 3100 hoc
2690 3043 2947 3100 medendi
2984 3059 3191 3102 novum
3216 3055 3324 3114 est,
3358 3049 3455 3104 sed
3481 3065 3590 3104 an-

326 3155 427 3193 σαν
447 3138 547 3209 τῆς
571 3136 885 3208 πανσέμνου
903 3135 1014 3206 (65)
1033 3132 1240 3205 ταύτης
1255 3131 1763 3204 Ἐκκλησίας.Ἕχει
1791 3130 1901 3203 γάρ

322 3232 354 3284 6
393 3229 572 3302 ίερεὺς
605 3229 701 3283 καὶ
727 3227 900 3297 ξίφος,
924 3226 1137 3298 ούχνῖνα
1165 3224 1418 3299 κακὼσῃ,
1452 3224 1568 3279 ἀλλ’
1617 3224 1706 3280 ἵνα
1734 3223 1900 3296 θερα-

325 3320 526 3393 πεύσῃ.
562 3320 674 3375 Καὶ
694 3318 852 3373 τοῦτο
879 3317 1115 3390 δηλοῦσα
1138 3314 1347 3372 ἄνωθεν
1390 3316 1430 3387 Δἡ
1480 3315 1639 3387 χάρις
1683 3313 1905 3386 πρῶτον

325 3412 405 3483 τῷ
438 3411 685 3484 Ἱερεμίᾳ
705 3411 978 3483 ἐμήνυσε,
1011 3409 1263 3478 λέγουσα·
1297 3428 1316 3461 ι
1357 3406 1681 3477 Κατέστησά
1711 3422 1771 3459 σε
1802 3406 1903 3475 σή-

330 3519 498 3574 μερον
524 3502 618 3556 ἐπὶ
657 3500 935 3573 βασιλείας
972 3500 1067 3555 καὶ
1106 3499 1256 3570 ἔθνη,
1291 3498 1565 3570 ὲκριζοῦν,
1606 3495 1701 3551 καὶ
1733 3512 1904 3571 κατα-

328 3597 616 3662 σκάπτειν,
660 3596 756 3651 καὶ
794 3595 1103 3659 ἀπολλύειν,
1137 3593 1233 3646 καὶ
1259 3590 1652 3659 ἀνοικοδομεῖν,
1682 3588 1777 3641 καὶ
1806 3604 1906 3641 καο

331 3690 681 3760 ταφυτεύειν.
716 3707 739 3740 ι
763 3687 840 3741 Οὔ
875 3686 1170 3755 φυτεύεται
1190 3681 1301 3751 γάρ
1324 3678 1598 3743 εύσέδεια,
1631 3677 1717 3749 ⁵μὴ
1747 3679 1907 3731 ἐκκο-

332 3781 532 3851 πείσης
556 3779 777 3842 κακίας.
811 3775 1049 3843 Εῠλογον
1082 3772 1180 3844 μὲν
1221 3771 1437 3843 πρῶτον
1468 3769 1747 3843 ἀρδεύειν,
1782 3771 1907 3822 επι-

336 3874 539 3949 μελείςι
565 3873 847 3943 γεωργικῇ
902 3866 1161 3939 χρῆσθαι,
1217 3863 1410 3932 λόγους
1459 3864 1759 3934 προσάγειν
1791 3861 1907 3934 (66)

326 3967 648 4031 εὐσεϐείας,
686 3960 1012 4033 ἐπιμέλειαν
1050 3957 1311 4012 παντοίαν
1353 3956 1650 4028 προαάγειν
1686 3952 1797 4027 (67)
1831 3952 1909 4024 τῷ

335 4058 511 4128 μέλει.
537 4057 600 4109 Εἰ
648 4055 708 4106 δὲ
751 4054 785 4122 ἠ
817 4051 984 4106 κακία
1027 4048 1295 4121 κρείττων
1323 4047 1535 4117 γένοιτο
1573 4047 1672 4116 τῆς
1714 4047 1902 4116 ἐπιμε-

330 4145 504 4208 λείας,
530 4145 563 4213 ὴ
596 4140 805 4212 έκκοπὴ
856 4139 993 4211 ίαμα
1040 4139 1151 4192 τῶν
1187 4137 1330 4192 οὕτω
1370 4137 1732 4207 διακειμένων
1770 4136 1908 4190 ἐστί.

335 4235 464 4300 Πῶς
488 4236 598 4308 γὰρ
626 4234 692 4289 ἄν
720 4251 806 4297 τις
822 4232 1218 4304 ὲπιμελήσαιτο
1242 4248 1351 4286 των
1373 4229 1516 4284 οὕτω
1529 4230 1908 4300 διακειμένων,

2008 3134 2244 3204 tiquum,
2266 3143 2325 3191 et
2345 3136 2457 3207 jam
2491 3135 2621 3192 inde
2655 3136 2726 3192 ab
2756 3137 2918 3193 initio
2936 3149 3282 3211 usurpatum.
3301 3140 3422 3198 ﬂac
3437 3142 3588 3199 enim

2010 3222 2222 3278 ratione
2266 3223 2442 3279 sancti
2476 3224 2668 3280 Patres
2699 3225 3070 3281 venerandam
3114 3227 3258 3284 hanc
3280 3228 3589 3286 Eeclesiam

2010 3328 2076 3371 Cu
2086 3328 2141 3367 ra
2150 3322 2280 3369 runt
2301 3322 2358 3370 et
2378 3323 2795 3369 conservamnt.
2816 3315 3053 3371 Obtinet
3081 3319 3341 3375 sacerdos
3364 3336 3592 3392 quoque

2010 3404 2273 3475 gladium,
2308 3419 2419 3458 non
2445 3416 2508 3458 ut
2537 3405 2719 3470 laedat,
2746 3406 2842 3461 sed
2871 3415 2932 3462 ut
2953 3408 3221 3463 medelam
3240 3410 3463 3467 afferat.
3496 3413 3594 3469 At-

2012 3508 2119 3567 que
2148 3493 2255 3549 hoc
2283 3492 2462 3564 ipsum
2490 3495 2622 3550 olim
2650 3511 2890 3567 superna
2926 3498 3102 3568 gratia
3126 3499 3412 3559 insinuans
3437 3503 3595 3560 lere-

2013 3586 2137 3641 mia:
2181 3585 2444 3642 indicavit
2484 3586 2710 3645 dicens:
2755 3589 3075 3646 «Constitui
3118 3601 3174 3649 te
3213 3591 3380 3648 hodie
3428 3609 3596 3667 super

2015 3692 2182 3749 regna
2208 3686 2266 3733 et
2290 3686 2503 3749 gentes,
2541 3688 2602 3735 ut
2630 3680 2859 3747 evellas,
2900 3691 2958 3737 et
2990 3682 3263 3751 destruas,
3291 3692 3351 3740 et
3374 3685 3596 3758 disper-

2015 3766 2135 3832 das,
2169 3776 2227 3824 et
2251 3768 2570 3835 reaedilices,
2592 3778 2654 3826 et
2679 3772 2894 3842 plantes
2927 3774 2994 3828 ⁸⁸.
3026 3794 3045 3826 ι
3082 3775 3271 3847 Neque
3302 3778 3453 3834 enim
3474 3779 3596 3852 pie-

2016 3866 2101 3915 tas
2130 3857 2413 3926 inseritur,
2436 3860 2543 3916 nisi
2566 3863 2773 3918 malitia
2798 3873 2930 3921 ante
2949 3865 3117 3923 fuerit
3144 3871 3466 3943 exstirpata.
3488 3874 3597 3931 Par

2017 3959 2104 4007 est
2139 3951 2332 4022 utique
2364 3952 2545 4023 primo
2572 3956 2772 4025 rigare,
2797 3958 3028 4016 cultura:
3048 3960 3318 4031 industria
3344 3965 3447 4032 uti,
3474 3967 3598 4038 pie-

2019 4043 2146 4098 tatis
2171 4059 2480 4101 scrmonem
2506 4046 2794 4116 adbibere,
2821 4060 2878 4107 et
2896 4068 3059 4109 omne
3086 4053 3325 4128 denique
3354 4060 3599 4115 medica--

2016 4136 2189 4193 menti
2215 4153 2390 4208 genus
2413 4139 2708 4210 applicare.
2741 4143 2944 4200 Verum
2975 4147 3028 4202 si
3051 4148 3207 4205 tabes
3232 4151 3407 4223 major
3434 4152 3602 4208 fuerit

2020 4243 2184 4297 quam
2209 4239 2285 4292 ,ιιι
2307 4231 2651 4288 curationem
2683 4234 2958 4302 admittat,
2989 4247 3120 4294 tunc
3159 4239 3383 4297 demum
3423 4258 3602 4299 mem-

332 4328 442 4382 τῶν
475 4327 843 4392 ὀνειδιζόντων
1030 4325 1101 4378 τὰ
1125 4323 1465 4397 ἀνθρώπινα,
1488 4323 1583 4376 καὶ
1610 4322 1706 4394 τὴν
1750 4322 1910 4396 χάριν

2023 4318 2249 4374 brorum
2295 4321 2371 4376 ita
2416 4322 2739 4379 alfectorum
2785 4329 2960 4383 sectio
3013 4339 3097 4385 est
3142 4332 3434 4390 medicina.
3482 4335 3604 4402 Qua

335 4421 393 4472 ὲν
421 4423 581 4493 μέρει
613 4416 846 4480 ὀνείδους
869 4417 1243 4486 ποιουμένωνς

410 4681 485 4737 B'.
519 4680 585 4733 Τί
614 4679 823 4748 λέγειςς
860 4678 1002 4733 εἰπέ.
1028 4678 1181 4740 Θεδν,
1204 4679 1392 4748 φησὶν,
1413 4678 1475 4731 ού
1494 4677 1637 4746 Ηγω
1658 4678 1923 4733 πεπονθέ-

1949 4408 1995 4467 D
2021 4412 2172 4467 enim
2210 4413 2424 4470 ratione
2440 4416 2718 4485 quispiam
2747 4417 2800 4471 ei
2822 4419 3127 4487 medeatur,
3163 4425 3258 4493 qui
3281 4424 3357 4481 ita
3382 4438 3605 4497 compa-

2022 4514 2173 4559 ratus
2212 4511 2319 4567 est,
2350 4513 2414 4559 ut
2436 4506 2547 4560 Deo
2579 4507 2831 4564 humanae
2863 4518 3073 4568 naturae
3104 4515 3452 4573 conditiones
3477 4533 3608 4588 pro-

2021 4594 2124 4649 bro
2145 4602 2342 4658 vertat,
2374 4595 2814 4670 berielieiumque
2848 4604 3197 4660 contumeliae
3233 4605 3357 4663 loco
3403 4606 3607 4664 ducat?

2090 4686 2160 4741 ll.
2194 4685 2337 4753 Quid
2364 4687 2546 4744 dicis?
2583 4693 2875 4762 responde.
2917 4694 3112 4761 Deum,
3151 4696 3350 4769 inquit,
3380 4715 3605 4771 passum

336 4788 446 4827 ναι.
466 4772 529 4824 Εί.
550 4771 649 4843 μὲν
670 4771 809 4841 πρὸς
835 4770 937 4841 τὴν
968 4769 1131 4840 φύσιν
1163 4770 1401 4840 βλέπεις,
1423 4769 1606 4834 καλῶς
1620 4771 1771 4843 ὁρᾷς·
1790 4772 1839 4825 εἰ
1867 4771 1922 4826 δὲ

2024 4792 2137 4832 non
2162 4778 2307 4834 dieo.
2347 4779 2488 4837 Sane
2512 4782 2557 4836 si
2594 4782 2660 4838 ad
2686 4784 2908 4842 deitatis
2937 4796 3189 4844 naturam
3221 4769 3457 4861 spectes,
3490 4809 3606 4848 non

339 4863 622 4926 παντελῶς
651 4863 894 4934 ἀναιρεῖς
933 4862 995 4915 τὸ
1038 4862 1233 4925 πάθος,
1261 4863 1399 4934 ἀρνῇ
1431 4862 1534 4933 τὴν
1578 4863 1910 4933 οἰκονομίαν.

2021 4884 2219 4924 erras:
2255 4870 2341 4925 sin
2388 4887 2518 4927 vero
2562 4877 2976 4945 perpessionem
3015 4880 3340 4951 simpliciter
3376 4884 3452 4939 illi
3483 4886 3607 4940 adi-

337 4953 430 5024 Μὴ
458 4954 567 5024 γὰρ
593 4954 856 5027 ὀνειδίσῃς
877 4953 998 5024 Θεῷ
1021 4953 1268 5016 παθόντι,
1296 4955 1432 5011 ἀλλὰ
1451 4954 1558 5009 τῶν
1580 4954 1918 5027 παθημάτων

2027 4975 2164 5023 mas,
2199 4961 2663 5032 dispensationem
2694 4982 2979 5040 pernegas.
3015 4971 3093 5029 Ne
3125 4989 3258 5045 ergo
3294 4979 3607 5047 perpessio-

341 5044 507 5115 βλέπε
531 5045 600 5098 τὰ
635 5045 1059 5117 κατορθώματα.
1094 5048 1189 5110 Εἰς
1220 5047 1495 5101 εὐτέλειαν
1524 5048 1732 5116 κατέὅη
1764 5047 1920 5110 Θεὸς,

2030 5067 2131 5106 nes
2163 5052 2276 5108 Deo
2312 5054 2677 5125 impmperes,
2720 5059 2818 5114 sed
2858 5064 3274 5133 perpessionum
3309 5067 3606 5124 utilitatem

338 5138 401 5190 οὐ
429 5137 681 5208 μειωθείς
724 5138 824 5209 τὴν
852 5138 1036 5207 φύσιν,
1072 5137 1212 5193 ἀλλὰ
1248 5139 1345 5209 τὴν
1373 5139 1531 5210 χάριν
1558 5138 1922 5211 δωρούμενος,

2028 5144 2310 5215 inspicias.
2354 5147 2414 5201 In
2454 5148 2819 5207 humilitatem
2877 5155 3021 5211 Deus
3073 5172 3134 5212 se
3186 5157 3439 5225 demisit,
3479 5160 3608 5216 nul-

413 5248 461 5281 ⁸⁸
481 5250 689 5307 .Ierem.
716 5267 757 5316 ι,
785 5252 874 5307 10.

441 5384 671 5469 (6661)
718 5385 931 5469 Colitur
963 5394 1257 5469 _a_Gr:ecjs
1306 5397 1413 5469 die
1450 5397 1520 5452 26
1570 5398 1936 5469 Septembris.

341 5454 659 5528 Theodotus
715 5467 899 5513 autem
958 5463 1125 5519 fuisse
1183 5466 1528 5522 Chalcedone
1591 5454 1935 5528 di'cilurdic

340 5524 376 5579 4
406 5522 682 5593 Septemb.
720 5528 1043 5587 Haanmxus.

415 5593 526 5737 (62)
563 5595 659 5677 Ms.
697 5598 821 5669 Seg.
861 5602 1089 5672 έτὴγεν.

440 5662 528 5733 63)
565 5665 701 5722 Ibid.
740 5668 1089 5737 θεραπείανιί

440 5662 528 5733 63)
565 5665 701 5722 Ibid.
740 5662 1038 5740 θὲραπείάν
1062 5672 1270 5746 ψυχῶν.

660 5759 932 5825 ΡΑΤΒΟΙ..
971 5740 1086 5828 Ga.
1115 5740 1443 5831 L'xxvuf
1486 5740 1491 5743 ’

2123 5404 2231 5480 (Ψ)
2270 5406 2505 5480 Νξιὸοεο
2547 5408 2875 5480 προληφθένο

2141 5475 2228 5543 65)
2270 5476 2403 5530 Ibid.
2444 5475 2777 5533 πανσέπτού.

2134 5544 2222 5621 se
2259 5545 2393 5621 ειμι
2433 5550 2779 5621 προσφέρειν.

2109 5613 2222 5685 (67)
2259 5614 2398 5671 Ibid.
2438 5613 2784 5693 προσξρέρειν.

3114 5796 3189 5857 ιι
