4048 6210
475 265 609 320 {587

1546 262 1895 325 THEODOTI
1936 267 2243 325 EPISCOPI
2303 266 2651 323 ANCYRANI

3613 246 3757 320 4338

474 381 579 436 lam
618 382 919 438 secundum
959 385 1240 456 propriam
1278 394 1533 441 naturam
1565 402 1861 457 perpessus
1900 386 2062 441 dimi-

2169 387 2383 458 ἔμεινεν
2433 385 2459 438 ὃ
2498 381 2598 457 ἦν,
2650 379 2981 453 προσέλαϐεν
3015 381 3046 436 6
3092 382 3191 436 οὐκ
3225 378 3312 455 ἧν.
3364 381 3585 453 Ἔμεινε
3616 383 3757 450 Θεὸς

473 474 794 540 nutionem,
844 476 941 530 sed
985 477 1127 532 hanc
1177 477 1341 533 nobis
1392 478 1623 549 gratiam
1669 478 1897 534 faciens.
1949 478 2063 532 Hoc

469 566 617 635 quod
664 577 784 622 erat
834 583 1185 637 permanens,
1218 572 1520 642 assumpsit
1560 572 1709 641 quod
1766 588 1877 626 non
1917 582 2058 626 erat.

472 662 615 715 Deus
644 675 765 715 esse
795 678 903 717 non
939 664 1153 722 destitit
1184 678 1410 737 propter
1450 667 1727 738 propriam
1766 676 2020 721 naturam
2047 685 2060 721 :

470 752 615 821 quod
653 762 836 808 autem
862 765 917 810 tu
951 772 1031 823 es,
1068 758 1120 814 id
1155 759 1333 813 factus
1374 770 1457 815 est
1496 759 1584 815 ille
1633 759 1705 814 ob
1738 774 1893 814 suam
1931 760 1984 813 in
2013 767 2063 815 te

473 844 893 913 benignitatem.
924 847 1001 903 Ne
1045 849 1213 921 igitur
1241 851 1547 905 curationis
1579 850 1804 905 modum
1847 850 1901 904 in
1928 865 2063 905 con-

475 934 760 988 tumeliam
808 947 1029 1005 vertas:
1066 957 1244 1010 neque
1282 941 1623 1011 impropercs
1659 941 1898 1006 medico,
1930 942 1975 995 si
2010 943 2065 996 in

471 1026 724 1095 corporis
759 1027 1071 1085 humilitate
1110 1033 1467 1095 constitutus,
1501 1043 1650 1088 tuam
1686 1043 1948 1102 operatus
1982 1042 2067 1086 est

472 1118 784 1173 sanitatem.
823 1120 943 1175 Non
981 1130 1066 1176 est
1095 1122 1185 1177 illa
1217 1123 1500 1179 humilitas
1550 1123 1741 1193 probri
1785 1124 1929 1189 loco,
1970 1123 2066 1178 sed

473 1209 832 1266 humanitatis
861 1222 1263 1282 argumentum.
1310 1215 1605 1270 Descendit
1646 1214 1715 1270 ad
1751 1223 1824 1280 te,
1861 1231 1971 1269 non
2005 1226 2066 1270 ut

474 1301 529 1354 in
562 1300 921 1358 inferioribus
962 1304 1188 1370 haereat,
1219 1306 1316 1360 sed
1357 1317 1417 1361 ut
1449 1315 1500 1362 te
1530 1308 1596 1362 ad
1633 1323 1692 1364 se
1724 1307 1905 1379 ipsum
1932 1307 2063 1362 sub-

474 1393 658 1448 vehat.
681 1394 759 1449 Ne
777 1394 1041 1452 inficieris
1056 1397 1408 1464 descensum,
1430 1409 1610 1455 utnon
1626 1401 1848 1457 amittas
1871 1417 2063 1456 ascen-

474 1498 595 1537 sum
630 1502 642 1537 :
677 1487 1007 1555 amplectere
1060 1491 1474 1556 contumeliam,
1533 1506 1656 1561 quae
1700 1503 1850 1547 tuam
1900 1509 2065 1563 pepe-

2158 479 2246 533 διά
2274 479 2371 549 τὴν
2404 478 2600 532 ἑαυτοῦ
2634 476 2817 545 φύσιν·
2859 474 3083 543 γέγονεν
3112 476 3251 545 ὅπερ
3278 476 3341 527 σῖ.
3373 475 3462 529 διά
3490 476 3590 547 τὴν
3623 478 3760 547 περὶ

2165 572 2224 624 σὲ
2273 569 2709 642 φιλανθρωπίαν.
2743 568 2835 639 Μὴ
2871 565 2965 622 οὖν
2998 568 3059 620 τὸ
3106 564 3247 630 εἶδος
3285 568 3384 637 τῆς
3428 570 3761 637 ἐπιμελείας

2164 661 2322 733 ὓϐριν
2361 661 2610 735 νομίσῃς·
2664 659 2738 731 μὴ
2774 658 3041 730 όνειδίσῃς
3080 658 3160 730 τῷ
3203 658 3395 730 ἰατρῷ,
3435 662 3482 712 εί
3514 662 3571 712 ἐν
3600 662 3761 714 εὐτε-

2168 753 2289 824 λείᾳ
2326 752 2577 822 σώματος
2614 752 2711 823 τὴν
2756 750 2967 820 ὑγίειαν
3000 752 3313 822 εἰργάσατο.
3349 752 3424 804 Οὐ
3452 753 3560 823 γὰρ
3596 753 3763 823 ὕϐρις

2167 844 2316 913 ἐστὶν
2344 845 2376 916 ὴ
2403 844 2672 910 εὐτέλεια,
2690 843 2824 897 ἀλλά
2840 844 3039 915 δεῖγμα
3062 844 3496 916 φιλανθρωπίας.
3528 846 3761 917 Κατέϐη

2167 938 2303 1010 πρὸς
2334 938 2414 1000 σὲ,
2443 938 2543 1008 οὐχ
2576 936 2664 991 ἵνα
2712 937 2871 1010 μείνῃ
2907 938 3077 1003 κάτω,
3107 937 3221 991 ἀλλ’
3248 937 3335 989 ἴνα
3370 954 3430 990 σε
3460 938 3596 1008 πρὸς
3627 939 3763 989 ἐαυ-

2164 1031 2258 1083 τὸν
2307 1030 2583 1099 ἀναγάγῃ.
2619 1030 2712 1099 Μὴ
2767 1030 2983 1102 ἀρνήσῃ
3031 1030 3131 1099 τὴν
3183 1028 3509 1093 κατάϐασιν,
3552 1028 3641 1081 ἵνα
3677 1029 3761 1098 μὴ

2168 1123 2442 1193 ἀπολέσῃς
2466 1122 2563 1192 τὴν
2588 1121 2853 1176 ἀνάϐασιν
2878 1121 3015 1193 (69)·
3042 1122 3188 1186 δέξαι
3204 1122 3302 1192 τὴν
3335 1120 3515 1193 ὓϐριν,
3536 1122 3635 1192 τὴν
3655 1122 3762 1190 σὴν

2169 1214 2326 1279 δόξαν
2356 1214 2717 1284 γεννήσασαν.
2754 1213 2867 1284 Οὐχ
2897 1212 3151 1284 ὕϐρισται
3178 1212 3360 1281 φύσις,
3385 1212 3502 1265 ἀλλ’
3529 1213 3561 1282 ἡ
3592 1212 3760 1281 χάρις

2170 1306 2422 1377 δωρεῖταί
2458 1322 2540 1358 σοι
2568 1303 2639 1358 τά
2668 1304 2869 1373 ἀγαθά.
2901 1304 2999 1357 Διά
3042 1302 3101 1355 σὲ
3130 1303 3224 1356 τὸν
3256 1302 3579 1375 ὑϐρισμένον
3609 1302 3753 1353 οἰκέο

2170 1416 2269 1470 την
2301 1400 2328 1451 6
2360 1396 2640 1467 Δεσπότης
2679 1395 2980 1465 ὑϐρίζεται.
3014 1395 3096 1449 Τά
3142 1394 3209 1448 σά
3238 1392 3524 1459 ἀνέλαϐεν,
3564 1393 3758 1463 ἐπειδὴ

2171 1493 2236 1546 σὺ
2275 1490 2346 1545 τά
2376 1491 2588 1544 ἐκείνου
2624 1488 2937 1550 κατέλιπες.

476 1579 547 1632 rit
575 1580 826 1650 gloriam.
875 1583 1190 1640 Divinitatis
1223 1594 1421 1641 natura
1451 1588 1660 1642 nullam
1707 1589 2061 1659 ignominiam
2100 1598 2185 1644 est
2217 1601 2506 1659 perpessa;
2553 1584 2727 1656 gratia
2758 1592 2944 1638 autem
3009 1581 3108 1637 tibi
3171 1579 3408 1636 contulit
3463 1577 3758 1645 beneficia,

475 1674 706 1744 Propter
742 1685 793 1730 te
817 1691 1041 1732 servum
1079 1679 1437 1750 ignominiam
1488 1682 1873 1751 promeritum,
1942 1683 2237 1754 ignominia
2272 1681 2507 1737 adicitur
2575 1678 2858 1735 Dominus.
2923 1675 3053 1742 Quae
3109 1684 3201 1729 tua
3243 1681 3372 1728 sunt
3404 1672 3494 1727 ille
3542 1685 3763 1724 assum-

475 1766 603 1836 psit,
641 1768 901 1837 quoniam
929 1776 984 1822 tu
1013 1785 1136 1839 qute
1166 1770 1316 1826 illius
1350 1783 1510 1827 erant
1539 1773 1887 1829 deserueras.

546 1857 633 1912 Ill.
671 1860 783 1913 Nos
811 1876 841 1914 a
862 1860 952 1929 pio
982 1862 1217 1917 Domino
1248 1864 1581 1935 aufugimus,
1626 1866 1969 1937 gratiamque
1999 1867 2062 1922 ab

2247 1864 2322 1916 1".
2365 1860 2780 1933 Ἀπεδράσαμεν
2818 1859 2979 1928 ἡμεῖς
3031 1854 3243 1925 ἀγαθοῦ
3298 1854 3589 1908 Δεσπότου.
3637 1854 3757 1909 οὐκ

476 1950 669 2004 eodem
703 1951 942 2006 oblatam
982 1968 1095 2007 non
1117 1954 1365 2010 tulimus.
1389 1956 1472 2011 Ad
1504 1973 1665 2013 usum
1706 1958 1934 2015 delicias
1964 1974 2060 2028 pa-

478 2041 644 2096 radisi
680 2058 1101 2113 acceperamus;
1136 2047 1234 2101 sed
1270 2049 1448 2119 legem
1491 2050 1781 2116 violantes,
1821 2067 1924 2106 nec
1948 2066 2059 2105 non

478 2134 532 2187 in
552 2134 918 2203 legislatorem
947 2141 1374 2207 praevaricantes
1389 2150 1448 2196 et
1468 2142 1613 2198 hosti
1635 2158 1846 2198 morem
1868 2158 2061 2213 geren-

478 2234 580 2289 tes,
611 2241 679 2280 ex
702 2226 912 2282 honore
944 2231 1272 2286 excidimus.
1298 2233 1358 2286 in
1396 2236 1649 2289 terrestri
1679 2236 1783 2291 hoc
1815 2236 1936 2291 loco
1960 2236 2059 2291 dc-

476 2318 638 2387 gcbat
666 2318 753 2374 ille
776 2318 1058 2390 fugitivus,
1088 2338 1267 2393 neque
1290 2325 1483 2380 oculos
1507 2326 1576 2380 ad
1602 2328 1895 2383 Dominum
1928 2330 2063 2385 sub-

476 2409 727 2474 levabat;
762 2411 1061 2482 voluptatis
1118 2430 1314 2470 sensus
1338 2414 1595 2471 deorsum
1640 2435 1883 2474 mersum
1910 2430 2063 2476 tene.

477 2499 599 2567 bat;
639 2500 756 2571 ipsa
788 2501 871 2557 vis
913 2504 1126 2573 peccati
1159 2506 1407 2561 vinctum
1454 2508 1695 2565 habebat
1732 2510 2056 2582 fugitivum;

477 2592 806 2663 desperabat
834 2610 993 2664 posse
1029 2596 1147 2651 fieri
1194 2608 1256 2653 ut
1291 2599 1532 2655 humana
1560 2610 1716 2657 mens
1740 2604 1912 2658 Deum
1941 2620 2062 2661 sus-

478 2687 705 2756 ciperet.
745 2688 887 2754 Quid
929 2691 1100 2760 ergo?
1134 2691 1411 2762 Numquid
1459 2710 1579 2749 mea
1628 2696 1856 2752 tarditas
1888 2698 2061 2754 Deum

478 2778 865 2845 pulcherrima:
905 2778 1070 2850 hujus
1099 2782 1463 2851 possessionis
1486 2798 1609 2853 qua;
1648 2785 1814 2840 homo
1843 2795 1947 2853 est,
1980 2789 2063 2860 ja-

479 2874 635 2921 ctura
667 2866 904 2922 adiciet?
931 2868 1124 2924 Absit:
1153 2886 1501 2942 nequaquam
1522 2876 1670 2930 enim
1690 2875 1744 2930 id
1778 2877 2063 2935 universo-

481 2970 601 3008 rum
647 2955 792 3019 Deus
822 2964 906 3011 est
940 2972 1150 3025 passus.
1190 2959 1355 3016 Nefas
1399 2963 1549 3018 enim
1575 2974 1698 3019 erat
1738 2974 1800 3020 ut
1826 2966 2062 3023 'invidia

480 3045 709 3114 gratiam
762 3046 980 3100 Domini
1019 3059 1343 3117 superaret:
1386 3053 1483 3107 sed
1522 3070 1704 3124 neque
1738 3055 1969 3113 decebat
2002 3069 2064 3117 ut

481 3137 576 3193 Dei
610 3138 814 3193 donum
854 3138 1070 3194 insidiis
1107 3140 1315 3197 diaboli
1338 3143 1613 3199 devictum
1641 3147 1883 3204 cederet.
1920 3151 2063 3218 Quid

2161 1956 2483 2027 ἠνέγκαμεν
2521 1952 2620 2024 τὴν
2634 1951 2783 2022 παρά
2817 1949 2912 2003 τοῦ
2935 1946 3213 2003 Δεσπότου
3236 1943 3527 2017 δεδομένην
3564 1946 3757 2017 χάριν.

2162 2047 2307 2119 Πρὸς
2340 2045 2531 2118 χρείαν
2580 2045 2680 2114 τὴν
2723 2041 3025 2097 ἀπόλαυσιν
3053 2039 3149 2092 τοῦ
3197 2038 3527 2109 παραδείσου
3555 2036 3757 2092 9.6.60-

2165 2155 2286 2210 μεν·
2302 2137 2395 2192 τὸν
2417 2136 2578 2207 νόμον
2601 2131 3058 2206 παρετρώσαμεν·
3077 2131 3170 2185 τὸν
3191 2129 3489 2200 νομοθέτην
3508 2128 3755 2200 παρέϐη-

2165 2247 2284 2301 μεν·
2318 2229 2396 2298 τῷ
2436 2226 2616 2298 ἐχθρῷ
2640 2223 2994 2294 ἐπείσθημεν·
3016 2221 3359 2290 ὲξεπέσαμεν
3392 2220 3505 2291 (70)
3538 2221 3642 2290 τῆς
3670 2239 3753 2273 τι-

2165 2326 2291 2394 μῆς·
2330 2324 2409 2385 είς
2436 2320 2527 2375 τὸν
2552 2318 2830 2391 περίγειον
2855 2316 3019 2370 τόπον
3049 2318 3077 2369 6
3104 2314 3379 2387 δραπέτης
3405 2313 3617 2383 διῆγεν·
3647 2316 3753 2367 οὐκ

2161 2417 2417 2470 ἀνένευσε
2434 2415 2485 2485 (7
2497 2414 2545 2485 ι)
2560 2412 2696 2483 πρὸς
2710 2412 2802 2465 τὸν
2828 2409 3171 2480 Δεσπότηνυὴ
3188 2407 3351 2478 ἡδονὴ
3362 2407 3516 2460 κάτω
3524 2407 3751 2474 κατεῖχε

2161 2509 2251 2561 τὸν
2282 2506 2498 2576 φυγάδα
2517 2524 2531 2538 ·
2579 2506 2613 2576 ἡ
2642 2504 2889 2575 ἁμαρτία
2936 2498 3224 2571 δεσμώτην
3254 2498 3379 2569 έσχε
3408 2496 3499 2550 τὸν
3534 2497 3747 2565 δραπέ-

2161 2615 2280 2669 την·
2337 2596 2561 2665 ἀπέγνω
2607 2597 2707 2667 τῆς
2753 2593 2912 2666 ἡμῶν
2943 2592 3201 2657 διανοίας,
3236 2590 3312 2653 ὼς
3349 2590 3411 2642 οὺ
3442 2588 3751 2659 δυναμένης

2164 2690 2460 2745 ἀνανεῦσαι
2488 2688 2625 2760 πρὸς
2653 2688 2743 2742 τὸν
2766 2688 2920 2741 Θεόν.
2971 2684 3037 2739 Τί
3066 2680 3198 2751 οῦν;
3237 2684 3271 2753 ἡ
3312 2682 3420 2753 ἐμὴ
3473 2680 3748 2752 βραδύτης

2165 2780 2436 2853 ζημιώσει
2472 2780 2607 2834 Θεδν
2650 2779 2710 2833 τὸ
2743 2777 3030 2833 κάλλιστον
3078 2779 3265 2847 κτῆμα
3288 2775 3381 2828 τὸν
3414 2773 3741 2843 ἀνθρωπονς

2179 2874 2318 2927 Ἀλλ’
2337 2875 2437 2927 οὐκ
2464 2873 2728 2943 ἠνέσχετο
2753 2870 2940 2924 τοῦτον
2976 2868 3086 2939 (72)
3110 2869 3138 2920 6
3162 2866 3271 2920 τῶν
3284 2867 3423 2921 ὅλων
3437 2864 3585 2929 Θεός.
3606 2866 3744 2917 Οὐδὲ

2164 2964 2274 3036 γὰρ
2313 2964 2419 3017 ἔδει
2463 2963 2656 3033 φθόνον
2702 2961 2924 3031 κρατεῖν
2971 2954 3314 3023 Δεσποτικῆς
3346 2953 3586 3024 χάριτος·
3619 2950 3744 3003 οὐδὲ

2163 3055 2262 3127 τὴν
2291 3053 2387 3108 τοῦ
2427 3052 2563 3108 Θεοῦ
2586 3051 2797 3124 δωρεὰν
2825 3051 2930 3104 ἔδει
2961 3047 3217 3102 νικᾶσθαι
3257 3045 3361 3099 ὑπὸ
3388 3045 3490 3113 τῆς
3523 3042 3747 3096 ἐπιϐου-

2163 3149 2261 3218 λῆς
2290 3148 2383 3202 τοῦ
2416 3146 2685 3199 διαϐόλου.
2714 3134 2779 3196 Τί
2812 3139 2904 3197 οῦν
2927 3143 2957 3195 6
2985 3138 3261 3209 Δεσπότης
3283 3139 3466 3203 meai;
3495 3134 3747 3206 Παραγε-

481 3228 649 3299 igitur
678 3228 948 3285 Dominus
984 3229 1153 3285 facit?
1185 3232 1345 3288 Venit
1384 3234 1454 3289 ad
1495 3234 1786 3307 fugitivum
1815 3258 1827 3293 :
1871 3256 2062 3299 servus

2166 3258 2315 3296 νεται
2346 3240 2482 3310 πρὸς
2510 3239 2602 3291 τὸν
2627 3235 2922 3308 δραπέτην·
2957 3235 2985 3285 6
3024 3232 3135 3304 γὰρ
3155 3230 3340 3293 δοῦλος
3368 3228 3503 3299 πρὸς
3536 3229 3747 3280 ἐκεῖνον

481 3320 628 3376 enim
654 3321 721 3376 ad
756 3321 935 3392 ipsum
966 3323 1157 3378 venire
1182 3340 1293 3379 non
1327 3335 1564 3396 poterat.
1599 3327 1828 3385 Accedit
1856 3332 1925 3388 ad
1948 3349 2064 3389 ser-

484 3428 609 3466 vum
631 3428 740 3467 non
770 3414 1056 3484 majestate
1091 3415 1271 3481 herili,
1308 3433 1419 3473 non
1452 3422 1773 3491 angelorum
1808 3414 2063 3482 satellitia

482 3502 853 3572 praemittens,
895 3518 1007 3558 non
1046 3505 1500 3577 archangelorum
1547 3510 1845 3585 phalanges
1889 3516 2061 3584 ciens,

481 3608 591 3647 non
630 3592 818 3663 igneos
859 3593 1051 3663 globos
1094 3597 1342 3663 vibrans,
1398 3616 1508 3655 non
1550 3604 1826 3660 elementa
1857 3623 2063 3663 concu-

484 3684 631 3738 tiens
697 3683 823 3753 (hoc
866 3686 1016 3740 enim
1066 3697 1213 3752 erat,
1258 3688 1439 3746 facere
1477 3700 1537 3746 ut
1582 3693 1846 3765 fugitivus
1885 3697 2064 3753 domi-

485 3788 616 3829 num
651 3773 1039 3830 advenientem
1060 3774 1364 3849 fugitarct);
1398 3780 1493 3835 sed
1530 3780 1603 3837 ita
1632 3785 1864 3853 accedit,
1893 3798 1953 3843 ut
1973 3788 2063 3843 fu-

485 3865 715 3937 gitivum
748 3866 946 3935 capiat,
979 3869 1370 3940 propriamque
1400 3875 1804 3941 possessionem
1835 3894 2066 3951 recupe-

485 3964 588 4010 ret.
622 3956 741 4011 Non
779 3957 927 4013 enim
958 3974 1057 4028 per
1086 3959 1359 4017 visibilem
1397 3964 1638 4034 speciem
1677 3967 1829 4023 illum
1856 3970 2060 4042 abigit;

486 4046 581 4101 sed
615 4061 862 4116 persona).
899 4047 1209 4104 humilitate
1246 4050 1312 4105 ad
1341 4050 1773 4112 familiaritatem
1797 4067 1852 4114 et
1877 4061 2065 4116 amici-

487 4137 618 4191 tiam
660 4146 922 4206 provocat
968 4156 980 4189 :
1022 4138 1255 4194 eﬂicitur
1305 4156 1609 4201 conservus
1635 4187 1650 4212 ,
1693 4158 1755 4204 ut
1805 4150 2065 4210 dominus

485 4224 781 4282 dcclareris
816 4225 948 4297 (68).
1864 4290 1871 4295 ,

556 4318 641 4372 IV.
680 4318 910 4388 Propter
936 4317 1040 4373 hoc
1063 4320 1209 4373 enim
1249 4336 1478 4393 magnus
1512 4324 1602 4381 ille
1649 4328 1945 4397 Apostolus
1975 4332 2061 4387 di-

480 4408 596 4483 cit:
643 4428 660 4460 ι
692 4409 805 4464 Hoc
832 4409 1033 4464 sentite
1069 4410 1124 4464 in
1156 4413 1330 4479 vobis,
1374 4416 1521 4485 quod
1543 4426 1599 4473 et
1632 4419 1687 4474 in
1718 4420 1938 4478 Christo
1969 4424 2063 4480 Je-

485 4517 550 4558 su
583 4501 649 4555 3‘.
686 4521 704 4552 ι
740 4501 925 4556 Jesum
958 4501 1049 4557 hic
1068 4513 1245 4560 vocat.
1273 4505 1390 4571 Dic,
1421 4524 1628 4578 quaeso,
1665 4513 1829 4582 quale
1860 4530 2063 4571 nomen

2168 3330 2303 3384 ἰέναι
2330 3331 2432 3383 οὐκ
2464 3328 2725 3400 ἠδύνατο·
2778 3325 3143 3396 παραγίνεται
3178 3321 3315 3394 πρὸς
3358 3320 3450 3373 τὸν
3501 3318 3741 3385 οἰκέτην,

2164 3422 2264 3477 οὐκ
2307 3422 2363 3475 ὲν
2399 3419 2668 3489 ἀξιώματι
2712 3414 3036 3484 δεσποτικιῖν
3078 3412 3180 3466 οὐκ
3224 3410 3471 3479 ἀγγέλων
3510 3409 3741 3479 δορυφο-

2169 3517 2289 3586 ρίαν
2320 3510 2796 3587 προαποστέλλων·
2822 3510 2922 3563 οὐκ
2947 3504 3300 3580 ἀρχαγγέλων
3325 3504 3484 3555 κινῶν
3510 3502 3609 3561 τὰς
3635 3500 3747 3566 φά-

2164 3609 2395 3677 λαγγας·
2425 3606 2487 3659 οὐ
2518 3603 2627 3675 πῦρ
2656 3602 2839 3657 κινῶν·
2880 3602 2942 3655 οὐ
2980 3601 3225 3669 στοιχεῖα
3270 3593 3503 3650 σαλεύων
3539 3589 3745 3660 (τοῦτο

2165 3699 2272 3770 γὰρ
2290 3694 2357 3768 ἦν
2389 3697 2602 3767 φυγάδα
2627 3696 2850 3765 ποιῆσαι
2876 3693 2966 3746 τὸν
2988 3690 3310 3764 δραπέτην)·
3343 3684 3475 3741 ἀλλά
3500 3684 3741 3756 παραγί-

2165 3807 2336 3854 νεται,
2378 3788 2646 3859 ἀγρεῦσαι
2684 3787 2774 3839 τὸν
2822 3784 3033 3856 φυγάδα
3066 3781 3410 3853 βουλόμενος,
3445 3776 3747 3845 κατασχεῖν

2165 3881 2224 3935 τὸ
2254 3882 2381 3934 ἴδιον
2415 3880 2603 3951 κτῆμα
2637 3878 2823 3933 θέλων·
2867 3878 2929 3931 οὐ
2969 3875 3118 3930 σοϐεῖ
3140 3873 3218 3943 τῷ
3248 3872 3577 3942 φαινομένῳ,
3605 3867 3747 3923 ἀλλὰ

2166 3973 2302 4044 πρὸς
2340 3973 2561 4043 ὁμιλίαν
2585 3972 2896 4025 ἐκκαλεῖται
2929 3970 2994 4038 τῇ
3030 3964 3277 4036 εὐτελείᾳ
3300 3962 3391 4016 τοῦ
3417 3959 3743 4032 προσώπου·

2164 4066 2372 4135 γίνεται
2391 4062 2696 4127 σύνδουλος,
2719 4062 2807 4115 ἴνα
2840 4057 3129 4130 ἀναδειχθῇ
3171 4058 3285 4127 (75)
3315 4054 3581 4121 δεσπότης
3602 4049 3744 4121 (74).

2238 4332 2312 4385 Δ’.
2337 4328 2435 4382 Διά
2480 4326 2643 4380 τοῦτο
2665 4324 2774 4396 γὰρ
2802 4325 2897 4378 καὶ
2938 4323 2968 4377 6
3004 4321 3177 4394 μέγας
3224 4316 3545 4379 ’Δπόστολος
3567 4314 3742 4380 ἔλεγε·

2172 4443 2189 4476 ι
2222 4421 2393 4475 Τοῦτο
2421 4418 2724 4491 φρονείσθω
2747 4418 2804 4470 ὲν
2836 4417 2988 4487 ὑμῖν,
3017 4414 3045 4468 6
3068 4415 3162 4468 ml.
3189 4414 3247 4466 ὲν
3271 4410 3490 4483 Χριστῷ
3504 4406 3739 4477 Ἰησοῦ.»

2180 4512 2387 4583 Ἰησοῦν
2428 4509 2663 4565 ἐνταῦθα
2702 4509 2874 4577 λέγει.
2920 4507 3079 4573 Εἰπὲ,
3120 4504 3244 4558 τίνα
3284 4504 3318 4573 ὴ
3366 4502 3550 4572 μήτηρ
3589 4497 3747 4549 ἔθετο

484 4600 658 4648 mater
711 4591 903 4647 infanti
954 4593 1185 4649 indidit?
1243 4615 1260 4649 ι
1289 4597 1552 4665 Vocabis,
1589 4601 1810 4672 inquit,
1860 4610 2062 4661 nomen

2168 4606 2264 4677 τὴν
2291 4602 2665 4675 προσηγορίαν
2693 4600 2769 4671 τῷ
2798 4599 3027 4669 βρέφει;
3065 4614 3084 4648 ι
3118 4594 3384 4655 Καλέσεις
3410 4590 3540 4661 γὰρ,
3582 4586 3745 4657 φησὶ,

483 4685 605 4757 ejus
642 4685 829 4741 Jesum
863 4687 929 4738 ⁸⁸.
959 4703 977 4736 ι
1016 4686 1121 4742 Ubi
1150 4697 1237 4742 est
1269 4688 1363 4759 qui
1398 4689 1679 4748 Christum
1711 4695 1928 4761 dividit,
1966 4700 2061 4768 qui

2165 4697 2223 4751 τὸ
2258 4697 2429 4766 ὄνομα
2466 4694 2630 4748 αὐτοῦ
2682 4690 2913 4762 Ἰησοῦν.
2959 4709 2979 4743 ι
3034 4687 3143 4742 Ποῦ
3185 4688 3214 4740 6
3244 4682 3469 4754 διαιρῶν
3491 4681 3581 4733 τὸν
3608 4680 3748 4749 Χρι-

483 4787 734 4832 nostrum
770 4777 877 4833 hoc
910 4778 1231 4849 mysterium
1268 4780 1336 4835 ad
1378 4782 1786 4857 homonymiam
1818 4789 2064 4861 redegit?

484 4878 674 4940 utpote
721 4885 891 4925 unum
942 4869 1222 4926 Christum
1267 4874 1592 4939 nominans,
1634 4893 1693 4932 re
1728 4878 1843 4949 ipsa
1878 4891 2062 4937 autem

482 4962 623 5017 duos
657 4977 896 5032 ponens;
936 4964 1168 5018 alterum
1203 4979 1445 5032 servum,
1474 4967 1711 5023 alterum
1747 4971 2060 5041 dominum;

484 5054 721 5109 alterum
745 5054 1049 5126 patibilem,
1074 5056 1307 5112 alterum
1334 5056 1731 5127 impatibilem?
1754 5062 1895 5129 Quid
1931 5081 2061 5134 pro-

486 5146 599 5200 ficit
626 5162 733 5201 una
770 5148 1083 5218 appellatio,
1112 5148 1206 5203 ubi
1236 5148 1359 5205 dum
1394 5165 1484 5205 res
1521 5155 1838 5221 ponuntur?
1868 5174 1887 5206 ο
1922 5156 2058 5221 Hoc,

487 5236 684 5307 inquit,
721 5240 922 5294 sentite
958 5239 1016 5296 in
1046 5239 1221 5305 vobis,
1257 5240 1403 5310 quod
1436 5250 1490 5295 et
1513 5241 1568 5296 in
1602 5242 1821 5300 Christo
1848 5246 1997 5302 Jesu.
2038 5269 2057 5300 ι

554 5347 596 5377 ⁸¹
634 5348 867 5417 Philipp.
898 5365 955 5413 ιι,
991 5348 1044 5402 5.
1122 5350 1167 5380 '"
1203 5348 1334 5403 Luc.
1368 5368 1413 5413 ι,
1438 5350 1555 5427 51.

583 5458 669 5517 68)
704 5460 1039 5516 Declaretur.

585 5528 672 5599 es)
710 5529 807 5599 Ms.
835 5529 957 5599 Seg.
986 5530 1185 5585 ἄνοδον.

588 5596 672 5668 70)
705 5596 1079 5668 Ὲξεπέσομεν.

586 5667 644 5719 Ἠ
656 5672 673 5737 )
703 5666 969 5721 Ἀνένευε.

2164 4789 2321 4855 στόν;
2359 4784 2461 4840 ποῦ
2497 4787 2526 4840 ό
2548 4784 2609 4837 τὸ
2641 4783 2934 4855 μυστήριον
2962 4779 3117 4851 ἡμῶν
3149 4774 3471 4849 ὁμωνυμίαν
3501 4770 3755 4860 ὲργασὰι

2166 4898 2323 4952 μενος
2346 4896 2361 4945 ;
2409 4877 2503 4931 καὶ
2529 4876 2766 4948 Χριστὸν
2803 4875 2903 4946 μὲν
2930 4873 3028 4927 ἕνα
3056 4871 3251 4941 λέγων,
3286 4868 3382 4923 δύο
3408 4868 3466 4920 δὲ
3490 4864 3745 4920 intonet-‘1‘

2168 4985 2346 5039 μενος·
2370 4969 2462 5021 τὸν
2494 4967 2592 5038 μὲν
2619 4964 2827 5029 δοῦλον,
2856 4963 2950 5017 τὸν
2988 4961 3046 5015 δὲ
3086 4960 3373 5030 δεσπότην·
3398 4956 3491 5009 τὸν
3522 4954 3620 5025 μὲν
3642 4952 3751 5005 πά·

2167 5078 2381 5133 σχοντα,
2407 5059 2500 5114 τὸν
2532 5058 2588 5112 δὲ
2618 5056 2692 5129 μὴ
2722 5056 3033 5126 πάσχοντα;
3064 5051 3158 5116 Τίς
3198 5052 3232 5122 ἡ
3258 5050 3447 5145 ὄνησις
3470 5045 3751 5145 τῆς-μιᾶς

2166 5152 2569 5225 προσηγορίας,
2614 5151 2709 5205 δύο
2760 5149 3032 5221 κειμένων
3070 5144 3447 5236 πραγμάτωνς
3502 5139 3753 5236 ιῃΤοῦτο

2168 5245 2472 5317 φρονείσθω
2497 5246 2556 5299 ὲν
2584 5244 2735 5315 ὑμῖν,
2760 5243 2789 5296 ὃ
2805 5242 2902 5297 καὶ
2921 5243 2979 5297 ὲν
3000 5237 3222 5312 Χριστῷ
3248 5231 3448 5308 Ἰησοῦ.
3474 5250 3495 5286 ι
3535 5228 3761 5302 Ἰησοῦν

2268 5467 2349 5537 72)
2384 5464 2574 5520 Τοῦτο.

2268 5468 2349 5537 72)
2384 5468 2574 5520 Τοῦτο.

2237 5468 2347 5657 ἒ75ζ
2384 5536 2753 5636 ’.Λναδειχθῇᾳ

2260 5608 2325 5657 74
2408 5609 2454 5657 ll
2488 5606 2753 5657 δεσποτεία

2260 5606 2345 5661 Ml
2392 5607 2454 5661 ἸΙ
2488 5606 2792 5660 δεσποτεία.
