4048 6210
341 256 489 318 ,1⁸589

1234 247 1515 306 HOMILIA
1552 249 1639 305 IV.
1682 247 1750 304 IN
1792 248 1850 304 S.
1887 244 2240 302 DEIPARAM
2279 244 2367 299 ET
2406 241 2780 302 SIMEONEM.

3471 247 3492 302 ί
3505 247 3606 304 59-0

349 373 500 441 λέγει
530 367 720 424 τοῦτον
753 366 845 422 τὸν
891 364 1199 438 ὁρώμενον,
1261 365 1321 420 ὃν
1369 366 1541 430 οὕτως
1590 349 1850 420 ἐκάλεσεν
1893 365 1965 434 ἡ⁴

2046 361 2215 416 Iesum
2239 360 2488 416 nominat
2520 359 2615 430 qui
2645 359 2994 424 cernebatur,
3033 360 3122 415 cui
3145 359 3310 432 Virgo
3339 360 3396 416 id
3431 367 3610 418 nomi-

353 463 649 535 Παρθένος.
695 459 868 514 Τοῦτο
900 457 1166 530 φρονείτω
1211 457 1443 522 ἕκαστος
1494 461 1553 512 ὲν
1582 460 1736 530 ἡμῖν,
1770 457 1799 511 ὃ
1831 455 1926 510 καὶ

352 555 409 607 ὲν
440 551 659 624 Χριστῷ
705 547 900 619 Ἰησοῦ.
937 549 1002 601 Τί
1031 547 1139 618 γὰρ
1165 549 1548 620 ὲφρονήσαμεν
1609 549 1668 600 ὲν
1706 544 1929 619 Χριστῴ

365 645 576 716 Ἰησοῦς
616 661 634 694 ι
655 642 753 704 ὐς
771 641 829 692 ἐν
858 641 1038 711 μορφῇ
1055 637 1190 692 Θεοῦ
1211 639 1491 709 ὑπάρχων,
1513 638 1611 708 οὐχ
1635 637 1929 708 ἁρπαγμὸν

351 737 597 808 ἡγήσατο
623 732 684 785 τὸ
717 726 856 785 εἶναι
885 730 975 783 ἴσα
1013 728 1152 800 Θεῷ.
1188 748 1208 782 ι
1241 730 1306 782 Τί
1349 731 1466 781 ἐστι
1507 728 1566 781 τὸ
1595 728 1926 798 λεγόμενον;

363 826 421 878 '0
453 824 513 889 ἐξ
568 822 830 894 ἁρπαγῆς
874 821 1192 892 ἐλευθερίαν
1233 819 1434 884 λαϐὼν,
1484 819 1638 873 οὐδὲν
1684 819 1930 872 δουλικὸν

350 915 636 987 ὑπομένει,
671 914 757 967 ἵνα
790 914 866 985 μὴ
898 912 1186 984 πρόκριμα
1209 915 1273 987 τῇ
1297 911 1581 981 ἐλευθερίᾳ
1610 911 1833 982 ποιήσῃ,
1864 908 1929 962 Τί

347 980 665 1073 οὖν-αὐτός
711 980 1062 1076 Ἐπειδὴ-τῇ-
1083 980 1550 1074 (ῥύσει-Δεσπότης
1575 996 1667 1074 ἦν,
1709 980 1809 1070 orbi
1832 1000 1932 1072 ἀρ·

353 1097 572 1168 παγμδν
597 1097 844 1167 ἡγήσατο
871 1095 934 1148 τὸ
967 1090 1107 1149 εἶναι
1149 1093 1237 1147 ῐσα
1260 1093 1396 1163 Θεῷ.
1429 1091 1503 1145 Τὸ
1529 1090 1635 1163 γὰρ
1669 1093 1768 1162 τῆς
1791 1091 1934 1144 οίκο-

353 1189 548 1259 νομίας
594 1188 747 1242 οὐδὲν
791 1185 989 1257 ἔϐλαψε
1031 1186 1131 1258 τὴν
1170 1183 1422 1256 θεότητα.
1463 1201 1481 1236 ι
1516 1185 1612 1247 ’ος
1651 1184 1709 1236 ἔν
1750 1183 1930 1253 μορφῇ

354 1278 489 1333 Θεοῦ
529 1279 813 1350 ὑπάρχων,
840 1277 940 1347 οὐχ
974 1276 1268 1348 ἁρπαγμὸν
1305 1275 1551 1346 ἡγήσατο
1581 1273 1642 1328 τὸ
1671 1267 1811 1327 εἴναι
1841 1275 1934 1327 ῐσα

350 1371 498 1443 Θεῷ,
531 1371 648 1428 ἀλλ’
680 1370 877 1426 ἑαυτὸν
906 1369 1164 1436 ὲκένωσε,
1195 1367 1412 1440 μορφὴν
1449 1366 1638 1422 δούλου
1669 1365 1870 1422 λαϐών.
1908 1384 1928 1418 ι

354 1680 356 1682 τ
428 1645 507 1701 E'.
532 1643 670 1698 Εἰπέ
687 1660 776 1716 μοι
803 1643 901 1715 τὴν
923 1641 1019 1698 τοῦ
1043 1640 1384 1712 Μονογενοῦς
1400 1641 1651 1697 κένωσιν.
1667 1642 1730 1696 El
1755 1641 1830 1713 μὴ
1867 1641 1936 1697 τὰ

2028 452 2116 509 nis
2143 453 2498 523 imposuerat.
2527 452 2641 506 Hoc
2661 451 2844 521 quivis
2891 450 2947 504 in
2994 467 3052 505 se
3098 453 3318 519 sentiat,
3357 453 3506 524 quod
3530 463 3616 510 est

2031 544 2087 600 in
2119 545 2345 602 Christo
2373 546 2524 602 Jesu.
2570 544 2712 611 Quid
2755 559 2888 615 ergo
2925 545 2980 598 in
3015 544 3238 600 Christo
3270 546 3400 602 Jesu
3429 549 3618 604 sensi-

2030 637 2197 693 mus?
2229 635 2436 706 Nempe
2457 634 2626 705 quod,
2676 653 2693 687 ι
2723 650 2848 690 cum
2875 634 2931 688 in
2963 634 3138 689 forma
3167 635 3263 690 Dei
3301 644 3467 702 esset,
3503 652 3615 692 non

2032 728 2281 800 rapinam
2324 727 2625 782 arbitratus
2669 734 2750 782 est
2791 742 2849 782 se
2878 727 2990 781 Deo
3036 742 3157 782 esse
3201 728 3468 798 aequalem
3490 728 3556 782 ⁸⁸.
3593 749 3610 779 ι

2029 819 2175 887 Quid
2205 830 2289 876 est
2325 819 2473 890 quod
2506 818 2748 874 dicitur?
2794 817 2940 874 Sane
2988 819 3082 888 qui
3118 834 3217 890 per
3261 819 3511 888 rapinam
3552 819 3622 873 li-

2032 911 2244 968 bertate
2271 913 2504 983 potitur,
2540 911 2680 966 nihil
2701 912 2902 967 servile
2927 913 3041 982 pati
3071 906 3328 978 stistinet,
3361 929 3430 969 ne
3450 913 3624 967 liber-

2037 1003 2133 1058 tati
2167 1003 2391 1073 aliquod
2442 1002 2824 1074 prmjudicium
2861 1015 3106 1074 generet.
3143 1003 3287 1072 Quid
3326 1019 3456 1075 ergo
3490 1004 3616 1058 ille!

2033 1094 2304 1162 Quoniam
2332 1106 2528 1150 natura
2563 1095 2828 1150 Dominus
2861 1103 2998 1160 erat,
3038 1111 3148 1149 non
3183 1096 3432 1166 rapinam
3471 1095 3618 1150 arbi-

2037 1192 2215 1241 tratus
2267 1193 2374 1249 est,
2423 1201 2544 1240 esse
2584 1200 2646 1240 se
2690 1185 2959 1255 aequalem
3000 1186 3131 1240 Deo.
3179 1185 3618 1258 Dispensationis

2033 1279 2182 1333 enim
2219 1278 2541 1350 mysterium
2577 1278 2919 1334 divinitatem
2965 1293 3077 1333 non
3109 1279 3268 1335 laesit.
3317 1299 3333 1332 ι
3361 1279 3617 1347 Quicum

2037 1371 2094 1426 in
2145 1370 2319 1426 forma
2355 1370 2451 1426 Dei
2501 1379 2666 1436 esset,
2714 1386 2826 1425 non
2873 1371 3118 1441 rapinam
3190 1371 3489 1428 arbitratus
3536 1384 3616 1429 est

2035 1477 2159 1518 esse
2190 1478 2250 1518 se
2285 1464 2550 1533 aequalem
2586 1463 2719 1528 Deo,
2749 1463 2844 1518 sed
2901 1463 3258 1535 semetipsum
3295 1463 3618 1530 exinanivit,

2038 1555 2269 1610 formam
2301 1555 2446 1610 servi
2479 1555 2754 1625 accipiens
2774 1553 2842 1609 ⁸³.
2879 1574 2898 1608 ι

2111 1646 2174 1701 V.
2216 1645 2463 1716 Explana
2499 1645 2635 1700 mihi
2675 1645 2956 1718 Unigeniti
2987 1646 3440 1703 exinanitionem.
3477 1646 3625 1713 Quo-

357 1708 964 1806 deantva'dmvﬂs,
987 1734 1090 1789 ποῦ
1118 1708 1360 1805 ἐκενώθη
1387 1751 1402 1800 ;
1433 1733 1562 1787 ὅταν
1587 1733 1645 1786 δὲ
1667 1708 1934 1802 λέγωνπε-

2046 1737 2206 1792 modo
2237 1738 2386 1792 enim
2417 1752 2476 1792 se
2511 1737 2833 1800 exinanivit,
2890 1737 2936 1792 si
2978 1737 3217 1791 humana
3248 1753 3357 1792 non
3394 1752 3620 1809 perpes-

355 1827 613 1882 mveévat
631 1826 782 1892 Θεὸν,
802 1826 1082 1896 φυλάττων
1096 1827 1194 1896 τὴν
1207 1826 1368 1896 φύσιν
1379 1823 1562 1896 ἀπαθῆ
1581 1824 1744 1893 λέγω·
1762 1824 1937 1888 πάθος

359 1922 470 1994 γὰρ
499 1921 737 1992 περιῆψε
773 1919 914 1992 Θεῷ,
951 1921 1012 1974 οὺ
1034 1920 1198 1990 φύσις
1227 1917 1466 1988 παθητὴ,
1487 1917 1622 1972 ἀλλὰ
1655 1917 1791 1990 πρὸς
1824 1917 1937 1990 (75)

358 2011 421 2066 τὸ
483 2010 724 2083 παθητὸν
784 2010 997 2074 ἕνωσις.
1042 2007 1260 2080 Ἐπειδὴ
1305 2009 1413 2079 γὰρ
1468 2009 1496 2061 ό
1557 2006 1940 2080 φιλάνθρωπος

363 2102 640 2174 Δεσπότης
663 2101 1020 2173 συμπαθῆσαι
1045 2099 1342 2172 προσέθετο
1361 2098 1471 2172 (76)
1500 2098 1578 2169 τῷ
1602 2101 1808 2172 οἰκέτῃ,
1826 2097 1940 2171 εἶχε

358 2194 418 2249 δὲ
438 2193 536 2266 τὴν
573 2192 736 2264 φύσιν
762 2192 970 2262 ἀπαθῆ,
1015 2191 1223 2254 ὲνώσας
1266 2189 1444 2260 ἑαυτῷ
1475 2189 1540 2243 τὸ
1563 2189 1821 2260 παθητὸν,
1851 2191 1942 2244 τὸν

361 2284 570 2339 σκοπὸν
611 2283 1025 2353 ἀνεπλήρωσεν.
1078 2281 1236 2336 Οὕτω
1274 2281 1651 2352 παραγέγονεν
1683 2281 1712 2333 ὁ
1740 2283 1944 2335 Δεσπό-

361 2393 482 2449 της·
515 2375 688 2439 οὕτως
724 2377 927 2441 ἐπέστη
952 2373 1030 2445 τῷ
1077 2373 1296 2443 φυγάδι·
1339 2374 1414 2438 ὡς
1445 2373 1724 2438 σύνδουλος
1755 2373 1944 2443 φαινό-

369 2485 550 2538 μενος,
581 2467 676 2522 καὶ
719 2467 796 2531 ὡς
846 2465 1117 2535 δεσπότης
1147 2465 1474 2537 εὐεργετῶνο
1517 2465 1731 2539 μορφὴν
1756 2467 1943 2520 δούλου

364 2555 600 2620 δεικνὺς,
633 2554 725 2608 καὶ
750 2553 909 2626 χάριν
939 2553 1204 2608 δεσπότου
1232 2554 1613 2626 χαριζόμενος*
1644 2556 1847 2611 πεινῶν
1869 2555 1947 2620 ὡς

366 2646 575 2710 δοῦλος,
607 2645 699 2700 καὶ
731 2646 928 2718 ἄρτους
981 2645 1244 2717 πηγάζων
1277 2647 1352 2711 ὡς
1408 2647 1558 2712 Θεός·
1610 2649 1820 2703 κοπιῶν
1869 2648 1945 2712 ὠς

368 2737 674 2810 ἄνθρωπος,
700 2739 795 2792 καὶ
809 2738 902 2792 ἐπὶ
920 2737 1088 2792 νώτου
1123 2739 1400 2808 θαλάσσης
1431 2739 1660 2808 βαδίζων
1691 2740 1766 2803 ὡς
1791 2740 1944 2802 Θεόςο

365 2830 831 2901 ὑποστελλόμενος
863 2829 955 2883 τὸν
989 2829 1220 2899 σταυρὸν
1268 2829 1342 2892 ὡς
1369 2829 1674 2898 ἄνθρωπος·
1705 2831 1801 2884 καὶ
1837 2829 1946 2902 γὰρ

368 2923 483 2985 τοῖς
509 2920 736 2976 πάθεσιν
769 2919 1060 2974 ὲπιστοῦτο
1087 2921 1146 2974 τδ
1185 2921 1529 2991 φαινόμενον,
1557 2921 1652 2974 καὶ
1683 2922 1794 2982 τοῖς
1819 2920 1950 2976 θαύ-

2037 1829 2171 1884 sus?
2196 1829 2585 1885 Verumtamen
2609 1844 2734 1883 cum
2761 1830 2933 1884 Deum
2959 1845 3182 1899 passum
3206 1828 3464 1890 dicimus,
3485 1844 3626 1884 sem-

2046 1937 2145 1992 per
2196 1930 2454 1976 naturam
2503 1920 2652 1977 illius
2695 1935 2725 1974 a
2766 1921 3021 1991 passione
3053 1920 3366 1976 eximimus.
3408 1920 3627 1976 Etenim

2045 2030 2158 2070 non
2183 2022 2380 2070 natura
2415 2014 2714 2086 passibilis,
2746 2015 2843 2070 sed
2887 2014 3020 2068 unio
3045 2013 3114 2069 ad
3140 2013 3195 2068 id
3222 2013 3370 2083 quod
3395 2013 3508 2083 pati
3533 2029 3631 2084 po-

2042 2114 2206 2171 terat,
2263 2107 2436 2161 Deum
2479 2106 2764 2176 patibilem
2811 2105 2997 2160 eli'ecit
3055 2105 3134 2174 (in
3182 2113 3436 2160 naturam
3480 2104 3629 2158 enim

2045 2199 2195 2256 illius
2246 2199 2430 2270 passio
2452 2198 2606 2253 nulla
2657 2197 2852 2267 cadit).
2893 2197 3254 2266 Posteaquam
3291 2193 3440 2250 enim
3468 2195 3635 2250 mise-

2046 2293 2220 2348 ricors
2251 2292 2398 2346 Deus
2420 2305 2580 2345 servo
2614 2289 2850 2359 eompati
2879 2287 3224 2352 decreverat,
3261 2303 3385 2341 cum
3421 2296 3636 2342 natura:

2045 2393 2194 2440 esset
2223 2381 2563 2454 impatibilis,
2596 2396 2664 2436 eo
2697 2380 2844 2451 quod
2885 2379 2999 2450 pati
3051 2386 3268 2448 poterat
3309 2377 3415 2433 sibi
3452 2377 3631 2444 unite,

2047 2475 2396 2548 propositum
2422 2488 2584 2530 suum
2620 2471 2961 2542 adimp‘levit.
2988 2470 3068 2524 Ad
3097 2470 3244 2524 hunc
3274 2469 3498 2523 modum
3522 2468 3634 2523 Do-

2049 2569 2233 2623 minus
2266 2567 2334 2622 ad
2359 2581 2460 2620 nos
2487 2563 2740 2626 accessit,
2769 2575 2943 2630 eaque
2970 2560 3185 2614 ratione
3219 2573 3380 2613 servo
3401 2558 3635 2630 fugitivo

2051 2659 2242 2714 astitit.
2282 2658 2352 2712 Ut
2387 2668 2689 2710 conservus
2725 2651 3027 2714 visebatur,
3050 2659 3107 2705 et
3145 2660 3205 2705 ut
3239 2650 3506 2704 Dominus
3533 2649 3636 2704 be-

2051 2745 2685 2817 neﬁciaimpertiebatur
2717 2760 2729 2795 :
2756 2741 2901 2797 servi
2920 2741 3152 2795 formam
3181 2757 3293 2812 pra:
3316 2757 3374 2796 se
3401 2739 3635 2804 ferebat,

2051 2851 2108 2895 et
2141 2839 2371 2911 gratiam
2407 2846 2467 2893 ut
2506 2835 2775 2891 Dominus
2817 2833 3317 2889 subministrabat:
3360 2833 3639 2888 esuriebat

2055 2942 2118 2988 ut
2149 2946 2360 2996 servus,
2388 2937 2444 2985 et
2480 2944 2652 2999 panes
2687 2925 3088 2995 multiplicabat
3134 2934 3196 2980 ut
3233 2925 3540 2980 Dominus:
3579 2933 3640 2979 ut

373 3029 542 3085 μασιν
574 3013 791 3066 ἐδείκνυ
851 3012 915 3065 τὸ
965 3012 1368 3084 κρυπτόμενον.
1409 3010 1568 3066 Οὕτω
1619 3012 1808 3081 φανεὶς
1856 3013 1950 3068 ἄν-

2054 3022 2220 3077 homo
2254 3018 2674 3090 defatigabatur,
2721 3025 2782 3070 ut
2808 3017 2951 3070 Deus
2999 3030 3167 3085 super
3213 3015 3438 3070 dorsum
3472 3014 3640 3070 maris

375 3104 614 3175 θρωπος,
639 3105 786 3175 ἡμᾶς
816 3104 1064 3167 ἅπαντας
1107 3104 1187 3167 είς
1219 3102 1318 3175 τὴν
1363 3103 1674 3175 οίκειότητα
1713 3107 1954 3176 συνήγα-

374 3212 493 3266 γεν.
537 3195 793 3267 Ἰωάννην
846 3196 978 3266 ἡμῖν
1031 3193 1350 3249 διδάσκαλον
1393 3193 1686 3266 ἐπέστησε,
1717 3195 1810 3251 τὸν
1840 3197 1954 3252 υίδν

367 3287 476 3358 τῆς
509 3286 756 3359 βροντῆς,
783 3286 876 3341 τὸν
908 3287 1307 3359 κεχαρισμένον
1338 3286 1466 3358 τῇδε
1493 3289 1559 3360 τῇ
1598 3288 1952 3360 μητροπόλει,

371 3379 438 3433 τὸ
490 3379 668 3434 κοινὸν
695 3379 798 3450 τῆς
830 3379 1158 3450 οἰκουμένης
1187 3380 1469 3452 κειμήλιον
1491 3421 1505 3447 ,
1555 3382 1647 3436 τὸν
1677 3383 1758 3435 ὲνὶ
1785 3382 1953 3453 στίχῳ

375 3472 558 3526 πᾶσαν
569 3469 860 3542 ὲκθέμενον
878 3471 977 3543 τὴν
1002 3472 1306 3528 εὐσέϐειαν.
1331 3492 1350 3524 ι
1371 3474 1432 3526 '0
1449 3473 1641 3540 Λόγος,
1662 3472 1796 3543 φησὶ
1813 3472 1950 3543 (77),

377 3563 514 3636 σὰρξ
552 3564 790 3633 ἐγένετο.
817 3583 837 3617 ι
868 3564 926 3619 Ὀ
946 3563 1042 3630 ὢν,
1074 3565 1294 3632 ἐγένετο
1327 3563 1485 3633 σάρξο
1517 3563 1593 3616 ὢν
1617 3564 1716 3633 μὲν
1745 3564 1832 3618 διὰ
1856 3566 1955 3637 τὴν

375 3655 562 3727 φύσιν,
613 3655 832 3725 ἐγένετο
867 3655 928 3709 δὲ
976 3655 1066 3708 διὰ
1116 3658 1215 3724 τὴν
1256 3655 1589 3724 οἰκονομίαν.
1626 3656 1703 3707 Δι’
1728 3650 1810 3720 οὖ,
1861 3657 1956 3710 καί

378 3749 500 3820 μεθ’
539 3740 624 3811 οὗ,
651 3746 728 3817 τῷ
776 3746 951 3817 Πατρ)⁸
981 3748 1016 3815 ἡ
1057 3743 1184 3809 δόξα
1237 3743 1334 3797 καὶ
1369 3745 1430 3796 τὸ
1480 3745 1678 3817 κράτος
1727 3747 1824 3799 σὺν
1875 3746 1955 3818 τῷ

375 3839 519 3910 ἁγίῳ
541 3839 842 3911 Πνεύματι,
871 3840 950 3900 είς
964 3837 1092 3898 τοὺς
1118 3836 1318 3898 αἰῶνας
1347 3835 1455 3888 τῶν
1481 3836 1713 3892 αἰώνων.
1757 3841 1952 3910 Ἀμήν.

2057 3113 2406 3171 ambulabat:
2437 3125 2661 3166 crucem
2696 3106 3033 3163 formidabat
3063 3116 3126 3161 ut
3171 3106 3339 3174 homo
3377 3108 3529 3178 (nam
3552 3105 3639 3160 vi-

2057 3207 2236 3264 sibilis
2257 3215 2473 3260 naturae
2498 3200 2850 3273 passionibus
2872 3196 3021 3270 quod
3062 3197 3394 3255 cernebatur
3431 3207 3644 3253 astrue-

2055 3300 2193 3370 bat);
2231 3307 2286 3353 et
2314 3295 2598 3350 miraculis
2633 3295 2896 3347 latentem
2925 3299 3180 3344 naturam
3206 3289 3641 3344 demonstrabat.

2056 3389 2173 3443 Hoc
2197 3384 2362 3439 modo
2378 3383 2543 3436 homo
2563 3395 2857 3450 apparens,
2880 3393 2982 3431 nos
3006 3392 3198 3432 omnes
3223 3378 3278 3431 in
3301 3393 3458 3432 suam
3483 3377 3645 3432 fami-

2053 3478 2353 3534 liaritatem
2387 3471 2635 3528 adduxit.
2670 3471 2937 3526 Joannem
2965 3467 3126 3522 nobis
3153 3468 3474 3538 magistrum
3507 3484 3648 3538 pne-

2056 3567 2186 3622 l'ecit
2215 3561 2444 3618 tonitrui
2472 3560 2666 3623 lilium,
2697 3557 2826 3611 huic
2860 3555 3152 3624 metropoli
3183 3554 3469 3620 donatum,
3496 3571 3645 3610 eom-

2058 3671 2280 3713 munem
2315 3664 2589 3709 terrarutn
2621 3648 2776 3705 orbis
2801 3647 3157 3712 thesaurum;
3199 3647 3293 3716 qui
3317 3646 3483 3702 unico
3515 3663 3642 3703 ver-

2055 3749 2234 3806 siculo
2276 3746 2588 3801 universam
2633 3741 2893 3813 pietatem
2945 3739 3280 3810 explicavit:
3329 3757 3346 3789 ι
3379 3738 3641 3803 Verbum,

2059 3840 2260 3911 inquit,
2293 3852 2424 3893 caro
2449 3834 2651 3889 factum
2687 3840 2772 3888 est
2795 3832 2863 3886 ⁸⁸.
2899 3851 2917 3882 ›
2952 3829 3109 3898 Quod
3147 3839 3287 3896 erat,
3321 3829 3524 3885 factum
3560 3838 3647 3885 est

376 3949 535 4001 caro;
569 3942 696 3990 erat
724 3932 944 4002 quidem
979 3947 1076 4000 per
1113 3939 1388 3995 naturam,
1417 3930 1619 3986 factum
1653 3943 1738 3989 est
1774 3943 1958 4003 autem
1998 3955 2098 4011 per
2130 3931 2616 4006 dispensationem.
2663 3929 2767 3984 Per
2834 3926 3002 3998 quod,
3043 3935 3100 3981 et
3167 3942 3293 3982 cum
3327 3941 3459 3997 quo,
3495 3926 3643 3983 Patri

377 4026 451 4081 sit
469 4024 638 4094 gloria
665 4032 721 4077 et
746 4020 1037 4091 imperium
1069 4035 1191 4074 cum
1220 4032 1411 4076 saneto
1443 4021 1677 4091 Spiritu,
1719 4036 1776 4080 et
1800 4042 1949 4085 nunc
1970 4039 2028 4088 et
2065 4041 2302 4097 semper,
2328 4031 2384 4078 et
2407 4021 2461 4074 in
2489 4019 2688 4075 saecula
2714 4018 3061 4072 saeculorum.
3091 4014 3284 4070 Amen.

1001 4159 1244 4212 ΟΜΙΛΙΑ
1275 4162 1346 4216 Δ’.

381 4270 486 4335 Ek
502 4266 802 4341 τὴνάγίαν
829 4273 1124 4328 Θεοτόκον
1153 4273 1252 4328 καὶ
1277 4275 1364 4340 είς
1393 4274 1503 4328 τόν
1538 4275 1844 4345 Συμεῶνα.

459 4391 541 4442 A'.
577 4386 926 4460 Προφητικὸς
955 4387 1101 4457 ἡμᾶς
1125 4387 1219 4439 καὶ
1246 4387 1490 4456 τήμερον
1516 4388 1608 4440 ἐπὶ
1634 4388 1703 4440 τὰ
1723 4385 1843 4442 θεῖα
1861 4389 1954 4442 εὐ-

2640 4153 2922 4209 HOMILIA
2967 4150 3060 4207 IV.

2270 4273 2334 4327 In
2361 4279 2602 4326 sanctam
2630 4267 2920 4337 Deiparam
2944 4271 2994 4319 et
3015 4266 3070 4318 in
3106 4262 3426 4318 Simeonem.

2127 4388 2169 4443 i.
2220 4386 2535 4442 Etiamnum
2585 4379 2752 4435 hodie
2803 4393 2906 4432 nos
2949 4375 3306 4448 propheticus
3359 4389 3542 4430 sermo
3575 4375 3642 4430 ad

378 4483 712 4554 χαριστήρια
741 4480 1002 4552 διεγείρει
1044 4479 1140 4532 καὶ
1168 4479 1402 4533 συνωθεῖ
1441 4478 1620 4547 λόγος.
1659 4499 1677 4531 ι
1706 4481 1952 4549 Εὑαγγε-

2056 4481 2169 4535 Ι)εο
2195 4475 2512 4534 referendas
2537 4473 2739 4544 gratias
2761 4469 2964 4526 excitat
2983 4477 3039 4524 et
3086 4468 3342 4540 impellit.
3366 4461 3646 4523 Mandavit

378 4573 632 4628 λίσασθαι
672 4573 886 4643 ἡμέραν
933 4572 992 4639 ἐξ
1032 4572 1244 4643 ἡμέρας
1294 4571 1355 4625 τὸ
1389 4573 1657 4643 σωτήριον
1695 4572 1788 4626 τοῦ
1818 4573 1953 4626 Θεοῦ

2053 4579 2115 4625 ut
2150 4589 2168 4622 ι
2204 4569 2273 4624 de
2308 4567 2398 4622 die
2429 4566 2483 4620 in
2518 4563 2664 4618 diem
2706 4560 3101 4616 annuntiemus
3133 4559 3373 4615 salutare
3415 4557 3512 4614 Dei
3541 4573 3644 4612 no-

379 4664 560 4736 ήμῶν,
601 4684 620 4717 ‹
653 4664 1044 4735 προσέταττεν·
1081 4684 1100 4715 ι
1126 4663 1480 4732 ἁναγγὲλλειν
1502 4666 1616 4728 τοῖς
1650 4664 1828 4718 ἔθνεσι
1859 4664 1956 4736 τὴν

2052 4661 2153 4719 stri
2193 4679 2206 4715 :
2243 4668 2302 4714 ut
2352 4655 2744 4713 annuntiemus
2793 4652 3049 4725 gentibus
3097 4651 3330 4723 gloriam
3383 4651 3534 4720 ejus,
3587 4649 3644 4704 in

379 4758 537 4825 δόξαν
559 4756 743 4822 αὐτοῦ,
770 4759 829 4809 ὲν
858 4758 994 4811 πᾶσι
1016 4758 1129 4820 τοῖς
1151 4757 1302 4820 λαοῖς
1328 4758 1395 4810 τὰ
1425 4756 1679 4827 θαύματα
1704 4756 1891 4812 αὑτοῦ.
1932 4775 1949 4808 ι

2053 4752 2314 4809 omnibus
2338 4747 2558 4821 populis
2588 4745 2864 4801 mirabilia
2899 4745 3019 4816 ejus
3049 4741 3118 4796 “.
3161 4763 3178 4795 ι
3208 4741 3345 4798 Cum
3379 4741 3527 4794 enim
3557 4740 3644 4792 vir

383 4849 548 4911 Γνοὺς
576 4849 685 4920 γὰρ
711 4849 799 4904 διὰ
821 4847 1135 4919 Πνεύματος
1165 4849 1194 4900 ὁ
1219 4848 1503 4912 θεσπέσιος
1528 4849 1715 4910 Δαῦὶδ,
1766 4850 1957 4921 ὅτιπερ

2055 4843 2328 4901 mirabilis
2354 4841 2526 4897 David
2565 4854 2662 4910 per
2696 4837 2963 4909 Spiritum
2994 4835 3340 4906 cognovisset
3372 4829 3440 4896 ⁸⁷,
3478 4829 3645 4884 fuisse

281 4923 292 4936 p
381 4939 450 4992 τὰ
512 4940 895 5010 ἁποκρυόέντα
942 4939 1050 4993 ἀπὸ
1090 4939 1328 5009 νομικῶν
1375 4939 1594 5009 σοφῶν,
1642 4939 1740 4993 καὶ
1772 4940 1808 4993 ἃ
1842 4956 1957 4992 συν-

2061 4933 2466 5006 beneplaeitum
2493 4945 2676 4988 coram
2698 4931 2847 5001 justo
2861 4928 3047 5001 judice
3075 4927 3210 4991 Deo,
3238 4933 3300 4980 ut
3323 4922 3644 4979 abscondita

383 5031 520 5083 ετῶν
554 5031 740 5100 τόμοις
787 5031 1156 5100 ὲγκεκώςρωκε
1192 5029 1304 5101 (78)
1330 5031 1467 5102 πρὸς
1513 5032 1615 5100 τὴν
1656 5030 1952 5098 ἐπίγνωσιν

2060 5044 2092 5084 a
2126 5025 2393 5098 legalibus
2441 5019 2804 5094 sapientibus,
2835 5028 2892 5076 et
2936 5036 3059 5091 qua:
3093 5016 3448 5089 prudentium
3485 5012 3645 5069 libris

383 5117 484 5188 τῆς
524 5119 784 5190 ἀληθείας
811 5160 827 5186 ,
857 5121 1074 5192 νηπίοις
1123 5119 1342 5190 γέγονεν
1391 5119 1609 5174 εὐδοκία
1639 5119 1950 5193 ἔμπροσθεν

2060 5121 2127 5177 ad
2160 5117 2409 5176 veritatis
2449 5114 2784 5188 agnitionem
2830 5111 3240 5168 obmutuissent
3267 5107 3405 5181 (78),
3440 5121 3644 5179 parvu-

454 5299 501 5333 ⁸³
524 5298 762 5369 Philipp.
788 5315 849 5365 ιι,
870 5300 923 5355 6.
999 5299 1045 5332 ⁸⁵
1074 5298 1209 5356 ibid.
1235 5299 1287 5366 6,
1312 5301 1364 5355 7.
1443 5299 1488 5330 ”
1534 5299 1692 5354 Joan.
1728 5316 1767 5366 ι,
1813 5299 1895 5353 Η.

2048 5298 2192 5354 Psal.
2226 5311 2349 5363 xcv,
2379 5293 2433 5348 2.
2513 5292 2558 5324 ⁸’
2590 5289 2779 5346 Matth.
2808 5305 2882 5354 ιι,
2913 5286 3005 5343 25.

481 5455 570 5518 75)
607 5455 677 5507 Ἢ
703 5453 858 5523 πρός.

481 5527 571 5596 76)
612 5526 652 5576 Π
665 5524 902 5596 ροέγθετο.

487 5593 571 5665 ⁷7)
619 5593 674 5665 ἶο
702 5595 858 5661 λόγος
882 5593 1013 5665 γὰρο
1039 5593 1190 5665 φησί-

483 5664 570 5737 78}
607 5663 738 5730 Qua:
769 5661 1111 5736 prudentium
1146 5663 1287 5720 libris
1325 5664 1717 5729 obmutuissent,
1761 5661 1794 5716 Et
1844 5679 1968 5716 συν·

2085 5451 2221 5506 ετῶν
2242 5450 2427 5517 τόμοις
2448 5446 2831 5517 ὲγκεκώφωκε.
2850 5445 3012 5517 Velut
3033 5443 3292 5499 nimirum
3313 5441 3641 5517 illisignota.

2085 5470 2221 5506 ετων
2242 5468 2304 5504 το
2382 5468 2427 5512 ις
2448 5468 2831 5517 εγκεκωφωκε.
2860 5468 3012 5500 Nilus
3035 5468 3292 5499 ullulruul
3315 5468 3421 5496 ulla
3438 5468 3641 5512 ιδμυιδο

2078 5525 2246 5577 Porro
2277 5468 2470 5575 aliud“
2514 5518 2579 5573 ad
2631 5525 2838 5571 tomum
2874 5515 3028 5570 illum
3080 5526 3281 5569 novum
3328 5510 3643 5583 scriptionis

2077 5608 2226 5648 novre
2252 5591 2381 5662 (Isa.
2409 5605 2519 5654 \‘lll,
2561 5588 2636 5659 1),
2673 5587 2741 5643 de
2766 5603 2874 5657 quo
2911 5586 3072 5658 paulo
3107 5583 3357 5640 inferius.

3623 5778 3678 5788 οι,
