4048 6210
454 237 585 292 ιδοι

1512 231 1857 287 TIIEODOTI
1897 230 2205 287 EPISCOPI
2270 231 2621 316 ANCYRAN!

3559 231 3710 288 1392

446 352 513 407 lis
546 346 945 411 revelarentur;
989 345 1241 399 hortatur
1275 356 1466 396 omnes
1498 349 1554 396 ut
1590 342 1831 396 laetitiam
1861 342 2024 410 spiri-

2141 342 2228 411 τῆς
2263 342 2415 408 θείας
2447 344 2837 416 δικαιοκρισίας
2870 343 3343 415 ἀποκαλυφθῆναι,
3366 343 3541 400 πάντα
3568 350 3717 419 πρὸς

449 439 609 492 talem
661 434 836 488 fauste
884 433 1232 487 annuntient.
1280 430 1502 485 Creduli
1552 446 1717 500 ergo,
1758 446 2028 500 sacroque

446 529 630 584 statim
658 535 713 578 et
755 525 810 577 in
851 524 938 577 via
969 523 1236 576 honorem
1268 522 1537 576 habentes
1568 520 1825 574 mandato
1862 538 1873 573 :
1909 535 2026 589 age,

446 615 733 689 splendido
765 622 820 667 et
853 613 954 682 ipsi
1005 612 1227 683 eloquio
1276 613 1454 667 Iretam
1498 613 1813 680 claramque
1856 609 2029 664 divini

448 705 644 763 musici
676 704 1174 769 annuntiationcm,
1201 705 1440 759 clamore
1461 704 1757 758 elferamus
1797 721 1810 756 :
1849 721 1866 753 ι
1891 701 2027 757 Sus-

446 799 652 868 cipiant
682 805 895 850 montes
917 812 1103 865 pacem
1124 797 1346 866 populo,
1377 805 1433 850 et
1448 796 1616 850 colles
1633 796 1901 867 justitiam
1924 792 2021 857 ‘3,»

446 889 701 959 quoniam
737 907 755 938 ι
782 888 1049 941 Parvulus
1077 898 1239 942 natus
1266 897 1349 943 est
1380 888 1572 953 nobis;
1596 888 1768 941 Filius
1792 896 1847 941 et
1868 887 2028 941 datus

446 988 529 1031 est
554 976 715 1030 nobis
742 995 755 1029 :
786 979 941 1047 cujus
973 977 1263 1047 imperium
1286 994 1451 1049 super
1474 979 1764 1033 hutnerum
1794 980 1933 1049 ejus.
1960 979 2026 1033 Et

446 1070 734 1123 vocabitur
766 1084 966 1123 nomen
1000 1070 1139 1140 ejus,
1168 1070 1346 1140 magni
1391 1069 1607 1124 consilii
1638 1069 1899 1140 Angelus,
1923 1070 2022 1124 ad-

442 1160 715 1216 mirabilis
757 1160 1121 1223 consiliarius,
1164 1162 1310 1215 Deus
1355 1160 1513 1214 fortis
1532 1160 1827 1223 Dominus,
1860 1162 2019 1215 Prin-

445 1266 575 1321 eeps
602 1251 771 1320 pacis,
792 1250 953 1304 Pater
976 1249 1145 1304 futuri
1163 1249 1428 1305 szeculi”.
1456 1269 1473 1303 ι
1495 1250 1665 1305 Natus
1694 1260 1798 1314 est,
1819 1250 2017 1320 inquit,

442 1351 500 1397 et
530 1350 613 1396 est
659 1341 839 1395 datus.
876 1341 973 1395 Est
1004 1349 1166 1396 natus
1199 1341 1422 1411 quidem
1458 1341 1513 1395 in
1544 1342 1764 1408 Judaaa;
1800 1342 1898 1396 sed
1941 1351 2026 1396 est

444 1435 606 1489 datus
648 1434 905 1488 universo
952 1434 1093 1487 orbi.
1145 1432 1236 1488 Sic
1279 1433 1427 1487 enim
1476 1433 1642 1486 etiam
1692 1434 1760 1487 de
1802 1432 1921 1502 ipso
1954 1433 2021 1487 ad

2129 432 2220 483 τὸν
2255 434 2353 502 τῆς
2385 433 2764 503 πνευματικῆς
2808 434 3089 503 χαρμονῆς
3134 433 3533 505 εὐαγγελισμὸν
3572 453 3709 505 προσ

2130 522 2415 591 τρέπεται.
2437 522 2616 594 Πειθῴ
2641 523 2822 578 τοίνυν
2852 525 2944 577 καὶ
2971 526 3027 578 ἐν
3044 524 3149 595 ὁδῷ
3176 525 3443 594 τιμῶντες
3469 528 3530 581 τὸ
3560 529 3718 599 ἱερὸν

2139 611 2461 681 διάταγμα,
2519 616 2651 685 φέρε
2719 610 2813 668 οὖν
2877 615 2970 667 καὶ
3048 616 3207 684 ἡμεῖς
3276 615 3716 688 λαμπροφήσαν-

2128 718 2219 765 τες
2246 702 2355 773 (80)
2378 706 2494 767 ταῖς
2520 704 2737 775 ψυχαῖς,
2759 705 2857 775 τὴν
2896 704 3188 775 χαροποιὸν
3221 704 3315 757 καὶ
3343 704 3586 776 εὔσημον
3616 706 3715 757 τοῦ

2135 792 2283 845 θείου
2307 794 2565 863 Μελῳδοῦ
2593 796 2989 865 ἀναϐοήσωμεν
3017 794 3331 863 διαγγελίαν
3354 812 3365 823 ’
3414 814 3433 844 ι
3477 794 3713 847 Ἀναλα-

2131 883 2377 938 ϐέτωσαν
2427 886 2496 939 τὰ
2528 886 2632 956 ὅρη
2686 888 2910 957 εἰρήνην
2954 885 3031 956 τῷ
3080 885 3194 956 λαῷ
3223 927 3238 952 ,
3289 886 3385 938 καὶ
3423 886 3473 938 οἱ
3524 885 3716 955 βουνοὶ

2137 974 2507 1047 δικαιοσύνηνο
2540 995 2557 1026 ι
2585 978 2666 1029 ὅτι
2698 998 2714 1028 ι
2747 960 2967 1030 Πᾶιδίον
2997 977 3260 1048 ἐγεννήθη
3282 979 3441 1047 ἡμῖν,
3468 977 3585 1039 υίὸς
3616 979 3717 1028 καί

2138 1063 2295 1136 ἐδόθη
2352 1060 2606 1137 ἡμῖν-υἷι
2642 1066 2673 1136 ἡ
2713 1067 2853 1137 ἀρχὴ
2896 1067 2990 1120 ἐπὶ
3040 1067 3135 1120 τοῦ
3178 1067 3329 1137 ῶμου
3375 1066 3560 1121 αὐτοῦ.
3599 1069 3716 1121 Καὶ

2135 1156 2378 1211 καλεῖται
2401 1158 2460 1211 τὸ
2492 1158 2661 1228 ὄνομα
2689 1158 2876 1221 αὐτοῦ,
2904 1159 3147 1228 μεγάλης
3175 1158 3371 1229 βουλῆς
3403 1160 3673 1228 Ἀγγελος
3697 1200 3714 1224 ,

2142 1246 2454 1317 Θαυμαστὸς
2489 1247 2793 1319 σύμϐουλος
2820 1289 2834 1313 ,
2880 1250 3011 1311 Θεὸς
3039 1251 3256 1320 ἰσχυρὸς
3311 1252 3670 1320 ἐξουσιαστὴς
3697 1291 3714 1314 .

2143 1338 2362 1406 Ἀρχων
2396 1339 2652 1409 εἰρήνης,
2686 1340 2875 1412 Πατὴρ
2926 1341 3020 1395 τοῦ
3072 1342 3357 1411 μέλλοντος
3410 1341 3630 1407 αἰῶνος.
3686 1361 3708 1396 ι

2152 1429 2469 1501 Ἐγεννήθη,
2495 1432 2647 1499 φησὶ,
2684 1431 2777 1485 καὶ
2811 1432 2988 1503 ἐδόθη.
3031 1433 3325 1504 Ἐγεννήθη
3363 1434 3460 1505 μὲν
3483 1436 3542 1487 ἐν
3577 1436 3719 1487 Ἰου·

448 1526 723 1582 Abraham
753 1526 1037 1579 oraculum
1083 1525 1288 1579 habet:
1324 1544 1341 1574 ι
1379 1524 1784 1579 Benedicentur
1819 1524 1875 1579 in
1909 1526 2027 1595 ipso

2141 1521 2255 1593 Ξαίᾳ
2278 1560 2293 1586 ,
2344 1522 2501 1593 ἐδόθη
2540 1523 2597 1575 δὲ
2631 1524 2729 1595 ὅλῃ
2768 1526 2832 1595 τῇ
2862 1524 3177 1596 οἰκουμένῃ.
3211 1524 3368 1578 Οὕτω
3410 1525 3518 1596 γὰρ
3558 1526 3660 1578 καὶ
3691 1527 3721 1578 ὀ

448 1632 642 1672 omnes
685 1624 874 1685 gentes
919 1622 1080 1669 terra:
1106 1615 1171 1668 ⁹⁰.
1226 1633 1243 1665 ι
1283 1615 1584 1679 Caeterum,
1633 1634 1652 1666 ι
1688 1614 2026 1685 principatus

2131 1615 2257 1684 περὶ
2280 1614 2444 1667 αὐτοῦ
2470 1614 2605 1685 πρὸς
2635 1614 2888 1687 Ἀϐραὰμ
2902 1618 3145 1688 περιεῖχε
3171 1617 3437 1688 χρησμός·
3469 1635 3485 1669 ι
3528 1618 3720 1670 Ἐνευ-

444 1713 565 1780 ejus
602 1725 767 1778 super
796 1710 1087 1764 humerum
1114 1710 1234 1780 ejus
1263 1726 1275 1762 :
1312 1728 1327 1759 I
1358 1710 1617 1779 quoniam
1645 1718 1887 1779 potestas
1913 1712 2028 1765 sin-

2141 1706 2525 1777 λογηθήσονται
2566 1709 2623 1760 ἐν
2657 1708 2808 1779 αὐτῷ
2866 1709 3045 1763 πάντα
3084 1708 3155 1763 τὰ
3201 1708 3334 1780 ἔθνη
3369 1710 3467 1780 τῆς
3518 1709 3647 1779 γῆς.
3692 1729 3714 1762 ο

447 1802 622 1871 gulari
647 1803 770 1872 jure
805 1801 1027 1871 propria
1071 1808 1190 1865 est,
1225 1816 1334 1855 non
1368 1801 1604 1856 ascititia
1646 1810 1703 1856 et
1738 1817 1860 1871 quae
1902 1812 2032 1857 nato

449 1890 731 1944 advenerit
761 1909 773 1943 :
812 1890 1057 1944 naturale
1104 1890 1418 1959 imperium,
1451 1906 1561 1945 non
1601 1900 1975 1961 comparatum
2009 1910 2028 1944 :

448 1982 824 2035 substantialis
864 1980 1050 2034 divina
1095 1980 1289 2051 gloria,
1320 1996 1431 2035 non
1463 1981 1751 2052 largitione
1783 1991 2029 2052 accepta.

450 2073 591 2128 Ilinc
616 2074 747 2127 olim
775 2082 830 2128 et
851 2072 973 2127 cceli
1006 2088 1104 2142 per
1128 2073 1342 2127 stellam
1370 2073 1539 2142 magis
1568 2074 2035 2128 annuntiaverunt

451 2164 781 2218 miraculum
809 2164 852 2195 “
885 2182 897 2216 :
925 2178 991 2218 ex
1021 2163 1116 2217 illo
1137 2172 1319 2218 autem
1341 2162 1508 2219 etiam
1531 2163 1567 2218 ii
1595 2163 1803 2218 dictum
1832 2164 2032 2235 Regem

450 2253 917 2306 annuntiaverunt
950 2250 1171 2317 Judaeaa,
1217 2267 1342 2307 cum
1378 2251 1659 2306 adoraturi
1697 2254 2033 2323 pervestiga—

450 2351 602 2409 rent;
650 2343 1116 2397 annuntiaverunt
1148 2351 1204 2397 et
1250 2345 1563 2414 pastoribus
1596 2346 1711 2400 ruri
1756 2349 2033 2403 excuban-

451 2435 601 2489 tibus
626 2436 801 2505 angeli
834 2434 1171 2490 Salvatorem
1205 2435 1488 2491 Christum
1508 2439 1555 2470 θ’
1587 2456 1601 2491 :
1631 2438 1699 2492 ad
1728 2449 2033 2495 extremum

450 2541 583 2581 vero
626 2527 792 2580 etiam
842 2525 1079 2595 Spiritus
1113 2538 1336 2582 sanctus
1382 2528 1626 2584 Simeoni
1656 2531 2032 2598 annuntiavit,

451 2632 613 2688 quem
643 2618 992 2687 exspectabat
1025 2617 1306 2673 Christum
1339 2620 1556 2675 Domini
1588 2621 1654 2674 ”.

523 2791 586 2845 ll.
616 2790 726 2844 llos
748 2805 940 2844 onmes
967 2791 1134 2845 etiam
1165 2794 1462 2848 accedente
1497 2795 1754 2851 mandato
1780 2812 1923 2866 pone
1953 2814 2038 2853 se-

451 2887 676 2957 quimur
697 2884 1075 2941 annuntiaturi
1096 2884 1354 2939 Ecclesia:
1384 2903 1395 2938 :
1424 2901 1533 2939 non
1557 2888 1707 2941 velut
1737 2889 1911 2944 simus
1936 2906 2034 2959 po-

454 2984 651 3039 tentes,
671 2975 765 3029 sed
785 2982 1045 3042 tanquam
1071 2972 1327 3041 morigeri
1350 2989 1365 3039 ;
1391 2988 1498 3027 non
1532 2982 1789 3045 tanquam
1813 2977 2034 3043 divites,

452 3066 548 3120 sed
582 3074 641 3119 ut
675 3062 1114 3119 misericordiam
1160 3064 1475 3129 consecuti;
1523 3066 1846 3134 prophetica
1889 3068 2038 3122 cele—
2066 3045 2108 3104 ο

452 3157 698 3218 hrantes,
732 3163 789 3208 et
828 3159 1090 3208 canentes
1126 3154 1444 3222 apostolica,
1476 3170 1587 3208 non
1629 3170 1659 3208 a
1702 3156 1863 3210 nobis
1888 3159 2041 3213 velut

459 3243 815 3298 tumultuario
855 3242 1147 3299 atl‘erentes
1175 3244 1507 3298 testimonia.
1548 3264 1566 3296 ι
1605 3246 1909 3303 Psallam’us
1933 3248 2039 3303 ita-

455 3351 562 3405 que
591 3336 704 3389 Deo
739 3342 951 3399 nostro,
990 3335 1287 3404 psallamus
1317 3336 1362 3367 "
1390 3354 1403 3388 :
1439 3354 1457 3387 ι
1490 3337 1749 3406 quoniam
1793 3357 1810 3389 ι
1848 3348 2039 3395 notum

459 3427 589 3482 fecit
622 3427 886 3480 Dominus
911 3426 1149 3481 salutare
1176 3442 1357 3493 suum,
1406 3438 1463 3484 et
1491 3430 1546 3484 in
1586 3442 1882 3501 conspectu
1911 3449 2043 3505 gen-

463 3515 597 3573 tium
627 3516 890 3570 revelavit
923 3516 1194 3587 justitiam
1224 3533 1378 3573 suam
1404 3520 1471 3573 ".
1507 3540 1525 3572 ι
1561 3522 1727 3577 Plane
1751 3525 1897 3578 enim
1924 3536 2041 3581 stu-

460 3626 579 3679 por,
610 3609 995 3678 horrendaque
1022 3609 1164 3663 facta
1200 3620 1328 3665 sunt
1366 3612 1422 3665 in
1451 3620 1599 3668 terra
1633 3633 1644 3669 :
1676 3615 1815 3671 vidit
1847 3627 2043 3673 natura

459 3699 727 3755 terribilia
758 3707 814 3753 et
846 3699 1065 3753 insolita
1119 3718 1131 3753 :
1175 3719 1193 3751 ι
1232 3702 1406 3757 Deum
1440 3704 1496 3757 in
1548 3713 1693 3760 terra
1739 3708 1916 3763 visum
1939 3750 1952 3775 ,
1988 3720 2045 3765 et

457 3804 584 3845 eum
632 3788 950 3843 hominibus
995 3800 1379 3846 conVersatum
1412 3795 1457 3825 ⁹⁶
1488 3812 1499 3847 :
1534 3803 1721 3850 natum
1754 3798 1924 3853 Deum
1954 3816 2043 3855 se-

458 3880 702 3936 cundum
732 3895 976 3945 carnem,
1004 3896 1107 3935 nec
1146 3883 1299 3937 cmlis
1333 3895 1561 3940 motum.
1598 3906 1617 3938 ι
1656 3887 1790 3955 Quis
1818 3906 1951 3945 vero
1975 3891 2042 3945 ad

459 3972 577 4025 hare
633 3970 865 4024 idoneus
904 3972 988 4025 ’7?
1046 3971 1178 4038 Quis
1220 3974 1476 4043 loquetur
1505 3981 1779 4047 potentias
1803 3982 2041 4047 Domini,

461 4062 677 4115 auditas
702 4061 863 4117 faciet
889 4079 1081 4118 omnes
1108 4064 1297 4120 laudes
1320 4068 1439 4137 ejus
1458 4069 1536 4122 9‘?
1565 4093 1579 4119 ι
1603 4072 1822 4140 Peperit
1856 4075 2040 4145 Virgo,

462 4151 807 4221 prophetissa
833 4152 925 4205 illa
950 4153 1106 4222 juxta
1137 4154 1332 4210 Isaiam
1368 4159 1437 4222 ³⁸,
1474 4160 1887 4217 Emmanuelem
1926 4166 2044 4220 sine

461 4244 582 4297 viro
613 4261 623 4295 :
651 4253 840 4296 natum
887 4243 1043 4298 illum
1075 4246 1235 4301 nobis
1268 4249 1388 4303 sine
1425 4259 1600 4320 patre,
1632 4254 1725 4323 qui
1770 4255 1885 4325 ipse
1917 4266 2043 4314 ante

462 4334 659 4388 swcula
692 4352 709 4383 ι
740 4333 1015 4403 Sapientia
1049 4345 1153 4403 est,
1178 4339 1500 4411 justitiaque
1533 4351 1589 4397 et
1610 4346 1970 4403 sanctiﬁcatio
1989 4359 2045 4404 et

462 4426 774 4495 redemptio
796 4442 825 4479 a
851 4427 965 4481 Deo
993 4428 1153 4483 Patre
1179 4430 1216 4483 ¹.
1250 4451 1266 4482 ι
1300 4432 1517 4502 Peperit
1542 4436 1907 4506 prophetissa,
1933 4457 2042 4495 non

462 4516 647 4585 agnito
696 4519 1069 4587 conccptionis
1120 4522 1313 4581 modo.
1359 4525 1570 4580 Novum
1630 4529 1956 4585 miraculum
1992 4543 2047 4588 et

463 4607 879 4676 inexplicabile!
905 4609 1170 4682 Concepit
1190 4614 1355 4669 Maria
1376 4619 1718 4688 prophetissa
1741 4638 1807 4677 ex
1830 4625 2045 4693 auditu,

461 4698 635 4751 Deum
682 4699 978 4756 viventem.
1014 4702 1217 4759 Auditu
1260 4707 1406 4760 enim
1451 4725 1733 4768 sermones
1771 4717 2048 4787 verbaque

465 4790 779 4857 transitum,
800 4801 1018 4858 natura,
1046 4797 1341 4865 postulant.
1367 4799 1520 4855 Illius
1543 4818 1641 4871 per
1663 4805 1900 4875 linguam
1928 4812 2047 4865 viro

462 4878 695 4949 impulsa
741 4898 1140 4956 eongressaque
1181 4892 1466 4961 conceptio
1511 4895 1647 4967 (79),
1683 4908 1891 4956 naturae
1940 4903 2044 4956 hu-

462 4984 634 5025 mana-
668 4980 923 5028 truncum
969 4992 1065 5030 seu
1098 4977 1313 5035 ﬂamma
1342 4984 1567 5040 arefeeit
1596 5005 1607 5040 :
1653 4988 1825 5060 Hujus
1859 5001 2043 5047 autem

534 5130 581 5160 "‘
611 5131 751 5186 l’sal.
793 5148 936 5197 LXXI,
964 5134 1015 5187 5.

467 5198 515 5230 ⁹⁴
563 5201 702 5277 Psal.
753 5205 998 5277 δειλίῃ-*7.
1096 5204 1141 5235 ⁸³⁵
1187 5206 1341 5277 ίΡειιι.
1398 5198 1557 5277 κονιι,
1595 5214 1646 5267 2.

464 5283 576 5333 vm,
632 5271 686 5323 5.
794 5272 811 5303 ⁸
845 5273 865 5326 ι
899 5274 1025 5330 Cor.
1066 5289 1106 5340 1,
1140 5276 1230 5331 50.

557 5384 645 5453 79)
667 5380 855 5467 'Hlius,
894 5388 1272 5467 per_linguam,_
1303 5391 1414 5467 viro
1434 5391 2039 5467 ‘intpulsecongressa-

466 5463 566 5520 que
614 5460 876 5542 conceptio
923 5475 940 5511 :
988 5461 1203 5530 ἐκείνης
1249 5463 1292 5583 η
1334 5460 1591 5530 σύλληψις
1786 5460 2038 5547 γλώσσης

466 5525 888 5583 προσενεχθεισα
936 5530 1026 5580 ἐπὶ
1075 5529 1166 5582 τὸν
1196 5530 1261 5583 ἄν
1297 5548 1383 5583 σα.
1438 5533 1599 5583 Velut
1648 5534 1725 5583 ιΙΙι
1768 5536 2033 5583 ἰηςιιίρης-

466 5525 888 5602 προσενεχθεῖσα
936 5530 1026 5602 ιτῖι
1075 5525 1168 5582 τὸν
1196 5525 1383 5602 ἄνδρα.
1438 5525 1599 5586 velut
1648 5534 1725 5587 nn
1766 5525 2035 5602 insiliens,

466 5588 789 5676 adA‘ltltititlln
824 5611 933 5676 quo
975 5588 1403 5676 ﬂamn1a_iiisilit
1451 5611 1506 5656 et
1534 5603 1712 5676 fertur
1737 5588 2036 5676 iniiinii};

468 5665 750 5715 materiam
777 5672 977 5723 aptam.
1014 5668 1176 5722 Notat
1202 5669 1425 5738 llevam,
1462 5673 1616 5740 cuius
1649 5665 1936 5745 conceptio
1970 5693 2036 5732 ex

1132 5135 1178 5166 ”
1212 5136 1313 5191 lsa.
1353 5156 1429 5204 ιιι,
1466 5143 1516 5197 6.
1595 5146 1641 5175 θ’
1676 5145 1811 5200 Gen.
1853 5165 2002 5213 xvnl,

1132 5204 1152 5278 ’γ
1186 5206 1341 5278 _Psal.
1398 5228 1557 5277 xevn,
1595 5214 1646 5267 2.
1746 5218 1792 5247 ’⁸
1838 5217 2035 5274 Baruel

2199 5154 2243 5184 "
2268 5153 2457 5208 Matth.
2498 5170 2555 5217 ιι,
2608 5152 2661 5206 2.
2742 5155 2786 5184 θ’
2826 5152 2957 5206 an.
3024 5169 3081 5212 ιι,
3148 5152 3234 5205 10.

2141 5239 2167 5278 ι.
2206 5224 2293 5278 58.
2379 5226 2423 5255 ⁹⁷
2459 5225 2503 5278 ll
2527 5225 2651 5278 Cor.
2708 5224 2895 5278 11-16.
3020 5224 3065 5253 9"
3123 5222 3234 5275 Psal

2148 1797 2289 1850 Ἀλλ’
2325 1818 2343 1849 ι
2370 1800 2401 1868 ή
2424 1797 2566 1869 ἀρχὴ
2597 1798 2766 1854 αὑτοῦ
2792 1802 2884 1854 ἐπὶ
2904 1801 2998 1855 τοῦ
3025 1801 3179 1872 ῶμου
3199 1801 3367 1855 αὑτοῦ
3389 1819 3403 1834 ’
3449 1822 3466 1853 ι
3496 1803 3725 1872 ἐπειδή-

2135 1906 2240 1958 περ
2304 1889 2662 1963 ίδιόκτητοςή
2696 1890 2886 1945 τούτου
2952 1892 3207 1959 ἐξουσία,
3246 1894 3339 1946 καὶ
3381 1892 3444 1946 οὐ
3476 1909 3725 1964 προσγε-

2135 1980 2269 2051 νητή
2293 1996 2306 2010 ·
2359 1980 2564 2052 φυσικὴ
2610 1984 2642 2050 ἡ
2675 1981 2961 2036 δυναστεία
2990 2023 3005 2049 ,
3042 1983 3134 2035 καὶ
3166 1983 3227 2035 οὐ
3285 1984 3675 2054 πεπορισμένη
3703 2000 3721 2012 ’

2134 2070 2397 2142 οὑσιώδης
2425 2073 2458 2143 ή
2490 2072 2608 2125 θεία
2637 2072 2786 2138 δόξα,
2815 2075 2906 2127 καὶ
2939 2075 2999 2129 ού
3029 2075 3427 2146 κεχαρισμένη.
3462 2075 3725 2142 Εὑαγγεο

2134 2164 2351 2217 λίσαντο
2385 2162 2484 2234 μὲν
2513 2160 2605 2218 οὖν
2640 2165 2807 2219 πάλαι
2838 2166 3078 2237 οὐρανοὶ,
3112 2166 3206 2221 καὶ
3235 2167 3302 2220 δι’
3331 2166 3582 2237 ἀστέρος,
3602 2168 3728 2227 τοῖς

2140 2259 2337 2329 μάγοις
2376 2261 2439 2313 τὸ
2469 2259 2688 2332 θαῦμα·
2721 2261 3151 2330 εύαγγελίσαντο
3185 2262 3242 2315 δέ
3278 2261 3335 2328 ἐξ
3384 2261 3599 2315 ἐκείνου
3642 2263 3722 2331 τῇ

2153 2348 2379 2421 Ἰουδαίᾳ
2409 2351 2574 2421 μάγοι
2605 2352 2698 2405 τὸν
2742 2352 3002 2422 λεχθέντα
3037 2352 3292 2416 Βασιλέα,
3335 2353 3500 2422 ἡνίκα
3522 2351 3726 2406 τοῦτον

2137 2440 2417 2510 ἀνίχνευον
2452 2442 2869 2513 προσκυνῆσαι·
2910 2443 3335 2511 εύαγγελίσαντο
3371 2444 3427 2496 δὲ
3460 2443 3556 2496 καὶ
3591 2460 3721 2495 ποι-

2141 2533 2296 2604 μέσιν
2322 2534 2564 2602 ἄγγελοι,
2594 2536 2686 2588 ἐπὶ
2719 2536 2819 2606 τῆς
2846 2536 3169 2609 ἀγραυλίας,
3194 2537 3286 2589 τὸν
3315 2536 3549 2607 Σωτῆρα
3580 2536 3725 2605 Χρι-

2140 2624 2292 2677 στόνο
2335 2625 2428 2677 ἐπὶ
2461 2625 2603 2678 τέλει
2636 2626 2692 2678 δέ
2722 2626 3147 2695 εύαγγελίσαντο
3182 2628 3278 2681 καὶ
3309 2627 3368 2680 τὸ
3402 2626 3624 2696 Πνεῦμα
3653 2626 3727 2679 τὺ

2139 2715 2318 2784 ἆγιον,
2354 2716 2600 2787 Συμεὼν,
2627 2717 2716 2771 τὸν
2744 2718 3193 2790 προσδοκώμενον
3225 2720 3460 2789 Χριστὸν
3481 2718 3719 2789 Κυρίου.

2212 2808 2286 2862 B'.
2320 2809 2543 2873 Τούτοις
2582 2809 2712 2878 γοῦν
2755 2811 2886 2863 πᾶσι
2919 2811 3015 2864 καὶ
3048 2810 3504 2881 προσταττόμενοι
3530 2810 3727 2876 ἐξακο-

2140 2898 2436 2971 λουθοῦμεν
2479 2900 2614 2973 πρὸς
2644 2901 3045 2971 εὐαγγελισμὸν
3083 2901 3183 2971 τῆς
3222 2901 3585 2971 Ἐκκλησίας·
3620 2902 3728 2972 οὐχ

2141 2991 2215 3054 ώς
2242 2990 2497 3056 δυνατοὶ,
2549 2992 2663 3045 ἀλλ’
2711 2992 2786 3055 ὡς
2811 2991 3174 3063 εὐπειθήνιοι·
3218 2993 3317 3062 οὐχ
3354 2992 3429 3056 ώς
3458 2990 3724 3066 εὔποροι,

2144 3082 2258 3136 ἀλλ’
2291 3083 2369 3146 ώς
2398 3082 2687 3153 ἠλεημένοι
2708 3122 2722 3147 ,
2759 3084 2826 3136 τὰ
2860 3084 2967 3136 τῶν
3004 3084 3298 3155 προφητῶν
3333 3083 3726 3153 ἀνυμνοῦντες,

2143 3170 2211 3224 τὰ
2263 3171 2374 3225 τῶν
2419 3171 2732 3226 ἀποστόλων
2781 3172 2999 3244 ᾄδοντες
3029 3213 3044 3239 ,
3103 3173 3196 3227 καὶ
3233 3173 3334 3225 οὐκ
3381 3173 3466 3239 ἐφ’
3511 3174 3729 3226 ἑαυτῶν

2145 3258 2519 3328 σχεδιάζοντες
2560 3259 2630 3314 τὰ
2660 3260 3009 3333 ἐμμάρτυρα.
3050 3278 3071 3314 ί
3120 3261 3399 3332 Ψὰλωμεν
3434 3262 3728 3333 τοιγαροῦν

2143 3351 2221 3422 τῷ
2266 3350 2389 3421 Θεῷ
2435 3352 2614 3423 ἡμῶν,
2651 3353 2950 3424 ψάλωμεν·
2995 3355 3079 3409 ὅτι
3123 3354 3387 3425 ἐγνώρισε
3431 3355 3634 3427 Κύριος
3662 3355 3725 3407 τὸ

2146 3442 2412 3514 σωτήριον
2443 3444 2629 3511 αὑτοῦ,
2664 3449 2761 3498 καὶ
2794 3446 3035 3501 ἐναντίον
3064 3446 3174 3500 τῶν
3206 3448 3374 3503 ἐθνῶν
3404 3447 3724 3517 ἀπεκάλυψε

2144 3531 2245 3603 τὴν
2270 3532 2616 3603 δικαιοσύνην
2646 3534 2834 3589 αὐτοῦ.
2890 3553 2906 3588 t
2944 3537 3243 3600 Ἔκστασις
3268 3537 3369 3608 γὰρ
3394 3538 3483 3590 καὶ
3509 3538 3721 3605 φρικτὰ

2145 3625 2368 3692 γέγονεν
2404 3624 2620 3695 ἀληθῶς
2660 3626 2755 3679 ἐπὶ
2778 3627 2877 3698 τῆς
2904 3627 3038 3698 γῆς·
3076 3628 3285 3699 φοϐερὰ
3321 3628 3408 3681 καὶ
3436 3627 3716 3697 παράδοξα

2149 3713 2257 3767 ἴδεν
2307 3715 2340 3784 ὴ
2389 3715 2595 3779 κτίσιςο
2638 3736 2656 3768 ι
2701 3717 2834 3770 Θεὸν
2874 3719 2968 3772 ἐπὶ
3010 3720 3114 3789 γῆς
3148 3719 3424 3789 ὀφθέντα,
3469 3718 3562 3771 καὶ⁵
3602 3722 3717 3784 τοῖς

2147 3804 2457 3876 ἀνθρώποις
2509 3809 3023 3881 συναναστραφέντα
3051 3825 3063 3839 ·
3115 3831 3133 3863 ι
3183 3810 3312 3863 Θεὸν
3345 3810 3488 3864 κατὰ
3541 3810 3724 3880 σάρκα

2145 3895 2429 3965 τεχθέντα,
2464 3896 2556 3950 καὶ
2588 3897 2696 3949 τῶν
2723 3898 2968 3968 οὐρανῶν
3000 3900 3073 3969 μὴ
3096 3901 3405 3954 διαστάντα.
3446 3918 3465 3952 ι
3501 3900 3613 3953 Καὶ
3640 3901 3727 3963 τίς

2149 3988 2284 4053 πρὸς
2316 3988 2488 4041 ταῦτα
2523 3988 2739 4052 ἱκανός;
2772 3990 2869 4052 Τίς
2901 3990 3125 4060 λαλήσει
3155 3991 3254 4053 τὰς
3284 3991 3601 4055 δυναστείας
3628 3993 3726 4046 τοῦ

2147 4082 2376 4151 Κυρίου,
2403 4082 2674 4144 ἀκουστὰς
2689 4082 2903 4152 ποιήσει
2926 4085 3102 4147 πάσας
3119 4084 3215 4147 τὰς
3234 4084 3465 4147 αίνέσεις
3489 4083 3675 4149 αὐτοῦ;
3700 4104 3719 4135 ι

2157 4172 2394 4226 Τέτοκεν
2429 4174 2463 4242 ή
2490 4171 2786 4243 Παρθένος,
2821 4174 2854 4243 ἡ
2882 4176 3019 4225 κατὰ
3048 4174 3139 4226 τὸν
3180 4174 3403 4227 Ἡσαΐαν
3433 4176 3725 4247 προφῆτις,

2147 4263 2239 4316 τὸν
2283 4264 2655 4334 Ἐμμανουήλ,
2685 4265 2812 4319 ἄνευ
2841 4263 3064 4334 ἀνδρός*
3102 4264 3191 4317 τὸν
3229 4263 3557 4335 γεννηθέντα
3596 4266 3735 4336 ἡμῖν

2079 4379 2120 4434 1)
2151 4354 2279 4410 ἄνευ
2300 4355 2526 4426 πατρὸς,
2556 4356 2663 4425 πρὸ
2688 4355 2900 4409 αἰώνων
2935 4376 2953 4409 ι
2988 4357 3158 4426 Σοφία
3186 4357 3293 4410 ἀπὸ
3316 4356 3453 4410 Θεοῦ
3486 4357 3725 4428 Πατρὸς,

2149 4449 2463 4519 δικαιοσύνη
2476 4466 2536 4501 τε
2549 4449 2642 4502 καὶ
2665 4449 2955 4518 ἁγιασμὸς,
2973 4449 3068 4502 καὶ
3096 4448 3491 4520 ἀπολύτρωσις.
3510 4468 3527 4501 ι
3558 4450 3724 4502 Τέτο-

2153 4558 2248 4594 κεν
2275 4542 2308 4610 ἡ
2338 4540 2630 4610 προφῆτις,
2659 4543 2732 4609 μὴ
2754 4539 3049 4607 ἐπιγνοῦσα
3077 4540 3169 4594 τὸν
3196 4540 3395 4611 τρόπον
3416 4541 3513 4610 τῆς
3534 4540 3729 4610 συλλή-

2150 4631 2318 4702 ψεως.
2344 4631 2546 4689 Καινὸν
2567 4632 2626 4684 τὸ
2653 4631 2834 4701 θαῦμα
2865 4633 2958 4685 καὶ
2986 4632 3411 4702 ἀνερμήνευτον.
3450 4632 3528 4684 Δι’
3553 4633 3726 4701 ἀκοῆς

2155 4721 2450 4774 συνέλαϐεν
2465 4723 2497 4792 ή
2512 4720 3023 4792 Μαρίαὴπροφῆτις
3036 4721 3169 4773 Θεὸν
3183 4720 3379 4785 ζῶντα.
3397 4719 3605 4790 Φυσικὴ
3618 4722 3727 4788 γὰρ
3756 4716 3768 4773 ,’

2154 4812 2324 4877 δίοδος
2356 4812 2464 4865 τῶν
2498 4813 2749 4883 λόγων,ή
2790 4812 2949 4882 ἀκοή.
2998 4814 3243 4884 Ἐκείνης
3264 4815 3297 4883 ή
3325 4812 3607 4882 σύλληψις,
3642 4811 3731 4864 διλ
3785 4876 3798 4901 ι

2153 4904 2406 4974 γλώσσης
2425 4906 2846 4976 προσενεχθεῖσα
2873 4906 2965 4959 ἐπὶ
2990 4905 3080 4965 τὸν
3102 4904 3290 4975 ἄνδρα,
3321 4903 3381 4958 τὸ
3400 4904 3493 4973 τῆς
3520 4902 3733 4973 ἀνθρω-

2154 4998 2388 5068 πὸτητος
2432 4997 2672 5068 πρέμνον
2716 4997 2788 5060 ώς
2831 4996 2963 5066 φλὸξ
2991 4996 3324 5066 ἀπεξήρανε.
3358 4994 3569 5064 Ταύτης
3600 4993 3654 5045 δὲ
3697 4996 3732 5063 ἡ

3345 5151 3392 5183 ⁹³
3426 5150 3560 5203 ibid.
3599 5149 3687 5202 ‘27.

2379 5226 2423 5255 ⁹⁷
2459 5225 2503 5278 ll
2527 5225 2651 5278 Cor.
2708 5239 2742 5276 ιι
2769 5274 2783 5291 ,
2812 5224 2895 5276 16.
3020 5224 3065 5253 9⁸
3123 5222 3265 5275 Psal.
3306 5238 3389 5285 ev,
3416 5222 3468 5273 2.
3554 5220 3728 5273 "isa.

2144 5410 2398 5470 serpente
2452 5400 2580 5474 fuit,
2621 5404 2801 5456 suasio
2858 5404 2948 5457 illa
2986 5404 3086 5457 viri
3122 5402 3188 5456 ad
3228 5404 3372 5472 pomi
3407 5420 3579 5467 csum,
3614 5421 3731 5474 quo

2145 5486 2275 5545 vere
2299 5473 2516 5545 exaruit
2537 5473 2598 5545 τὸ
2623 5474 2721 5545 τῆς
2751 5475 3169 5545 ἁνθρωπότητος
3205 5476 3473 5544 πρέμνον·
3502 5473 3729 5545 germen

2144 5540 2275 5664 ιιιυὲ
2326 5540 2701 5607 humanitatis,
2729 5558 2794 5597 ex
2829 5540 2935 5613 qua
2974 5540 3085 5597 tota
3121 5540 3359 5597 humana
3409 5540 3603 5601 natura
3634 5560 3729 5601 se~

2145 5624 2239 5664 ren
2283 5627 2312 5664 a
2344 5622 2483 5667 erat.

2145 5624 2312 5664 renda
2344 5624 2483 5666 erat.

2218 5679 2327 5749 (80)
2363 5682 2525 5739 Forte
2558 5683 3139 5755 λαμπροφορήσαντες.
