4048 6210
354 379 501 439 T393

1166 368 1448 425 nemus
1489 354 1573 425 iv.
1615 366 1683 422 ιιι
1726 363 1782 421 s.
1816 363 2164 421 DEIPARAM
2202 364 2289 420 ET
2331 363 2696 422 SlMEONEM.

3466 370 3613 426 i159"

356 497 578 569 κύησις,
607 490 693 547 διὰ
726 482 964 558 γαστρὸς
986 485 1336 550 ἀνατείλασα,
1360 484 1449 537 τὸν
1489 481 1699 555 καρπὸν
1728 482 1823 535 σὺν
1843 480 1919 551 τῷ

2021 487 2218 535 ventre
2261 474 2449 535 oriens
2481 488 2699 550 partus,
2747 494 2872 535 cum
2904 488 3099 538 trunco
3137 481 3374 540 fructum
3422 485 3600 543 viviti-ﬁ

346 588 576 662 πρέμνῳ
603 579 1029 649 ἀνεζωοποίησε.

418 678 491 733 Γ.
532 676 656 739 Διὸ,
688 674 764 736 ὡς
802 669 1076 740 ὀφειλέται
1115 667 1210 722 καὶ
1250 667 1518 722 θεόδουλοι
1557 666 1917 737 εὐγνώμονες,

343 769 763 840 ὁμολογήσωμεν
790 761 869 829 τῷ
886 778 946 815 τε
977 760 1093 831 Θεῷ
1127 760 1301 831 Λόγῳ,
1328 762 1395 828 τῇ
1423 776 1482 811 τε
1503 760 1711 831 Μητρὶ,
1741 759 1804 811 τὸ
1823 760 1917 814 τοῦ

342 860 501 927 λόγου
529 856 702 927 δῶρον
724 895 745 920 ,
774 855 899 907 ὅσον
931 852 1286 925 ὲπαρκοῦμεν
1313 870 1324 883 ’
1364 852 1438 923 μὴ
1466 852 1918 922 ὲπαισχυνόμενοι

341 953 442 1024 τὴν
466 948 771 1021 μειονεξίαν
796 948 914 1002 τῶν
928 946 1262 1018 προσαξιῶνο
1289 944 1405 1000 ἀλλ’
1434 945 1819 1016 ὲφηδυνόμενοι
1849 949 1914 1018 τῇ

339 1042 586 1113 ἡμετέρᾳ
635 1039 831 1108 φύσει,
889 1036 1352 1110 προσκυνούμενοι
1401 1037 1462 1090 τὸ
1501 1037 1767 1108 ὑπερέχον
1808 1039 1914 1090 τῶν

339 1131 706 1185 Δεσποτικῶν.
743 1131 819 1186 Οὐ
867 1118 1342 1202 γάρ“περιγράψαι
1391 1130 1701 1201 ῥητορικοῖς
1733 1128 1913 1197 λόγοις

339 1222 439 1292 τὴν
488 1218 858 1294 προκειμένην
915 1219 1195 1278 ὑπόθεσιν,
1218 1219 1361 1273 κατά
1414 1219 1508 1271 τὸν
1573 1218 1912 1291 ἀνθρώπινον

294 1316 297 1319 ’
340 1311 875 1385 προσαγωνιζόμενοι
903 1311 1097 1381 νόμον,
1142 1309 1258 1364 ἀλλ’
1282 1308 1661 1381 ὲκλαμφθῆναι
1686 1310 1764 1381 τῷ
1796 1327 1912 1379 φω-

338 1405 520 1475 τισμῷ
539 1404 638 1471 τῆς
659 1403 811 1467 Θείας
844 1402 1085 1473 μνήμης.
1115 1400 1229 1454 ’Δεὶ
1251 1401 1349 1472 μὲν
1366 1403 1476 1470 γὰρ
1495 1401 1559 1454 τὸ
1585 1401 1906 1473 ἡττηθῆναι,

340 1499 451 1560 τοῖς
486 1495 798 1556 ἀντιπάλοις
831 1493 988 1564 φέρει
1018 1492 1118 1564 τὴν
1156 1493 1402 1557 ἀδοξίαν·
1450 1492 1683 1548 ἐνταῦθα
1710 1493 1767 1547 δὲ
1795 1533 1810 1558 ,
1851 1493 1912 1547 τὸ

342 1584 617 1656 ὑποκύψαι
653 1587 765 1649 τοῖς
809 1585 947 1655 ὑπὲρ
987 1582 1310 1653 κατάληψιν,
1347 1581 1469 1651 ἄγει
1510 1583 1609 1654 τὴν
1642 1583 1905 1651 εὐδοξίαν.

342 1675 607 1745 ’Ἥκωμεν
638 1673 926 1745 τοιγαροῦν
966 1672 1178 1741 εὐαγῶς
1215 1670 1307 1724 ἐπὶ
1333 1671 1424 1724 τὸν
1462 1670 1651 1742 ὕμνον,
1680 1674 1907 1743 ἥκωμεν

341 1766 638 1837 χαίροντες,
656 1764 862 1834 ἀνευφη
870 1763 1114 1835 μοῦντες,
1133 1760 1535 1831 δοξολογοῦντες
1555 1763 1648 1816 καὶ
1666 1762 1905 1833 μεγαλύ-

2022 571 2187 625 cavit.

2091 660 2180 716 ΙΙΙ.
2204 661 2413 717 Idcirco
2438 661 2589 717 velut
2613 661 2893 719 debitores
2917 663 3127 736 Deique
3147 667 3292 722 servi
3320 666 3601 737 benevoli,

2019 760 2135 806 tum
2166 752 2263 807 Dei
2298 752 2508 817 Verbo,
2558 760 2675 807 tum
2725 753 2918 820 Matri,
2971 762 3236 826 quantum
3277 773 3600 828 possumus,

2017 845 2172 901 verbi
2214 845 2419 900 donum
2466 846 2812 902 confessione
2848 864 3164 917 premamus
3197 866 3211 903 :
3246 865 3356 905 non
3398 852 3600 907 erube-

2016 945 2233 992 scentes
2279 938 2600 1017 tenuitatem
2644 938 3020 1005 oblationum;
3065 941 3163 996 sed
3198 950 3408 998 natura.
3444 943 3603 1000 bonis

2015 1024 2159 1089 laeti,
2207 1041 2272 1081 ac
2310 1026 2654 1083 Dominicam
2696 1030 3077 1086 excellentiam
3118 1031 3430 1087 adorantes.
3480 1035 3600 1090 Non

2013 1115 2161 1170 enim
2192 1131 2259 1172 eo
2288 1117 2668 1187 praeludimus,
2702 1128 2764 1175 ut
2786 1122 2939 1192 juxta
2980 1122 3251 1177 humanas
3281 1123 3431 1194 leges
3471 1140 3599 1179 ora-

2016 1208 2173 1263 toriis
2208 1210 2561 1266 sermonibus
2582 1222 2965 1283 argumentum
3010 1214 3321 1285 subjectum
3355 1216 3597 1272 circum-

2012 1298 2318 1367 cludamus,
2347 1302 2445 1358 sed
2477 1313 2539 1359 ut
2567 1305 2846 1360 memoriae
2872 1304 3072 1361 divina:
3099 1322 3328 1363 corusco
3354 1309 3597 1365 illustre-

2012 1406 2155 1447 mur.
2204 1393 2418 1464 Ubique
2460 1410 2592 1450 sane
2630 1395 2701 1451 ab
2743 1396 3080 1465 adversariis
3118 1399 3369 1469 superari
3417 1399 3596 1470 inglo-

2013 1485 2155 1539 rium
2201 1484 2340 1540 :hic
2377 1494 2592 1552 autem,
2639 1486 2709 1542 iis
2755 1489 3119 1544 succumbere
3163 1504 3287 1562 quae
3332 1488 3596 1561 superant

2010 1577 2555 1647 comprehensionem
2575 1616 2591 1644 ,
2642 1578 2804 1649 plane
2846 1579 3166 1651 gloriosum.
3214 1582 3309 1638 Pie
3357 1596 3487 1653 ergo
3534 1590 3594 1638 et

2008 1675 2198 1721 sancte
2220 1666 2288 1721 ad
2311 1667 2584 1723 canticum
2614 1669 2968 1737 accedamus;
2994 1672 3319 1728 accedamus
3340 1671 3599 1744 gauden-

2009 1763 2115 1822 tes,
2150 1757 2297 1813 clara
2329 1758 2672 1815 celebrantes
2695 1759 2873 1827 fama;
2901 1761 3271 1832 glorificantes
3294 1772 3354 1820 et
3380 1763 3596 1835 magni-

339 1830 518 1920 ;ov‘rs;
546 1855 606 1908 τὸ
630 1855 772 1927 ὑπὲρ
944 1855 1034 1909 καὶ
1060 1854 1216 1923 λόγον
1239 1830 1558 1925 μυστήριον,
1590 1830 1909 1926 ἐξάρχοντες

2021 1846 2245 1904 deantes
2271 1849 2419 1919 quod
2451 1850 2789 1906 intellectum
2831 1830 3251 1924 sermonemque
3286 1830 3599 1910 sacramen-

337 1945 432 2000 τοῦ
462 1945 873 2018 οὐρανοπολίτου
905 1944 1146 2017 Γαϐριὴλ
1166 1944 1274 1998 τῶν
1307 1943 1469 1998 θείων
1489 1943 1912 2016 προσφθεγκτη-

344 2036 494 2109 ρίων,
512 2038 607 2093 καὶ
627 2038 895 2107 λέγοντες·
937 2057 956 2088 ι
987 2039 1181 2108 Χαῖρε,
1197 2036 1636 2111 κεχαριτωμένη,
1660 2038 1689 2090 ὀ
1708 2037 1913 2109 Κύριος

344 2129 482 2199 μετά
504 2129 619 2183 σοῦ.
657 2147 676 2180 ι
705 2128 839 2183 Μεθ’
867 2122 927 2183 οὗ
952 2127 1407 2199 δευτερώσωμενο
1438 2129 1632 2200 Χαῖρε,
1656 2128 1716 2182 τὸ
1750 2129 1914 2184 ἐκπό-

342 2222 501 2293 θητον
527 2220 682 2291 ἡμῶν
707 2219 1130 2291 εὐιρραντήριον·
1160 2220 1340 2291 χαῖρε,
1459 2215 1915 2284 ἐκκλησιαστικὸν

340 2311 688 2382 άγαλλίασμα
714 2327 728 2340 ·
777 2313 954 2381 χαῖρε,
1007 2309 1069 2362 τὸ
1091 2308 1356 2380 ἡδύπνοον
1398 2309 1599 2380 ὄνομα.⁶
1627 2313 1809 2383 χαῖρε,
1851 2312 1912 2366 τὸ

341 2399 645 2473 θεολαμπὲς
663 2401 753 2454 καὶ
770 2398 1026 2471 περίχαρι
1043 2399 1352 2472 πρόσωπον·
1376 2400 1608 2472 χαίροις,
1629 2402 1690 2455 τὸ
1714 2403 1916 2457 πάνσε-

341 2512 476 2549 πτον
511 2494 854 2566 μνημόσυνον
874 2512 890 2527 ·
921 2493 1155 2566 χαίροις,
1184 2496 1219 2565 ἠ
1255 2496 1524 2565 σωτήριος
1548 2496 1641 2550 καὶ
1667 2511 1913 2565 πνευμα-

337 2586 467 2658 τικὴ
517 2586 777 2650 κώδεσιςθ
809 2585 1042 2658 χαίροις,
1071 2586 1468 2655 φωτοστόλιστε
1498 2589 1674 2659 μῆτερ
1714 2587 1912 2641 ἀδύτου

343 2677 613 2747 φέγγους*
667 2677 901 2749 χαίροις,
966 2676 1315 2749 πανάχραντε
1361 2679 1534 2749 μῆτερ
1594 2678 1909 2746 ἁγιότητος

347 2766 577 2838 χαίροις,
601 2764 934 2837 διειδεστάτη
989 2764 1141 2836 πηγὴ
1175 2765 1269 2819 τοῦ
1315 2765 1579 2830 ζωοποιοῢ
1624 2765 1867 2835 νάματος
1894 2780 1911 2797 ο

343 2857 583 2928 χαίροις,
622 2855 721 2911 νέα
757 2855 933 2927 μῆτερ
976 2855 1073 2909 καὶ
1121 2855 1392 2923 νεογενίας
1431 2855 1489 2909 τὸ
1538 2855 1872 2928 πλαστήριον
1896 2872 1911 2886 ο

344 2948 576 3020 χαίροις,
594 2948 967 3020 ἁνερμήνευτε
988 2948 1163 3018 μῆτερ
1188 2945 1566 3017 ἀκαταληψίας
1587 2963 1601 2977 ο
1632 2947 1864 3019 χαίροις,
1880 2949 1909 3002 δ

343 3035 530 3100 καινὸς
554 3034 697 3089 κατά
732 3035 960 3089 Ἡσαΐαν
982 3034 1148 3105 τόμος
1174 3035 1273 3105 τῆς
1300 3033 1423 3100 νέας
1452 3037 1775 3108 συγγραφῆς
1798 3078 1814 3101 .
1845 3032 1913 3109 ἧς

347 3125 620 3195 μάρτυρες
653 3125 853 3191 πιστοὶ,
876 3124 1096 3194 ἄγγελοι
1122 3140 1180 3177 τε
1211 3126 1305 3178 καὶ
1329 3125 1605 3198 ἄνθρωποι
1628 3143 1644 3158 ο
1678 3128 1911 3198 χαίροις,

343 3216 406 3268 τδ
435 3215 777 3285 ἀλάϐαστρον
805 3214 899 3269 τοῦ
936 3215 1256 3284 ἀγιαστικοῦ
1291 3219 1484 3288 μύρουο
1517 3217 1751 3289 χαίροις,
1783 3219 1917 3273 καλ·

342 3298 609 3378 λιέμπορε
654 3305 750 3359 τοῦ
796 3304 1131 3378 παρθενικοῦ
1185 3306 1482 3379 δηναρίουο
1536 3307 1769 3379 χαίροις,
1801 3304 1916 3363 οἷον

344 3397 570 3468 πλάσμα
585 3398 679 3451 καὶ
696 3396 1117 3469 περιδρακτικὸν
1143 3395 1236 3451 τοῦ
1264 3397 1664 3469 πλαστουργοῦ·
1679 3398 1913 3470 χαίροις,

344 3487 581 3561 χώρημα
624 3488 937 3561 ἐλάχιστον,
978 3491 1277 3562 χωρήσασα
1302 3488 1393 3543 τὸν
1420 3490 1534 3551 τοῖς
1560 3490 1726 3542 πᾶσιν
1772 3487 1919 3559 ἀχώ-

350 3597 529 3653 ρητον.

303 3677 307 3679 “
414 3676 488 3729 Δ’.
510 3673 616 3727 Καὶ
635 3672 716 3738 τίς
734 3673 831 3745 τὴν
845 3672 1040 3742 γενεὰν
1060 3670 1151 3726 τοῦ
1168 3672 1524 3743 ἀρχαιοτέρου
1544 3671 1645 3743 τῆς
1665 3670 1919 3741 γνώσεως

345 3763 666 3836 διηγήσεται
692 3780 707 3830 ;
729 3764 781 3817 τί
808 3763 1208 3834 θαυμάσωμεν;
1235 3760 1328 3815 τὸν
1349 3762 1491 3818 θετον
1520 3764 1614 3817 καὶ
1645 3763 1921 3833 ἀνὲκφρα-

348 3874 472 3911 στον
503 3857 684 3920 τόκον,
719 3856 752 3927 ἢ
789 3858 889 3927 τὴν
919 3855 1325 3925 ἀνερμήνευτον
1352 3854 1605 3925 λοχείαν;
1639 3857 1715 3910 Οὐ
1755 3873 1916 3927 περι-

345 3952 632 4024 δράττεται
654 3952 816 4021 λόγῳ,
834 3949 901 4004 τά
920 3949 1061 4019 ὑπὲρ
1080 3948 1258 4017 λόγον·
1299 3949 1361 4003 οὐ
1393 3950 1795 4021 περιγράφεται
1823 3951 1919 4021 νῷ,

346 4045 415 4096 τὰ
439 4044 579 4114 ὑπὲρ
602 4042 831 4094 ἔννοιαν.
857 4041 918 4092 Εἰ
948 4032 1057 4109 γὰρ
1076 4039 1165 4092 καὶ
1188 4039 1505 4111 κατατολμᾷ
1525 4041 1773 4111 γραφεὺς
1795 4056 1921 4112 γρα·

350 4133 461 4196 φῖδι
476 4132 798 4202 διαχαράξαι
811 4131 908 4202 τὴν
925 4130 1134 4202 μητέρα
1147 4130 1246 4202 τῆς
1260 4130 1592 4196 οἰκονομίας,
1616 4131 1733 4185 ἀλλ’
1748 4131 1923 4186 οὐδενὶ

348 4221 491 4293 λόγῳ
516 4223 786 4293 ἐκφράσαι
814 4222 1101 4293 δυνήσεται
1133 4221 1223 4276 τὸν
1249 4222 1450 4294 τρόπον
1476 4223 1573 4294 τῆς
1602 4223 1922 4295 κυοφορίας;

356 4315 423 4367 Ti
466 4309 602 4380 06v;
641 4314 817 4385 ἀρχὴν
856 4312 1135 4384 ἐπιθῶμεν
1184 4312 1262 4384 τῷ
1306 4312 1477 4385 τόκῳ;
1523 4312 1639 4367 ἀλλ’
1673 4313 1772 4384 οὐχ
1820 4313 1925 4383 ὑφ·

350 4406 601 4476 ἑστηκεν.
630 4407 953 4476 ’Λτρεπτον,
988 4406 1243 4476 ἄναρχον,
1264 4404 1432 4458 ἀΐδιον
1454 4402 1810 4476 ὀνομάζωμεν
1832 4404 1924 4459 τὸν

2019 1946 2137 1993 tum
2165 1950 2458 2011 exsuperat
2483 1959 2496 1995 :
2527 1951 2691 2012 atque
2716 1959 2746 1997 a
2772 1944 2983 2001 emlesti
3022 1944 3171 2000 illius
3200 1944 3339 2001 civis
3372 1945 3595 2002 Gabriel

2020 2031 2348 2089 salutatione
2386 2034 2546 2090 initio
2606 2034 2809 2101 ducto,
2867 2036 3114 2093 dicamus
3154 2053 3169 2093 :
3212 2057 3231 2089 ι
3278 2037 3412 2102 Ave,
3468 2052 3597 2109 gra-

2019 2120 2162 2176 tiosa
2192 2121 2325 2193 (81),
2353 2124 2619 2180 Dominus
2642 2132 2824 2182 tecum
2853 2129 2896 2180 ³.
2936 2146 2956 2179 ι
2983 2126 3121 2182 Cum
3147 2143 3258 2198 quo
3288 2128 3487 2183 iterum
3512 2143 3601 2184 re-

2019 2226 2301 2269 sumamus
2335 2230 2349 2268 :
2390 2229 2511 2281 are,
2544 2215 2852 2273 desiderata
2889 2218 3053 2273 nobis
3082 2218 3300 2286 laetitia;
3332 2235 3454 2284 ave,
3477 2220 3597 2291 glo-

2019 2301 2184 2358 riatio
2210 2303 2501 2371 Ecclesiae;
2524 2321 2643 2372 ave,
2666 2322 2866 2363 nomen
2890 2308 3049 2364 dulce
3073 2309 3318 2379 spirans;
3350 2325 3472 2375 ave,
3508 2310 3593 2365 di-

2018 2395 2146 2451 vine
2169 2394 2383 2468 fulgens
2409 2398 2814 2470 admodumque
2837 2402 3072 2472 gratiosa
3098 2400 3298 2467 facies;
3332 2417 3454 2467 ave,
3472 2418 3600 2473 per-

2020 2500 2185 2557 quam
2210 2487 2520 2545 venerabilc
2547 2490 2976 2558 monimentum;
3006 2506 3126 2558 ave,
3152 2493 3329 2549 vellus
3357 2494 3597 2550 salutare

2019 2586 2077 2634 et
2118 2578 2396 2648 spiritale;
2440 2591 2562 2643 ave,
2590 2579 2777 2634 lumen
2801 2580 3027 2647 induta,
3069 2591 3247 2636 mater
3281 2583 3592 2653 splendoris

2017 2668 2315 2723 nescientis
2335 2683 2588 2723 occasum
2605 2686 2620 2735 ;
2644 2685 2763 2733 ave,
2784 2671 3263 2729 intemeratissima
3278 2683 3457 2728 mater
3473 2690 3598 2730 san-

2019 2758 2254 2825 ctitatis;
2280 2773 2401 2825 ave,
2419 2761 2847 2830 pellucidissime
2866 2761 2987 2819 fons
3010 2763 3213 2820 viviﬁci
3234 2764 3445 2833 laticis;
3495 2781 3598 2822 ave

2019 2848 2118 2914 sis,
2140 2864 2281 2905 nova
2303 2857 2498 2916 mater,
2549 2862 2607 2908 et
2646 2854 2773 2907 novi
2822 2862 2979 2909 ortus
3021 2854 3309 2923 ﬁctitium;
3355 2871 3456 2913 ave
3497 2857 3595 2923 sis,

2021 2938 2588 3011 incomprehensionis
2620 2951 2795 2999 mater
2822 2944 3248 3014 inexplicabilis;
3276 2961 3397 3011 ave,
3423 2961 3600 3002 novus

2022 3027 2113 3085 ille
2134 3029 2290 3100 juxta
2308 3029 2506 3086 Isaiam
2530 3032 2549 3063 ³
2576 3040 2757 3088 tomus
2791 3033 3109 3103 scriptionis
3134 3050 3308 3102 novae,
3324 3037 3484 3108 cuius
3505 3035 3597 3091 ﬁdi

2022 3126 2210 3186 testes,
2235 3122 2411 3193 angeli
2435 3129 2601 3193 atque
2627 3123 2909 3191 homines;
2944 3140 3065 3191 ave,
3101 3126 3435 3181 alabastrum
3464 3127 3598 3182 illud

2019 3211 2285 3282 unguenti
2330 3212 2810 3282 sanctiﬁcationis;
2855 3230 2955 3270 ave
2988 3216 3083 3282 sis,
3105 3215 3250 3271 bona
3300 3217 3595 3272 mercatrix

2018 3303 2233 3359 denarii
2264 3304 2625 3375 virginitatis;
2654 3321 2778 3370 ave,
2814 3320 2915 3360 ceu
2954 3305 3297 3375 ﬁgmentum,
3330 3308 3425 3363 sed
3452 3309 3600 3378 quod

2018 3390 2265 3447 ﬁctorem
2284 3392 2485 3447 habeat
2511 3393 2915 3462 circumplecti;
2944 3408 3044 3448 ave
3060 3393 3158 3460 sis,
3193 3394 3419 3450 minima
3442 3412 3604 3466 capa-

2021 3481 2178 3549 citas,
2208 3479 2365 3536 illum
2394 3481 2619 3552 capiens
2643 3496 2816 3554 quem
2855 3482 3005 3537 nulla
3035 3498 3125 3541 res
3152 3483 3352 3554 capiat.

2093 3681 2182 3737 ιν.
2209 3680 2344 3748 Quis
2382 3696 2547 3751 porro
2586 3680 2734 3736 illius
2769 3680 2863 3751 qui
2908 3680 3137 3737 scientia
3171 3691 3258 3741 est
3285 3682 3599 3753 antiquior,

2022 3772 2431 3845 generationem
2474 3772 2753 3828 enarrabit
2783 3773 2842 3827 υἱ
2872 3772 3013 3839 Quid
3058 3773 3425 3841 admiremur;
3457 3775 3601 3829 divi-

2023 3879 2228 3920 numne
2257 3874 2314 3919 et
2352 3864 2683 3920 ineﬂ‘abilem
2719 3874 2935 3934 partum
2955 3905 2970 3931 ,
2998 3881 3066 3919 an
3091 3873 3419 3935 conceptum
3451 3867 3604 3921 inex-

2024 3956 2374 4029 plicabilem?
2396 3956 2515 4011 Non
2541 3964 2724 4026 potest
2748 3957 2928 4012 oratio
2981 3957 3269 4033 complecti
3292 3974 3415 4029 qua:
3437 3973 3604 4030 supe-

2027 4056 2153 4103 rant
2174 4048 2464 4103 rationem.
2492 4048 2612 4104 Non
2636 4048 3046 4105 circumscribit
3092 4048 3311 4105 animus
3330 4064 3451 4121 qua:
3477 4057 3606 4105 sunt

2027 4155 2194 4210 supra
2221 4139 2580 4196 intellectum.
2606 4140 2928 4212 Quanquam
2959 4141 3108 4197 enim
3140 4142 3423 4212 praesumit
3464 4142 3604 4198 scri-

2027 4239 2154 4302 ptor
2173 4231 2315 4303 ston
2336 4246 2563 4287 exarare
2585 4240 2816 4287 matrem
2840 4231 3266 4302 dispensationis
3290 4231 3426 4305 (82),
3455 4233 3605 4287 nulla

2029 4329 2214 4376 tamen
2263 4321 2477 4378 ratione
2528 4320 2752 4376 modum
2799 4330 2988 4391 partus
3030 4322 3339 4378 edisserere
3381 4323 3605 4396 poterit.

2028 4410 2173 4478 Quid
2204 4427 2337 4483 ergo
2378 4411 2599 4467 initium
2646 4411 2828 4482 partui
2873 4412 3335 4482 imposuerimus?
3385 4415 3454 4470 At
3496 4428 3607 4469 non

349 4498 640 4570 τεχθέντας
675 4498 789 4552 ἀλλ’
825 4497 1000 4569 ἀρχὴν
1039 4496 1359 4575 ὑποχρόνιον
1402 4496 1677 4552 δείκνυσιν
1709 4499 1743 4569 ἡ
1777 4497 1922 4552 κατά

2028 4503 2300 4569 consistit,
2320 4503 2468 4559 velut
2492 4502 2873 4568 immutabilis,
2885 4502 3036 4558 velut
3057 4503 3327 4575 principio
3347 4505 3604 4561 carentis.

353 4590 535 4660 σάρκα
581 4589 855 4659 γέννησις.
883 4588 1093 4660 Βρέφος
1121 4584 1215 4643 οὖν
1239 4570 1560 4658 καλέσωμεν
1593 4587 1687 4642 τὸν
1729 4605 1924 4659 γεννη-

351 4682 532 4748 θέντας
563 4681 699 4735 ἀλλὰ
727 4679 961 4736 Παλαιὸν
987 4681 1151 4737 αὐτὸν
1171 4681 1281 4735 τῶν
1303 4680 1527 4753 ἡμερῶν
1561 4682 1652 4736 καὶ
1677 4682 1917 4754 Ποιητὴν

350 4774 459 4828 τῶν
492 4773 705 4828 αἰώνων
734 4773 1096 4845 γνωρίζομεν.
1130 4774 1330 4845 Θαῦμα
1358 4774 1422 4827 τὸ
1465 4775 1594 4828 πᾶν.
1621 4774 1790 4829 Ὅταν
1824 4776 1925 4846 μὲν

350 4856 460 4937 γὰρ
491 4866 627 4938 πρὸς
655 4866 754 4937 τὴν
786 4866 980 4934 ὕφεσιν
1010 4867 1192 4938 βλέπω
1220 4867 1323 4936 τῆς
1357 4867 1578 4938 σαρκὸς,
1610 4867 1827 4921 ἀνέλκει
1860 4882 1929 4937 με

348 4957 447 5026 τῆς
476 4956 783 5029 θεότητοςή
813 4957 1098 5021 ἐπίστασις
1120 4975 1134 4990 ·
1163 4959 1293 5013 ὅταν
1324 4959 1382 5012 δὲ
1412 4957 1574 5011 πάλιν
1604 4958 1928 5029 ἀναχθῶμεν

353 5044 488 5115 (80‘)
521 5046 621 5113 τῆς
652 5047 937 5119 θεότητος,
980 5048 1238 5102 καθέλκει
1267 5066 1333 5119 με
1352 5044 1507 5112 αὖθις
1526 5049 1588 5101 τὸ
1613 5048 1809 5120 μέτρον
1836 5050 1931 5103 καὶ

351 5134 788 5202 ἀφαντασίαστον
838 5138 937 5207 τῆς
993 5138 1196 5208 σαρκός
1222 5155 1236 5169 ν
1288 5140 1382 5191 καὶ
1436 5137 1498 5192 τδ
1538 5138 1781 5210 ἄρρητον
1827 5141 1928 5210 τῆς

354 5227 659 5297 ἀσυγχύτου
706 5229 954 5294 ἑνώσεως
985 5231 1095 5284 τῶν
1135 5231 1373 5302 φύσεων,
1417 5230 1802 5302 παιδευτήριόν
1835 5248 1927 5301 μοι

2026 4593 2444 4651 Nominabimus
2461 4603 2751 4660 aeternum,
2779 4603 2968 4650 natum
2999 4596 3264 4665 puerum?
3285 4604 3342 4650 at
3367 4596 3611 4652 ostendit

2024 4685 2284 4742 nativitas
2331 4685 2564 4742 carnalis
2616 4695 2981 4756 temperance
3021 4685 3332 4741 durationis
3365 4686 3606 4742 initimn.

2024 4778 2280 4835 Dicemus
2300 4792 2430 4848 ergo
2463 4777 2725 4832 infantem
2757 4786 2915 4847 partu
2954 4777 3165 4834 editum
3192 4778 3345 4833 illum
3362 4778 3387 4832 Ἰ
3407 4778 3478 4833 At
3498 4778 3609 4833 sci-

2024 4882 2148 4922 mus
2173 4867 2474 4937 Antiquom
2509 4867 2724 4922 dierum
2753 4869 2796 4933 ⁸,
2823 4876 2881 4922 et
2914 4866 3179 4924 factorem
3204 4868 3528 4924 saeculorum
3564 4870 3606 4924 ⁸.

2031 4958 2360 5015 Universum
2390 4959 2736 5015 miraculum.
2765 4958 2910 5015 Sane
2942 4974 3068 5015 cum
3090 4959 3159 5015 ad
3193 4959 3379 5016 carnis
3409 4959 3608 5015 demis-

2031 5050 2243 5106 sionem
2283 5050 2508 5121 aspicio,
2542 5065 2630 5105 me
2659 5050 2919 5107 subvehit
2954 5050 3259 5107 divinitatis
3297 5051 3612 5107 considera-

2033 5142 2111 5197 tio
2144 5159 2157 5196 :
2190 5156 2315 5197 cum
2346 5149 2530 5196 autem
2564 5140 2990 5200 indivinitamm
3029 5140 3300 5198 fuerimus
3336 5142 3606 5204 subvecti.

2033 5234 2203 5289 trahit
2241 5247 2329 5289 me
2354 5248 2549 5289 rursus
2589 5241 2646 5289 et
2685 5232 2928 5289 demittit
2958 5232 3154 5290 modus
3187 5241 3351 5305 atque
3380 5232 3609 5289 veritate

420 5364 440 5396 ²
466 5363 600 5419 Luc.
637 5380 674 5427 l,
709 5365 801 5419 27.
879 5365 900 5397 ³
934 5364 1037 5421 lsa.
1073 5381 1187 5428 νιιι,
1226 5364 1278 5419 l.
1350 5364 1373 5396 ‘
1397 5363 1498 5418 lsa.
1538 5379 1648 5426 Llll,
1685 5363 1736 5419 8.
1813 5365 1834 5396 ⁸
1864 5364 1932 5419 Da

2037 5382 2133 5431 vn,
2168 5366 2253 5425 15‘.
2325 5367 2347 5398 ⁸
2370 5366 2535 5422 Hebr.
2560 5382 2598 5433 ι,
2623 5366 2679 5421 2'.

423 5479 556 5551 (δοξ)
596 5480 658 5551 F.
693 5480 914 5551 ἀναχοῶ
939 5481 1094 5550 μετά.
1129 5481 1279 5535 Enl'r.

425 5548 697 5622 (8|)_Aue,
731 5546 967 5621 gratiosa
995 5568 1012 5605 :
1049 5549 1462 5622 κεχαριτωμένη
1491 5566 1505 5579 ο
1540 5546 1931 5622 velut_gratili-

353 5628 475 5673 cata
500 5617 1046 5703 {uliabensgratiann
1084 5617 1531 5703 sedgaccleptam;
1562 5617 1718 5703 .quod
1754 5618 1920 5687 passi-

348 5704 480 5742 vum
523 5688 654 5743 illud
693 5687 1005 5747 snbindicat
1052 5709 1066 5744 :
1116 5692 1260 5762 vulg.
1300 5687 1485 5747 Gratia
1518 5687 1674 5764 plena
1710 5704 1728 5743 :
1764 5703 1926 5744 sensu

357 5775 469 5815 non
500 5759 740 5815 diverso.

357 5775 469 5816 non
500 5775 740 5815 UIVCI'SO.

2112 5480 2222 5553 (82)
2256 5481 2481 5553 Matrem
2506 5480 2909 5551 dispensationis
2934 5496 2952 5536 :
2981 5477 3322 5553 τὴν-μητὲρῇα
3343 5477 3439 5544 τῆς
3469 5478 3611 5553 οἰκο-

2038 5548 2453 5628 νομ-ίαςτ-Νοιιη
2487 5548 2715 5628 matrem
2752 5548 3329 5628 assumpti_'oii¢yvopiqi
3358 5557 3415 5601 et
3438 5548 3613 5601 admi-

2037 5616 2193 5691 rabili
2238 5621 2329 5675 illa
2364 5621 2791 5691 dispensatione,
2832 5616 3100 5691 hominis.
3128 5616 3449 5673 [latissimus
3482 5632 3613 5674 usus

2038 5689 2186 5746 illius
2219 5692 2369 5746 vocis
2404 5688 2467 5745 in'
2492 5690 2717 5749 materia
2745 5688 3155 5747 incarnationis.
