4048 6210
462 328 599 385 137⁸5

1560 331 1906 389 'rmaonon
1947 310 2252 393 spissam
2292 338 2638 399 ANCYRANI

3578 350 3725 408 £396

456 444 765 500 subsistens
783 442 965 500 carnis
985 444 1126 501 ratio
1152 464 1164 498 :
1189 445 1433 515 mihique
1458 462 1716 502 arcanum
1738 446 2033 503 inconfusze

2139 454 2345 523 γίνεται
2383 456 2479 525 τῆς
2512 456 2661 520 θείας
2707 457 3006 530 δυνάμεως.
3038 459 3275 514 Τοιαῦτα
3310 461 3592 534 παράδοξα
3624 463 3716 519 ἀεὶ

459 535 679 590 unionis
714 543 1061 603 naturarum,
1098 537 1323 594 virtutis
1353 538 1552 594 divinzc
1577 542 1763 596 schola
1786 541 2037 597 efficitur.

456 627 847 698 llujuscemodi
895 628 1060 685 nobis
1108 630 1418 695 mirabilia,
1463 633 1577 689 suis
1621 649 1836 704 semper
1869 634 2041 689 sacris

452 716 910 776 illucescentibus
930 719 1239 793 fulgoribus
1257 764 1272 790 ,
1299 723 1427 780 diva
1448 725 1620 781 Mater
1666 726 1832 798 Virgo
1856 726 2036 782 ali‘ert.

450 808 590 863 Nam
620 828 639 860 ι
667 810 828 880 Apud
865 827 987 867 eam
1016 823 1104 870 est
1127 814 1250 871 fons
1271 816 1396 873 vita;
1425 818 1483 885 ";
1529 836 1549 871 ι
1579 817 1863 889 uberaque
1899 838 1918 872 ι
1953 834 2043 875 ra-

454 899 735 957 tionabilis
769 902 929 959 lactis
957 913 1014 960 et
1046 906 1165 963 sine
1200 907 1329 965 dolo
1367 908 1390 943 ³
1419 925 1435 963 :
1481 929 1501 962 ι
1530 925 1563 966 a
1596 912 1800 982 quibus
1838 912 2036 978 modo,

452 989 711 1060 augendae
736 990 1051 1051 dulcedinis
1077 996 1274 1068 gratia,
1301 1000 1487 1055 studio
1514 1002 1889 1070 accurrimus;
1926 1019 2037 1058 non

370 1088 391 1108 ‘
450 1082 605 1136 velut
630 1083 881 1154 priorum
916 1086 1096 1154 obliti,
1123 1089 1220 1146 sed
1247 1092 1549 1163 cupiditate
1579 1092 1914 1150 futurorum.
1938 1095 2036 1150 Ni-

451 1172 530 1227 hil
565 1174 712 1229 enim
770 1178 973 1248 saepius
1021 1179 1291 1239 beneﬁcio
1332 1184 1589 1242 affectum
1631 1201 1787 1254 esse,
1841 1187 2036 1260 majori

451 1278 698 1334 unquam
723 1265 1003 1325 desiderio
1035 1270 1305 1328 bonorum
1328 1277 1601 1345 vetuerit;
1633 1278 1769 1348 quin
1789 1279 2035 1349 priorum

451 1353 758 1425 donorum,
807 1374 1114 1434 eorumque
1145 1365 1350 1435 quibus
1400 1368 1618 1424 animus
1649 1369 1892 1425 laetitiam
1937 1370 2035 1425 ha-

450 1442 595 1510 buit,
626 1455 924 1517 sequentes
958 1449 1250 1509 illecebras
1278 1454 1623 1511 succendens
1663 1454 1923 1525 splendor
1957 1456 2034 1510 si—

450 1537 549 1593 tim
584 1538 737 1595 facit.
765 1541 1125 1615 Nequaquam
1148 1546 1297 1602 enim
1331 1548 1570 1604 sustinet
1593 1564 1770 1616 amor,
1797 1556 1857 1604 ut
1880 1564 1948 1605 ne
1978 1549 2035 1603 in

449 1626 655 1685 divinis
677 1642 929 1704 assurgat
958 1635 1303 1708 sublimeque
1329 1646 1479 1708 petat
1514 1638 1644 1711 (85).

521 1718 588 1774 V.
634 1719 795 1788 Quod
836 1725 885 1780 si
929 1726 1055 1795 quis
1099 1736 1360 1784 censetur
1405 1731 1627 1787 nomine
1663 1731 2028 1798 Christianus,

2149 547 2277 616 ἡμῖν
2300 549 2331 617 ή
2355 546 2475 601 θεία
2502 548 2967 620 Μητροπὰρθενος
2991 552 3050 604 ὲν
3075 551 3262 619 ἁγίαις
3287 554 3458 625 αὑτῆς
3482 557 3721 627 ἐπιλάμ-

2144 634 2269 704 ψεσι
2296 639 2746 710 προσκομίζεται.
2790 658 2808 691 ι
2833 641 2971 712 Παρ’
2996 643 3132 714 αὐτῇ
3167 642 3277 713 γὰρ
3310 647 3462 717 πηγὴ
3496 647 3664 718 ζωῆς·
3696 668 3722 703 ι

2146 728 2240 781 καὶ
2270 730 2465 800 μαστοὶ
2488 749 2507 785 ι
2528 729 2622 784 τοῦ
2652 729 2875 800 λογικοῦ
2898 732 2990 785 καὶ
3019 733 3209 786 ἀδόλου
3239 735 3540 803 γάλακτος·
3571 758 3588 791 ι
3624 740 3723 808 ἀφ’

2143 814 2218 875 ὧν
2251 823 2345 876 καὶ
2383 820 2478 876 νῦν
2522 823 2831 888 σπουδαίως
2870 824 3440 896 προσδεδραμήκαμεν
3485 828 3722 897 θηλάσαι

2141 908 2477 980 γλυκασμδν,
2508 910 2569 964 οὑ
2599 909 2737 983 λήθῃ
2757 912 2864 964 τῶν
2887 913 3285 984 προλαϐόντων,
3316 916 3431 968 ἀλλ’
3454 918 3611 970 ἐπιθυ
3620 920 3724 988 μία

2140 999 2250 1053 τῶν
2282 999 2605 1070 μελλόντων.
2641 1003 2716 1056 Οὐ
2752 1004 2861 1074 γὰρ
2881 1004 2942 1057 τὸ
2966 1005 3227 1066 πολλάκις
3251 1007 3337 1059 εὑε
3348 1008 3683 1077 ργετηθῆναι
3708 1049 3723 1070 ,

2139 1091 2249 1145 τῶν
2293 1093 2516 1160 ἀγαθῶν
2542 1096 2641 1164 τῆς
2688 1094 2934 1158 πλείονος
2983 1092 3225 1165 ἐφὲσεως
3277 1100 3427 1169 ἡμᾶς
3483 1099 3727 1170 διείργει

2139 1185 2301 1237 ποτέο
2336 1184 2474 1238 ἀλλὰ
2523 1185 2619 1239 καὶ⁵
2652 1184 2976 1257 λαμπρότης
3023 1187 3131 1240 τῶν
3181 1189 3724 1261 προσδεδωρημένων

2140 1276 2233 1330 καὶ
2264 1277 2695 1347 φαιδρυνάντων,
2735 1277 2908 1347 δίψεις
2952 1277 3312 1345 καθίσταται,
3354 1280 3724 1351 ὑπεκκαυμεί-

2142 1385 2239 1437 ρας
2283 1368 2395 1437 (85)
2423 1368 2494 1422 τὰ
2523 1367 2816 1438 μετέπειτα
2868 1370 3282 1440 ὲντρυφήματα.
3319 1372 3394 1424 Οὑ
3438 1373 3726 1442 προσίεται

2136 1458 2245 1529 γὰρ
2275 1457 2526 1528 οὐδαμῶς
2558 1458 2684 1532 [μὴ]
2717 1459 3246 1533 κορυφοῦσθαιπρδς
3276 1462 3364 1517 τὰ.
3404 1463 3523 1518 θεῖα
3559 1464 3723 1535 ἔρως.

2211 1730 2288 1783 Ε’.
2331 1728 2394 1784 El
2426 1728 2484 1783 δέ
2513 1745 2599 1793 τις
2639 1730 2967 1802 Χριστιανὸς
3011 1734 3375 1803 χρηματίζειν
3415 1736 3583 1803 δοκεῖ,
3623 1741 3724 1792 καὶ

447 1806 669 1879 fertque
712 1814 943 1871 moleste
971 1828 1028 1873 et
1052 1818 1205 1874 velut
1231 1820 1502 1890 vertigine
1534 1830 1823 1893 correptus
1852 1824 1998 1879 dolet
2017 1866 2031 1891 ,

2143 1820 2280 1891 πρὸς
2296 1820 2395 1891 τὴν
2411 1819 2691 1888 Θεοτόκον,
2708 1820 2807 1892 τῆς
2829 1820 3013 1876 ἐνθέου
3032 1822 3331 1895 Παρθένου,
3351 1825 3604 1895 ἀσχάλλει
3622 1829 3737 1880 καὶ.

449 1899 521 1956 ad
560 1900 702 1958 divae
729 1904 969 1976 Virginis
1008 1909 1332 1981 dignitatem
1379 1912 1528 1968 illam
1562 1914 2035 1986 clarissimumque

449 1998 507 2044 ct
549 1995 837 2063 proprium
866 1998 1115 2069 Deiparaa
1161 2017 1396 2072 nomen;
1427 2021 1565 2061 vane
1600 2007 1647 2061 is
1678 2016 1733 2063 et
1770 2010 2034 2064 ementite

448 2084 758 2142 sanctitatis
787 2088 893 2144 sibi
924 2093 1364 2162 appellationem,
1400 2099 1495 2168 qui
1530 2099 1799 2169 dogmatis
1826 2101 2036 2156 dissen-

450 2170 573 2237 tiat,
601 2172 904 2231 blanditur.
930 2179 1079 2234 Nihil
1109 2183 1258 2237 enim
1290 2185 1394 2255 ipsi
1429 2203 1495 2243 ex
1529 2189 1689 2245 titulo
1716 2198 1772 2244 et
1798 2190 2032 2260 quadam

448 2262 604 2318 velut
631 2264 855 2334 pietatis
882 2268 1291 2339 informatione,
1318 2272 1616 2340 commodi,
1647 2288 1708 2333 ut
1745 2299 1764 2332 ι
1798 2282 1888 2351 qui
1914 2283 2035 2351 ejus

448 2354 685 2427 abneget
707 2357 972 2416 virtutem
999 2365 1019 2396 ⁹
1048 2380 1061 2417 :
1094 2382 1114 2415 ι
1147 2366 1368 2434 quando
1395 2387 1414 2420 ι
1446 2370 1542 2424 Dei
1573 2386 1820 2441 regnum,
1844 2390 1952 2427 non
1978 2376 2030 2428 in

451 2463 728 2515 sermone,
763 2451 861 2506 sed
909 2453 968 2507 in
1010 2455 1219 2511 virtute
1263 2459 1337 2524 ίο,
1389 2477 1408 2511 ι
1448 2475 1679 2532 magnus
1713 2463 1804 2518 ille
1850 2480 2032 2533 przeco

448 2541 852 2608 pronuntiavit.
880 2544 1018 2599 Nam
1041 2560 1167 2601 cum
1196 2557 1343 2603 esset
1378 2568 1398 2601 ι
1431 2550 1601 2607 falsus
1625 2552 1797 2609 frater
1821 2564 1877 2610 et
1904 2556 2034 2611 sub-

450 2629 803 2690 introductus
837 2635 900 2699 “,
932 2655 951 2688 ι
980 2637 1134 2707 juxta
1175 2639 1324 2708 quod
1355 2642 1620 2711 scriptum
1668 2654 1773 2710 est,
1804 2664 1823 2697 ‹
1867 2656 2033 2717 atque

448 2722 725 2781 libertatis
753 2727 1092 2797 explorator,
1131 2748 1150 2781 ι
1180 2746 1360 2803 neque
1391 2736 1749 2805 prazceptoris
1776 2737 1925 2793 illius
1951 2739 2034 2792 di-

448 2811 587 2878 vini,
616 2815 894 2871 suasibilis
918 2818 1139 2874 auditor
1161 2820 1286 2887 fuit,
1313 2822 1600 2881 docentis:
1624 2842 1733 2882 non
1759 2828 1876 2899 lege
1902 2845 2033 2885 san-

449 2903 567 2960 cire
601 2924 621 2958 ι
669 2907 936 2964 adversus
975 2911 1295 2977 veritatem,
1345 2914 1441 2970 sed
1488 2931 1589 2985 pro
1635 2920 1866 2975 veritate
1896 2923 1959 2977 “.
2007 2942 2026 2974 ι

451 2994 640 3052 Fuerit
662 2997 830 3069 igitur
850 3000 985 3056 utile
1005 3001 1073 3056 ad
1095 3003 1217 3072 pios
1238 3014 1294 3060 et
1326 3005 1604 3076 simplices
1625 3010 2046 3071 confirmandos

450 3087 606 3142 brevi
635 3090 871 3159 quadam
905 3094 1207 3161 quaestione
1236 3110 1363 3150 cum
1394 3098 1711 3155 adulterino
1739 3111 1799 3157 et‘
1821 3103 2032 3160 factitio

2142 1910 2529 1981 προσιλιγγιᾷ,
2560 1909 2778 1981 ἀξίωμά
2807 1928 2861 1964 τι
2906 1911 3001 1964 καὶ
3052 1914 3441 1982 ἐνεργέστατον
3475 1918 3571 1969 καὶ
3620 1919 3729 1970 κύ-

2147 2018 2261 2072 ριον
2297 2000 2492 2073 ὄνομα,
2544 2002 2789 2073 ματαίως
2816 2002 2911 2056 καὶ
2940 2003 3211 2075 κιϐδήλως
3243 2006 3729 2072 ὲγκαλλωπίζεται

2141 2093 2209 2163 τῇ
2252 2090 2595 2164 προσηγορίᾳ
2625 2092 2727 2162 τῆς
2751 2091 3033 2162 ὁσιότητος
3054 2131 3069 2155 ,
3104 2095 3217 2156 τοῖς
3250 2093 3483 2164 δόγμασι
3511 2096 3729 2165 διαφω-

2142 2183 2268 2238 νῶν.
2295 2184 2465 2238 Οὐδὲν
2495 2183 2603 2252 γὰρ
2632 2183 2780 2253 αὑτῷ
2800 2184 2861 2236 τὺ
2887 2184 3166 2255 ἐναίσιμον
3193 2188 3256 2238 ὲκ
3284 2187 3382 2257 τῆς
3408 2188 3728 2258 ἐπιγραφῆς

2143 2275 2235 2329 καὶ
2265 2275 2698 2347 ὲπιμορφώσεως
2722 2274 2819 2345 τῆς
2844 2275 3151 2338 εὐσεϐείας,
3183 2295 3202 2327 ι
3237 2277 3336 2348 τήν
3368 2277 3599 2348 δύναμιν
3621 2282 3730 2334 αὑο

2143 2366 2239 2419 τοῦ
2262 2366 2359 2430 ἐξα
2370 2367 2673 2437 ρνουμένῳο
2707 2386 2725 2419 ι
2759 2366 2880 2420 ἐπεὶ
2911 2384 2929 2418 ι
2943 2368 3018 2437 μὴ
3041 2368 3098 2420 ὲν
3124 2368 3288 2439 λόγῳ,
3314 2370 3449 2423 ἀλλά
3470 2372 3527 2423 ὲν
3558 2371 3727 2425 δυνάο

2147 2469 2237 2521 μει
2265 2452 2363 2521 τὴν
2396 2451 2491 2504 τοῦ
2522 2452 2657 2503 Θεοῦ
2694 2451 2973 2521 βασιλείαν
2998 2447 3159 2517 εἶναι,
3190 2472 3208 2503 ι
3244 2455 3271 2506 ὁ
3302 2454 3477 2524 μέγας
3505 2455 3728 2527 ἀπεφή-

2142 2562 2270 2597 νατο
2297 2542 2492 2615 κήρυξ.
2526 2562 2544 2595 ι
2574 2543 2951 2612 Ψευδάδελφος
2978 2543 3085 2613 γὰρ
3124 2544 3218 2596 καὶ¹
3256 2545 3643 2615 παρείσακτος,
3695 2566 3719 2599 ο

2141 2636 2283 2690 κατὰ
2314 2636 2412 2708 τὴν
2462 2636 2706 2707 Γραφὴν,
2742 2635 2837 2689 καὶ
2879 2635 2977 2706 τῆς
3022 2634 3335 2705 ἐλευθερίας
3372 2638 3728 2703 κατάσκοπος

2142 2730 2424 2799 ὑπάρχων,
2454 2727 2578 2782 οὗτε
2611 2728 2835 2796 γέγονεν
2865 2727 3122 2797 εὐπειθὴς
3144 2728 3419 2799 ἀκουστὴς
3442 2728 3535 2781 τοῦ
3572 2729 3725 2783 θείου

2141 2820 2462 2874 διδασκάλου
2511 2819 2957 2883 ὲκπαιδεύοντος·
3000 2818 3061 2871 οὑ
3117 2817 3430 2889 νομοθετεῖν
3489 2837 3508 2871 ι
3573 2821 3731 2874 κατὰ

2139 2912 2242 2982 τῆς
2279 2911 2559 2980 ἀληθείας,
2592 2910 2707 2964 ἀλλ’
2757 2909 2899 2980 ὑπὲρ
2927 2909 3027 2978 τῆς
3060 2908 3337 2978 ἀληθείας.
3387 2929 3406 2961 ι
3434 2910 3733 2981 Χρήσιμον

2140 3001 2204 3072 δὴ
2247 2996 2361 3065 οὖν,
2411 3000 2551 3069 ὑπὲρ
2600 2996 2905 3069 στηριγμοῦ
2956 2995 3065 3049 τῶν
3118 2996 3287 3049 ὄντων
3335 2996 3577 3049 εὐσεϐῶν
3624 2998 3729 3050 καὶ

2140 3091 2438 3162 ἀκεραίων,
2489 3089 2751 3159 βραχεῖάν
2801 3106 2922 3141 τινα
2967 3087 3164 3141 πεῦσιν
3213 3087 3596 3155 συγγυμνάσαι
3641 3087 3728 3157 τῷ

452 3178 552 3247 (sic
583 3180 733 3235 enim
762 3190 946 3237 mente
988 3185 1248 3254 profanos
1274 3190 1607 3258 compellare
1638 3192 1789 3262 licet)
1819 3198 2033 3251 exerci-

2140 3157 2452 3251 παρασήμῳ
2476 3157 2569 3233 καὶ
2599 3157 3015 3249 παρεγγράπτῳ
3035 3195 3048 3210 ·
3083 3179 3229 3232 οὑτω
3252 3179 3363 3249 γὰρ
3392 3179 3549 3249 θέμις
3583 3179 3725 3231 ἀνα-

453 3270 660 3327 tatione
676 3287 991 3330 conserere.
1012 3276 1161 3333 Cedo
1179 3279 1347 3350 igitur
1363 3284 1820 3352 percontantibus
1840 3288 1998 3343 nobis
2018 3306 2031 3343 :

450 3369 730 3430 utrumne,
767 3366 853 3420 vel
883 3381 1049 3423 sensu
1080 3369 1329 3438 Judaico,
1371 3382 1433 3429 ut
1466 3375 1670 3443 virum,
1716 3378 1791 3434 ita
1823 3387 1880 3435 et
1905 3382 2041 3437 Adm-

450 3455 737 3526 conjugem
778 3457 1121 3517 intemeratis
1162 3462 1376 3533 opificis
1408 3468 1665 3525 manibus
1708 3468 1913 3538 fictam,
1946 3473 2034 3527 dia

450 3547 597 3601 eenti
624 3547 729 3619 legi
760 3549 981 3619 divinae,
1016 3556 1339 3612 assentiris?
1361 3559 1431 3613 Et
1460 3560 1505 3614 si
1532 3562 1756 3631 quidem
1798 3580 2032 3636 negave-

449 3637 529 3692 ris
555 3654 570 3692 :
596 3654 780 3697 nonne
826 3646 1109 3714 prepalam
1154 3663 1186 3702 a
1217 3649 1378 3705 nobis
1421 3658 1478 3707 et
1506 3652 1807 3724 Seripturis
1847 3666 2032 3713 extra-

450 3724 590 3785 neus
615 3731 871 3789 exsistis?
913 3734 970 3791 Si
1014 3745 1200 3794 autem
1227 3740 1604 3810 allirmaveris,
1639 3748 1773 3816 quid
1804 3750 1971 3805 stulte
2001 3766 2033 3805 a

448 3823 684 3877 veritate
722 3823 1005 3893 dissentis,
1053 3829 1262 3901 Deique
1305 3833 1570 3903 placitum
1602 3836 1655 3890 in
1686 3840 2032 3896 sanctissima

451 3909 673 3983 Virgine
704 3916 773 3971 ad
802 3932 1148 3976 communem
1176 3923 1412 3980 salutem
1441 3928 1672 3996 provide
1704 3929 2032 4001 dispositum

450 4002 727 4063 detractas
757 4020 933 4080 atque
958 4014 1199 4070 renuis?
1226 4016 1332 4084 Qui
1372 4020 1521 4075 enim
1569 4022 1850 4093 antiquam
1882 4025 2039 4081 illam'

450 4095 733 4169 Virginem
762 4103 882 4158 sine
925 4106 1129 4173 probro
1170 4109 1455 4177 condidit,
1484 4111 1601 4181 ipse
1635 4122 1691 4169 et
1733 4116 2032 4172 secundam

450 4187 569 4244 sine
587 4198 723 4245 nota
740 4201 803 4247 et‘
816 4193 1048 4251 crimine
1071 4197 1376 4255 fabricatus
1396 4212 1481 4257 est
1505 4220 1519 4269 ;
1546 4204 1752 4275 quique
1775 4208 1922 4278 quod
1946 4218 2033 4265 est

448 4277 677 4346 deforis,
708 4283 939 4352 pulchre
972 4286 1131 4354 fecit,
1165 4290 1334 4346 etiam
1368 4295 1515 4363 quod
1545 4295 1693 4353 intus
1712 4277 1818 4367 est,
1841 4302 1908 4357 ad
1929 4302 2032 4358 do-

450 4371 716 4428 micilium
759 4376 982 4445 animae,
1027 4392 1215 4439 sancte
1260 4388 1598 4455 perornavit.
1646 4390 1803 4458 Quod
1844 4394 2031 4466 itaque

2135 3271 2387 3342 τορεύειν
2435 3271 2564 3333 τοὺς
2610 3270 2872 3340 βεϐήλους
2919 3270 3017 3340 τὴν
3068 3268 3318 3340 γνώμην.
3359 3270 3500 3336 Λέγε
3541 3269 3728 3323 τοίνυν

2134 3368 2267 3436 ἡμῖν
2291 3361 2733 3431 πυνθανομένοις,
2763 3356 2902 3416 οὑτω
2932 3362 2996 3414 δὲ
3023 3362 3252 3431 πότερον
3279 3359 3589 3412 συντίθεσαι
3610 3358 3719 3411 κᾶν

2148 3454 2453 3519 Ἰουδαϊκῶς
2491 3457 2557 3525 τῇ
2600 3455 2719 3525 ίερᾷ
2762 3452 3077 3523 νομοθεσίᾳ,
3128 3452 3422 3524 ἀχράντοις
3467 3449 3560 3502 τοῦ
3607 3451 3721 3518 Δη-

2138 3546 2398 3619 μιουργοῦ
2456 3546 2614 3617 χερσὶ
2666 3544 3073 3597 διαπεπλάσθαι
3150 3543 3252 3614 τὴν
3300 3540 3561 3611 ὁμόζυγον
3612 3538 3719 3591 τοῦ

2146 3639 2317 3709 ’Δδὰμ
2338 3636 2644 3708 φασκούσῃ,
2670 3634 2921 3704 καθάπερ
2945 3633 3038 3686 τὸν
3072 3631 3276 3704 ἄνδρα;
3302 3630 3407 3685 Καὶ
3425 3631 3472 3681 εἰ
3505 3628 3601 3697 μὲν
3620 3628 3711 3694 τὸ,

2134 3729 2219 3793 οὓ,
2270 3731 2411 3799 φής,
2452 3727 2512 3781 οὑ
2554 3725 2729 3797 δήλως
2772 3724 3038 3793 ὑπάρχεις
3085 3720 3239 3789 ξένος
3277 3718 3429 3791 ήμῶν
3461 3718 3554 3770 κιιέι¹
3598 3718 3715 3771 τῶν

2134 3820 2365 3893 Γραφῶν
2393 3818 2699 3890 ἀλλότριοςς
2730 3819 2779 3871 εί
2804 3816 2861 3869 δὲ
2882 3805 3087 3878 τὸ,ναὶ,
3111 3813 3370 3884 συμφίῃς·
3400 3812 3453 3863 τί
3472 3812 3720 3881 ἀνοήτως

2134 3915 2369 3987 διαφέρῃ
2416 3912 2554 3983 πρὸς
2599 3910 2698 3982 τὴν
2755 3910 3049 3979 ἀλήθειαν,
3095 3908 3191 3961 καὶ
3241 3905 3563 3976 ἀφηνιάζεις
3614 3905 3733 3958 καὶ

2134 4008 2409 4078 ἀπαναίνῃ
2459 4007 2559 4076 τὴν
2590 4002 2840 4056 εὐδοκίαν
2890 4001 2985 4053 τοῦ
3022 3999 3181 4064 Θεοῦ,
3216 3998 3313 4070 τὴν
3365 3999 3424 4051 ὲν
3470 3997 3727 4067 παναγίᾳ

2138 4098 2401 4171 Παρθένῳ
2440 4096 2536 4150 ἐπὶ
2581 4094 2767 4164 κοινὴν
2809 4090 3087 4162 σωτηρίαν
3120 4090 3615 4161 οίκονομηθεῑσαν;
3659 4090 3719 4141 ’0

2134 4192 2244 4262 γὰρ
2270 4188 2685 4261 δημιουργήσας
2712 4184 2812 4255 τὴν
2848 4183 3014 4236 πάλαι
3043 4180 3322 4270 Ιξαρθένον
3350 4181 3717 4251 ἀνυϐρίστως,

2133 4284 2297 4347 αὑτὸς
2330 4283 2425 4336 καὶ⁴
2455 4280 2553 4350 τὴν
2592 4278 2673 4342 είς
2711 4275 2963 4345 δεύτερον
2993 4275 3324 4345 ἐτεκτήνατο
3353 4272 3672 4344 ἀναμώμως
3698 4289 3715 4304 ·

2136 4379 2231 4434 καὶ
2261 4379 2290 4431 ὁ
2314 4375 2545 4444 ποιήσας
2577 4369 2637 4423 τὸ
2665 4366 2862 4432 ἔξωθεν
2889 4365 3107 4435 ὡραίως
3129 4408 3144 4431 ,
3179 4364 3342 4428 αὐτὸς
3367 4366 3463 4418 καὶ
3492 4365 3553 4417 τὸ
3581 4363 3719 4416 ἐσω-

447 4465 838 4523 suavissimum
864 4471 1520 4551 delectabilissimumque
1554 4480 1667 4539 Deo
1703 4485 1881 4541 visum
1912 4498 2025 4557 est,

2139 4474 2228 4527 θεν
2257 4466 2676 4534 κατεκόσμησεν
2704 4463 2785 4525 εἰς
2814 4460 3231 4530 κατοικητήριον
3255 4456 3437 4528 ψυχῆς
3475 4456 3715 4559 εὐαγῶς.

447 4557 543 4626 qui
575 4567 634 4613 tu
666 4559 909 4619 Iudaicae
959 4568 1220 4625 vanitatis
1246 4575 1616 4641 sermonibus,
1644 4591 1746 4633 ceu
1775 4580 2031 4650 turpissi-

2128 4572 2204 4628 Τδ
2232 4560 2414 4618 τοίνυν
2438 4552 2878 4627 προσηνέστατον
2911 4549 3005 4601 καὶ
3048 4547 3516 4620 περιχαρέστατον
3547 4544 3716 4613 ὀφθὲν

448 4664 624 4716 mum,
663 4652 1051 4712 universorum
1090 4660 1208 4730 ipse
1247 4665 1679 4735 praeturpissime
1707 4669 2030 4728 subvertere

2139 4666 2205 4737 τῷ
2226 4659 2366 4731 Θεῷ,
2395 4653 2512 4715 πῶς
2542 4649 2618 4711 ὡς
2642 4647 2707 4699 ἂν
2734 4644 3031 4715 αἴσχιστον,
3063 4642 3438 4712 αίσχιστότατε
3460 4640 3713 4757 Ἱπάντων,

2416 4745 2429 4757 -
2628 4737 2829 4757 μεηεε-
2897 4733 3225 4757 π-..ε..ει,-,.τ,
3277 4733 3454 4757 ,ι,,,,,
3494 4730 3669 4757 ,ηε-η
3695 4745 3712 4757 ,

447 4740 770 4807 prasamis?
792 4742 936 4801 Sane
951 4760 1102 4812 vero,
1124 4764 1157 4803 ο
1178 4730 1409 4808 attonite
1431 4730 2029 4830 insipientissimeque:

2139 4730 2560 4820 συνανατρέπειν
2621 4737 2829 4806 τολμᾷς
2897 4733 3243 4830 Ἰουδαῖκαῐς-
3275 4730 3714 4830 είκαιολργίαιςς

452 4845 474 4879 οι
497 4827 581 4883 Tu
603 4830 729 4900 quis
755 4847 818 4887 es
844 4834 939 4905 qui
969 4838 1307 4907 respondeas
1334 4841 1447 4896 Deo
1475 4822 1558 4897 "‘l
1576 4861 1595 4896 ι
1623 4844 1758 4899 Nam
1787 4844 1833 4900 si
1863 4822 2031 4901 etiam

2139 4842 2408 4909 Μενοῦνγε
2428 4834 2563 4905 γὰρ,
2613 4823 2659 4883 ὦ
2711 4822 3122 4897 φρενόϐλαϐε[ς]
3162 4824 3257 4928 καὶ
3300 4822 3713 4929 impugnans:

446 4917 637 4975 decori
661 4922 773 4978 Deo
796 4934 881 4981 est
904 4935 964 4982 ut
991 4927 1228 4997 finxerit,
1272 4936 1736 5003 quemadmodum
1767 4949 1830 4996 ut
1868 4949 1925 4996 et
1972 4941 2027 4996 in

2142 4957 2162 4989 ι
2207 4937 2281 4991 Σὺ
2297 4932 2381 4993 τίς
2406 4922 2458 4981 εἴ
2485 4929 2513 4979 ὁ
2541 4920 2973 4991 ἀποκρινόμενος
2991 4917 3069 4988 τῷ
3093 4916 3247 4988 Θεῷ;
3272 4934 3292 4969 ι
3313 4914 3507 5030 ξςῖίιγάρ
3521 4914 3628 5030 Ἰκαί
3652 4915 3718 4967 rb

447 5013 674 5083 proprio
706 5015 968 5088 figmento
1002 5022 1347 5092 inhabitarit,
1370 5027 1515 5084 sicut
1557 5040 1617 5087 tu
1661 5032 1839 5102 dicis;
1859 5034 2027 5091 etiam

2139 5029 2339 5083 πλάσαι
2391 5018 2712 5088 ἀνύϐριστον
2740 5013 2860 5082 Θεῷ
2889 5052 2904 5077 ,
2938 5011 3125 5121 καθὼς
3153 5012 3249 5121 καὶ
3278 5010 3341 5065 τὸ
3382 5008 3719 5121 ξνο[ὶι]κῆσατ

446 5102 615 5161 fuerit
649 5109 799 5179 quod
821 5126 1046 5171 manere
1074 5115 1227 5172 visus
1250 5117 1321 5173 sit
1351 5118 1489 5192 (84).

2139 5124 2192 5176 ὲν
2224 5118 2304 5190 τῷ
2333 5117 2448 5185 ἰδίῳ
2478 5111 2790 5181 πλάσματι,
2825 5105 3016 5176 ὥσπερ
3059 5103 3125 5157 σὺ
3168 5102 3295 5175 φὴς,
3327 5103 3423 5156 καὶ
3452 5102 3515 5156 τὸ
3538 5118 3715 5155 κατα-

2136 5211 2416 5284 σκηνῶσαι
2444 5206 2623 5270 δόξαν.

532 5310 554 5342 ⁷
590 5310 734 5366 Psal.
770 5326 933 5375 xxxv,
960 5315 1044 5371 l0.
1085 5318 1106 5350 ⁸
1139 5318 1323 5374 lPetr.
1362 5335 1421 5384 ιι,
1452 5321 1506 5375 2.
1570 5323 1591 5354 ⁹
1619 5321 1663 5376 Π
1692 5322 1935 5379 Timoth.
1961 5340 2033 5390 m,

485 5376 531 5410 "
564 5380 721 5435 Rom.
752 5397 826 5445 Ix,
863 5382 953 5437 20.

2182 5325 2226 5357 ⁸ο
2255 5324 2276 5379 ι
2310 5322 2435 5378 Cor.
2473 5335 2546 5384 tv,
2572 5314 2663 5371 20.
2728 5314 2770 5345 ¹¹
2803 5312 2978 5370 Galat.
3013 5326 3072 5378 η,
3099 5310 3155 5367 4.
3198 5310 3243 5342 ¹³
3276 5308 3324 5364 II
3351 5308 3478 5365 Cor.
3509 5311 3628 5373 x’m,
3656 5307 3711 5366 8.

524 5490 639 5563 (83)
679 5493 744 5549 Ut
773 5496 927 5569 ye‘in
960 5495 1147 5569 divinis
1175 5495 1793 5569 _assurgat,_sublimequ
1819 5514 1846 5569 ε
1882 5507 2024 5569 petat

457 5561 941 5635 ithooucpoioou
964 5565 1101 5635 πρὸς
1132 5565 1200 5619 τὰ
1244 5561 1383 5619 θεῖα.
1436 5566 1599 5621 Velut
1643 5561 1906 5623 humilius
1939 5583 2028 5623 ac-

455 5630 1258 5709 Cipiendo'dictain'Mariam
1312 5635 1496 5709 divina
1536 5637 1842 5709 privilegia,
1892 5639 2024 5694 illud

452 5700 689 5780 maxime
732 5701 1028 5775 singulare,
1063 5714 1124 5759 ut
1163 5706 1235 5759 sit
1275 5707 1499 5761 veritate
1534 5700 1782 5777 Πείρενέ,
1818 5700 1885 5765 de
1917 5725 2027 5780 quo

2136 5501 2198 5571 '(3
2214 5501 2257 5566 ί)
2300 5498 2481 5578 Etia_m
2560 5497 2740 5578 fuerit,
2777 5496 3167 5578 quod-manere
3200 5496 3339 5578 visus
3374 5503 3441 5547 sit
3469 5510 3488 5547 :
3524 5492 3716 5578 mite

2132 5564 2760 5640 κατασκηνῶσαιδόξαν.
2789 5564 3003 5622 Subtile
3027 5575 3409 5637 argumentum
3436 5582 3450 5618 :
3484 5580 3595 5635 quo
3624 5574 3713 5629 ta-

2200 5656 2553 5781 Forte,
2614 5708 2756 5797 δίφις
2821 5706 2945 5762 καθ’
3018 5707 3509 5832 ὑπεκκαυρείρασα
3576 5702 3717 5775 [imo

2200 5781 2289 5832 lmc
2312 5779 2641 5832 καθίσταται
2668 5780 3001 5832 υπέκκαυιια
3032 5778 3165 5832 πρὸς
3204 5794 3267 5832 ve
3313 5778 3409 5832 είς.
3454 5774 3635 5832 Enn]

2129 5774 2641 5850 δίψηςκαθίσταται
2668 5774 3001 5849 ὑπέκκαυμα
3032 5778 3165 5849 πρὸς
3204 5774 3286 5833 vel
3313 5778 3409 5841 είς.
3454 5774 3635 5846 Enn.)
