4048 6210
349 323 481 381 i391

1235 318 1518 376 HOMILIA
1555 318 1643 372 lV.
1686 316 1752 373 1N
1793 279 1852 372 IS.
1897 313 2246 370 DEIPARAM
2282 313 2369 370 ET
2412 311 2780 369 SIMEONEM.

3475 311 3611 366 1398

416 443 506 508 ς’.
538 439 750 512 Καίπερ
777 438 945 493 καὶτὸ
973 435 1317 499 πλάσεως,αί
1339 436 1480 490 θεῖαι
1495 433 1920 505 διαλαμϐάνουσι
1954 486 1956 493 ,

2104 432 2191 487 γι.
2227 432 2549 501 Quanquam
2591 428 2740 500 quod
2781 437 2990 499 spectat
3034 429 3099 483 ad
3131 429 3429 493 fictionem,
3457 443 3611 483 com-

348 530 580 601 Γραφαί.
614 531 775 584 Οὐδὲν
805 532 913 600 γὰρ
936 528 1014 596 τῷ
1035 526 1154 597 Θεῷ
1197 526 1386 598 φίλον,
1445 528 1639 596 ἄτιμον
1695 529 1790 580 καὶ
1829 529 1924 594 ἐφ,

347 623 607 694 ὑϐριστον
634 639 648 653 ⁸
680 623 894 690 ἄπαγει
936 621 1406 693 ιΙἘξομολόγησις
1433 620 1541 692 γὰρ
1563 623 1658 673 καὶ
1691 619 1924 689 μεγαλοη

349 717 607 785 πρέπεια,
625 714 684 767 τὸ
701 714 843 768 θεῖον
875 715 1039 768 αὐτοῦ
1070 715 1166 768 καὶ
1200 714 1575 784 πολυύμνητον
1600 712 1783 781 ἔργον,
1809 729 1826 762 ι
1848 709 1924 774 ὼς

347 807 678 877 γέγραπται.
707 807 800 858 Δεῖ
819 805 1000 858 τοίνυν
1027 804 1280 874 θάτερονο
1310 804 1366 875 ἦ,
1400 803 1476 866 ὡς
1508 800 1606 873 τὴν
1638 801 1924 855 διάπλασιν

348 901 448 967 τῆς
486 897 632 961 Εὔας
657 897 796 969 πρὸς
819 896 915 950 τοῦ
946 896 1085 950 Θεοῦ
1127 895 1456 966 γεγενῆσθαι
1487 893 1764 964 ὁμολογῶν
1793 909 1926 962 προ-

350 987 538 1058 θύμως
591 989 686 1042 καὶ
729 989 1126 1058 εὐγνωμόνως,
1175 990 1271 1043 καὶ
1317 988 1416 1059 τὴν
1468 987 1725 1058 ῥηθεῖσαν
1777 984 1926 1056 αὐτῷ

349 1079 641 1147 πανσόφως
663 1081 727 1134 ὲκ
749 1080 1026 1151 Παρθένου
1045 1080 1321 1151 σάρκωσιν
1341 1078 1608 1148 ἀποδέχου
1635 1079 1729 1131 καὶ
1753 1091 1924 1150 προσ-

349 1168 506 1223 κύνει
565 1170 626 1223 ὃν
666 1171 871 1242 τρόπον
913 1174 962 1226 οἱ
994 1171 1238 1234 εὐσεϐεξς
1259 1213 1282 1238 ,.
1315 1172 1475 1241 εἰπερ
1513 1169 1682 1243 βούλῃ
1717 1168 1924 1223 τούτων

354 1259 581 1332 μέτοχος
623 1256 781 1315 εἶναι’
839 1263 958 1334 ἤτοι
1009 1262 1302 1317 Ἰουδαϊκὸν
1357 1261 1583 1332 περίθου
1619 1261 1800 1334 σαυτῷ
1829 1263 1925 1317 καὶ

353 1347 580 1403 ἄπιστον
608 1350 800 1420 δνομα,
827 1351 903 1414 ὡς
933 1352 991 1404 ὲν
1014 1351 1242 1414 ἐκείνοις
1270 1350 1460 1405 τελῶν.
1509 1350 1792 1420 Ἀμφίόιον
1816 1351 1923 1422 γὰρ

352 1438 456 1492 οὐκ
487 1439 642 1493 εῐωθε
676 1443 1016 1509 τεκνογονεῖν
1043 1441 1078 1511 ἡ
1112 1441 1439 1512 Ἐκκλησία·
1475 1441 1792 1510 Χριστιανοὶ
1818 1442 1926 1514 γὰρ

355 1529 626 1600 πειθήνιοι
662 1530 740 1602 τῷ
771 1530 892 1603 Θεῷ
926 1532 1304 1604 τυγχάνοντες,
1340 1534 1460 1596 ταῖς
1488 1532 1596 1586 τῶν
1632 1533 1926 1603 προφητῶν

357 1619 617 1674 ἀκούουσι
646 1620 1022 1687 θεοπνεύστοις
1054 1624 1445 1695 προρρήσεσιν,
1482 1621 1625 1676 οὕτω
1661 1625 1790 1694 περὶ
1826 1624 1928 1694 τῆς

359 1713 708 1783 πανυμνήτου
727 1714 1003 1784 Παρθένου
1029 1713 1309 1785 πανταχοῦ
1336 1714 1572 1784 βοώσαις
1592 1733 1607 1748 ο
1639 1734 1658 1768 ι
1699 1716 1925 1785 Ἡγίασε

356 1801 421 1855 τὸ
444 1803 709 1875 σκήνωμα
743 1805 907 1859 αὐτοῦ
944 1784 1241 1877 "romae?
1262 1810 1290 1861 δ
1321 1807 1453 1871 Θεὸς
1479 1809 1538 1862 ὲν
1559 1808 1710 1880 μέσῳ
1736 1809 1927 1880 αὐτῆς,
1962 1784 2004 1838 Β

358 1894 456 1948 καὶ
493 1895 553 1947 οὐ
607 1896 1014 1969 σαλευθήσεται.
1066 1918 1086 1952 ι
1143 1899 1253 1954 Καὶ
1283 1895 1477 1963 αὖθις·
1537 1920 1556 1952 ι
1612 1900 1933 1972 Ἀνθρωπος

358 1982 624 2056 ἐγεννήθη
655 1987 714 2039 ὲν
743 1987 880 2059 αὐτῇ
899 2029 914 2054 ,
978 1989 1073 2042 καὶ
1111 1989 1275 2054 αὐτὸς
1303 1989 1666 2060 ἐθεμελίωσεν
1702 1993 1872 2063 αὐτὴν
1903 1995 1931 2048 ό

361 2074 645 2145 Ὕψιστος.
692 2097 711 2131 ›
752 2080 816 2133 Oi
845 2080 902 2133 δὲ
931 2081 1031 2152 τῆς
1064 2081 1325 2153 ἀληθείας
1351 2083 1614 2138 ἀντίδικοι
1633 2125 1648 2151 ,
1681 2086 1933 2158 σαρκικοί

356 2167 732 2237 τυγχάνοντες,
792 2173 883 2225 καὶ
947 2191 965 2226 ι
1013 2173 1148 2228 Θεοῦ
1206 2175 1429 2246 Πνεῦμα
1457 2176 1533 2248 μὴ
1590 2176 1804 2249 ἔχοντες
1830 2220 1845 2243 ,
1907 2198 1926 2233 ι

359 2260 638 2329 σαρκικῶς
669 2263 796 2333 περὶ
831 2266 1180 2335 πνευματικὰ
1215 2270 1645 2339 πεφρονήκασιν.
1689 2270 1931 2342 ’Δληθῶς

356 2350 468 2419 γὰρ
497 2350 558 2403 τὸ
591 2353 769 2422 σοφῶς
814 2357 1105 2426 εἰρημένον
1132 2376 1144 2390 ⁸
1197 2378 1215 2411 ι
1254 2360 1500 2430 Ψυχικὸς
1540 2361 1828 2433 ἄνθρωπος
1869 2363 1930 2416 οὺ

358 2438 572 2510 δέχεται
603 2444 670 2496 τὰ
695 2444 787 2498 τοῦ
819 2447 1136 2520 Πνεύματος
1157 2450 1246 2504 τοῦ
1269 2451 1426 2506 Θεοῦ.
1467 2474 1488 2504 ι
1519 2452 1618 2507 Διά
1648 2454 1809 2508 τοῦτο
1833 2455 1932 2525 μὲν

358 2527 426 2582 ἐκ
457 2530 650 2584 πολλοῦ
679 2537 1152 2608 φωταγωγηθῆναι
1202 2540 1414 2594 εἵλαντο
1454 2535 1778 2613 μαρτύριον,
1809 2544 1933 2599 οὔτε

359 2617 419 2674 δὲ
462 2622 526 2674 ἐκ
556 2623 662 2677 τῶν
713 2627 836 2680 καθ’
875 2632 1054 2700 ἡμᾶς,
1087 2633 1186 2704 τὴν
1217 2635 1296 2699 είς
1329 2635 1602 2708 ἁγιασμὸν
1648 2638 1936 2694 ἀλλοίωσιν

357 2712 458 2782 τῆς
493 2715 766 2783 Παρθένου
806 2720 1181 2794 ἠϐουλήθησαν
1215 2727 1478 2782 συνιέναι.
1511 2729 1678 2797 Ὄφις
1719 2729 1776 2781 δὲ
1802 2729 1937 2799 ἀδή-

360 2803 558 2869 λων,τὰ
573 2814 992 2881 προφανέστατα
1007 2818 1240 2887 πέφυκε.
1265 2821 1328 2873 Εί
1353 2820 1462 2891 γὰρ
1481 2821 1548 2892 δὴ
1567 2822 1683 2893 σίδη
1693 2839 1784 2890 ρος
1803 2823 1936 2895 πυρὶ

364 2909 751 2982 συνομιλήσας,
773 2907 802 2960 ό
827 2906 996 2977 μέλας
1019 2908 1112 2961 καὶ
1133 2908 1365 2981 γεώδης,
1391 2912 1788 2982 παραστάμενά
1820 2929 1937 2976 πως

362 3003 664 3074 κορακίζει,
679 3003 778 3065 τὰς
795 3000 904 3072 (86)
934 3001 1082 3071 παρὰ
1100 3001 1262 3070 φύσιν
1296 3003 1540 3072 κηλῖδας,
1557 3004 1652 3056 καὶ
1665 3004 1722 3058 ἐν
1737 3002 1934 3075 καιρῷ,

2027 524 2345 594 plectuntur
2361 530 2416 576 et
2437 521 2660 576 tradunt
2676 521 2876 575 divina:
2891 519 3209 589 Scriptura}.
3222 520 3364 576 Nihil
3386 521 3610 590 quippe,

2024 615 2171 686 quod
2221 615 2335 669 Deo
2379 614 2452 669 sit
2504 613 2778 677 amicum,
2819 612 3173 683 ignominiam
3207 622 3303 668 aut
3349 613 3614 682 probrum

2025 707 2214 761 habet.
2242 707 2426 776 Apage
2461 724 2473 758 :
2515 725 2532 756 ι
2560 705 2847 761 Confessio
2876 705 3024 760 enim
3046 712 3102 759 et
3130 704 3556 774 magniﬁcentia,
3587 724 3608 758 ι

2023 799 2170 853 sicut
2221 797 2491 867 scriptum
2540 807 2627 852 est
2676 798 2738 860 ",
2773 795 3180 867 divinumejus
3209 804 3268 851 et
3297 796 3614 851 laudatissi-

2029 904 2180 942 mum
2234 903 2392 958 opus.
2436 889 2678 942 Duorum
2719 887 2887 958 igitur
2937 887 3174 942 alterum
3221 901 3445 942 necesse
3488 895 3615 942 est:

2024 988 2141 1043 aut,
2193 981 2348 1036 velut
2384 980 2480 1050 qui
2530 980 2656 1036 Em
2690 995 2721 1035 a
2773 980 2887 1036 Deo
2925 980 3311 1037 formationem
3364 991 3618 1051 prompIe

2027 1073 2317 1143 probeque
2358 1072 2708 1139 conﬁtearis;
2737 1075 2906 1128 etiam
2940 1090 3062 1145 quae
3097 1074 3166 1130 de
3195 1075 3289 1129 illo
3323 1073 3616 1143 sapientis-

2026 1163 2164 1218 sime
2193 1163 2343 1219 dicta
2376 1173 2462 1219 est
2493 1180 2561 1219 ex
2598 1154 2817 1237 Virgine
2850 1166 3315 1232 incarnationem;
3351 1181 3480 1236 qua,
3518 1165 3615 1234 pii,

2025 1255 2274 1322 ratione;
2303 1257 2522 1327 suscipe
2547 1257 2850 1329 adoraquc,
2876 1259 2921 1313 si
2950 1259 3113 1314 modo
3142 1259 3362 1314 illorum
3389 1260 3474 1314 vis
3494 1273 3616 1312 esse

2029 1346 2316 1417 particeps
2349 1365 2362 1402 :
2401 1348 2596 1403 autibi
2631 1349 2746 1418 ipse
2785 1349 2958 1405 Judaei
2982 1358 3039 1404 et
3066 1349 3321 1414 inﬁdelis,
3348 1335 3617 1419 velutqui

2026 1437 2139 1493 illis
2175 1440 2541 1505 accensearis,
2567 1456 2771 1496 nomen
2815 1441 3060 1511 impone.
3083 1441 3201 1496 Non
3232 1441 3379 1496 enim
3413 1441 3619 1496 habent

2028 1543 2212 1584 mores
2235 1530 2515 1596 Ecclesiaa,
2538 1541 2599 1585 ut
2623 1533 2734 1586 vita
2757 1532 2982 1602 ancipiti
3005 1532 3206 1586 animal
3225 1532 3614 1602 generet.Nam

2028 1616 2354 1682 Christiani,
2392 1619 2546 1674 velut
2579 1620 2674 1688 qui
2705 1621 2817 1676 Deo
2855 1620 3115 1691 morigeri
3156 1620 3267 1675 sint
3291 1630 3347 1676 et
3378 1620 3615 1675 suasibi-

2029 1709 2147 1774 les,
2199 1709 2509 1764 obaudiunt
2559 1709 2828 1766 divinitus
2874 1712 3170 1781 inspiratas
3224 1712 3615 1781 prophetarum

2033 1801 2454 1870 praedictiones,
2507 1801 2582 1857 ita
2636 1803 2840 1872 ubique
2880 1802 2949 1857 de
2987 1801 3361 1859 laudatissima
3393 1801 3616 1870 Virgine

2032 1894 2375 1951 clamantes:
2412 1913 2429 1946 ι
2464 1893 2840 1950 Sanctiﬁcavit
2871 1895 3284 1949 tabernaculum
3330 1908 3488 1948 suum
3523 1893 3617 1948 Al-

2033 1987 2282 2044 tissimus
2312 2007 2324 2042 :
2352 1989 2500 2044 Deus
2527 1988 2581 2043 in
2622 1988 2805 2043 medio
2837 1989 2978 2058 ejus,
3004 1995 3060 2042 et
3095 2003 3204 2042 non
3243 1987 3616 2043 commovebi-

2033 2088 2125 2134 tur
2151 2081 2215 2134 ³⁵.
2252 2100 2269 2132 ι
2298 2081 2367 2135 Ει
2393 2080 2628 2134 iterum:
2665 2098 2683 2130 ‹
2715 2079 2890 2134 Homo
2914 2089 3076 2134 natus
3098 2088 3182 2134 est
3211 2078 3266 2133 in
3291 2093 3378 2143 ea,
3411 2087 3468 2132 et
3503 2078 3617 2148 ipse

2033 2173 2284 2229 fundavit
2313 2189 2434 2230 eam
2462 2173 2777 2230 Altissimus
2814 2173 2877 2228 ".
2920 2193 2937 2225 ι
2965 2172 3280 2228 Adversarii
3311 2180 3495 2226 autem
3521 2186 3616 2226 ve-

2035 2267 2237 2332 ritatis,
2271 2281 2397 2322 cum
2433 2265 2682 2320 carnales
2711 2265 2842 2330 sint,
2879 2280 2983 2319 nec
3022 2285 3038 2315 ι
3075 2264 3312 2320 habeant
3351 2262 3616 2334 Spiritum

2033 2357 2132 2414 Dei
2179 2359 2252 2423 ",
2310 2377 2329 2410 ι
2391 2358 2687 2413 carnaliter
2731 2357 3001 2427 spiritalia
3047 2365 3371 2428 sapuerunt.
3414 2359 3618 2414 Verum

2033 2450 2181 2504 enim
2209 2450 2398 2515 habet,
2429 2449 2575 2520 quod
2605 2448 2884 2518 sapienter
2908 2448 3045 2503 dixit
3069 2448 3362 2517 Apostolus
3392 2466 3404 2501 :
3439 2467 3457 2499 ι
3488 2448 3620 2504 Ani-

2035 2542 2194 2596 malis
2210 2542 2376 2596 homo
2392 2556 2502 2596 non
2519 2540 2751 2609 percipit
2766 2555 2830 2593 ea
2847 2555 2967 2608 quae
2983 2548 3113 2594 sunt
3127 2538 3364 2608 Spiritus
3381 2539 3477 2593 Dei
3498 2540 3562 2592 ⁸⁸.
3594 2559 3613 2590 ι

2035 2633 2246 2687 Idcirco
2265 2639 2525 2700 eptarunt
2545 2646 2575 2684 a
2597 2629 2828 2684 remotis.
2848 2629 3033 2684 doceri
3063 2629 3437 2685 testimonium
3461 2629 3616 2700 (86'),

2035 2738 2145 2776 non
2177 2737 2244 2776 ex
2283 2720 2490 2776 nostris
2513 2730 2569 2775 et
2599 2719 2902 2784 consuetis,
2935 2720 3211 2791 Virginem
3253 2721 3321 2776 ad
3353 2721 3618 2778 sanctita-

2037 2819 2147 2866 tem
2191 2820 2479 2876 mutatam,
2522 2810 2830 2882 intelligere
2863 2812 3176 2867 voluerunt.
3207 2812 3371 2882 Atqui
3415 2813 3619 2871 habent

2037 2919 2128 2958 res
2163 2901 2658 2969 manifestissimae,
2714 2911 2773 2958 ut
2820 2901 3086 2958 obscuras
3125 2904 3278 2960 velut
3327 2904 3620 2976 subjiciant

2039 2995 2233 3050 oculis.
2261 2994 2399 3050 Cum
2432 3009 2566 3065 ergo
2591 2994 2820 3059 ferrum,
2848 2994 3064 3066 nigrum
3092 2995 3231 3050 illud
3263 3003 3321 3050 et
3351 3007 3617 3063 terreum,

363 3094 461 3164 τῆς
487 3095 703 3164 φύσεως
729 3092 1048 3146 καθίσταται
1071 3108 1085 3122 ο
1117 3092 1351 3162 τάχιστα
1370 3093 1447 3157 δὲ,
1477 3095 1613 3166 πρὸς
1637 3093 1737 3166 τὴν
1767 3097 1938 3149 ἐκπυ-

2039 3087 2186 3156 qnod
2232 3101 2360 3141 suas
2405 3085 2526 3142 illas
2560 3102 2591 3141 a
2644 3094 2840 3142 natura
2892 3087 3134 3142 maculas
3175 3097 3232 3144 et
3277 3088 3617 3160 nigredincm

364 3183 618 3255 ρώσασαν
635 3183 960 3252 δραστήριον
985 3181 1158 3252 φλόγα
1181 3183 1547 3254 ἀφομοιότητα
1577 3185 1936 3254 προσκτᾶται,

365 3273 461 3327 καὶ
492 3273 770 3342 ἀνέπαφος
806 3273 900 3328 καὶ
931 3273 1367 3342 καταφλεκτικὸς
1413 3274 1594 3346 πάσης
1625 3273 1760 3346 ὕλης
1787 3276 1940 3345 γίνε-

364 3378 456 3417 ται
481 3379 495 3394 ο
523 3361 789 3427 ποταπὸν,
830 3365 879 3416 εί
906 3362 1283 3434 πανὰχραντος
1312 3366 1391 3418 Ila
1402 3363 1589 3435 ρθένος
1619 3365 1940 3435 ὲξεπυρὼθη

365 3448 452 3504 διὰ
480 3451 578 3522 τῆς
605 3450 699 3505 τοῦ
732 3451 874 3505 θείου
906 3451 998 3505 καὶ
1021 3451 1184 3506 ἀΰλου
1210 3452 1381 3524 πυρὸς
1407 3453 1644 3524 ἐμϐολῆς
1672 3454 1752 3516 εἰς
1782 3452 1944 3506 καθα-

368 3540 462 3613 ρόν
487 3558 502 3572 θ
524 3543 622 3598 καὶ
665 3542 1012 3616 ἁπε[σ]μήχη
1048 3545 1149 3615 μὲν
1173 3545 1280 3598 τῶν
1313 3543 1515 3596 ὐλικῶν
1561 3544 1818 3597 ἁπάντων
1847 3544 1943 3597 καὶ

367 3633 475 3686 τῶν
501 3634 653 3706 παρὰ
689 3635 887 3704 φύσιν,
917 3635 1156 3706 κατέστη
1206 3635 1263 3690 δὲ
1304 3633 1544 3701 διαυγῶς
1575 3634 1634 3687 ὲν
1667 3633 1816 3704 καλῷ
1842 3633 1942 3702 τῆς

369 3724 618 3792 φύσεως,
662 3725 738 3790 ὡς
772 3723 913 3780 εἷναι
950 3725 1137 3779 λοιπὸν
1163 3725 1449 3779 ἁδιάὃατον
1482 3725 1577 3778 καὶ
1606 3726 1825 3780 ἄοικτον
1849 3725 1944 3780 καὶ

369 3813 782 3884 ἀπρόσ6λεπτον
821 3817 934 3880 τοῖς
978 3817 1262 3884 σαρκικοῖς
1311 3814 1763 3886 παρανοθεύμασι
1788 3833 1803 3881 ;
1833 3817 1944 3870 Καὶ

368 3904 431 3960 ὃν
457 3905 693 3978 τρόπον,
732 3907 762 3959 6
793 3905 854 3958 τὸ
887 3904 1237 3975 ἐπιχεόμενον
1273 3906 1418 3959 κατὰ
1463 3908 1708 3979 κορυφῆς
1755 3906 1946 3960 ὑποδε-

370 3998 598 4067 χόμενος
631 3995 797 4067 ὕδωρ,
822 3995 930 4066 ὅλῳ
960 3995 1039 4066 τῷ
1069 3994 1282 4068 σώματι
1307 3995 1407 4068 τὴν
1447 3999 1619 4068 ὑγρὰν
1671 3998 1833 4069 φύσιν
1865 3999 1946 4053 δι-

372 4086 684 4156 ηθουμένην
715 4085 944 4157 φέρειεξ
958 4087 1144 4158 ἄκρων
1166 4089 1245 4151 είς
1270 4089 1416 4160 ἄκρα
1433 4105 1448 4121 ο
1472 4089 1615 4144 οὕτω
1637 4089 1702 4161 δὴ
1731 4090 1826 4144 καὶ
1847 4091 1946 4165 τὴν

373 4173 525 4228 θείαν
554 4173 785 4246 Μητέρα
808 4173 902 4229 καὶ
933 4175 1034 4248 τὴν
1072 4175 1348 4248 Παρθένον
1377 4178 1809 4250 κατακεχρίσθαι
1850 4197 1948 4232 πε-

375 4266 647 4338 πείσμεθα
676 4267 985 4340 ὁλοκλήρως
1007 4271 1074 4341 τῇ
1102 4270 1351 4342 ἁγιότητι
1380 4270 1473 4326 τοῦ
1497 4272 1949 4343 ἐπιφοιτήσαντος

375 4356 523 4413 θείου
556 4358 872 4432 Πνεύματος
896 4376 910 4392 ·
947 4356 1047 4417 εἴθ’
1079 4361 1253 4430 οὕτως
1280 4363 1620 4436 εἰσδέχεσθαι
1643 4365 1734 4419 τὸν
1767 4363 1948 4430 ζῶντα

449 4515 494 4547 ³³
525 4515 668 4571 Psal.
706 4532 793 4584 cx,
830 4518 883 4574 5.
962 4518 1005 4551 ¹⁸
1033 4518 1176 4575 Psal.
1213 4535 1334 4584 χεν,
1371 4519 1423 4584 5,
1459 4518 1511 4574 6.

378 4633 549 4706 magis
602 4634 1039 4706 perstringentur
1084 4635 1387 4701 Manicbaei,
1435 4646 1702 4706 ponentes
1753 4653 1959 4706 φαντα·

379 4705 468 4774 ei;
506 4714 560 4758 et
602 4706 918 4773 apparentia
976 4705 1623 4776 incarnationem,fquam
1674 4705 1958 4763 Nestorius

377 4781 434 4847 et
481 4789 773 4847 sequaces,
818 4790 1132 4847 quanquam
1161 4775 1347 4847 etiam
1401 4775 1440 4830 ii
1480 4775 1957 4847 perstringuntur.

379 4843 515 4927 Nam
555 4844 683 4927 unio
709 4844 798 4927 illa
824 4843 1044 4927 σχετική
1074 4851 1131 4927 et
1161 4843 1569 4927 habitu,Aqua‘m
1594 4862 1694 4927 pro
1723 4843 1958 4927 [naturali

378 4922 436 4985 et
474 4913 814 4985 hypostatica
848 4913 1143 4985 ponebant,
1181 4930 1248 4969 eo
1280 4913 1442 4980 erat,'
1463 4924 1522 4970 ut
1556 4913 1838 4971 videretur
1872 4915 1960 4970 Fi-

382 4982 490 5068 lius
521 4982 618 5035 Dei
672 4982 889 5068 natura,
932 4985 1025 5068 qui
1071 4985 1358 5040 excellenti
1381 4994 1620 5068 “tantum
1661 4985 1953 5068 adoptione

382 5051 553 5105 Filius
585 5062 731 5107 esset
757 5070 770 5106 :
805 5051 1126 5111 alius—plane
1159 5071 1189 5108 a
1216 5071 1346 5108 vero
1381 5055 1471 5109 illo
1502 5065 1695 5111 natura
1727 5051 1863 5110 Filio
1897 5064 1954 5110 et

382 5119 583 5196 Verbo,
645 5131 903 5192 tanquam
938 5119 1043 5179 alia
1093 5124 1398 5196 hypostasis
1434 5141 1448 5178 :
1486 5126 1599 5196 Deo
1643 5135 1824 5181 autem
1860 5127 1956 5194 qui

381 5190 587 5244 veritas
642 5190 780 5267 est_,_'_
809 5202 921 5267 tam
959 5203 1045 5249 est
1092 5190 1250 5266 turpe
1294 5195 1435 5250 velle
1496 5195 1671 5251 videri
1725 5190 1955 5267 aliquid,

381 5273 545 5330 quam
575 5275 700 5330 esse
726 5261 882 5318 illud.

457 5328 604 5416 (86').
629 5329 1210 5416 αυτὶκπαραυτὰὲιὲν
1253 5333 1688 5406 ἁποσκορακίζει
1735 5334 1855 5400 τάς,
1901 5342 1958 5392 et

383 5413 542 5474 morr,
557 5402 651 5474 r_év_
681 5401 834 5474 καλῷ
865 5401 967 5474 τῆς
992 5422 1052 5472 φ.
1093 5403 1242 5459 Εοιτ.

429 5468 590 5550 ’(86⁸)
615 5468 844 5554 ‘Idcirco.
875 5468 1125 5554 optarunt
1161 5492 1194 5529 a
1239 5474 1450 5554 remotis
1507 5475 1681 5554 doceri
1729 5476 1961 5554 testimo-

386 5543 578 5616 ρξιιηιε
610 5543 922 5616 ὲκμπολλοῦ
969 5544 1585 5616 φωταγωγηθῆναιητὴν
1631 5547 1957 5616 μαρτυρίαν.

387 5562 534 5594 mum
560 5562 578 5594 ;
610 5562 675 5594 εκ
727 5562 922 5597 ποΑΑου
969 5562 1440 5616 φωταγωγηυηναι
1488 5562 1585 5616 την
1671 5562 1707 5599 α
1745 5562 1957 5613 τυριαν.

387 5606 481 5670 Τὸ,
510 5609 842 5692 ὲκΛπολλοῦ,
877 5615 1106 5692 opponit
1153 5613 1254 5692 τῷ,
1305 5616 1368 5692 ἐκ
1417 5614 1523 5692 τῶν
1554 5562 1881 5692 καθῖιςμᾷςο
1930 5633 1964 5670 a

386 5682 644 5734 consuetis
678 5691 723 5735 et
761 5682 1049 5738 humanis:
1085 5682 1236 5738 velu’t
1291 5684 1496 5739 alludat
1545 5683 1610 5738 ad
1665 5682 1966 5740 Pharis'eos

387 5746 576 5805 Matth.
609 5767 698 5818 xu,
736 5753 823 5815 58.
863 5763 1111 5824 petentes
1149 5754 1364 5826 signum
1401 5756 1466 5810 de
1503 5755 1640 5811 uelo
1670 5771 1681 5808 :
1722 5755 1965 5810 Volumus

1590 4519 1634 4551 ⁸⁸
1663 4519 1806 4575 Psal.
1845 4535 2057 4576 unum.
2083 4520 2135 4574 5.

2035 3179 2188 3248 juxta
2230 3177 2425 3247 positis
2467 3185 2526 3232 et
2575 3178 2924 3250 tangentibus
2967 3179 3298 3250 corporibus
3340 3188 3619 3250 aspergat,

2043 3266 2134 3321 ubi
2168 3268 2558 3324 commercium
2584 3284 2710 3323 cum
2735 3269 2860 3339 igne
2882 3269 3100 3335 habuit,
3133 3271 3347 3341 subque
3366 3271 3484 3341 ipso
3507 3286 3623 3326 mo-

2040 3365 2247 3419 mento,
2279 3357 2534 3426 superius
2562 3367 2757 3412 natura
2785 3357 3111 3426 meliorique
3146 3359 3462 3414 conditione
3485 3359 3605 3415 elle-

2041 3458 2212 3514 ctum,
2245 3449 2663 3504 similitudinem
2698 3465 2824 3504 cum
2872 3449 3090 3504 ﬂamma
3133 3467 3255 3522 quae
3279 3450 3466 3506 efﬁcax
3493 3466 3620 3506 suc-

2042 3539 2250 3604 cendit,
2275 3540 2568 3595 celerrime
2590 3552 2928 3611 comparata,
2957 3550 3105 3596 tactu
3125 3542 3466 3598 inaccessum
3494 3545 3619 3600 red-

2043 3631 2225 3696 datur,
2257 3639 2311 3686 et
2339 3630 2485 3701 quod
2528 3632 2813 3686 materiam
2839 3633 3142 3702 quamlibet
3171 3633 3328 3689 facile
3350 3634 3622 3691 incende-

2045 3723 2160 3777 rit:
2199 3722 2332 3794 quid
2370 3723 2572 3778 mirum
2613 3722 2896 3789 videatur,
2942 3733 3002 3780 ut
3039 3725 3364 3781 intemerata
3397 3741 3626 3796 prorsus

2045 3817 2231 3887 Virgo,
2256 3816 2428 3872 divini
2453 3816 2760 3886 secretique
2799 3833 2831 3871 a
2864 3818 3091 3873 materia
3114 3818 3256 3889 ignis
3283 3833 3528 3882 accessu,
3554 3819 3623 3874 ad

2045 3923 2246 3978 purum
2275 3906 2585 3963 exarserit:
2613 3915 2782 3977 utque
2803 3908 3062 3963 omnibus
3085 3909 3358 3966 concretis
3383 3912 3626 3968 materia:

2047 4008 2103 4055 et
2127 4008 2325 4070 praeter
2345 4008 2600 4055 naturam
2631 3999 2885 4065 detersis,
2911 4000 2965 4054 in
2991 4009 3200 4056 natura:
3220 4000 3420 4057 decore
3443 4003 3626 4073 splen-

2048 4089 2175 4145 dide
2208 4089 2558 4146 constiterit:
2586 4091 2662 4146 ita
2708 4106 2840 4146 sane
2870 4100 2931 4146 ut
2966 4090 3226 4161 deinceps
3256 4091 3534 4148 inaccessa
3569 4101 3627 4148 et

2048 4183 2412 4253 importabilis
2436 4183 2974 4255 inaspectabilisque,
2997 4184 3202 4240 carnali
3231 4184 3439 4239 vilitate
3467 4185 3627 4254 dege-

2047 4275 2302 4340 neribus,
2351 4275 2440 4332 ﬁt?
2469 4275 2549 4332 Ac
2595 4277 2744 4332 velut
2771 4277 2866 4348 qui
2911 4277 3145 4332 infusam
3191 4277 3381 4332 vertici
3428 4291 3624 4346 aquam

2049 4367 2301 4438 suscipit,
2331 4375 2445 4423 toto
2488 4383 2719 4437 corpore
2759 4383 2790 4422 a
2832 4369 3038 4423 vertice
3081 4368 3150 4424 ad
3183 4369 3292 4424 ima
3332 4367 3626 4424 stillantem

2214 4520 2254 4551 "
2281 4519 2433 4575 Iuda:
2463 4520 2546 4574 l9.
2627 4520 2669 4552 ⁸⁸
2698 4519 2717 4574 l
2743 4519 2867 4575 Cor.
2895 4537 2954 4584 ιι,
2989 4521 3074 4575 14.

2053 4654 2086 4710 ᾳ
2123 4645 2171 4689 te
2212 4637 2630 4710 signumyidere
2652 4652 2671 4690 :
2705 4638 2855 4710 velut
2887 4637 3098 4710 quibus
3136 4636 3629 4710 eonsueta_sani_ta-

2055 4707 2170 4772 tum
2210 4700 2363 4770 signa
2404 4700 2730 4772 vilescerent
2759 4720 2782 4772 :_
2814 4705 2876 4754 ἐκ
2905 4700 3099 4772 πολλοῦ
3124 4718 3289 4772 ergo;
3325 4719 3357 4772 a_
3393 4704 3629 4772 divinio-

2060 4766 2211 4820 ribus
2227 4763 2288 4819 et
2299 4763 2683 4832 remotioribus
2699 4763 2991 4817 voluerunt
3005 4763 3218 4818 disccré
3233 4763 3627 4832 testimonium,

2055 4835 2394 4904 exemplum;
2441 4831 2586 4900 quod
2626 4841 2826 4895 tamen,
2877 4834 3335 4899 ut‘notissimum,
3381 4831 3627 4895 obscura:

2048 4906 2693 4978 veritatisconceptionis
2727 4908 2972 4978 Deipara:
2995 4916 3272 4976 optarunt,
3299 4924 3406 4964 non
3435 4913 3622 4964 usuale

2047 4995 2157 5032 non
2191 4977 2351 5032 abiis
2373 4994 2494 5046 qua:
2528 4977 2776 5032 familiari
2806 4977 2905 5032 usu
2941 4988 3068 5032 nota
3105 4989 3252 5032 sunt.
3278 4978 3372 5032 Vel
3408 4981 3470 5030 ἐκ
3496 4979 3620 5030 πολ-

2047 5047 2137 5100 λοῦ
2180 5048 2447 5118 subaudii
2473 5048 2668 5118 χρόνου
2693 5063 2706 5075 ο
2739 5056 2914 5118 vetus
2958 5047 3176 5118 aliquod
3223 5049 3617 5109 testimonium.

2047 5118 2137 5198 rei
2162 5117 2983 5198 declarandae'sit‘aptissimlim
3011 5135 3051 5198 ἐ.
3070 5133 3265 5198 nempe
3299 5119 3375 5172 illi
3419 5119 3618 5198 sancti-

2044 5189 2140 5243 tati
2176 5188 2355 5242 Mariae
2388 5203 2508 5257 quae
2532 5187 2636 5241 fuit
2677 5187 2848 5258 ipsius
2880 5187 2974 5242 Dei
3011 5188 3168 5242 Verbi
3200 5201 3499 5258 congruum
3529 5189 3622 5240 lia-

2045 5258 2370 5321 bitaculum,
2406 5258 2526 5328 ejus
2566 5257 2932 5328 susceptione,
2968 5258 3024 5312 in
3057 5258 3177 5328 ejus
3219 5257 3621 5327 quodammodo

2049 5329 2305 5383 translata
2340 5328 2679 5397 qualitatem,
2719 5342 2786 5382 eo
2811 5327 2972 5381 modo
2998 5343 3106 5396 quo
3139 5328 3342 5382 ferrum
3367 5337 3621 5396 suscepto

2048 5400 2369 5470 ignetotum
2403 5397 2727 5470 transfertur
2759 5397 2814 5451 in
2847 5398 3354 5470 qualitatemgignis,
3391 5407 3452 5452 ut
3482 5398 3623 5468 ignis

2053 5466 2456 5538 quodammodo
2508 5466 2795 5531 videatur,
2861 5467 3105 5537 nihilque
3170 5466 3451 5538 indignum
3504 5466 3623 5538 ejus

2056 5537 2406 5609 commercio.
2466 5551 2777 5609 quanquam
2831 5538 2981 5592 salva
3031 5537 3477 5609 ejusressentia:
3511 5537 3622 5606 quo

2055 5607 2306 5676 exemplo
2344 5614 2574 5680 utuntur
2615 5607 2984 5680 Damascenus
3013 5607 3220 5680 etriialii,
3255 5608 3383 5680 περὶ
3417 5610 3622 5680 οἰκονο-

2063 5680 2213 5748 μίας,
2240 5685 2293 5731 et
2317 5685 2375 5731 ut
2399 5678 2579 5748 carnis
2624 5676 2677 5730 in
2701 5676 2873 5732 Verbo
2900 5686 2956 5732 et
2977 5693 3043 5732 ex
3070 5679 3270 5743 Verbo,
3299 5676 3617 5748 dignitatem

2061 5747 2366 5820 explicent;
2412 5747 2527 5818 ipsa
2563 5762 2620 5803 re
2648 5747 2763 5820 ipsa
2799 5757 3050 5805 manente
3076 5750 3222 5821 quod
3248 5747 3425 5805 creata
3452 5753 3554 5800 est.
