4048 6210
445 295 471 350 ἱ
482 289 587 350 399

438 411 583 479 gerit
634 411 991 468 substantiam
1040 414 1322 470 humidam

440 488 670 555 matrem
718 503 1129 575 virginemque,
1168 506 1341 562 divini
1390 509 1631 579 Spiritus
1678 508 2025 565 adventantis

1527 298 1874 359 THEODOTI
1913 296 2225 356 EPISCOPI
2268 300 2627 361 ANCYRANI'

1373 435 1384 470 :
1429 417 1509 473 sic
1553 434 1684 473 sane
1737 425 1794 473 et
1840 416 2021 471 divam

2126 415 2257 469 Θεὸν
2285 419 2478 488 Λόγον,
2515 423 2572 474 ἑν
2608 426 2719 486 τοῖς
2750 422 2859 475 τῶν
2889 422 3232 495 παρθένικῶν
3263 424 3355 479 καὶ
3391 444 3709 499 καταμεμυ-

3569 312 3727 371 ησυ-

2135 509 2410 579 ρισμένων
2440 512 2713 582 θαλάμων.

439 595 809 650 δειιιοιίιηοιιίο·
846 598 995 653 omni
1040 610 1195 669 parte
1241 600 1574 669 delibutum;
1628 610 1743 656 tum
1795 600 2018 655 demum
2060 599 2169 671 (87)
2204 602 2481 658 viventem
2548 606 2721 661 Deum
2786 606 3061 671 Verbum,
3105 605 3352 678 virginali
3400 623 3711 678 unguenta-

438 701 546 755 que
578 688 908 756 perspiranti
938 689 1179 744 thalamo
1204 691 1513 761 suscepisse
1541 692 1840 747 credimus.

513 776 626 830 νη.
651 778 861 833 Rursus
884 795 1071 848 porro,
1100 780 1308 847 dilecti,
1341 782 1396 837 in
1421 799 1480 838 se
1505 782 1684 853 ipsum
1716 795 2026 839 sermonem

439 868 801 935 reducamus;
833 886 899 924 co
936 870 1155 926 interim
1188 875 1374 929 valere
1413 875 1589 945 jusso,
1627 873 1721 943 qui
1763 872 2030 927 adversus

438 961 736 1015 nefandum
770 963 1084 1018 Nestorium
1108 1005 1122 1030 ,
1156 972 1212 1019 et
1261 966 1457 1021 iisdem
1500 980 1631 1021 cum
1670 981 1738 1021 eo
1780 965 2030 1020 moribus

437 1053 735 1123 depugnat.
782 1055 889 1110 Vos
930 1066 1135 1123 autem,
1182 1058 1548 1122 dilectissimi,
1587 1059 1793 1130 Optime
1827 1073 2029 1113 conve-

434 1145 618 1210 nistis,
647 1155 706 1201 ut
737 1154 793 1201 ct
822 1147 1087 1203 hodierna
1109 1149 1199 1204 die
1222 1150 1319 1204 Dei
1352 1159 1692 1205 sacramenta
1716 1148 2021 1213 honoretis,

436 1246 609 1308 utque
640 1238 841 1293 divinis
867 1239 1169 1310 Seripturis
1210 1242 1575 1312 praenuntiata
1614 1240 1977 1296 considerctis
2006 1257 2023 1293 ι

437 1345 635 1399 nempe
671 1330 948 1401 Virginem
985 1332 1122 1389 mire
1154 1333 1441 1389 excellenti
1476 1333 1771 1402 divineque
1804 1331 2023 1386 decenti

437 1423 682 1486 ratione,
713 1423 1054 1480 intemeratis
1102 1426 1245 1481 ulnis
1296 1433 1603 1496 gestantem
1630 1425 1814 1488 illum,
1872 1443 1888 1475 ι
1918 1422 2024 1489 Qui

432 1515 606 1570 verbo
644 1521 828 1571 omnia
868 1528 1050 1587 portat
1075 1519 1115 1550 ¹⁹
1145 1540 1157 1571 ;
1189 1539 1206 1569 ι
1249 1517 1449 1573 Senem
1501 1533 1635 1572 vero
1680 1515 2019 1572 sacerdotem

434 1606 678 1675 cupienti
710 1608 896 1663 animo
926 1609 1298 1673 accedentem,
1331 1624 1443 1678 quo
1470 1616 1844 1678 exspectatum
1879 1609 2022 1662 Pon-

436 1700 635 1753 titieem
681 1702 1083 1772 Dominumque
1130 1702 1396 1771 suscipiat
1440 1718 1452 1753 :
1495 1701 1733 1756 vetulam
1780 1699 2019 1769 denique

436 1794 859 1862 prophetissam,
892 1810 1019 1851 eum
1048 1795 1404 1865 recipientem
1441 1796 1537 1865 qui
1571 1794 1749 1849 fuerat
1775 1794 2019 1863 prophew

2201 786 2279 838 Z'.
2331 786 2449 855 Ἐφ’
2483 788 2643 840 αὑτὸν
2673 788 2728 840 δὲ
2776 787 2865 839 τὸν
2909 787 3066 855 λόγον
3113 787 3278 841 πάλιν
3322 787 3707 859 ἑπανάξωμεν,

2124 876 2427 948 ἀγαπητοὶ,
2453 878 2664 950 χαίρειν
2694 880 2975 950 φράσαντα
3007 879 3142 949 πρὸς
3176 879 3237 933 τὸ
3267 880 3441 950 παρὸν
3464 879 3543 950 τῷ
3564 882 3707 934 κατὰ

2121 970 2215 1023 τοῦ
2237 968 2556 1041 δυσωνύμου
2573 969 2870 1040 Νεστορίου
2894 970 2987 1022 καὶ
3002 970 3108 1024 τῶν
3124 971 3491 1042 ὁμοιοτρόπων
3516 973 3704 1027 αὑτοῦ.

2135 1061 2323 1131 Ὑμεῖς
2353 1061 2434 1124 δὲ,
2464 1056 2509 1115 ὧ
2532 1062 3004 1132 προσφιλέστατοι,
3040 1062 3305 1118 κάλλιστα
3334 1065 3705 1136 συνδεδραμήο

2124 1170 2279 1219 κατε,
2305 1154 2398 1207 καὶ
2419 1155 2657 1225 τήμερον
2682 1155 2913 1226 τιμῆσαι
2939 1154 3076 1208 Θεοῦ
3104 1158 3404 1227 μυστήρια,
3434 1159 3525 1210 καὶ
3542 1175 3710 1211 κατα-

2123 1245 2313 1315 νοῆσαι
2334 1245 2441 1299 τῶν
2469 1246 2627 1300 θείων
2653 1247 2885 1317 Γραφῶν
2918 1249 2987 1302 τά
3018 1249 3490 1319 προμεμηνυμένα
3513 1268 3526 1281 -
3557 1250 3704 1319 Παρ-

2123 1336 2277 1390 θένον
2309 1336 2407 1407 μὲν
2443 1337 2737 1407 ὑπερφυῶς
2780 1338 2895 1407 άμα
2927 1338 3022 1392 καὶ
3064 1337 3385 1409 θεοπρεπῶς
3414 1339 3704 1410 ἀκράντοις

2123 1428 2392 1495 ἀγκάλαις
2414 1428 2686 1498 φέρουσαν
2706 1448 2724 1479 ι
2752 1429 2844 1481 τὸν
2868 1428 3107 1499 φέροντα
3132 1430 3340 1499 ῥήματι
3360 1428 3428 1481 τὰ
3455 1430 3633 1481 πάντα
3654 1446 3701 1478 ·›

2129 1521 2443 1592 πρεσϐύτην
2469 1521 2524 1575 δὲ
2553 1522 2722 1593 ἱερέα,
2746 1522 3162 1594 ἐπιθυμητικῶς
3191 1523 3483 1593 προσιόντα
3517 1523 3710 1575 ὑποδὲ-

2128 1613 2323 1678 ξασθαι
2347 1613 2439 1666 τὸν
2479 1613 2921 1684 καραδοκηθέντα
2964 1614 3253 1686 ’Δρχιερέα
3274 1614 3367 1668 καὶ
3403 1615 3704 1685 Δεσπότην·

2126 1704 2364 1775 γηραιάν
2395 1722 2453 1758 τε
2483 1706 2752 1776 προφῆτιν
2784 1707 3281 1778 ἀπολαμϐάνουσαν
3301 1707 3395 1760 τὸν
3420 1723 3709 1777 πεπροφη-

2124 1798 2408 1867 τευμένον.
2446 1797 2592 1851 Ἔδει
2626 1796 2734 1869 γὰρ
2764 1798 3039 1870 ἑκατέρων
3071 1798 3180 1852 τῶν
3211 1798 3583 1869 πραγμάτων,
3606 1796 3706 1850 τοῦ

438 1892 602 1940 tatus.
643 1886 903 1956 Utrisque
931 1888 1077 1942 enim
1105 1902 1243 1957 opus
1265 1895 1383 1941 erat
1410 1906 1421 1939 :
1453 1895 1512 1940 ut
1550 1896 1607 1941 et
1642 1885 1931 1940 masculini
1967 1893 2021 1941 et

2124 1907 2183 1943 τε
2217 1890 2467 1962 ἄρρενος,
2495 1889 2588 1943 τοῦ
2616 1906 2677 1943 τε
2716 1889 2924 1960 θήλεως
2958 1890 3025 1943 τά
3058 1888 3196 1961 πρὸς
3222 1889 3508 1942 εὐσέϐειαν
3539 1890 3710 1958 ἀκρο-

438 1975 661 2031 feminei
698 1994 861 2033 sexus
903 1979 1159 2049 primitiae
1194 1978 1260 2033 ad
1296 1979 1555 2048 pietatem
1587 1985 1642 2032 et
1676 1977 2020 2047 religionem,

440 2066 727 2137 utriusque
752 2068 1109 2139 Redemptori
1149 2078 1528 2133 occurrerent,
1558 2078 1723 2138 atque
1758 2084 1828 2124 ex
1858 2068 2026 2123 utris~

426 2160 545 2231 ‘que
586 2161 804 2217 futuros
844 2171 1031 2218 sancte
1064 2163 1385 2218 adoratorcs
1414 2162 1468 2216 in
1511 2177 1568 2216 se
1597 2162 1730 2231 ipsis
1774 2161 2025 2231 designa-

440 2252 1094 2321 rentzquemadmodum
1137 2254 1301 2309 etiam
1352 2253 1745 2324 praenuntiavit
1792 2252 2021 2322 patriar.

436 2344 539 2399 cha
584 2339 765 2410 l‘saac,
815 2358 940 2400 cum
993 2345 1164 2400 filium
1214 2362 1375 2400 suum
1415 2346 1583 2401 Jacob
1627 2345 2021 2415 patriarcham,

436 2437 790 2493 commutatis
828 2438 1308 2494 benedictionibus
1342 2447 1672 2509 prosecutus
1694 2446 1779 2492 est
1806 2436 1939 2509 (88),
1969 2436 2022 2491 in

434 2530 730 2602 mysticam
776 2529 1089 2586 futurorum
1141 2531 1559 2602 intelligentiam
1602 2530 1894 2595 abductus,
1939 2530 2025 2583 di-

436 2637 716 2692 censque:
750 2623 860 2679 «Et
893 2623 1201 2678 adorabunt
1234 2633 1287 2678 te
1324 2623 1418 2677 filii
1460 2622 1633 2692 patris
1654 2622 1734 2678 tui
1757 2623 1824 2677 ¹⁶.
1853 2642 1871 2674 ι
1900 2623 2023 2677 Νοη

435 2715 717 2770 nesciebat
761 2724 944 2772 autem
991 2718 1076 2771 vir
1111 2718 1324 2788 justus,
1360 2716 1511 2771 velut
1544 2714 1601 2769 in
1648 2715 1854 2785 duplici
1900 2715 2024 2786 biga

438 2814 605 2862 totam
632 2810 815 2878 ipsius
832 2810 1286 2880 comprehensam
1314 2807 1652 2878 progeniem.
1683 2806 1933 2876 Suntque
1959 2821 2024 2861 ea

436 2918 560 2971 qua:
602 2912 940 2973 sequuntur,
970 2901 1135 2956 dictis
1176 2898 1517 2954 testimonio.
1569 2898 1703 2953 Nam
1732 2907 2023 2968 postquam

436 2995 665 3051 dixisset
724 3015 736 3049 :
806 3016 824 3046 ‹
868 2994 993 3051 Fias
1062 2994 1321 3050 dominus
1385 2992 1574 3048 fratris
1635 2991 1751 3058 tui;
1820 3010 1839 3043 ι
1890 3000 2023 3047 tunc

435 3087 720 3159 subjunxit
736 3106 749 3141 :
767 3086 1118 3142 «Adorabunt
1143 3094 1193 3141 te
1214 3085 1311 3140 ﬁlii
1330 3085 1503 3155 patris
1528 3083 1701 3150 tui“;
1727 3102 1745 3136 ι
1767 3099 1797 3137 a
1814 3082 2023 3138 carnali

432 3179 501 3234 ad
539 3179 842 3249 spiritalem
883 3178 1052 3235 Jacob
1094 3178 1389 3232 transiens.
1439 3175 1530 3231 Sic
1575 3190 1706 3229 sane
1739 3174 1907 3229 etiam
1951 3173 2020 3229 ad

433 3271 580 3326 Esau
610 3272 827 3326 locutus
854 3279 939 3325 est
967 3290 979 3324 :
1016 3288 1033 3321 ι
1064 3269 1133 3324 Ει
1154 3269 1439 3324 dominum
1481 3267 1638 3321 illum
1673 3265 1779 3321 feci
1821 3274 1975 3320 tuum
2003 3285 2017 3322 :

433 3373 491 3419 et
523 3378 713 3419 omnes
741 3363 937 3418 fratres
971 3360 1131 3434 (ejus)
1172 3360 1279 3416 feci
1310 3360 1430 3430 ejus
1461 3356 1713 3412 famulos.
1749 3357 1873 3413 Tibi
1919 3372 2020 3412 au-

433 3463 544 3511 tem
571 3454 703 3525 quid
746 3453 964 3520 faciam,
1011 3453 1087 3509 ﬁli
1114 3452 1199 3507 "‘2
1248 3471 1267 3504 ι
1304 3449 1484 3517 Quare
1514 3457 1599 3505 est
1640 3449 2023 3520 plenissimum

432 3547 697 3620 mysterio
741 3547 914 3618 patris
955 3545 1187 3617 aanigma
1234 3555 1523 3617 coetusque
1550 3543 1821 3607 ﬁliorum;
1858 3548 2023 3612 atque

432 3641 574 3711 ejus,
600 3638 696 3710 qui
739 3648 792 3694 te
834 3638 929 3694 tali
965 3648 1113 3694 coetu
1156 3638 1441 3693 adoratur.
1472 3636 1628 3705 Quod
1658 3635 1843 3689 divina
1873 3632 2022 3688 docti

432 3730 694 3802 mysteria
717 3729 955 3785 Joannes
985 3742 1041 3784 et
1072 3728 1293 3793 Paulus,
1317 3728 1501 3783 divina
1526 3727 1895 3782 edisserentes
1929 3740 2024 3779 ex-

433 3830 739 3893 posuerunt
764 3840 777 3875 :
804 3822 894 3877 ille
916 3821 1162 3892 quidem,
1185 3837 1309 3877 cum
1332 3821 1410 3875 ait
1440 3838 1451 3873 :
1488 3838 1506 3869 ε
1536 3819 1815 3887 Quotquot
1837 3824 2021 3872 autem

433 3922 764 3985 receperunt
785 3929 934 3979 eum,
954 3913 1106 3969 dedit
1126 3912 1207 3968 eis
1231 3920 1557 3983 potestatem
1578 3910 1718 3966 filios
1739 3910 1835 3967 Dei
1863 3910 1981 3966 ﬁeri
2004 3928 2019 3967 :

432 4006 511 4060 iis
537 4005 631 4076 qui
654 4006 889 4060 credunt
913 4006 968 4060 in
998 4004 1222 4060 nomine
1253 4006 1373 4075 ejus
1402 4022 1415 4058 ε
1441 4004 1537 4075 qui
1565 4018 1675 4061 non
1710 4020 1778 4058 ex
1800 4003 2023 4075 sangui-

433 4097 621 4161 nibus,
640 4110 820 4165 neque
838 4112 903 4151 ex
923 4095 1203 4151 voluntate
1222 4095 1425 4161 carnis,
1448 4110 1627 4166 neque
1650 4110 1718 4149 ex
1739 4095 2021 4151 voluntate

434 4189 560 4253 viri,
587 4188 683 4243 sed
706 4202 775 4242 ex
812 4188 925 4241 Deo
950 4186 1064 4240 nati
1105 4196 1235 4241 sunt
1263 4188 1330 4239 ’³.
1380 4205 1398 4238 ι
1431 4186 1533 4241 Hic
1568 4195 1750 4240 autem
1787 4186 2016 4242 dicens:

443 4300 467 4330 ‹
509 4278 777 4345 Quoniam
810 4286 991 4332 autem
1025 4278 1159 4332 estis
1201 4276 1321 4342 filii,
1368 4276 1520 4331 misit
1567 4277 1712 4331 Deus
1755 4276 2021 4347 Spiritum

435 4372 559 4426 Filii
625 4371 712 4426 sui
779 4370 837 4425 in
895 4370 1061 4424 corda
1123 4378 1338 4435 vestra,
1392 4370 1718 4426 clamantem
1771 4370 2017 4437 :Abba,

436 4466 596 4519 Pater
623 4464 687 4516 ".
724 4482 742 4513 ι

2125 1984 2269 2037 θίνια
2323 1982 2781 2053 προσυπαντῆσαι
2817 1980 2895 2052 τῷ
2932 1981 3258 2053 ἀμφοτέρων
3292 1981 3579 2051 Λυτρωτῇ,
3610 1981 3710 2033 καὶ

2121 2078 2251 2139 τοὺς
2291 2074 2570 2146 ἑκατέρων
2601 2073 2959 2147 προτυπῶσαι
2990 2076 3047 2126 ἑν
3074 2074 3285 2136 ἑαυτοῖς
3330 2073 3493 2134 ὁσίως
3528 2090 3707 2143 προσ-

2124 2163 2382 2233 κυνητάς.
2422 2163 2635 2235 Ὥσπερ
2665 2165 2761 2217 καὶ
2793 2162 3141 2234 πατριάρχης
3184 2160 3375 2215 ἰσαάκ
3416 2163 3713 2233 προμεμή-

2124 2276 2307 2322 νυκεν,
2343 2258 2505 2330 ήνίκα
2531 2259 2652 2321 ταῖς
2683 2255 2959 2325 εὐλογίαις
2990 2254 3361 2326 κατέστρεψεν
3388 2255 3482 2308 τὸν
3509 2254 3572 2319 ἐξ
3603 2257 3712 2309 αύ-

2122 2351 2218 2404 τοῦ
2247 2350 2593 2422 πατριάρχην
2631 2347 2850 2414 Ἰακὼϐ,
2878 2348 2974 2403 ἑπὶ
3002 2347 3233 2419 θεωρίαν
3258 2347 3368 2399 τῶν
3398 2346 3713 2417 μελλόντων

2124 2444 2473 2515 ἀπαγόμενος
2503 2443 2597 2495 καὶ
2623 2442 2828 2510 λέγων’
2859 2459 2877 2491 c
2916 2443 3029 2494 Kal
3067 2439 3508 2511 προσκυνήσουσί
3539 2456 3622 2492 σοι
3654 2442 3709 2492 οί

2125 2538 2231 2589 υἱοὶ
2263 2536 2357 2588 τοῦ
2394 2534 2601 2606 πατρός
2652 2550 2745 2587 σου
2776 2551 2791 2564 ·
2831 2552 2849 2585 ι
2888 2533 2990 2586 οὐκ
3032 2532 3311 2602 ἀγνοήσας
3343 2530 3389 2582 δ’
3433 2529 3635 2584 ἔπαθεν
3676 2533 3707 2583 6

2123 2629 2363 2693 δίκαιος,
2396 2628 2589 2695 ὅτιπερ
2631 2628 2689 2679 ἑν
2734 2624 2941 2695 διδύμῳ
2984 2623 3237 2696 ξυνωρίδι
3271 2624 3305 2694 ὴ
3346 2624 3495 2676 πᾶσα
3536 2624 3713 2677 αὐτοῦ

2124 2721 2587 2793 ὲμπεριείληπται
2622 2720 2777 2789 γονή.
2810 2719 2919 2771 Kal.
2953 2717 3220 2788 μαρτυρεί
3245 2715 3356 2768 τῶν
3395 2715 3587 2769 τούτου
3610 2716 3708 2768 λό-

2122 2832 2235 2884 γων
2276 2816 2310 2885 ή
2351 2812 2663 2867 ἀκολουθία.
2703 2810 2861 2864 Μετὰ
2887 2808 2996 2880 γὰρ
3025 2808 3084 2861 τὸ
3120 2808 3437 2878 εἰρηκέναι·
3489 2826 3507 2859 ι
3542 2807 3713 2861 Γίνου

2124 2907 2314 2978 κύριος
2343 2902 2438 2958 τοῦ
2488 2901 2720 2972 ἀδελφοῦ
2752 2918 2846 2954 σου
2872 2916 2885 2929 ·
2931 2920 2949 2952 ι
2982 2899 3044 2953 τὸ
3069 2899 3371 2969 τηνικαῦτα
3407 2901 3660 2970 ἐπήγαγε
3692 2916 3707 2930 ο

2132 3015 2149 3045 σ
2190 2992 2639 3067 Προσκυνήσουσί
2672 3009 2753 3045 σοι
2783 2993 2832 3045 οί
2856 2991 2962 3043 υἱοὶ
2992 2988 3086 3043 τοῦ
3110 2989 3316 3060 πατρός
3336 3006 3485 3042 σουοι
3512 2990 3578 3043 ἑκ
3608 2989 3713 3042 τοῦ

2127 3086 2392 3159 σαρκικοῦ
2418 3086 2511 3138 ἐπὶ
2538 3084 2630 3138 τὸν
2664 3082 2853 3155 νοητὸν
2888 3081 3261 3151 μεταγόμενος
3299 3079 3513 3134 Ἰακώϐ.
3544 3079 3713 3133 Οὕτω

2123 3180 2255 3249 γοῦν
2301 3179 2394 3233 καὶ
2445 3178 2581 3247 πρὸς
2632 3176 2722 3229 τὸν
2778 3173 2949 3227 Ἠσαῦ
2995 3171 3236 3242 ἔφασκε·
3303 3190 3321 3221 ι
3362 3171 3474 3224 Kal.
3512 3169 3711 3241 κύριον

2123 3272 2285 3327 αὑτὸν
2310 3270 2542 3339 ἐποίησά
2569 3286 2684 3331 σου,
2727 3267 2823 3320 καὶ
2858 3267 3066 3329 πάντας
3098 3264 3226 3329 τοὺς
3253 3264 3515 3331 ἀδελφοὺς
3537 3261 3709 3316 αὐτοῦ

2124 3364 2358 3426 οἰκέτας.
2415 3362 2507 3414 Σοὶ
2544 3360 2601 3412 δὲ
2644 3359 2696 3411 τί
2740 3357 2988 3427 ποιήσω,
3023 3356 3256 3422 τέκνονς
3297 3372 3319 3405 ι
3374 3354 3537 3406 Ὥστε
3598 3370 3707 3422 μυο

2126 3454 2456 3510 πικώτατον
2499 3448 2822 3522 τοῦπατρὸς
2859 3449 2955 3501 καὶ
2993 3448 3096 3518 τῆς
3127 3445 3371 3517 πληθύος
3414 3445 3524 3497 τῶν
3560 3444 3705 3496 υἱῶν

2124 3549 2354 3617 αἴνιγμα
2377 3586 2390 3608 ,
2421 3544 2514 3598 καὶ
2560 3542 2659 3595 τοῦ
2690 3542 2747 3609 ἑξ
2784 3541 2955 3609 αὐτῆς
2984 3536 3473 3609 προσκυνουμένου.
3512 3534 3703 3602 Ὅπερ

2123 3642 2172 3693 oi
2222 3638 2291 3693 τὰ
2339 3636 2458 3690 θεῖα
2501 3632 2906 3703 πεφωτισμένοι
2966 3630 3244 3701 μυστήρια
3292 3624 3534 3693 Ἰωάννης
3590 3622 3699 3675 καὶ

2124 3731 2340 3795 Παῦλος
2386 3726 2763 3796 θεολογοῦντες
2804 3724 3143 3796 ἑρμήνευον·
3179 3722 3209 3774 6
3259 3719 3357 3788 μὲν
3382 3756 3397 3780 ,
3468 3734 3489 3767 ι
3532 3715 3695 3767 Ὅσοι

2124 3824 2318 3879 ἔλαϐον
2340 3821 2522 3883 αὐτὸν,
2554 3819 2749 3887 λέγων,
2785 3816 2985 3869 ἔδωκεν
3018 3813 3206 3875 αὐτοῖς
3244 3808 3495 3874 ἐξουσίαν
3530 3806 3703 3859 τέκνα.

2123 3915 2258 3970 Θεοῦ
2286 3913 2564 3983 γενέσθαι·
2593 3913 2707 3975 τοῖς
2736 3907 3084 3962 πιστεύουσιν
3109 3906 3189 3968 είς
3213 3902 3272 3955 τὸ
3292 3901 3463 3970 ὄνομα
3496 3897 3665 3952 αὐτοῦ
3685 3913 3702 3926 ο

2123 4006 2173 4061 οἳ
2200 4006 2302 4060 οὐκ
2343 4006 2404 4070 ὲξ
2427 4003 2701 4075 αἱμάτων,
2734 4000 2854 4054 οὐδὲ
2878 4000 2942 4052 ἑκ
2980 3996 3291 4067 θελήματος
3317 3990 3543 4063 σαρκὸς.
3578 3988 3708 4041 οὐδὲ

2124 4100 2189 4153 ὲκ
2219 4098 2526 4170 θελήματος
2553 4094 2775 4166 ἀνδρὸς,
2817 4091 2934 4146 ἀλλ’
2962 4092 3027 4145 ἑκ
3058 4088 3196 4143 Θεοῦ
3235 4084 3629 4156 ἐγεννήθησανο
3677 4099 3697 4131 ι

2122 4192 2152 4245 6
2198 4191 2256 4245 δὲ
2300 4190 2558 4260 φάσκωνο
2596 4206 2614 4240 ‹
2648 4188 2772 4240 Ὅτι
2832 4184 2889 4237 δέ
2928 4184 3054 4236 ὲστε
3094 4179 3232 4245 υἱοὶ,
3268 4174 3649 4245 ἐξαπέστειλεν
3674 4174 3706 4225 6

2125 4282 2257 4346 Θεὸς
2296 4281 2358 4335 τὸ
2403 4278 2629 4349 Πνεῦμα
2670 4277 2765 4331 τοῦ
2812 4274 2947 4329 Υίοῦ
2990 4272 3155 4327 αὑτοῦ
3203 4272 3282 4335 είς
3331 4270 3431 4333 τάς
3473 4266 3705 4340 καρδίας

2127 4374 2303 4446 ὑμῶν,
2334 4374 2537 4446 κράζον
2563 4389 2578 4404 ·
2628 4369 2819 4437 Ἀϐϐᾶ,
2847 4371 2875 4423 6
2896 4367 3109 4438 Πατήρ.
3141 4383 3160 4417 ι

502 4554 642 4619 Vlll,
682 4554 912 4619 Videtis,
945 4552 1312 4619 dilectissimi,
1339 4553 1739 4609 lucidissimam
1774 4571 2011 4612 consen~

2195 4552 2278 4604 H'.
2328 4549 2521 4621 Ὁρᾶτε
2540 4586 2555 4611 ,
2581 4542 3033 4616 προσφιλέστατοι
3052 4579 3068 4602 ,
3103 4512 3420 4609 συμφωνίαν
3443 4514 3713 4604 τήλαυγε-

437 4647 650 4703 sionem
684 4646 899 4702 Veteris
924 4646 1129 4701 etNovi
1171 4644 1544 4700 Testamenti?
1585 4645 1791 4702 Videtis
1820 4657 1878 4703 ut
1908 4662 2009 4704 nos

2122 4644 2325 4715 στάτην
2372 4641 2617 4703 Παλαιάς
2679 4638 2775 4691 καὶ
2837 4634 3048 4704 Καινῆς
3099 4630 3412 4701 Διαθήκηςς
3471 4625 3710 4679 Βλέπετε

513 4807 555 4839 ⁸⁹
598 4805 765 4860 llcbr.
799 4821 836 4871 ι,
870 4803 923 4857 5.
1002 4803 1047 4834 ²⁰
1080 4801 1215 4857 Gen.
1250 4818 1414 4868 xxvu,
1441 4802 1530 4857 29.
1606 4804 1648 4833 ²¹
1684 4803 1820 4859 ibid.
1899 4805 1944 4835 "
1977 4804 2021 4859 il

2141 4805 2232 4860 '57.
2308 4804 2353 4835 ’³
2377 4803 2533 4859 Joan.
2564 4817 2602 4867 ι,
2630 4800 2721 4865 12,
2752 4796 2837 4850 l3.
2914 4793 2959 4825 "
2991 4791 3166 4848 Galat.
3195 4805 3269 4855 Iv,
3297 4788 3354 4843 6.

509 4946 622 5016 (87)
678 4943 809 5016 Tum
853 4941 1117 5016 demumj
1150 4934 1280 5016 είθλ-
1303 4937 1499 5016 οὓτως.
1533 4936 1871 5016 εἰσδέχεσθαι
1924 4936 2017 5016 τόν

438 5006 617 5085 ζῶντα
665 5015 798 5068 Θεὸν
826 5015 1027 5085 γᾼόγον.
1064 5010 1193 5064 Post
1227 5008 1375 5062 illam
1411 5007 1662 5085 Spiritus
1684 5006 1869 5061 Sancti
1924 5006 2020 5085 ad-

439 5077 604 5145 ventu
664 5082 1174 5143 sanetificationcm,
1230 5095 1393 5148 quam
1439 5077 1735 5148 Gregorius
1778 5086 1917 5130 orat.
1964 5077 2018 5130 in

437 5158 644 5216 Christi
680 5155 939 5231 natalem,
990 5150 1365 5231 προκάθαρσιν
1403 5148 1558 5231 dicit,
1597 5147 1728 5231 d'um
1774 5147 1850 5231 ait
1884 5162 2018 5231 con-

441 5239 659 5298 ceptum
700 5216 1095 5298 Dominum_e£
1113 5216 1354 5298 Virgine,
1391 5219 1484 5273 καὶ
1516 5217 1691 5298 ψμχήν
1719 5218 1809 5298 καὶ
1840 5216 2019 5287 σάρκα

448 5287 917 5367 προκαθαρθείσης
945 5292 1023 5362 τῷ
1052 5287 1349 5367 Πνεύματι,
1396 5304 1518 5358 qua:
1548 5287 1741 5341 fuisset
1773 5303 2019 5356 pnepur-

441 5360 560 5437 gata
606 5360 839 5436 Spiritu,
876 5360 1005 5437 tum
1050 5360 1251 5423 anima,
1292 5368 1407 5413 tum
1456 5372 1661 5437 carpe:
1708 5372 2024 5437 non.mun—

444 5427 665 5493 dationé
709 5450 739 5489 a
775 5434 1031 5489 sordibus
1065 5446 1185 5500 qua
1221 5437 1425 5492 essent,
1466 5427 1560 5482 sed
1599 5427 1952 5500 translatione
1992 5442 2024 5480 a

447 5505 647 5561 minori
696 5504 765 5558 ad
816 5497 1098 5573 majorem'
1123 5501 1499 5573 sanctitatem,
1546 5506 1761 5573 etquze
1806 5497 2024 5551 deceret

450 5576 544 5633 Dei
581 5582 806 5627 matrem
836 5591 849 5625 :
886 5567 989 5626 ἔδει
1020 5571 1148 5642 γὰρ,
1184 5572 1394 5642 inquit,
1422 5571 1515 5623 καὶ.
1561 5567 1814 5642 γέννησιν
1860 5584 2023 5642 τιμητ

448 5649 636 5718 θῆναι,
656 5643 749 5695 xal.
775 5642 1068 5718 παρθενίαν
1082 5638 1526 5718 προτιμηθῆναι,
1553 5639 1967 5718 ρνωυὶ-ςλιοηονᾳ
1977 5638 2023 5690 ri

447 5707 816 5787 vii'ginitritent
835 5707 866 5766 ;’
888 5711 982 5787 qui
1009 5707 1223 5765 videtur
1249 5707 1442 5787 sensus
1466 5707 1680 5787 planus.
1717 5707 1907 5763 Billius
1937 5715 2021 5786 ta_-

447 5776 576 5847 men
611 5804 623 5843 :
660 5781 727 5841 Et
772 5776 1123 5857 virginitatem
1165 5780 1405 5853 pra’fcrri
1461 5776 1770 5853 oportebat:
1810 5793 1911 5834 nec
1944 5776 2021 5833 tl"-

2125 4937 2231 4993 dco
2265 4935 2397 5006 quid
2433 4933 2633 5006 habeat
2659 4924 3108 5006 consequentige,
3147 4918 3711 5006 nisifortefoprref

2126 4990 2298 5062 lataml
2326 5003 2598 5073 intelligat
2620 4990 2989 5073 virginitatem
3024 4993 3122 5057 illi,
3160 4990 3289 5073 quia
3330 4994 3714 5073 proptcr'eam

2126 5056 2739 5141 non-fueritnEglccla‘,
2784 5067 3143 5132 videaturque
3175 5056 3343 5142 Virgo
3376 5057 3492 5126 ipsa
3531 5056 3712 5142 pluris

2126 5144 2528 5217 quodammodo
2547 5136 2785 5217 fecisse,
2843 5143 2905 5192 ut
2948 5138 3194 5217 inanerLet
3229 5136 3607 5217 virglo,cq‘uam
3652 5136 3714 5217 Ψ,

2467 5195 2649 5273 fieret,
2704 5195 2816 5264 illis
2854 5206 3041 5281 verbis
3056 5221 3081 5281 _:
3118 5195 3387 5281 Quomodo
3420 5195 3510 5263 ﬁet
3542 5196 3708 5281 istud3

2127 5288 2376 5358 quoniam
2400 5286 2749 5358 _virum,ctc._,
2775 5293 2951 5346 coque
2987 5274 3239 5353 debuerit
3652 5274 3712 5358 Et

2129 5343 2566 5428 copiosissimum
2590 5343 2783 5420 gratia:
2816 5343 3015 5428 munus
3049 5343 3320 5414 accipere,
3356 5352 3466 5407 quo
3496 5343 3707 5406 integra

2129 5427 2536 5489 et’conciperct
2568 5432 2625 5475 ct
2660 5427 2892 5489 pareret.

2204 5497 2315 5568 (88)
2354 5484 2699 5568 Commutatis
2724 5484 3201 5568 benedictionibus.
3233 5485 3533 5568 prosecutus

2128 5546 2567 5632 raigvébioflatc
2605 5556 2991 5632 κατέστρεψεν.
3041 5546 3335 5632 Attributis
3372 5546 3551 5632 alteri,
3585 5559 3714 5628 qua?

2129 5620 2357 5709 alterius
2382 5620 2727 5698 videbantur,
2752 5620 3273 5686 ac'adolesccntiore
3310 5620 3467 5675 fratri
3501 5620 3714 5673 seniori

2129 5708 2372 5783 praelato.
