4048 6210
360 288 499 347 MOI

1151 290 1431 350 HOMILIA
1465 294 1551 351 IV.
1593 296 1663 352 IN
1702 294 1760 352 S.
1801 296 2165 357 DEIPARAM'
2189 303 2276 360 ET
2317 304 2686 362 SIMEONEM.

3463 313 3486 364 1
3505 313 3612 364 ιω

359 401 475 492 ὠς
509 400 601 456 καὶ
633 401 761 475 περῖ
809 402 954 474 ἡμᾶς
990 403 1078 476 τῷ·
1109 406 1302 478 ἀγαθῷ
1335 411 1577 484 Δεσπότῃ
1618 415 1650 486 ἡ
1692 418 1927 488 στοργή;

2035 424 2200 478 etiam
2228 422 2406 477 bonus
2434 423 2700 476 Dominus
2715 429 3334 492 paterno'prosequatur
3359 420 3602 476 allecto?

370 491 656 563 Ἀδελφοὺς
696 495 842 565 ήμᾶς
870 496 1623 573 κατηξίωσενίὰναγορεῦσαι,
1660 507 1754 560 καὶ
1781 509 1930 573 υἱοὺς

357 584 450 638 τοῦ
476 586 618 639 κατὰ
651 586 814 656 φύσιν
836 587 1002 643 αὑτοῦ
1037 591 1250 663 Πατρδς
1276 597 1519 666 ποιῆσαι·
1556 598 1614 650 οὐ
1650 601 1789 653 κατὰ
1827 602 1932 654 ισο-

357 673 576 744 τιμίαν,
608 674 684 737 ῶς
713 692 856 739 τινες
893 677 1194 752 ἀπροσεξίᾳ
1231 683 1521 754 φερόμενοι
1556 688 1928 746 ὑπετόπασαν.

360 766 577 834 ’Λπαγε
627 765 724 836 τὴν
765 767 978 822 τούτων
1031 774 1582 847 μεγαλορημοσύνηνί
1629 779 1932 850 Ἠγνόησαν

357 858 466 925 γὰρ
495 856 556 908 τὸ
605 857 742 929 πρὸς
785 859 1008 914 Ἡσαΐαν
1039 863 1208 917 πάλαι
1238 865 1369 936 παρ’
1397 866 1577 920 αὑτοῦ⁷
1601 871 1935 942 προειρημέ-

357 964 467 1003 νον·
509 966 527 999 ι
563 948 724 1018 Μέγα
754 951 836 1004 σοι
865 953 981 1006 ἐστι
1015 954 1077 1006 τὸ
1115 956 1382 1028 κληθῆναί
1434 976 1493 1012 σε
1540 962 1708 1015 παῖδά
1741 979 1868 1034 μουο
1907 981 1928 1016 ι

357 1038 495 1092 ἀλλὰ
526 1040 669 1094 κατὰ
725 1043 870 1112 μίξιν
904 1044 1208 1116 άξιότητος,
1257 1050 1350 1120 καὶ
1394 1051 1494 1121 τῆς
1533 1051 1600 1105 δι’
1644 1055 1810 1108 αὑτοῦ
1854 1055 1931 1127 τῷ

359 1131 535 1202 Πατρὶ
550 1138 973 1207 περιποιητικῆς
999 1143 1389 1213 προσαγωγῆς.
1425 1161 1444 1196 ι
1471 1144 1565 1210 Τίς
1594 1145 1702 1217 γὰρ
1735 1149 1932 1218 ὁμοιω-

356 1221 582 1293 θήσεται
607 1225 683 1296 τῷ
718 1228 906 1299 Κυρίῳ
930 1231 989 1283 ὲν
1017 1232 1152 1295 υἱοῖς
1177 1234 1346 1302 Θεοῦς
1375 1254 1392 1288 ι
1425 1237 1591 1308 φησὶν
1614 1241 1647 1309 ἡ
1677 1239 1932 1294 θεόπνευ-

358 1327 484 1380 στος
524 1319 735 1390 Γραφή.
768 1323 843 1375 Οὐ
867 1323 974 1395 γὰρ
1001 1326 1154 1395 ψιλὸς
1180 1328 1466 1400 ἄνθρωπος
1495 1333 1523 1384 ό
1553 1333 1808 1403 Χριστὸς,
1843 1335 1932 1389 ἵνα

357 1409 420 1461 τὸ
456 1411 639 1480 ὅμοιον
661 1412 737 1482 τῷ
759 1415 930 1486 ὁμοίῳ
959 1417 1261 1484 άνελλιπῶς
1285 1423 1640 1494 συνουσιωθῇ.
1677 1424 1795 1480 Κᾶν
1823 1425 1932 1498 γάρ

358 1501 723 1573 οίκειώθημεν
745 1504 861 1581 ,διὰ
913 1507 1013 1578 τὴν
1053 1510 1322 1581 σαρκικὴν
1353 1512 1489 1582 πρὸς
1532 1514 1682 1583 ἡμᾶς
1737 1514 1934 1583 συγγέ-

357 1609 509 1645 νειαν
555 1593 635 1664 τῷ
673 1596 1074 1668 κατηξιωκότι,
1117 1601 1215 1671 οὐχ
1251 1596 1413 1673 ἦττον
1468 1603 1932 1675 μειονεκτούμεθα

356 1682 787 1752 ἀπροσὸλέπτως
821 1687 916 1740 καὶ
956 1690 1234 1762 ἐντρόμως
1284 1693 1417 1764 παρ’
1451 1693 1650 1760 αὐτοῦ,
1689 1695 1932 1764 φυσικῶς

2030 516 2296 585 Dignatus
2339 522 2424 569 est
2453 529 2554 570 nos
2591 528 2808 578 vocare,
2840 511 3039 567 fratres
3073 512 3157 577 ’⁸,
3189 511 3386 581 suique
3422 513 3602 582 ipsius

2030 607 2208 663 Patris
2229 614 2448 670 naiura,
2472 605 2652 660 facere
2674 604 2815 660 ﬁlios
2843 622 2857 658 :
2906 619 3017 658 non
3067 619 3164 673 per
3206 603 3616 672 :equalitatem,.

2031 708 2092 753 ut
2133 697 2303 767 aliqui
2333 697 2514 752 minus
2547 698 2892 752 attendentes
2914 704 3045 752 sunt
3074 694 3332 764 suspicati
3381 712 3393 747 :
3434 711 3620 766 apage:

2030 789 2106 844 sis
2136 803 2327 843 eorum
2354 789 2910 860 grandiloquentiam.
2930 786 3259 841 Nescierunt
3287 785 3435 840 enim
3453 788 3600 855 quod

2029 881 2161 936 olim
2177 881 2246 936 ab
2265 896 2332 937 eo
2358 881 2425 936 ad
2453 881 2650 936 Isaiam
2675 881 2777 935 fuit
2798 879 3130 950 praedictum
3153 896 3164 930 :
3191 878 3473 947 «Magnum
3501 879 3614 933 tib'v

2028 981 2220 1039 est,.ut
2251 973 2468 1028 voceris
2485 988 2624 1042 puer
2647 987 2806 1026 meus
2834 972 2907 1036 ¹⁶;
2936 989 2954 1021 ›
2997 970 3092 1024 sed
3113 969 3419 1024 secundum
3466 985 3620 1023 con-~

2031 1063 2496 1136 temperationem
2519 1062 2865 1134 dignationis
2894 1069 3060 1131 atque
3109 1060 3470 1124 inductionis,
3497 1076 3605 1129 qua

2032 1158 2180 1213 Patri
2206 1171 2304 1226 per
2331 1156 2510 1226 ipsum
2537 1153 2907 1208 vindicamur.
2938 1172 2956 1204 ι
2977 1153 3112 1208 Nam
3137 1153 3262 1221 quis
3285 1152 3478 1206 similis
3498 1152 3607 1206 erit

2031 1248 2266 1303 Domino
2298 1247 2355 1300 in
2389 1245 2518 1300 ﬁliis
2557 1245 2654 1299 Dei
2700 1245 2782 1298 '7?
2811 1264 2829 1296 ι
2885 1244 2965 1298 ait
3019 1243 3287 1297 divinitus
3340 1242 3606 1311 inspirata

2033 1337 2336 1407 Scriptura.
2372 1335 2492 1390 Non
2519 1335 2665 1389 enim
2696 1333 2952 1389 Christus
2980 1341 3065 1389 est
3102 1331 3290 1386 nudus
3327 1330 3515 1394 homo,
3547 1339 3608 1384 ut

2033 1429 2151 1484 sine
2176 1427 2416 1492 defectu,
2468 1427 2648 1481 simile
2691 1425 2855 1480 simili
2901 1424 3163 1488 essentia,
3213 1423 3368 1478 insit.
3415 1421 3606 1488 Quan-

2031 1535 2195 1590 quam
2212 1519 2380 1582 enim,
2401 1517 2607 1575 carnali
2631 1517 2699 1571 ad
2732 1532 2834 1572 nos
2869 1516 3219 1586 cognatione,
3248 1527 3605 1569 sumus-eon-

2033 1613 2204 1668 ciliati
2235 1651 2250 1676 ,
2291 1611 2454 1680 eique
2509 1608 2641 1664 facti
2678 1608 2987 1672 domestici,
3022 1607 3118 1676 qui
3171 1605 3488 1677 dignatione
3511 1619 3600 1658 vo-

2032 1704 2167 1758 luit:
2201 1703 2375 1758 nihilo
2410 1711 2592 1756 tamen
2620 1701 2824 1764 minus,
2872 1714 2974 1754 nec
3023 1699 3274 1768 aspicere
3318 1696 3610 1752 sustinen-

357 1775 454 1828 καὶ
485 1775 904 1843 ὲξουσιαστικῶς
926 1781 1298 1849 δεσπόζοντος.
1325 1785 1475 1850 Τινὲς
1502 1787 1602 1856 μὲν
1653 1790 1762 1860 γὰρ
1801 1807 1820 1841 ι
1854 1787 1930 1860 μὴ

2036 1803 2120 1851 tes
2155 1801 2590 1863 trementesque,
2615 1791 2684 1846 ab
2711 1791 2807 1846 illo
2835 1789 3097 1844 minorati
3127 1803 3351 1854 sumus,
3383 1787 3476 1857 qui
3506 1803 3610 1840 na-

357 1867 650 1933 συνιέντες,
684 1873 821 1943 μήτε
851 1873 887 1928 ά
914 1873 1152 1944 λέγουσι,
1193 1879 1328 1948 μήτε
1378 1881 1507 1950 περὶ
1555 1880 1717 1934 τίνων
1757 1882 1933 1936 διαϐεο

360 1958 658 2022 ὁαιοῦνται,
703 1981 722 2015 ι
780 1965 1085 2035 ἀνθρώποις
1141 1969 1307 2025 αὑτὸν
1366 1974 1656 2041 συγκρῖναι
1703 1973 1796 2027 τὸν
1841 1975 1933 2028 Δε-

357 2048 563 2119 σπότην
605 2053 700 2106 καὶ⁸
745 2053 972 2125 Σωτῆρα
1022 2057 1313 2126 φάσκουσι,
1360 2060 1459 2132 τὴν
1502 2063 1629 2133 περὶ
1683 2064 1928 2119 Ἰωάννου

352 2139 446 2193 τοῦ
475 2142 780 2197 Βαπτιστοῢ
807 2146 1033 2217 ἀμαθῶς
1065 2166 1170 2221 προ
1182 2149 1262 2222 [σ]
1283 2151 1537 2222 φέροντες
1554 2155 1609 2207 ὲν
1625 2155 1797 2227 τούτῳ
1835 2159 1934 2210 Δε-

357 2232 618 2303 σποτικὴν
667 2235 933 2304 διάλεξιν,
967 2241 1023 2293 ὲν
1125 2245 1626 2316 προμεμαρτύρηκε
1681 2249 1927 2317 φάσκωνο

360 2340 380 2372 ι
420 2323 638 2388 Μείζων
694 2328 753 2381 ὲν
785 2334 1062 2401 γεννητοῖς
1114 2334 1392 2402 γυναικῶν
1454 2338 1702 2392 Ἰωάννου
1753 2340 1931 2407 οὐδείς

353 2413 522 2505 ἐστιν’
555 2417 584 2469 ὁ
614 2416 670 2471 δὲ
702 2420 1029 2493 μικρότερος
1057 2426 1114 2478 ὲν
1151 2429 1218 2495 τῇ
1255 2425 1504 2502 βασιλείᾳ
1529 2430 1638 2484 τῶν
1664 2433 1930 2505 οὐρανῶν,

356 2504 560 2574 μείζων
597 2509 764 2562 αὐτοῦ
798 2513 968 2566 ἐστιν’
1019 2534 1039 2567 ι
1091 2515 1474 2584 άξυνετοῦντες
1521 2523 1696 2592 σοφοὶ,
1737 2525 1930 2594 ὅτιπερ

352 2596 440 2666 ἐφ’
469 2598 724 2670 ὑϐριστοῦ
763 2603 1068 2672 πλάσαντες
1094 2609 1194 2680 τὴν
1222 2611 1786 2686 εὐπροσωπευομένην
1833 2619 1932 2670 αὐ·-

350 2691 464 2753 τοΐς
490 2692 745 2765 τοιαύτην
775 2713 882 2767 προ
903 2695 983 2768 [σ]
1003 2700 1260 2770 φέρουσιν
1291 2703 1578 2773 ὑπόληψιν.
1611 2706 1699 2758 Ἐν
1716 2707 1932 2776 προφή-

349 2797 473 2847 ταις
522 2784 652 2857 γὰρ,
705 2788 949 2859 εἴρηκεν,
983 2790 1158 2856 οὐδεὶς
1193 2792 1398 2862 μείζων
1448 2795 1715 2861 Ἰωάννου,
1747 2795 1932 2860 καθὼς

350 2875 380 2929 ὁ
420 2877 632 2942 Λουκᾶς
669 2883 952 2953 μαρτυρεῖ.
989 2881 1200 2937 Οὐκοῦν
1241 2883 1340 2954 οὐχ
1374 2885 1588 2951 ἑαυτὸν,
1622 2886 1760 2941 ἀλλὰ
1793 2904 1930 2958 προ-

353 2966 530 3039 φήτην
584 2969 784 3040 δηλαδὴ
840 2974 1149 3044 προφήταις
1185 2976 1636 3049 προγενεστέροις
1671 2979 1926 3049 συνέκρι-

348 3077 462 3120 νεν.
497 3061 572 3125 ὡς
601 3062 885 3133 ἑωρακότα
915 3065 984 3120 τὰ
1020 3066 1110 3120 ὑπ’
1145 3067 1371 3121 ἐκείνων
1405 3071 1927 3141 προκεκηρυγμένα.

350 3145 494 3222 Περῒ
518 3153 627 3224 γάρ
665 3155 859 3208 ἑαυτοῦ
899 3156 1110 3229 εἴρηκε*
1139 3177 1159 3212 ι
1220 3160 1347 3214 Ἐὰν
1381 3159 1493 3230 ἐγὼ
1515 3162 1778 3237 μαρτυρῶ
1799 3165 1928 3238 περὶ

349 3244 606 3315 ἐμαυτοῦ,
643 3247 676 3316 ή
713 3248 989 3320 μαρτυρία
1020 3265 1120 3320 μου
1149 3251 1248 3304 οὐκ
1274 3249 1422 3306 ἔστιν
1452 3252 1680 3324 ἀληθής·
1717 3273 1738 3307 ι
1771 3254 1926 3324 τὸδὲ,

355 3355 375 3388 ι
414 3337 471 3391 '0
501 3337 823 3410 μικρότερος
853 3340 912 3395 ὲν
936 3343 999 3413 τῇ
1020 3341 1270 3415 βασιλείᾳ
1297 3343 1407 3399 τῶν
1422 3345 1666 3417 οὐρανῶν
1687 3385 1702 3412 ,
1724 3347 1928 3416 μείζων

346 3428 514 3483 αὐτοῦ
540 3431 679 3496 ἐστι,
712 3449 732 3484 ι
756 3432 849 3488 τὸν
878 3434 1199 3507 συνώνυμον
1223 3436 1420 3491 τούτου
1459 3438 1717 3507 ἐμφαίνει
1763 3438 1928 3506 εὐαγ-

344 3518 601 3591 γελιστὴν
635 3521 910 3596 Ἰωάννην,
929 3527 1019 3578 τὸν
1033 3525 1266 3596 βροντῆς
1289 3525 1461 3598 [Υίὸν]
1489 3525 1929 3596 ἀναγορευθέντα

345 3611 499 3684 παρὰ
518 3612 612 3667 τοῦ
644 3615 916 3687 Σωτῆρος,
953 3617 1138 3686 μεῖζον
1154 3616 1371 3670 πάντων
1397 3619 1456 3670 ὲν
1485 3617 1563 3688 τῷ
1586 3616 1928 3688 εὐαγγελικῷ

277 3715 281 3719 ’
345 3706 746 3775 θεολογήσαντα
783 3706 1121 3779 κηρύγματυ
1179 3708 1320 3779 ὅπερ
1380 3708 1626 3779 βασιλεία
1679 3709 1928 3780 οὐρανῶν

345 3796 673 3869 προσφόρως
699 3796 995 3867 ὠνομάσθη
1026 3796 1132 3850 ὑπὸ
1161 3797 1254 3852 τοῦ
1282 3800 1382 3871 τῆς
1413 3799 1694 3869 βασιλείας
1714 3802 1926 3870 ’Κυρίου

345 3888 442 3942 καὶ
465 3889 760 3953 Δεσπότου,
785 3888 860 3951 ῶς
879 3888 968 3940 ἐπ’
991 3888 1207 3962 ἐκείνην
1231 3890 1332 3962 τὴν
1358 3891 1664 3964 ἀπέραντον
1695 3893 1928 3965 προοδη-

343 3980 478 4048 γοῦν
507 3981 635 4043 τοὺς
663 3980 984 4050 ἑπομένους.
1024 3983 1164 4052 Φησὶ
1198 3983 1327 4056 γάρ⁹
1370 4004 1390 4036 ι
1430 3986 1796 4058 Πορευθέντες
1822 4005 1926 4059 κηέ

349 4069 544 4140 ρύξατε
575 4069 846 4139 λέγοντεςο
885 4074 1152 4143 Ἤγγικεν
1184 4077 1270 4146 ἐφ’
1299 4077 1501 4150 ὑμᾶςή
1541 4077 1788 4149 βασιλεία
1816 4079 1928 4134 τῶν

341 4161 610 4233 οὐρανῶν.
657 4179 676 4214 ι
725 4163 1112 4237 Ἀποκρούεται
1140 4168 1198 4222 δὲ
1235 4169 1434 4233 αὐτοὺς
1459 4169 1553 4224 καὶ
1579 4171 1612 4242 ή
1643 4172 1924 4242 προφήτου

342 4251 509 4305 Δασὶδ
545 4252 906 4324 περὶτούτων
936 4257 1240 4329 πρόρρησις
1276 4261 1581 4327 φάσκουσαι
1623 4279 1642 4314 ι
1695 4261 1754 4316 '0
1794 4261 1927 4326 Θεὸς

345 4339 475 4409 ἔστη
521 4343 579 4395 ὲν
614 4347 904 4417 συναγωγῇ
953 4347 1117 4410 θεῶν’
1161 4350 1218 4402 ἐν
1249 4349 1399 4422 μέσῳ
1441 4350 1498 4404 δὲ
1539 4349 1696 4415 θεοὺς
1721 4350 1926 4424 διακρι-

2037 1894 2160 1941 tura
2207 1900 2471 1953 meroque
2519 1883 2752 1953 imperio
2797 1882 3136 1938 dominatur.
3180 1880 3342 1945 Sane,
3382 1878 3616 1949 quidam-

2040 1998 2059 2030 ι
2083 1979 2203 2034 Non
2233 1978 2622 2048 intelligentes,
2654 1989 2833 2045 neque
2851 1990 2972 2044 qua:
2989 1974 3315 2042 loquuntur,
3340 1986 3521 2040 neque
3539 1969 3610 2026 de

2032 2070 2517 2143 quibusaﬁirmant
2541 2067 2608 2136 ’⁸,
2634 2087 2652 2120 ι
2671 2068 2853 2138 ipsum
2876 2066 3167 2121 Dominum
3189 2074 3245 2119 et
3271 2063 3620 2117 Salvatorem

2033 2178 2160 2218 cum
2213 2161 2535 2217 hominibus
2568 2159 2810 2216 conferri
2853 2159 3068 2221 dicunt,
3128 2155 3264 2210 illud
3293 2154 3510 2209 Domini
3543 2155 3615 2209 de

2029 2254 2241 2310 Joanne
2264 2252 2509 2323 Baptista
2543 2252 2610 2306 ad
2629 2251 2979 2322 propositum
3009 2246 3206 2302 inscite
3241 2245 3618 2316 proferentes,

2030 2359 2143 2415 quo
2165 2344 2298 2399 olim
2330 2343 2657 2400 testiﬁcatus
2695 2349 2803 2406 est,
2831 2341 3054 2395 dicens:
3093 2358 3111 2390 ι
3133 2339 3284 2393 Inter
3306 2347 3466 2392 natos
3489 2354 3614 2393 mu-

2029 2436 2230 2492 lierum
2262 2434 2448 2490 nullus
2475 2433 2654 2505 major
2709 2433 2921 2488 Joanne
2956 2431 3228 2500 Baptista:
3281 2429 3375 2497 qui
3423 2436 3612 2483 autem

2034 2526 2218 2580 minor
2243 2532 2328 2580 est
2359 2525 2416 2578 in
2448 2538 2619 2593 regno
2651 2522 2946 2584 malorum,
2998 2519 3174 2588 major
3222 2525 3309 2571 est
3342 2517 3436 2571 illo
3475 2519 3554 2583 ";
3584 2537 3606 2569 ι

2031 2632 2144 2670 non
2168 2615 2544 2683 intelligentes
2567 2612 2662 2681 qui
2693 2611 2976 2680 sapientes
3017 2609 3124 2664 sibi
3173 2607 3499 2672 videantur;
3551 2614 3612 2662 ut

2030 2704 2090 2758 in
2111 2703 2400 2773 probrum,
2455 2700 2765 2769 placentem
2791 2698 2898 2753 sibi
2939 2704 2996 2752 et
3043 2697 3228 2768 specie
3271 2695 3612 2752 arridentem

2031 2809 2196 2865 quam
2231 2793 2528 2856 ﬁnxerunt,
2554 2789 2937 2862 hujuscemodi
2955 2789 3272 2859 opinionem
3302 2787 3607 2858 proferant.

2030 2885 2167 2947 Nam
2195 2883 2354 2948 dixit,
2382 2883 2596 2937 nullum
2625 2882 2770 2936 inter
2804 2880 3108 2950 prophetas
3149 2880 3414 2951 majorem
3441 2878 3612 2935 Joan-

2030 2986 2122 3036 ne,
2140 2970 2608 3040 quemadmodum
2664 2969 2842 3024 Lucas
2889 2975 3128 3024 testatur
3175 2969 3244 3024 ³⁰.
3281 2969 3456 3039 Igitur
3497 2985 3610 3023 non

2033 3063 2152 3133 ipse
2189 3077 2249 3119 se
2285 3063 2488 3134 ipsum,
2537 3062 2634 3118 sed
2660 3063 2986 3134 prophetam
3017 3062 3213 3132 utique
3243 3061 3614 3118 anterioribus

2030 3155 2316 3226 prophetis
2365 3155 2743 3226 comparavit:
2804 3154 2958 3210 velut
3011 3154 3108 3224 qui
3170 3155 3436 3220 vidisset,
3490 3169 3614 3223 qua:

2031 3246 2100 3301 ab
2121 3247 2228 3302 illis
2256 3246 2535 3316 quondam
2585 3245 2820 3299 fuissent
2874 3243 3193 3312 praedicata.
3244 3244 3383 3299 Nam
3433 3243 3502 3298 de
3551 3258 3612 3298 se

2031 3337 2154 3407 ipso
2186 3338 2301 3407 ipse
2331 3336 2598 3391 Dominus
2617 3336 2789 3390 dixit:
2837 3354 2856 3386 ‹
2878 3335 2934 3390 Si
2968 3350 3070 3404 ego
3087 3335 3463 3391 testimonium
3485 3351 3614 3404 per-

2031 3428 2200 3483 hiheo
2218 3428 2287 3483 de
2324 3442 2411 3482 me
2445 3429 2587 3497 ipso,
2624 3427 3009 3482 testimonium
3034 3441 3222 3480 meum
3261 3442 3372 3480 non
3403 3435 3488 3481 est
3513 3442 3612 3482 vc-

2032 3534 2156 3574 rum
2186 3519 2296 3572 ³¹.›
2326 3518 2467 3574 Illud
2505 3527 2712 3580 autem,
2773 3516 2914 3583 «Qui
2958 3517 3142 3572 minor
3197 3526 3282 3573 est
3331 3518 3387 3572 in
3439 3533 3614 3588 regno

2029 3611 2320 3676 caelorum,
2355 3610 2533 3681 major
2579 3616 2665 3664 est
2711 3608 2807 3663 illo
2842 3609 2886 3640 "
2927 3626 2940 3661 :
2982 3627 3000 3660 ι
3053 3608 3438 3679 cognominem
3489 3611 3615 3678 ejus

2027 3701 2294 3757 Joannem
2345 3699 2750 3771 Evangelistam
2797 3696 3091 3769 signiﬁcat,
3136 3713 3300 3767 quem
3359 3697 3612 3752 Salvator

2029 3791 2325 3863 appellavit
2355 3792 2400 3824 ³³
2431 3791 2666 3846 tonitrui
2689 3789 3009 3856 Filium;et
3054 3805 3166 3859 prae
3203 3789 3483 3853 omnibus,
3519 3789 3603 3842 di-

2027 3885 2158 3939 vina
2191 3883 2527 3949 edisserens,
2554 3882 2609 3937 in
2640 3881 3036 3953 praedicatione
3085 3882 3402 3952 evangeliea
3427 3881 3610 3937 excel-

2027 3977 2164 4044 luit;
2192 3991 2359 4048 quam
2385 3976 2654 4031 Dominus
2677 3975 2797 4045 ipse
2827 3983 2884 4030 et
2904 3975 3077 4030 herus
3100 3973 3279 4044 regni,
3307 3989 3404 4028 seu
3430 3974 3496 4029 ad
3522 3973 3610 4028 in-

2028 4070 2379 4128 terminabile
2402 4068 2542 4124 illud
2587 4082 2821 4140 regnum
2864 4066 3231 4136 sequentibus
3267 4065 3606 4136 prwduccm,

2027 4179 2258 4235 regnum
2288 4163 2560 4220 ccelorum
2585 4159 2916 4216 nominavit.
2963 4158 3056 4213 Ait
3111 4158 3295 4213 enim:
3361 4177 3378 4208 ι
3401 4157 3611 4212 Euntes

2027 4252 2870 4327 prtedicate:Appropinquavit
2913 4251 2971 4305 in
3023 4265 3124 4306 vos
3178 4264 3408 4320 regnum
3436 4249 3609 4303 caelo—

2028 4363 2154 4402 rum
2183 4347 2248 4402 “.
2275 4367 2294 4400 ι
2328 4347 2502 4402 Porro
2531 4361 2630 4401 eos
2656 4344 2860 4416 refellit
2889 4343 3057 4398 etiam
3104 4341 3195 4395 illa
3225 4339 3398 4394 David
3435 4338 3504 4393 de
3537 4339 3608 4392 il-

342 4433 444 4484 νεῖο
493 4450 511 4484 ι
549 4431 785 4502 Χριστὸν
821 4434 912 4486 τὸν
947 4435 1198 4506 ἀληθινὸν
1236 4438 1370 4491 Θεὸν
1398 4439 1493 4492 καὶ
1522 4438 1682 4508 φύσει
1716 4439 1923 4511 Κύριον

2029 4440 2094 4496 lis
2114 4438 2420 4510 praedictio,
2449 4437 2676 4492 dicens:
2711 4454 2730 4488 ι
2753 4437 2901 4491 Deus
2929 4434 3084 4490 stetit
3101 4433 3158 4488 in
3184 4447 3459 4504 synagoga
3478 4431 3612 4486 deo-

342 4522 775 4594 προμηνύουσα,
828 4525 903 4589 ὼς
961 4528 1020 4582 ἐν
1070 4528 1221 4598 μέσῳ
1266 4529 1374 4583 τῶν
1428 4529 1599 4598 ἁγίων
1664 4529 1921 4601 μαθητῶν

339 4611 551 4667 ἑστῶτα
580 4613 676 4666 καὶ¹
691 4614 1037 4687 διακρίνοντα
1071 4617 1163 4672 τὸν
1197 4617 1564 4689 προλεχθέντα
1584 4618 1918 4690 Βαπτιστὴν,

337 4707 452 4768 τοῖς
477 4723 536 4758 τε
566 4707 945 4780 παλαιοτέροις
974 4712 1300 4781 προφήταις,
1329 4710 1409 4782 τῷ
1434 4729 1493 4766 τε
1527 4713 1920 4781 μεταγενεστέέ

341 4809 419 4862 ρῳ
466 4795 712 4867 Ἰωάννῃ,
752 4798 970 4868 καὶτῆς
1000 4799 1222 4854 αἰωνίου
1265 4799 1376 4869 (89)
1406 4802 1632 4873 κήρυκι.

2029 4546 2187 4587 rum:
2242 4530 2299 4585 in
2348 4529 2531 4584 medio
2563 4534 2747 4583 autem
2777 4527 2913 4582 deos
2955 4525 3227 4597 dijudicat
3279 4525 3324 4556 ³⁸
3357 4542 3370 4578 :
3403 4543 3422 4575 ι
3458 4523 3610 4578 velut

2026 4621 2281 4679 Christus
2301 4636 2468 4676 verus
2492 4621 2638 4676 Deus
2659 4626 2716 4674 et
2742 4626 2939 4674 natura
2970 4617 3236 4672 Dominus
3268 4614 3609 4686 praenuntie-

2029 4722 2140 4778 tur,
2183 4712 2324 4767 utin
2380 4711 2566 4766 medio
2620 4720 2940 4765 sanctorum
2987 4709 3387 4778 discipulorum
3429 4715 3602 4769 stans,

2022 4803 2346 4873 )udicioque
2369 4801 2668 4858 conferens
2684 4801 2976 4872 prtel'atum
2996 4800 3302 4874 Baptistam
3319 4806 3437 4852 tum
3463 4795 3608 4851 anti—

338 4888 631 4956 quioribus
658 4891 968 4960 prophetis,
994 4901 1111 4946 tum
1157 4893 1366 4964 juniori
1408 4892 1604 4950 Joanni
1657 4902 1714 4948 et
1755 4895 1911 4965 regni
1949 4894 2430 4964 teternipraseoni.

407 4978 485 5031 Θ.
515 4979 626 5031 Καὶ
659 4981 850 5050 μηδεὶς
883 4985 1278 5051 προσκοπτέτω
1302 4984 1476 5054 λέγων
1505 4985 1683 5050 θεοὺς,
1708 4977 1922 5039 ἀκούων

337 5069 493 5122 Θεόν·
528 5072 840 5142 γέγραπται
878 5075 1006 5144 γάρ’
1040 5093 1059 5126 ι
1115 5075 1258 5144 Ἐγὼ
1289 5071 1421 5132 εἶπα
1443 5093 1458 5108 ο
1490 5077 1615 5130 Θεοί
1640 5079 1784 5142 ἐστε,
1819 5079 1914 5132 καὶ

338 5157 446 5209 υίοὶ
487 5157 742 5227 Ὑψίστου
777 5161 998 5227 πάντες.
1036 5183 1054 5215 ›
1084 5165 1159 5218 Οὐ
1198 5167 1306 5238 γάρ
1327 5168 1440 5230 τοῖς
1475 5167 1641 5238 μηδὲν
1676 5162 1795 5221 οὖσι
1827 5167 1918 5222 τὸν

335 5248 465 5302 ὄντα
498 5249 631 5304 Θεὸν
665 5252 980 5325 συνέκρινεν
1011 5259 1043 5329 ἡ
1089 5258 1302 5332 Γραφὴ,
1340 5258 1500 5324 θεοὺς
1547 5259 1912 5331 ὀνομάζουσα-

402 5430 446 5460 ²⁵
481 5429 620 5484 Psal.
659 5449 766 5498 xxv,
791 5434 895 5499 23;
932 5435 1098 5491 Hebr.
1129 5453 1187 5500 ιι,
1227 5439 1311 5492 ll.

336 5567 382 5602 ³⁸
407 5569 540 5624 ibid.
575 5573 626 5626 6.

2099 4985 2189 5040 IX.
2238 4985 2429 5055 Neque
2483 4984 2724 5054 aliquem
2776 4983 3021 5038 oﬂ'endat
3062 4982 3207 5053 quod
3256 4980 3392 5035 dicit
3444 4979 3602 5043 deos.

2027 5093 2152 5133 cum
2169 5078 2342 5134 Deum
2367 5076 2591 5131 audiat:
2618 5090 2745 5131 nam
2775 5075 3048 5144 scriptum
3081 5081 3204 5129 est:
3248 5092 3266 5124 ι
3295 5074 3408 5143 Ego
3450 5071 3601 5126 dixi:

2025 5167 2110 5222 Dii
2137 5168 2294 5231 estis,
2340 5174 2396 5222 et
2429 5166 2527 5221 ﬁlii
2553 5164 2771 5220 Excelsi
2820 5179 3015 5219 omnes
3057 5163 3122 5216 ³⁸.
3147 5182 3164 5214 ι
3220 5162 3411 5232 Neque
3451 5160 3603 5216 eni

2026 5261 2332 5331 Scriptura,
2350 5275 2476 5315 cum
2499 5258 2635 5314 deos
2661 5257 2929 5322 nominat,
2953 5257 3126 5310 Deum
3139 5270 3334 5311 verum
3349 5254 3420 5310 iis
3445 5267 3604 5310 com-

1417 5439 1464 5472 ³⁸
1501 5441 1602 5494 Isa.
1633 5454 1772 5503 xux,
1811 5439 1861 5492 6.

2029 5439 2163 5494 Psal.
2193 5453 2444 5499 Lxxxvm,
2477 5441 2527 5494 7.
2604 5437 2649 5470 ⁸⁸
2686 5438 2706 5492 1
2749 5437 2990 5491 Timoth.
3025 5453 3061 5502 ι,
3088 5437 3140 5491 7.
3216 5439 3260 5470 ⁸³
3302 5401 3491 5494 Matth.
3523 5450 3601 5501 τι,

338 5498 664 5574 '_°_Luc.
700 5520 794 5568 vn,
822 5498 914 5561 28.
989 5507 1031 5538 ³⁸
1058 5498 1214 5563 Joan.
1239 5525 1292 5574 ν,
1319 5508 1406 5565 5i.
1478 5510 1522 5542 ³⁸
1561 5498 1947 5570 ΜθιιὴξχιΛι.

2011 5509 2056 5540 ³³
2089 5510 2253 5564 Marc.
2287 5523 2366 5572 ut,
2402 5509 2487 5561 I7.
2563 5509 2607 5541 “
2638 5508 2827 5563 Matth.
2856 5524 2910 5572 κ,
2967 5509 3018 5561 7.
3080 5509 3125 5540 ³³
3178 5507 3516 5571 Psal.uxxt,
3544 5506 3600 5562 4.

405 5728 517 5800 (89)
559 5729 721 5787 Dcest
777 5730 1071 5802 βασιλείας,
1132 5741 1227 5788 aut
1283 5733 1414 5804 quid
1469 5733 1646 5790 simile
1679 5751 1688 5785 :
1725 5743 1776 5788 et
1811 5749 1943 5804 pro

2029 5736 2157 5788 wiou
2191 5736 2480 5807 legendum
2516 5737 2750 5791 fortasse
2780 5734 3058 5803 οὐρανίου.
