4048 6210
448 290 590 349 “03

1503 276 1849 335 TllEODOTl
1893 276 2202 334 EPISCOPI
2242 273 2601 334 ANCYRANI

3570 262 3718 319 {.103

446 398 636 473 posuit
662 394 760 466 qul
783 409 895 449 non
926 401 1053 449 sunt
1076 388 1310 461 aliquid,
1349 387 1448 444 sed
1474 402 1573 444 eos
1615 387 1711 458 qui
1767 405 1785 439 ι
1811 386 2024 457 Spiritu

2157 388 2265 443 ιλλά
2293 389 2421 451 τοὺς
2462 405 2481 438 ι
2514 384 2789 454 Πνεύματι
2822 380 2959 435 Θεοῦ
2992 377 3314 450 ἀγομένους,
3351 393 3368 427 ι
3395 376 3541 437 υἱοὺς
3571 374 3716 429 Θεοῦ

444 491 546 547 Dei
604 497 844 559 aguntur
889 485 996 548 ³⁷,ι
1049 482 1146 537 Dei
1179 480 1325 536 filios
1360 488 1419 535 et
1451 477 1588 534 deos
1638 478 2022 533 renuntiavit:

443 578 913 654 quemadmodum
941 574 1108 631 etiam
1135 573 1337 629 Paulus
1356 571 1602 643 scripsit.
1628 569 1885 626 Christus
1920 570 2030 624 ita--

445 690 551 744 que
575 670 841 726 Dominus
872 676 1085 733 noster,
1130 680 1242 720 non
1272 681 1339 720 ea
1390 672 1607 719 tantum
1654 663 1867 717 ratione
1913 676 2024 731 qua

443 773 530 820 est
556 764 722 825 Deus,
741 759 999 815 omnibus
1030 757 1425 828 supereminet,
1460 756 1555 811 sed
1580 770 1691 825 qua
1725 755 1893 809 etiam
1926 754 2029 807 ho-

444 872 536 911 mo
572 855 753 909 factus
787 862 892 908 est.
919 850 1131 906 Idcirco
1156 858 1213 906 et
1236 848 1373 904 illud
1394 849 1668 918 scriptum
1692 855 1778 902 est
1805 863 1819 901 :
1853 864 1871 897 ι
1896 843 2032 911 Quis

445 948 645 1005 similis
671 946 771 1001 tibi
795 946 851 999 in
883 944 1011 1009 diis,
1052 943 1284 997 Domine
1325 941 1411 995 "1'
1450 960 1469 992 ι
1497 939 1601 1006 Qui
1626 938 1797 1004 enim,
1838 937 1935 1007 qui
1965 952 2034 991 ex

447 1040 646 1110 copula
672 1047 866 1110 partus
890 1043 998 1101 est,
1022 1033 1280 1105 virginali
1304 1032 1490 1103 partui
1514 1031 1687 1086 fuerit
1741 1044 2033 1099 compara-

449 1131 750 1189 bilis‘lAut
772 1129 868 1199 qui
892 1127 1127 1197 simplex
1155 1132 1211 1180 et
1262 1138 1437 1194 purus
1489 1123 1680 1187 homo,
1730 1121 1817 1176 vel
1865 1120 2035 1175 etiam

450 1226 589 1279 deus
612 1232 839 1293 propter
865 1220 1130 1275 virtutem
1145 1217 1453 1273 secundum
1476 1214 1738 1287 gratiam,
1756 1211 2037 1283 quomodo

452 1317 677 1387 Moysen
712 1312 1032 1368 nominatus
1063 1319 1149 1365 est
1166 1310 1232 1374 ³⁸,
1266 1309 1375 1363 Deo
1420 1321 1557 1362 vero
1606 1304 1932 1376 dignatione
1978 1309 2035 1356 et

451 1406 745 1463 clementia
767 1405 889 1460 sine
920 1403 1229 1458 mutatione
1260 1400 1569 1464 incarnato,
1617 1412 1717 1453 seu
1762 1411 2030 1467 expresso

452 1502 797 1563 charactere,
828 1493 1215 1565 responderit?
1243 1490 1401 1558 Quod
1429 1505 1563 1546 sane
1584 1498 1642 1545 et
1662 1504 1763 1559 per
1793 1488 2039 1558 prephe-

456 1599 567 1645 tam
589 1590 706 1645 ait:
748 1606 765 1639 ι
790 1586 946 1642 Sicut
990 1585 1160 1640 distat
1204 1582 1406 1639 caelum
1431 1596 1460 1635 a
1500 1589 1678 1636 terra:
1735 1578 1817 1634 sic
1836 1577 2043 1632 distant

2133 483 2223 536 καὶ
2250 482 2405 545 θεοὺς
2444 475 2807 549 ἀνεκήρυξενο
2849 473 2925 535 ὡς
2968 472 3063 526 καὶ
3116 468 3324 531 Παῦλος
3366 466 3716 539 γεγρὰφηκε.

2130 573 2366 646 Χριστὸς
2416 574 2598 625 τοίνυν
2648 572 2676 623 6
2715 566 2918 637 Κύριος
2962 562 3153 635 ήμῶν,
3204 561 3267 615 οὔ
3322 559 3482 631 μόνον
3529 558 3719 646 καθὼς

2130 645 2263 729 Θεός
2302 666 2440 730 ἐστι,
2473 662 2692 717 πάντων
2724 657 3068 728 ὑπέρκειται,
3108 651 3245 706 ἀλλὰ
3282 650 3375 703 καὶ
3407 645 3591 711 καθὼς
3617 648 3711 699 ἀνι

2133 759 2349 832 Θρωπος
2408 756 2623 826 γέγονε.
2672 750 2765 804 Διὸ
2813 749 3127 818 γέγραπται
3179 741 3275 795 καὶ
3315 740 3494 794 τοῦτο·
3558 758 3577 789 ι
3617 738 3723 801 Τίς

2132 830 2316 922 ὅμοιός
2351 866 2435 904 σοι
2466 849 2524 901 ἐν
2553 846 2715 908 Θεοῖς,
2735 841 2966 913 Κύριε.»
2989 837 3110 902 Πῶς
3140 834 3251 905 γὰρ
3278 830 3726 895 συνουσιαστικδς

2134 943 2292 1005 τόκος
2323 936 2641 1011 παρθενικῷ
2677 930 3105 1003 συγκριθήσεται
3132 925 3314 997 τόκῳ;
3356 924 3452 977 καὶ
3478 922 3599 986 πῶς
3622 922 3728 976 ἄν·

2137 1036 2355 1106 θρωπος
2383 1032 2559 1102 ψιλὸς,
2583 1030 2619 1101 ἢ
2654 1027 2751 1082 καὶ
2786 1025 2905 1088 θεὸς
2928 1022 2996 1077 δι’
3028 1019 3234 1091 ἀρετὴν
3261 1017 3405 1071 κατά
3429 1014 3614 1106 χάριν,
3641 1011 3730 1075 ὡς

2137 1105 2380 1195 meum;
2411 1124 2525 1195 (90)
2556 1122 2830 1192 ὠνόμασε,
2868 1116 2988 1188 Θεῷ
3015 1111 3259 1185 ἀληθινῷ
3295 1109 3385 1163 διὰ
3412 1105 3729 1177 φιλανθρω-

2139 1221 2270 1274 πίαν
2313 1214 2650 1290 σαρκωθέντι
2682 1209 3033 1284 ἀμεταϐόλως
3067 1206 3177 1277 (9i)
3210 1197 3733 1273 συγχαρακτηρίζε-

2138 1328 2267 1374 ταις
2298 1312 2363 1362 '0
2396 1308 2462 1378 δὴ
2492 1306 2586 1361 καί
2613 1321 2748 1376 φησι
2775 1303 2862 1356 διὰ
2897 1300 2990 1356 τοῦ
3017 1299 3322 1371 προφήτου·
3354 1314 3372 1347 ι
3419 1294 3507 1355 Ὧς
3526 1290 3731 1360 ἀπέχει

2142 1404 2171 1455 6
2202 1398 2431 1470 οὐρανὸς
2457 1397 2567 1451 ἀπὸ
2595 1398 2694 1466 τῆς
2713 1396 2837 1464 γῆς,
2861 1391 3035 1453 οὕτως
3058 1390 3353 1456 ἀπέχουσιν
3386 1384 3442 1437 αι
3473 1381 3586 1435 ὁδοί
3621 1397 3730 1449 μου

2143 1493 2253 1547 ἀπὸ
2281 1490 2389 1544 τῶν
2409 1488 2545 1543 ὁδῶν
2564 1486 2739 1557 ὑμῶν.
2767 1502 2888 1538 ι--ι
2920 1480 3233 1548 Κεφάλαιον
3254 1477 3309 1529 δὲ
3333 1472 3609 1528 καὶτοῦτο
3632 1470 3735 1524 ἐπὶ

2143 1587 2257 1647 τοῖς
2281 1580 2615 1652 λεγομένοις·
2656 1594 2678 1630 ι
2730 1575 2826 1630 καὶ
2871 1574 2927 1628 αἱ
2974 1572 3066 1624 τοῦ
3123 1564 3426 1623 Βαπτιστοῦ
3462 1562 3590 1633 περὶ
3634 1560 3733 1613 τοῦ

455 1682 561 1737 vis:
582 1695 719 1735 meae
739 1694 770 1734 a
820 1678 927 1732 viis
954 1675 1157 1732 vestris
1182 1675 1251 1728 ⁸ο.
1273 1691 1357 1726 με
1379 1672 1559 1742 Caput
1611 1678 1799 1727 autem
1844 1685 2039 1726 eorum

2157 1678 2397 1746 Σωτῆρος
2445 1668 2786 1743 μαρτυρίαι,
2832 1668 2888 1719 ἐν
2939 1657 3026 1726 αἷς
3083 1662 3324 1732 εἴρηκεν·
3370 1675 3389 1707 ι
3447 1655 3563 1746 Οὐκ
3615 1652 3737 1722 εἰμὶ

458 1786 583 1841 quae
612 1769 878 1825 dicuntur
907 1767 975 1832 ⁸⁸,
1000 1784 1019 1818 ι
1063 1773 1182 1820 tum
1204 1764 1373 1828 istud,
1409 1771 1528 1818 tum
1570 1760 1829 1831 Baptista:
1881 1760 2043 1815 testi-

2157 1742 2325 1826 .xav’lq
2364 1761 2565 1831 κύψας,
2594 1758 2683 1812 τὸν
2720 1757 2919 1827 ἱμάντα
2967 1752 3061 1806 τοῦ
3103 1749 3445 1819 ὑποδήματος
3494 1742 3681 1795 λῦσαι.
3710 1763 3734 1793 ι

462 1862 648 1916 monia
670 1860 739 1914 de
765 1858 1073 1921 Salvatore,
1107 1870 1235 1910 cum
1266 1852 1441 1909 dixit:
1477 1871 1495 1903 ι
1518 1850 1642 1907 Non
1665 1866 1789 1906 sum
1840 1849 2045 1920 dignus

460 1953 860 2023 procumbens,
920 1949 1139 2004 solvere
1186 1944 1482 2015 corrigiam
1534 1943 2043 1999 calceamentorum

462 2047 583 2116 ejus
612 2045 676 2097 ".
704 2062 722 2094 ι
754 2041 985 2109 Quando
1024 2060 1041 2091 ε
1062 2040 1129 2094 Ει
1161 2038 1230 2093 de
1265 2034 1616 2108 plenitudine
1644 2036 1767 2106 ejus
1795 2048 1899 2088 nos
1927 2048 2048 2088 om-

464 2151 566 2190 nes
587 2133 903 2203 accepimus
927 2132 992 2186 ‘3.
1021 2152 1038 2183 ι
1074 2132 1374 2199 Postquam
1408 2127 1578 2199 igitur
1602 2134 1660 2183 et
1708 2124 1881 2181 David
1914 2139 2046 2194 pro-

464 2226 653 2298 pheta,
676 2234 733 2280 et
762 2224 1002 2279 Joannes
1035 2223 1172 2291 ipse,
1209 2218 1623 2290 comparatione
1652 2216 1848 2288 majori
1896 2213 2045 2269 divi-

460 2334 656 2389 naque
709 2316 916 2373 Christi
977 2312 1252 2385 maiestati
1301 2310 1689 2366 testimonium
1740 2307 2047 2379 perhibue-

462 2420 623 2477 runt;
667 2411 793 2481 quis
820 2410 895 2464 ita
924 2407 1130 2471 fatuus,
1166 2413 1229 2459 ut
1280 2403 1551 2458 adversus
1599 2399 1891 2455 manifesta
1941 2414 2047 2469 pu-

462 2520 624 2576 gnam
658 2502 764 2558 sibi
800 2507 1079 2564 assumat;
1100 2510 1361 2565 eumque,
1392 2494 1487 2564 qui
1526 2492 1678 2547 velut
1704 2491 1822 2545 Rex
1864 2496 1922 2544 et
1951 2504 2051 2544 au-

461 2595 743 2658 ctoritate,
782 2592 839 2647 in
872 2606 974 2647 suo
999 2589 1177 2660 ipsius
1222 2602 1396 2658 regno
1439 2584 1738 2639 stationem
1783 2581 2050 2651 praebeat,

464 2684 873 2756 accipientibus
902 2688 1154 2751 exaequet
1186 2686 1353 2747 atque
1386 2673 1720 2744 componat?
1777 2671 2054 2728 Caeterum

463 2774 955 2833 Cbristianissimis
982 2768 1303 2826 hominibus
1322 2767 1535 2831 dico,ut
1561 2764 1630 2820 de
1666 2764 1734 2819 iis
1759 2779 1883 2833 qua:
1906 2763 2036 2818 uni—

465 2884 628 2925 versa
647 2871 985 2937 exsuperant
1008 2871 1067 2919 et
1091 2872 1220 2917 sunt
1241 2857 1660 2922 inenarrabilia,
1690 2856 1819 2911 talia
1842 2855 2061 2926 sapiant

465 2961 843 3029 sentiantque.
884 2976 901 3009 ι
926 2956 1064 3011 Nam
1088 2968 1195 3009 nec
1213 2950 1583 3025 gloriﬁcalum
1634 2957 1742 3013 est,
1774 2949 1923 3018 quod
1951 2948 2063 3003 cla-

466 3052 586 3105 ruit
621 3052 677 3105 in
745 3049 849 3104 hac
899 3058 1078 3118 parte,
1107 3066 1126 3097 ι
1163 3045 1241 3101 ait
1287 3059 1445 3100 sacer
1500 3056 1706 3108 sermo,
1748 3049 1963 3112 propter
2001 3039 2341 3095 arcellentem
2408 3038 2637 3111 gloriam
2700 3036 2766 3092 “.

470 3144 720 3218 glorifico
744 3157 832 3197 me
856 3143 1059 3213 ipsum,
1081 3142 1258 3213 gloria
1298 3157 1419 3196 mea
1457 3140 1598 3197 nihil
1639 3149 1725 3196 est
1753 3139 1820 3193 ⁸⁸.
1845 3157 1863 3190 ι

2162 1854 2314 1907 Ἐπεὶ
2360 1852 2417 1905 δὲ
2464 1871 2482 1903 ι
2514 1854 2579 1905 ἐκ
2608 1849 2701 1903 τοῦ
2749 1845 3115 1918 πληρώματος
3149 1839 3314 1895 αὐτοῦ
3345 1840 3502 1909 ἡμεῖς
3535 1837 3741 1895 πάντες

2148 1944 2437 2014 ἐλάϐομεψ
2478 1961 2496 1994 ι
2527 1942 2687 1996 ὁπότε
2715 1939 2845 2009 γοῦν
2894 1936 2989 1991 καὶ
3053 1934 3218 1988 Δαϐὶδ
3254 1934 3282 1986 6
3325 1930 3615 2001 προφήτης
3644 1924 3745 1977 καὶ

2151 2037 2313 2098 αὐτὸς
2368 2034 2618 2104 Ἰωάννης
2653 2030 3113 2104 μεμαρτυρήκασι
3172 2028 3237 2096 τῇ
3282 2021 3601 2092 ἀσυγκρίτῳ
3645 2019 3745 2071 καὶ

2144 2130 2313 2200 -Θεῖκῇ
2360 2126 2453 2182 τοῦ
2514 2123 2755 2196 Χριστοῦ
2816 2119 3217 2194 μεγαλειότητι·
3282 2113 3367 2177 τίς
3417 2111 3559 2165 οὕτω
3620 2110 3743 2179 ἡλὶ-

2155 2219 2270 2281 θιος
2312 2219 2427 2280 τοῖς
2459 2217 2715 2286 φανεροῖς
2750 2209 3144 2283 άντιμαχῆσαι,
3186 2206 3282 2260 καὶ
3310 2203 3401 2256 τὸν
3429 2200 3745 2271 παρέχοντα

2156 2308 2450 2381 βασιλικῶς
2475 2306 2571 2361 καὶ
2596 2303 2930 2363 αὐθεντικῶς
2966 2302 3065 2371 τὴν
3095 2301 3151 2352 ἐν
3188 2300 3255 2368 τῇ
3295 2292 3462 2348 αὑτοῦ
3497 2291 3747 2361 βασιλείᾳ

2153 2397 2451 2470 διαγωγὴν,
2476 2399 2590 2461 τοῖς
2610 2394 2981 2466 λαμϐάνουσιν
3003 2388 3259 2455 ἐξισῶσαι
3294 2386 3387 2438 καὶ
3417 2384 3745 2453 συγκρῖναις

2169 2493 2331 2546 Ἀλλά
2356 2492 2503 2559 λέγω
2538 2492 2653 2553 τοῖς
2683 2485 3229 2559 χριστιανικωτάτοις
3265 2478 3443 2532 τοιάδε
3478 2477 3605 2546 περὶ
3636 2473 3749 2525 τῶν

2156 2579 2747 2652 ὑπερανεστηκοτάτων
2814 2575 3074 2628 ἁπάντων
3130 2569 3226 2623 καὶ
3301 2564 3753 2637 ὑπεραφράστων

2155 2675 2395 2745 φρονεῖν.
2442 2690 2461 2725 ι
2508 2670 2646 2725 Οὐδὲ
2678 2668 2787 2739 γάρ
2820 2667 3132 2730 δεδόξασται
3164 2663 3225 2716 τὸ
3254 2658 3648 2727 δεδοξασμένον
3684 2656 3750 2706 ἐν.

2153 2766 2330 2837 τούτῳ
2356 2763 2432 2836 τῷ
2470 2764 2643 2835 μέρει,
2675 2782 2693 2814 ι
2723 2761 2887 2833 φησὶν
2914 2762 2942 2813 ό
2974 2759 3155 2827 λόγος,
3190 2756 3403 2810 ἕνεκεν
3426 2750 3538 2819 τῆς
3566 2752 3750 2815 6:58p-

2158 2857 2509 2923 ϐαλλούσης
2524 2853 2732 2921 δόξης.
2757 2850 2848 2904 Διὸ
2868 2849 2960 2903 καὶ
2978 2848 3185 2916 ἔλεγενο
3220 2864 3237 2897 ι
3262 2844 3386 2897 Ἐάν
3415 2840 3528 2911 ἐγὼ
3542 2839 3752 2904 δοξάζω

2160 2947 2420 3018 ἐμαυτὸν,
2450 2946 2604 3000 οὐδέν
2635 2946 2784 2998 ἐστιν
2814 2944 2847 3013 ή
2874 2941 3003 3007 δόξα
3035 2958 3158 3009 μου.
3203 2957 3221 2989 ι

2829 3034 3042 3091 Idcirco
3074 3032 3244 3087 etiam
3303 3026 3474 3084 dixit:
3512 3024 3610 3080 «Si
3650 3037 3754 3093 ego

543 3237 611 3291 Χ.
645 3236 850 3291 Verum
879 3234 1013 3291 satis
1061 3235 1270 3291 fuerint
1294 3236 1465 3302 dicta,
1491 3246 1553 3291 ut
1584 3234 1681 3306 qui
1734 3241 1865 3290 sunt
1907 3245 2053 3289 sana:

2232 3231 2290 3282 ι’.
2340 3226 2504 3280 Ἀλλὰ
2526 3224 2782 3294 ἀποχρῶν
2809 3221 2946 3293 πρὸς
2969 3214 3451 3287 ἀποπληροφορίαν
3472 3217 3583 3278 τοῖς
3597 3216 3754 3286 ἀρτι-

471 3330 678 3386 mentis
710 3337 862 3384 certo
887 3329 1348 3399 persuadeantur,
1408 3344 1522 3399 quo
1563 3326 1846 3399 praecipua
1896 3324 2059 3379 nobis

472 3421 836 3477 mediocritas
873 3421 1207 3478 constiterit.
1245 3421 1461 3475 Rursus
1513 3427 1697 3474 autem
1724 3416 1791 3472 ad
1832 3430 2060 3485 scopum

420 3516 425 3521 ’
476 3517 824 3587 prepositum
852 3522 1233 3568 revertamur:
1271 3512 1445 3566 verbo
1458 3511 1748 3573 mirantes,
1774 3508 2061 3579 probeque

475 3606 833 3676 exquirentes
856 3604 1494 3675 spiritualemjustorum
1515 3600 1884 3656 reverentiam
1909 3598 2064 3652 theo-

475 3696 809 3766 logiamque,
841 3694 1120 3750 Simeonis
1142 3735 1155 3759 ,
1214 3694 1464 3763 inquam,
1506 3700 1564 3746 et
1596 3692 1805 3745 Annae:
1869 3698 2062 3759 utque,

474 3801 647 3841 senex
678 3784 927 3855 quidem,
972 3784 1129 3839 sinus
1180 3783 1248 3838 ad
1308 3780 1787 3844 conscensionem,
1837 3776 2064 3832 habenti

474 3880 679 3935 ccelum
736 3878 949 3941 sedem,
1015 3887 1330 3945 terramque
1421 3873 1625 3945 pedum
1680 3871 1984 3928 scabellum
2020 3869 2065 3900 “

477 3968 808 4037 explicaret:
838 3968 1024 4023 vetula
1054 3975 1237 4021 autem
1258 4007 1271 4031 ,
1296 3981 1420 4037 quae
1469 3965 1538 4020 de
1588 3964 1709 4034 ipso
1745 3968 1909 4018 erant
1938 3975 2067 4030 pro-

480 4060 717 4132 phetize,
765 4058 1222 4129 exspectantibus
1268 4057 1709 4127 redemptionem
1740 4054 2067 4109 edisserue-

480 4154 578 4208 rit.
608 4155 768 4223 Papae
799 4151 1102 4205 miracula!
1131 4151 1344 4221 Moyses
1373 4151 1427 4204 in
1480 4150 1637 4214 Sina,
1702 4155 1857 4202 metu
1907 4159 2067 4199 coar-

482 4241 765 4305 ctabatur,
821 4239 1137 4308 timensque
1173 4253 1238 4292 ac
1294 4246 1541 4293 tremens
1584 4236 1775 4291 adibat
1837 4235 2071 4303 loquen-

484 4341 597 4386 tem
622 4332 703 4385 "z
732 4351 750 4382 ε
770 4330 999 4387 Simeon
1022 4345 1192 4397 vero,
1223 4346 1379 4385 sacra
1421 4337 1704 4398 assumpta
1747 4326 1946 4382 ﬁducia
1980 4327 2070 4381 ni-

482 4421 674 4492 hilque
691 4421 974 4487 dubitans,
1003 4420 1073 4477 ad
1095 4436 1223 4476 eum
1255 4421 1352 4491 qui
1386 4420 1612 4477 oracula
1632 4419 1802 4490 Moysi
1848 4417 2069 4483 edebat,

484 4515 724 4578 accedit,
757 4514 1103 4585 suscipitque
1122 4514 1178 4568 in
1196 4515 1378 4579 ulnas,
1411 4522 1468 4569 et
1522 4513 1912 4583 circumgestat
1933 4526 2071 4581 ope-

2166 3317 2451 3391 φρονοῦσι.
2476 3316 2566 3370 διὰ
2604 3315 2663 3367 τὸ
2692 3316 2791 3383 τῆς
2818 3308 3167 3381 συμμετρίας
3194 3306 3438 3377 ἄριστον,
3478 3304 3548 3358 τὰ
3594 3303 3755 3373 λεγόο

2166 3428 2325 3482 μενα’
2354 3405 2511 3471 αὖθις
2541 3406 2597 3459 δὲ
2626 3404 2720 3458 ἐπὶ
2769 3402 2859 3456 τὸν
2889 3399 3253 3471 προκείμενον
3305 3394 3504 3448 σκοπὸν
3554 3396 3756 3449 παλιν-

2160 3500 2548 3571 δρομήσωμεν,
2574 3494 2652 3565 τῷ
2684 3493 2829 3561 λόγῳ
2858 3491 2957 3561 τὴν
2982 3485 3356 3558 πνευματικὴν
3388 3484 3491 3537 τῶν
3516 3485 3757 3539 δικαίων

2163 3592 2449 3648 εὐλάϐειαν
2477 3588 2572 3644 καὶ¹
2605 3584 2916 3655 θεολογίαν,
2962 3580 3249 3652 Συμεῶνός
3293 3594 3349 3631 τε
3394 3577 3483 3630 καὶ
3512 3577 3750 3644 ’Δννης,

2166 3683 2541 3755 θαυμάζοντες
2600 3680 2696 3735 καὶ
2730 3677 3018 3749 ζητοῦντες
3060 3676 3121 3727 ἐν
3168 3670 3337 3742 καλῷ’
3383 3670 3479 3724 καὶ
3522 3668 3605 3733 τδ,
3630 3668 3753 3732 πῶς

2166 3781 2194 3832 6
2226 3779 2325 3847 μὲν
2347 3774 2579 3849 γηραιὸς
2604 3774 2730 3835 τοὺς
2764 3770 2997 3831 κόλπους
3031 3766 3169 3838 πρὸς
3194 3763 3448 3817 ἐπίϐασιν
3496 3761 3753 3831 ἐφήπλου

2167 3870 2245 3941 τῷ
2265 3870 2357 3923 τὸν
2378 3866 2606 3939 οὐρανὸν
2628 3865 2806 3935 ἔχοντι
2837 3860 3025 3933 Θρόνον
3064 3858 3160 3911 καὶ
3195 3856 3294 3927 τὴν
3314 3854 3418 3924 γῆν
3436 3853 3760 3907 ὑποπόδιον·

2168 3965 2204 4035 ή
2238 3962 2297 4016 δὲ
2332 3958 2630 4033 πρεσϐῦτις
2668 3954 2767 4017 τάς
2798 3952 2927 4023 περὶ
2974 3948 3140 4005 αὐτοῦ
3171 3945 3506 4019 προφητείας
3551 3943 3766 4007 διεξίει,

2170 4059 2284 4118 τοῖς
2311 4053 2409 4124 τὴν
2440 4050 2710 4118 λύτρωσιν
2741 4042 3219 4113 ἀπεκδεχομένοις.
3257 4038 3435 4091 Βαϐαὶ
3478 4036 3588 4089 τῶν
3630 4035 3767 4089 θαυ-

2174 4123 2380 4212 μάτωνί
2407 4135 2645 4204 Μωῦσῆς
2674 4136 2731 4187 ἐν
2759 4131 2838 4202 τῷ
2866 4130 2998 4183 Σινᾶ
3025 4127 3133 4181 δέει
3163 4126 3460 4197 συνείχετο,
3485 4126 3581 4178 καὶ
3612 4123 3769 4192 φόϐῳ

2173 4231 2264 4286 καὶ
2284 4230 2471 4301 τρόμῳ
2486 4225 2739 4296 προσίετο
2758 4220 3005 4275 λαλοῦντι
3019 4218 3170 4291 (91’)’
3194 4217 3421 4287 Συμεὼν
3436 4217 3494 4269 δὲ
3523 4214 3771 4286 ίεροοαρο

2175 4319 2381 4381 σαλέως
2419 4315 2513 4369 καὶ
2538 4313 2877 4374 ἀδιστάκτως
2916 4308 3191 4379 προσίεισι
3248 4306 3325 4376 τῷ
3346 4306 3543 4376 ἐκείνῳ
3564 4323 3771 4376 κεχρη-

2178 4410 2451 4483 ματικότι,
2487 4406 2582 4460 καὶ
2609 4407 2726 4468 ταῖς
2779 4400 3047 4471 ἀγκάλαις
3083 4397 3432 4468 ὑποδέχεται,
3483 4401 3577 4449 καὶ
3615 4414 3773 4466 περιρ

2176 4502 2332 4573 φέρει
2370 4497 2647 4569 φιλεργοῖς
2681 4491 2909 4564 πτέρυξι
2954 4490 3046 4544 τὸν
3087 4487 3398 4559 καθήμενον
3439 4487 3533 4539 ἐπὶ
3574 4485 3774 4555 Θρόνου

485 4608 631 4663 rosis
656 4606 855 4677 pennis
887 4608 1176 4662 sedentem
1210 4606 1267 4660 in
1329 4607 1529 4660 throno
1570 4602 1872 4659 cherubico
1891 4643 1907 4668 ,
1938 4602 2053 4659 sub-

2182 4590 2543 4663 Χερουϐικοῦ,
2594 4587 2689 4641 καὶ
2736 4584 2867 4647 τοὺς
2904 4582 3114 4645 διττοὺς
3162 4580 3483 4650 ἀναπέμπει
3518 4577 3727 4648 ῦμνους
3752 4596 3771 4612 ο

487 4699 769 4770 mittitque
795 4699 999 4770 duplex
1017 4698 1296 4754 canticum
1324 4714 1338 4750 :
1366 4716 1385 4748 ι
1408 4696 1569 4751 Nunc
1585 4695 1822 4750 dimittis
1846 4708 2073 4749 servum

468 4800 672 4856 tuum,
710 4792 968 4857 Domine,
1004 4790 1312 4846 secundum
1330 4788 1564 4844 verbum
1616 4797 1797 4852 tuum,
1821 4787 1876 4841 in
1906 4801 2072 4858 pace:

489 4883 630 4948 Quia
646 4883 909 4938 viderunt
933 4882 1082 4938 oculi
1131 4883 1237 4937 mei
1279 4882 1521 4936 salutare
1562 4891 1741 4945 tuum,
1795 4880 1945 4951 quod
1977 4895 2074 4949 pa-

492 4975 991 5031 rastiantefaciem
1034 4975 1286 5030 omnium
1333 4974 1704 5043 populorum;
1752 4973 1944 5029 lumen
2001 4972 2069 5027 ad

494 5068 889 5123 revelationem
944 5067 1227 5139 gentium,
1295 5074 1353 5121 et
1416 5065 1647 5137 gloriam
1719 5063 1898 5133 plebis
1969 5071 2076 5118 tuae

493 5160 660 5215 Israel
700 5161 766 5214 ⁸⁸.
792 5180 810 5213 ι
850 5161 999 5216 Bene
1021 5159 1109 5213 vir
1137 5156 1410 5228 spiritalis
1432 5155 1794 5220 renuntiavit,
1829 5154 2076 5225 spiritale

494 5253 689 5308 mundi
722 5254 911 5307 lumen
939 5251 1211 5307 inducens
1267 5249 1701 5318 conciliansque.
1755 5246 2077 5317 lndigebant

497 5341 669 5405 enim,
709 5362 727 5393 ‹
753 5343 848 5412 qui
902 5342 958 5397 in
992 5340 1241 5396 tenebris
1272 5347 1329 5394 et
1382 5338 1580 5393 umbra
1631 5338 1827 5393 mortis
1856 5339 1925 5403 ⁵⁸,
1964 5337 2077 5391 diei

2189 4704 2207 4737 ι
2246 4682 2359 4736 Νῦν
2395 4679 2646 4742 ἀπολύεις
2679 4676 2769 4731 τὸν
2808 4673 2993 4729 δοῦλόν
3029 4690 3121 4726 σου
3144 4712 3160 4738 ,
3193 4672 3471 4735 Δέσποτα,
3516 4671 3661 4724 κατὰ
3709 4672 3781 4725 «re

2184 4776 2337 4848 ῥῆμά
2368 4791 2484 4838 σου,
2524 4773 2581 4825 ἐν
2610 4770 2818 4842 εἰρήνῃο
2846 4768 2929 4820 ὅτι
2970 4761 3107 4818 εἶδον
3156 4764 3206 4817 ol
3252 4762 3522 4833 ὀφθαλμοί
3561 4780 3664 4832 μου
3712 4763 3782 4816 τὸ

2184 4868 2449 4940 σωτήριόν
2472 4882 2585 4921 σου.
2621 4862 2649 4917 ὃ
2691 4859 2997 4933 ἡτοίμασας
3043 4854 3185 4909 κατὰ
3225 4855 3519 4926 πρόσωπον
3552 4854 3783 4907 πάντων

2167 4964 2278 5019 τῶν
2299 4959 2463 5015 λαῶν·
2489 4955 2605 5026 φῶς
2633 4954 2712 5016 είς
2739 4948 3082 5017 ἀποκάλυψιν
3109 4946 3279 5000 ἐθνῶν
3328 4946 3425 4999 καὶ
3460 4944 3619 5009 δόξαν
3642 4944 3782 4997 λαοῦ

2172 5074 2266 5110 σου
2301 5048 2535 5124 Ἰσραήλ.
2556 5043 2783 5107 »Καλῶς
2819 5044 2848 5096 ό
2875 5037 3266 5110 πνευματικὸς,
3296 5037 3359 5091 τὸ
3385 5036 3784 5107 πνευματικὸν

2170 5148 2262 5203 τοῦ
2290 5147 2493 5215 κόσμου
2527 5134 2880 5210 φωταγωγῶν
2906 5132 3023 5202 φῶς
3073 5130 3466 5201 ἀνηγόρευσεν.
3534 5127 3785 5180 Ἐδέοντο

2171 5242 2300 5311 γάρ,
2328 5256 2347 5290 ι
2396 5238 2446 5290 οἱ
2472 5237 2528 5289 ὲν
2570 5230 2753 5285 σκότει
2804 5227 2900 5281 καλ⁸
2936 5224 3065 5294 σκιᾷ
3100 5221 3335 5275 θανάτου
3371 5219 3699 5289 καθήμενοι,
3751 5234 3774 5267 ι

2173 5308 2272 5400 τῆς
2306 5323 2658 5394 δωδεκαώρου
2686 5320 2783 5375 καὶ
2806 5317 3007 5388 νεκρᾶς
3037 5312 3273 5385 ἡμέρας.
3304 5310 3449 5364 Διότι
3470 5308 3786 5361 ἐπεσκότει-

574 5431 613 5461 ³⁷
649 5401 807 5487 item.
846 5449 958 5499 vm,
990 5433 1075 5487 Η.
1151 5432 1195 5464 ³⁸
1229 5432 1371 5487 Psal.
1449 5444 1642 5495 Lxxxv,
1684 5429 1737 5485 8.
1816 5430 1861 5463 ⁸⁹
1898 5401 2049 5486 Exod

2162 5442 2199 5487 ι,
2225 5425 2282 5499 _2.
2358 5420 2403 5451 ⁸⁸
2432 5418 2648 5499 lsa._t.v,
2685 5414 2753 5499 Si;
2779 5411 2862 5499 ﬁ“
2904 5409 3072 5499 llebr.
3101 5419 3217 5499 v31,
3246 5403 3308 5499 id
3336 5471 3357 5499 '
3378 5403 3423 5432 δ’
3449 5401 3618 5499 Μεινοὸ
3622 5401 3781 5499 “1,11.

500 5500 548 5533 ⁸³
575 5499 729 5555 Joan.
758 5517 796 5566 ι,
826 5502 910 5558 16.
989 5503 1036 5535 ⁵⁸
1064 5502 1109 5557 II
1136 5502 1261 5558 Cor.
1298 5518 1375 5565 tn,
1412 5500 1497 5554 10.
1573 5500 1620 5532 ⁸⁸
1646 5499 1946 5568 Joan.'vm,
1984 5500 2074 5556 54.

500 5570 549 5605 δ’
597 5571 696 5625 lsa.
731 5588 802 5635 Ix,
828 5571 896 5637 2;
924 5572 1059 5627 Luc.
1090 5588 1129 5636 ι,
1168 5573 1269 5637 79;
1303 5570 1497 5628 Matth.
1524 5585 1613 5637 xx,
1642 5568 1695 5625 6.

574 5662 685 5735 (90)
720 5661 991 5735 Eortasse,
1024 5662 1264 5735 Μωῦσῆν

581 5730 690 5807 (91)
726 5733 873 5799 Erat,
904 5730 1232 5803 μεταϐόλωςζ

2152 5486 2197 5528 ⁵⁸
2225 5495 2329 5549 lsa.
2367 5504 2510 5554 vat,
2543 5486 2594 5540 l.

2706 5484 2753 5515 "’
2778 5480 2950 5538 Exod.
2986 5495 3098 5545 xIx,
3130 5474 3184 5530 3.
3264 5473 3308 5506 ⁸⁸
3335 5471 3471 5527 Luc.
3500 5488 3561 5538 ιι,
3583 5470 3784 5528 29-32.

2235 5646 2368 5720 (91⁸)
2402 5644 2462 5701 F.
2492 5643 2707 5717 προσίει
2755 5639 2834 5711 τῷ
2895 5638 3017 5693 λαλ.
3054 5637 3206 5693 Enn.
