4048 6210
425 294 563 348 ιιοτ

1525 288 1870 345 TliEODOTl
1910 287 2212 345 EPISCOPI
2250 286 2607 345 ANCYRANI’

3534 282 3677 337 “03

422 407 661 468 stitiam,
689 426 707 457 ι
742 407 897 479 juxta
946 406 1286 475 Scripturam
1314 406 1355 436 "
1385 422 1397 470 ;
1428 406 1636 474 galeam
1672 421 1802 460 vero
1840 404 1990 474 judi-
2024 455 2026 463 ,

2128 424 2206 470 ος,
2262 404 2404 460 κατά
2452 405 2551 475 τὴν
2608 402 2847 473 Γραφὴν,
2899 398 3261 468 δικαιοσύνην·
3305 416 3322 448 ι
3357 397 3561 466 κόρυθα
3587 401 3677 464 δὲ,

422 497 570 552 cium
597 497 714 550 sine
738 497 1129 551 simulatione:
1174 512 1331 566 spem
1362 506 1567 561 autem,
1602 495 1994 565 inexpugnabi-

422 588 530 641 lem
555 587 931 641 sanctitatem:
964 588 1131 657 idque
1173 588 1353 656 ipsum
1393 587 1541 657 quod
1566 587 1633 641 ab
1663 585 1996 641 adversariis

424 694 590 732 carne
642 687 933 746 superatus
971 680 1147 733 teneri
1185 680 1490 744 videretur,
1526 694 1622 733 eos
1663 677 1756 747 qui
1784 677 1998 732 detine«

422 776 548 821 rent
580 768 771 822 inanes
803 768 1135 839 viribusque
1165 786 1367 823 vacuos
1399 770 1678 839 triumpho
1705 769 1835 839 egit.

502 858 617 911 ΧΠ.
648 859 969 929 llujusmodi
1003 869 1108 925 est,
1147 878 1179 915 0
1215 862 1411 925 Judzei,
1450 862 1598 931 regis
1632 861 1806 916 nostri
1840 858 1999 915 Chri-

427 949 495 1003 sti
555 949 724 1008 acies.
783 953 999 1006 tametsi
1053 969 1153 1007 vos
1215 954 1706 1022 reprehensionem
1761 950 1995 1021 parctis.

428 1040 598 1094 Porro
626 1042 790 1095 etiam
823 1042 1193 1097 destinavitin
1218 1045 1406 1098 orbem
1441 1051 1624 1108 terrae,
1652 1043 1745 1111 qui
1776 1041 1999 1096 convel-

427 1128 914 1184 lerenterrorem:
970 1132 1212 1185 inermes
1254 1132 1445 1195 duces,
1483 1131 1604 1185 sine
1646 1131 1747 1193 ira,
1792 1130 1999 1198 absque

432 1221 727 1289 sanguine;
770 1222 863 1290 qui
888 1222 1109 1290 quidem
1159 1237 1271 1275 uno
1302 1220 1524 1291 pietatis
1548 1221 1845 1290 praeconio,
1879 1236 2000 1273 om-

431 1324 561 1362 nem
590 1309 986 1365 sublimitatem
1012 1311 1333 1365 ell‘erentem
1357 1326 1415 1365 se
1436 1310 1698 1365 adversus
1718 1310 1838 1379 ejus
1869 1308 2004 1361 divi-

441 1415 567 1453 nam
592 1401 849 1455 unionem
886 1403 1297 1468 convellerent;
1343 1417 1506 1456 omne
1534 1416 1668 1455 vero
1706 1416 1876 1470 genus
1898 1400 1998 1453 huc

432 1507 658 1547 manum
692 1493 1093 1558 illuminarent,
1123 1492 1594 1563 quemadmodum
1618 1493 1695 1545 ait
1714 1491 1999 1560 propheta:

2095 495 2277 565 κρίσιν
2305 494 2694 564 ἀνυπόκριτοψ
2717 490 2905 543 ἐλπίδα
2947 489 3024 551 δὲ,
3070 486 3492 556 ἀκαταμάχητον
3520 487 3675 537 ὁσιό-

2093 602 2255 655 τητα,
2298 585 2391 637 κα)⁵
2419 584 2496 653 τῷ
2524 582 2838 651 κρατεῖσθαι
2862 581 3037 633 δοκεῖν
3064 579 3153 632 διά
3197 578 3295 648 τῆς
3325 578 3527 649 σαρκὸς
3557 580 3679 639 τοῖς

2094 673 2432 737 ἀντιπάλοις,
2461 672 2657 737 ἑώλους
2684 672 2776 725 καὶ
2798 670 3122 740 ἀνισχύρους
3158 669 3285 730 τοὺς
3320 670 3675 738 κατέχοντας.

2095 763 2515 834 τεθριάμϐευκε.

2172 857 2268 908 1Β¹.
2303 853 2560 923 Τοιαύτη,
2579 847 2624 906 ὦ
2660 852 2921 913 Ἰουδαῖοι,
2940 850 3031 904 τοῦ
3067 848 3332 919 βασιλέως
3359 848 3515 918 ἡμῶν
3540 850 3686 917 Χρι-

2101 948 2229 1001 στοῦ
2258 949 2291 1018 η
2320 945 2645 1018 παράταξις,
2671 945 2775 997 κᾶν
2796 944 2951 1014 ὑμεῖς
2971 943 3061 995 τὸν
3083 944 3279 994 οἰκεῖον
3300 940 3679 1010 ταμιεύσησθε

2098 1040 2340 1108 ἔλεγχον.
2386 1039 2766 1105 Ἐξαπέστειλε
2809 1037 2865 1089 δὲ
2893 1037 2988 1089 καὶ
3028 1030 3361 1104 καθαιρὲτας
3404 1034 3502 1102 τῆς
3538 1031 3683 1085 πλά-

2098 1149 2196 1200 νης
2229 1133 2308 1195 είς
2354 1132 2450 1202 τὴν
2488 1131 2837 1201 οἰκουμένην,
2876 1129 3213 1199 στρατηγοὺς
3245 1127 3497 1188 ἀόπλους,
3546 1128 3683 1196 ἀορο

2099 1225 2329 1292 γήτους,
2385 1223 2787 1292 ἀναιμάκτους,
2829 1220 3143 1291 κηρύγματι
3198 1218 3482 1280 εὐσεϐείας
3513 1220 3681 1288 μόνον

2101 1313 2525 1383 ἐξαφανίζοντας
2577 1313 2673 1382 μὲν
2713 1314 2820 1366 πᾶν
2872 1312 3072 1381 ὕψωμα
3124 1310 3486 1380 ἐπαιρόμενον
3534 1308 3684 1360 κατά

2102 1406 2201 1475 τῆς
2242 1404 2393 1467 θείας
2420 1404 2585 1458 αὐτοῦ
2621 1405 2883 1469 ἑνὼσεως,
2920 1400 3258 1472 φωτίζοντας
3288 1401 3344 1453 δὲ
3387 1402 3498 1453 πᾶν
3520 1400 3684 1467 γένος

2104 1495 2429 1567 ἀνθρώπων,
2462 1495 2536 1559 ὥς
2562 1512 2725 1566 φησιν
2761 1497 2790 1549 6
2819 1495 3125 1566 προφήτης·
3162 1512 3181 1544 ι
3217 1494 3309 1556 Εἰς
3341 1493 3454 1560 φῶς
3477 1492 3688 1562 βολίδες

440 1603 459 1633 ι
479 1584 537 1635 in
563 1584 683 1638 luce
734 1584 944 1653 sagitta:
968 1585 1276 1648 tumibunt,
1300 1585 1353 1637 in
1376 1584 1589 1654 fulgure
1603 1581 2007 1637 coruscationis

2125 1606 2201 1641 που
2229 1587 2603 1659 πορεύσονται,
2627 1588 2705 1650 είς
2742 1586 2942 1656 φέγγος
2975 1587 3260 1655 ἀστραπῆς
3288 1585 3465 1639 ὅπλων
3507 1601 3625 1638 σου.
3661 1602 3681 1634 ι

438 1689 721 1727 armorum
754 1683 974 1729 tuorum
1005 1678 1073 1730 δ’.
1100 1697 1115 1727 ι
1162 1667 1395 1731 Ιόοίτοό
1422 1677 1588 1730 etiam
1632 1675 1829 1729 clamat
1869 1673 2008 1728 divi-

2125 1678 2206 1731 ltd
2234 1677 2389 1731 τοῦτο
2416 1679 2512 1731 καὶ
2539 1680 2567 1730 6
2588 1677 2861 1741 θειότατος
2903 1676 3222 1740 Ἀπόστολος
3246 1676 3362 1747 βοᾷ·
3406 1696 3425 1727 ι
3459 1675 3540 1729 Τά
3577 1675 3691 1744 γὰρ

436 1767 1046 1836 nissimusApostolus:
1081 1786 1097 1817 ι
1122 1766 1255 1820 Nam
1274 1783 1423 1822 arma
1446 1768 1653 1821 militia)
1669 1775 1867 1821 nostra:
1896 1781 2007 1821 non

2125 1770 2248 1823 5πλα
2287 1770 2384 1837 τῆς
2414 1770 2703 1840 στρατείας
2729 1768 2906 1840 ἡμῶν,
2933 1769 2993 1822 οὐ
3032 1768 3289 1839 σαρκικὰ,
3317 1746 3452 1820 ἀλλὰ
3482 1767 3689 1820 δυνατά

439 1856 681 1908 carnalia
714 1864 863 1919 sunt,
888 1856 982 1909 sed
1014 1855 1259 1923 potentia
1312 1856 1424 1910 Deo
1471 1856 1540 1909 ad
1575 1856 2009 1911 destructionem

2125 1861 2185 1931 τῷ
2225 1860 2344 1931 Θεῷ
2399 1862 2537 1933 πρὸς
2586 1862 2907 1932 καθαίρεσιν
2944 1860 3316 1931 ὀχυρωμάτων
3339 1899 3354 1922 ,
3391 1859 3691 1929 λογισμοὺς

441 1945 848 1999 munitionum:
875 1947 1107 2000 consilia
1141 1948 1508 2010 destruentes,
1542 1955 1598 2001 et
1644 1961 1862 2001 omnem
1891 1946 2013 2001 alti-

2125 1951 2438 2022 ιαθαίροντα
2483 1950 2576 2004 καὶ
2636 1952 2746 2004 πᾶν
2793 1950 2993 2021 ὕψωμα
3028 1950 3386 2020 ἐπαιρόμενον
3423 1950 3562 2002 κατά
3593 1949 3692 2002 τοῦ

442 2035 690 2089 tudinem
714 2037 1068 2091 extollentem
1112 2052 1170 2090 se
1207 2036 1473 2092 adversus
1508 2038 1702 2102 Deum,
1732 2046 1788 2092 et
1829 2037 1883 2090 in
1918 2052 2012 2092 ca-

2125 2043 2270 2107 Βεοῦ,
2314 2044 2407 2096 καὶ
2436 2040 2931 2113 αἰχμαλωτίζοντες
2969 2043 3077 2095 πᾶν
3108 2042 3288 2113 νόημα
3319 2043 3398 2105 είς
3447 2041 3547 2111 τὴν
3585 2041 3696 2093 ὑπ-

442 2126 750 2194 ptivitatem
775 2128 1087 2197 redigentes
1110 2143 1331 2182 omnem
1374 2128 1718 2184 intellectum
1757 2129 1813 2183 in
1855 2129 2016 2184 obse-

443 2217 637 2284 quium
669 2217 874 2273 Christi
906 2221 973 2272 ⁵⁸.
995 2238 1013 2270 ι
1046 2218 1090 2274 Ο
1122 2221 1484 2276 miraculuml
1525 2237 1558 2276 ο
1603 2202 1938 2277 ineffabilem
1960 2229 2017 2276 et

446 2309 779 2364 adorandam
830 2311 1160 2366 bonitatem!
1204 2328 1237 2367 ο
1289 2313 1537 2367 divinum
1584 2322 1641 2368 et
1679 2313 2022 2368 inenarrabi-

444 2401 575 2458 lem.
605 2410 892 2470 paternum
926 2404 983 2457 in
1007 2419 1106 2458 nos
1129 2404 1345 2459 Domini
1372 2408 1648 2461 amorem!
1676 2406 1744 2462 Ut
1774 2406 2018 2477 legitimo

440 2494 664 2557 ordine,
709 2510 819 2548 non
853 2496 1101 2565 potentia
1131 2497 1240 2551 vim
1272 2497 1529 2563 faciente,
1553 2513 1747 2553 eorum
1789 2498 2019 2568 provide

446 2587 684 2645 salutem
714 2584 947 2657 peregit,
982 2604 1123 2657 quos
1164 2589 1440 2659 colloquio
1475 2590 1902 2660 induetioneque
1932 2590 2022 2645 fur

454 2678 546 2733 ille
571 2678 789 2748 generis
832 2680 998 2734 avita
1022 2680 1359 2737 abduxerat:
1405 2689 1569 2751 atque
1616 2682 1763 2737 unde
1808 2683 2024 2752 primus

450 2784 655 2837 parens
679 2770 1038 2837 abstraxerat,
1080 2789 1345 2843 prospere
1370 2773 1622 2839 reduxit;
1661 2772 1755 2827 ubi
1782 2789 2026 2829 exsecra-

453 2859 582 2917 bilis
636 2861 859 2930 quidem
908 2862 1085 2917 hostis
1151 2864 1468 2920 irrisionem
1527 2879 1920 2934 erroremque,
1969 2866 2026 2921 in

454 2952 684 3006 scientia
715 2952 1068 3019 despuissent
1098 2992 1112 3016 ,
1150 2969 1213 3007 ac
1255 2969 1355 3008 ceu
1408 2954 1608 3024 capitis
1641 2955 1895 3010 ardorem
1925 2957 2024 3011 de-

454 3042 725 3109 pulissent
746 3041 878 3111 (96);
914 3057 1079 3094 unam
1109 3057 1240 3096 vero
1267 3043 1460 3097 utilem
1490 3045 1837 3112 regulam,ut
1864 3044 2029 3098 nimi-

456 3145 576 3183 rum
602 3130 740 3183 nihil
762 3130 955 3198 pietati
984 3137 1042 3184 et
1067 3130 1321 3201 religioni
1366 3133 1715 3202 praeferrent,
1769 3135 2025 3203 agnovis-

454 3223 613 3269 sent:
650 3217 855 3272 sensim
883 3217 1013 3274 inde
1035 3235 1100 3275 ac
1126 3221 1281 3275 velut
1313 3220 1433 3277 sine
1487 3237 1675 3288 sensu,
1721 3239 1751 3278 a
1779 3223 2030 3279 fabuloso

462 3307 753 3377 gentilium
805 3310 957 3365 cultu
990 3327 1144 3382 spem
1176 3312 1414 3370 habente
1443 3314 1500 3369 in
1529 3315 1765 3371 mortuis
1816 3316 2031 3371 abomi-

455 3399 780 3457 nationibus
818 3401 1111 3474 idolisque,
1135 3404 1483 3462 resilierunt:
1506 3421 1537 3461 a
1566 3406 1795 3463 Iudaica
1850 3415 2031 3463 autem

462 3491 803 3562 insipientia,
828 3494 981 3549 velut
1008 3494 1306 3552 conﬁtente
1348 3505 1617 3553 αξιοι-ηοω
1664 3499 1802 3554 viva:
1826 3509 1882 3554 et
1935 3499 2037 3553 im-

464 3584 685 3639 mobilis
695 3586 894 3641 divinae
910 3587 1231 3643 substantiae
1244 3590 1448 3660 justam
1467 3591 2036 3661 dilucidissimamque

461 3678 772 3743 notionem;
805 3678 1136 3746 subsistens,
1180 3682 1430 3752 inquam,
1460 3682 1637 3752 ipsius
1660 3682 1901 3737 Verbum
1944 3684 2037 3737 Fi-

2114 2136 2286 2205 ακοὴν
2317 2135 2411 2189 τοῦ
2450 2134 2707 2206 Χριστοῦ.
2772 2153 2791 2188 ι
2845 2135 2909 2187 Ὦ
2958 2135 3053 2187 τοῦ
3113 2134 3416 2205 θαύματοςῙ
3472 2133 3519 2185 ὣ
3592 2135 3698 2202 τῆς

2116 2225 2323 2294 ἀφάτου
2351 2226 2445 2279 καὶ
2480 2225 2861 2297 προσκυνητῆς
2903 2225 3277 2295 ἀγαθότητοςί
3316 2223 3360 2278 ὣ
3391 2226 3492 2295 τῆς
3540 2223 3696 2287 θείας

2117 2318 2213 2371 καὶ
2240 2318 2629 2389 ἀνεκδιηγήτου
2656 2317 2786 2389 περὶ
2819 2318 2969 2387 ἡμᾶς
3001 2316 3095 2370 τοῦ
3119 2317 3395 2369 Δεσπότου
3428 2315 3694 2386 στοργῆς.

2119 2409 2245 2472 Πῶς
2264 2409 2482 2479 νομίμῳ
2513 2409 2685 2474 τάξει,
2718 2409 2810 2461 καὶ
2850 2408 2909 2460 ού
2941 2406 3259 2470 δυναστείας
3290 2407 3527 2475 ἀνάγκη,
3558 2405 3695 2457 συλ-

2119 2498 2262 2568 λόγῳ
2279 2498 2411 2567 (97')
2425 2515 2485 2550 τε
2503 2498 2597 2549 καὶ
2613 2496 2783 2566 πειθῷ
2795 2496 2965 2549 ἀποὸο
2979 2494 3053 2567 [υ]
3073 2494 3426 2549 κολισθέντων
3440 2496 3540 2563 τῆς
3553 2492 3701 2561 ζωῆς

2124 2588 2229 2642 ὑπὸ
2241 2588 2335 2641 τοῦ
2352 2582 2673 2657 κλεψογόνου
2698 2586 3019 2657 ᾠκονόμηκε
3036 2586 3325 2656 σωτηρίαν·
3346 2585 3439 2638 καὶ
3458 2584 3555 2653 τὴν
3575 2583 3701 2636 ὅθεν

2123 2678 2382 2747 ἀφείλατο
2427 2678 2455 2730 6
2511 2676 2951 2749 πρωτόπλαστος,
3003 2675 3246 2745 ὲπανόδῳ
3287 2673 3703 2732 κατευὼδωκεν,

2138 2770 2577 2833 Ἀποπτύσαντες
2610 2769 2705 2839 μὲν
2734 2767 2829 2822 καὶ
2870 2767 3356 2839 ἀποσειριάσαντες
3405 2768 3465 2819 ὲν
3494 2765 3703 2835 γνώσει

2124 2863 2219 2917 τοῦ
2249 2861 2486 2933 μυσεροῦ
2517 2862 2813 2931 δυσμενοῦς
2856 2861 2956 2931 τὴν
2984 2859 3183 2930 χλεύην
3215 2861 3308 2913 καὶ
3340 2859 3572 2929 πλάνην,
3606 2859 3709 2911 ἕνα

2126 2954 2183 3007 δὲ
2219 2955 2344 3025 ὅρον
2377 2952 2748 3021 ἐπεγνωκότες
2795 2951 3076 3022 λυσιτελῆ,
3107 2951 3169 3004 τὸ
3224 2949 3392 3021 μηδὲν
3422 2950 3522 3020 τῆς
3552 2950 3714 3002 εὗσε-

2055 3075 2098 3133 c
2131 3044 2284 3107 ϐείας
2325 3043 2661 3114 προκρίνειψ
2694 3041 2944 3096 ἐντεῦθεν
2983 3042 3082 3111 τῆς
3117 3041 3215 3111 μὲν
3257 3040 3577 3110 Ἑλληνικῆς
3609 3057 3715 3109 μυε-

2133 3134 2515 3205 θοθρησκείας,
2553 3134 2629 3197 ὡς
2657 3134 2716 3188 ὲν
2741 3135 2952 3205 νεκροῖς
2982 3131 3397 3204 προσοχθήμασι
3434 3131 3533 3193 τὰς
3566 3130 3716 3184 ἑλπί-

2127 3224 2220 3285 δας
2255 3224 2619 3294 κεκτημένης,
2669 3223 3086 3294 ἀνεπαισθήτως
3115 3222 3498 3292 ἀπεπήδησανο
3527 3222 3624 3291 τῆς
3650 3221 3713 3274 δὲ

2142 3311 2439 3382 Ἰουδαϊκῆς
2473 3311 2785 3379 ἀξυνεσίας,
2814 3312 2890 3375 ὡς
2927 3312 3001 3383 μὴ
3048 3311 3420 3383 ὁμολογούσης
3444 3312 3540 3381 τῆς
3592 3312 3715 3363 ἀει-

2131 3400 2272 3468 ζῶου
2297 3405 2391 3456 καὶ
2412 3404 2669 3473 ἀκινήτου
2700 3403 2850 3467 θείας
2874 3404 3063 3466 οὐσίας
3106 3404 3166 3456 τὸ
3209 3404 3412 3457 ἔνδικον
3443 3402 3535 3457 καὶ
3568 3403 3711 3472 τη).-

2132 3496 2467 3565 αυγέστατον
2508 3494 2823 3565 γνώρισμα,
2848 3495 2941 3548 τὸν
2963 3496 3327 3549 ὲνυπόστατον
3343 3494 3505 3564 αὐτῆς
3526 3494 3715 3560 Λόγον

2134 3592 2226 3646 καὶ
2253 3589 2657 3661 ὲμφανέστατον
2688 3589 2834 3655 Υἱὸν,
2861 3588 3304 3659 ἑμακρύνθησαν’
3325 3587 3419 3657 τῆς
3455 3587 3510 3640 δὲ
3535 3585 3709 3656 ὀρθῆς

2136 3684 2232 3737 καὶ
2282 3681 2503 3751 βεϐαίας
2537 3682 2666 3752 περὶ
2706 3682 2795 3735 τὸν
2838 3680 3009 3743 όντως
3078 3680 3209 3734 ὅντα
3261 3679 3394 3733 Θεὸν
3457 3676 3715 3747 γνώσεως

462 3770 711 3839 liumque
740 3771 1274 3839 manifestissimum,
1304 3774 1525 3846 longius
1553 3784 1932 3830 recesserunt:
1976 3791 2040 3832 ac

465 3872 673 3918 rectam
703 3864 1029 3935 ﬁrmamque
1071 3865 1169 3921 Dei
1201 3867 1319 3922 veri
1369 3867 1625 3921 notitiam
1668 3874 2035 3938 receperunt:

2136 3772 2481 3829 ἐπελάϐοντοο
2535 3772 2717 3838 ζῶντα
2762 3772 2893 3826 Θεὸν
2936 3771 3351 3842 ὁμολογοῦντες,
3396 3770 3489 3823 τὸν
3529 3770 3587 3821 ὲν
3637 3770 3721 3839 τῷ

2140 3866 2301 3931 ζῶντι
2347 3866 2462 3935 ἅμα
2493 3863 2612 3933 Θεῷ
2657 3862 2751 3917 καὶ
2784 3863 2899 3933 ἅμα
2932 3862 3122 3931 ἀγαθῷ
3153 3861 3288 3933 Υίῷ,
3331 3862 3425 3914 καὶ
3465 3859 3543 3931 τῷ
3585 3860 3723 3930 θείῳ

465 3957 639 4011 Deum
670 3957 997 4013 conﬁtentes
1021 3959 1229 4023 vivum,
1260 3960 1356 4029 qui
1384 3960 1440 4014 in
1476 3960 1698 4015 vivente
1724 3961 2026 4025 simulDeo,

2140 3960 2236 4011 καὶ
2264 3956 2534 4028 όμοουσίῳ
2558 3954 2858 4025 Πνεύματι,
2880 3955 2979 4025 τὴν
3000 3955 3294 4026 ἀμέριστον
3316 3952 3482 4007 αὑτοῦ
3511 3952 3723 4023 Τριάδα

464 4046 739 4115 simulque
766 4048 903 4101 Filio
926 4048 1093 4114 bono,
1123 4049 1425 4118 divinoque
1446 4060 1504 4105 et
1523 4051 1770 4120 ejusdem
1789 4052 2026 4107 substan-

2142 4052 2272 4123 ἡμῖν
2293 4048 2737 4118 ἀποκαλύψαντα,
2760 4048 2850 4101 τὸν
2873 4050 2930 4101 ὲν
2952 4048 3031 4117 τῷ
3063 4046 3332 4117 ὁμοουσίῳ
3356 4045 3452 4099 καί⁵
3473 4043 3725 4116 ἀπαραλ-

470 4137 560 4191 tiae
584 4136 817 4205 Spiritu,
843 4153 999 4191 suam
1024 4137 1187 4191 nobis
1215 4138 1505 4193 indivisam
1537 4140 1863 4196 Trinitatem
1889 4157 2026 4197 reve

2144 4143 2327 4213 λάκτῳ
2354 4140 2517 4195 αὐτοῦ
2564 4140 2678 4211 Υίῷ
2706 4139 3208 4211 μεμαρτυρημένῳ,
3234 4140 3294 4191 τὸ
3324 4139 3426 4209 τῆς
3449 4137 3727 4206 πατρικῆς

468 4229 633 4283 lavit:
663 4228 759 4298 qui
788 4228 841 4281 in
870 4227 1117 4297 ejusdem
1148 4244 1338 4282 secum
1377 4229 1699 4285 substantia:
1728 4238 1784 4285 et
1829 4231 2026 4285 incom-

2144 4232 2507 4303 κρυφιότητος
2535 4230 2824 4303 γνώρισμα
2854 4231 3160 4301 προάγοντα
3181 4269 3197 4295 ,
3237 4228 3329 4282 τὸν
3369 4227 3726 4291 ἀναδείξαντα

474 4320 723 4374 mutabili
766 4320 1057 4376 testiﬁcato
1110 4322 1154 4354 ⁸³
1194 4321 1335 4376 Filio
1399 4336 1500 4376 suo
1558 4322 1714 4392 (97),
1765 4323 2026 4378 occultan

2147 4327 2276 4395 ἡμῖν
2308 4308 2489 4394 πάσης
2538 4321 2689 4385 θείας
2740 4323 3078 4392 προφητείας
3122 4321 3214 4375 τὸν
3259 4320 3472 4392 καρπὸν
3515 4318 3728 4387 Ἰησοῦν

470 4418 757 4480 paternam
811 4411 1082 4465 rationem
1115 4421 1415 4482 notamque
1463 4412 1723 4482 producit
1759 4430 1824 4470 ac
1863 4415 2026 4483 palan

2152 4414 2386 4485 Χριστὸν
2434 4411 2525 4465 τὸν
2566 4411 2770 4482 Κύριον
2815 4411 2995 4481 ἡμῶν,
3046 4412 3231 4480 ἄρτιον
3262 4412 3319 4463 ὲν
3367 4409 3600 4475 θεότητι,
3631 4407 3729 4459 καὶ⁵

472 4503 696 4556 statuit:
753 4503 846 4571 qui
905 4504 1067 4558 nobis
1122 4504 1394 4559 universa:
1442 4505 1746 4574 prophetia:
1798 4505 2040 4561 fructum

475 4594 729 4647 exhibuit
752 4595 937 4649 Jesum
957 4595 1241 4649 Christum
1267 4596 1561 4649 Dominum
1607 4606 1891 4664 nostrum;
1928 4614 2055 4668 per-

472 4686 678 4741 fectum
734 4688 788 4740 in
834 4687 1060 4752 deitate,
1105 4697 1163 4742 et
1211 4687 1266 4740 in
1324 4687 1668 4742 humanitate
1710 4690 2048 4759 perfectum;

470 4789 635 4848 atque
664 4779 717 4832 in
757 4787 901 4833 terra
955 4780 1098 4835 sicut
1120 4780 1174 4833 in
1206 4780 1362 4834 cmlis
1392 4780 1460 4834 ab
1501 4780 1709 4851 angelis
1740 4782 2052 4847 adoratum,

466 4871 623 4941 juxta
658 4886 785 4926 eum
815 4871 910 4941 qui
942 4871 1118 4926 dixit:
1158 4890 1175 4922 ι
1204 4871 1271 4925 Et
1318 4888 1444 4927 cum
1482 4873 1696 4927 iterum
1748 4872 2054 4930 introducit

2148 4506 2353 4559 τέλειον
2411 4505 2468 4558 ὲν
2521 4502 2923 4573 ἀνθρωπὸτητι,
2970 4503 3063 4555 καὶ
3118 4501 3590 4572 προσκυνούμενον
3631 4498 3727 4549 ὑπ’

2148 4596 2400 4664 ἀγγέλων
2429 4595 2521 4648 ἐπὶ
2549 4594 2654 4665 γῆς
2700 4594 2774 4657 ὼς
2806 4595 2865 4646 ὲν
2898 4593 3168 4663 οὐρανοῖς,
3201 4590 3342 4644 κατὰ
3386 4591 3478 4644 τὸν
3511 4587 3735 4658 εἰρηκό-

2147 4704 2234 4741 τα·
2295 4707 2314 4740 ι
2381 4687 2549 4741 Ὅταν
2595 4685 2651 4738 δὲ
2688 4684 2959 4757 είσαγάγῃ
2988 4683 3078 4737 τὸν
3122 4681 3464 4752 πρωτότοκον
3519 4680 3595 4740 είς
3629 4678 3735 4746 τὴν

2148 4780 2494 4851 οἰκουμένην,
2524 4778 2692 4847 λέγει.
2714 4778 2821 4830 Καὶ
2853 4776 3390 4847 προσκυνησάτωσαν
3416 4771 3563 4841 αὐτῷ
3598 4773 3738 4823 πάν-

2149 4890 2242 4936 τες
2301 4873 2350 4925 οί
2396 4869 2617 4939 ἄγγελοι
2665 4866 2825 4922 Θεοῦ.
2865 4886 2884 4921 ι
2939 4866 3485 4939 Προσκυνησάτωσαν
3526 4862 3732 4933 δηλαδὴ

544 5035 589 5064 ⁸⁸
614 5034 815 5103 Ephes.
849 5051 921 5097 γι,
960 5034 1044 5089 15.
1124 5034 1169 5065 ⁵⁷
1204 5034 1407 5090 llabac.
1434 5050 1514 5100 ιιι,
1542 5035 1630 5088 il.
1705 5034 1751 5065 ⁵⁸
1777 5034 1823 5089 ΙΙ
1846 5034 1973 5090 Cor.
2001 5051 2026 5087 ιι

2125 5074 2138 5101 ,
2172 5034 2223 5088 5.
2298 5032 2345 5064 ⁸⁹
2379 5028 2570 5085 Matth.
2602 5045 2680 5093 ιιι,
2724 5027 2824 5092 17;
2860 5040 2989 5089 xvu,
3016 5024 3068 5079 5.

549 5149 659 5214 (96)
698 5148 771 5201 Ac
806 5164 895 5218 ceu
929 5149 1113 5218 capitis
1154 5148 1400 5201 ardorem
1432 5145 1792 5218 depulissent:
1823 5146 2048 5218 ἀποσει-

482 5219 780 5286 ριάσαντες.
817 5214 1184 5272 Μιιηει’ΤΙιθε.
1222 5226 1279 5271 et
1327 5217 1414 5270 alii
1470 5214 1526 5270 in
1562 5216 1791 5284 simplex
1829 5216 2049 5284 σειριάω

478 5294 536 5340 et
571 5288 865 5368 σειρίασις,
898 5289 1105 5368 quibus
1156 5287 1505 5368 designatur.
1533 5286 1708 5368 morbi
1751 5300 1929 5368 genus
1982 5302 2050 5340 ex

481 5354 711 5423 quadam
750 5354 944 5423 capitis
979 5354 1403 5411 inﬂammatione
1433 5374 1445 5410 :
1482 5355 1620 5410 forte
1661 5354 1779 5408 ἀπὸί
1812 5354 1905 5406 τοῦ
1941 5372 2051 5407 σει-

486 5425 623 5495 ρίου,
671 5424 816 5495 quod
854 5436 1097 5495 tempore
1145 5427 1436 5490 caniculae,
1490 5426 1621 5479 solis
1668 5425 1834 5479 ardor
1879 5426 2056 5494 majus

482 5494 788 5615 perlicttlum
822 5494 1154 5563 ejuscemodi
1191 5496 1371 5555 morbi
1394 5506 1563 5556 creet.
1584 5496 1679 5551 Est
1701 5496 1919 5565 elegans
1944 5510 2059 5548 ma-

486 5574 579 5615 tat)
604 5578 739 5615 Hll‘a.

486 5574 739 5632 tapttora.

559 5633 669 5699 (97)
700 5630 765 5685 Et
789 5632 1201 5702 incomnmtabili
1223 5636 1496 5702 testi/irato
1518 5633 1648 5688 Filio
1676 5650 1789 5687 suo.
1817 5642 1945 5689 ctc.:
1968 5633 2057 5685 καὶ

486 5702 890 5772 ἀπαραλλάκτῳ
922 5700 1034 5771 Υἱῷ
1078 5703 1239 5755 αὑτοῦ
1287 5700 1778 5775 μεμαρτυρημὲνῳ,
1817 5722 1868 5757 κ.
1902 5722 1951 5756 τ.
1980 5703 2059 5767 ἐξ.

2154 5145 2257 5211 Qui
2298 5141 2641 5198 testiﬁcando
2677 5139 2875 5213 Filium
2926 5151 3088 5192 suum
3123 5149 3232 5213 per
3265 5130 3449 5213 omnia
3496 5128 3731 5213 similem

2155 5204 2211 5270 έεί
2264 5215 2514 5285 ejusdem
2571 5212 2795 5285 cumino
2848 5223 3034 5265 secum
3061 5204 3424 5285 substantiae,
3464 5204 3626 5254 etiam
3672 5214 3732 5285 se

2156 5268 2337 5356 ipsum
2369 5292 2425 5338 et
2458 5280 2604 5352 quod
2643 5281 2834 5356 _Pater_
2850 5287 2954 5341 est,
3008 5276 3176 5330 edicit
3210 5268 3732 5356 .p_roditqite;’quod

2158 5341 2346 5410 relatis
2368 5363 2451 5408 est
2475 5341 2775 5422 proprium.
2792 5349 2924 5402 Erat
2947 5356 3183 5417 paternae
3209 5341 3355 5397 illius
3375 5341 3733 5422 κρυφιότηξος

2156 5425 2443 5494 γνώρισμα
2476 5409 2642 5494 ’νοιδο
2682 5409 3000 5494 obscurum,
3028 5425 3337 5494 antequam
3372 5409 3731 5494 solemni_illa

2160 5478 2540 5551 testiﬁcatione
2574 5490 2639 5543 ad
2682 5504 2846 5565 quam
2892 5487 3087 5542 alludit
3122 5478 3332 5547 auctor,
3383 5481 3437 5535 in
3494 5478 3735 5533 Iordane

2162 5564 2528 5620 deteaeretur.

2236 5628 2323 5699 (97
2388 5631 2444 5685 Ρ.
2479 5630 2576 5683 σὺν
2605 5628 2765 5697 λόγῳ.
2793 5628 2939 5682 Eon.
