4048 6210
326 199 458 257 uos

1199 190 1479 248 llOIlIlLlA
1520 192 1604 246 IV.
1645 187 1718 247 ΙΝ
1774 192 1828 248 S.
1869 189 2221 248 DEIPARAM
2255 192 2342 248 ET
2383 190 2741 248 SIMEONEM.

3411 194 3557 252 N10

327 311 564 384 πρώτοις
576 309 687 373 τοῖς
701 307 816 379 (98)
839 306 930 360 ἐπὶ
947 307 1172 377 φάτνηςο
1188 306 1411 376 Συμεὼν
1423 307 1479 360 δὲ
1496 309 1589 362 καὶ
1597 308 1762 361 Ἀννα
1774 308 1893 361 δευ-
1924 362 1926 369 λ

2005 309 2421 378 primogenitum
2461 311 2517 364 in
2563 310 2754 364 orbem
2801 317 2978 376 teme,
3008 309 3172 365 dicit:
3217 309 3288 364 Et
3328 309 3561 365 adorent

324 402 541 475 τερεύει
570 404 629 454 ἐν
650 401 729 470 τῷ
757 398 890 463 ναῷ·
927 398 1095 464 μάγοι
1127 396 1186 450 δέ
1219 397 1513 467 μετέπειτα
1540 399 1596 452 ἐν
1624 398 1889 469 Βηθλεέμι

325 494 419 546 καὶ
453 491 686 559 καθεξῆς
729 487 832 540 ἀνά
868 489 1050 540 πᾶσαν
1086 485 1188 555 τὴν
1220 487 1565 557 οἰκουμένην,
1599 488 1648 539 οἰ
1674 489 1751 550 εἰς
1781 488 1895 540 υἱο-

324 585 512 638 θεσίαν
561 579 1033 648 εἰσπεποιημένοι,
1092 577 1234 631 κατά
1289 577 1390 648 τὴν
1427 577 1521 631 τοῦ
1577 578 1755 632 Ἰσαάκ
1805 579 1896 631 ἐπὶ

337 673 532 728 Ἰακὼϐ
594 671 954 742 προμήνυσιν·
1022 667 1153 738 περὶ
1216 661 1290 722 ὧν
1340 671 1368 722 ὁ
1420 669 1630 732 Παῦλός
1689 687 1892 739 φησιν’

331 785 352 818 ι
373 763 668 832 Ἐλάὸομεν
689 760 904 830 πνεῦμα
923 758 1195 822 υἱοθεσίας
1214 759 1273 812 ἐν
1301 751 1345 826 ᾧ
1372 758 1665 830 κράζομενο
1704 759 1889 826 Ἃϐὁᾶ,

322 861 352 914 6
382 859 592 928 Πατήρ.
631 873 651 908 ι

1994 416 2122 456 eum
2152 418 2343 458 omnes
2369 404 2545 474 angeli
2575 403 2671 459 Dei
2696 405 2742 435 °°
2763 422 2777 470 ;
2798 424 2815 455 ι
2852 405 3102 471 adorent,
3133 406 3345 461 scilicet
3392 405 3560 476 primi

1995 490 2075 545 illi
2105 492 2174 546 ad
2223 509 2460 563 praesepe
2484 494 2683 564 positi;
2731 503 2854 564 post
2890 494 3017 549 illos
3066 511 3200 550 vero
3259 497 3480 551 Simeon
3505 505 3564 551 et

1991 581 2148 635 Anna
2197 583 2464 638 secundas
2512 584 2899 653 suscipiuntin
2926 586 3164 654 templo;
3205 595 3393 655 postea
3418 587 3561 656 magi

1999 673 2055 726 in
2081 672 2393 740 Bethleem;
2426 688 2490 728 ac
2535 674 2797 744 deinceps
2836 691 2935 744 per
2975 679 3168 730 orbem
3219 677 3560 742 universum,

1999 763 2091 832 qui
2121 765 2176 818 in
2198 764 2338 818 ﬁlios
2358 765 2654 835 adoptione
2671 766 2826 822 asciti
2857 775 3005 829 sunt,
3028 768 3184 836 juxta
3235 767 3381 836 quod
3413 767 3567 823 lsaac

1999 855 2391 923 pnenutitiavit
2415 856 2468 908 in
2495 856 2665 911 Jacob
2709 856 2786 909 ⁶¹ε
2814 855 2867 908 in
2903 872 3022 926 qum
3047 857 3124 912 ait
3153 858 3386 911 Paulus:
3421 877 3438 908 ι
3461 857 3567 911 Ao-

318 951 565 1022 cepimus
615 948 870 1018 Spiritum
913 945 1231 1017 adoptionis
1287 943 1342 998 in
1387 958 1498 1013 quo
1543 943 1879 998 clamamus:
1919 943 2090 1008 Abba,
2124 946 2285 999 Pater
2320 947 2426 1000 δ’.»

404 1047 506 1100 ΙΓ⁹.
551 1043 712 1098 Ἀλλά
738 1045 791 1098 τί
820 1045 955 1116 πρὸς
982 1043 1051 1096 τά
1085 1041 1381 1110 τελούμενα
1409 1041 1441 1108 ἡ
1465 1038 1583 1091 θεία
1611 1039 1705 1092 καὶ
1728 1038 1899 1091 πανύ-

327 1151 527 1208 μνητος
564 1135 867 1206 παρθενικὴ
893 1136 1108 1205 μήτηρ;
1145 1130 1446 1202 Ἐθαύμαζε
1472 1129 1571 1200 μὲν
1591 1129 1813 1192 εἰκότως
1833 1129 1901 1181 τὰ

323 1225 611 1293 λεγόμενα.
652 1242 670 1274 ι
707 1224 954 1292 Διετὴρει
988 1221 1045 1273 δὲ
1091 1221 1241 1291 ὅμως
1289 1217 1424 1288 μετά
1464 1217 1573 1271 τῶν
1607 1217 1898 1287 προλαϐόν-

323 1333 429 1369 των
459 1315 745 1368 καὶταῦτα
775 1315 832 1366 ἐν
861 1317 928 1383 τῇ
955 1311 1209 1382 καρδίᾳ».
1231 1310 1373 1379 Πρὸς
1404 1309 1469 1379 ῆν
1492 1309 1520 1360 ὁ
1541 1306 1763 1377 Συμεὼν
1793 1307 1898 1360 ύπ-

323 1405 551 1474 αγορίαν
575 1401 840 1456 ὲντίθεται
869 1403 1117 1470 φάσκωνο
1141 1394 1212 1452 Ὦ
1240 1398 1537 1469 περιστερά
1562 1397 1893 1472 λελευκαμέ-

325 1513 388 1564 νη
413 1495 508 1547 καὶ
536 1493 781 1564 ἁκὲραιε.
799 1489 870 1544 Ὦ
901 1492 1166 1561 σκήνωμα
1185 1488 1338 1557 ἀγιον
1364 1489 1462 1558 τῆς
1479 1487 1692 1550 ἐλπίδος
1714 1486 1891 1557 ἡμῶν,

2069 1039 2208 1093 Xlll.
2249 1041 2518 1094 Cteterum
2568 1040 2701 1110 quid
2745 1041 2871 1097 diva
2915 1057 3236 1112 summeque
3280 1041 3570 1097 laudabilis

1998 1131 2162 1200 Virgo
2187 1138 2362 1184 mater
2415 1132 2484 1186 ad
2513 1146 2577 1186 ea
2600 1148 2721 1202 quae
2745 1134 3179 1204 peragebantur?
3203 1134 3343 1188 Sane
3373 1135 3570 1188 merito

1998 1237 2282 1277 sermones
2309 1223 2631 1278 mirabatur.
2667 1245 2684 1276 ι
2717 1225 3086 1282 Conservabat
3115 1241 3244 1280 vero
3267 1228 3431 1281 etiam
3468 1228 3571 1283 ista

1988 1328 2122 1368 Icum
2146 1314 2426 1384 prioribus
2449 1315 2502 1368 in
2527 1316 2690 1370 corde
2720 1331 2818 1370 suo
2840 1316 2975 1369 “3-”.
3001 1335 3018 1365 ›
3045 1317 3125 1371 Ad
3149 1333 3310 1386 quam
3349 1318 3568 1372 Simeon

1997 1406 2372 1474 praenuntians
2399 1407 2476 1461 ait
2502 1425 2515 1460 :
2542 1406 2586 1462 Ο
2613 1409 2865 1462 columba
2907 1409 3156 1464 dealbata
3189 1417 3243 1462 et
3273 1410 3566 1465 innocens!

1995 1494 2044 1549 Ο
2079 1496 2194 1566 spei
2230 1504 2432 1551 nostra:
2469 1508 2716 1552 sanctum
2761 1499 3044 1567 templum,
3087 1499 3141 1552 in
3173 1515 3282 1568 quo
3314 1501 3572 1556 sanctitas

325 1586 385 1639 ἐν
417 1578 460 1650 ᾧ
485 1584 743 1654 ἀγιοσύνη
780 1583 877 1636 καὶ
904 1580 1353 1652 μεγαλοπρέπεια
1383 1579 1534 1632 πᾶσα
1573 1576 1891 1647 ἐνιδρύεται.

2005 1587 2178 1642 omnis
2204 1595 2259 1642 et
2285 1587 2685 1659 magniﬁcentia
2706 1589 2909 1644 residet
2929 1591 2940 1643 ι
2957 1608 2972 1639 ‹
2997 1589 3116 1654 Hic,
3139 1609 3156 1640 )
3184 1605 3347 1659 quem
3376 1605 3573 1646 arcana

332 1693 352 1728 ι
398 1670 586 1737 Οὗτος,
627 1692 645 1725 ι
688 1672 746 1725 ὃν
785 1673 849 1724 σὺ
894 1671 1116 1732 τέτοκας
1147 1669 1493 1739 ἀπορρήτοις,
1550 1685 1569 1719 ι
1600 1660 1750 1730 οῦτος
1791 1669 1901 1720 κεί-

324 1785 414 1822 ται
449 1769 528 1830 εἰς
582 1765 789 1819 πτῶσιν
836 1762 933 1817 καὶ
969 1761 1266 1815 ἀνάστασιν
1316 1760 1524 1814 πολλῶν
1568 1762 1626 1814 ἐν
1668 1760 1747 1832 τῷ
1802 1762 1898 1814 Ἰσο

329 1858 472 1930 ραὴλ
499 1898 514 1922 ,
557 1857 650 1910 καὶ
689 1857 769 1919 εἰς
825 1855 1050 1926 σημεῖον
1090 1851 1526 1923 ἀντιλεγόμενον.
1565 1852 1675 1905 Καὶ
1707 1851 1801 1905 σοῦ
1845 1851 1902 1905 δέ

326 1947 499 2017 αὐτῆς
543 1947 640 2018 τὴν
688 1944 866 2016 ψυχὴν
923 1942 1254 1996 διελεύσεται
1307 1941 1571 2014 ῥομφαία,
1623 1942 1770 2006 ὅπως
1833 1941 1900 1995 ἂν

325 2039 788 2109 ἀποκαλυφθῶσιν
827 2041 891 2092 ἐκ
937 2039 1150 2094 πολλῶν
1197 2034 1436 2108 καρδιῶν
1483 2032 1843 2103 διαλογισμοί.
1876 2051 1895 2086 ι

339 2132 500 2184 Ἀλλά
541 2131 593 2184 τί
617 2133 732 2194 τοῖς
761 2131 1004 2202 φαιδροῖς
1044 2127 1344 2200 σκυθρωπά
1375 2125 1773 2196 καταμιγνύεις
1797 2164 1812 2188 ,
1857 2118 1902 2177 ὦ

329 2224 630 2296 πρεσϐῦτα.
665 2225 845 2295 Μέχρι
885 2225 989 2294 τῆς
1032 2224 1211 2294 δεῦρο,
1238 2221 1364 2291 φῶς
1411 2220 1506 2274 καὶ
1544 2219 1733 2282 δόξαν
1773 2220 1904 2286 ἀγο-

332 2315 531 2386 ρεύεις,
582 2316 678 2369 καὶ
727 2315 823 2367 νῦν
849 2314 1080 2368 πτῶσιν
1103 2313 1462 2383 διαγγέλλεις,
1485 2313 1580 2365 καὶ
1596 2311 1904 2380 ῥομφαίαν

326 2410 392 2479 τῇ
426 2405 763 2477 συλλαϐούσῃ
802 2406 1158 2478 διίαγράφειςς
1183 2406 1309 2468 Ναὶ,
1343 2403 1496 2475 φησί⁹
1529 2404 1709 2456 πάντα
1739 2404 1903 2472 γενή-

330 2514 483 2551 σεται
505 2498 561 2551 ἐν
589 2497 762 2568 καιρῷ
792 2497 993 2550 αὐτῶν·
1024 2496 1228 2560 πτῶσις
1258 2496 1376 2566 μὲν,
1407 2497 1519 2557 τοῖς
1552 2493 1900 2548 ἀπιστοῦσιν·

328 2587 626 2651 ἀνάστασις
657 2587 736 2651 δὲ,
786 2590 898 2650 τοῖς
943 2586 1282 2640 πιστεύουσι.
1320 2604 1338 2638 ι
1395 2586 1505 2638 Καὶ
1551 2585 1628 2645 εἰς
1679 2585 1903 2654 σημεῖον

329 2677 656 2746 ἀντιλογίας.
699 2697 716 2729 ι
751 2679 870 2731 Ἴννα
915 2679 1014 2749 τὴν
1040 2677 1366 2748 οἰκουμένην
1407 2675 1516 2728 ἀπὸ
1547 2673 1765 2737 δείξεων
1810 2671 1903 2725 καὶ

325 2769 610 2840 δυνάμεων
652 2769 1183 2840 παραδειχθήσωμεν
1243 2768 1350 2821 ὑπὸ
1418 2765 1529 2819 τῶν
1576 2762 1902 2832 ἀνθρώπων.

335 2860 444 2913 Καὶ
476 2861 572 2931 τῆς
618 2860 956 2931 παρθενικῆς
999 2860 1058 2912 δὲ
1086 2858 1266 2928 ψυχῆς
1309 2857 1459 2909 ἔσται
1503 2852 1634 2907 ποτέ
1675 2851 1906 2922 βάσανος

2001 1687 2060 1734 ιιι
2090 1681 2301 1734 ratione
2325 1679 2608 1750 peperisti,
2645 1699 2663 1731 ι
2691 1680 2781 1734 hic
2807 1682 2922 1750 ipse
2943 1681 3154 1750 positus
3174 1690 3258 1735 est
3283 1681 3339 1736 in
3360 1683 3574 1737 ruinam

2000 1779 2057 1824 et
2085 1771 2542 1825 resurrectionem
2572 1772 2871 1826 multorum
2897 1773 2952 1826 in
2978 1772 3163 1837 Israel,
3188 1780 3243 1827 et
3275 1773 3330 1826 in
3358 1774 3574 1844 signum

2001 1861 2090 1915 cui
2121 1861 2526 1916 contradicatur
2549 1878 2562 1914 :
2585 1869 2640 1916 et
2662 1871 2807 1916 tuam
2836 1861 3008 1932 ipsius
3030 1863 3264 1918 animam
3292 1875 3574 1934 pertrans-

2002 1951 2106 2006 ibit
2145 1952 2380 2021 gladius,
2413 1962 2474 2006 ut
2510 1953 2824 2008 revelentur
2856 1968 2923 2007 ex
2957 1954 3145 2010 multis
3188 1955 3448 2010 cordibus
3479 1972 3576 2012 co-

2001 2041 2294 2112 gitationes
2321 2045 2386 2098 ⁸⁵.
2417 2063 2436 2096 ι
2475 2044 2791 2110 Enimvero,
2820 2045 2951 2115 quid
2983 2045 3120 2101 laetis
3149 2046 3322 2100 tristia
3358 2048 3575 2114 misces,

2001 2149 2035 2188 o
2063 2135 2261 2188 senex?
2296 2136 2570 2191 Hactenus
2595 2136 2771 2191 lumen
2793 2148 2848 2193 et
2874 2139 3098 2209 gloriam
3125 2139 3398 2209 loqueris;
3432 2156 3580 2197 nunc

2001 2240 2133 2279 vero
2180 2227 2392 2280 ruinam
2444 2228 2769 2293 annuntias,
2819 2231 3088 2300 matrique
3136 2246 3259 2301 qua:
3307 2233 3576 2302 concepit,

1999 2313 2242 2384 gladium
2285 2315 2594 2372 describis?
2639 2319 2899 2384 Maxime,
2942 2321 3152 2390 inquit,
3191 2330 3357 2376 erunt
3397 2325 3581 2379 omnia

2003 2419 2104 2458 suo
2147 2415 2435 2476 tempore;
2484 2407 2643 2462 ruina
2691 2408 2910 2478 quidem
2949 2410 3283 2476 inﬁdelibus,
3330 2412 3582 2467 ﬁdelibus

2003 2508 2188 2554 autem
2234 2500 2567 2553 resurrectio
2602 2516 2615 2551 :
2659 2517 2678 2548 ‹
2713 2499 2780 2553 Ει
2820 2500 2878 2552 in
2919 2499 3134 2569 signum
3185 2500 3582 2554 contradictio-

2004 2588 2118 2653 nis;
2146 2609 2163 2639 ι
2190 2595 2250 2642 ιιι
2273 2588 2495 2641 indiciis
2517 2588 2924 2657 virtutibusque
2944 2589 3075 2658 (99),
3098 2597 3368 2643 terrarum
3393 2591 3581 2645 orbem

2005 2680 2074 2732 ab
2107 2679 2426 2732 hominibus
2459 2678 2806 2732 conferamus
2847 2680 3371 2750 contendamusque.
3407 2679 3583 2736 Czete-

2005 2783 2128 2821 rum
2156 2768 2355 2822 anima:
2395 2783 2614 2836 quoque
2642 2767 2878 2836 Virginis
2917 2768 3023 2822 erit
3061 2770 3385 2839 quandoque
3424 2785 3583 2825 suum

2009 2865 2341 2912 tormentum
2365 2871 2398 2910 a
2427 2857 2595 2911 variis
2620 2856 3043 2927 cogitationibus
3071 2858 3506 2928 ingredientibus
3530 2870 3587 2916 et

332 2951 436 3004 ὑπὸ
471 2951 730 3004 ποικίλων
765 2950 1041 3003 εἰσιόντων
1089 2949 1183 3001 καί
1225 2947 1473 3014 ἐξιόντων
1505 2944 1801 3014 λογισμῶν.
1832 2941 1908 2995 Ού

2007 2949 2438 3019 egredientibus.
2483 2949 2671 3018 Neque
2705 2948 2856 3003 enim
2886 2947 2953 3002 de
2979 2948 3226 3004 minimis
3252 2959 3336 3004 est
3368 2967 3548 3005 sermo
3567 2992 3584 3017 ,

334 3039 441 3109 γὰρ
475 3039 602 3109 περὶ
633 3037 930 3108 ἐλαχίστων
961 3039 990 3090 ὁ
1017 3037 1195 3105 λόγος,
1253 3035 1391 3090 ἀλλὰ
1424 3034 1553 3105 περί
1581 3032 1717 3086 Θεοῦ
1739 3075 1754 3097 ,
1784 3031 1914 3103 περί

331 3128 678 3200 μεταθέσεως
704 3129 850 3198 ἠθῶν
870 3129 964 3182 καὶ
991 3128 1193 3198 νόμων,
1224 3128 1352 3198 περὶ
1381 3126 1683 3198 μεταὸολῆς
1706 3122 1915 3195 ἀνθρώ-

333 3238 470 3285 πων,
504 3220 634 3291 περὶ
654 3218 900 3284 ὲνώσεως
926 3219 1096 3284 λαῶν,
1130 3220 1257 3292 περί
1277 3219 1527 3291 ὁμονοίας
1552 3218 1744 3284 ἐθνῶν,
1785 3217 1915 3290 περὶ

334 3312 628 3380 συναφείας
644 3311 927 3380 γλωσσῶν,
952 3313 1079 3383 περὶ
1102 3311 1405 3382 ἀδιαιρέτου
1431 3310 1747 3382 θρησκείας,
1781 3311 1911 3381 περὶ

335 3403 709 3475 καθαιρέσεως
743 3404 1031 3476 τυράννου.
1063 3405 1173 3458 Kal.
1205 3410 1322 3468 πῶς
1354 3406 1555 3458 οίονται
1577 3403 1749 3456 ταῦτα
1778 3403 1911 3454 πάν-

332 3512 402 3549 τα
431 3495 670 3566 ἀψοφητί
697 3495 1175 3568 κατεργασθῆναι;
1223 3497 1322 3548 Διά
1368 3494 1549 3556 τοῦτο,
1577 3495 1625 3545 οἰ
1664 3493 1760 3561 μὲν
1809 3507 1909 3542 πε-

337 3588 570 3642 σοῦνται·
602 3589 743 3651 αίδέ,
774 3590 1228 3662 νεκρωθήσονται·
1258 3586 1351 3639 καὶ
1365 3587 1414 3637 οἱ
1444 3585 1561 3654 μὲν,
1585 3583 1662 3653 τῷ
1675 3582 1910 3652 ξενισμῷ

334 3680 428 3733 τοῦ
463 3682 691 3750 σημείου
721 3681 1077 3744 ἀντιλέξουσι·
1114 3681 1160 3730 οί
1195 3677 1271 3741 δὲ,
1301 3679 1367 3746 τῇ
1399 3676 1712 3746 δραστηρίῳ
1745 3673 1910 3727 αὑτοῦ

337 3771 590 3840 ἐνεργείᾳ
616 3771 974 3839 ὑποκύψουσι.
1011 3769 1331 3836 Σαφέστατα
1370 3767 1550 3820 τοίνυν
1578 3766 1672 3818 τοῦ
1701 3765 1910 3819 δικαίου

335 3859 407 3913 τὰ
436 3861 771 3931 διηγήματα,
816 3861 963 3930 ἔργῳ
989 3860 1089 3927 τὴν
1129 3858 1408 3922 ἀπόδειξιν
1437 3858 1773 3928 κεκτημένα.
1802 3858 1912 3910 Καὶ

2011 3037 2108 3092 sed
2147 3037 2215 3093 de
2246 3039 2380 3104 Deo,
2413 3037 2480 3093 de
2526 3039 2986 3094 consuetudinum
3021 3040 3312 3111 legumque
3353 3044 3588 3097 transla-

2009 3128 2181 3194 tione,
2219 3128 2288 3183 de
2329 3129 2632 3184 mutatione
2675 3129 2982 3195 hominum,
3019 3130 3087 3185 de
3122 3131 3326 3186 unione
3357 3133 3591 3202 populo-

2008 3237 2158 3286 rum,
2183 3221 2250 3276 de
2288 3222 2581 3276 concordia
2613 3221 2880 3291 gentium,
2913 3221 2979 3276 de
3012 3222 3348 3278 adunatione
3376 3223 3592 3293 lingua-

2012 3329 2159 3376 rum,
2183 3313 2250 3366 de
2275 3312 2510 3365 indiviso
2540 3313 2818 3382 religionis
2843 3315 3013 3378 cultu,
3042 3314 3110 3368 de
3139 3316 3350 3385 tyranni
3376 3307 3595 3370 destru-

2013 3408 2217 3459 ctione.
2273 3403 2376 3468 Qui
2423 3419 2558 3457 vero
2616 3404 2954 3472 putandum,
3009 3407 3190 3458 omnia
3241 3407 3356 3460 ha:c
3401 3407 3594 3476 perﬁci

2013 3507 2178 3563 posse
2230 3493 2349 3546 sine
2404 3491 2641 3562 strepitu
2678 3501 2734 3547 et
2763 3493 3224 3549 conturbatione?
3257 3496 3466 3550 Idcirco
3501 3497 3595 3552 alii

2015 3584 2239 3656 quidem
2297 3584 2511 3640 ruinam
2571 3585 2872 3654 patientur,
2927 3584 3408 3640 mortiﬁcabuntur
3447 3587 3592 3641 alii:

2017 3685 2180 3745 atque
2206 3675 2452 3728 futurum
2487 3681 2590 3736 est,
2622 3682 2682 3728 ut
2705 3674 2760 3728 hi
2789 3674 3011 3744 quidem
3044 3675 3424 3730 eontradieant
3452 3691 3596 3730 novo

2018 3765 2201 3836 signo;
2234 3765 2291 3819 hi
2325 3772 2505 3820 autem
2538 3765 2741 3820 ell'icaci
2776 3767 2896 3835 ejus
2923 3765 3114 3820 virtuti
3150 3766 3509 3821 succumbant
3540 3774 3598 3821 et

2020 3855 2237 3911 cedant.
2261 3855 2399 3910 Sunt
2424 3856 2592 3927 igitur
2618 3871 2647 3910 a
2673 3857 2822 3927 justo
2846 3857 3034 3921 relata,
3057 3857 3239 3926 operis
3258 3856 3602 3912 demonstra-

336 3951 611 4006 δείκνυται
637 3949 797 4003 τοῦτο
858 3948 1076 4020 πρῶτον
1129 3949 1192 4002 ἐκ
1237 3947 1348 4000 τῶν
1392 3945 1926 4018 ἡμετέρωνεύσεῦὦν

2023 3947 2174 4002 tione
2203 3948 2452 4017 probata,
2487 3963 2700 4002 summe
2732 3948 3046 4018 conspicua.
3094 3948 3172 4002 Ac
3202 3948 3440 4018 primum
3479 3964 3598 4004 rem

408 4068 549 4121 Xlll.
590 4069 791 4121 Verum
826 4067 900 4137 (ι)
926 4067 1056 4136 quid
1085 4067 1152 4121 ad
1182 4068 1295 4120 haec
1324 4082 1445 4135 quae
1476 4064 1882 4137 peragebantur
1909 4064 2030 4119 diva
2067 4065 2327 4135 omnique
2358 4065 2520 4137 laude
2547 4065 2874 4137 celebranda
2904 4081 3102 4136 parens
3129 4065 3333 4137 Virgo?
3363 4065 3599 4137 Miraba-

344 4146 434 4190 tur
459 4136 682 4204 quidem
710 4152 775 4190 ea
811 4135 932 4205 quae
948 4135 1328 4192 dicebantur:
1363 4137 1588 4205 hzecque
1612 4135 1751 4189 adeo
1777 4150 1885 4206 una
1924 4150 2057 4206 cum
2086 4136 2470 4206 superioribus
2497 4136 2550 4190 in
2581 4135 2748 4190 corde
2781 4135 3158 4190 conservabat.
3195 4135 3272 4189 Ad
3305 4151 3468 4205 quam
3509 4135 3598 4190 Si-

345 4221 504 4259 meon
542 4205 598 4260 in
635 4206 749 4260 haec
787 4204 902 4262 fere
933 4209 1100 4262 verba
1145 4207 1435 4262 consilium
1489 4204 1734 4274 exponit.
1779 4204 1823 4259 Ο
1860 4205 2116 4260 columba
2156 4204 2414 4259 'dcalhata
2449 4214 2505 4261 et
2538 4207 2826 4260 innocens!
2866 4221 2898 4260 ο
2941 4207 3058 4274 spei
3096 4214 3297 4260 nostrae
3323 4204 3593 4259 sanctum

348 4276 629 4345 templum,
661 4275 714 4329 in
743 4293 852 4346 quo
886 4279 1146 4332 sanctitas
1171 4277 1349 4331 omnis
1373 4285 1428 4329 et
1461 4275 1862 4346 magniﬁcentia
1893 4275 2126 4346 residet!
2163 4295 2180 4327 ‹
2213 4276 2386 4346 llic,»
2415 4292 2578 4345 quem
2606 4284 2661 4328 tu
2695 4276 2956 4346 peperisti
2985 4275 3230 4345 (nescis),
3273 4293 3290 4325 ι
3326 4275 3599 4346 Hieposi-

347 4353 435 4400 tus
460 4343 546 4400 est
573 4347 628 4400 in
658 4343 872 4401 ruinam
918 4356 973 4402 et
1014 4347 1476 4403 resurrectionem
1511 4343 1810 4399 multorum
1847 4343 1901 4397 in
1932 4344 2123 4415 Israel,
2151 4353 2207 4399 et
2235 4346 2288 4398 in
2315 4343 2530 4415 sign—um
2565 4347 2654 4399 cui
2686 4343 3133 4400 contradicetur:
3169 4343 3225 4415 et
3247 4354 3399 4415 tuam
3430 4345 3604 4412 ipsius

345 4416 578 4489 animam
615 4418 968 4489 pertransihit
1005 4417 1237 4489 gladius,
1272 4425 1332 4471 ut
1363 4416 1677 4489 revelentur
1717 4414 2278 4489 ex_multis‘cordibus
2317 4414 2696 4489 cegitationes.
2721 4433 2738 4466 ι
2779 4415 2848 4469 At
2868 4415 3054 4489 _enim,
3083 4414 3214 4484 quid
3245 4414 3383 4489 laetis
3404 4415 3599 4489 _tristia

348 4487 562 4551 misces,
591 4483 631 4539 ο
661 4488 858 4541 senex?
902 4483 1176 4543 Hactenus
1215 4486 1391 4540 lumen
1427 4494 1483 4540 et
1521 4485 1749 4555 gloriam
1792 4483 2056 4553 loqueris,
2089 4499 2363 4555 nuncqueg
2393 4483 2612 4555 ruinam
2651 4484 2970 4555 annuntias,
3001 4499 3064 4538 ac
3106 4483 3319 4555 parenti
3361 4483 3602 4552 gladium

346 4557 524 4627 palam
575 4557 791 4611 edicis?
825 4558 1076 4621 Maxime,
1113 4557 1293 4626 inquit
1325 4573 1338 4609 :
1373 4552 1762 4627 eruntnomnia
1807 4552 1908 4627 suo
1950 4561 2197 4627 tempore
2232 4571 2245 4606 :
2285 4553 2440 4607 ruina
2484 4552 2706 4627 quidem
2746 4554 3081 4627 inﬁdelibus,
3107 4552 3603 4627 fﬁdelibusﬂautem

351 4622 700 4682 resurrectio.
738 4647 755 4678 ι
792 4629 860 4682 Ει
889 4629 942 4682 in
971 4622 1300 4697 signum'cui
1341 4624 1750 4697 contradicetur
1779 4642 1796 4697 ι
1832 4622 2080 4697 late_pcr"
2099 4623 2320 4697 orbem;
2354 4622 2516 4697 quod:
2546 4623 2807 4697 nimirum
2834 4623 3049 4697 apertis
3086 4622 3506 4697 probationibus
3541 4637 3605 4676 ac

351 4697 666 4760 virtutibus,
698 4715 808 4752 non
831 4692 1052 4753 levitate
1076 4698 1146 4752 ab
1174 4695 1494 4751 hominibus
1519 4693 1895 4763 recipiendum
1924 4693 2014 4748 sit.
2047 4693 2152 4748 Sed
2181 4702 2236 4763 et
2262 4693 2548 4763 virginalis
2574 4694 2740 4748 animi
2771 4693 2848 4748 tui
2873 4694 2980 4747 erit
3002 4692 3331 4763 quandoque
3359 4699 3606 4763 tormen-

357 4776 466 4838 tum
499 4783 566 4821 ex
594 4768 760 4822 variis
801 4769 1226 4838 cogitationibus
1250 4761 1651 4838 subeuntibus
1669 4779 1735 4838 ac
1767 4763 2117 4838 exeuntibus.
2157 4761 2530 4838 Nequeienim
2562 4764 2629 4818 de
2668 4763 2910 4838 minimis
2928 4761 3030 4838 _res
3055 4763 3194 4828 erit;
3229 4761 3332 4838 _s_ed
3370 4762 3437 4816 de
3464 4762 3603 4838 _Deo,

352 4837 419 4914 d_e
447 4852 666 4914 morum
695 4831 983 4914 legumque
1019 4837 1390 4914 translatione,
1417 4835 1492 4914 .de
1521 4833 1826 4914 mutatione
1855 4832 2165 4914 hominum,
2185 4831 2267 4913 .de‘
2294 4833 2498 4887 unione
2527 4832 2978 4914 populorun1,_de
3008 4831 3300 4914 concordia
3333 4831 3599 4914 gentium,

357 4905 424 4958 de
447 4901 778 4976 adunatione
806 4901 1134 4976 linguarum,
1161 4907 1228 4961 de
1260 4905 1493 4960 indivisa
1523 4904 1810 4976 religione,
1837 4902 1907 4976 de
1932 4902 2306 4976 destructione
2336 4901 2573 4976 tyranni.
2603 4901 2705 4968 Qui
2733 4919 2864 4976 vero
2888 4903 3090 4976 ἱειιιιιξο⁸
3113 4901 3229 4955 ﬁeri
3259 4910 3470 4976 queant
3485 4901 3605 4976 sine

353 4975 618 5043 strepitu?
648 4975 858 5031 Idcirco
883 4970 1084 5031 cadent
1109 4977 1222 5040 alii,
1248 4976 1340 5032 alii
1369 4970 1683 5046 resurgent;
1707 4974 1802 5028 alii
1830 4973 1939 5027 vita
1966 4971 2337 5038 donabuntur,
2362 4970 2452 5026 alii
2484 4982 2716 5026 mortem
2738 4973 3036 5026 incurrent.
3068 4971 3242 5040 Atque
3264 4970 3356 5024 alii
3380 4971 3603 5040 quidem

425 5111 471 5143 ‘°
510 5111 676 5168 Hebr.
707 5129 745 5178 ι,
773 5115 834 5179 6;
863 5116 1002 5170 Psal.
1045 5133 1185 5180 xcvr,
1223 5117 1275 5172 8.
1353 5117 1395 5147 “
1421 5114 1556 5170 Gen.
1585 5130 1752 5179 xxv",
1779 5115 1889 5170 29.‘
1947 5114 1993 5146 “
2017 5113 2176 5168 Rom.
2211 5129 2325 5174 vm,
2389 5113 2475 5168 l5.
2552 5114 2672 5155 "-“
2716 5113 2850 5168 Luc.
2887 5129 2942 5176 ιι,
2975 5113 3060 5167 l9.
3140 5113 3184 5143 "
3226 5111 3357 5166 ibid.
3394 5111 3483 5173 54,
3515 5109 3609 5165 55.

569 5224 850 5297 fortasse,
880 5228 1089 5297 πρῶτοι
1119 5232 1188 5284 οἰ.

681 5229 1188 5310 φξξιῆπρῶτοιιοί.
1388 5307 1395 5310 Δ
1507 5300 1530 5310 _
1657 5300 1669 5310 _
1783 5301 1795 5310 _
2035 5229 2482 5310 contradictionis
2531 5229 2768 5299 signum,
2830 5238 2890 5283 ut
2948 5229 3180 5310 quisque
3221 5239 3422 5310 contra
3463 5229 3608 5310 alter

429 5294 538 5364 (99)
569 5293 650 5370 _Ut‘
676 5295 879 5370 indiciis
911 5293 1305 5370 uirtutibusque,
1346 5307 1484 5365 etc.,.
1507 5300 1592 5354 ἵνα
1620 5300 1718 5370 τὴν
1750 5301 1930 5352 οἰκου-

2035 5315 2158 5354 rum
2187 5301 2338 5353 velut
2385 5310 2756 5369 comparetur,
2803 5313 3020 5367 sumque
3061 5300 3287 5353 virtutis
3328 5300 3609 5368 specimen

360 5363 664 5452 {tam}?
685 5364 916 5452 ’δείξεων
955 5369 1047 5452 καί
1065 5437 1077 5450 ι
1096 5363 1378 5440 δυνᾶμεων
1403 5363 1927 5452 παραδειχθήσωμεν

357 5433 460 5485 ὑπὸ
484 5433 591 5508 τῶν
616 5433 715 5508 ἀνθ
723 5435 936 5508 ρώπων.
969 5437 1040 5491 Ut
1064 5433 1246 5508 ipsum
1268 5455 1454 5494 secum
1483 5433 1746 5494 mundum
1769 5433 1930 5508 argu-

358 5504 555 5579 mcn_tis
590 5513 645 5557 et
668 5505 964 5579 virtutibus
986 5509 1053 5560 ab
1079 5504 1389 5579 hominibus
1414 5519 1468 5564 et
1490 5525 1656 5579 penes
1681 5504 1928 5579 homines

358 5573 721 5626 conferamus.
745 5574 950 5631 Sensus
986 5578 1207 5646 quidem
1240 5595 1347 5632 non
1374 5579 1448 5632 ita
1477 5573 1780 5642 obscurus;
1821 5577 1927 5630 mi-

355 5657 463 5697 nus
485 5651 664 5697 tamen
692 5646 831 5700 forte
878 5663 1006 5702 sana
1066 5649 1267 5702 littera.
1305 5649 1427 5704 Vult
1474 5665 1600 5719 ergo
1635 5663 1754 5705 esse
1791 5647 1926 5702 illud

2033 5370 2117 5424 vel
2143 5369 2390 5432 adorato,
2420 5370 2504 5423 vel
2537 5369 2855 5438 blaspheme
2883 5369 3122 5437 repulso,
3150 5369 3295 5422 edat.

2107 5439 2182 5510 (l)
2219 5439 2342 5510 Haec
2382 5454 2553 5510 usque
2591 5436 2674 5492 ad
2714 5438 2877 5510 ﬁnem
2924 5436 2990 5510 ex
3043 5437 3404 5510 luculentiore
3457 5436 3608 5510 card.

2032 5506 2383 5562 Ma‘chodiee
2419 5506 2606 5562 Latine
2652 5508 2886 5567 reddita,
2926 5506 2999 5561 ita
3039 5507 3207 5562 refert
3245 5507 3610 5561 Comheﬁsius

2033 5579 2090 5631 in
2145 5594 2243 5632 sua
2301 5577 2435 5630 Bibl.
2478 5578 2703 5631 Patrum
2737 5578 2969 5631 concion.
2998 5583 3128 5630 tom.
3172 5577 3212 5642 l,
3257 5592 3311 5647 p.
3356 5577 3480 5642 475,
3511 5575 3606 5632 ubi

2033 5648 2188 5703 locus
2224 5648 2296 5701 ita
2334 5647 2563 5720 incipit:
2604 5647 2791 5703 Verum
2823 5647 2967 5721 quid,
3000 5653 3110 5703 etc.
