4048 6210
485 209 619 266 Nil

1526 204 1873 263 THEODOTI
1912 203 2217 262 EPISCOPI
2249 199 2595 258 ANCYRAN‘

3600 182 3747 241 ηιξ

482 322 683 393 probat
733 321 1019 379 doctorum
1069 332 1386 379 nostrorum
1434 324 1629 394 pietas.
1674 323 1791 390 Qua
1829 339 1961 379 vero
2005 321 2056 378 id

2164 318 2514 376 διδασκάλων.
2550 316 2659 371 Καὶ
2697 315 2842 380 enim;
2892 312 3081 367 ἄκουεο
3135 309 3429 378 Ἦπίστησε
3474 307 3751 377 πρότερον

484 414 736 469 ratione?
782 415 946 469 Audi.
1001 415 1126 469 Fuit
1171 414 1325 484 prius
1375 414 1577 469 Paulus
1637 415 1956 470 incredulus
2002 416 2060 470 in

483 506 821 576 ignorantia;
855 506 1206 575 demumque,
1225 506 1407 577 agnita
1428 506 1632 562 Christi
1660 508 1882 570 virtute,
1906 507 2059 576 inge-

481 612 592 650 nue
633 595 949 663 praedicavit
978 614 991 649 :
1033 616 1049 645 ι
1086 598 1207 651 Νοιι
1240 612 1359 651 sum
1398 597 1597 669 dignus
1626 599 1810 653 vocari
1838 607 2059 668 aposto-

481 688 603 751 lus,
645 687 773 755 quia
819 700 1145 757 persecutus
1198 705 1319 743 sum
1366 690 1665 745 Ecclesiam
1701 690 1903 746 Christi
1933 692 1997 745 “.
2034 710 2052 743 ι

484 776 698 830 Rursus
724 776 996 832 dubitavit
1020 778 1258 832 Thomas
1290 778 1377 832 ille
1401 779 1473 843 ";
1511 793 1744 847 cumque
1768 779 2058 847 palpasset,

481 864 744 936 deinceps
775 867 1147 923 desideratum
1178 868 1465 923 confessus
1503 880 1587 924 est
1626 889 1643 919 ι
1674 870 1965 924 Dominum
2005 880 2062 924 et

480 958 654 1011 Deum
698 974 878 1014 suum.
916 981 933 1011 ι
977 961 1082 1015 Sed
1130 969 1185 1015 et
1230 960 1326 1015 ﬁlii
1376 961 1578 1031 Joseph
1617 962 1691 1033 (2)
1733 963 2061 1033 quandoque

478 1048 754 1104 increduli
790 1050 1037 1117 fuerunt,
1064 1054 1210 1109 sicut
1237 1054 1568 1125 evangelista
1597 1062 1832 1108 testatur
1851 1054 1897 1086 ⁸⁸
1925 1072 1938 1107 :
1963 1071 2061 1109 ex-

479 1139 789 1209 perimento
840 1150 1025 1197 autem
1076 1153 1357 1214 comperta
1399 1144 1631 1200 veritate
1686 1144 2058 1213 scripserunt,

479 1230 719 1286 Jacobus
749 1233 1013 1288 nimirum
1047 1242 1104 1289 et
1127 1235 1317 1301 ludas,
1344 1235 1442 1290 toti
1474 1234 1702 1298 mundo,
1745 1254 1763 1285 ι
1784 1234 1893 1288 Dei
1918 1249 1978 1290 se
2006 1241 2063 1288 et

478 1323 697 1379 Domini
731 1325 860 1380 Jesu
895 1324 1099 1381 Christi
1140 1342 1262 1382 esse
1305 1342 1495 1382 servos
1518 1327 1595 1393 “;
1628 1346 1646 1378 ι
1686 1341 1921 1395 quorum
1959 1340 2063 1380 nos

480 1430 673 1470 omnes
702 1416 912 1471 utinam
944 1416 1245 1473 efﬁciamur
1277 1418 1593 1489 participes,
1620 1418 1739 1489 ejus
1769 1417 1942 1488 gratia
1968 1416 2062 1487 qui

2165 414 2195 467 ὁ
2250 412 2462 475 Παῦλος
2516 412 2575 462 ὲν
2613 406 2823 478 ἀγνοίᾳ·
2862 404 2955 459 καὶ
3010 402 3239 472 ἔσχατον
3283 396 3472 470 μαθὼν
3502 397 3606 467 τὴν
3648 395 3751 448 τοῦ

2166 502 2405 576 Χριστοῦ
2436 501 2685 571 δύναμιν,
2718 495 3076 567 εὐγνωμόνως
3119 490 3403 563 ἐκήρυξενο
3435 508 3455 541 ι
3479 489 3595 542 Οὐκ
3629 488 3755 557 εἰμὶ

2169 595 2350 659 ἱκανὸς
2400 592 2681 648 καλεῖσθαι
2717 587 3031 649 ἀπόστολος,
3063 584 3198 638 διότι
3230 580 3421 645 ἐδίωξα
3465 578 3567 649 τὴν
3616 578 3754 632 Ἐκ-

2168 684 2395 757 κλησίαν
2432 683 2526 737 τοῦ
2572 679 2827 753 Χριστοῦ.
2869 697 2889 729 ι
2923 676 3090 731 Πάλιν
3116 672 3432 744 ἀμφέϐαλεν
3461 672 3489 723 ὁ
3519 669 3756 737 Θωμᾶς,

2110 764 2117 768 ’
2168 779 2261 833 καὶ
2293 777 2583 848 γενόμενος
2612 770 2961 845 ψηλαφητὴς,
3000 768 3224 837 ὕστερον
3265 764 3358 818 τὸν
3408 762 3757 830 ποθούμενον

2173 888 2190 920 ι
2221 868 2427 939 Κύριον
2452 868 2544 920 καὶ
2572 866 2702 919 Θεὸν
2732 861 2924 917 ἑαυτοῦ
2950 880 2967 914 ι
2995 859 3365 930 ὡμολόγησεν.
3406 855 3760 922 Ἦπεστησαν

2167 962 2223 1015 δέ
2263 977 2393 1013 ποτε
2446 960 2538 1013 καὶ
2572 959 2622 1011 οἱ
2669 956 2764 1010 τοῦ
2805 954 3007 1025 Ἰωσὴφ
3030 952 3158 1014 υἱοὶ,
3184 947 3372 1011 καθὼς
3413 946 3697 1016 μαρτυρεί
3731 946 3761 995 ὁ

2169 1052 2582 1121 ιειίιαγγιελιστής⁸
2614 1049 2710 1103 καὶ
2753 1051 2818 1117 τῇ
2852 1046 3019 1116 πείρᾳ
3050 1040 3390 1110 διδαχθέντες
3430 1038 3491 1090 τὸ
3522 1034 3756 1102 ἀληθὲς,

2168 1145 2586 1216 γεγραφήκασιν
2640 1139 2893 1200 Ἰάκωϐος
2942 1137 3040 1191 καὶ
3100 1132 3303 1195 Ἰούδας
3345 1128 3511 1183 παντὶ
3540 1125 3626 1195 τῷ
3661 1125 3761 1177 κύ-

2170 1252 2312 1305 σμῳ,
2367 1254 2385 1286 ι
2443 1230 2578 1285 Θεοῦ
2615 1233 2710 1284 καὶ
2752 1228 2959 1299 Κυρίου
3012 1224 3188 1297 Ἰησοῦ
3235 1219 3473 1294 Χριστοῦ
3522 1216 3756 1277 δούλους

2169 1324 2399 1387 ἑαυτοδῖ
2424 1320 2582 1375 εἶναι’
2628 1339 2645 1371 ι
2679 1312 2753 1373 ὧν
2798 1317 3014 1389 μέτοχοι
3035 1314 3293 1384 γένοιμεν
3328 1311 3529 1370 πάντες
3561 1306 3758 1376 ἡμεῖς,

2168 1418 2228 1470 ὲν
2254 1417 2436 1487 χάριτι
2470 1412 2562 1466 τοῦ
2592 1409 2961 1480 ὲκλεξαμένου
3015 1405 3213 1467 αὐτοὺς
3255 1403 3334 1465 είς
3387 1398 3754 1487 ἀποστόλουέ

479 1519 577 1560 eos
611 1506 775 1576 elegit
806 1507 860 1561 in
902 1509 1201 1577 apostolos,
1222 1480 1355 1565 Jesu
1390 1480 1594 1564 Christi
1628 1480 1844 1563 Domini
1876 1516 1934 1563 et
1965 1480 2056 1563 Dei

2181 1480 2355 1578 Ἰησοῦ
2392 1501 2629 1575 Χριστοῦ
2668 1499 2760 1553 τοῦ
2792 1498 2995 1572 Κυρίου
3033 1497 3129 1549 καὶ
3158 1493 3292 1549 Θεοῦ
3324 1491 3505 1563 ἡμῶν·
3537 1487 3660 1560 μεθ’

478 1596 699 1650 nostri:
733 1612 858 1652 cum
897 1576 1008 1668 quo
1052 1600 1198 1654 Patri
1244 1608 1299 1654 et
1344 1599 1573 1670 Spiritui
1622 1608 1831 1664 sancto,
1867 1600 2056 1670 gloria,

2168 1576 2251 1667 τῷ
2278 1596 2475 1667 Πατρὶ,
2526 1594 2622 1647 σὺν
2663 1591 2739 1662 τῷ
2771 1591 2910 1662 ἁγίῳ
2958 1588 3259 1657 Πνεύματι,
3314 1584 3463 1651 δόξα,
3489 1580 3627 1652 τιμὴ
3656 1576 3758 1634 καὶ

480 1687 661 1743 honor
689 1697 745 1745 et
774 1688 1047 1755 adoratio,
1078 1690 1224 1745 sicut
1246 1698 1363 1745 erat
1390 1707 1420 1744 a
1450 1691 1813 1761 principio,et
1839 1705 1988 1745 nunc
2012 1698 2056 1745 e1

2171 1686 2559 1760 προσκύνησις,
2598 1683 2673 1747 ὡς
2709 1679 2777 1754 ἦν
2828 1682 2921 1735 ἀπ’
2982 1679 3180 1750 ἀρχῆς,
3222 1678 3318 1759 καὶ
3342 1675 3461 1737 νῦν,
3494 1673 3593 1727 καὶ
3637 1671 3752 1734 ἀεὶ,

478 1792 718 1849 semper,
743 1789 799 1835 et
828 1780 883 1835 in
913 1781 1113 1837 saecula
1140 1781 1487 1836 mulorum.
1512 1782 1707 1845 Amen.

2173 1780 2270 1833 καὶ
2306 1779 2387 1843 είς
2409 1778 2535 1840 τοὺς
2564 1776 2767 1838 αἰῶνας
2790 1773 2899 1827 τῶν
2923 1772 3154 1828 αἰώνων.
3193 1770 3387 1839 Ἀμήν.

479 1979 635 2049 signo
670 1977 1050 2049 contradicent
1081 1993 1181 2047 pro
1214 1978 1332 2049 ejus
1369 1978 1634 2043 novitate,
1671 1977 1763 2032 alii
1796 1976 2048 2049 efﬁcaciae
2070 1976 2208 2049 ejus
2250 1975 2440 2030 virtuti
2484 1969 2864 2049 su_c_cumbent.
2908 1968 3049 2049 Sunt
3097 1969 3265 2039 igitur
3306 1981 3362 2047 a.
3390 1964 3540 2049 justo
3544 1964 3751 2049 gelata.

479 2033 1037 2127 su‘inmenconspicua‘,
1065 2033 1264 2127 eventu
1307 2033 1852 2127 ipso‘comp'robata:
1880 2048 1958 2127 ᾼο
1995 2033 2176 2127 primo
2218 2044 2609 2127 rem_ostendit
2640 2054 2956 2127 nostrorum
2988 2033 3663 2127 dtoftorum.pie‘tas.zgua
3682 2036 3750 2127 id

479 2118 725 2190 ratione?
750 2108 977 2190 Accipe.
997 2108 1121 2171 Fuit
1139 2108 1413 2190 quondam
1440 2108 1642 2173 Paulus
1666 2108 2067 2190 incredulus'in
2088 2116 2425 2190 ignorantia;
2452 2108 3752 2190 demumqueagnitaChristinvirtute,ingenue

518 2186 796 2258 raedicavit
827 2203 838 2238 :
880 2175 897 2236 ἒ
933 2186 1049 2240 Νοη
1086 2175 1204 2258 sum
1236 2188 1434 2258 dignus
1462 2190 1646 2243 vocari
1679 2189 1983 2258 apostolus,
2008 2175 2138 2258 quia
2165 2175 2489 2258 persecutus
2524 2200 2643 2239 sum
2672 2175 2978 2258 Ecclesiam
3007 2180 3126 2233 Dei.
3160 2175 3753 2258 inRursuidubitavit

518 2204 796 2241 razuicavn
827 2204 838 2238 :
880 2206 897 2236 ι
933 2204 1049 2240 non
1086 2204 1204 2241 sum
1236 2204 1434 2258 mgnus
1462 2204 1646 2243 vocari
1679 2204 1983 2258 aposmius,
2008 2204 2137 2258 quia
2165 2204 2489 2256 persecutus
2524 2204 2643 2239 sum
2676 2204 2978 2237 ncciesiam
3008 2204 3126 2233 uel.
3160 2204 3177 2229 ι
3222 2204 3434 2231 nursus
3468 2204 3749 2255 guuuam

477 2204 738 2319 g'homas,
772 2256 1302 2328 iterumquedilecti
1340 2259 1591 2328 palpator
1627 2258 1879 2321 eﬁectus,
1916 2259 2207 2312 Dominum
2239 2258 2394 2311 illum
2427 2256 2709 2328 Deumque
2741 2251 3024 2328 confessus
3051 2259 3154 2303 est.
3191 2246 3295 2328 Sed
3313 2255 3381 2328 .et
3399 2244 3509 2328 ‘ﬁl‘n
3540 2245 3749 2328 Ioseph

479 2318 807 2398 quandoque
853 2318 1119 2398 increduli
1166 2318 1411 2398 fuerunt,
1436 2318 1595 2398 'sieut
1633 2318 1968 2398 evangelista
2011 2335 2279 2398 testatur;
2326 2326 2574 2396 periculo
2621 2318 2807 2377 tamen
2844 2320 3135 2375 veritatem
3181 2318 3351 2379 docti,
3396 2318 3497 2398 toti
3537 2318 3753 2398 mundo

477 2386 820 2468 scripserunt
849 2395 1086 2468 _Ja_cobus
1107 2404 1162 2468 et
1186 2396 1375 2468 Judas,
1399 2386 1496 2451 Dei
1515 2412 1586 2468 se
1613 2408 1675 2468 et
1703 2386 1918 2451 Domini
1949 2398 2079 2452 Jesu
2105 2386 2474 2468 Chris‘ti'esse
2500 2409 2697 2468 servos
2726 2411 2760 2468 :_
2764 2405 3003 2468 quorum
3038 2404 3145 2468 nos
3162 2402 3354 2443 omnes
3382 2386 3751 2468 minimemi-

478 2457 703 2537 eiamur
719 2464 1037 2537 participes,
1069 2465 1190 2532 ejus
1210 2457 1392 2537 gratia
1430 2466 1527 2536 qui
1554 2466 1692 2537 illos
1720 2468 1777 2520 in
1814 2468 2095 2536 apostolos
2120 2467 2306 2537 elegit,
2332 2468 2463 2521 Jesu
2488 2463 2693 2537 Christi
2728 2457 2945 2517 Domini
2976 2460 3148 2515 nostri
3175 2476 3190 2513 :
3214 2472 3343 2512 cum
3374 2472 3484 2527 quo
3518 2457 3671 2511 Patri
3694 2464 3752 2512 et

476 2535 708 2607 Spiritui
744 2546 954 2600 sancto,
984 2536 1176 2605 gloria,
1207 2536 1385 2589 honor
1412 2535 1468 2591 et
1498 2536 1745 2591 adoratio
1775 2536 1833 2591 in
1852 2535 2065 2591 saecula
2096 2535 2447 2592 sreculorum.
2484 2535 2680 2589 Amen.

1059 2757 1343 2814 HOMILIA
1375 2758 1442 2815 ν.

574 2850 640 2907 In
666 2850 878 2905 Domini
904 2852 1068 2905 nostri
1092 2851 1218 2905 Jesu
1240 2850 1435 2906 Christi
1458 2851 1595 2905 diem
1620 2850 1857 2906 natalem
1889 2848 1989 2922 (3).

548 2941 591 2995 1.
633 2941 911 2995 Hodierna
957 2941 1276 2995 solemnitas
1320 2957 1523 3010 parens
1562 2951 1647 2997 est
1684 2942 1931 2996 omnium
1970 2956 2062 2997 so-

476 3037 844 3091 lemnitatum.
886 3035 963 3088 Ex
990 3036 1093 3089 hac
1122 3050 1359 3103 namque
1384 3035 1577 3089 festiva
1602 3036 1691 3090 die
1703 3036 2062 3090 festivitatum

477 3126 728 3182 circulus
756 3125 939 3178 omnis
967 3126 1233 3178 exoritur.
1264 3124 1390 3180 Sive
1426 3141 1575 3179 enim
1610 3136 1909 3197 martyrum
1943 3142 2063 3181 me-

478 3215 707 3269 moriam
752 3213 1007 3279 colimus,
1037 3213 1083 3269 is
1124 3213 1288 3268 hodie
1328 3222 1493 3269 natus
1531 3223 1616 3270 est
1651 3215 1739 3271 cui
1778 3215 1855 3271 illi
1893 3224 2064 3273 testes

476 3304 845 3369 exstiterunt,
886 3303 1033 3358 istud
1073 3303 1464 3359 festivitatibus
1504 3304 1613 3359 illis
1657 3304 1908 3374 praebens
1952 3305 2061 3359 ini-

478 3397 657 3462 tium;
692 3396 807 3450 sive
842 3394 1049 3450 Christi
1082 3395 1365 3466 passiones
1399 3395 1743 3451 celebramus
1766 3413 1833 3452 ex
1861 3397 2062 3467 quibus

476 3489 748 3545 medelam
776 3488 938 3542 nobis
962 3487 1312 3554 asciscimus;
1343 3488 1507 3543 hodie
1531 3488 1625 3558 qui
1650 3504 1744 3544 eas
1768 3505 2064 3560 perpessus

476 3589 585 3644 est,
612 3580 668 3634 in
712 3579 863 3632 hunc
900 3577 1164 3632 mundum
1205 3578 1369 3633 homo
1408 3578 1585 3634 factus
1615 3579 1858 3643 advenit,
1882 3588 1944 3635 ut
1966 3597 2061 3637 ea-

480 3683 604 3723 rum
634 3668 797 3723 nobis
830 3667 1141 3722 eﬂiceretur
1177 3669 1381 3725 socius.
1415 3670 1550 3724 Erat
1585 3669 1809 3740 quidem
1842 3679 1900 3726 et
1932 3683 2061 3729 ante

479 3769 694 3833 partum
706 3762 875 3825 Deus,
896 3769 952 3815 et
970 3760 1115 3831 apud
1130 3776 1232 3816 nos
1255 3770 1395 3827 erat,
1417 3762 1512 3817 sed
1532 3778 1643 3817 non
1664 3764 1824 3819 nobis
1845 3766 2063 3836 conspi-

477 3866 637 3905 cuus.
660 3852 957 3906 Nobiscum
990 3861 1129 3917 erat,
1154 3852 1250 3907 sed
1282 3868 1383 3908 nos
1410 3869 1537 3908 eum
1570 3870 1684 3909 non
1712 3854 2056 3913 videbamus.

488 3962 505 3993 ι
534 3943 593 3997 ln
620 3944 824 3999 mundo
852 3945 1021 4009 enim,
1064 3944 1265 4015 inquit,
1289 3953 1430 4011 erat,
1454 3954 1512 4001 et
1538 3946 1779 4003 mundus
1799 3964 1926 4003 eum
1949 3964 2059 4003 non

480 4035 737 4104 cognovit
756 4037 823 4090 '°.
857 4056 873 4087 ι
918 4036 1283 4102 Quamobrem
1323 4048 1443 4093 erat
1484 4037 1706 4108 quidem
1745 4040 1890 4110 apud
1928 4056 2055 4105 nos,

2088 2761 2132 2821 ο
2164 2756 2314 2813 circo
2334 2771 2453 2827 ejus
2474 2755 2770 2810 adventum
2796 2754 3292 2811 manifestationem
3319 2750 3577 2808 dicimus.
3606 2752 3748 2808 ham

2166 2848 2328 2903 nobis
2350 2862 2569 2917 quoque
2602 2854 2731 2900 tunc
2760 2845 2969 2910 aderat,
2994 2860 3119 2899 cum
3148 2859 3275 2898 eum
3298 2843 3487 2899 videre
3518 2844 3750 2900 minime

2165 2952 2505 3013 poteramus.
2542 2940 2617 2993 lis
2655 2938 2750 3009 qui
2802 2937 3129 3007 ignorabant
3162 2944 3293 2991 tunc
3333 2935 3577 3000 advenit,
3616 2951 3748 2991 cum

2166 3034 2277 3088 illis
2321 3041 2408 3087 est
2455 3032 2725 3101 cognitus.
2776 3030 2923 3086 Belle
2974 3043 3125 3084 sane.
3167 3028 3330 3083 Prius
3374 3028 3598 3097 quidem
3649 3044 3749 3084 sua

2164 3138 2407 3194 praesens
2455 3129 2651 3177 natura
2704 3128 2857 3187 erat;
2911 3121 3048 3175 mihi
3099 3128 3281 3174 tamen
3330 3127 3392 3173 ut
3441 3119 3750 3184 videretur,

2164 3228 2406 3283 praesens
2441 3228 2552 3268 non
2596 3220 2734 3267 erat.
2772 3212 2929 3267 Nune
2968 3218 3153 3266 autem
3186 3225 3311 3265 cum
3337 3225 3376 3264 a
3403 3208 3566 3264 nobis
3595 3209 3752 3264 visus

2163 3314 2268 3369 est,
2309 3305 2477 3359 etiam
2523 3305 2686 3359 nobis
2736 3304 2981 3369 advenit,
3019 3304 3113 3373 qui
3161 3311 3219 3358 et
3258 3302 3414 3373 prius
3456 3303 3749 3357 uobiscum

2162 3404 2301 3451 erat.
2336 3394 2476 3462 Quia
2506 3395 2653 3450 enim
2687 3396 2808 3465 ejus
2842 3395 3184 3465 ignoratione
3211 3404 3483 3457 tenemur,
3512 3392 3609 3462 qui
3642 3394 3752 3445 mi-

2164 3488 2313 3542 nime
2352 3487 2512 3544 nobis
2546 3490 2882 3558 conspicuus
2926 3486 3163 3550 exsistit,
3203 3494 3266 3540 ut
3298 3486 3471 3555 ipsum
3510 3485 3638 3554 quis
3673 3485 3753 3538 sit

2163 3579 2382 3649 assequi
2428 3594 2537 3633 non
2571 3580 2871 3643 valeamus,
2902 3578 2965 3632 ﬁt
3002 3578 3190 3641 homo,
3220 3578 3317 3647 qui
3354 3592 3451 3646 per
3478 3582 3751 3628 naturam

2163 3672 2365 3726 mansit
2395 3670 2709 3726 invisibilis.
2747 3670 2927 3740 Atque
2966 3670 3013 3725 is
3046 3671 3143 3739 qui
3179 3677 3266 3724 est
3305 3683 3535 3737 semper,
3565 3675 3749 3735 partu

2162 3762 2327 3818 hodie
2362 3762 2568 3827 editur,
2597 3770 2659 3816 ut
2684 3769 2742 3815 tu
2769 3776 2891 3816 esse
2919 3775 3047 3815 eum
3074 3774 3390 3831 cognoscas,
3422 3773 3533 3812 non
3555 3765 3620 3811 ut
3645 3756 3751 3811 ille

2162 3870 2348 3911 rerum
2381 3854 2683 3926 productus
2713 3865 2969 3907 naturam
3004 3867 3127 3908 esse
3167 3851 3409 3921 incipiat.
3450 3850 3579 3904 Sive
3610 3863 3752 3919 ergo

2162 3954 2463 4017 martyrum
2496 3944 2817 3999 memoriam
2847 3944 3099 4007 colimus,
3129 3942 3393 3998 hodierna
3424 3940 3752 3995 solemnitas

2162 4035 2431 4106 ejusmodi
2461 4050 2663 4105 parens
2702 4042 2787 4090 est
2816 4034 3248 4090 solemnitatum.
3289 4032 3417 4088 Sive
3453 4031 3573 4101 ejus
3601 4029 3752 4083 cele-

480 4133 537 4178 at
568 4140 676 4179 non
702 4126 994 4182 videbatur
1020 4143 1051 4181 a
1076 4128 1237 4182 nobis
1261 4148 1274 4181 :
1298 4136 1422 4199 post
1448 4138 1668 4199 partum
1692 4140 1877 4185 autem
1906 4130 2062 4187 adest
2091 4124 2139 4184 ι)
2165 4130 2390 4183 bramus
2415 4128 2699 4198 passiones
2720 4129 2811 4198 qui
2837 4127 3011 4183 nostri
3036 4142 3201 4182 causa
3226 4126 3337 4197 pati
3362 4124 3617 4195 dignatus
3636 4133 3747 4185 est,

479 4212 529 4270 is
558 4215 674 4286 ipse
709 4226 769 4271 ut
806 4232 1025 4287 semper
1063 4226 1203 4284 erat,
1240 4234 1449 4288 nosque
1488 4234 1616 4274 eum
1656 4219 1929 4275 videmus.
1961 4220 2051 4276 ld-

2158 4221 2253 4292 qui
2276 4220 2449 4275 voluit
2477 4220 2588 4290 pati
2617 4221 2782 4276 hodie
2812 4220 2866 4274 in
2894 4220 3160 4275 mundum
3189 4219 3362 4283 venit,
3388 4217 3748 4272 hodiernam-

562 4446 609 4478 “
634 4446 656 4501 Ι
686 4445 926 4500 Timoth.
959 4464 997 4511 ι,
1026 4446 1111 4501 15.
1188 4448 1233 4480 ⁸⁷
1260 4447 1418 4507 Joan.
1460 4464 1559 4517 xx,
1598 4448 1687 4506 ‘25.
1766 4450 1812 4483 “
1857 4449 2011 4504 Joan.
2043 4467 2056 4498 π

2285 4450 2329 4481 θ’
2357 4449 2470 4503 Jac.
2502 4464 2540 4513 ι,
2571 4448 2622 4514 1;
2664 4447 2837 4512 ludat,
2868 4438 2933 4503 1.
2992 4449 3038 4480 ’τ’
3074 4448 3230 4504 Joan.
3257 4465 3295 4513 ι,
3337 4449 3422 4504 10.

552 4627 630 4699 (ιι)
677 4625 779 4699 Se_d
810 4636 856 4681 et
882 4626 982 4699 ﬁlii
1011 4626 1247 4699 loseplr:
1276 4628 1369 4699 καὶ
1392 4626 1441 4678 οἱ
1458 4626 1768 4699 σοῦΊωσὴφ
1801 4627 1926 4699 υἱοί.
1961 4627 2053 4699 Sic

478 4695 700 4769 quoque
719 4696 1037 4769 Gregorius,
1066 4695 1821 4769 EpiphaniusaliiqueGmci
1842 4698 2052 4769 opinati

480 4765 626 4824 sunt?
647 4766 715 4821 de
770 4765 852 4821 re'
883 4767 1072 4822 uxoria
1120 4765 1421 4820 beatissimi
1464 4765 1689 4835 Joseph,
1722 4775 1849 4821 ante
1873 4765 2056 4823 Maria:

479 4838 721 4904 nuptias.
754 4837 866 4891 Nec
912 4852 1028 4890 rem
1081 4836 1151 4890 ita
1183 4836 1446 4890 abhorret
1476 4836 1653 4904 pietas
1696 4836 2049 4891 Christiana:

478 4923 805 4977 quanquam,
834 4906 1151 4977 Hieronymi
1180 4905 1371 4977 opinio
1405 4914 1596 4977 contra
1632 4906 1962 4977 Helvidium,
1994 4917 2056 4962 ut

484 4976 635 5047 virgo
668 4976 872 5046 Virgini
902 4976 1126 5047 junctus
1146 4976 1249 5040 sit,
1274 4976 1495 5047 futurus
1524 4976 1645 5031 loco
1664 4978 1836 5045 patris
1856 4976 2054 5047 virgini

478 5048 630 5111 Jesu,
680 5048 829 5101 velut
875 5046 1069 5116 majori
1093 5047 1312 5115 pietate,
1362 5046 1417 5100 in
1443 5062 1502 5100 re
1532 5046 1714 5100 minus
1739 5046 2046 5116 perspecta,

480 5117 857 5187 amplectenda
874 5116 1158 5187 videatur;
1181 5117 1333 5171 nullo
1358 5124 1539 5187 tamen
1558 5117 1875 5185 praejudicio
1891 5117 2052 5172 aliter

480 5185 855 5242 sentientium.
878 5186 1105 5257 Vossius
1148 5187 1378 5257 abrogat
1423 5185 2051 5257 Chrysostomooratio-

480 5272 606 5311 nem
633 5259 713 5319 el;
748 5257 838 5309 τὸν
872 5255 1308 5326 Εὑαγγελισμόνζ
1327 5258 1448 5326 ejus
1473 5255 1670 5325 saepius
1693 5256 1912 5311 nomine
1935 5257 2053 5312 edi-

483 5333 612 5387 tam,
636 5342 703 5379 eo
727 5327 1029 5396 prazsertim
1066 5326 1247 5391 titulo,
1285 5326 1429 5396 quod
1476 5326 1872 5395 complectatur
1902 5326 2050 5382 illam

483 5396 810 5466 sententiam
840 5395 909 5466 de
926 5412 985 5450 re
1008 5396 1207 5466 Joseph
1234 5395 1447 5460 uxoria,
1472 5405 1529 5450 et
1546 5397 1664 5466 ejus
1684 5396 1890 5465 duplici
1916 5412 2050 5451 con-

480 5460 666 5535 Luﬁio;
694 5464 1004 5535 tribuitque
1032 5481 1098 5520 ex
1132 5460 1362 5520 Romani
1383 5460 1664 5535 cujusdam
1691 5460 1898 5521 codicis
1920 5466 2049 5532 (ide,

482 5528 746 5609 Gregorio
760 5528 1168 5605 Thauinaturgo
1188 5554 1202 5609 ς
1224 5536 1371 5591 velut
1393 5528 1759 5609 feipstminus
1782 5551 1927 5609 same
1953 5528 2050 5609 do;

482 5599 673 5653 ctrina:
688 5599 1234 5671 Cbrysostomo,§atis
1249 5622 1391 5661 same
1409 5605 1582 5659 videri
1598 5605 1795 5660 debeat
1806 5608 2049 5661 θεοδιδέι-

2151 4646 2264 4701 σιτῳ
2310 4636 2365 4683 et
2415 4628 2764 4701 evangelista:
2815 4628 3387 4701 Joannisidiscipulo,
3436 4629 3729 4701 Gregorio.

2150 4699 2329 4769 Quare
2349 4714 2458 4752 non
2485 4699 2764 4769 immerito
2790 4699 3112 4768 perstringit
3156 4700 3443 4769 praefatum
3481 4699 3739 4755 Vo‘ssium

2151 4768 2265 4841 Leo
2314 4768 2559 4841 Allatius
2592 4768 2653 4841 in
2690 4784 2792 4841 suo
2824 4770 3114 4841 Eustathio
3140 4768 3504 4841 {quanquam
3536 4779 3590 4824 et
3624 4772 3746 4841 ipse

2150 4838 2335 4893 forsan
2372 4839 2623 4893 nonnihil
2659 4840 2832 4894 videri
2865 4841 3037 4908 possit
3075 4838 3419 4895 zelo’Graeco
3447 4838 3740 4895 calenti'or.

2152 4908 2428 4980 Habemus
2452 4910 2600 4963 illam
2632 4910 2936 4964 orationem
2960 4925 3028 4964 ex
3050 4910 3222 4980 Regio
3262 4910 3474 4973 codice,
3516 4911 3744 4979 duplam

2153 4979 2375 5032 circiter
2400 4995 2563 5048 quam
2582 4981 2849 5034 hactenus
2875 4980 3102 5049 prodiit,
3130 4979 3413 5049 totamque
3441 4980 3738 5037 Dominiczx

2155 5049 2591 5130 annuntiationis
2643 5050 2951 5131 historiam2
2992 5050 3418 5131 continua_fere
3470 5066 3738 5131 prosopo-

2156 5119 2298 5190 pgnia
2339 5128 2707 5183 enarrantem,
2741 5135 2906 5189 quam
2936 5120 3200 5190 impressa
3238 5119 3744 5176 circiter’mediam

2156 5188 2530 5262 abrumpunt:
2574 5206 2686 5262 quo
2703 5188 2847 5262 stylo
2868 5188 3086 5246 exstant
3119 5207 3228 5245 non
3264 5206 3437 5262 pauca
3457 5191 3744 5262 encomia-

2157 5258 2297 5332 stica
2348 5258 2608 5332 inscripta
2656 5258 3067 5332 Clirysostonio,
3110 5271 3172 5316 ut
3223 5258 3280 5316 in
3327 5260 3628 5332 Abraham,
3685 5262 3741 5315 in

2146 5326 2409 5411 {oan'nem
2426 5326 2787 5411 ΔΒοξηίειίιειλξ
2803 5339 2941 5411 etc.,
2967 5332 3398 5411 quibusmagna
3440 5331 3745 5401 aliquando

2146 5396 2659 5477 fuitfrontoniana:
2684 5396 3063 5473 Chrysostoini
3098 5396 3358 5463 editioni,
3384 5415 3487 5457 nec
3510 5396 3747 5472 prorsus

2147 5468 2378 5531 inutilis,
2408 5471 2669 5526 accessio.

2219 5537 2295 5607 (ὅ)
2322 5539 2399 5593 Ex
2423 5538 2667 5610 Biblioth.
2701 5541 2929 5598 Patrum
2957 5544 3217 5610 conciam,
3257 5543 3568 5607 COIBEFIS.,
3607 5551 3747 5598 tom.

2148 5606 2189 5671 l,
2214 5606 2371 5680 pagg.
2402 5610 2421 5661 1
2440 5609 2659 5665 11-115.
