4048 6210
325 248 462 308 Hi3

1309 239 1591 298 HOMILIA
1627 240 1690 294 V.
1733 233 1799 294 IN
1838 231 1953 290 DIE
1984 229 2420 292 NATIVITATIS
2452 235 2707 295 DOMINI.

3430 243 3572 306 HN

321 383 428 438 que
453 362 802 420 festivitatem
828 357 1176 430 passionibus
1199 355 1566 427 antiquiorem
1594 352 1740 410 facit.
1768 351 1895 407 Sive
1924 353 1970 410 Δ
1998 345 2153 414 Quod
2187 344 2334 404 enim
2374 352 2548 406 oculis
2575 352 2931 423 conspicuum
2969 365 3072 421 est,
3101 355 3219 428 ejus
3255 365 3340 413 est
3369 362 3573 430 proba-

323 451 596 508 vivilicam
626 451 744 521 ejus
770 455 1003 502 mortem
1034 445 1349 510 recolimus,
1374 461 1524 502 nunc
1554 444 1778 500 advenit
1804 442 1898 514 qui

324 560 384 600 se
410 559 510 614 pro
545 541 704 596 nobis
739 541 796 594 in
824 546 1058 594 mortem
1089 545 1210 593 erat
1241 538 1564 594 traditurus.
1591 537 1718 592 Sive
1745 537 1900 592 deni-

319 650 428 703 que
469 645 718 702 magnam
764 628 1188 684 resurrectionis
1226 629 1347 699 ejus
1388 627 1739 684 festivitatem
1781 627 1898 698 agi-

321 738 465 785 mus,
501 735 663 790 quam
709 718 870 773 nobis
912 717 960 772 is
1002 717 1257 788 praebuit,
1305 732 1363 772 se
1410 716 1585 787 ipsum
1629 716 1900 787 primitias

320 812 563 867 efficiens
595 825 788 865 eorum
828 809 922 879 qui
965 818 1094 865 sunt
1141 808 1508 864 resurrecturi
1545 808 1624 880 (in
1657 824 1714 863 se
1747 823 1900 862 nam-

322 920 430 974 que
457 903 778 958 universum
801 902 1090 958 suscitavit
1111 902 1411 956 humanum
1432 917 1624 971 genus,
1653 916 1901 956 commu-

321 1008 444 1047 nem
463 992 708 1047 universi
726 992 874 1048 illius
886 993 1186 1048 suscitandi
1203 992 1621 1062 promissionem
1645 991 1897 1061 faciens);

321 1084 589 1139 hodierna
625 1084 897 1140 festivitas
925 1086 1017 1141 illa
1043 1085 1207 1140 etiam
1236 1085 1452 1140 exsistit
1479 1085 1776 1154 antiquior.
1809 1085 1902 1139 Et-

321 1179 469 1233 enim
512 1178 802 1234 triduanus
845 1195 876 1234 e
916 1180 1169 1250 sepulcro
1212 1178 1451 1234 surrexit
1485 1177 1754 1242 Salvator,
1791 1194 1900 1232 non

322 1286 485 1326 suum
521 1269 787 1325 duntaxat
818 1272 1133 1340 sepulcrum
1171 1271 1442 1340 aperiens,
1476 1269 1572 1326 sed
1605 1279 1661 1325 et
1696 1270 1900 1324 multo-

322 1375 447 1413 rum
469 1359 720 1429 sepulcra
742 1368 1053 1414 sanctorum
1087 1375 1338 1415 reserans
1367 1359 1434 1413 τί.
1466 1358 1602 1414 Cum
1628 1374 1728 1414 suo
1751 1359 1900 1414 enim

321 1450 491 1506 etiam
524 1459 840 1506 sanctorum
874 1452 1124 1523 sepulcra
1159 1452 1397 1523 aperuit,
1434 1453 1899 1509 resurrectionem

325 1556 485 1596 suam
531 1541 902 1596 arrhabonem
943 1557 1007 1597 ac
1053 1543 1248 1613 pignus
1295 1544 1546 1613 praebens
1593 1545 1902 1600 communis

327 1633 768 1689 resurrectionis.
802 1629 1113 1705 Resurgens
1138 1649 1168 1690 e
1201 1635 1457 1704 sepulcro
1487 1637 1738 1705 sepulcra
1767 1652 1899 1706 ape-

328 1720 472 1787 ruit;
518 1730 792 1793 natusque
831 1738 861 1776 e
909 1703 1069 1776 vulva
1118 1703 1336 1776 vulvam
1383 1737 1494 1776 non
1537 1703 1770 1792 aperuit.
1801 1703 1898 1776 —Ex
1932 1703 1976 1758 Β

327 1819 503 1865 morte
549 1811 698 1865 enim
743 1826 807 1866 ac
850 1818 1009 1864 terra:
1051 1810 1174 1864 sinu
1216 1823 1506 1880 emergens
1548 1816 1901 1862 monumenta

328 1901 537 1971 aperit;
570 1916 804 1956 nascens
843 1916 976 1956 vero
1014 1915 1080 1956 ex
1115 1900 1339 1970 Virgine
1374 1907 1592 1954 uterum
1626 1915 1734 1954 non
1768 1915 1900 1969 ape-

327 1993 442 2048 ruit
472 2010 486 2046 :
514 1992 610 2048 sed
653 2001 710 2048 et
748 1992 1014 2058 nascitur,
1054 2000 1112 2048 et
1147 1991 1389 2063 Virginis
1428 1991 1610 2046 sinum
1655 1990 1902 2046 clausum

329 2082 611 2153 relinquit.
653 2082 1043 2149 Quamobrem,
1074 2082 1298 2152 quaeso?
1344 2081 1508 2136 video
1554 2080 1700 2136 enim
1749 2089 1806 2136 et
1851 2089 1903 2135 te

328 2173 448 2242 ejus
488 2174 697 2228 sciendi
729 2173 1005 2228 desiderio
1039 2173 1236 2228 teneri.
1267 2173 1408 2226 Num
1443 2171 1561 2226 haec
1593 2185 1758 2225 causa
1799 2169 1904 2224 rite

330 2264 546 2319 dicatur
595 2263 667 2318 ob
719 2279 882 2333 quam
943 2270 1297 2317 monumenta
1351 2260 1696 2332 aperiuntur,
1742 2261 1905 2316 vulva

329 2354 616 2426 virginalis
651 2364 838 2424 aperta
878 2370 987 2408 non
1029 2353 1164 2408 fuit?
1187 2355 1332 2424 quod
1361 2354 1624 2408 nimirum
1664 2355 1785 2425 ejus
1820 2370 1907 2409 re-

329 2447 607 2500 surrectio
627 2446 1008 2501 universorum
1032 2446 1456 2502 resurrectionis
1479 2462 1641 2501 causa
1663 2446 1903 2512 exstitit;

331 2546 527 2606 partus
555 2552 689 2591 vero
719 2537 1045 2591 miraculum
1086 2537 1205 2606 ejus
1243 2537 1419 2592 solum
1457 2537 1551 2607 qui
1591 2537 1687 2592 illo
1725 2536 1909 2592 editus

330 2634 416 2681 est
452 2625 638 2692 fuerit,
665 2642 775 2682 non
803 2635 865 2681 ut
888 2627 1177 2697 quisquam
1209 2628 1350 2683 alius
1382 2629 1478 2683 tali
1508 2629 1673 2684 modo
1705 2628 1909 2683 nativi-

333 2718 462 2773 tatis
507 2718 563 2772 in
606 2733 790 2773 rerum
839 2726 1091 2773 naturam
1134 2719 1384 2774 edendus
1425 2720 1517 2773 sit.
1562 2719 1724 2774 Solus
1761 2719 1909 2772 enim

337 2823 460 2862 cum
493 2819 660 2874 esset,
686 2823 748 2863 ac
783 2823 1024 2878 praesens
1061 2817 1227 2872 esset,
1254 2815 1415 2862 natus
1448 2817 1564 2874 est;
1597 2822 1696 2860 nos
1725 2815 1908 2860 autem

336 2907 460 2970 post
487 2908 707 2969 partum
742 2899 797 2952 in
830 2899 980 2954 hunc
1016 2898 1285 2953 mundum
1321 2897 1680 2952 advenimus:
1711 2912 1774 2952 ac
1809 2911 1912 2952 nos

335 2991 557 3061 quidem
588 2999 701 3045 tum
725 2990 965 3060 primum
985 3004 1195 3054 sumus,
1221 3003 1346 3044 cum
1371 2995 1532 3059 partu
1555 2988 1908 3054 etl'undimur;

336 3082 452 3152 ipse
487 3097 622 3137 vero
657 3097 782 3137 eum
822 3090 986 3138 natus
1027 3088 1132 3147 est,
1157 3089 1276 3136 tum
1311 3080 1548 3151 primum
1579 3080 1756 3136 oculis
1782 3095 1914 3135 eon-

336 3174 562 3243 spicuus
592 3173 717 3229 fuit.
754 3172 892 3241 Quia
918 3188 1050 3245 ergo
1077 3171 1412 3229 resurrectio
1436 3173 1744 3228 communis
1771 3179 1910 3237 erat,

335 3275 528 3338 partus
557 3281 692 3321 vero
726 3268 845 3338 ejus
877 3267 1088 3322 exstitit
1125 3266 1453 3337 singularis;
1489 3265 1763 3321 universis
1788 3278 1914 3334 ape-

338 3358 558 3412 riuntur
597 3358 869 3428 sepulcra,
903 3367 1096 3414 uterus
1133 3367 1316 3413 autem
1359 3375 1470 3414 non
1513 3359 1777 3429 aperitur,
1812 3355 1914 3411 soli

338 3451 558 3508 Christo
596 3467 824 3508 servans
851 3452 1158 3508 mirabilem
1190 3452 1343 3508 illum
1377 3451 1626 3522 pariendi
1666 3449 1911 3504 modum.

339 3543 550 3599 Idcirco
594 3544 751 3616 virgo
798 3546 1000 3601 mansit
1046 3546 1244 3617 Virgo,
1291 3544 1506 3599 tametsi
1545 3558 1674 3596 vere
1721 3541 1915 3596 matris

340 3650 542 3689 nomen
574 3636 834 3691 obtinuit.
868 3637 1041 3690 Mater
1080 3649 1316 3704 namque
1356 3634 1550 3688 effecta
1583 3642 1668 3688 est
1703 3633 1914 3687 lacten—

339 3733 450 3781 tem
508 3728 729 3798 pariens
781 3743 1047 3798 puerum;
1101 3725 1305 3780 mansit
1353 3724 1713 3780 nihilominus
1763 3723 1916 3794 virgo

339 3819 581 3874 Verbum
611 3820 782 3876 edens
811 3834 1034 3873 carnem
1061 3817 1285 3872 factum.
1317 3817 1454 3871 Eum
1483 3817 1666 3887 itaque
1694 3817 1789 3887 qui
1816 3833 1914 3872 na-

341 3917 431 3966 tus
455 3917 540 3966 est
565 3952 580 3976 ,
614 3919 670 3965 et
708 3909 987 3965 hominem
1022 3907 1188 3978 Virgo
1230 3907 1473 3962 ostendit
1528 3915 1585 3962 et
1622 3907 1862 3961 Verbum
1899 3925 1914 3962 :

341 4002 622 4056 hominem
665 3999 910 4054 ostendit
950 3997 1144 4054 effecta
1184 4005 1388 4063 mater;
1430 3999 1526 4054 sed
1571 4008 1628 4054 et
1673 3999 1916 4054 Verbum

341 4091 597 4147 eumdem
635 4089 880 4160 prodidit
908 4090 1065 4162 virgo
1096 4105 1477 4162 perseverans,
1504 4090 1649 4162 quod
1683 4099 1739 4146 et
1762 4090 1918 4160 prius

342 4182 465 4237 fuit.
511 4183 700 4252 Neque
738 4183 886 4237 enim
934 4183 1070 4238 illud
1107 4181 1308 4248 amisit,
1341 4183 1556 4254 hocque
1597 4182 1915 4253 assumpsit.

343 4271 540 4325 Mansit
570 4286 701 4342 ergo
723 4271 897 4343 virgo,
924 4272 1070 4343 quod
1100 4279 1248 4338 erat;
1289 4287 1354 4327 ac
1380 4279 1556 4325 mater
1587 4270 1782 4328 effecta
1811 4281 1916 4338 est,

1938 3036 1985 3101 C

2003 442 2078 496 tio
2103 442 2250 512 quod
2276 444 2635 513 conspicuum
2665 459 2772 498 non
2811 446 3046 501 exsistit.
3074 449 3274 503 Verum
3303 451 3371 505 ad
3407 467 3574 508 evan-

1998 534 2232 604 gelicum
2273 549 2584 590 sermonem
2627 536 2869 590 animum
2907 537 3255 598 reducamus.
3297 557 3406 610 quo
3445 543 3574 600 inde

1999 623 2191 695 petitis
2219 624 2630 680 narrationibus
2650 627 2894 697 jucunde
2921 643 3020 682 vos
3044 629 3398 698 excipiamus.

2070 716 2157 770 lll.
2209 735 2227 768 ι
2255 717 2382 772 Jesu
2413 715 2639 784 Christi,
2665 718 2862 788 inquit,
2891 721 3169 789 generatio
3201 721 3280 776 sic
3309 732 3427 777 erat
3451 723 3518 778 ".
3549 743 3569 776 ι

1999 804 2126 862 Haec
2175 807 2253 862 ait
2301 807 2589 864 M'atthaeus
2641 811 3009 879 evangelista,
3056 811 3151 880 qui
3201 821 3257 866 et
3299 812 3578 871 Christum

1999 899 2170 954 Deum
2211 901 2348 955 sciat
2379 902 2594 957 saaculis
2625 904 2982 968 anteriorem,
3017 912 3074 958 et
3111 906 3231 975 ejus
3265 921 3413 960 nunc
3450 923 3580 962 nar-

2000 997 2085 1043 ret
2119 991 2554 1059 generationem.
2593 993 2718 1048 Hsec
2749 1010 2902 1065 ergo,
2935 994 3032 1060 ait,
3068 1011 3233 1050 nosce
3270 1015 3283 1050 :
3320 1013 3447 1052 eum
3493 1015 3582 1056 me

1999 1093 2252 1134 sermone
2284 1081 2602 1137 describere
2622 1083 2718 1153 qui
2741 1092 2798 1138 et
2821 1100 3040 1155 semper
3061 1095 3168 1150 est,
3193 1097 3248 1141 et
3271 1086 3447 1143 factus
3477 1099 3581 1145 est.

1999 1170 2150 1242 Ejus,
2182 1171 2379 1242 inquit,
2411 1175 2823 1244 generationem
2871 1192 3057 1242 narro,
3083 1178 3178 1247 qui
3203 1187 3288 1233 est
3323 1195 3580 1250 semper:

1998 1264 2120 1334 ejus
2147 1274 2386 1334 partum,
2425 1266 2520 1336 qui
2541 1267 2698 1336 .Patri
2733 1279 3044 1325 coaeternus
3073 1271 3308 1326 exsistit.
3340 1271 3582 1329 Genera-

1999 1356 2204 1411 tionem
2249 1357 2395 1423 dico,
2427 1374 2537 1413 non
2575 1375 2686 1430 qua
2730 1361 2942 1417 ratione
2973 1370 3113 1428 erat,
3146 1363 3242 1419 sed
3280 1380 3388 1435 qua
3429 1374 3583 1436 post-

2000 1450 2224 1505 modum
2265 1451 2493 1507 exstitit.
2527 1451 2699 1506 Meam
2743 1453 2926 1522 itaque
2968 1453 3068 1509 tibi
3109 1455 3234 1510 dico
3269 1456 3582 1526 generatio-

1999 1557 2149 1607 nem,
2189 1558 2353 1612 quam
2398 1544 2650 1599 conditor
2700 1560 2855 1600 meus
2902 1547 3189 1616 amplexus
3232 1556 3336 1602 est.
3397 1567 3414 1600 ‹
3446 1547 3583 1604 Cum

2001 1632 2151 1686 enim
2190 1641 2336 1687 esset
2379 1633 2706 1704 desponsata
2756 1643 2933 1691 mater
2975 1637 3096 1707 ejus
3148 1637 3316 1692 Maria
3355 1638 3580 1709 Joseph,

2007 1729 2297 1792 antequam
2327 1725 2707 1792 convenirent,
2740 1725 2959 1782 inventa
2987 1736 3073 1783 est
3101 1727 3155 1782 in
3190 1737 3347 1783 utero
3375 1728 3587 1785 habens

2007 1811 2075 1867 de
2120 1811 2326 1882 Spiritu
2371 1823 2561 1868 sancto
2595 1815 2660 1868 ⁷³.
2697 1834 2716 1867 ι
2770 1813 3042 1882 Quorsum
3083 1833 3218 1873 vero
3259 1832 3328 1872 ex
3364 1817 3587 1889 Virgine

2008 1905 2320 1960 nasciturus
2345 1906 2628 1971 Dominus,
2649 1923 2760 1962 non
2781 1923 2846 1963 ex
2866 1924 2929 1962 ea
2953 1924 3074 1978 quae
3095 1925 3206 1964 non
3229 1910 3586 1981 desponsata;

2007 1995 2104 2050 sed
2149 2011 2272 2066 quae
2312 1996 2434 2051 viro
2485 1996 2812 2068 desponsata
2855 2007 3020 2065 esset,
3065 2008 3356 2066 nascatur,
3408 2015 3591 2071 operae

2009 2088 2250 2158 pretium
2296 2104 2608 2144 noscamus.
2659 2089 2852 2145 Plures
2897 2091 3046 2146 enim
3088 2091 3203 2146 hzec
3243 2092 3405 2148 nobis
3444 2093 3589 2164 obji-

2009 2179 2184 2246 ciunt,
2217 2180 2311 2250 qui
2345 2180 2610 2250 sapientis
2645 2181 2765 2252 ejus
2806 2181 3022 2237 consilii
3063 2183 3354 2238 utilitatem
3386 2184 3593 2254 oppido

2010 2285 2339 2342 cognoscere
2380 2270 2572 2327 velint.
2616 2271 2819 2338 Quidni
2863 2289 2930 2328 ex
2968 2274 3182 2346 virgine
3212 2289 3322 2329 non
3353 2274 3590 2344 despon-

2012 2370 2130 2415 sata
2177 2373 2338 2417 natus
2387 2363 2512 2417 est?
2561 2361 2761 2429 Quidni
2815 2364 2964 2418 omni
3019 2380 3210 2420 exsors
3264 2365 3593 2435 suspicionis

2012 2452 2213 2506 mansit
2240 2453 2546 2524 virginitas,
2575 2469 2698 2524 qua:
2738 2455 2968 2509 Domino
2998 2456 3279 2510 nascituro
3313 2455 3592 2510 ministra-

2013 2549 2136 2596 tura
2163 2543 2322 2596 erat?
2349 2542 2520 2598 Secus
2545 2544 2705 2612 plane
2731 2559 2789 2598 se
2814 2559 2901 2597 res
2925 2543 3092 2598 habet
3117 2560 3129 2595 :
3157 2554 3410 2612 suspecta
3434 2560 3593 2597 nam-

2013 2647 2122 2700 que
2148 2631 2315 2699 Virgo
2345 2630 2529 2684 futura
2556 2639 2697 2695 erat,
2721 2631 2828 2686 nisi
2861 2631 3062 2701 Joscph
3105 2633 3199 2702 qui
3227 2632 3596 2703 desponderat

2015 2720 2296 2774 custodem
2340 2720 2642 2774 habuisset.
2693 2721 2896 2776 Verum
2947 2737 3203 2792 sponsam
3249 2739 3369 2778 eam
3411 2725 3597 2796 justus

2015 2809 2232 2878 accipit,
2279 2817 2338 2863 ut
2378 2808 2710 2880 virginitatis
2757 2818 2944 2866 custos
2993 2812 3252 2878 exsistat,
3293 2829 3357 2868 ac
3404 2825 3599 2884 partus

2019 2900 2193 2953 testis.
2242 2898 2608 2966 Quamobrem
2655 2900 2819 2956 etiam
2864 2910 3051 2957 custos
3098 2902 3153 2957 in
3203 2904 3324 2974 ejus
3368 2906 3600 2962 veniens

2019 2989 2407 3060 suspicionem,
2436 3005 2747 3059 quanquam
2782 2998 3070 3060 putaverat
3115 2991 3256 3048 bene
3291 2995 3599 3050 custodisse

2015 3080 2119 3136 sibi
2144 3080 2550 3150 desponsatam,
2581 3100 2600 3132 ‹
2629 3081 2804 3136 voluit
2826 3081 3039 3136 occulte
3064 3082 3340 3138 dimittere
3355 3100 3474 3139 eam
3493 3085 3589 3138 ⁷⁸.»

2015 3171 2312 3226 Enimvero
2353 3171 2509 3226 testis
2541 3171 2657 3242 ipse
2680 3171 2918 3243 Virginis
2941 3171 3195 3238 edicitur,
3232 3174 3326 3244 qui
3364 3175 3599 3245 sapienti

2015 3261 2246 3317 consilio
2273 3259 2515 3330 disponit
2545 3259 2894 3314 miraculum.
2937 3278 2955 3309 ε
2989 3258 3081 3313 Ait
3116 3261 3263 3315 enim
3300 3260 3356 3314 in
3395 3263 3602 3318 somnis

2013 3351 2214 3422 Joseph
2250 3369 2263 3405 :
2303 3351 2426 3410 Noli
2475 3351 2669 3404 timere
2719 3349 2970 3417 accipere
3024 3349 3248 3403 Mariam
3308 3353 3602 3422 conjugem

2017 3449 2166 3497 tuam
2191 3459 2204 3494 :
2228 3441 2375 3512 quod
2399 3441 2547 3496 enim
2576 3440 2628 3494 in
2655 3454 2719 3494 ea
2743 3447 2934 3493 natum
2957 3446 3059 3504 est,
3086 3440 3154 3495 de
3178 3440 3385 3510 Spiritu
3411 3453 3602 3497 sancto

2014 3541 2101 3588 est
2121 3533 2187 3585 ⁷⁸.
2221 3551 2238 3583 ι
2273 3531 2433 3586 Nulla
2469 3530 2569 3585 tibi
2607 3529 2756 3583 fraus
2791 3527 3021 3598 contigit
3054 3528 3387 3584 custodienti
3417 3530 3605 3601 Virgi-

2016 3639 2142 3679 nem
2184 3641 2198 3678 :
2240 3632 2433 3694 partus
2487 3621 2635 3676 enim
2685 3620 3006 3693 mysterium
3048 3619 3116 3674 de
3165 3620 3370 3692 Spiritu
3408 3631 3604 3679 sancto

2017 3715 2250 3772 exsistit.
2289 3714 2409 3768 Non
2452 3712 2783 3767 adulterium
2826 3719 2911 3766 est
2949 3712 3096 3781 quod
3137 3712 3208 3766 ita
3245 3719 3458 3782 gestum
3493 3721 3606 3779 est,

2017 3807 2114 3863 sed
2142 3806 2396 3862 adulterii
2431 3804 2692 3860 sublatio.
2727 3803 2914 3874 Virgo,
2956 3804 3108 3875 virgo
3144 3811 3248 3858 est.
3291 3803 3437 3858 Deus
3472 3803 3604 3857 Ver-

2017 3898 2148 3953 bum
2187 3905 2273 3954 est
2300 3897 2393 3967 qui
2427 3897 2483 3950 in
2525 3896 2617 3951 illa
2641 3898 2903 3966 'gestatur
2935 3911 2950 3948 :
2981 3894 3076 3964 qui
3109 3902 3167 3949 et
3200 3894 3246 3949 si
3288 3894 3606 3950 nasciturus

2018 4002 2124 4058 est,
2164 3991 2437 4062 siquidem
2478 3997 2566 4045 est
2601 3988 2779 4043 factus
2817 4003 2975 4054 caro,
3010 3985 3147 4045 nihil
3181 3993 3359 4040 tamen
3388 4000 3607 4055 sponsae

2019 4093 2127 4139 tute
2150 4083 2516 4154 virginitatem
2543 4080 2722 4136 laedet.
2753 4077 2954 4134 Custos
2986 4092 3117 4149 ergo
3141 4077 3340 4147 Joseph
3370 4077 3604 4132 effectus

2021 4186 2106 4232 est
2146 4175 2346 4240 Mariae,
2380 4189 2444 4230 ac
2483 4175 2604 4245 ejus
2647 4170 2981 4242 virginitatis
3025 4169 3179 4226 testis
3229 4169 3379 4224 omni
3429 4169 3606 4240 major

2022 4269 2364 4339 exceptione.
2415 4266 2628 4322 Idcirco
2675 4265 2842 4336 igitur
2888 4279 2955 4318 ex
3008 4262 3335 4332 desponsata
3376 4261 3603 4332 Virgine

342 4363 488 4434 quod
518 4379 627 4419 non
658 4373 775 4419 erat
803 4382 817 4418 :
845 4365 1046 4436 quippe
1067 4380 1190 4436 qua:
1219 4381 1348 4420 eum
1382 4374 1501 4421 erat
1527 4367 1794 4436 paritura,
1821 4367 1910 4437 qui

2020 4357 2266 4414 nascitur
2338 4355 2636 4421 Dominus,
2700 4367 2965 4424 sponsum
3027 4360 3220 4406 testem
3271 4351 3606 4422 virginitatis

343 4455 510 4510 homo
537 4456 732 4521 factus,
765 4457 910 4513 Deus
941 4458 1333 4528 perseveravit.

413 4547 478 4603 ll.
508 4549 585 4604 Ne
605 4549 717 4620 jam
749 4565 880 4622 ergo
905 4551 1266 4620 quaestionum
1295 4548 1472 4606 nodos
1501 4550 1596 4605 Dei
1628 4559 1785 4607 necte
1813 4551 1920 4606 mi-

342 4641 575 4706 raculis,
616 4656 796 4711 neque
839 4641 1216 4696 admirandam
1257 4641 1722 4710 dispensationem
1761 4641 1922 4696 dubi-

344 4732 662 4787 tatiunculis
692 4732 875 4804 fatiga,
915 4748 1051 4803 quas
1096 4742 1154 4788 tu
1191 4743 1416 4790 secutus
1458 4733 1515 4787 in
1554 4732 1660 4789 ﬁde
1701 4733 1921 4789 naufra-

341 4824 499 4895 gasti.
533 4823 878 4878 Ratiunculis
915 4825 1062 4878 enim
1100 4823 1336 4894 teipsum
1371 4823 1628 4888 credens,
1658 4825 1919 4895 velutque

341 4929 537 4969 navem
561 4915 886 4970 tutissimam
910 4914 1071 4970 ﬁdem
1096 4914 1434 4984 relinquens,
1453 4931 1516 4970 ac
1535 4917 1648 4972 tuis
1665 4917 1921 4986 qutestio-

343 5003 507 5058 nibus
542 5003 641 5058 Dei
670 5003 950 5074 signorum
983 5005 1208 5075 pelagus
1248 5003 1500 5073 trajicere
1531 5004 1780 5074 cupiens,
1817 5019 1918 5058 ne-

342 5094 584 5150 cessario
613 5094 957 5166 naufragium
992 5094 1160 5161 facis;
1191 5094 1284 5164 qui
1319 5102 1375 5150 et
1406 5093 1554 5164 quod
1590 5101 1767 5148 tutum
1801 5101 1923 5148 erat

344 5183 655 5253 reliqueris,
682 5199 784 5238 nec
814 5185 1037 5255 pelagus
1067 5189 1330 5254 quantum
1368 5192 1454 5238 est
1488 5197 1753 5252 superare
1787 5197 1916 5252 pos-

343 5271 437 5328 sis.
471 5272 551 5326 Ex
579 5288 667 5327 me
703 5274 924 5343 quaeris,
961 5273 1240 5345 quomodo
1271 5275 1416 5329 Deus
1451 5274 1790 5344 permansit?
1823 5274 1918 5330 Vi-

341 5365 524 5422 cissim
569 5373 628 5420 et
661 5380 764 5436 ego
796 5381 983 5436 quaero
1019 5367 1296 5437 quomodo
1338 5367 1540 5422 mansit
1573 5367 1728 5437 virgo
1770 5367 1918 5438 quod

341 5464 458 5511 erat
501 5455 676 5527 virgo,
699 5465 756 5512 et
776 5467 952 5513 mater
970 5458 1212 5514 exstitit?
1236 5460 1362 5516 llaec
1385 5460 1570 5527 vides;
1600 5461 1690 5516 illa
1715 5461 1915 5516 credis.

2024 4451 2253 4506 faciens.

2091 4543 2180 4597 lV.
2223 4542 2396 4596 Porro
2420 4551 2545 4594 cum
2571 4532 2893 4607 mysterium
2925 4530 3154 4601 mystice
3188 4546 3252 4585 ac
3278 4545 3475 4585 arcana
3509 4543 3605 4583 ra-

2020 4636 2173 4691 tione
2208 4633 2326 4688 ﬁcri
2363 4636 2634 4702 oporteat,
2666 4625 2911 4697 oportuit
2939 4621 3337 4678 incarnationis
3370 4619 3608 4674 miracu—

2018 4726 2134 4782 lum
2193 4739 2334 4779 nova
2384 4719 2616 4792 quadam
2669 4733 2736 4772 ac
2789 4715 3011 4770 insolita
3063 4713 3313 4769 exhiberi
3368 4712 3606 4768 ratione.

2017 4816 2220 4874 Debuit
2261 4813 2432 4886 gratia
2474 4809 2793 4866 hominibus
2831 4822 2896 4862 ea
2939 4805 3173 4861 salutem
3220 4804 3609 4860 consecuturis

2020 4909 2139 4966 ﬁeri
2183 4905 2494 4967 manifesta,
2527 4901 2829 4969 eademque
2876 4896 3096 4952 diabolo
3136 4895 3422 4950 hominum
3467 4911 3609 4950 sem-

2019 5016 2120 5071 per
2152 4997 2314 5054 bonis
2357 4989 2867 5050 insidiantisreddi
2914 4989 3169 5044 obscura.
3215 4988 3348 5042 Erat
3383 4986 3607 5057 quidem

2022 5091 2206 5149 Maria:
2244 5086 2550 5159 virginitas,
2581 5083 2649 5138 iis
2685 5079 2780 5152 qui
2824 5079 3027 5135 vellent
3060 5079 3208 5150 quod
3245 5093 3334 5134 res
3377 5076 3608 5132 haberet

2021 5183 2394 5245 considerare,
2435 5175 2758 5248 perspicua;
2801 5170 3150 5240 desponsatio
3189 5179 3374 5225 autem
3412 5168 3606 5222 diabo—

2021 5278 2133 5332 lum
2173 5274 2485 5342 deceperat,
2515 5275 2774 5336 tanquam
2813 5261 3063 5332 corporis
3105 5259 3410 5316 exstitisset
3453 5273 3598 5312 com-

2021 5366 2228 5430 mistio,
2259 5379 2323 5419 ac
2371 5359 2607 5416 necdum
2655 5354 2977 5412 Emmanuel
3022 5361 3184 5408 natus
3230 5359 3397 5415 esset,
3435 5362 3600 5418 quem

2020 5459 2190 5516 lsaias
2232 5455 2495 5527 propheta
2543 5467 2611 5508 ex
2657 5449 2884 5520 Virgine
2922 5446 3260 5502 nasciturum
3308 5438 3605 5498 annuntia-

438 5635 479 5664 '“
507 5631 698 5688 Matth.
742 5649 905 5700 xxvii,
937 5633 1022 5690 5‘2.
1096 5635 1141 5666 "’
1167 5633 1353 5689 Matth.
1383 5651 1420 5699 t,
1461 5635 1546 5691 l8.
1626 5635 1672 5666 ⁷³
1699 5635 1831 5690 ibid.
1911 5633 1960 5666 "
1987 5631 2177 5688 Matth.
2227 5646 2265 5695 ι,
2307 5629 2392 5683 19.
2467 5628 2510 5660 ⁷⁵
2547 5624 2681 5679 ibid.
2715 5621 2802 5676 20.
