4048 6210
501 195 642 251 ωδ

1555 193 1906 252 ΤΠΕΟῺΟΤΙ
1947 193 2250 252 EPISCOPI
2288 195 2639 254 ANCYBAM

3599 199 3748 257 “16

501 318 671 374 verat,
705 310 756 363 in
779 308 895 364 lucc
921 311 1085 366 verba
1115 311 1346 380 loquens
1378 328 1390 362 :
1426 328 1443 360 ι
1473 309 1612 366 Ecce
1641 312 1795 382 virgo
1824 313 1878 386 in
1911 321 2068 366 utero
2096 315 2140 370 Α
2170 320 2291 376 tur;
2336 311 2453 375 sed,
2494 331 2510 361 ‹
2552 311 2776 365 lnventa
2821 319 2903 366 est
2952 311 3006 364 in
3045 319 3204 365 utero
3242 311 3476 367 habens.
3513 333 3530 365 ι
3572 315 3750 371 Plane

500 404 746 468 habebit,
782 411 839 457 et
879 404 1055 472 pariet
1094 402 1288 465 ﬁlium,
1320 410 1378 456 et
1409 403 1682 457 vocabunt
1715 419 1916 458 nomen
1947 405 2066 475 ejus

499 493 822 548 Emmanuel
856 510 869 546 :
900 493 1045 562 quod
1080 492 1460 562 interpreteris
1485 492 1763 547 Nobiscum
1783 494 1923 550 Deus
1944 494 2013 547 ⁷ο.
2040 513 2057 543 ι

497 584 653 650 Quod
690 584 932 638 audisset
958 583 1209 638 diabolus
1233 599 1576 638 communem
1602 585 1828 655 gratiam
1855 600 1921 639 ex
1941 585 2064 640 Vir-

497 677 620 745 gine
661 677 1014 738 nascitnram,
1048 675 1408 729 insidiabatur
1440 675 1768 745 virginitati,
1797 691 2065 745 nusquam

495 781 616 818 eam
644 765 942 819 consistere
976 765 1178 820 sinens.
1211 765 1322 820 Nec
1349 780 1477 821 sane
1504 765 1644 835 apud
1674 765 1890 820 Iudaeos
1915 767 2068 837 virgo

498 858 606 910 ulla
640 867 778 922 erat,
820 874 922 912 nec
957 858 1163 912 ethnici
1195 851 1320 912 'rem
1359 859 1551 913 honori
1600 859 1895 924 habebant,
1933 875 2067 914 con-

495 949 757 1003 tendente
787 950 1032 1004 daemone
1071 960 1133 1005 ut
1170 952 1311 1005 hanc
1345 953 1486 1021 apud
1528 953 1779 1007 homines
1808 953 2067 1007 virtutem

495 1043 886 1112 exstingueret.
917 1042 1053 1108 Quia
1079 1058 1209 1113 ergo
1235 1044 1518 1115 virginitas
1543 1043 1804 1098 insidiisa
1827 1044 2069 1098 daemone

496 1134 876 1202 appetebatur,
907 1149 1031 1188 cum
1067 1143 1121 1189 et
1155 1136 1243 1189 ille
1279 1143 1391 1188 tum
1425 1135 1684 1189 virtutem
1719 1135 1847 1190 odio
1879 1151 2068 1205 prose-

482 1235 778 1295 .qucretur,
816 1233 929 1280 tum
972 1226 1137 1280 etiam
1186 1242 1385 1280 munus
1419 1227 1664 1281 humano
1697 1227 1883 1297 generi
1921 1229 2069 1282 salu-

485 1327 616 1371 :tare
660 1317 908 1383 timeret;
944 1317 1237 1387 desponsat
1271 1318 1492 1372 Mariam
1534 1318 1756 1388 Ioseph,
1785 1333 1848 1373 ac
1882 1319 2071 1372 matri-

486 1408 668 1462 monii
717 1409 1008 1462 exhibetur
1049 1407 1289 1478 species,
1329 1416 1396 1462 ut
1429 1409 1598 1479 Virgo
1638 1409 1811 1464 inscio
1851 1409 2070 1464 diabolo

496 1500 652 1570 virgo
693 1508 1044 1570 perseveret,
1087 1500 1456 1570 virginitatem
1498 1499 1694 1555 divina:
1735 1500 2068 1555 ordinationi

497 1606 753 1656 servans;
789 1590 988 1661 ﬁatque
1013 1592 1180 1663 Virgo
1204 1606 1271 1646 ex
1300 1608 1356 1647 se
1386 1592 1646 1647 nascituri
1671 1592 1886 1646 Domini
1910 1607 2067 1661 orga-

496 1695 649 1744 num,
686 1679 1125 1750 desponsationis
1165 1680 1257 1736 illo
1305 1682 1485 1736 colore
1535 1680 1797 1736 daemonis
1842 1681 2069 1737 insidias

492 1769 932 1825 1atens..ldcirco
966 1771 1133 1842 igitur
1157 1771 1356 1842 Ioseph
1393 1772 1448 1826 in
1482 1773 1995 1842 sponsamaccepit.

564 1861 628 1914 ν.
671 1860 871 1913 Verum
904 1879 921 1910 ‹
958 1861 1034 1915 ait
1058 1860 1284 1930 angelus
1321 1860 1522 1928 Ioseph
1555 1876 1569 1912 :
1600 1860 1718 1913 Noli
1755 1859 1948 1914 timere
1975 1875 2068 1914 ac-

496 1951 679 2019 cipere
713 1950 936 2003 Mariam
983 1951 1268 2020 conjugcm
1314 1959 1460 2005 tuam
1493 1967 1505 2003 :
1543 1950 1687 2020 quod
1721 1949 1868 2004 enim
1912 1950 1964 2004 in
2005 1967 2068 2005 ea

486 2050 686 2095 natum
719 2048 825 2105 est,
856 2040 923 2094 de
953 2040 1159 2110 Spiritu
1196 2051 1383 2096 sancto
1404 2051 1519 2096 est.
1557 2060 1574 2092 ι
1617 2040 1717 2096 llic
1746 2041 1918 2096 sancti
1943 2041 2068 2111 Spi-

491 2128 637 2183 ritus
674 2127 910 2197 dignitas
942 2130 1272 2195 ostenditur,
1306 2133 1533 2203 ejusque
1563 2130 1799 2186 creatrix
1830 2140 2069 2200 potestas

497 2219 674 2290 palam
731 2219 1023 2271 evincitur.
1078 2219 1305 2275 Creator
1362 2222 1565 2290 quippe
1625 2221 1772 2276 fetus
1831 2221 2069 2290 Spiritus

481 2315 718 2362 sanctus
747 2307 922 2377 angeli
946 2323 1195 2364 sermone
1226 2311 1584 2379 signiﬁcatur,
1605 2327 1780 2382 exque
1799 2327 1866 2366 oo
1895 2311 2070 2366 factus

496 2413 632 2466 puer
656 2399 725 2452 ab
751 2399 943 2469 angelo
972 2401 1247 2469 proditur.
1286 2401 1390 2468 Qui
1422 2418 1574 2468 vero,
1599 2418 1663 2457 ac
1690 2421 1795 2472 qua
1822 2404 2070 2460 ratione?

486 2488 631 2554 Quia
681 2491 826 2543 enim
887 2489 1141 2545 Christus
1199 2492 1375 2547 factus
1422 2501 1505 2547 est
1558 2495 1832 2550 secundus
1871 2495 2065 2560 Adam,

480 2580 819 2635 emendantc
862 2581 978 2635 Deo
1024 2583 1223 2651 prioris
1277 2585 1762 2654 transgressionem
1812 2585 2069 2656 (vocatur

481 2667 640 2723 enim
669 2666 922 2724 Christus
960 2672 1291 2726 novissimus
1320 2673 1512 2739 Adam,
1543 2674 1623 2729 sic
1649 2675 1909 2745 Apostolo
1941 2692 2066 2732 eum

483 2761 822 2830 .appellante.
861 2781 878 2813 (
914 2763 1108 2817 Factus
1138 2764 1410 2830 estenim,
1435 2765 1632 2835 inquit,
1662 2768 1873 2837 primus
1895 2768 2066 2826 Adam

495 2849 551 2902 in
586 2851 822 2905 animam
863 2850 1170 2917 viventem;
1215 2851 1547 2906 novissimus
1582 2853 1753 2908 Adam
1805 2854 1860 2909 in
1902 2855 2066 2925 spiri-

2166 402 2438 473 siquidem
2468 411 2586 456 erat
2608 403 2700 472 qui
2727 402 2899 456 factus
2921 410 3024 466 est,
3049 403 3288 457 salutare
3311 404 3752 474 dispensationis

2167 490 2470 546 inventum.
2516 491 2604 544 Ait
2644 506 2898 560 namque,
2935 509 2952 541 ι
2981 491 3205 544 Inventa
3233 499 3316 545 est
3359 491 3412 544 in
3447 503 3607 548 utero
3639 495 3752 549 ha-

2167 583 2306 638 bens
2337 583 2403 638 de
2440 583 2650 653 Spiritu
2692 592 2896 638 sancto.
2929 601 2950 634 Δι
2990 583 3254 638 Inventus
3283 596 3368 639 est
3397 585 3483 651 iis,
3508 589 3604 657 qui
3634 588 3754 644 ﬁde

2169 685 2498 745 receperunt
2537 674 2930 730 incarnationis
2969 675 3314 729 miraculum.
3355 677 3618 733 Inventus
3661 689 3756 735 est

2170 769 2400 822 salutem
2449 767 2828 822 consecuturis
2887 766 3161 832 ﬁdelibus,
3215 784 3278 823 ac
3327 769 3395 823 iis
3433 769 3527 838 qui
3580 769 3634 822 in
3682 785 3757 824 eo

2169 858 2314 928 quod
2353 869 2472 913 erat
2509 859 2888 928 conspicuum,
2928 873 3039 912 non
3077 859 3442 914 oll'endcrunt.
3481 861 3756 915 Inventus

2169 961 2252 1005 est
2281 967 2391 1005 non
2413 967 2479 1004 ex
2503 950 2726 1004 homine
2756 949 3053 1004 exsistendi
3083 960 3299 1020 sumpto
3327 952 3620 1023 principio,
3645 953 3752 1007 sed

2169 1056 2307 1094 nova
2333 1041 2566 1110 quadam
2599 1055 2663 1094 ac
2696 1039 2916 1093 insolita
2962 1039 3172 1094 ratione
3206 1057 3274 1094 ex
3314 1041 3519 1110 Spiritu
3549 1052 3757 1097 sancto

2169 1133 2372 1188 editus.
2397 1131 2598 1187 Fuerat
2622 1147 2752 1186 sane
2777 1146 2843 1185 cx
2869 1131 3080 1202 virgine
3109 1140 3354 1186 aratrum
3382 1149 3490 1187 non
3516 1145 3756 1203 experta

2171 1232 2316 1278 terra
2345 1223 2559 1293 primus
2595 1221 2766 1275 Adam
2794 1220 3097 1288 formatus;
3127 1239 3306 1292 exque
3336 1223 3494 1277 vulva
3526 1225 3756 1293 virgine

2170 1315 2438 1369 formatur
2476 1312 2826 1376 novissimus,
2858 1328 2968 1382 quo
2998 1307 3101 1366 hac
3126 1329 3343 1383 quoque
3373 1322 3524 1382 parte
3553 1314 3754 1367 Domi-

2170 1420 2276 1459 nus
2307 1403 2482 1458 Adam
2507 1403 2748 1470 jeﬁ'cctus
2777 1401 3053 1465 ﬁdelibus,
3093 1399 3223 1454 Adae
3249 1402 3432 1469 lapsus
3459 1400 3750 1455 emendet.

2237 1493 2354 1549 ’Vll.
2393 1512 2410 1544 ι
2445 1492 2644 1562 Ioseph
2689 1500 2873 1546 autem
2907 1492 2992 1545 vir
3022 1490 3163 1561 ejus,
3195 1506 3319 1546 cum
3357 1500 3504 1545 esset
3531 1489 3751 1560 justus.

2171 1592 2227 1638 et
2273 1584 2442 1638 nollet
2481 1597 2601 1636 eam
2640 1581 2946 1647 traducere,
2987 1581 3162 1635 voluit
3201 1581 3416 1636 occulte
3460 1580 3753 1637 dimittere

2169 1689 2311 1729 eam.
2353 1693 2371 1725 ι
2399 1673 2572 1728 Solvit
2593 1673 2874 1742 paululum
2895 1673 3213 1727 memoriam
3233 1673 3479 1743 mysterii
3501 1674 3748 1727 novitas.

2169 1767 2290 1822 Non
2313 1765 2460 1821 enim
2483 1764 2684 1834 Ioseph
2707 1763 2958 1818 miraculi
2984 1763 3261 1832 reputavit
3284 1763 3745 1834 magnitudinem.

2168 1857 2289 1911 Non
2329 1871 2429 1926 pro
2470 1871 2538 1911 eo
2579 1871 2642 1910 ac
2686 1855 2916 1910 decebat
2959 1855 3350 1919 consideravit,
3383 1854 3528 1925 quod
3569 1856 3748 1910 etiam

2171 1955 2420 2003 naturam
2473 1947 2770 2016 superabat
2818 1956 2875 2002 et
2929 1947 3231 2014 rationem;
3286 1947 3382 2002 sed
3429 1957 3749 2018 suspectam

2171 2039 2406 2094 habebat
2456 2037 2765 2107 Virginem,
2812 2039 2952 2093 clam
3000 2054 3058 2094 se
3103 2038 3432 2109 virginitatis
3465 2040 3748 2110 iacturam

2170 2144 2383 2199 passam
2419 2142 2541 2182 eam
2579 2128 2916 2184 existimans.
2959 2129 3319 2184 Existimabat
3355 2129 3590 2184 solutam
3632 2131 3751 2184 vir-

2169 2220 2474 2290 ginitatem,
2506 2219 2813 2275 mirabilem
2839 2219 3010 2275 fetum
3041 2220 3098 2274 in
3125 2226 3282 2274 utero
3304 2219 3518 2274 videns.
3548 2221 3750 2274 Incau-

2169 2317 2281 2364 tam
2329 2308 2712 2378 suspicabatur
2750 2309 3082 2380 virginitatis
3120 2310 3417 2380 jacturam,
3456 2310 3747 2365 admiran-

2169 2399 2293 2453 dam
2345 2399 2730 2454 oeconomiam.
2785 2400 3028 2455 Nescivit
3083 2399 3283 2468 Ioseph
3337 2400 3485 2469 quod
3533 2416 3746 2455 novum

2168 2489 2373 2546 factum
2405 2499 2548 2558 erat,
2571 2501 2627 2548 et
2661 2491 2836 2547 voluit
2879 2492 3094 2547 occulte
3125 2491 3401 2546 dimittere
3434 2491 3743 2562 Virginem,

2168 2598 2377 2639 morem
2412 2585 2586 2640 veteri
2619 2583 2724 2654 legi
2752 2598 2969 2654 gerens.
3005 2585 3205 2641 Verum
3246 2584 3472 2656 corrigit
3507 2587 3748 2656 angelus

2168 2673 2312 2744 quod
2347 2675 2423 2730 ita
2463 2675 2862 2746 suspicabatur,
2895 2675 2947 2730 ei
2982 2676 3078 2746 qui
3112 2675 3373 2746 deceptus
3405 2685 3552 2732 esset
3587 2678 3748 2748 igno-

2168 2780 2346 2821 scens.
2383 2764 2694 2837 Suspicioni
2727 2766 2819 2821 dat
2849 2767 3085 2821 veniam.
3119 2767 3241 2822 Non
3275 2769 3423 2822 enim
3464 2770 3746 2839 ejusmodi

2167 2865 2287 2911 erat
2308 2857 2650 2930 mysterium,
2680 2865 2740 2912 ut
2766 2858 3020 2913 humanis
3037 2859 3172 2913 illud
3195 2859 3497 2916 rationibus
3520 2861 3750 2930 assequi

488 2953 612 2995 tum
647 2942 1012 2996 viviﬁcantem
1044 2943 1111 2996 ττ.
1153 2962 1171 2993 ι
1219 2943 1335 2998 Nec
1370 2944 1504 2999 dicit
1550 2947 1825 3001 secundus
1868 2947 2062 3012 Adam,
2091 2973 2134 3032 ο
2167 2957 2371 3017 posset.
2417 2947 2787 3015 Quamobrem
2838 2965 2950 3004 non
2996 2950 3240 3020 increpat
3285 2950 3488 3020 Ioseph
3531 2958 3594 3004 ut
3644 2951 3746 3022 qui

483 3047 804 3100 quanquam
873 3049 980 3087 non
1027 3034 1320 3103 ignorabat
1370 3036 1670 3091 secundum
1721 3053 1788 3092 ex
1839 3041 2066 3093 adverso

493 3123 697 3191 prioris
721 3124 980 3194 distingui
1013 3142 1026 3178 :
1056 3125 1150 3179 sed
1185 3127 1519 3181 novissimum
1549 3144 1675 3182 eum
1709 3128 1839 3184 dicit
1868 3129 2062 3195 Adam,

494 3227 562 3265 ne
589 3215 808 3266 tertium
837 3221 1162 3282 quartumve
1203 3215 1368 3269 alium
1401 3216 1749 3286 speraveris).
1781 3217 1909 3272 Erat
1934 3233 2064 3289 ergo

492 3301 758 3357 Dominus
786 3303 1116 3359 novissimus
1142 3305 1344 3371 Adam;
1379 3307 1635 3376 quodque
1667 3307 1818 3377 prior
1848 3323 1876 3362 a
1903 3309 2064 3364 Patre

492 3392 760 3447 formatus
786 3394 876 3458 sit,
902 3395 1232 3450 novissimus
1257 3411 1286 3450 a
1314 3395 1522 3466 Spiritu
1555 3406 1743 3453 sancto
1777 3398 2060 3464 formatur,

481 3499 602 3553 quo
647 3485 909 3553 aequalem
961 3485 1198 3555 Spiritus
1251 3490 1424 3543 sancti
1464 3506 1537 3545 ac
1583 3491 1762 3546 Patris
1804 3493 2063 3548 virtutem

481 3573 780 3643 signiﬁcet.
829 3575 1017 3645 Neque
1074 3584 1254 3632 tamen
1298 3580 1513 3649 primus
1557 3581 1675 3635 sine
1713 3581 1923 3652 Spiritu
1965 3591 2064 3638 aut

494 3661 786 3736 Unigenito
828 3683 938 3721 non
985 3679 1314 3738 cooperante
1355 3672 1608 3727 conditus
1636 3680 1739 3736 est,
1769 3673 1852 3727 vel
1884 3689 1916 3728 a
1945 3674 2063 3729 solo

487 3755 654 3810 Patre
689 3764 904 3812 creatus
932 3775 944 3810 :
978 3767 1164 3813 sancta
1192 3761 1339 3814 enim
1369 3761 1608 3817 Trinitas
1638 3771 1757 3816 erat
1784 3779 1906 3833 qua:
1933 3780 2064 3817 con-

490 3845 657 3900 debat
686 3847 985 3914 hominem,
1014 3865 1189 3921 coque
1225 3853 1390 3906 etiam
1430 3853 1646 3909 diccbat
1680 3855 1878 3909 Pater:
1913 3875 1930 3906 ‹
1957 3857 2062 3910 Fa-

488 3935 699 3990 ciamus
753 3938 1029 3994 hominem
1077 3942 1144 3995 ad
1198 3942 1489 4012 imaginem
1539 3953 1596 3998 et
1645 3945 2061 3999 similitudinem

485 4032 730 4078 nostram
762 4026 843 4093 ⁷⁸;
887 4047 904 4079 ι
961 4029 1254 4100 Unigenito
1304 4047 1444 4097 suo,
1499 4043 1796 4103 sanctoque
1853 4034 2061 4104 Spiritu

485 4114 738 4185 adjutore
774 4134 838 4172 ac
872 4122 1185 4176 consultore
1225 4132 1385 4178 utens
1413 4141 1426 4177 :
1452 4123 1557 4178 hoc
1590 4133 1693 4190 est,
1731 4125 1846 4194 ipse
1873 4141 2060 4181 secum

487 4221 614 4260 cum
664 4223 760 4262 sua
799 4211 1065 4279 sapientia
1105 4229 1166 4268 ac
1210 4215 1262 4267 vi
1307 4215 1680 4271 sanctiﬁcante
1727 4218 2059 4287 colloquium

2167 3039 2495 3095 calumniam
2545 3048 2742 3107 struat,
2774 3041 2872 3097 sed
2914 3043 3075 3098 docet
3110 3043 3241 3112 quid
3277 3059 3366 3098 res
3389 3043 3610 3109 habeat,
3642 3060 3750 3100 ve-

2165 3130 2312 3184 niam
2360 3131 2680 3201 ignorantiae
2722 3134 2992 3204 praebens.
3034 3134 3125 3189 Ait
3157 3150 3392 3205 namque
3420 3135 3498 3190 illi
3531 3153 3545 3188 :
3583 3155 3602 3186 ι
3643 3137 3748 3190 Io-

2165 3222 2299 3291 seph
2331 3222 2407 3275 ﬁli
2431 3223 2618 3278 David.
2651 3243 2668 3274 ι
2707 3225 2885 3280 Etiam
2916 3224 3258 3281 nobilitatem
3291 3226 3567 3282 honorans
3589 3242 3750 3282 com-

2165 3321 2453 3378 memorat,
2481 3314 2849 3384 suspicionem
2883 3333 3102 3372 eurans.
3151 3336 3170 3368 ¢
3201 3317 3401 3388 Ioseph
3433 3317 3507 3374 ﬁli
3539 3320 3746 3386 David,

2165 3403 2277 3457 noli
2299 3403 2498 3459 timere
2526 3406 2776 3476 accipere
2805 3405 3027 3462 Mariam
3059 3409 3344 3480 conjugcm
3369 3420 3512 3471 tuam
3539 3428 3555 3466 :
3585 3414 3747 3482 quod

2165 3493 2311 3548 enim
2345 3495 2400 3549 in
2433 3511 2498 3550 ea
2523 3505 2712 3552 natum
2739 3507 2841 3563 est,
2867 3499 2935 3554 de
2966 3498 3174 3569 Spiritu
3211 3510 3394 3557 sancto
3428 3513 3528 3558 est.
3565 3523 3586 3556 ι
3620 3505 3744 3560 Co-

2165 3587 2316 3659 gnito
2344 3604 2474 3660 ergo
2509 3589 2708 3660 Ioseph
2751 3592 3031 3664 mysterio,
3073 3593 3294 3664 citoque
3331 3593 3481 3648 ﬁdem
3526 3598 3742 3665 angelo

2165 3679 2392 3746 habens,
2421 3680 2624 3737 factum
2649 3697 2713 3738 ex
2737 3683 2957 3755 Virgine
2982 3685 3388 3740 Emmanuelem
3418 3694 3564 3740 certo
3587 3702 3737 3741 con-

2159 3769 2385 3840 jiciens,
2433 3785 2498 3827 ac
2543 3771 2911 3843 lcgislatorem
2956 3787 3242 3845 sequestra
3277 3777 3494 3848 Virgine
3537 3776 3747 3834 adesse

2165 3865 2507 3936 intelligens,
2550 3867 2724 3938 legem
2763 3870 3006 3940 reliquit,
3033 3887 3137 3926 nec
3168 3871 3602 3941 desponsationis
3632 3887 3743 3926 ne-

2164 3957 2552 4014 cessitudinem
2591 3960 2773 4025 solvit,
2802 3963 2896 4031 qui
2925 3971 2982 4018 et
3011 3963 3127 4032 ipse
3169 3962 3427 4033 mysterio
3464 3962 3596 4016 huic
3628 3963 3743 4016 mi-

2163 4047 2336 4103 nister
2371 4048 2550 4105 libens
2597 4052 2904 4107 accederet.
2959 4053 3172 4124 Accipit
3211 4054 3396 4123 itaque
3429 4054 3738 4124 Virginem,

2164 4153 2274 4193 non
2319 4140 2429 4210 jam
2481 4151 2542 4194 ut
2578 4143 2884 4212 coniugem,
2911 4144 3011 4198 sed
3050 4152 3109 4197 ut
3148 4160 3361 4210 arcam;
3395 4160 3505 4199 non
3533 4143 3739 4213 legem,

2164 4230 2260 4284 sed
2305 4230 2481 4301 ipsum
2531 4232 2895 4303 lcgislatorem
2945 4235 3231 4291 ferentem.
3271 4235 3519 4290 Habebat
3566 4235 3743 4305 igitur

488 4295 719 4394 "aliens:
771 4317 790 4349 ‘
822 4299 1093 4394 θίιτίξῑυεν
1123 4303 1366 4372 quidem,
1406 4304 1501 4358 Dei
1536 4304 1714 4360 νίνιυε
1755 4315 1857 4371 εει,
1887 4317 1941 4362 ει
1966 4309 2062 4363 Dei
2094 4304 2139 4360 Ῑ)
2162 4319 2363 4390 Ioseph
2382 4321 2661 4392 Virginem
2688 4325 2947 4394 mysterio
2974 4325 3238 4387 serviens,
3263 4340 3594 4394 servansque
3620 4325 3742 4378 vir-

489 4389 752 4456 sapientia
778 4391 854 4456 7";
893 4411 916 4443 ι»
955 4391 1194 4462 Spiritus
1234 4404 1418 4450 autem
1452 4405 1674 4452 sanctus
1714 4399 2062 4456 sanctiﬁcans

487 4482 802 4537 Conditoris
826 4483 909 4536 vis
927 4484 1159 4538 exsistit.
1185 4485 1304 4540 Non
1327 4502 1458 4557 ergo
1480 4486 1621 4542 alius
1646 4504 1769 4544 cum
1790 4489 1897 4544 alio
1925 4508 2058 4547 con-

487 4573 670 4628 silium
703 4573 951 4628 habitum
983 4584 1087 4640 cst,
1116 4576 1208 4630 sed
1246 4577 1360 4647 ipse
1391 4594 1542 4633 suam
1577 4581 1896 4650 sapientiam
1928 4599 2061 4638 con-

486 4664 595 4719 silii
643 4665 846 4718 sociam
894 4681 958 4719 ac
996 4666 1322 4735 adjutricem
1362 4671 1602 4739 accepit;
1649 4672 1867 4741 vimque
1912 4673 2061 4728 illam

485 4752 917 4808 sanctiﬁcantem
956 4755 1024 4809 ad
1060 4756 1354 4811 crcationis
1382 4773 1521 4828 Opus
1552 4763 1864 4830 assumpsit,
1899 4764 2057 4834 cujus

487 4845 635 4900 illius
686 4863 884 4901 munus
925 4855 986 4901 ut
1031 4855 1214 4902 creata
1257 4858 1456 4915 servet,
1483 4852 1672 4922 eisque
1710 4856 2055 4911 sanctitatem

486 4937 782 5006 impertiat.

553 5030 642 5084 Vl.
677 5050 695 5081 ι
731 5030 859 5085 Iesu
902 5029 1107 5086 Christi
1150 5045 1281 5102 ergo
1313 5033 1592 5102 generatio
1629 5035 1707 5088 sic
1739 5046 1876 5091 erat.
1917 5037 2056 5093 Cum

485 5120 632 5176 enim
677 5133 822 5176 esset
869 5122 1194 5192 desponsata
1243 5133 1418 5178 mater
1459 5126 1579 5194 ejus
1627 5127 1792 5181 Maria
1831 5129 2055 5199 Ioseph,

484 5223 778 5284 antequam
805 5215 1183 5279 convenirent,
1232 5215 1450 5269 inventa
1479 5225 1562 5270 est
1590 5218 1642 5270 in
1670 5227 1824 5272 utero
1854 5220 2061 5276 habens

485 5303 552 5357 de
577 5299 784 5373 Spiritu
809 5313 1016 5359 sancto.
1044 5325 1060 5356 ι
1095 5305 1281 5374 Neque
1309 5307 1466 5368 dixit,
1489 5309 1762 5376 accepisse
1789 5310 1842 5363 in
1865 5319 2056 5366 utero:

482 5411 596 5450 non
623 5399 767 5451 enim
805 5415 870 5452 ex
909 5401 1050 5454 virili
1086 5402 1293 5455 semine
1326 5412 1464 5467 erat,
1501 5403 1646 5471 quod
1676 5404 1768 5457 illo
1805 5406 2060 5474 gestaba~

2162 4411 2466 4482 ginitatem.
2519 4413 2786 4484 Cognovit
2841 4431 2960 4484 quae
3014 4417 3169 4486 prius
3220 4417 3502 4486 propheta:
3560 4417 3742 4471 locuti

2164 4512 2338 4557 erant.
2391 4504 2662 4560 lntellexit
2713 4507 3107 4576 prOphetarum
3153 4522 3434 4564 sermones
3472 4527 3486 4562 :
3528 4510 3742 4579 quippe

2159 4594 2340 4663 justus
2387 4603 2525 4661 erat,
2555 4611 2758 4666 eosque
2802 4613 3084 4654 sermones
3134 4599 3389 4655 meditari
3434 4616 3534 4655 usu
3583 4599 3741 4654 didi-

2165 4693 2334 4738 CCI'IIL

2237 4775 2370 4828 Vlll.
2410 4776 2610 4831 Verum
2645 4778 2929 4835 videamus
2947 4790 3003 4836 et
3028 4782 3393 4852 prephetiam,
3430 4792 3492 4837 ut
3523 4783 3741 4836 miran-

2167 4864 2296 4917 dum
2326 4866 2470 4921 hunc
2510 4869 2751 4937 signaret
2783 4883 3020 4939 partum.
3062 4873 3121 4926 ln
3148 4873 3388 4928 medium
3413 4873 3743 4943 prophetam

2166 4955 2519 5021 adducamus,
2580 4960 2674 5015 Dei
2712 4963 3071 5031 explicantem
3108 4973 3321 5033 partum
3348 5007 3362 5028 ,
3407 4966 3579 5020 salute
3628 4966 3746 5020 bu-

2167 5062 2387 5100 mauum
2425 5064 2596 5118 genus
2625 5050 2974 5108 donaturum.
3010 5053 3188 5110 Altius
3227 5056 3408 5125 itaque
3451 5056 3747 5127 propheti-

2159 5154 2283 5192 cum
2309 5155 2619 5196 sermonem
2644 5153 2976 5212 repetamus,
3015 5161 3078 5200 ac
3120 5147 3275 5200 vobis
3294 5147 3636 5219 prophetiam
3669 5164 3746 5202 ex

2155 5230 2460 5286 abundanti
2494 5234 2849 5304 explicemus.
2903 5237 2990 5292 Ait
3037 5253 3167 5307 ergo
3205 5239 3370 5294 Isaias
3418 5239 3684 5309 propheta
3719 5256 3741 5292 :

2166 5338 2184 5370 ε
2226 5319 2371 5374 Dixit
2409 5323 2670 5379 Dominus
2723 5326 2789 5380 ad
2839 5326 3022 5382 Achaz
3067 5330 3237 5384 :Pete
3289 5329 3386 5383 tibi
3439 5331 3658 5401 signum
3702 5345 3744 5385 ι

2157 5411 2273 5466 Deo
2310 5423 2402 5468 tuo
2438 5414 2492 5468 in
2517 5417 2816 5482 excelsum,
2849 5419 2963 5474 sive
2991 5421 3046 5474 in
3078 5420 3408 5490 profundum
3436 5419 3503 5475 ⁸ο.
3531 5439 3549 5473 ι
3575 5421 3744 5488 Pete,

556 5570 604 5603 "
640 5571 740 5626 lsa.
779 5591 869 5635 vn,
906 5577 998 5640 H;
1032 5577 1219 5633 Matth.
1252 5597 1290 5645 ι,
1322 5581 1409 5634 25.
1488 5583 1529 5615 ⁷⁷
1559 5581 1726 5637 lCor.
1758 5599 1846 5649 xv,
1879 5585 1965 5639 45.
2043 5587 2088 5620 "
2120 5587 2254 5647 Gen.
2290 5607 2325 5652 ι,
2351 5593 2438 5646 26.
2519 5595 2561 5629 τ’
2591 5596 2607 5648 l
2640 5596 2762 5649 Cor.
2800 5613 2838 5659 ι,
2869 5597 2955 5651 Eli.
3036 5600 3080 5630 ⁸ο
3113 5599 3212 5654 lsa.
3241 5615 3335 5663 vn,
3370 5600 3451 5654 lO.
