4072 6210
0 5101 149 5185 μιν

226 402 233 411 ο
273 376 412 435 ΜΠ

830 365 1108 426 HOMILIA
1147 367 1213 422 Vl
1253 364 1316 420 IN
1358 364 1416 419 S.
1455 360 1806 417 DEIPARAM
1845 358 1931 413 ET
1971 359 2039 413 IN
2079 356 2549 412 NATIVITATEM
2587 354 2840 412 DOMINI.

3329 358 3506 415 ’1418

294 488 473 559 nquit,
511 502 542 541 a
566 486 679 540 Deo
702 483 1024 538 miraculum
1052 496 1118 536 ac
1145 480 1386 551 signum,
1409 477 1557 548 quod
1583 456 1840 531 ostendat
1872 479 1911 534 Α
1940 472 2255 527 Judzeorum
2285 469 2791 559 reprehensionem,
2826 468 2920 538 qui
2948 469 3290 559 prophetiam
3314 470 3512 542 depra-

272 581 660 636 universorum
694 575 872 645 ipsum
911 586 1033 627 esse
1078 569 1354 641 opiﬁcem.
1384 568 1578 634 Quaere
1609 564 1843 619 miracu-

271 672 416 736 lum,
450 678 513 724 ut
540 665 815 724 Creatoris
834 662 1135 734 potentiam
1164 658 1403 716 noveris.
1434 659 1563 713 Pete
1590 671 1707 711 rem
1741 669 1841 708 no-

271 774 396 815 vam
432 768 490 815 ει
538 756 831 821 insolitam,
866 768 989 825 qua).
1038 752 1108 808 de
1158 753 1272 807 Deo
1312 749 1509 805 doceat
1558 747 1841 808 virtutem,

271 863 603 919 servumque
623 855 676 902 te
709 846 928 903 ﬁdelem
952 844 1051 901 Dei
1080 843 1299 900 eﬁieiat.
1325 841 1471 909 Quid
1493 854 1625 909 ergo
1666 836 1845 893 ﬁdelis

268 940 490 997 Acbaz?
522 938 676 1005 Mihi,
712 938 912 1009 inquit,
951 936 1089 993 ﬁdes
1108 935 1326 992 sufﬁcit.
1351 932 1435 989 Ad
1460 946 1582 988 eam
1617 930 1844 985 minime

272 1031 495 1102 requiro
546 1030 956 1101 probationem,
998 1043 1123 1098 quae
1166 1026 1224 1082 in
1274 1039 1461 1081 rerum
1500 1020 1846 1079 exhibitione

270 1120 544 1178 consistit.
607 1120 784 1176 Filius
825 1134 948 1175 sum
975 1118 1210 1174 Abrahae
1243 1117 1339 1186 qui
1367 1113 1474 1169 ﬁde
1515 1109 1848 1183 justiﬁcatus

269 1221 375 1278 est,
401 1224 507 1266 nec
533 1210 799 1266 miracula
821 1208 1132 1279 requisivit.
1154 1207 1276 1263 Non
1310 1203 1547 1283 indiguit
1573 1200 1847 1257 Abraham

271 1302 667 1359 miraculorum
690 1300 1035 1373 probatione,
1066 1307 1130 1353 ut
1162 1298 1338 1352 Deum
1362 1295 1689 1351 doceretur.‘
1727 1292 1848 1349 Non

271 1409 413 1465 opus
440 1392 635 1449 habuit
659 1391 944 1463 prodigiis,
969 1389 1171 1460 quibus
1198 1387 1277 1443 illi
1310 1387 1692 1443 universorum
1730 1382 1848 1453 opi-

268 1486 361 1539 fex
376 1483 774 1539 deelararetur.
801 1481 934 1537 Mihi
959 1495 1114 1552 ergo,
1145 1478 1344 1548 inquit,
1361 1476 1497 1533 satis
1520 1485 1605 1532 est
1626 1484 1849 1545 paterna

273 1574 588 1631 haereditas.
623 1574 829 1629 Fidelis
868 1588 989 1628 esse
1013 1571 1141 1627 volo
1175 1569 1323 1625 ﬁlius
1360 1568 1538 1624 ﬁdelis
1588 1564 1844 1622 Abrahae.

274 1666 541 1737 Majorum
587 1664 751 1721 ﬁdem
802 1664 1066 1734 suscipio,
1106 1676 1221 1717 non
1279 1659 1555 1716 curiosius
1602 1658 1845 1729 inquiro.

282 1777 299 1809 ι
335 1758 456 1812 Νοιι
480 1766 683 1828 petam,
731 1754 930 1826 inquit,
971 1762 1029 1810 et
1069 1768 1181 1808 non
1220 1750 1442 1807 tentabo
1471 1748 1783 1805 Dominum.
1819 1765 1843 1800 ι

272 1850 395 1904 Non
446 1850 557 1920 jam
599 1848 798 1903 divinae
844 1845 1069 1902 virtutis
1122 1843 1559 1914 experimentum
1610 1839 1841 1910 capiam.

273 1940 445 1996 Docet
487 1954 575 1994 me
612 1937 769 2003 ﬁdes,
801 1946 1008 2008 quanta
1047 1936 1194 1991 Deus
1231 1934 1429 1989 valeat.
1460 1932 1589 1987 111cc
1623 1929 1847 2000 quidem

276 2048 371 2087 rex
402 2031 602 2086 Achaz.
633 2028 772 2096 Quia
816 2044 948 2084 vero
976 2026 1199 2082 Davidis
1245 2024 1502 2096 cognatio
1528 2021 1598 2079 ad
1627 2021 1847 2079 Iudaeos

275 2119 512 2175 deducta
534 2118 780 2190 quotidie
803 2117 957 2189 signa
978 2125 1034 2173 et
1058 2114 1323 2171 miracula
1347 2122 1513 2184 atque
1537 2118 1794 2183 portenta
1817 2126 1848 2166 a

276 2213 390 2268 Deo
413 2210 716 2283 ﬂagitabat,
745 2209 1252 2279 miraculorumque
1270 2206 1631 2279 probationes
1655 2204 1725 2260 ad
1752 2204 1850 2261 Dei

275 2302 642 2373 prerstandam
692 2300 1083 2373 cognitionem,
1122 2299 1199 2353 ait
1234 2297 1505 2368 propheta
1532 2294 1721 2351 domui
1750 2294 1855 2350 Da-

276 2394 369 2449 vid
391 2410 513 2465 qua:
558 2410 654 2449 rex
692 2393 923 2449 dixerat.
965 2390 1187 2457 Audite,
1218 2388 1420 2460 inquit,
1454 2402 1624 2453 nunc,
1657 2384 1854 2441 domus

277 2487 472 2554 David,
502 2486 635 2557 quid
666 2486 812 2543 dicat
836 2484 1038 2550 Achaz,
1067 2499 1179 2539 non
1203 2497 1451 2553 quaerere
1476 2495 1535 2536 se
1556 2480 1772 2551 signum
1793 2486 1856 2533 ut

278 2579 445 2634 ﬁdem
468 2579 580 2634 Deo
606 2578 808 2633 habeat
849 2593 863 2630 :
909 2591 1007 2631 vos
1050 2581 1235 2631 autem
1270 2572 1503 2629 Domino
1554 2569 1854 2628 certamina

277 2672 531 2737 movetis,
564 2670 953 2726 miraculorum
983 2684 1052 2724 ex
1074 2683 1142 2724 eo
1168 2666 1448 2738 exigentes
1477 2663 1851 2736 probationes,

1941 571 2091 617 vent.
2124 561 2259 617 Vide
2281 576 2466 616 veram
2496 558 2840 631 prophetiam
2858 557 3198 613 cavillantes.
3216 559 3508 630 Postquam

1942 653 2091 708 cnim
2126 651 2475 708 manifestum
2499 660 2586 707 est
2604 650 2814 707 Christi
2846 650 3171 722 mysterium
3211 649 3509 722 (signiﬁca-

1945 745 2039 801 bat
2054 744 2202 801 enim
2222 752 2441 815 partum
2459 743 2781 815 virginalem
2802 742 3093 799 ducentem
3112 758 3214 799 nos
3232 744 3301 799 ad
3320 745 3514 803 Deum.

1944 836 2267 893 Emmanuel
2289 850 2549 905 namque,
2575 834 2625 890 is
2655 833 2752 905 qui
2786 843 2945 890 utero
2972 843 3219 902 gestatur
3254 851 3320 891 ac
3353 848 3512 907 partu

1945 927 2150 994 editur,
2204 925 2659 996 interpretatione
2710 926 2859 980 valet
2906 925 3190 981 Nobiscum
3234 926 3420 999 Deus),
3447 928 3517 983 ab

1946 1018 2052 1073 hoc
2071 1016 2246 1074 Judaei
2278 1031 2443 1072 sensu
2480 1014 2829 1087 prophetiam
2865 1013 3263 1086 detorquentes
3287 1056 3304 1083 ,
3352 1025 3521 1088 atque

1945 1125 1977 1165 a
2000 1109 2205 1166 Christi
2230 1108 2470 1164 adventu
2517 1122 2830 1164 sermonem
2851 1106 3256 1175 abstrahentes,
3281 1124 3392 1166 non
3421 1127 3521 1167 au-

1946 1200 2127 1267 diunt,
2160 1219 2179 1252 ι
2218 1199 2361 1256 Εεεε
2395 1198 2555 1271 virgo
2598 1197 2658 1253 in
2687 1207 2848 1255 utero
2869 1197 3120 1266 habebit,
3163 1218 3183 1253 ι
3215 1199 3337 1267 sed,
3375 1201 3522 1258 Ecce

1941 1290 2239 1363 juvencula
2268 1291 2327 1346 in
2354 1298 2516 1348 utero
2537 1289 2784 1357 habebit,
2821 1290 3168 1361 prophetiam
3202 1292 3519 1349 adulteran-

1950 1389 2036 1437 tes
2081 1389 2143 1436 ut
2187 1379 2393 1438 Christi
2441 1380 2815 1437 testimonium
2856 1379 3177 1443 obscurent.
3230 1382 3369 1439 Nam
3427 1383 3521 1440 alii

1947 1474 2172 1545 quidem
2200 1473 2396 1530 dicunt
2425 1492 2440 1528 :
2470 1474 2612 1531 Ecce
2645 1473 2941 1546 juveneula
2972 1472 3031 1529 in
3064 1482 3226 1531 utero
3258 1475 3521 1545 habebit;

1949 1565 2063 1629 alii,
2092 1565 2234 1621 Ecce
2274 1563 2684 1621 adolescentula
2706 1604 2722 1630 ,
2764 1563 2971 1621 Christi
3010 1575 3231 1637 partum
3244 1556 3525 1625 'volentcs

1949 1673 2210 1730 separare
2242 1673 2274 1713 a
2302 1657 2613 1729 prophetia.
2636 1657 2843 1714 Verum
2868 1658 2948 1714 ait
2976 1659 3248 1730 propheta
3276 1678 3289 1715 :
3335 1681 3354 1713 ι
3380 1661 3526 1719 Ecce

1950 1751 2108 1822 virgo
2141 1750 2201 1805 in
2233 1758 2394 1806 utero
2430 1748 2678 1815 habebit,
2708 1758 2767 1806 et
2814 1750 2994 1820 pariet
3035 1750 3232 1816 ﬁlium,
3260 1760 3318 1808 et
3355 1767 3523 1808 voca-

1949 1841 2088 1898 bunt
2115 1856 2316 1897 nomen
2352 1842 2473 1913 ejus
2511 1841 2858 1907 Emmanuel,
2906 1841 3055 1911 quod
3079 1850 3164 1898 est
3196 1842 3528 1913 interpreta-

1951 1943 2090 1999 tum,
2116 1933 2397 1990 Nobiscum
2420 1933 2580 1988 Deus.
2624 1951 2645 1985 ι
2678 1932 2761 1989 Tu
2786 1948 2922 1988 vero
2973 1932 3030 1989 id
3058 1948 3281 2004 quoque
3308 1934 3366 1989 in
3393 1950 3527 2005 pro-

1950 2025 2137 2096 phetia
2175 2024 2487 2081 considera.
2523 2023 2696 2089 Ecce,
2740 2023 2922 2094 inquit
2945 2023 3237 2095 propheta,
3277 2024 3526 2080 futurum

1949 2116 2085 2189 quid
2105 2117 2458 2172 annuntians.
2480 2115 2635 2181 Ecce,
2659 2115 2860 2185 inquit,
2891 2124 2953 2171 ut
2982 2115 3179 2172 videns
3205 2116 3354 2187 quod
3373 2125 3528 2187 post-

1951 2224 2019 2266 ea
2060 2217 2182 2267 erat
2228 2208 2497 2263 futurum.
2528 2207 2660 2263 Tale
2693 2206 2828 2279 quid
2863 2207 3012 2264 enim
3042 2216 3129 2264 est
3173 2209 3530 2280 propheticus

1952 2300 2169 2367 oculus,
2198 2299 2255 2355 id
2276 2295 2426 2370 q'uod
2454 2309 2540 2355 est
2566 2299 2816 2356 futurum
2856 2298 3054 2355 videns
3094 2314 3163 2355 ac
3205 2299 3254 2356 si
3286 2300 3346 2355 in
3386 2316 3529 2372 prae-

1953 2392 2130 2448 sentia
2156 2399 2462 2463 gereretur.
2494 2389 2589 2446 Sic
2619 2389 2834 2456 videns,
2854 2390 2938 2447 sic
2964 2390 3228 2461 loquitur.
3252 2391 3406 2458 Ecce,
3428 2407 3532 2462 pro

1954 2501 2023 2541 eo
2067 2500 2135 2542 ac
2198 2491 2313 2550 est,
2350 2483 2465 2555 Ego
2519 2479 2684 2537 video
2734 2480 2884 2550 quod
2939 2494 3039 2535 vos
3088 2479 3254 2535 hodie
3302 2479 3531 2537 auditis.

1963 2596 1983 2629 ι
2026 2577 2170 2634 Εεεε
2198 2575 2354 2646 virgo
2383 2575 2442 2630 in
2479 2584 2639 2628 utero
2670 2568 2918 2636 habebit,
2948 2579 3007 2625 et
3036 2569 3216 2640 pariet
3238 2569 3434 2638 ﬁlium,
3474 2582 3534 2629 et

1955 2668 2235 2724 vocabunt
2274 2678 2477 2720 nomen
2516 2662 2659 2732 ejus
2681 2659 3025 2715 Emmanuel.
3066 2679 3086 2712 ι
3136 2660 3261 2717 Νοιι
3313 2663 3534 2720 vocabit

278 2763 538 2833 velutque
559 2761 616 2817 in
647 2760 885 2817 stadium
907 2773 973 2814 ac
991 2766 1270 2814 certamen
1288 2757 1461 2812 Deum
1496 2753 1735 2819 trahitis,
1759 2767 1859 2822 po-
1954 2757 2180 2827 Joscpb,
2239 2762 2404 2810 autvc
2434 2760 2611 2808 mater
2639 2768 2653 2805 :
2694 2766 2806 2807 non
2847 2750 2928 2807 sie
2961 2752 3242 2809 vocabunt
3281 2754 3378 2826 qui
3412 2756 3535 2828 ejus

280 2852 466 2911 tentia:
485 2868 650 2925 opera
681 2851 1057 2922 exquirentes,
1080 2862 1261 2917 neque
1297 2845 1588 2901 credentes
1611 2843 1721 2898 nisi
1767 2843 1853 2897 vi-

279 2948 478 3004 deritis
532 2946 709 3018 signa.
758 2943 916 3011 Quod
953 2950 1012 2997 et
1057 2939 1325 2996 Dominus
1384 2936 1453 2993 dc
1489 2934 1694 2992 Iudaeis
1731 2934 1852 2989 ait:

287 3058 308 3092 ι
343 3038 460 3094 Nisi
487 3038 642 3109 signa
673 3045 732 3092 et
760 3033 1007 3106 prodigia
1026 3029 1299 3097 videritis,
1337 3043 1448 3083 non
1484 3025 1798 3084 creditis“.
1829 3046 1848 3078 ι

280 3130 398 3187 Hoc
420 3128 746 3202 signiﬁcavit
784 3125 972 3207 Isaias,
1005 3121 1229 3179 Davidis
1254 3120 1517 3176 familiam
1545 3120 1854 3190 increpans.
1883 3146 1928 3207 ο

278 3218 375 3274 Ait
409 3232 685 3288 namque:
720 3233 739 3266 ι
768 3203 972 3269 Λιιὰὶιό
1000 3227 1182 3278 ιιιιιιε,
1216 3210 1412 3268 domus
1439 3208 1613 3266 David
1643 3227 1657 3263 :
1696 3209 1854 3265 Nun-

276 3310 414 3380 quid
444 3323 639 3379 parum
659 3306 817 3362 vobis
835 3313 921 3360 est
944 3313 1220 3361 certamen
1239 3302 1485 3373 praebere
1516 3300 1851 3367 hominibus,

272 3409 338 3455 et
388 3396 667 3468 quomodo
714 3394 947 3451 Domino
978 3381 1234 3465 praebetis
1263 3404 1541 3449 certamen
1561 3393 1626 3425 “‘
1652 3392 1676 3447 ?
1708 3412 1729 3445 ι
1760 3392 1856 3449 Ju-

274 3488 530 3542 dacorum
574 3484 981 3555 improbitatem
1035 3481 1248 3553 arguit,
1282 3496 1586 3552 eorumque
1626 3480 1852 3537 demen-

278 3579 416 3633 tiam
449 3575 545 3647 qui
571 3574 837 3631 miracula
868 3582 1122 3645 peterent
1161 3573 1231 3629 ad
1264 3572 1426 3628 ﬁdem
1460 3572 1680 3628 veritati
1711 3587 1853 3641 prte-

276 3665 550 3723 standam.
568 3664 709 3732 Quia
737 3678 870 3719 vero
888 3678 1007 3730 vos,
1032 3661 1231 3732 inquit,
1260 3660 1435 3716 stadia
1468 3676 1535 3716 ac
1555 3660 1853 3716 certamina

274 3756 530 3829 quotidie
547 3756 662 3812 Deo
685 3753 1024 3827 praetenditis
1038 3751 1302 3808 miracula
1325 3751 1694 3822 exquirentes,
1722 3771 1741 3802 ι
1762 3751 1857 3807 da-

275 3846 368 3902 bit
386 3844 650 3901 Dominus
672 3833 789 3916 ipse
809 3843 969 3899 vobis
995 3842 1231 3913 signum.
1262 3861 1281 3893 ι
1309 3842 1426 3897 Hoc
1440 3841 1608 3909 dicto,
1630 3842 1856 3914 subjun-

275 3934 362 4006 git
388 3932 617 3990 dicens:
651 3952 669 3986 ι
700 3934 843 3989 Ecce
867 3931 1021 4003 virgo
1046 3931 1102 3986 in
1135 3940 1293 3986 utero
1327 3931 1573 3997 habebit,
1598 3941 1655 3987 et
1677 3933 1855 4003 pariet

276 4026 478 4091 tilium,
507 4035 565 4082 et
589 4024 868 4080 vocabunt
884 4037 1087 4078 nomen
1100 4022 1220 4093 ejus
1235 4021 1562 4077 Emmanuel
1582 4020 1647 4076 ⁸³.
1687 4042 1706 4074 ›
1740 4022 1855 4078 Hoc

276 4115 438 4172 dabit
472 4115 687 4187 signum
707 4156 723 4181 ,
758 4113 849 4170 cui
873 4113 1114 4169 mundus
1137 4112 1359 4183 quidem
1388 4112 1610 4179 credet,
1641 4113 1852 4185 solique

274 4208 508 4264 omnino
549 4206 723 4264 Judaei
769 4206 1047 4278 negabunt
1074 4204 1271 4272 ﬁdem;
1305 4204 1451 4275 quod
1486 4213 1675 4275 gentes
1709 4206 1852 4261 reci-

271 4298 458 4372 pient,
502 4298 922 4371 repudiabitque
970 4312 1145 4369 genus
1192 4296 1382 4352 Israel.
1433 4296 1596 4352 Dabit
1638 4297 1852 4370 signum

272 4391 540 4463 gentibus
564 4390 789 4463 quidem
819 4390 1081 4455 salutare,
1112 4397 1169 4444 at
1194 4388 1341 4460 quod
1371 4388 1577 4445 Iudaeis
1600 4388 1853 4445 incredu-

1956 2848 2157 2903 l‘ratrcs
2217 2843 2590 2902 videbantur:
2621 2858 2749 2898 nam
2791 2852 2848 2899 ει
2902 2843 2983 2898 illi
3018 2843 3446 2905 oﬁ‘endebantur
3459 2846 3530 2914 ⁸³;

1958 2940 2055 2997 sed
2101 2938 2380 2995 vocabunt
2420 2935 2655 3008 gentiles
2678 2974 2695 3001 ,
2730 2936 2826 3007 qui
2869 2937 3131 2994 nimirum
3174 2938 3285 2997 ﬁde
3314 2940 3533 3000 Iudaeos

1957 3030 2316 3104 prmvcnient.
2345 3027 2634 3085 Vocabunt
2659 3027 2698 3083 ii
2726 3028 2823 3100 qui
2860 3043 2987 3085 cum
3016 3030 3336 3103 longissime
3369 3035 3532 3094 abes-

1959 3132 2116 3187 sent,
2170 3134 2346 3192 prope
2398 3119 2630 3192 gratiam
2679 3129 2951 3176 vcnerunt
2971 3161 2987 3187 ,
3046 3121 3117 3177 ad
3164 3138 3311 3194 quos,
3367 3127 3533 3184 etiam

1961 3214 2165 3272 Paulus
2209 3213 2429 3269 aiebat:
2460 3231 2480 3265 ι
2509 3213 2640 3280 Vos,
2662 3213 2760 3284 qui
2804 3213 3104 3285 aliquando
3127 3216 3301 3275 cratis
3345 3219 3533 3293 longe,

1959 3305 2089 3361 facti
2125 3302 2262 3360 estis
2296 3318 2469 3373 prope
2495 3302 2553 3357 in
2578 3301 2847 3374 sanguine
2866 3301 3076 3360 Christi
3091 3305 3158 3357 ⁸⁸.
3198 3324 3218 3359 ι
3250 3308 3537 3365 Vocabunt

1960 3409 2093 3465 ergo
2135 3392 2229 3447 isti
2276 3391 2540 3446 infantem
2586 3390 2914 3446 Emmanuel
2947 3391 3162 3460 priores
3205 3394 3431 3461 Iudaeis,
3471 3412 3538 3453 ac

1962 3500 2089 3539 eum
2121 3482 2220 3552 qui
2249 3490 2413 3537 natus
2433 3489 2520 3536 est
2553 3480 2725 3536 Deum
2753 3479 3043 3536 nobiscum
3072 3496 3427 3553 cognoscent.

2030 3574 2123 3630 IX.
2150 3573 2279 3629 Haec
2298 3570 2523 3643 quidem
2538 3570 2805 3642 propheta
2832 3571 2930 3637 ait,
2954 3587 3066 3628 non
3091 3573 3167 3629 ita
3193 3574 3416 3645 Paulus,
3438 3580 3536 3636 sed

1961 3666 2077 3723 ait:
2121 3685 2140 3717 ι
2176 3664 2323 3721 Misit
2352 3663 2523 3729 enim,
2559 3661 2761 3733 inquit,
2790 3662 2989 3719 Filium
3027 3679 3189 3721 suum
3232 3666 3440 3726 factum
3467 3687 3537 3729 ex

1962 3759 2195 3814 muliere
2215 3755 2284 3810 ⁸⁵.
2317 3775 2336 3808 ι
2368 3754 2512 3823 Quid
2550 3754 2652 3820 ais,
2673 3754 2888 3811 Paule?
2922 3755 3197 3828 Propheta
3223 3775 3293 3817 ex
3320 3763 3535 3836 virgine

1961 3850 2136 3916 dicit,
2166 3858 2338 3920 tuque
2395 3862 2464 3902 ex
2513 3846 2749 3902 muliere
2794 3855 3015 3917 partum
3056 3863 3178 3905 esse
3228 3854 3537 3922 praedicas?

1961 3943 2150 4007 Plane,
2186 3939 2365 4010 inquit
2395 3956 2409 3992 :
2444 3936 2890 3993 benedictionem
2933 3952 3285 3997 communem
3338 3944 3531 4011 reddo,

1966 4032 2135 4088 totius
2155 4044 2277 4086 eam
2306 4042 2427 4085 esse
2461 4026 2654 4082 volens
2680 4025 2904 4082 feminei
2936 4041 3118 4084 sexus.
3154 4028 3277 4086 Non
3308 4031 3434 4089 dico
3466 4050 3534 4091 ex

1963 4124 2197 4196 virgine,
2229 4136 2301 4177 ne
2343 4118 2787 4177 benedictionem
2827 4118 2973 4174 intra
2998 4118 3142 4175 solas
3168 4120 3412 4193 virgines
3440 4140 3532 4181 re-

1961 4216 2247 4287 stringam.
2261 4212 2397 4270 Dico
2416 4227 2486 4268 ex
2508 4210 2761 4277 muliere,
2782 4226 2851 4265 ex
2872 4226 3006 4267 sexu
3032 4211 3291 4270 universo
3304 4214 3533 4286 gratiam

1959 4322 2082 4363 esse
2113 4305 2421 4370 declarans,
2471 4316 2583 4373 quo
2606 4315 2769 4358 sexus
2795 4302 2976 4359 omnis
3006 4303 3280 4362 femineus
3302 4306 3534 4365 benedi-

1960 4399 2200 4455 ctionem
2232 4396 2514 4466 decerpat,
2539 4409 2718 4464 exque
2750 4393 2932 4449 illisin
2965 4395 3114 4451 viros
3150 4397 3321 4468 gratia
3349 4408 3531 4458 trans-

273 4482 354 4538 Iis
380 4496 546 4538 causa
575 4482 683 4537 erit
714 4490 778 4538 ut
816 4480 1224 4553 dispergantur.
1267 4479 1430 4536 Dabit
1465 4480 1681 4552 signum
1704 4481 1852 4552 quod
1885 4496 1932 4554 ι)
1957 4499 2047 4546 ea:
2074 4506 2088 4543 ε
2118 4497 2181 4544 ut
2215 4503 2284 4544 ex
2321 4501 2429 4558 qua
2460 4483 2840 4555 pmvaricatio
2869 4484 3091 4551 accidit,
3111 4502 3179 4542 ex
3207 4487 3325 4559 ipsa
3338 4506 3533 4561 prove-

272 4573 324 4628 ii
353 4580 603 4643 quaerant
632 4573 728 4643 qui
755 4582 1009 4643 pereunt,
1052 4573 1310 4643 quodque
1338 4572 1567 4629 credant
1594 4574 1691 4644 qui
1719 4574 1855 4630 salvi

271 4663 443 4719 ﬁunt.
494 4663 651 4731 Quod
682 4678 814 4720 sane
849 4673 907 4720 ει
932 4678 1164 4735 magnus
1195 4664 1396 4719 Paulus
1427 4663 1496 4719 de
1522 4678 1688 4720 cruce
1723 4664 1802 4720 ait
1839 4682 1852 4717 :

282 4775 309 4807 ι
342 4754 586 4811 Verbum
612 4755 795 4811 crucis
822 4754 1185 4825 pereuntibus
1200 4753 1422 4825 quidem
1449 4754 1682 4811 stultitia
1717 4764 1804 4811 est
1839 4774 1852 4810 :

269 4845 355 4902 iis
397 4855 581 4902 autem
614 4846 709 4915 qui
738 4845 872 4902 salvi
916 4844 1075 4911 ﬁunt,
1119 4845 1176 4901 id
1217 4854 1303 4903 est
1320 4845 1515 4913 nobis,
1545 4846 1724 4903 virtus
1758 4847 1855 4903 Dei

268 4944 370 4993 est
390 4936 480 4992 ⁸²·.
517 4956 537 4989 ι
594 4936 709 4992 Ηοε
757 4951 859 4994 nos
887 4952 1104 5008 quoque
1137 4937 1406 5005 dicemus,
1455 4954 1662 4996 novum
1700 4939 1852 5002 illum

268 5036 620 5096 exponentes
643 5035 884 5098 partum.
906 5027 1147 5099 Virginis
1173 5028 1322 5084 enim
1346 5029 1713 5100 praedicamus
1731 5047 1843 5102 par-

268 5129 403 5174 tum
429 5136 443 5172 :
477 5118 680 5176 Judreis
705 5118 930 5190 quidem
958 5120 1297 5189 scandalum,
1328 5120 1586 5178 ﬁdelibus
1613 5137 1748 5178 vero
1767 5137 1855 5178 sa-

2 5222 73 5293 τεά
264 5211 473 5267 ιιιιειιι.
503 5210 668 5265 Dabit
703 5209 872 5282 igitur
911 5209 1072 5266 vobis
1113 5211 1416 5279 Dominus,
1452 5212 1530 5287 ait
1560 5213 1850 5285 propheta,

0 5284 161 5371 ξςιξξὶθ
266 5299 552 5371 ejusmodi
583 5302 831 5373 signum;
885 5301 1032 5373 quod
1062 5302 1316 5374 gentibus
1358 5284 1605 5374 quidem
1624 5284 1855 5361 salutem

0 5420 49 5465 ις
83 5373 164 5455 Ρ⁴’εἰ

0 5493 60 5557 ita
98 5468 165 5547 δέ

94 5564 131 5605 σθ
146 5560 165 5593 r!

4 5597 73 5649 ne

0 5758 97 5844 lla.

271 5393 565 5462 importet,
627 5393 830 5449 Iudaeis
886 5402 1068 5449 autem
1124 5403 1276 5451 creet
1321 5396 1659 5453 scandalum.
1686 5398 1855 5455 Vides

271 5481 453 5538 fuisse
484 5492 701 5553 partum
716 5484 857 5556 signi
872 5485 1308 5542 exhibitionem?
1332 5487 1411 5542 Ex
1441 5488 1528 5543 liis
1548 5504 1679 5559 ergo
1702 5489 1854 5546 disce

359 5686 402 5718 ’ί
426 5686 578 5742 Joan.
605 5704 678 5752 IV,
708 5688 796 5744 48.

275 5753 336 5790 ⁸⁸
368 5754 538 5816 Galat.
576 5774 651 5823 ιν,
677 5758 728 5812 4.

580 5836 893 5910 ῬΑτιιοι..
940 5845 1059 5909 Gn.
1106 5845 1413 5932 LXXVII.

907 5688 975 5721 ⁸¹⁶
999 5689 1099 5745 lsa.
1124 5706 1216 5757 vn,
1244 5690 1328 5745 15.
1441 5690 1484 5724 ⁸²
1508 5691 1644 5748 Ibid.
1674 5692 1759 5749 I4.

1824 5772 1827 5773 ν
2040 5691 2167 5784 Cor.
2191 5691 2348 5759 1,18.

1955 4579 2072 4634 niat
2093 4576 2262 4634 etiam
2293 4574 2492 4647 gratia,
2533 4573 2776 4629 humano
2804 4573 2992 4645 generi
3010 4589 3238 4647 regnum
3264 4579 3531 4637 caelorum

1951 4676 2263 4738 praestans:
2299 4665 2449 4736 quod
2496 4665 2709 4721 utinam
2748 4679 2852 4721 nos
2886 4680 3079 4722 omnes
3131 4682 3534 4741 consequamur

1955 4758 2131 4830 gratia
2177 4765 2236 4813 et
2268 4756 2609 4829 benignitate
2636 4755 2854 4812 Domini
2894 4757 3070 4813 nostri
3108 4758 3242 4816 Iesu
3266 4759 3473 4818 Christi
3514 4781 3529 4816 :

1960 4865 2087 4905 cum
2127 4864 2238 4921 quo
2267 4848 2414 4905 Patri
2452 4857 2511 4904 et
2556 4847 2792 4920 Spiritui
2832 4857 3025 4906 sancto
3068 4850 3243 4922 gloria
3265 4861 3324 4911 ct
3354 4854 3532 4924 impe-

1963 4941 2107 4997 rium
2140 4940 2196 4995 in
2223 4940 2421 4997 saecula
2447 4939 2796 4996 saeculorum.
2820 4939 3014 4996 Amen.

2528 5096 2813 5156 HOMILIA
2843 5099 2930 5156 VI.

1958 5215 2024 5271 In
2065 5224 2309 5272 sanctam
2356 5211 2720 5295 Mariane
2752 5212 3086 5295 genitricem,
3122 5221 3171 5268 et
3204 5214 3261 5268 in
3290 5225 3532 5274 sanctam

2447 5281 2640 5339 Christi
2671 5281 3020 5338 nativitatem.

2028 5400 2068 5453 l.
2104 5397 2353 5454 Oblectat
2382 5412 2514 5453 sane
2543 5411 2609 5453 ac
2637 5406 2855 5454 recreat
2903 5398 3094 5454 oculos
3109 5439 3125 5465 ,
3168 5415 3294 5457 cum
3339 5417 3532 5460 recens
3595 5402 3605 5417 "

1955 5490 2025 5547 ab
2062 5490 2276 5546 oriente
2307 5502 2597 5560 emergens
2623 5488 2704 5545 sol
2735 5488 2840 5544 iste
2872 5490 3194 5548 sublunaria
3236 5493 3530 5563 inspectat,

2457 5690 2505 5726 ⁸³
2528 5693 2686 5751 Joan.
2726 5709 2824 5763 vn,
2860 5693 2913 5748 5.
3026 5691 3073 5724 “
3103 5692 3305 5761 Ephes.
3345 5709 3408 5760 ιι,
3443 5694 3545 5754 13.

3142 5852 3214 5912 45
