4072 6210
604 330 741 386 1419

1683 326 2030 382 ΤΙΙΕΟΒΟΤΙ
2070 327 2377 384 EPISCOPI
2420 330 2765 386 ANCYRANI

3710 328 3737 383 1
3748 329 3854 387 ‘90

598 446 875 514 radiisque
894 456 1190 498 conservos
1218 444 1574 506 conveniens,
1618 460 1965 498 comnnmem
1984 444 2170 498 Domi-
2203 457 2241 506 Α
2272 445 2409 500 Cum
2448 462 2685 515 namque
2710 445 2840 499 olim
2878 444 2987 515 jam
3018 441 3163 497 Deus
3186 441 3558 511 omnipotens,
3591 455 3700 496 una
3722 460 3856 500 cum

596 552 727 591 num
752 551 852 604 pro
887 549 955 589 co
983 550 1046 588 ac
1084 533 1255 588 debiti
1287 534 1426 589 ratio
1460 535 1720 604 postulat,
1742 535 1965 589 laudum
1991 535 2164 589 canti-

596 629 675 681 cis
704 626 984 681 celebrare
1008 624 1297 690 admonet;
1329 624 1423 679 sed
1446 634 1503 678 et
1532 624 1737 694 pariter
1765 633 1926 679 terra:
1950 624 2165 688 faciem,

593 735 759 789 quam
806 718 991 788 pluvia
1039 716 1249 771 chriam
1298 730 1362 771 ac
1395 730 1519 771 rore
1574 716 1809 770 infusam
1853 716 2065 770 invenit
2107 730 2170 770 ac

596 810 928 881 pinguedine
976 808 1194 863 imbuit.
1242 806 1524 878 Ejusmodi
1563 815 1621 862 et
1652 806 1965 863 veneranda
2005 806 2171 861 festo—

594 918 716 957 rum
751 901 1018 957 solemnia
1060 900 1222 955 nobis
1276 898 1557 955 illuoentia
1589 899 1879 954 exsistunt.
1944 899 2167 955 Piorum

594 1008 833 1064 namque
889 1000 1102 1048 mentes
1132 992 1365 1062 spiritali
1398 991 1605 1046 lumine
1645 991 2051 1057 collustrantcs,
2100 990 2168 1045 ad

596 1085 820 1139 laudum
852 1084 1063 1139 cantica
1080 1083 1356 1147 excitant;
1385 1081 1683 1151 divinoque
1708 1081 2080 1151 apostolorum
2106 1095 2170 1135 ac

592 1176 1050 1245 evangelistarum
1078 1188 1203 1228 rore
1248 1172 1639 1235 refocillantes,
1682 1172 1813 1226 boni
1842 1171 2027 1241 operis
2056 1171 2171 1226 fru-

591 1278 743 1323 ctum
769 1270 916 1339 large
937 1266 1254 1322 conciliant.
1278 1264 1415 1319 Cum
1430 1279 1563 1319 vero
1586 1264 1702 1319 haec
1718 1264 1797 1319 sic
1815 1264 1887 1319 ita
1910 1264 2166 1329 habeant,

590 1369 849 1431 vetetque
883 1360 971 1413 lex
1012 1356 1314 1412 Mosaica“
1359 1371 1565 1411 vacuos
1612 1371 1879 1425 apparere
1925 1365 2051 1410 ante
2084 1354 2167 1408 fa-

592 1454 733 1507 ciem
785 1450 1034 1519 Domini,
1086 1448 1221 1519 quid
1279 1462 1383 1503 nos
1434 1446 1635 1502 dicturi
1680 1461 1907 1512 sumus,
1965 1444 2167 1515 quidve

592 1518 915 1613 acturifqui
948 1518 1121 1611 longe,
1151 1536 1657 1593 insquicientissimi
1692 1537 1885 1602 simus,
1921 1537 2167 1606 nihilque

592 1635 817 1705 dignum
844 1632 1146 1687 habeamus
1173 1628 1320 1699 quod
1356 1642 1513 1684 sacro
1544 1626 1655 1681 diei
1683 1634 2003 1696 argumento
2031 1640 2165 1681 con-

592 1727 877 1784 feramus?
901 1726 1067 1790 Num,
1093 1737 1297 1795 qumso,
1325 1736 1505 1793 opera:
1527 1719 1788 1791 pretium,
1812 1727 1873 1772 ut
1892 1720 1985 1788 qui
2008 1718 2167 1789 egeni

2276 537 2593 591 coelestibus
2626 535 2880 589 thalamis
2906 542 3182 588 terrenam
3214 547 3435 603 quoque
3457 547 3641 587 rerum
3669 538 3855 591 varie-

2275 635 2442 681 tatem
2489 626 2719 697 pulchre
2763 625 3055 680 admodum
3093 640 3157 680 ac
3188 624 3521 695 composite,
3562 624 3675 679 vivi
3733 629 3860 689 sui,

2275 718 2788 783 consubstantialis,
2826 717 3205 781 subsistentis,
3235 716 3355 785 pari
3391 716 3596 771 robore
3632 718 3859 786 praediti

2275 822 2341 861 ac
2371 807 2631 862 cozeterni
2661 807 2784 861 Filii
2814 822 2877 861 ac
2900 806 3088 871 Verbi,
3107 814 3273 876 atque
3300 804 3368 859 ab
3400 804 3523 876 ejus
3546 817 3746 861 natura
3770 809 3855 863 in-

2274 898 2470 963 divisi,
2506 914 2674 969 opera
2719 898 2997 955 communi
3032 897 3264 951 consilio
3300 897 3673 958 distinxisset,
3723 915 3839 953 san-

2274 990 2631 1059 ctissimoque
2669 1005 2732 1046 ac
2762 990 3213 1046 consubstantiali
3250 990 3457 1060 Spiritu
3493 1006 3596 1046 suo
3643 995 3852 1047 sancti-

2276 1080 2514 1145 licassct,
2539 1080 2643 1135 sub
2676 1081 2970 1136 creationis
2998 1087 3325 1146 extremum,
3348 1082 3676 1152 palmarium
3698 1082 3855 1135 illum

2276 1172 2611 1243 dignumque
2632 1172 2997 1227 admiratione
3017 1172 3297 1226 hominem
3327 1172 3601 1227 universis
3631 1173 3686 1226 in
3707 1183 3855 1226 terra

2274 1266 2511 1321 conditis
2538 1266 2821 1335 magnifice
2854 1274 3018 1335 caput
3053 1265 3470 1337 principemque
3502 1266 3851 1336 prmfecerat;

2275 1373 2399 1412 cum
2426 1358 2473 1411 is
2498 1372 2691 1412 recens
2714 1366 2775 1411 ut
2796 1366 2942 1412 esset
2970 1356 3039 1411 ab
3070 1371 3139 1412 eo
3169 1357 3513 1426 accepisset;
3549 1357 3850 1411 intemera-

2276 1451 2345 1505 tis
2371 1450 2588 1505 Domini
2617 1466 2647 1505 e
2683 1460 2829 1505 terra
2860 1450 3072 1505 clIictus
3095 1450 3377 1514 matribus,
3406 1450 3707 1521 divinoque
3738 1452 3850 1521 spi-

2275 1544 2465 1597 raculo
2502 1542 2671 1597 vitam
2724 1558 2788 1598 ac
2850 1542 3202 1613 splendorem
3262 1551 3636 1606 consecutus,
3696 1544 3850 1613 juxta

2274 1634 2421 1703 quod
2457 1648 2685 1704 magnus
2717 1634 2807 1688 ille
2840 1634 3051 1705 Moyses
3068 1633 3117 1666 "
3143 1634 3331 1689 divino
3359 1634 3693 1704 conscripsit
3726 1635 3845 1703 Spi.

2275 1726 2406 1790 ritu,
2460 1734 2525 1780 ut
2576 1725 2839 1797 subjectis
2897 1725 3001 1780 sub
3033 1726 3173 1780 cmlo
3204 1726 3407 1781 creatis
3445 1725 3851 1791 dominaretur,

592 1836 805 1885 sumus,
860 1819 929 1874 ad
988 1816 1281 1872 Dominum
1338 1812 1674 1868 abundantia
1724 1810 1986 1865 bonitatis
2022 1810 2166 1864 ultro
2195 1808 2239 1865 B
2267 1815 2643 1886 mundumque
2688 1818 2744 1873 in
2789 1817 3077 1873 sanctitate
3108 1827 3163 1872 et
3185 1818 3398 1889 justitia
3444 1827 3679 1891 regeret.
3739 1817 3854 1873 Hoc

590 1923 878 1967 vocantem
914 1908 1196 1978 accepturi
1241 1905 1645 1975 confugiamus,
1698 1903 2165 1976 quemadmodum

594 2008 671 2060 ait
709 2023 723 2059 :
774 2023 792 2055 ι
826 2003 1002 2059 Dilata
1038 2017 1100 2056 os
1129 2010 1308 2063 tuum,
1336 2008 1392 2053 ct
1422 1998 1661 2067 implebo
1687 1998 1822 2052 illud
1849 1996 1917 2062 ⁸⁷,
1965 2016 1983 2049 ι
2015 1995 2167 2050 indc-

591 2114 700 2168 que
750 2096 968 2150 laticem
1027 2102 1083 2148 et
1130 2092 1427 2162 potabilcm
1477 2099 1533 2145 et
1584 2088 1864 2143 vivificum
1908 2086 2166 2142 Ecclesia:

591 2189 829 2244 alumnis
887 2184 1245 2240 hauriamus?
1276 2183 1390 2237 lloc
1442 2197 1574 2236 sane
1638 2181 1803 2235 etiam
1856 2179 2162 2234 faciemus:

592 2297 719 2336 nam
753 2288 811 2334 ct
848 2278 916 2332 de
952 2277 1046 2331 illo
1077 2274 1397 2329 solemnitas
1430 2273 1630 2343 agitur,
1660 2272 1825 2343 inque
1851 2285 1978 2326 eum
2003 2283 2166 2339 quam

591 2389 779 2427 sumus
798 2368 1067 2431 habituri,
1107 2366 1283 2421 oratio
1312 2365 1566 2419 refertur.

662 2466 729 2519 ll.
760 2464 872 2533 Age
913 2461 1120 2529 itaque,
1147 2457 1243 2511 Dei
1280 2456 1348 2510 ab
1378 2455 1534 2510 initio
1587 2455 1862 2509 mirabilia
1902 2453 2166 2508 memoria

591 2565 936 2626 repetamus,
994 2566 1059 2606 ac
1111 2548 1444 2603 meditemur
1487 2547 1543 2601 in
1596 2546 1855 2601 omnibus
1906 2544 2167 2615 operibus

590 2651 742 2719 ejus,
775 2641 1242 2716 quemadmodum
1284 2639 1451 2694 etiam
1498 2636 1813 2707 apostolicis
1853 2635 2167 2706 pra-cipitur

590 2742 825 2811 legibus,
866 2750 993 2793 cum
1042 2733 1206 2789 modo
1252 2730 1476 2802 quidem
1506 2729 1737 2785 dicunt:
1772 2748 1790 2779 ι
1830 2728 2166 2782 Annuntiatc

589 2834 825 2887 virtutes
862 2830 982 2900 ejus
1009 2826 1103 2896 qui
1147 2825 1215 2879 de
1254 2822 1498 2878 tenebris
1535 2836 1635 2876 vos
1660 2818 1878 2874 vocavit
1904 2819 1959 2873 in
1990 2817 2165 2872 admi-

590 2925 764 2980 rabile
790 2922 977 2976 lumen
1009 2932 1169 2973 suum
1188 2916 1270 2983 ⁸⁸;
1315 2934 1334 2969 ι
1366 2914 1529 2969 modo
1555 2920 1971 2968 contestentur:
2009 2929 2027 2962 ι
2060 2911 2166 2965 Ve-

590 3027 902 3071 rmntamcn
943 3012 1011 3067 ad
1058 3008 1204 3080 quod
1243 3007 1616 3077 pervenimus,
1665 3006 1720 3058 in
1763 3019 1829 3059 eo
1854 3012 1910 3058 et
1942 3018 2165 3058 manea-

590 3105 795 3164 mus“.
830 3124 848 3155 ι
878 3117 982 3157 nec
1030 3102 1087 3155 in
1127 3116 1191 3153 ea
1224 3114 1347 3168 qute
1375 3113 1486 3151 non
1541 3104 1671 3151 sunt
1715 3096 1914 3150 tradita
1959 3104 2165 3151 temere

590 3198 865 3252 irruamus
890 3234 905 3257 ,
962 3201 1221 3260 tanquam
1254 3188 1515 3241 nimirum
1550 3185 1774 3249 veritas,
1814 3199 2009 3241 eorum
2040 3202 2161 3255 quae

588 3284 926 3343 manifestari
955 3291 1142 3337 nostra
1176 3279 1468 3341 referebat,
1520 3293 1587 3332 ex
1610 3277 1679 3331 iis
1712 3292 1833 3347 qua:
1868 3278 1988 3347 ejus
2031 3287 2160 3332 nota

589 3385 739 3442 sunt,
773 3374 913 3429 nihil
941 3372 1103 3427 nobis
1145 3368 1423 3424 occultum
1458 3365 1763 3436 reliquerit.
1805 3365 2163 3421 Pervenimus

587 3469 758 3532 enim,
816 3467 871 3521 in
914 3478 1036 3534 qum
1083 3461 1240 3515 multi
1276 3459 1559 3529 prophetat
1618 3467 1674 3511 et
1711 3457 1843 3528 justi
1887 3456 2161 3512 desiderio

586 3561 764 3617 multo
806 3558 1124 3611 inarserunt
1145 3554 1212 3605 ’°.
1240 3549 1381 3617 Quid
1413 3563 1546 3603 vero
1572 3550 1749 3620 justos
1780 3553 1945 3619 atque
1979 3548 2159 3602 homi-

588 3668 688 3709 nes
722 3646 998 3706 dicimus?
1034 3664 1051 3696 ι
1080 3644 1138 3699 In
1164 3658 1284 3713 qua:
1309 3639 1487 3711 angeli
1522 3638 1628 3709 ipsi
1660 3639 1975 3708 prospicere
2014 3637 2160 3692 desi-

588 3738 1005 3798 deraverunt".
1049 3753 1065 3787 ι
1094 3732 1363 3800 Quidnam
1406 3730 1583 3785 illud?
1615 3729 1697 3784 Ad
1731 3728 2015 3783 hominum
2051 3729 2158 3784 sci-

586 3836 714 3889 licet
748 3844 873 3886 cum
922 3829 1035 3883 Deo
1070 3822 1605 3887 reconciliationem;
1654 3819 1845 3874 mundi
1897 3820 2065 3875 totius
2091 3820 2157 3875 ad

587 3941 712 3981 eum
748 3923 841 3993 qui
872 3917 1117 3977 condidit
1146 3912 1595 3976 conversionem;
1622 3910 2003 3964 universorum
2024 3924 2157 3963 con-

587 4029 775 4069 sonam
802 4008 1235 4071 confessionem;
1270 4017 1439 4057 unum
1464 4001 1577 4056 Deo
1596 4008 1878 4069 acceptum
1902 4014 2009 4053 una
2042 3998 2158 4052 ani-

588 4120 802 4159 morum
829 4098 1190 4155 consensione
1241 4092 1521 4164 religionis
1553 4091 1792 4155 cultum;
1834 4090 1978 4159 piam
2021 4103 2154 4145 con-

586 4195 868 4257 cordiam;
924 4188 1225 4259 impietatis
1277 4183 1696 4255 abnegationem
1742 4199 1755 4235 :
1804 4197 1925 4251 quae
1973 4181 2156 4237 omnia

586 4284 841 4341 salutaris
896 4281 992 4336 Dei
1052 4284 1106 4333 in
1160 4291 1325 4333 carne
1374 4274 1742 4329 manifestatio
1773 4282 1998 4344 operata
2048 4282 2153 4340 est,

585 4373 1047 4451 quemadmodum
1107 4368 1296 4427 docuit
1352 4366 1575 4423 divinus
1627 4367 1868 4431 Paulus,
1925 4365 2150 4422 dicens:

2266 1920 2398 1976 ergo
2429 1906 2717 1977 magnifico
2745 1921 2910 1976 opere
2944 1909 3269 1979 condignam
3295 1913 3585 1965 exstruens
3621 1911 3850 1980 regiam,

2265 2012 2440 2066 exque
2482 2012 2545 2052 ca
2588 2012 2709 2067 quae
2739 1997 2842 2051 sub
2872 1999 3012 2053 cmlo
3040 2008 3123 2053 est
3159 2009 3413 2053 creatura
3445 2000 3701 2069 optimus
3724 2016 3848 2053 con-

2267 2088 2413 2142 ditor
2446 2087 2501 2142 in
2532 2088 2726 2151 Edcm,
2767 2087 2874 2144 hoc
2912 2098 3017 2155 cst,
3054 2089 3341 2161 voluptatis
3372 2090 3503 2155 loco,
3528 2106 3843 2149 secernens.

2265 2180 2470 2234 clarius
2499 2193 2529 2232 a
2566 2179 2839 2250 principio
2871 2180 3080 2236 lumine
3120 2182 3494 2237 collustratam
3541 2183 3843 2237 immensis.

2265 2286 2373 2340 que
2398 2268 2655 2324 refertam
2686 2270 2927 2337 divitiis;
2961 2272 3325 2343 paradisoquc
3358 2273 3665 2343 voluptatis
3695 2290 3843 2329 secus

2266 2376 2530 2430 aquarum
2560 2360 2826 2417 decursus
2873 2364 3120 2433 plantato
3165 2365 3397 2420 mirifice
3450 2376 3736 2427 ornatam,
3786 2382 3843 2421 ac

2264 2463 2546 2523 pratorum
2586 2470 2685 2526 per
2734 2472 2924 2527 gyrum
2979 2455 3292 2511 florentium
3339 2458 3491 2513 dulci
3551 2459 3843 2529 fragrantia

2265 2544 2529 2611 affusam;
2587 2547 2771 2601 fluviis
2821 2546 3059 2617 denique
3084 2563 3152 2602 ex
3201 2548 3451 2602 interiori
3510 2549 3844 2604 abundantia

2266 2634 2529 2692 divitibus
2559 2638 2849 2693 ambitiose
2882 2638 3281 2705 luxuriantem;
3326 2655 3435 2709 quo
3462 2642 3729 2695 exteriori
3760 2642 3844 2695 illo

2266 2739 2529 2797 apparatu
2555 2730 2610 2783 in
2643 2730 2923 2785 hominem
2955 2746 2985 2784 a
3016 2745 3073 2786 se
3105 2731 3389 2785 conditum
3419 2732 3841 2787 convenientem

2268 2820 2725 2889 magnificentiam
2774 2821 3075 2877 abundanti
3108 2823 3352 2877 bonitate
3382 2824 3665 2879 conferret
3698 2843 3714 2877 :
3741 2826 3841 2879 cla-

2269 2923 2388 2961 rum
2415 2908 2568 2961 illum
2602 2908 2753 2962 velut
2790 2909 2845 2962 in
2877 2910 3151 2979 regalibus
3185 2911 3442 2967 thalamis
3477 2913 3591 2968 illic
3616 2914 3842 2968 colloca-

2267 3007 2441 3062 verat,
2472 2998 2630 3053 liberi
2657 2999 2917 3053 donatum
2942 3016 3142 3055 corona
3162 3003 3399 3068 arbitrii,
3419 3006 3627 3074 quique
3662 3008 3841 3061 mundi

2268 3106 2356 3146 res
2397 3106 2587 3145 omnes
2635 3090 2871 3161 pedibus
2919 3092 3194 3163 subjectas
3230 3094 3480 3151 haberet.
3530 3098 3672 3164 Quia
3721 3116 3845 3153 vero

2267 3181 2458 3251 optimi
2484 3182 2824 3252 principatus
2852 3182 2974 3238 finis
2998 3192 3138 3248 erat,
3161 3200 3281 3239 esse
3320 3186 3561 3255 aliquem
3590 3189 3688 3257 qui
3721 3189 3840 3242 duci

2265 3270 2504 3325 monitor
2529 3279 2693 3335 esset,
2740 3279 2975 3341 apteque
3023 3287 3149 3327 eum
3204 3286 3595 3345 componeret,
3637 3293 3703 3332 ac
3730 3292 3843 3332 sce-

2264 3368 2513 3429 ptrorum
2539 3400 2554 3423 ,
2592 3376 2660 3414 ne
2715 3359 3021 3430 ignorantia
3066 3377 3295 3431 peccare
3332 3366 3701 3435 contingeret,
3748 3383 3841 3421 cu-

2265 3456 2377 3503 stos
2402 3449 2719 3513 exsisteret;
2766 3448 2859 3502 dat
2902 3450 3184 3519 sapientia:
3213 3453 3452 3507 salutare
3502 3468 3841 3525 praeceptum

2266 3554 2381 3593 rem
2426 3539 2700 3611 ejusmodi
2734 3538 3102 3611 diStinguens,
3147 3550 3330 3598 tutum
3370 3544 3443 3596 illi
3471 3554 3641 3611 atque
3682 3548 3843 3601 uxori

2262 3631 2675 3696 contubernalc,
2701 3632 2971 3686 bonorum
3006 3642 3325 3702 parentem,
3355 3643 3506 3704 atque
3528 3633 3592 3687 ad
3618 3638 3843 3704 optima

2262 3722 2538 3794 dirigens;
2573 3739 2682 3778 uno
2706 3724 2877 3779 verbo
2904 3724 3173 3780 virtutum
3206 3728 3404 3782 seriem
3432 3742 3651 3782 omnem
3679 3744 3840 3783 com-

2261 3815 2539 3885 plectens;
2573 3816 2717 3885 quod
2749 3832 2947 3885 nempe
2974 3818 3285 3872 curantium
3316 3834 3372 3873 se
3404 3834 3596 3873 curam
3630 3832 3845 3892 ageret.

2260 3920 2428 3975 seque
2466 3906 2838 3961 custodientes
2865 3908 3185 3975 custodiret,
3229 3924 3290 3965 ac
3336 3910 3622 3980 simplices
3667 3926 3846 3969 atten-

2261 4008 2350 4055 tos
2382 3999 2666 4054 elliceret:
2705 3999 2771 4053 ad
2827 3999 2944 4054 hzec
2985 4016 3145 4066 vero,
3193 4016 3289 4056 eos
3331 4002 3425 4072 qui
3477 4001 3845 4059 inferioribus

2258 4102 2599 4164 prmstarent,
2627 4091 2899 4147 universis
2946 4093 3227 4163 prtestanti
3255 4134 3269 4155 ,
3318 4093 3525 4163 quique
3572 4094 3842 4149 honorem

2258 4184 2617 4241 contulisset.
2660 4183 2891 4238 Domino
2946 4183 3169 4237 obedire
3220 4183 3477 4249 doceret;
3525 4186 3843 4256 angelisque

2257 4290 2419 4331 sensu
2470 4276 2677 4330 similes
2733 4274 2979 4330 modeste
3033 4289 3225 4345 sapere
3286 4275 3568 4341 erudiret,
3614 4287 3783 4347 atque
3814 4295 3845 4331 a

2257 4368 2541 4439 tyrannide
2579 4365 2884 4421 affectanda
2918 4363 3257 4429 deterreret,
3302 4378 3367 4419 ac
3412 4365 3641 4421 virtutis
3677 4368 3846 4422 totius

591 4492 609 4524 σ
650 4468 914 4541 Apparuit
940 4465 1111 4537 gratia
1132 4464 1226 4519 Dei
1253 4460 1508 4518 salutaris
1530 4459 1789 4515 omnibus
1814 4459 2151 4525 hominibus,
2186 4476 2230 4532 ι)
2257 4459 2529 4523 mercede,
2553 4457 2799 4514 Creatori
2829 4466 3085 4527 acceptos
3113 4464 3421 4527 praestaret.

580 4561 843 4619 erudiens
875 4572 995 4622 nos,
1030 4563 1091 4609 ut
1129 4553 1460 4621 abnegantes
1483 4550 1815 4619 impietatem
1855 4558 1911 4604 et
1933 4550 2157 4605 sarcula-

581 4653 663 4706 ria
689 4648 982 4710 desideria,
1010 4645 1191 4701 sobrie
1221 4652 1275 4696 ct
1296 4643 1440 4711 juste
1475 4640 1726 4694 viVamus
1758 4641 1813 4695 in
1841 4641 1947 4695 hoc
1980 4655 2155 4695 saecu-

2328 4550 2416 4605 lll.
2465 4550 2603 4616 Quia
2642 4563 2777 4603 vero
2820 4548 2900 4603 sic
2938 4563 2997 4603 se
3022 4563 3110 4603 res
3135 4548 3433 4613 habebant,
3470 4564 3536 4602 ac
3568 4563 3701 4603 cum
3726 4565 3845 4605 ctr-

2254 4647 2378 4703 lites
2404 4645 2471 4699 ad
2503 4653 2776 4699 terrenam
2799 4643 3001 4713 regiam
3028 4642 3226 4697 choros
3249 4650 3494 4711 agerent,
3523 4643 3847 4712 trinamqne

580 4747 636 4800 lo
660 4746 734 4810 'i;
767 4764 784 4794 ι
823 4743 891 4797 de
921 4755 1029 4810 qua
1051 4737 1202 4791 brevi
1234 4748 1488 4789 sermone
1517 4730 1996 4802 disseremus,pro
2012 4748 2079 4787 eo
2096 4747 2158 4787 ac
2250 4744 2582 4808 potestatem
2631 4735 2942 4797 laudarent,
2986 4734 3187 4788 trinam
3232 4732 3704 4804 magnificentiam
3743 4735 3847 4789 de-

578 4836 811 4893 facultas
846 4832 1043 4895 fuerit,
1096 4828 1188 4882 ubi
1216 4825 1546 4896 promissum
1600 4823 1911 4888 reddentes,
1958 4824 2053 4877 Dei
2098 4823 2154 4877 in

582 4945 684 4984 nos
710 4945 741 4983 a
781 4924 1050 4996 principio
1078 4920 1274 4976 effecta
1306 4915 1579 4972 mirabilia
1609 4914 2145 4984 przelaudaverimus.

581 5021 696 5076 Hoc
730 5018 875 5075 enim
911 5025 967 5069 et
992 5011 1249 5068 Ecclesiae
1282 5008 1530 5063 moribus
1560 5017 1840 5076 receptum
1863 5047 1877 5069 ,
1920 5015 1977 5060 ut
2011 5007 2151 5061 inter

580 5110 689 5165 diei
723 5122 876 5164 sacra
912 5100 1176 5159 solemnia
1212 5096 1399 5152 mundi
1442 5093 1644 5149 conditi
1673 5093 1957 5147 historiam
1991 5092 2149 5147 audi-

580 5203 795 5258 toribus
814 5204 1067 5260 enarret;
1113 5208 1222 5263 quo
1252 5191 1513 5246 nimirum
1559 5188 1845 5247 ostendat,
1883 5185 2073 5239 Adami
2120 5201 2150 5239 e

580 5298 703 5351 loco
756 5290 1055 5363 voluptatis
1111 5288 1166 5341 in
1219 5292 1451 5339 mortem
1498 5280 1911 5349 demigrationis
1964 5294 2148 5338 causa,

580 5395 785 5441 tantam
835 5382 1052 5439 Domini
1086 5392 1213 5449 erga
1250 5391 1349 5430 nos
1386 5373 1661 5429 exstitisse
1712 5372 2144 5425 inclinationem.

1258 5530 1303 5561 ⁸⁷
1334 5528 1474 5583 Psal.
1505 5542 1659 5586 [χχχ.
1694 5526 1779 5579 Η.

650 5540 696 5571 ⁸⁸
722 5538 892 5595 Exod.
922 5550 1071 5597 χχιιι,
1098 5533 1181 5587 l5.
1258 5533 1303 5561 ⁸⁷
1334 5533 1474 5583 Psal.
1505 5542 1659 5586 LXXX,

652 5611 738 5654 43-
813 5610 857 5639 θ’
893 5606 1001 5654 Tit.
1038 5620 1093 5654 ιι.
1135 5603 1221 5654 ll.
1298 5600 1342 5633 ’³
1378 5598 1513 5654 Gen.
1556 5612 1592 5654 ι.
1625 5594 1691 5649 26

584 5628 619 5674 ι,
652 5611 738 5663 l3.
813 5610 857 5639 ⁹¹
893 5606 1001 5660 Tit.
1038 5620 1093 5670 ιι,
1135 5603 1221 5655 Η.

1893 5525 1938 5555 ⁸⁵
1963 5527 1981 5580 Ι
2009 5526 2153 5581 Pctr.
2184 5541 2240 5591 ιι,
2271 5526 2321 5581 9.

2257 4835 2565 4889 cantarent,
2591 4824 2797 4879 trinum
2822 4831 3165 4893 potentatum
3188 4822 3603 4887 benedicerent,
3637 4826 3845 4879 trinam

2258 4919 2685 4973 dominationem
2707 4919 2856 4973 claro
2882 4916 3158 4983 praeconio
3183 4916 3462 4980 efferrent,
3491 4917 3642 4973 trine
3666 4919 3845 4973 subsi-

2257 5004 2497 5063 stentem
2521 5024 2681 5062 unam
2710 5009 2969 5063 deitatem
2991 5007 3303 5071 adorarent,
3333 5016 3674 5078 terrenaque
3699 5013 3845 5065 circa

2258 5112 2439 5168 regem
2466 5111 2529 5153 ac
2569 5098 2763 5153 ducem
2788 5096 3185 5167 prtesidemque
3215 5097 3481 5153 divinitus
3522 5114 3655 5155 cum
3694 5104 3841 5155 omni

2255 5189 2511 5259 :equitate
2532 5204 2595 5244 ac
2626 5190 2919 5245 concordia
2942 5190 3188 5259 subjecta
3222 5200 3426 5255 essent,
3452 5206 3845 5263 congruasque

2256 5281 2651 5349 appellationes
2679 5298 2778 5337 ceu
2822 5281 3007 5336 munia
3042 5282 3289 5350 quaedam
3329 5283 3546 5352 placide
3586 5286 3839 5353 suscipe-

2256 5383 2422 5439 rent;
2460 5383 2642 5443 atque,
2676 5385 2735 5429 ut
2761 5376 2931 5433 verbo
2974 5377 3173 5439 dicam,
3218 5377 3473 5430 universa
3518 5377 3572 5429 in
3630 5377 3845 5429 ordinis

2398 5527 2443 5559 ”
2468 5528 2701 5598 Philipp.
2734 5546 2810 5594 ιιι,
2844 5530 2927 5585 16.
3007 5532 3052 5564 ⁹⁰
3078 5532 3264 5587 Matth.
3297 5547 3408 5595 χιιι,
3436 5532 3522 5602 l7_.
3561 5532 3609 5563 ”
3646 5532 3665 5587 I
3700 5533 3837 5587 l‘etr.

653 5762 727 5821 (4)
751 5761 829 5813 Ex
855 5760 1093 5813 Biblioth
1124 5760 1339 5811 Patrum
1366 5754 1657 5805 concionat.
1680 5750 1981 5811 Constans"
2005 5757 2137 5802 tom.
2184 5748 2223 5813 1,
2262 5764 2417 5821 pagg.
2448 5752 2696 5811 199-5205.
