4072 6210
306 315 417 369 Ηἓὶ

910 313 1190 372 lIOMlLlA
1234 318 1296 372 Vl
1335 315 1400 373 IN
1446 318 1501 377 S.
1544 318 1896 377 DEIPARAM
1931 320 2022 375 ET
2060 322 2127 378 IN
2166 320 2635 379 NATIVITATEM
2671 318 2923 375 DOMINI.

3385 320 3524 376 ιω

302 431 518 500 pulchre
556 429 789 484 instituti
836 430 980 484 bono
1021 430 1253 487 feliciter
1278 442 1504 504 agerent
1538 453 1551 488 :
1585 451 1697 490 non
1728 435 1855 491 tulit
1882 441 1928 498 Α
1953 437 2159 504 videat,
2190 455 2313 509 quas
2343 453 2468 494 cum
2496 436 2677 509 gladio
2718 435 3005 507 coniugem
3040 431 3294 504 expellat.
3332 433 3524 490 Cesset

301 522 687 593 imperturbata
730 536 797 576 ac
842 536 956 576 non
984 523 1227 594 maligno
1247 525 1411 579 oculo
1438 525 1682 582 hominis
1708 526 1855 581 illam

300 613 479 668 mundi
502 612 669 667 totius
693 611 974 682 obsequiis
1000 613 1241 669 adultam
1257 615 1561 672 claritatem
1590 617 1854 688 aspicere,

299 704 383 774 qui
418 720 451 759 a
484 703 797 761 ctelestibus
825 704 1214 775 splendoribus
1244 707 1391 762 haud
1429 723 1589 764 secus
1619 725 1685 766 ac
1709 711 1856 766 scin-

299 797 405 851 tilla
450 794 701 865 lampade
744 795 977 852 decussa
1031 811 1158 852 cum
1210 798 1439 869 fuligine
1488 812 1858 871 consequente

297 887 562 958 proiectus
575 893 682 951 est,
698 901 767 942 eo
788 887 936 957 quod
959 897 1088 943 ante
1110 889 1403 944 Dominum
1422 891 1855 961 omnipotentem

294 984 467 1032 erecta
510 978 728 1034 cervice
767 979 988 1035 steterit
1017 997 1033 1047 ;
1069 981 1165 1037 sed
1198 982 1386 1037 statim
1414 991 1477 1037 ut
1509 983 1750 1055 graviter
1781 985 1860 1042 fe-

293 1081 414 1122 rens
439 1067 734 1123 adversum
756 1068 916 1135 vidit,
938 1071 1286 1127 aemulatione
1313 1087 1377 1127 ac
1404 1073 1587 1129 animo
1608 1075 1857 1132 latitante

292 1158 494 1213 invidia
540 1158 600 1213 in
651 1159 791 1214 iram
840 1161 1225 1227 exardescens,
1280 1162 1500 1220 interno
1558 1164 1654 1221 illo
1683 1165 1857 1222 livore

292 1247 446 1303 facile
496 1248 825 1304 sufi‘ocatum
881 1264 942 1304 se
996 1249 1065 1304 iri
1115 1250 1485 1318 existimavit,
1535 1253 1645 1309 nisi
1693 1254 1859 1310 citius

290 1340 596 1410 splendoris
634 1340 782 1396 illius
815 1341 1122 1398 claritatem
1163 1342 1459 1423 praedatus,
1481 1353 1646 1415 atque
1665 1359 1698 1401 a
1728 1360 1859 1401 con-

291 1430 529 1486 venienti
551 1430 810 1486 mandato
824 1430 1128 1502 abripiens,
1146 1432 1204 1487 in
1224 1449 1413 1504 parem
1434 1450 1623 1491 secum
1644 1436 1854 1491 foveam

288 1521 626 1578 detruderet.
670 1521 807 1577 Cum
855 1531 1041 1577 autem
1080 1524 1299 1595 sapiens
1345 1537 1493 1581 esset
1546 1526 1615 1581 ad
1652 1528 1855 1583 malum

289 1613 617 1678 faciendum,
652 1614 793 1669 sicut
817 1612 1085 1683 scriptum
1113 1622 1200 1669 est
1244 1615 1313 1680 ",
1360 1616 1637 1687 sciretque
1682 1634 1751 1673 ex
1789 1618 1857 1672 iis

289 1718 408 1773 quae
446 1703 782 1768 acciderant,
831 1719 995 1774 quam
1045 1704 1159 1760 Deo
1202 1704 1379 1761 invisa
1404 1707 1573 1763 elatio
1599 1710 1693 1774 sit,
1715 1708 1858 1765 hanc

288 1795 455 1861 acuit,
487 1804 549 1850 ut
588 1794 655 1850 iis
697 1795 790 1865 qui
843 1795 1036 1866 optimi
1072 1805 1230 1852 erant
1266 1813 1457 1853 necem
1499 1799 1745 1855 inferret.
1776 1800 1862 1855 Fi-

287 1899 432 1943 ctam
455 1887 604 1942 enim
629 1887 781 1942 velut
808 1888 864 1941 in
889 1901 1053 1942 scena
1076 1897 1382 1958 praetexens
1395 1890 1857 1956 benevolentiam,

287 1992 389 2033 ceu
418 1977 467 2032 is
487 1978 582 2047 qui
615 1992 802 2032 curam
832 1992 993 2049 agere
1015 1977 1319 2045 videretur,
1344 1982 1562 2036 mulieri
1603 1989 1859 2053 tanquam

286 2070 518 2126 faciliori
554 2070 846 2125 consilium
893 2070 1154 2142 suggerit,
1199 2086 1389 2142 aperto
1413 2088 1508 2129 ore
1540 2075 1597 2129 in
1621 2075 1859 2131 salutare

287 2161 603 2218 mandatum
628 2162 963 2227 declamans,
1016 2170 1183 2232 atque
1217 2163 1564 2220 mendacium
1598 2165 1861 2221 adversus

285 2255 579 2312 veritatem
610 2263 894 2318 eructans,
925 2262 1185 2324 tanquam
1216 2255 1479 2311 nimirum
1508 2256 1644 2312 illud
1672 2273 1704 2312 a
1733 2257 1859 2314 cibo

286 2346 381 2417 qui
425 2345 495 2401 ad
540 2346 640 2401 Dei
683 2344 1048 2416 aequalitatem
1101 2346 1383 2414 eveheret,
1410 2347 1621 2419 ingenti
1657 2349 1859 2404 damno

285 2447 501 2494 arceret
526 2456 539 2492 :
570 2452 680 2509 quo
712 2437 918 2493 factum
963 2444 1048 2492 est
1074 2444 1135 2491 ut
1162 2436 1387 2494 seducta
1418 2439 1620 2495 mulier
1668 2456 1861 2513 sugge-
1890 2440 1896 2449 ’

285 2529 521 2585 stionem
544 2528 704 2583 facile
721 2528 1015 2599 arriperet,
1037 2541 1101 2582 ac
1121 2528 1529 2598 promptissime
1544 2527 1612 2584 ad
1627 2528 1856 2585 vetitum

288 2616 523 2673 fructum
545 2625 880 2673 accurreret.

353 2708 443 2764 IV.
470 2707 561 2763 Sic
584 2722 736 2772 vero,
756 2707 837 2764 sic
865 2723 1063 2764 novam
1084 2708 1393 2780 eiaculatus
1418 2707 1708 2777 gloriolam
1735 2721 1854 2761 ma-

285 2798 465 2854 lorum
509 2797 601 2853 ille
650 2805 862 2862 auctor,
904 2797 1056 2852 velut
1088 2796 1462 2851 avidissimam
1515 2796 1645 2851 mali
1680 2797 1858 2851 omnis

287 2889 482 2951 rudem
515 2888 570 2943 in
608 2888 809 2943 inferni
844 2888 1102 2957 laqueum
1144 2884 1401 2950 induxit;
1436 2884 1490 2938 id
1527 2885 1705 2955 ipsum
1742 2901 1859 2940 mo-

285 2982 418 3037 litus
460 2996 524 3036 ac
565 2980 840 3044 irrisorcs,
867 2978 1116 3049 quicum
1154 2976 1389 3031 rudibus
1408 2977 1599 3047 pueris
1622 2977 1856 3033 illudere

1955 537 2194 596 vetusta,
2242 545 2348 586 nec
2390 530 2591 586 decora
2637 525 2942 585 memoria:
2987 524 3185 581 sileant
3231 539 3354 596 qua
3400 525 3522 582 ﬂeri

1955 618 2111 675 nefas
2138 618 2337 676 fuerat.

2025 713 2089 770 ν.
2112 712 2255 780 Quid
2277 729 2409 769 vero
2426 712 2510 767 vir
2524 711 2615 767 ille
2631 709 2868 781 sapiens,
2882 707 3131 765 divinum
3146 705 3522 770 simulacrum,

1957 804 2149 859 mundi
2181 812 2348 875 caput
2388 802 2722 868 venerabile,
2764 808 2977 855 naturae
2998 798 3205 871 lingua,
3233 809 3398 852 sonos
3422 810 3523 851 an-

1956 894 2145 964 gelicis
2172 895 2382 950 similes
2397 894 2569 950 edens
2587 893 2820 959 cithara,
2843 901 3003 948 terra
3033 890 3220 955 decor,
3243 886 3526 943 auditione

1957 989 2197 1057 captus?
2236 986 2473 1042 Perinde
2511 985 2695 1041 animo
2733 985 2913 1040 elatus
2947 990 3050 1038 est.
3077 981 3214 1049 Quis
3250 978 3400 1036 enim
3420 993 3526 1035 no-

1956 1082 2133 1131 strum
2184 1075 2373 1146 gloriae
2416 1089 2570 1146 Spem
2618 1073 2852 1130 tulerit?
2895 1071 3200 1143 relictaque
3253 1069 3523 1133 veritate,

1959 1166 2123 1222 inane
2146 1176 2424 1237 spectrum
2445 1154 2730 1223 insecutus
2755 1173 2839 1222 est
2859 1182 2876 1233 ;
2902 1180 2968 1222 ac
2983 1164 3292 1221 claritatem
3309 1159 3526 1219 somnio

1959 1263 2120 1309 tenus
2150 1263 2493 1312 constantem
2529 1254 2944 1326 concupiscens,
2977 1253 3247 1310 obscurus
3265 1251 3526 1321 nullaque

1958 1342 2287 1414 conspicuus
2320 1343 2567 1399 claritate
2607 1342 2803 1399 evasit.
2831 1342 3032 1413 Atque,
3058 1350 3123 1396 ut
3148 1338 3448 1411 Scriptum
3476 1337 3526 1371 ⁸⁸

1957 1433 2144 1488 verbis
2182 1447 2306 1503 quae
2346 1433 2644 1504 Scriptura:
2687 1440 2817 1489 sunt
2862 1432 3117 1497 referam,
3151 1431 3422 1487 obdurato
3461 1442 3528 1484 ac

1958 1538 2104 1579 caeco
2139 1525 2323 1579 animo
2352 1523 2584 1581 effectus
2601 1533 2706 1591 est,
2732 1525 2995 1595 velutque
3024 1522 3239 1579 habena
3263 1535 3525 1592 arrogan-

1958 1613 2049 1667 tiae
2097 1622 2253 1668 actus
2295 1613 2471 1669 divini
2516 1613 2879 1670 fornicatione
2928 1611 3190 1684 praecepti
3231 1608 3522 1682 gaudebat.

1962 1701 2244 1773 Tanquam
2275 1713 2461 1759 autem
2481 1703 2583 1759 bos
2599 1703 2669 1759 ad
2686 1703 2964 1758 victimam
2985 1701 3313 1765 ducebatur,
3341 1699 3525 1754 velut-

1961 1810 2070 1865 que
2091 1810 2288 1852 cervus
2314 1795 2481 1851 infixo
2499 1795 2709 1867 pectori
2728 1795 2940 1865 spiculo
2958 1794 3197 1850 saucius.
3221 1791 3377 1848 Sicut
3392 1804 3528 1845 vero

1959 1887 2078 1942 avis
2109 1886 2343 1944 festinus
2373 1888 2431 1943 in
2465 1888 2722 1959 laqueum
2757 1887 2891 1951 ibat,
2927 1900 3036 1957 qua
3065 1883 3318 1955 torpebat
3349 1881 3527 1952 negli-

1958 1978 2143 2050 gentia
2181 1979 2455 2045 nesciens,
2494 1978 2643 2051 quod
2692 1978 2769 2033 ita
2804 1987 3076 2042 curreret,
3114 1976 3242 2031 vitae
3271 1974 3326 2030 id
3351 1973 3529 2029 aleam

1957 2086 2099 2127 esse.
2123 2071 2389 2142 Namque,
2414 2080 2630 2143 gustato
2655 2071 2800 2136 cibo,
2831 2068 3202 2125 miserandum
3229 2067 3285 2122 in
3304 2064 3528 2122 modum

1957 2163 2279 2218 vulneratus
2299 2172 2401 2219 est.
2430 2163 2571 2218 Hinc
2590 2162 2758 2218 stulto
2772 2161 3001 2217 consilio
3015 2160 3280 2231 probrum
3295 2156 3526 2222 veritus,

1958 2250 2142 2323 fugam
2192 2252 2510 2319 meditatur,
2564 2267 2631 2307 ac
2674 2251 2767 2306 ubi
2803 2250 3012 2306 crimen
3051 2249 3331 2305 occultare
3355 2245 3531 2318 possit

1958 2356 2146 2398 secum
2189 2343 2393 2415 cogitat
2422 2360 2439 2412 ;
2469 2343 2585 2409 ubi,
2620 2343 2866 2412 inquam,
2895 2340 3043 2412 quod
3092 2340 3168 2395 ita
3201 2339 3384 2393 victus
3433 2336 3527 2403 sit,

1958 2436 2202 2492 dedecus
2255 2436 2530 2492 obruerit.
2591 2435 2748 2491 Haud
2803 2449 2964 2489 secus
3001 2446 3067 2487 ac
3106 2431 3201 2501 qui
3239 2430 3297 2484 in
3339 2429 3530 2501 plagas

1957 2523 2117 2595 lapsi,
2170 2524 2375 2580 frustra
2414 2539 2475 2578 se
2513 2523 2571 2576 in
2605 2537 2825 2576 omnem
2865 2527 3100 2591 partem,
3129 2533 3240 2589 quo
3275 2532 3335 2573 se
3362 2531 3530 2588 expe-

1958 2613 2132 2677 diant,
2172 2613 2442 2679 allidunt;
2487 2612 2569 2667 sic
2608 2620 2665 2666 et
2699 2611 2890 2676 Adam,
2935 2618 3161 2680 accepto
3194 2607 3529 2665 conscientia

1957 2703 2215 2767 vulnere,
2246 2703 2471 2758 beatum
2512 2702 2621 2757 loci
2663 2702 2814 2758 illius
2846 2702 3085 2758 stadium
3117 2700 3286 2758 animi
3330 2701 3529 2757 anxius

1957 2793 2449 2860 circumcursabat,
2477 2808 2542 2847 ac
2569 2807 2762 2848 eorum
2788 2807 2909 2862 quae
2933 2800 3269 2863 praesumpta
3294 2790 3530 2846 fuissent

1934 2883 2329 2940 sollicitudine
2355 2893 2684 2941 exaestuans.
2713 2885 2916 2940 Verum
2936 2883 3069 2954 quid
3090 2882 3274 2955 fugam
3297 2881 3526 2954 cogitas,

1958 2986 2122 3047 caput
2150 2991 2215 3031 ac
2249 2976 2403 3031 radix
2442 2976 2668 3031 humani
2695 2975 2914 3047 generis
2935 2977 2961 3031 ?
2989 2975 3125 3043 Quis
3150 2991 3278 3033 eum
3305 2975 3531 3047 effugiet

284 3070 475 3132 velint,
500 3068 782 3139 quidpiam
805 3067 923 3123 esui
949 3075 1326 3136 comparatum
1350 3065 1703 3136 projicientes
1729 3082 1855 3123 cum
1884 3097 1924 3153 ο
1956 3082 2120 3137 quem
2155 3081 2319 3122 nemo
2361 3083 2602 3138 unquam
2644 3067 2942 3140 effugerit?
2983 3067 3120 3135 Quis
3154 3067 3530 3123 continentem

283 3158 690 3222 adhortatione,
734 3156 1136 3212 vehementiori
1190 3170 1261 3210 ex
1309 3154 1568 3209 aviditate
1610 3156 1679 3210 ad
1738 3171 1854 3210 rem

283 3250 586 3321 prrnfectam
607 3263 794 3313 cursu,
819 3254 1015 3317 sponte
1040 3260 1248 3317 pronos
1275 3244 1346 3301 ad
1366 3252 1567 3301 terram
1600 3245 1852 3302 aliidunt.

286 3340 361 3397 Ut
399 3340 585 3408 itaque
634 3338 831 3393 mulier
866 3351 971 3392 ceu
1009 3336 1227 3392 facilior
1255 3350 1446 3391 errore
1488 3335 1719 3406 decepta
1748 3346 1853 3401 est,

283 3428 583 3498 animoque
603 3426 670 3482 ad
703 3442 768 3481 ea
786 3441 908 3496 qua:
936 3430 1259 3481 susurrante
1283 3423 1510 3480 inimico
1539 3423 1634 3478 illo
1663 3424 1855 3481 audie-

285 3530 394 3586 rat,
432 3527 518 3576 est
545 3520 686 3574 elata
713 3519 918 3590 (sermo
945 3531 1183 3586 namque
1208 3515 1399 3570 animo
1423 3514 1733 3581 incurrens,
1755 3530 1856 3571 ceu

285 3613 414 3683 quis
454 3611 735 3677 seductor,
758 3609 1069 3666 'suadendo
1098 3623 1223 3679 qua:
1266 3615 1399 3663 sunt
1421 3608 1593 3663 vetita
1614 3617 1854 3678 patrare,

284 3704 342 3759 vi
370 3704 607 3759 maxima
637 3701 867 3773 pollet);
896 3699 1242 3757 temerariam
1267 3713 1488 3769 quoque
1519 3714 1743 3755 manum
1764 3699 1859 3754 ad-

284 3809 483 3852 versus
523 3793 869 3870 tremendum
902 3800 1238 3863 praeceptum
1276 3791 1531 3858 armavit,
1562 3792 1859 3863 cibumque

284 3886 522 3943 vetitum
551 3886 698 3942 haud
725 3899 885 3940 secus
908 3899 973 3938 ac
1007 3882 1249 3954 gladium
1285 3891 1519 3954 utraque
1550 3894 1703 3955 parte
1724 3900 1857 3940 acu-

286 3990 406 4037 tum
428 3979 738 4035 visceribus
764 3976 948 4048 adegit
979 3994 993 4031 :
1023 3991 1088 4031 ac
1109 3990 1275 4031 sensu
1294 3975 1567 4031 diabolico
1599 3992 1707 4032 una
1731 3993 1855 4033 cum

285 4072 439 4127 illius
468 4071 752 4126 voluntate
785 4069 968 4139 plena,
1004 4067 1075 4122 ad
1105 4067 1290 4122 virum
1311 4068 1510 4137 pergit,
1538 4067 1749 4138 laqueis
1771 4069 1857 4122 in-

284 4170 497 4217 structa
524 4179 539 4228 ;
581 4160 958 4229 adversusque
980 4157 1260 4229 propriam
1292 4157 1527 4212 salutem
1546 4158 1750 4214 docens
1776 4159 1859 4213 in-

283 4253 578 4318 solescere,
629 4267 753 4321 quae
801 4250 942 4306 male
989 4250 1152 4307 docta
1198 4248 1399 4315 fuerat,
1428 4250 1621 4305 mortis
1653 4259 1856 4306 sortem

280 4343 596 4416 praetendit.
634 4343 791 4408 Veni,
826 4342 1030 4412 inquit,
1058 4350 1171 4396 tota
1195 4340 1500 4406 alacritate,
1535 4341 1855 4407 vermicule,

1961 3159 2145 3215 omnia
2194 3159 2465 3215 latuerit?
2513 3178 2533 3211 ι
2576 3160 2725 3216 Deus
2765 3158 3213 3230 appropinquans
3260 3157 3532 3214 Dominus

1962 3250 2108 3306 Deus
2143 3258 2350 3317 noster,
2390 3259 2447 3304 et
2479 3264 2590 3304 non
2623 3251 2769 3306 Deus
2801 3249 2869 3304 de
2905 3249 3067 3320 longe
3093 3249 3161 3303 “.
3202 3268 3222 3303 ι
3257 3250 3400 3305 Νιιω
3433 3249 3533 3305 ali-

1961 3342 2088 3411 quis
2137 3342 2195 3396 in
2237 3341 2471 3397 occultis
2508 3342 2816 3407 delitescet,
2857 3340 3084 3410 ipseque
3110 3354 3221 3395 non
3269 3337 3535 3394 videbit?

1962 3431 2221 3502 Nunquid
2259 3433 2457 3488 cmlum
2493 3440 2551 3487 et
2584 3442 2786 3488 terram
2822 3444 2932 3486 non
2960 3430 3153 3500 implet
3180 3430 3265 3485 "l
3288 3428 3402 3486 Cur
3427 3429 3533 3485 sub

1963 3521 2093 3587 ﬁcu,
2120 3522 2263 3578 furis
2287 3522 2463 3577 instar
2495 3521 2872 3587 absconderis,
2896 3520 3138 3592 paradisi
3168 3520 3428 3592 princeps
3450 3520 3534 3577 ci-

1963 3613 2094 3668 vis?
2136 3612 2250 3669 Cur
2289 3613 2395 3668 sub
2450 3613 2651 3669 arbore
2695 3612 2900 3679 latitas,
2930 3619 3116 3668 rector
3140 3612 3377 3668 mundi?
3398 3612 3534 3684 Age,

1962 3704 2222 3773 procede,
2266 3704 2411 3759 bono
2445 3704 2677 3760 Domino
2706 3704 2974 3761 confitens
3004 3704 3293 3760 adversum
3319 3711 3373 3760 te
3403 3718 3535 3775 pec~

1962 3804 2147 3851 catum
2193 3804 2368 3850 tuum.
2406 3795 2759 3862 Poenitentia,
2805 3795 3124 3866 propitiatio
3154 3796 3357 3865 citior;
3400 3812 3534 3870 sup-

1962 3886 2282 3957 plicatione,
2313 3887 2463 3942 salus
2483 3887 2749 3943 vclociOr.
2778 3887 2899 3943 Non
2932 3887 3121 3943 differt
3148 3899 3407 3946 exoratus
3425 3889 3534 3945 mi-

1962 3978 2201 4034 sericors
2218 3979 2484 4034 Dominus
2533 3998 2546 4032 :
2591 3979 2746 4035 novit
2775 3979 2989 4050 erigere
3015 3995 3113 4037 eos
3143 3980 3237 4052 qui
3271 3982 3534 4040 confracti

1963 4079 2124 4136 sunt;
2153 4070 2343 4140 sicque
2370 4070 2597 4125 omnino
2620 4069 2988 4141 praestandum
3019 4080 3161 4139 erat,
3185 4087 3299 4128 non
3328 4088 3462 4130 vero
3482 4073 3531 4110 ⁸⁸

1963 4163 2345 4218 excusationes
2370 4162 2425 4216 in
2452 4162 2695 4233 peccatis
2718 4172 2906 4219 texere
2939 4164 3249 4234 oportebat.

2033 4254 2121 4309 Vl.
2154 4253 2296 4321 Quid
2331 4264 2464 4325 ergo
2487 4253 2557 4311 ad
2581 4253 2699 4317 haec
2748 4254 2933 4309 omnia
2962 4255 3275 4326 inspectans
3297 4255 3531 4328 iustitia,

1964 4346 2311 4401 velocissima
2340 4345 2433 4400 illa
2458 4345 2527 4400 ad
2567 4345 3026 4421 misericordiam,
3048 4356 3107 4403 et
3128 4346 3442 4404 tardissima
3460 4348 3531 4405 ad

282 4453 387 4508 per
404 4436 761 4508 melfructum
793 4443 1176 4506 percepturus,
1197 4432 1293 4504 qui
1309 4432 1477 4488 faciat
1490 4432 1860 4490 deum.Forte
1892 4444 1936 4500 ί)
1964 4437 2103 4492 iram
2128 4436 2153 4489 ?
2175 4437 2344 4492 Vocat
2379 4450 2507 4491 eum
2543 4435 2639 4505 qui
2675 4434 2847 4490 latere
2900 4448 2959 4489 se
3002 4434 3231 4505 putabat
3269 4444 3529 4506 tanquam

283 4527 542 4586 conditor
582 4526 789 4582 invidia
830 4526 885 4581 in
924 4541 1028 4581 nos
1064 4525 1299 4592 laboret,
1329 4524 1426 4596 qui
1456 4524 1567 4579 vim
1590 4524 1698 4580 sibi
1721 4524 1860 4581 infe-

285 4620 515 4676 rendam
545 4625 775 4683 metuat,
799 4617 846 4672 si
871 4616 1003 4672 facti
1029 4616 1301 4672 fuerimus
1327 4615 1472 4672 sicut
1494 4614 1595 4671 dii.
1630 4615 1859 4672 Frustra

281 4726 420 4767 sane
462 4727 492 4766 a
540 4712 726 4767 fructu
758 4711 1008 4765 omnium
1036 4707 1412 4779 pulcherrimo
1453 4707 1725 4764 arcendos
1752 4724 1857 4780 pu-

277 4802 443 4857 tavit.
477 4802 637 4868 Veni,
665 4800 993 4871 diripiamus
1030 4799 1374 4863 thesaurum,
1427 4813 1531 4854 nec
1567 4800 1858 4870 quisquam

272 4895 447 4951 nobis
491 4894 719 4951 exsistat
762 4892 1072 4948 sublimior.
1134 4891 1227 4947 Sic
1271 4906 1406 4962 ergo
1433 4892 1704 4949 seducens
1737 4911 1860 4965 qua:

274 4984 413 5041 dolo
460 4985 686 5041 seducta
746 4993 885 5050 erat,
938 4999 1003 5039 ac
1052 4983 1205 5039 velut
1259 4985 1378 5038 ovis
1432 4984 1702 5050 scabiosa,
1750 5002 1858 5056 qua

276 5076 573 5133 laborabat
604 5075 785 5131 labem
818 5074 888 5129 ad
920 5089 979 5129 se
1017 5073 1299 5129 accedenti
1330 5087 1629 5142 aspergens
1649 5113 1662 5138 ,
1702 5073 1861 5128 moli-

278 5165 456 5223 tionis
488 5165 699 5221 socium
722 5164 1011 5234 conjugem
1042 5161 1271 5232 accepit.
1319 5160 1421 5215 Est
1459 5160 1609 5215 enim
1657 5162 1861 5217 animal

277 5253 640 5310 dissolvendo
684 5253 791 5308 viri
827 5252 1033 5316 animo,
1079 5266 1143 5307 ac
1188 5252 1244 5305 in
1280 5265 1443 5321 quam
1483 5251 1616 5306 velit
1646 5260 1859 5322 partem

279 5344 639 5410 inclinanda,
713 5358 979 5414 perquam
1038 5342 1317 5397 idoneum.
1368 5342 1526 5396 Absit
1572 5350 1754 5398 tamen
1804 5352 1867 5397 ut

275 5450 529 5506 unquam
580 5444 728 5491 terra
778 5434 1015 5505 amplius
1054 5433 1222 5488 Evam
1265 5434 1533 5503 producat
1567 5435 1676 5490 viri
1709 5435 1864 5490 necis

274 5532 613 5587 auctriceml
638 5530 928 5600 Nunquam
949 5527 1090 5583 ultra
1110 5536 1363 5584 creatura
1386 5528 1675 5585 mulierem
1697 5528 1860 5582 aliam

264 5737 311 5791 ⁴
350 5664 402 5697 ’⁸
443 5665 607 5722 Eccli.
653 5679 763 5730 xxt,
800 5662 897 5729 l5;
930 5662 1041 5720 Jcr.
1067 5678 1137 5728 iV,
1161 5661 1254 5718 22.

1364 5662 1409 5694 ”
1433 5661 1594 5718 Marc.
1627 5678 1705 5728 ιιι,
1742 5662 1793 5717 5.

1815 5837 1885 5845 .μ-.ν-

1823 5664 1826 5668 “
1893 5662 2076 5718 “Jer.
2139 5679 2269 5730 xxn,
2306 5661 2394 5719 25.

1965 4529 2145 4583 bonus
2192 4536 2380 4598 pastor
2417 4540 2576 4581 ovem
2615 4534 2921 4591 errantem,
2971 4523 3174 4596 datque
3217 4534 3435 4597 tempus
3473 4535 3536 4582 ut

1966 4622 2202 4690 ingenue
2226 4618 2488 4674 delictum
2530 4617 2877 4682 confiteatur,
2899 4630 3005 4672 nec
3026 4616 3210 4672 statim
3234 4615 3537 4688 exstinguit

1963 4725 2091 4765 eum
2126 4709 2222 4779 qui
2262 4708 2457 4764 mortis
2491 4706 2548 4762 in
2577 4722 2636 4763 se
2665 4705 2994 4762 sententiam
3027 4704 3362 4762 ﬁrmarent.
3395 4703 3536 4773 Quia

1966 4812 2103 4852 vero
2142 4797 2191 4851 is
2224 4796 2318 4866 qui
2342 4795 2529 4851 delicti
2557 4810 2687 4851 reus
2718 4803 2857 4861 erat,
2884 4809 2994 4850 non
3021 4794 3090 4850 ad
3123 4794 3535 4852 lamentationis

1966 4887 2157 4952 verba,
2195 4887 2292 4943 sed
2329 4885 2702 4942 excusationis
2731 4883 3043 4955 processit;
3088 4885 3271 4956 arguit
3310 4883 3536 4955 quidem

1963 4980 2156 5035 mitius
2178 4978 2520 5033 molitionem
2543 4984 2733 5042 totam,
2762 4990 2873 5046 quo
2903 4976 3042 5031 nihil
3067 4991 3127 5032 se
3153 4976 3324 5032 latere
3345 4985 3533 5033 osten-

1965 5073 2092 5138 dat;
2126 5070 2386 5141 relinquit
2416 5083 2548 5125 vero
2574 5084 2701 5124 eum
2733 5070 2789 5124 in
2818 5068 2888 5123 iis
2907 5082 3028 5138 quae
3062 5068 3246 5138 elegit,
3280 5068 3536 5137 paradiso

1965 5162 2234 5232 eiiciens;
2267 5169 2431 5231 atque
2461 5166 2732 5214 utcontra
2772 5157 3150 5214 adversarium
3179 5159 3272 5229 qui
3308 5157 3536 5228 perfuga

1966 5254 2167 5318 fuerat,
2209 5267 2334 5307 cum
2379 5250 2629 5306 molestia
2669 5249 2968 5320 depugnet,
3018 5248 3245 5313 addicit,
3291 5263 3363 5303 ne
3392 5248 3536 5305 ultra

1963 5343 2275 5401 insidiantis
2296 5353 2460 5413 caput
2480 5341 2548 5396 ad
2570 5340 3033 5412 supplautandum
3072 5340 3383 5395 subintrare
3406 5354 3533 5410 per-

1962 5437 2146 5491 mittat
2178 5452 2194 5488 :
2232 5449 2297 5489 ac
2326 5432 2548 5504 quidem
2578 5432 2702 5489 loco
2733 5441 2937 5502 paratae
2970 5432 3051 5488 illi
3084 5441 3209 5502 post
3235 5430 3385 5487 nudo
3404 5446 3536 5487 con-

1959 5528 2190 5584 veniens
2256 5534 2535 5582 certamen
2591 5524 2647 5579 in
2697 5524 2984 5595 praemium
3038 5524 3223 5591 stolae,
3271 5534 3538 5579 emortua:

2488 5661 2681 5735 .Y'Jcr.
2741 5677 2893 5729 xxtn,
2931 5662 3022 5718 24.
3133 5660 3181 5693 ’⁸
3233 5658 3377 5715 Psal.
3417 5670 3550 5725 CXL,
