4072 6210
597 321 733 378 “25

1655 325 1996 383 TllEODUTl
2033 325 2336 386 EPISCOPI
2371 330 2717 386 ANCYRANI

3693 331 3836 386 Hii

593 437 888 491 animantis
916 434 1068 490 corio
1097 432 1367 500 induens;
1399 433 1520 488 loco
1547 443 1729 488 autem
1750 437 1890 507 ejus,
1911 437 2006 506 qui
2031 448 2154 508 post
2185 445 2226 499 Α
2254 439 2354 504 Ita,
2384 453 2590 508 quaeso,
2621 437 2726 492 hoc
2751 438 2950 492 sentite
2978 435 3033 490 in
3067 433 3244 497 vobis,
3279 433 3425 502 quod
3453 432 3732 492 modestia:
3761 441 3839 493 sit

589 523 922 580 exercitatos
967 539 1164 578 sensus
1202 523 1447 593 perfecto
1490 525 1681 579 habitu
1724 527 2000 596 repositus
2041 535 2160 581 erat

590 615 746 669 cibus
765 613 992 679 solidus,
1015 613 1199 669 saeculi
1216 614 1497 669 laboribus
1519 616 1947 671 excruciandum
1974 617 2156 671 tradit.

591 709 687 762 His
715 722 848 777 ergo
887 707 1272 777 praevaricator
1293 714 1570 778 gravatus,
1615 716 1768 762 extra
1819 708 1971 779 regia
2011 711 2159 764 atria

589 800 912 865 collocatur,
942 799 1316 855 miserandum
1347 799 1607 872 subjectae
1627 809 1894 854 creaturae
1925 801 2160 856 aﬂerens

589 892 966 960 spectaculum
995 909 1010 960 ;
1054 906 1178 962 rege
1216 891 1476 946 nimirum
1512 901 1675 962 atque
1704 890 1933 961 praeside
1963 891 2158 947 vulne-

588 992 709 1037 rato
728 983 783 1037 in
809 984 946 1040 acie.
967 1039 990 1060 ,

658 1077 768 1129 Vll.
803 1077 972 1130 Porro
990 1076 1106 1130 haec
1131 1075 1419 1131 audiamus
1456 1075 1552 1145 qui
1588 1076 1838 1130 veritatis
1887 1085 2160 1131 amatores

585 1182 810 1231 sumus;
849 1182 1056 1235 vosque
1095 1166 1316 1235 pietatis
1341 1167 1602 1230 cultores,
1634 1165 1861 1220 auribus
1886 1167 2155 1236 percipite

583 1272 849 1326 quantum
885 1258 957 1312 sit
1005 1257 1207 1312 malum
1254 1257 1492 1312 elatione
1542 1257 1804 1327 transﬁgi.
1834 1257 2156 1324 Caveamus,

583 1349 804 1412 fratres,
825 1363 1115 1403 caveamus
1136 1348 1238 1402 hos
1272 1348 1497 1412 imitari,
1530 1363 1670 1417 quos
1693 1363 1756 1402 ca
1781 1358 1936 1418 parte
1967 1364 2158 1418 repro-

582 1438 740 1492 batos
768 1439 962 1508 liquet.
1007 1458 1024 1490 ι
1048 1439 1316 1508 Nonplus
1350 1438 1624 1507 sapiamus
1653 1453 1818 1507 quam
1833 1448 2051 1508 oportet
2065 1455 2156 1493 sa-

580 1529 792 1598 pere”.
821 1549 943 1581 ι--ι
965 1529 1100 1584 Nam
1117 1530 1212 1598 qui
1231 1529 1512 1583 existimat
1535 1543 1594 1582 se
1625 1528 1834 1598 aliquid
1859 1544 2000 1595 esse,
2026 1544 2152 1584 cum

579 1620 717 1674 nihil
739 1619 830 1686 sit,
850 1620 964 1690 ipse
983 1636 1040 1675 se
1059 1621 1327 1676 seducit‘.
1353 1639 1372 1672 ι
1391 1650 1462 1660 —-
1480 1639 1498 1673 ι
1522 1621 1900 1678 Humilitatem
1919 1622 2149 1677 invicem

579 1715 924 1770 iusinuemus
940 1718 981 1770 '.
1004 1733 1022 1765 ι
1058 1715 1137 1769 Ne
1168 1715 1332 1769 stulte
1349 1713 1501 1769 Pauli
1519 1713 1767 1770 doctrina
1785 1714 2155 1784 reprehenda-

580 1820 688 1862 tur.
741 1808 914 1863 Nemo
941 1807 1086 1877 apud
1126 1822 1227 1860 nos
1265 1806 1321 1859 in
1352 1807 1624 1862 mendacii
1652 1806 1835 1861 verbis
1861 1805 2148 1876 glorietur,
2185 1781 2224 1836 Β

577 1898 1064 1968 praeexsistentiam
1085 1906 1210 1952 ante
1232 1910 1352 1955 eam
1375 1913 1494 1967 qum
1515 1898 1619 1952 hoc
1635 1897 1835 1952 saeculo
1850 1906 1933 1952 est
1951 1896 2154 1952 forma-

577 1988 785 2042 tionem
846 1987 952 2043 sibi
984 1987 1100 2058 ipse
1145 1989 1439 2044 asciscens.
1484 1987 1784 2042 Ludicrum
1823 1987 1974 2042 enim
2022 2003 2153 2058 gen-

577 2077 756 2132 tiiium
794 2077 1105 2132 fabularum
1140 2078 1389 2142 exsistat,
1432 2093 1495 2132 ac
1529 2077 1816 2132 diabolicae
1864 2079 2151 2148 pravitatis

575 2170 781 2234 illusio,
809 2171 903 2239 qui
939 2181 1096 2226 notos
1127 2185 1258 2225 suos
1275 2171 1507 2226 obscura
1539 2170 1654 2226 haec
1679 2171 1894 2237 doceat,
1925 2172 1982 2226 in
2012 2187 2150 2242 quos

573 2269 702 2332 apte
727 2262 985 2329 scriptum
1003 2270 1088 2315 est
1107 2279 1119 2314 :
1158 2280 1176 2312 ι
1209 2261 1349 2326 Quid
1366 2261 1634 2330 superbis,
1656 2271 1801 2318 terra
1817 2270 1873 2318 et
1889 2263 2028 2318 cinis
2049 2264 2070 2295 ³
2084 2264 2107 2317 ?
2123 2284 2142 2314 ι

574 2352 1046 2422 Obsecratitaque
1072 2367 1171 2406 vos
1193 2367 1341 2406 nunc
1371 2368 1591 2422 quoque
1613 2370 1711 2423 per
1740 2370 1827 2409 me
1861 2355 2014 2410 chori
2040 2355 2148 2410 dux

575 2451 764 2499 uoster
787 2453 963 2512 atque
998 2443 1258 2513 magister
1284 2461 1297 2496 :
1349 2463 1366 2494 ‹
1397 2443 1578 2497 Nolite
1611 2445 1894 2501 ambulare
1921 2447 2065 2502 sicut
2093 2459 2149 2503 et

572 2541 766 2604 gentes
809 2531 1096 2594 ambulant
1139 2533 1196 2586 in
1237 2533 1477 2588 vanitate
1517 2550 1716 2589 sensus
1753 2537 1859 2601 sui,
1904 2538 2148 2594 tenebris

571 2625 927 2679 obscuratum
960 2623 1226 2678 habentes
1269 2623 1642 2702 intellectum,
1687 2627 1910 2682 alienati
1959 2645 1988 2682 a
2035 2629 2146 2682 vita

572 2713 695 2778 Dei,
724 2730 824 2783 per
847 2713 1209 2784 ignorantiam
1245 2729 1368 2783 qua:
1395 2723 1480 2769 est
1508 2715 1564 2768 in
1591 2715 1720 2781 illis,
1747 2727 1972 2788 propter
1995 2718 2150 2773 caeci-

572 2813 738 2860 tatem
765 2804 950 2860 cordis
979 2804 1225 2874 ipsorum
1253 2822 1265 2859 :
1293 2803 1388 2875 qui
1419 2805 1794 2875 desperantes,
1825 2809 2149 2880 semetipsos

572 2897 921 2952 tradiderunt
945 2895 1326 2964 impudicitiae,
1363 2896 1418 2951 in
1446 2899 1823 2967 operationem
1846 2900 2145 2956 immundi-

570 2988 661 3041 tize
689 2987 888 3053 omnis,
924 2987 979 3040 in
1032 2988 1321 3042 avaritiam
1375 2987 1416 3041 ⁸.
1457 3007 1475 3038 ι
1530 2990 1640 3044 Nos
1687 2999 1868 3045 autem
1908 3008 2018 3046 non
2071 2991 2146 3046 ita

2259 545 2324 584 ac
2357 531 2470 584 Deo
2491 530 2771 600 placitum.
2802 528 2907 596 Qui
2941 527 3088 582 enim
3141 534 3446 598 agnoscunt
3472 528 3700 596 scipsos,
3737 545 3835 585 sa-

2259 622 2474 691 pientes
2504 629 2648 676 sunt.
2674 620 2779 687 Qui
2800 615 3102 688 iila'sapere
3124 618 3182 672 in
3203 619 3447 672 animum
3469 617 3833 683 induxerunt,

2259 713 2400 767 alios
2421 727 2452 768 e
2477 712 2633 768 cmlis
2665 711 2978 782 praecipites
3007 709 3142 780 egit,
3167 709 3305 764 alios
3331 725 3362 762 e
3392 709 3834 778 voluptatisloce

2260 803 2526 872 relegavit
2559 819 2572 855 :
2602 803 2697 872 qui
2736 817 2869 857 vero
2895 799 3215 872 perinde-ac
3239 799 3496 856 Christus
3515 802 3835 856 maluerunt

2255 909 2470 964 sapere,
2497 909 2594 950 eos
2618 895 2688 949 ad
2709 893 2948 964 paradisi
2967 892 3196 962 patriam
3221 892 3558 962 postliminio
3580 903 3830 947 revocat.

2263 1004 2283 1036 ι
2315 985 2442 1041 Haec
2474 985 2633 1040 vobis
2659 985 2846 1040 dicere
2878 983 3014 1038 mihi
3044 997 3156 1038 non
3193 983 3432 1053 pigrum,
3463 983 3618 1037 vobis
3641 993 3830 1040 autem

2255 1079 2624 1133 necessarium
2639 1079 2702 1131 υ.
2725 1095 2848 1129 ι-ι
2868 1077 3048 1132 Nolite
3078 1091 3197 1130 esse
3220 1075 3522 1145 prudentes
3539 1077 3683 1146 apud
3701 1094 3833 1133 vos—

2257 1167 2518 1237 metipsos
2548 1169 2612 1232 ",
2643 1186 2662 1218 ι
2705 1183 2882 1237 neque
2908 1182 3008 1222 vos
3029 1166 3341 1222 extendatis
3366 1165 3435 1220 ad
3464 1183 3529 1221 ea
3553 1183 3675 1237 qua:
3704 1183 3829 1223 mo-

2254 1258 2386 1312 dum
2403 1259 2694 1315 excedunt.
2719 1279 2738 1310 ‹
2761 1258 3184 1328 Superbisenim
3202 1258 3468 1313 Dominus
3487 1259 3689 1314 resistit
3708 1261 3774 1305 ³³.
3803 1280 3822 1309 ι

2254 1351 2634 1420 Obsequamur
2685 1350 3094 1420 Scripturarum
3147 1349 3416 1404 doctrinae
3463 1349 3669 1419 ubique
3709 1351 3827 1404 ela-

2254 1441 2556 1496 mantium:
2583 1440 2761 1496 Nolite
2792 1439 3012 1510 gloriari
3031 1449 3088 1494 et
3112 1439 3282 1494 nolite
3310 1440 3461 1509 loqui
3485 1440 3740 1495 sublimia
3770 1441 3827 1494 in

2254 1534 2514 1603 superbia
2562 1534 2644 1600 ¹⁸;
2691 1548 2803 1588 nec
2842 1546 3024 1588 sermo
3041 1532 3436 1602 magniloquus
3461 1533 3720 1602 procedat
3754 1533 3825 1588 de

2253 1640 2349 1680 ore
2383 1633 2566 1680 vestro
2597 1625 2661 1678 ‘5.
2695 1622 3054 1678 Ambulemus
3087 1622 3145 1676 in
3183 1622 3386 1692 quibus
3422 1623 3592 1676 renati
3633 1638 3828 1677 sumus

2253 1732 2352 1787 per
2379 1717 2713 1788 baptismum
2762 1715 3123 1785 divinumque
3155 1714 3329 1769 sancti
3371 1729 3434 1768 ac
3462 1713 3661 1768 viviﬁci
3695 1714 3827 1784 Spi-

2255 1807 2394 1862 ritus
2413 1806 2733 1870 adventum,
2759 1813 3017 1873 tanquam
3043 1818 3109 1858 ex
3129 1801 3237 1856 illis
3255 1817 3284 1855 a
3307 1801 3569 1871 principio
3583 1801 3825 1862 conditi,

2251 1904 2416 1966 atque
2445 1897 2501 1950 in
2534 1895 2642 1950 illis
2675 1893 3070 1963 sempiternum
3107 1899 3310 1946 statum
3349 1892 3652 1961 accepturi,
3686 1907 3826 1962 qua-

2250 1987 2358 2042 lem
2388 1987 2610 2043 tandem
2632 1986 2779 2041 Deus
2802 1983 2974 2055 judex
3000 1983 3280 2038 tribuerit.

2320 2077 2455 2133 Vlll.
2479 2076 2637 2143 Quod
2663 2085 2846 2131 autem
2872 2089 2980 2128 non
3006 2088 3255 2128 essemus
3279 2082 3571 2142 antequam
3593 2087 3820 2142 corpora

2249 2167 2640 2231 formarentur,
2669 2163 3130 2236 quemadmodum
3159 2173 3448 2218 senserunt
3473 2163 3571 2233 qui
3601 2164 3818 2218 excide-

2252 2265 2381 2312 runt
2407 2272 2437 2311 a
2469 2257 2710 2326 pietate;
2735 2252 2969 2310 sufficiat
2998 2253 3178 2318 vobis,
3209 2252 3305 2322 qui
3336 2252 3642 2321 prudentes
3684 2253 3816 2312 sitis,

2249 2365 2372 2421 qua;
2397 2350 2466 2404 ad
2492 2347 2782 2417 multiplici
2811 2346 3112 2402 certamine
3136 2346 3400 2415 inclytum
3442 2343 3549 2399 Job
3579 2360 3820 2399 commu-

2250 2447 2336 2501 nis
2359 2444 2614 2499 utilitatis
2633 2458 2764 2513 ergo
2795 2441 2981 2496 divina
3007 2440 3216 2495 exstitit
3233 2439 3559 2508 disputatio,
3579 2439 3655 2493 ab
3677 2439 3817 2493 omni

2249 2538 2492 2591 animum
2522 2534 2760 2590 elatione
2790 2547 3049 2603 purgans,
3073 2530 3387 2600 decensque
3417 2545 3521 2584 nec
3545 2532 3817 2586 exstitisse

2249 2639 2376 2684 ante
2399 2640 2672 2682 terrenam
2691 2623 3120 2687 concretionem,
3145 2637 3247 2676 nec
3269 2621 3638 2675 humanarum
3663 2624 3819 2692 quid-

2249 2737 2414 2791 quam
2453 2734 2638 2774 rerum
2682 2716 3020 2788 cognovisse.
3080 2733 3098 2766 α
3129 2714 3234 2772 Ubi
3271 2715 3441 2776 enim,
3476 2714 3681 2783 inquit,
3703 2731 3820 2770 cras

2250 2809 2762 2881 quandoponebam
2785 2807 3137 2862 fundamenta
3157 2814 3326 2860 terra:
3345 2806 3369 2858 ?
3391 2805 3575 2859 indica
3617 2807 3758 2860 mihi
3779 2809 3819 2860 si

2249 2902 2420 2956 babes
2459 2899 2877 2965 intelligentiam
2916 2897 2981 2954 ¹⁶.
3014 2915 3033 2948 ι
3067 2897 3138 2952 At
3162 2911 3270 2951 non
3295 2896 3597 2966 respondet
3624 2897 3713 2950 vir
3737 2899 3818 2967 ju-

2247 3002 2366 3048 stus
2397 2991 2850 3061 impiissimorum
2879 3000 3031 3042 more
3078 2987 3145 3042 ad
3197 2987 3578 3057 quaestionem,
3623 2989 3724 3058 qui
3760 3005 3819 3043 ex

568 3077 864 3132 didicimus
915 3077 1196 3132 conditum
1237 3093 1357 3133 esse
1390 3078 1690 3144 hominem,
1723 3082 1949 3150 ejusque
1983 3097 2144 3150 gene-
2171 3107 2212 3162 ο
2250 3085 2340 3138 illa
2387 3083 2524 3138 sciat
2564 3097 2622 3137 se
2664 3081 2939 3151 posterius
2994 3095 3157 3150 quam
3196 3089 3338 3133 terra
3366 3079 3656 3133 conditum
3683 3096 3811 3134 esse.

569 3169 837 3222 rationem
863 3186 877 3234 ;
905 3168 999 3223 sed
1023 3183 1090 3222 eo
1111 3168 1296 3232 modo,
1318 3183 1480 3237 quem
1503 3168 1653 3238 prior
1675 3170 1854 3226 Moses
1876 3173 2137 3229 narravit.

570 3257 666 3313 Sin
716 3265 907 3313 autem
960 3257 1158 3327 aliquis
1210 3257 1330 3312 falsi
1367 3257 1550 3313 Mosen
1577 3258 1874 3324 insimulet,
1911 3262 1978 3317 ad
2013 3278 2139 3317 eum

567 3349 664 3418 qui
689 3347 971 3402 oraculum
999 3347 1174 3402 edidit
1196 3349 1590 3404 convenienter
1613 3350 1864 3415 remittit,
1888 3353 2037 3407 velut
2057 3364 2140 3409 est

566 3439 950 3510 [Egyptiacum
989 3438 1121 3494 illud
1157 3439 1495 3502 scandalum,
1539 3456 1737 3511 nempe
1770 3441 2054 3514 Origenes.
2095 3444 2139 3500 0

569 3531 796 3586 multam
837 3529 1147 3584 inscitiam!
1193 3544 1226 3584 ο
1271 3529 1595 3586 immensam
1641 3531 2036 3602 impudentiam
2064 3537 2076 3589 l
2106 3551 2141 3590 o

569 3622 878 3676 dementem
898 3620 1174 3674 animum!
1200 3619 1472 3683 Christus,
1506 3639 1524 3673 ι
1555 3621 1648 3691 qui
1670 3630 1934 3692 estsuper
1957 3625 2138 3679 omnia

570 3715 715 3768 Dens
739 3713 782 3776 ⁸,
819 3731 836 3763 ι
878 3711 1054 3765 ﬁdelis
1076 3711 1164 3765 ille
1185 3719 1240 3766 et
1261 3726 1426 3767 verax
1443 3712 1498 3766 in
1517 3712 1772 3767 omnibus
1791 3715 2139 3772 sermonibus

567 3819 633 3858 ac
658 3803 919 3872 eperibus
941 3801 1056 3856 suis
1080 3802 1119 3867 °,
1141 3800 1234 3871 qui
1256 3801 1361 3856 sibi
1380 3802 1498 3871 ipse
1521 3803 1654 3858 satis
1672 3813 1755 3858 est
1779 3803 1833 3858 in
1859 3805 2134 3871 omnibus,

566 3896 715 3950 eunti
747 3895 970 3964 dignum
1026 3894 1341 3964 acceptione
1383 3902 1598 3960 testem,
1647 3896 1793 3966 quod
1840 3897 1908 3952 ad
1960 3898 2136 3968 ipsum

565 3994 798 4056 spectat,
833 3984 994 4039 Mosis
1025 3983 1487 4054 conscriptionem
1519 3985 1670 4052 facit,
1700 3987 2135 4059 superbiuntque

563 4077 771 4148 garruli
787 4077 1036 4131 homines
1051 4075 1314 4130 adversus
1332 4076 1651 4146 prophetam
1670 4087 1834 4147 atque
1852 4078 2132 4146 insultant,

565 4168 720 4238 quasi
756 4183 864 4222 non
901 4166 1142 4236 perfecte
1176 4182 1296 4236 quae
1327 4167 1566 4222 hominis
1594 4179 1755 4224 erant
1784 4171 2130 4226 narraverit!

565 4261 642 4316 Ne
693 4260 818 4329 quis
859 4273 990 4313 vero
1037 4257 1152 4328 (qui
1191 4258 1386 4312 malam
1417 4258 1658 4314 radicem
1691 4259 1833 4315 stolo
1860 4261 2132 4331 sequitur)

563 4348 806 4421 offendat
837 4345 1159 4415 arrogantia:
1194 4345 1416 4411 cedens,
1448 4355 1509 4400 ut
1533 4346 1773 4401 reditum
1806 4362 1870 4402 ac
1904 4347 1960 4401 in
1996 4348 2134 4405 inte-

2246 3173 2587 3229 Meudacium
2619 3171 2818 3242 quippe
2848 3179 2973 3226 ante
3000 3172 3168 3225 Deum
3192 3186 3302 3225 non
3329 3170 3694 3240 ingredietur.
3731 3170 3816 3224 Sin

2243 3274 2426 3318 autem
2467 3273 2595 3318 ante
2623 3273 2828 3319 terram
2855 3272 2922 3317 set
2951 3279 3072 3332 quae
3104 3273 3252 3318 terra
3292 3263 3654 3317 con-tinentur
3687 3264 3815 3317 nihil

2243 3355 2409 3409 homo
2450 3363 2589 3420 erat,
2630 3370 2741 3409 non
2782 3369 2913 3425 ergo
2941 3355 3058 3425 pari
3091 3369 3217 3409 cum
3249 3354 3449 3408 animis
3490 3355 3815 3423 antiquitate

2242 3445 2462 3516 gaudet,
2505 3453 2779 3514 quatenus
2825 3445 3030 3498 mundo
3075 3444 3224 3514 prior
3261 3444 3561 3498 exstiterat.
3592 3444 3814 3499 Frustra

2242 3539 2407 3609 igitur
2434 3537 2643 3601 miseri,
2679 3552 2746 3592 ac
2777 3536 2869 3606 qui
2895 3536 3011 3591 haec
3058 3536 3325 3600 sentiunt,
3354 3536 3551 3589 similes
3576 3539 3816 3590 commi-

2240 3631 2528 3685 niscuntur
2542 3631 2926 3698 somniantque
2937 3628 3223 3698 procellas.
3239 3627 3488 3696 Quodque
3505 3641 3590 3680 res
3602 3641 3734 3680 crea
3744 3638 3815 3682 tae

2238 3734 2271 3774 a
2311 3719 2422 3774 Deo
2453 3734 2563 3773 non
2595 3728 3004 3773 commutentur
3044 3717 3253 3773 vicario
3285 3716 3518 3786 quodam
3554 3731 3806 3778 recursu,

2239 3810 2400 3864 ﬁdem
2440 3810 2634 3864 astruit
2661 3809 2847 3863 divina
2881 3809 3343 3879 Scriptura,‘cum
3370 3809 3450 3863 sic
3471 3808 3587 3862 ait:
3623 3828 3643 3858 ι
3667 3808 3814 3864 Prat-

2237 3909 2457 3971 ceptum
2503 3900 2711 3971 posuit,
2761 3909 2817 3954 et
2860 3915 2970 3954 non
3019 3899 3318 3970 praeteribit
3356 3899 3419 3953 ".
3457 3915 3476 3948 ι
3531 3899 3663 3954 Alio
3690 3901 3818 3954 item

2237 3990 2358 4045 loco
2382 4007 2396 4044 :
2429 4009 2446 4041 ε
2464 3989 2722 4059 Nunquid
2746 4004 2884 4044 vane
2907 3989 3238 4044 constituisti
3264 4003 3451 4044 omnes
3477 3987 3627 4043 ﬁlios
3644 3990 3818 4044 homi-

2235 4096 2368 4134 num
2401 4081 2477 4133 ’⁸⁸1
2513 4099 2532 4132 ι
2588 4079 2796 4135 ldcirco
2862 4099 2881 4132 ι
2941 4079 3274 4135 Salvatorem
3330 4088 3751 4150 exspectamus.
3793 4103 3808 4128 ι

2235 4169 2415 4239 ipsum
2439 4169 2534 4240 qui
2557 4169 2626 4223 ad
2646 4177 2889 4223 nostram
2916 4179 3167 4224 naturam
3192 4169 3616 4225 immutabiliter
3643 4174 3810 4228 venit.

2235 4259 2560 4323 Dominum,
2601 4274 2712 4313 non
2762 4258 2857 4328 qui
2906 4258 2960 4312 in
3010 4259 3222 4313 animos
3274 4259 3553 4321 restituat,
3599 4275 3703 4328 pro
3748 4275 3815 4314 ee

2233 4367 2298 4406 ac
2324 4349 2569 4404 haeretici
2599 4357 2894 4420 nugantur,
2928 4348 3023 4404 sed
3056 4369 3073 4400 ‹
3100 4350 3195 4418 qui
3233 4364 3434 4418 corpus
3485 4350 3818 4406 humilitatis

562 4454 722 4509 grum
754 4437 1180 4502 restitutionem,
1213 4438 1390 4508 qualis
1418 4436 1727 4492 animorum
1755 4447 1859 4503 est,
1886 4439 1992 4492 sibi
2015 4440 2130 4509 ipse
2162 4433 2205 4488 D
2232 4446 2455 4502 uestrae,
2480 4445 2540 4492 ut
2561 4438 2638 4491 ait
2663 4452 2890 4507 magnus
2915 4437 3134 4501 Paulus,
3160 4438 3512 4508 transﬁguret
3530 4439 3817 4494 conforme

561 4527 855 4599 conﬁngat.
901 4528 977 4582 Ne
1021 4529 1145 4598 quis
1175 4528 1374 4583 sentiat
1407 4528 1463 4582 in
1491 4528 1651 4583 vobis
1682 4530 1826 4598 quod
1867 4541 2133 4602 tyrannus

559 4623 755 4689 sensit,
791 4637 915 4679 cum
952 4638 1063 4692 prm
1093 4622 1259 4676 nimia
1291 4622 1598 4676 temeritate
1622 4621 1759 4677 dixit
1791 4623 1923 4688 Deo,
1963 4643 1980 4675 ι
2019 4625 2130 4680 Ero

561 4715 757 4770 similis
775 4715 1054 4769 Altissimo
1080 4715 1120 4768 ⁷.
1161 4733 1179 4764 ›
1215 4713 1292 4768 Ne
1315 4713 1585 4783 germinet
1608 4714 1662 4768 in
1689 4715 1846 4770 vobis
1872 4724 2128 4786 tauquam

559 4804 716 4859 radix
744 4800 1188 4866 amaritudinis',
1214 4800 1359 4870 quod
1393 4801 1521 4856 huic
1543 4802 1720 4857 simile
1743 4803 1798 4856 iu
1825 4804 1996 4858 Adam
2029 4819 2126 4860 ex-

559 4897 720 4959 stitit,
779 4910 845 4950 eo
895 4893 1040 4964 quod
1097 4908 1381 4963 arrogans,
1421 4893 1567 4962 quod
1624 4913 1642 4947 ι
1676 4894 2012 4950 abominatio
2056 4897 2129 4951 sit

562 4987 791 5042 Domine
822 4985 1003 5039 omnis
1049 4983 1302 5038 sublimis
1342 4983 1507 5038 corde
1540 4987 1560 5017 ⁹
1613 5002 1626 5037 :
1690 4986 1784 5040 sed
1819 4985 1924 5040 hoc
1946 4986 2129 5055 potius

553 5079 756 5132 sentite
805 5077 858 5130 in
888 5075 1063 5139 vobis,
1096 5094 1112 5126 ι
1139 5083 1394 5143 tanquam
1413 5074 1918 5140 Christianissimis,
1942 5096 1961 5127 ι
1987 5077 2133 5146 quod

554 5176 613 5220 et
639 5167 692 5220 in
727 5165 947 5220 Christo
972 5166 1099 5219 Jesu
1132 5182 1144 5218 :
1169 5164 1262 5233 qui
1287 5181 1410 5219 cum
1438 5166 1493 5220 in
1516 5165 1688 5221 forma
1711 5167 1807 5221 Dei
1831 5178 1996 5230 esset,
2024 5183 2130 5221 non

557 5258 803 5327 rapinam
835 5257 1137 5311 arbitratus
1179 5264 1262 5311 est
1293 5270 1415 5311 esse
1453 5257 1808 5326 se'aequalem
1846 5257 1994 5323 Dee;
2036 5258 2130 5320 sed

554 5348 910 5417 semetipsum
939 5347 1242 5402 cxinanivit
1272 5347 1502 5402 formam
1534 5349 1679 5403 servi
1707 5349 1983 5419 accipiens
2013 5350 2075 5402 ‘°.
2104 5368 2121 5398 ι

626 5506 670 5535 ⁵⁵
703 5505 858 5559 Rom.
884 5521 974 5566 xu,
995 5505 1050 5560 5.
1127 5506 1141 5535 ³
1165 5504 1336 5559 Galat.
1361 5522 1431 5567 vl,
1457 5505 1507 5559 5.
1586 5508 1606 5537 ¹
1633 5507 1651 5560 l
1677 5507 1821 5560 Petr.
1847 5523 1896 5570 v,
1920 5507 1970 5559 5.
2016 5507 2034 5535 ³
2055 5504 2221 5558 Eccli.
2251 5521 2300 5566 x,
2331 5506 2381 5559 9.

626 5591 637 5608 .
657 5591 704 5608 ω
761 5576 826 5608 in
921 5577 939 5605 7
967 5575 1045 5608 ιρι.
1096 5590 1181 5608 τη,
1233 5576 1296 5608 u
1397 5578 1418 5606 υ
1447 5575 1592 5608 unum
1647 5593 1718 5608 ι...
1774 5577 1802 5608 ιιι
1925 5579 1946 5608 υ
1976 5577 2113 5608 ι)..,..ι
2173 5591 2326 5608 ..νς-υ.
2392 5575 2419 5608 r:

1976 5577 2134 5630 Prov.
2173 5591 2349 5637 xxxvr,
2390 5577 2442 5629 5.

1982 5686 1993 5698 .
2093 5645 2134 5675 "
2188 5646 2204 5697 1
2249 5645 2378 5713 Heg.
2413 5661 2467 5705 ιι,
2497 5645 2547 5697 5.

1813 5716 1854 5746 ¹⁹
1879 5715 2106 5784 Philipp.
2137 5731 2211 5779 ιιι,
2241 5713 2328 5766 21.

555 5590 726 5634 cxuv,
761 5576 844 5628 16.
921 5577 939 5605 ⁷
967 5575 1067 5627 lsa.
1096 5590 1201 5637 xlv,
1233 5576 1318 5629 M.
1397 5578 1418 5606 ⁸
1447 5575 1609 5630 Hebr.
1647 5593 1740 5639 xu,
1771 5577 1822 5629 5.

558 5645 598 5674 ¹¹
638 5645 789 5696 limit.
827 5661 917 5701 xu.
955 5645 1038 5696 16.
1120 5645 1162 5676 ¹⁸
1193 5645 1304 5699 Jac.
1339 5661 1410 5708 Iv,
1443 5644 1504 5710 6;
1566 5645 1583 5698 l
1644 5646 1787 5699 Petr.
1848 5663 1900 5710 v,
1942 5647 1993 5698 ii.

558 5716 596 5745 ⁸⁷
618 5714 756 5766 Psal.
782 5729 991 5774 chvuI,
1015 5715 1064 5769 6.
1145 5715 1186 5744 ¹⁸
1207 5715 1344 5767 Psal.
1379 5729 1626 5780 Lxxxvtu,
1650 5715 1732 5768 48.

2236 4527 2452 4597 corpori
2489 4527 2753 4584 claritatis
2790 4543 2925 4593 suae,
2962 4528 3265 4583 secundum
3296 4530 3677 4598 operationem
3704 4548 3818 4601 qua

2233 4618 2400 4674 etiam
2434 4619 2541 4674 sibi
2570 4620 2738 4689 possit
2770 4618 3041 4690 subjicere
3067 4620 3250 4674 omnia
3290 4621 3353 4684 ¹⁹,
3381 4640 3399 4672 ι
3451 4630 3513 4676 ut
3539 4636 3654 4676 non
3691 4638 3816 4677 am-

2234 4713 2380 4782 plius
2415 4727 2564 4767 mors
2603 4712 2654 4767 ei
2685 4712 3038 4778 dominetur;
3066 4726 3177 4766 non
3203 4711 3438 4781 amplius
3463 4714 3817 4782 corruptieni

2233 4804 2516 4874 subjaccat
2541 4821 2556 4870 ;
2591 4805 2800 4874 peccati
2829 4803 3172 4875 tyrannidem
3209 4804 3354 4858 ultra
3382 4819 3490 4858 non
3518 4807 3775 4872 patiatur
3803 4825 3815 4870 ;

2234 4911 2343 4950 non
2366 4896 2600 4964 amplius
2621 4897 2904 4966 passiones
2919 4897 2974 4950 in
2996 4911 3064 4952 eo
3084 4895 3386 4960 obtineant,
3409 4894 3504 4949 sed
3523 4906 3816 4950 auctorem

2234 4985 2406 5039 Deum
2451 4985 2649 5040 habeat
2693 4987 2873 5040 omnia
2913 4985 2969 5039 in
3011 4984 3267 5039 omnibus
3304 4994 3653 5054 operantem.
3690 4987 3819 5041 ηεξ-ε

2231 5085 2413 5130 autem
2451 5075 2519 5129 de
2559 5075 2628 5131 iis
2656 5076 2872 5146 loquor,
2910 5076 3006 5144 qui
3038 5074 3092 5128 in
3121 5074 3330 5145 judicio
3363 5074 3456 5128 illo
3486 5074 3818 5144 incorrupta

2228 5166 2296 5219 ad
2319 5166 2599 5221 dexteram
2632 5176 2796 5222 erunt
2815 5165 3119 5222 collocandi
3151 5167 3216 5219 ὀ.
3251 5165 3453 5220 lterum
3483 5181 3621 5220 vero
3649 5167 3720 5221 ad
3754 5183 3815 5221 ea

2229 5274 2349 5328 quae
2380 5266 2507 5313 sunt
2539 5258 2774 5313 instituti
2803 5273 3112 5312 sermonem
3136 5257 3485 5312 reducamus.

2299 5349 2389 5403 IX.
2450 5349 2884 5418 Appreheudens
2932 5349 3116 5419 itaque
3166 5348 3397 5404 humani
3441 5347 3532 5403 ille
3589 5349 3814 5417 generis

2461 5506 2480 5536 ⁸
2510 5505 2710 5573 Ephes.
2754 5523 2825 5571 tv,
2868 5507 3051 5562 17-19.
3128 5508 3148 5539 ⁸
3184 5507 3342 5562 Rern.
3374 5523 3446 5567 rx,
3480 5507 3530 5559 5.
3619 5507 3641 5536 ⁸

2503 5645 2506 5646 ν
2549 5577 2591 5606 ¹⁰
2641 5575 2875 5646 Philipp.
2933 5592 2990 5640 ιι,
3053 5576 3175 5630 5-7.
3285 5576 3322 5606 "
3360 5575 3601 5646 Philipp.
3645 5593 3725 5634 ιιι.
3759 5578 3807 5630 1.

2667 5646 2706 5675 ’⁸
2759 5644 2957 5715 Ephes.
2995 5663 3064 5710 tv,
3092 5646 3180 5704 29.
3287 5647 3328 5676 ¹⁶
3357 5644 3460 5699 Job
3502 5663 3733 5712 ιλιι-ιιι,
3757 5648 3806 5702 4.

2431 5715 2473 5744 ²⁰
2503 5714 2689 5769 Matth.
2730 5714 2852 5782 xxv,
2895 5715 2980 5770 54.
