4072 6210
284 187 414 245 1425

867 188 1150 247 llOMlLlA
1182 190 1253 246 Ἢ
1282 186 1448 247 1Ν,5.
1492 184 1845 243 DEIPARAM

1966 184 1971 205 '
2012 188 2080 245 ΙΝ
2117 189 2590 251 ΝΑΤΝΠΑΤΕΜ
2626 194 2899 252 DOMINI-

3397 195 3547 261 ,1426

284 315 405 356 osor
418 300 611 372 procul
634 301 886 358 abactum
911 319 940 357 a
958 278 1542 381 rectitpdmistramite
1558 300 1867 365 hominem,
1895 306 1947 362 A.
1966 305 2063 375 qui
2096 305 2289 362 dextra
2304 308 2490 364 clarus
2521 317 2639 363 erat
2655 306 2981 379 Y‘quomodo
2999 306 3221 362 attritus
3232 306 3539 371 doloribus,

283 402 442 463 atque
462 408 494 447 a
520 393 618 449 Dei
643 394 871 449 scientia
901 394 1142 449 alienum
1169 394 1450 457 effectum,
1472 393 1738 448 adversus
1763 391 1859 447 de-

284 484 453 540 victos
498 483 647 538 intus
690 483 882 554 serpit,
923 490 1100 538 totum
1134 500 1295 539 suum
1318 483 1453 539 illud
1482 497 1713 538 examen
1740 489 1859 536 tra-

283 573 458 640 hens;
499 574 664 644 inque
697 573 938 643 pectoris
982 573 1388 654 munitionibus
1432 570 1732 641 impietatis
1758 585 1857 625 ex-

285 675 485 720 tremos
512 678 677 719 sonos
702 663 854 718 velut
888 664 1033 720 tubae
1059 666 1316 735 clangore
1347 663 1455 718 late
1480 661 1672 727 edens,
1705 674 1857 715 com-

283 756 517 826 positum
564 754 799 826 potioris
826 756 1200 829 principatum
1232 753 1859 824 turbaeincerto’princi-

280 856 407 918 patu
453 846 741 914 turbavit;
782 847 1237 919 adulterinosque
1275 847 1524 903 stolones
1552 860 1617 900 ac
1650 844 1860 899 zizania

279 940 558 995 seminans
601 938 659 993 in
710 953 845 1011 agro
868 938 1182 1005 Dominico,
1231 953 1355 1008 qua:
1381 946 1594 993 naturae
1629 934 1868 990 adversa-

278 1038 438 1096 sunt,
497 1046 625 1087 cum
673 1030 743 1087 iis
792 1046 917 1102 quae
969 1040 1183 1087 naturae
1232 1036 1624 1093 consentanea,
1674 1027 1861 1098 vigere

277 1122 558 1193 praecepit.
582 1121 756 1195 Cujus
788 1123 872 1179 rei
894 1138 1060 1179 causa
1085 1123 1253 1180 etiam
1274 1119 1620 1177 admirabilis
1640 1119 1863 1192 lugebat
1900 1140 1903 1143 ν

279 1213 500 1279 Paulus,
526 1213 719 1271 dicens
746 1232 760 1268 :
795 1232 815 1267 ι
843 1213 1019 1271 Video
1041 1222 1225 1270 autem
1243 1214 1408 1270 aliam
1426 1213 1603 1284 legem
1619 1210 1675 1266 in
1691 1225 1864 1267 mem-

278 1306 400 1362 bris
430 1306 593 1373 meis,
622 1315 1020 1379 repugnantem
1042 1307 1149 1380 legi
1185 1305 1388 1363 mentis
1414 1319 1571 1370 meae,
1600 1310 1659 1359 et
1685 1303 1861 1374 capti-

278 1407 509 1455 vantem
546 1415 637 1455 me
695 1400 752 1455 in
805 1399 931 1471 lege
966 1401 1202 1471 peccati,
1237 1417 1361 1473 qua:
1390 1409 1476 1457 est
1507 1400 1565 1455 in
1599 1398 1866 1455 membris

277 1488 428 1545 meis
449 1490 590 1545 καί.
634 1508 653 1542 ι

345 1580 416 1636 X.
443 1581 661 1637 Verum-
680 1597 790 1638 non
824 1582 1033 1654 absque
1056 1582 1265 1640 doloris
1284 1597 1474 1647 sensu,
1496 1589 1865 1653 protoparen—

1964 395 2060 467 qui
2088 398 2231 455 bene
2272 414 2406 455 sano
2437 415 2669 472 corpore
2705 401 2864 456 erat?
2885 399 3164 471 quomodo
3189 401 3421 455 multum
3452 400 3540 455 lu-

1965 488 2179 559 gubris,
2204 490 2297 560 qui
2327 492 2556 547 multam
2577 490 2997 547 admirationem
3018 491 3294 546 habebat?
3311 508 3540 563 quomo-

1965 578 2038 635 do
2065 595 2284 636 sacrum
2313 582 2727 637 tabernaculum
2771 583 3050 638 latronum
3090 581 3293 638 factum
3325 593 3409 638 est
3441 584 3541 638 ha-

1964 670 2309 728 bitaculum?
2353 674 2632 744 quomodo
2662 674 2757 745 qui
2801 674 3033 744 simplex
3085 689 3150 729 ac
3187 672 3300 727 doli
3350 689 3545 743 expers

1964 772 2106 828 erat,
2161 765 2217 820 in
2245 766 2536 835 plenorum
2580 766 2708 821 dolo
2737 781 2801 822 ac
2832 765 3299 836 nequissimorum
3338 780 3541 834 caupo-

1964 870 2093 910 nam
2116 856 2320 913 cessit?
2351 857 2628 927 quomodo
2672 857 2813 912 lucis
2864 856 3133 911 habitatio
3188 855 3542 910 tenebrarum

1965 947 2142 1003 evasit
2181 948 2479 1019 spelunca?
2518 948 2799 1019 quomodo
2837 948 3106 1004 orationis
3147 946 3348 1003 domus
3396 945 3543 999 ludi-

1966 1054 2126 1094 crum
2154 1039 2372 1096 exsistit
2396 1039 2707 1096 theatrum?
2741 1040 3023 1111 quomodo
3052 1038 3395 1095 canticorum
3424 1037 3514 1090 tha
3532 1067 3546 1076 -

1969 1130 2147 1186 lamus
2190 1131 2472 1191 latronum
2502 1145 2799 1187 commune
2826 1129 3007 1187 evasit
3030 1127 3376 1199 hospitium?
3407 1141 3547 1195 quo—

1968 1217 2136 1276 modo
2161 1220 2259 1290 qui
2288 1227 2477 1276 rectus
2504 1227 2631 1276 erat
2661 1218 2849 1285 corde,
2879 1218 3066 1274 animo
3095 1215 3303 1288 duplici
3354 1213 3553 1270 stetit?

1969 1312 2248 1383 quomodo
2269 1312 2569 1384 quidivino
2590 1312 2936 1385 mancipatus
2974 1310 3111 1383 juri,
3126 1310 3199 1366 ab
3220 1306 3553 1365 adversariis

1968 1402 2285 1473 decipitur?
2310 1403 2588 1474 quomodo
2614 1403 2707 1474 qui
2733 1403 2801 1458 ad
2824 1402 2923 1458 Dei
2952 1401 3249 1473 imaginem
3280 1400 3553 1454 formatus

1968 1501 2110 1561 erat,
2130 1495 2398 1566 jumentis
2432 1502 2782 1565 comparatus
2820 1501 2904 1549 est
2933 1500 3098 1562 atque
3121 1490 3203 1546 eis
3224 1488 3422 1545 similis
3472 1487 3554 1543 ef-

1970 1584 2245 1642 fectus"?
2290 1584 2570 1656 quomodo
2616 1584 2713 1655 qui
2768 1582 2837 1638 ad
2867 1582 3110 1639 divinam
3138 1579 3396 1637 conditus
3434 1584 3554 1633 erat

278 1673 351 1728 tis
392 1679 676 1743 stuporem
727 1674 883 1729 illum
922 1674 1161 1732 transire
1192 1674 1333 1732 fero.
1378 1673 1683 1729 Commune
1712 1671 1863 1728 enim
1896 1659 1939 1720 Β
1966 1678 2281 1749 imaginem,
2310 1677 2541 1733 vanitati
2572 1676 2770 1733 similis
2790 1675 2968 1731 factus
2989 1682 3075 1730 est
3089 1673 3178 1727 '5?
3210 1673 3388 1742 Atque
3435 1670 3553 1724 haec

277 1765 504 1828 malum,
545 1762 796 1833 adeoque
835 1766 1148 1821 communis
1181 1766 1387 1823 luctus.
1421 1765 1639 1831 Idcirco.
1667 1777 1864 1820 sensus

274 1853 463 1909 cordis
500 1853 609 1909 mei
643 1854 857 1925 depasti
891 1864 1040 1911 sunt.
1081 1855 1440 1927 Emergentes
1467 1856 1719 1927 lacrymai
1741 1869 1863 1910 ser-

276 1945 459 2001 monis
492 1961 717 2002 cursum
758 1945 1120 2002 intercidunt.
1162 1946 1403 2003 Necesse
1438 1946 1587 2002 enim
1606 1954 1694 2002 est
1721 1960 1865 2015 pau-

280 2036 367 2092 cis
388 2037 706 2093 mcminisse
727 2053 923 2095 eorum
955 2053 1080 2109 quae
1109 2038 1273 2095 nobis
1304 2039 1485 2095 tristia
1519 2038 1862 2103 acciderunt,

276 2143 390 2197 quo
442 2129 638 2201 majori
678 2129 991 2196 desiderio,
1036 2129 1472 2202 impensiorique
1502 2129 1861 2201 gratitudine,

279 2228 342 2274 ut
369 2219 426 2275 in
464 2220 810 2292 longioribus
834 2222 1045 2277 morbis
1069 2221 1182 2279 fere
1214 2223 1439 2289 accidit,
1472 2229 1688 2293 partam
1712 2228 1866 2292 post-

276 2309 384 2364 hac
433 2309 653 2365 Domini
704 2311 761 2366 in
808 2327 917 2368 nos
954 2312 1163 2384 pietate
1226 2314 1461 2370 salutem
1505 2313 1862 2385 aspiciamus.

275 2398 536 2473 Lugubri.
564 2402 749 2474 itaque
784 2404 1010 2474 planctu
1048 2420 1172 2475 qua:
1209 2414 1339 2462 sunt
1367 2407 1499 2463 Adae
1529 2407 1862 2473 recolamus,

277 2500 343 2546 ut
386 2493 610 2564 iis—quae
638 2493 846 2551 Christi
875 2491 1143 2554 laetemur.
1174 2498 1504 2569 Plangamus
1531 2497 1866 2553 condemna-

280 2580 510 2646 tionem,
548 2590 610 2637 ut
635 2581 849 2639 festivis
888 2584 1107 2655 gaudiis
1143 2585 1492 2641 celebremus
1518 2583 1866 2656 iustiﬁcatio-

278 2688 428 2728 uem.
472 2673 782 2745 Lugeamus
828 2677 1041 2745 peccati
1081 2676 1415 2741 mercedem,
1446 2683 1509 2731 ut
1540 2675 1730 2746 gratiae
1766 2674 1865 2728 do-

277 2765 370 2821 nis
409 2765 468 2821 in
509 2766 846 2823 hilaritatem
891 2768 1508 2822 vertamur.Ploremus
1549 2780 1762 2830 casum,
1803 2773 1867 2820 ut

277 2859 704 2915 resurrectionis
745 2858 1089 2915 excellentiis
1135 2857 1459 2930 gloriemur,
1506 2857 1866 2928 quemadmo-

277 2950 412 3006 dum
439 2952 518 3007 ait
535 2953 835 3008 Dominus:
869 2970 888 3002 σ
915 2950 1069 3007 Beati
1092 2951 1187 3023 qui
1212 2953 1421 3023 lugent,
1451 2952 1712 3022 quoniam
1750 2950 1855 3022 ipsi

275 3044 712 3100 consolabuntur
726 3044 793 3098 ”.
812 3062 831 3096 ι
857 3043 994 3110 Heu,
1017 3043 1198 3098 anima
1216 3044 1367 3098 mea!
1395 3042 1684 3114 obstupuit
1703 3057 1859 3097 nam-

279 3151 391 3207 que
419 3137 642 3203 coalum,
679 3135 1082 3206 exhorruitque
1108 3143 1279 3197 terra,
1322 3134 1403 3190 sic
1442 3143 1669 3204 repente
1699 3134 1867 3204 primi

278 3228 533 3298 parentis
581 3226 748 3284 rebus
785 3227 1108 3282 immutatis.
1135 3226 1373 3281 Luctum
1417 3226 1497 3280 sol
1547 3224 1866 3295 assumpsit,

280 3334 411 3374 cum
439 3318 627 3374 divina
649 3334 815 3375 manu
860 3318 1155 3375 formatum
1182 3333 1322 3390 opus
1361 3316 1571 3373 diaboli
1605 3317 1867 3373 ell‘ectum

280 3408 588 3465 ludibrium
647 3409 882 3466 videret.
939 3410 1192 3465 Tristatze
1258 3415 1389 3465 sunt
1443 3421 1569 3477 quae
1623 3407 1868 3462 amicitia

276 3499 486 3571 junctae
509 3509 669 3556 erant
701 3500 961 3568 virtutes,
1000 3502 1380 3571 inexspectata
1425 3497 1518 3553 illa
1540 3498 1867 3555 mutatione.

283 3589 572 3657 Quomodo
600 3591 995 3662 deplorandus,
1010 3593 1104 3662 qui
1128 3591 1399 3647 inoll’ensa
1428 3590 1695 3646 felicitate
1719 3589 1868 3646 frue-

285 3681 492 3736 batur?
514 3682 792 3752 quomodo
844 3683 1164 3749 incelebris,
1201 3682 1296 3753 qui
1326 3682 1571 3739 nominis
1618 3682 1870 3739 claritate

284 3772 628 3842 prmstabat?
652 3773 932 3844 quomodo
970 3773 1095 3829 sine
1154 3773 1388 3840 honore,
1419 3773 1516 3844 qui
1566 3773 1623 3828 in
1658 3774 1869 3830 honore

285 3862 449 3917 erat?
473 3864 752 3933 quomodo
805 3863 1078 3928 inﬁrmus,
1100 3863 1196 3934 qui
1238 3864 1479 3935 potens?
1511 3863 1789 3935 quomodo
1812 3865 1869 3919 in

222 4024 227 4027 τ
286 3960 534 4022 peccato,
559 3954 895 4026 quijustus?
929 3953 1206 4024 quomodo
1253 3953 1312 4009 in
1368 3954 1658 4022 servitute,
1682 3954 1778 4026 qui
1798 3954 1870 4010 li-

290 4043 503 4100 bertate
544 4045 827 4115 pollebat?
854 4045 1132 4117 quomodo
1161 4046 1451 4117 tyrannide
1502 4047 1867 4119 mancipatus,

288 4134 384 4204 qui
418 4144 615 4205 potens
641 4138 795 4192 erat?
830 4136 1108 4209 quomodo
1136 4137 1273 4193 vitio
1296 4138 1618 4205 obstrictus,
1662 4139 1757 4210 qui
1783 4139 1870 4194 in-

287 4241 495 4282 nocens
518 4228 673 4283 erat?
709 4219 987 4299 quomodo
1024 4228 1143 4285 sine
1177 4229 1394 4295 ordine,
1429 4230 1526 4301 qui
1565 4231 1871 4302 composito

1965 1771 2191 1842 quidem
2216 1785 2389 1841 pauca
2404 1768 2655 1840 quaedam
2684 1777 2911 1835 nostra;
2940 1782 3062 1838 quae
3091 1780 3227 1821 vero
3256 1763 3551 1822 adversum

1963 1876 2087 1928 nos,
2115 1861 2338 1917 brevior
2363 1860 2544 1916 omnis
2569 1860 2771 1925 oratio,
2807 1874 2975 1930 quam
3002 1866 3339 1913 utenarrare
3354 1853 3548 1925 possit.

1960 1953 2099 2010 Cum
2127 1953 2277 2009 enim
2299 1953 2459 2008 multi
2489 1953 2664 2008 multa
2692 1949 3100 2023 sugillaverint,
3130 1946 3423 2004 certamini
3466 1953 3551 2000 ta-

1963 2060 2092 2101 men
2117 2045 2357 2116 impares
2382 2045 2735 2109 exstiterunt,
2759 2041 3066 2114 pr0phetae,
3094 2039 3249 2112 justi,
3275 2035 3551 2093 historici.

1962 2136 2077 2192 Nec
2117 2151 2252 2192 vero
2276 2135 2571 2207 quisquam
2612 2136 2788 2191 Deum
2832 2132 3113 2189 existimet
3152 2130 3425 2185 malorum
3451 2144 3551 2183 au-
3592 2190 3595 2191 ν

1906 2292 1909 2299 η
1964 2236 2197 2284 ctorem.
2241 2227 2375 2299 Ejus
2416 2226 2569 2282 enim
2609 2225 2703 2296 qui
2750 2223 3003 2280 criminis
3053 2236 3185 2278 reus
3236 2227 3395 2275 aclus
3442 2225 3550 2280 est,

1961 2334 2125 2376 causa
2175 2319 2417 2375 exsistit'
2450 2318 2520 2375 ab
2573 2319 2725 2374 omni
2779 2315 3045 2373 immunis
3099 2313 3357 2377 crimine,
3411 2311 3554 2366 sicut

1961 2412 2232 2483 scriptum
2255 2419 2369 2466 est:
2406 2429 2425 2462 ι
2453 2411 2599 2466 Deus
2630 2416 2866 2465 mortem
2890 2423 3003 2462 non
3025 2405 3179 2469 fecit,
3202 2417 3307 2457 nec
3335 2401 3554 2455 laetatur

1962 2503 2020 2558 in
2041 2502 2354 2573 perditione
2377 2501 2660 2556 virorum:
2685 2499 2841 2569 impii
2869 2505 3056 2552 autem
3076 2493 3332 2549 manibus
3356 2499 3551 2546 etver-

1962 2594 2050 2649 bis
2065 2592 2441 2648 accersierunt
2452 2604 2574 2645 eam
2591 2589 2658 2642 '°.
2691 2607 2710 2640 ι
2728 2586 3101 2655 Quamobrem
3122 2582 3338 2638 infenso
3363 2579 3553 2636 animo

1961 2690 2123 2740 erant
2142 2680 2403 2739 caelicolae
2432 2679 2489 2734 in
2517 2678 2823 2749 terrigenas
2846 2676 2942 2747 qui
2970 2676 3040 2731 ad
3062 2675 3260 2730 vitium
3291 2671 3553 2742 impegis-

1962 2780 2116 2838 sent;
2144 2777 2479 2839 terrenaque
2504 2776 2765 2824 creatura
2785 2781 2896 2822 non
2925 2766 3126 2822 volens
3163 2764 3409 2834 subjecta
3437 2767 3566 2817 erat

1963 2860 2191 2917 humani
2234 2859 2456 2932 generis
2481 2858 2739 2924 vanitati,
2780 2865 2844 2912 ut
2875 2856 3100 2912 divinus
3148 2854 3445 2928 Apostolus
3472 2852 3557 2907 lo-

1962 2953 2154 3024 quitur
2178 2951 2246 3016 ",
2273 2950 2370 3007 sed
2397 2959 2628 3021 propter
2649 2964 2777 3005 eum
2804 2946 3257 3019 qui’subjccisset
3280 2946 3337 3000 in
3362 2960 3562 3014 exspcu

1966 3042 2208 3100 ctatione
2240 3044 2362 3112 ejus
2409 3040 2705 3105 libertatis,
2746 3054 2869 3111 qua:
2910 3037 3206 3094 videbatur
3231 3037 3290 3091 in
3333 3051 3430 3107 spe
3471 3052 3558 3091 re-

1966 3135 2167 3207 posita.
2206 3134 2414 3190 Verum
2466 3133 2739 3189 hactenus
2780 3148 2905 3203 qua:
2950 3130 3233 3187 deteriora
3283 3138 3435 3194 sunt,
3489 3143 3563 3183 ne

1967 3243 2094 3284 cum
2148 3227 2270 3282 laeta
2313 3225 2436 3281 dies
2485 3224 2755 3288 illuxerit,
2778 3225 2931 3295 justo
2963 3222 3204 3292 amplius
3239 3235 3404 3275 aures
3439 3235 3562 3290 gra-

1967 3334 2182 3382 vemus,
2244 3316 2562 3371 refricando
2610 3331 2676 3370 ea
2741 3330 2864 3384 quae
2893 3312 3225 3395 ‘molestiam
3277 3311 3555 3382 ingerunt.

1968 3411 2051 3466 Ad
2105 3411 2161 3465 id
2219 3425 2353 3480 ergo
2406 3408 2556 3479 quod
2602 3414 2763 3479 urget
2813 3421 2879 3463 ac
2932 3403 3177 3464 instituti
3233 3410 3341 3469 est,
3397 3417 3558 3458 acce—

1967 3502 2189 3557 damus.

2040 3592 2134 3648 XI.
2160 3591 2306 3660 Quia
2334 3607 2469 3665 ergo
2492 3590 2713 3647 diaboli
2753 3589 2812 3644 in
2849 3603 2952 3644 nos
2977 3586 3227 3660 tyrannis
3270 3584 3559 3643 obtinebat

1971 3684 2457 3756 grassabaturque,
2485 3699 2551 3740 ac
2582 3683 2823 3739 animam
2850 3697 3094 3747 omnem,
3121 3696 3247 3736 cum
3278 3695 3443 3735 nemo
3472 3678 3556 3733 vi-

1973 3775 2049 3831 tii'
2074 3791 2297 3832 cursum
2343 3775 2599 3832 inhibere
2650 3782 2876 3846 posset,
2919 3768 3177 3831 servituti
3234 3770 3579 3835 addicebat;

1972 3868 2180 3939 placuit
2229 3867 2616 3939 potentissimo
2664 3883 2729 3923 ac
2770 3865 3181 3937 sapientissimo
3217 3880 3404 3920 rerum
3453 3864 3559 3919 Do-

1972 3960 2145 4024 mino,
2203 3970 2266 4015 ut
2311 3968 2573 4030 tanquam
2621 3958 2865 4030 optimus
2910 3957 3160 4014 medicus
3210 3956 3571 4013 infirmorum.

1971 4048 2344 4104 visitationem
2375 4050 2431 4104 in
2453 4048 2730 4120 adjutorio
2751 4057 3066 4123 Opportuno
3082 4055 3337 4118 poneret,
3372 4061 3435 4101 ac
3460 4061 3561 4117 per

1972 4154 2094 4195 eam
2119 4139 2291 4210 ipsam
2333 4148 2590 4195 naturam
2622 4155 2746 4210 quae
2779 4139 3119 4210 nequissimo
3152 4137 3557 4199 succubuisset,

1972 4248 2071 4288 sua
2109 4232 2167 4287 in
2213 4248 2336 4288 eam
2370 4233 2753 4298 inclinatione,
2787 4231 3169 4288 adversarium
3219 4232 3341 4302 ejus
3384 4244 3558 4298 expu—

286 4319 487 4376 ordine
546 4320 854 4392 gaudebat?
913 4320 1190 4391 quomodo
1253 4322 1468 4377 tristem
1517 4320 1688 4377 vitam
1735 4321 1868 4393 agit,
1901 4352 1947 4407 ι)
1974 4333 2190 4395 gnaret,
2216 4325 2380 4395 eique
2422 4324 2728 4395 subigeret,
2754 4323 2898 4383 sicut
2922 4322 3190 4393 scriptum
3217 4329 3337 4376 est:
3374 4338 3392 4368 ο
3422 4319 3560 4374 Nam

286 4413 384 4484 qui
408 4413 625 4469 beatam
675 4413 954 4469 ducebat?
980 4412 1255 4484 quomodo
1284 4413 1341 4468 in
1377 4422 1579 4479 morte,
1612 4414 1709 4485 qui
1762 4415 1870 4470 im-

289 4505 541 4560 mortalis
566 4505 725 4560 erat?
749 4504 1027 4575 quomodo
1070 4504 1414 4576 corruptioni
1451 4504 1727 4572 addictus,
1774 4507 1871 4578 qui

288 4612 319 4651 a
355 4596 712 4666 corruptione
734 4596 998 4651 immunis
1024 4596 1259 4667 agebat?
1284 4596 1563 4666 quomodo
1579 4597 1635 4650 in
1653 4597 1866 4663 dolore,

286 4690 385 4761 qui
413 4688 660 4761 jucunde
698 4688 883 4744 animo
923 4688 1376 4759 erat?quomodo
1429 4689 1485 4743 in
1532 4689 1867 4755 calamitate,

286 4780 385 4851 qui
406 4780 556 4835 nulla
575 4794 710 4834 cura
737 4788 994 4850 gravatus
1019 4777 1181 4833 erat?
1216 4778 1496 4847 quomodo
1542 4778 1879 4834 verecundia

287 4870 605 4941 probroque
630 4869 910 4934 laborans,
939 4868 1034 4939 qui
1067 4866 1268 4924 ﬁducia
1292 4868 1569 4938 pollebat?
1596 4868 1879 4939 quomodo

284 4961 490 5018 studiis
515 4961 747 5027 divisus,
776 4950 871 5031 qui
888 4960 1113 5031 quietus
1133 4960 1290 5016 erat?
1312 4960 1592 5031 quomodo
1618 4962 1747 5017 odio
1776 4962 1878 5017 ba-

285 5046 461 5116 bitus,
484 5050 582 5122 qui
604 5065 818 5107 summe
831 5050 1220 5106 desiderabilis
1243 5058 1365 5106 erat
1379 5051 1404 5104 ?
1417 5052 1697 5121 quomodo
1717 5067 1869 5119 reus,

287 5142 386 5212 qui
418 5143 773 5215 eratjustus?
794 5141 1072 5215 quomodo
1105 5143 1276 5198 malas
1297 5142 1453 5198 alens
1482 5145 1869 5216 cogitationes,

289 5234 388 5305 qui
428 5235 590 5291 bonis
633 5236 995 5292 assueverat?
1023 5236 1302 5307 quomodo
1358 5236 1415 5291 in
1460 5237 1663 5307 poenis,
1717 5239 1877 5310 cujus

288 5334 415 5381 erat
445 5328 591 5399 juris
613 5335 677 5382 ut
717 5328 896 5398 ptenis
938 5328 1559 5398 addiceret?quomodo
1605 5329 1665 5385 in
1706 5329 1876 5397 bello,

289 5416 390 5487 qui
418 5434 609 5489 pacem
629 5418 902 5476 habebat?
919 5420 1198 5492 quomodo
1217 5420 1443 5477 sinistra
1470 5422 1685 5480 laborat
1711 5424 1878 5492 fama,

378 5552 494 5585 ¹¹⁴²¹
525 5554 680 5607 Rom.
705 5570 797 5615 vn.
823 5554 912 5608 25.

1011 5556 1055 5587 ³³
1098 5555 1286 5609 Matth.
1317 5573 1369 5623 ν,
1402 5558 1453 5612 5.

288 5618 380 5675 20.
488 5623 532 5653 ⁵⁸
556 5623 672 5679 Ibid
706 5665 718 5690 ,
755 5624 806 5677 5.

906 5628 948 5658 ³⁵³
993 5627 1129 5683 Psal.
1165 5642 1417 5693 Lxxxvul,
1445 5629 1533 5684 20.

1978 4414 2127 4486 quod
2181 4414 2522 4485 impossibile
2560 4422 2682 4469 erat
2717 4413 2848 4484 legi,
2893 4414 2951 4468 in
3007 4428 3119 4484 quo
3172 4411 3558 4467 inﬁrmabatur

1977 4521 2080 4576 per
2107 4520 2351 4570 carnem,
2402 4504 2550 4560 Deus
2583 4504 2784 4559 Filium
2817 4518 2979 4559 suum
3009 4503 3238 4557 mittens
3265 4501 3320 4557 in
3360 4501 3559 4556 simili-

1977 4597 2225 4652 tudinem
2272 4596 2459 4651 carnis
2506 4595 2741 4667 peccati,
2790 4603 2848 4652 et
2897 4594 2967 4653 de
3006 4602 3234 4666 peccato
3282 4594 3563 4649 damnavit

1977 4698 2266 4759 peccatum
2293 4689 2352 4743 in
2383 4703 2550 4744 carne
2584 4689 2650 4743 ³⁸.
2691 4709 2710 4740 ι
2756 4688 2990 4756 Quando
3021 4703 3154 4759 ergo
3175 4686 3330 4743 venit
3379 4684 3561 4758 pleni-

1971 4781 2108 4836 tudo
2136 4781 2422 4851 temporis,
2452 4789 2784 4852 tempusque
2817 4780 2954 4836 illud
2980 4779 3215 4852 appetiit
3247 4794 3357 4850 quo
3412 4778 3564 4833 Deus

1971 4873 2357 4945 propitiandus
2402 4880 2559 4939 erat;
2586 4880 2703 4927 tum
2731 4887 2954 4943 quoque
3001 4871 3298 4927 manifesto
3339 4868 3561 4943 prodita

1970 4970 2103 5019 sunt
2132 4960 2375 5016 remedia
2422 4976 2521 5031 per
2556 4976 2684 5016 cum
2716 4963 2814 5032 qui
2838 4968 3037 5032 potens
3092 4967 3198 5025 est,
3230 4959 3298 5018 de
3324 4960 3559 5031 quojam

1979 5062 2109 5110 ante
2139 5053 2463 5125 prophetico
2498 5053 2724 5108 oraculo
2773 5054 3132 5125 praedicatum
3157 5060 3310 5108 erat:
3346 5071 3364 5104 ι
3396 5052 3562 5107 Posui

1978 5146 2320 5218 adjutorium
2350 5145 2407 5201 in
2432 5155 2659 5217 potente
2673 5147 2740 5199 ”.
2777 5165 2796 5198 ι
2823 5146 2931 5202 Pro
2962 5144 3091 5200 mali
3137 5144 3286 5201 enim
3335 5152 3563 5200 auctore

1971 5238 2216 5293 dracone
2244 5235 2340 5306 qui
2364 5236 2574 5292 mundo
2603 5235 2782 5293 tristia
2814 5235 3135 5302 invexisset,
3163 5236 3348 5291 laetum
3375 5235 3561 5306 gaudii

1972 5327 2232 5385 nuntium
2264 5327 2450 5384 ferens
2467 5328 2835 5400 archangelus
2856 5328 3145 5385 Dominico
3167 5343 3199 5384 e
3232 5327 3387 5383 caelis
3405 5326 3564 5397 praeit

1975 5418 2307 5478 descensui:
2342 5419 2574 5492 ejusque
2619 5419 2767 5487 loco,
2820 5421 2916 5492 qui
2967 5419 3218 5491 rapinam
3258 5419 3564 5474 arbitratus

1534 5561 1577 5592 ’δ
1602 5562 1743 5617 Psal.
1776 5577 1867 5617 XLV

1996 5563 2079 5618 '15.
2159 5565 2201 5595 ³⁵
2231 5564 2369 5620 l‘sal.
2408 5582 2583 5635 cxun,
2610 5568 2659 5622 αἱ.
2740 5568 2784 5600 ¹⁶
2816 5564 2941 5638 Sap.
2966 5582 3004 5632 ι,
3030 5565 3111 5621 l5.
3189 5560 3233 5592 ²⁷
3263 5559 3419 5613 Rom.
3448 5573 3569 5622 VIII.
