4072 6210
505 214 641 272 “27

1584 212 1926 269 THEODOTI
1969 214 2273 271 EPISCOPI
2310 215 2653 272 ANCYRANI

3599 224 3733 279 “28

502 335 648 384 esset
687 339 808 383 esse
836 326 1097 397 aequalem
1125 327 1319 392 Deo”,
1355 328 1449 397 qui
1482 338 1678 384 natura
1707 332 1852 385 Deus
1903 338 2066 400 atque
2098 334 2140 389 A
2169 332 2413 403 inquam,
2467 345 2523 391 ct
2579 336 2983 400 benedictione,
3043 351 3142 391 ceu
3198 335 3426 391 floribus
3474 351 3734 393 coronam

504 418 784 481 Dominus,
809 434 1010 489 praeses
1047 428 1349 489 auctorque
1376 422 1804 491 regenerationis
1828 422 1946 491 ejus
1971 437 2064 475 na-

499 516 638 564 tura:
677 524 841 578 quam
888 509 1231 575 condiderat,
1281 510 1498 567 exsistit
1543 528 1557 565 :
1603 526 1704 582 pro
1735 528 1800 567 ea
1834 528 1957 582 qua:
1996 512 2065 566 ad

499 608 734 653 mortem
790 600 1039 655 ministra
1090 601 1374 657 exstiterat
1417 604 1571 674 virgo
1612 604 1744 669 Eva,
1798 605 1908 659 Deo
1946 618 2067 674 gra-

498 689 708 744 tissima
729 704 793 743 ac
819 689 915 744 Dei
943 690 1103 759 plena
1128 693 1301 761 gratia
1324 695 1491 765 Virgo
1516 694 1573 749 in
1595 694 1721 749 vitze
1737 694 2067 763 obsequium

496 778 750 850 eligitur:
786 780 941 851 virgo
967 782 1226 837 muliebri
1249 784 1646 854 comprehensa
1670 799 1826 849 sexu,
1858 792 1916 838 at
1935 798 2061 837 mu-

498 869 687 925 liebris
709 884 900 926 exsors
950 872 1209 942 nequitiae
1241 891 1254 928 :
1290 873 1443 945 virgo
1482 874 1767 939 innocens,
1801 874 1921 929 sine
1948 889 2065 929 ma-

495 960 641 1026 cula,
694 962 844 1017 omni
890 963 1049 1034 culpa
1088 980 1309 1030 vacans,
1359 965 1706 1029 intemerata,
1752 964 2063 1035 impolluta,

494 1059 683 1106 sancta
748 1051 932 1109 animo
989 1062 1047 1109 et
1106 1068 1336 1125 corpore
1366 1056 1448 1121 ³¹,
1498 1055 1641 1111 sicut
1687 1056 1863 1110 lilium
1924 1056 2068 1111 inter

494 1140 703 1197 medias
736 1142 923 1212 Spiuas
960 1144 1273 1215 germinans
1293 1146 1373 1199 a’z
1399 1162 1509 1201 non
1546 1146 1707 1202 docta
1735 1146 1861 1202 Eva
1889 1146 2065 1208 mala;

492 1248 606 1288 non
654 1233 912 1290 muliebri
958 1236 1200 1292 vanitate
1250 1236 1491 1305 foedata;
1543 1254 1654 1293 non
1699 1237 1939 1293 anilibus
1985 1237 2070 1291 in-

404 1314 411 1323 “
491 1324 686 1381 stituta
733 1325 963 1393 fabulis;
1032 1343 1146 1383 non
1206 1328 1349 1384 malo
1414 1329 1607 1384 auditu
1668 1343 1830 1384 aures
1888 1328 2068 1383 sordi-

492 1414 656 1481 data;
705 1430 817 1472 non
874 1416 1166 1473 inhonesto
1232 1432 1485 1473 sermone
1545 1418 1754 1488 polluta
1804 1417 2067 1487 linguam,

494 1517 605 1559 non
661 1503 786 1559 visu
845 1503 1037 1560 illicito
1103 1505 1305 1561 infecta
1356 1506 1576 1572 oculos;
1639 1521 1759 1575 quae
1824 1506 2068 1560 nativum

493 1591 737 1646 colorem
791 1592 1025 1648 luxuria}
1076 1593 1329 1649 adductis
1389 1594 1668 1652 coloribus
1714 1608 1823 1648 non
1877 1592 2069 1647 detur-

492 1684 658 1752 parit,
699 1700 811 1739 non
874 1685 1014 1740 fucis
1057 1700 1225 1755 genas
1256 1685 1585 1751 obduxerit;
1645 1700 1757 1740 non
1800 1686 1943 1741 collo
1986 1685 2070 1741 ef—
2102 1662 2142 1715 Β

494 1772 745 1831 formatis
818 1775 872 1830 in
937 1785 1162 1846 torques
1211 1777 1409 1846 lapillis
1463 1776 1727 1847 fulgorem
1788 1776 2069 1843 asciverit;

494 1878 605 1919 non
632 1880 825 1920 manus
848 1866 1097 1930 armillis,
1122 1867 1402 1936 pedesque
1425 1866 1609 1921 aureis
1634 1866 1928 1936 torquibus
1946 1867 2069 1921 vin-

495 1955 664 2020 xerit;
706 1970 817 2009 non
853 1957 1346 2025 unguentariorum
1378 1958 1668 2027 speciebus
1693 1958 1934 2012 emollita
1965 1960 2069 2023 sit;

495 2062 605 2101 non
632 2048 974 2117 Splendidam
999 2057 1210 2104 vestem
1246 2049 1316 2104 ab
1341 2049 1660 2105 hominibus
1687 2065 1887 2120 sponsa
1914 2066 2070 2105 accc-

495 2136 676 2205 perit;
709 2152 819 2192 non
869 2138 1077 2195 erroris
1140 2140 1436 2194 simulacra
1486 2142 1641 2197 cordi
1689 2142 2068 2213 insculpserit:

494 2224 655 2296 longe
680 2226 796 2281 haec
838 2226 1134 2292 lacessant,
1160 2240 1216 2284 et
1245 2231 1444 2285 similia
1482 2231 1683 2302 (neque
1728 2233 1874 2287 enim
1909 2243 2070 2291 tene-

497 2316 616 2371 bris
647 2317 713 2371 ad
748 2318 928 2374 lucem
952 2319 1062 2374 ulla
1098 2323 1416 2377 communio
1432 2324 1597 2395 est”)
1638 2343 1651 2378 :
1689 2325 1785 2380 scd
1808 2341 1929 2395 quae.
1948 2341 2073 2381 ncc-

497 2405 629 2461 dum
686 2417 813 2462 nata
863 2409 1075 2466 auctori
1126 2410 1240 2465 Deo
1275 2423 1593 2468 consecrata
1634 2414 1733 2479 sit;
1769 2424 1895 2470 nata
1942 2432 2071 2470 vero

2168 431 2481 489 contexens,
2514 426 2567 479 in
2602 427 2770 496 pedes
2799 436 3014 482 erectus
3047 428 3266 483 laudem
3322 429 3506 493 oIIcrt,
3569 446 3733 484 manu

2167 516 2423 581 quatiens
2451 516 2728 586 verboque
2755 517 3096 571 acclamans:
3141 535 3160 568 σ
3190 519 3324 579 Ave;
3356 520 3731 589 gratiaplena;

2166 601 2428 658 Dominus
2456 614 2633 660 tecum
2656 607 2743 661 ³⁵⁸.
2781 625 2799 659 ›
2831 607 3123 662 Benedicta
3151 615 3229 671 tu,
3253 608 3623 677 pulcherrima
3667 625 3738 664 ac

2166 691 2559 750 formosissima
2604 697 2917 752 mulierum.
2959 716 2978 748 ‹
3032 697 3296 752 Dominus
3322 706 3525 762 tecum,
3558 717 3575 749 ι
3614 715 3740 767 qua:

2169 790 2284 838 tota
2310 786 2665 853 venerabilis,
2690 795 2803 842 tota
2830 789 3085 859 gloriosa,
3113 796 3226 843 tota
3251 789 3396 843 bona
3444 788 3539 843 sis.
3576 808 3594 839 ι
3624 790 3734 843 Do-

2168 875 2352 931 minus
2377 884 2581 941 tecum,
2617 895 2636 929 ›
2666 880 2980 935 veneranda
3009 888 3091 944 tu,
3123 879 3588 948 incomparabilis.
3618 895 3739 934 om-

2168 982 2294 1022 nem
2317 967 2622 1023 claritatem
2648 983 2935 1039 superans,
2968 976 3081 1024 tota
3109 970 3247 1024 lucis
3270 970 3576 1041 fulgoribus
3599 986 3737 1024 con-

2168 1067 2341 1123 creta,
2394 1059 2505 1114 Deo
2564 1058 2749 1130 digna,
2798 1059 3179 1115 beatiﬁcanda.
3215 1060 3439 1115 Summe
3497 1060 3741 1116 demiror

2170 1158 2316 1203 tuam
2335 1148 2677 1214 modestiam,
2691 1148 3058 1204 ocelsissima.
3079 1167 3097 1199 ι
3118 1149 3197 1203 Ne
3216 1150 3433 1213 timeas,
3450 1149 3697 1212 Maria”,
3711 1168 3732 1200 ι

2168 1239 2280 1294 Deo
2322 1253 2542 1308 sponsa,
2576 1239 2882 1310 pignusque
2912 1241 2970 1295 in
3014 1240 3217 1295 sanctis
3264 1240 3577 1295 educatum.
3614 1241 3738 1295 Non

2168 1326 2587 1396 conceptionem
2634 1328 2693 1382 in
2738 1326 3126 1397 iniquitatibus
3158 1327 3226 1392 ³⁸,
3265 1336 3366 1382 aut
3411 1336 3628 1396 partum
3678 1329 3737 1381 in

2169 1417 2410 1488 peccatis
2433 1417 2532 1472 tibi
2565 1432 2685 1472 sum
2729 1418 3180 1483 annuntiaturus,
3227 1418 3323 1473 scd
3355 1418 3613 1488 gaudium
3638 1435 3737 1473 ex-

2170 1508 2453 1578 positurus
2480 1508 2626 1577 quod
2647 1508 2773 1563 Evae
2806 1508 3086 1563 tristitiam
3108 1507 3340 1564 auferat.
3375 1508 3495 1563 Non
3517 1518 3738 1578 partum

2173 1600 2229 1653 in
2257 1598 2562 1665 doloribus,
2587 1600 2808 1656 luctuve
2842 1602 3057 1670 plenam
3084 1599 3396 1655 enixionem
3424 1600 3735 1663 sannuntio,

2170 1689 2267 1745 sed
2293 1690 2633 1745 nativitatem
2655 1692 2923 1761 prazsigno
2946 1707 3066 1761 qua:
3086 1690 3403 1745 consoletur
3414 1704 3478 1745 ac
3491 1690 3737 1744 laetitiam

2169 1780 2382 1837 afferat.
2409 1781 2530 1836 Noli
2555 1796 2677 1851 qua:
2724 1780 2912 1835 divina
2942 1788 3067 1836 sunt
3121 1780 3364 1834 humano
3407 1794 3560 1833 more
3596 1793 3738 1849 pen-

2169 1886 2312 1927 sare.
2339 1872 2525 1942 Neque
2556 1872 2703 1927 enim
2734 1872 3019 1943 lugubrem
3063 1872 3457 1941 parturiginem
3480 1879 3575 1926 aut
3617 1886 3739 1925 mo-

2170 1962 2370 2018 lestum
2402 1971 2619 2033 partum
2663 1963 2931 2034 significo,
3003 1963 3099 2017 sed
3145 1963 3335 2016 mundi
3384 1964 3552 2017 totius
3598 1962 3743 2016 lucis

2171 2063 2352 2108 ortum
2386 2054 2689 2124 praedoceo.
2717 2055 2952 2123 Propter
2977 2062 3031 2109 te
3055 2054 3203 2109 enim
3230 2062 3583 2109 cessaverunt
3616 2053 3743 2107 Eva:

2171 2144 2378 2211 tristia;
2420 2161 2519 2215 per
2547 2153 2599 2200 te
2622 2145 2909 2214 perierunt
2943 2145 3118 2209 mala;
3148 2160 3247 2214 per
3279 2154 3333 2199 te
3368 2144 3636 2199 abscessit
3655 2158 3741 2197 er-

2173 2253 2268 2292 ror
2286 2254 2300 2302 ;
2319 2252 2417 2306 per
2436 2244 2489 2292 te
2512 2236 2825 2291 maledictio
2841 2235 3071 2301 abolita;
3097 2236 3209 2290 Eva
3230 2251 3328 2305 per
3351 2245 3403 2289 te
3426 2234 3737 2305 redempta.

2172 2326 2430 2382 Sanctum
2452 2326 2620 2391 enim,
2644 2326 2786 2395 quod
2810 2342 2876 2381 ex
2894 2334 3081 2381 sancta
3102 2334 3290 2379 natum
3312 2332 3426 2387 est;
3449 2322 3737 2383 Sanctum,

2170 2431 2235 2470 ac
2266 2417 2511 2471 omnium
2532 2417 2797 2471 Dominus
2833 2424 3177 2481 sanctorum;
3225 2414 3509 2478 Sanctum,
3541 2427 3607 2466 ac
3649 2428 3741 2467 cn-

498 2497 637 2567 grati
672 2499 841 2553 animi
870 2511 1250 2567 monumento,
1286 2518 1443 2559 sacra
1466 2506 1685 2559 alumna
1716 2515 1777 2559 ut
1807 2506 1863 2559 in
1886 2522 2069 2561 sacra-
2166 2511 2257 2579 jus
2279 2508 2352 2564 sit
2379 2517 2443 2563 ut
2484 2508 2827 2563 sanctitatem
2860 2508 3136 2578 impertiat
3176 2508 3240 2572 ";
3265 2506 3552 2569 eximium,
3590 2504 3738 2574 quod

500 2586 583 2641 rio
614 2603 675 2642 ac
701 2589 902 2659 templo
940 2599 1251 2646 moraretur
1284 2592 1469 2648 oblata
1506 2594 1692 2658 fuerit,
1734 2594 1868 2665 legis
1904 2595 2070 2651 disci-

499 2678 649 2747 pula,
681 2678 891 2749 Spiritu
922 2690 1111 2737 sancto
1138 2683 1406 2750 delibuta,
1437 2684 1622 2739 divina
1648 2686 1821 2754 gratia
1851 2695 1912 2741 ut
1952 2689 2069 2757 pal-

498 2767 628 2823 liolo
653 2772 870 2837 amicta,
893 2772 1078 2828 animo
1095 2774 1280 2830 divina
1306 2776 1545 2844 sapiens,
1562 2776 1671 2830 Deo
1692 2777 1857 2832 corde
1879 2788 2069 2848 nupta,

501 2860 812 2915 sanctitatis
844 2863 1167 2932 splendores
1202 2865 1377 2919 oculis
1407 2866 1649 2934 Spirans,
1690 2866 1921 2922 auribus
1945 2883 2073 2922 can-

490 2949 608 3015 tica
640 2950 920 3016 insonans,
955 2952 1139 3023 lingua
1185 2953 1463 3019 mcllillua,
1498 2956 1659 3011 labiis
1716 2956 1899 3011 favum
1956 2958 2073 3014 stil-

502 3042 854 3107 lantibus‘!‘;
882 3043 1112 3112 pulchra
1156 3044 1457 3113 gressibus,
1482 3048 1730 3100 moribus
1752 3048 2067 3116 pulchrior;

502 3146 757 3185 sermone
796 3132 1151 3196 venerabilis,
1199 3134 1416 3189 actione
1473 3137 1872 3204 venerabilior;
1917 3156 2071 3195 man-

500 3231 655 3278 sueta
690 3221 957 3287 moribus,
993 3225 1329 3279 mansuetior
1354 3226 1624 3293 motibus;
1676 3228 1821 3284 bona
1864 3230 1919 3284 in
1968 3231 2071 3286 ho-

504 3315 715 3368 minum
759 3315 955 3393 oculis,
1006 3316 1100 3371 Dei
1144 3316 1428 3373 obtutibus
1483 3319 1716 3386 melior;
1747 3335 1868 3390 qua:
1903 3324 2071 3377 Deum

502 3415 695 3461 ventre
743 3396 1071 3475 susceperit,
1120 3424 1356 3479 vereque
1399 3410 1571 3466 Deum
1613 3420 1773 3481 partu
1802 3412 2072 3484 ediderit;

503 3507 689 3567 atque,
713 3499 955 3553 utvcrbo
977 3499 1176 3564 dicam,
1204 3508 1315 3556 tota
1333 3502 1563 3572 pulchra
1595 3515 1656 3557 ut
1679 3519 1951 3574 propensa
1980 3522 2077 3563 vo-

503 3588 708 3653 luntas,
733 3598 953 3660 totaque
980 3590 1163 3645 suavis
1189 3599 1250 3646 ut
1276 3593 1413 3647 cella
1442 3595 1806 3664 unguentaria
1828 3596 1893 3651 “.

574 3676 690 3730 XII.
729 3678 878 3733 Hanc
901 3678 1060 3734 nobis
1081 3680 1366 3736 conditore
1393 3681 1612 3752 dignam
1641 3683 1865 3738 donavit
1891 3682 2074 3737 divina

504 3769 873 3840 providentia,
909 3770 1183 3826 bonorum
1214 3772 1665 3841 conciliatriccm,
1716 3792 1825 3831 non
1852 3790 1974 3847 qum.
2005 3776 2074 3831 ad

507 3862 934 3917 inobedientiam
990 3863 1202 3929 incitet,
1263 3864 1359 3920 sed
1409 3882 1530 3936 qua:
1552 3867 1619 3923 ad
1666 3868 2072 3939 obsequendam

508 3952 727 4009 ductrix
751 3955 1011 4021 exsistat;
1038 3971 1147 4010 non
1172 3972 1293 4027 quae
1341 3957 1581 4014 fructum
1615 3960 1891 4016 letiferum
1943 3976 2073 4030 por-

506 4049 666 4120 rigat,
698 4049 794 4104 sed
847 4065 967 4119 quae
999 4066 1197 4120 panem
1240 4052 1460 4109 vitalem
1510 4055 1778 4125 praebeat;
1816 4071 1926 4111 non
1954 4072 2075 4126 quae

507 4142 694 4197 animo
735 4141 892 4197 facile
945 4142 1210 4209 lasciviat,
1247 4145 1340 4199 sed
1371 4162 1491 4217 qua:
1526 4148 1753 4203 robusto
1788 4164 1952 4205 sensu
1982 4165 2075 4204 cx-

506 4232 697 4299 sistat;
729 4248 838 4289 non
874 4234 1092 4289 mollem
1130 4236 1483 4307 cogitatione,
1530 4238 1625 4293 sed
1664 4248 1845 4295 mente
1879 4240 2072 4307 ﬁrma;

508 4326 839 4394 archangelo
883 4325 1169 4397 magnifice
1215 4328 1637 4398 colloquentem,
1696 4345 1760 4385 ac
1788 4346 1909 4400 qua:
1947 4332 2076 4386 mali
2108 4309 2152 4366 θ

509 4416 821 4472 confuderit
847 4421 1162 4484 auctorem;
1210 4418 1278 4473 ad
1330 4419 1506 4490 angeli
1529 4420 1751 4490 quidem
1797 4430 2076 4492 aspectum

512 4509 830 4573 mirantem,
881 4508 1035 4564 velut
1074 4520 1297 4579 neptem
1334 4511 1544 4568 Adamo
1569 4513 1927 4581 dissimilem;
1958 4531 2080 4585 qua:

512 4605 695 4651 tamen
723 4597 811 4653 his
824 4612 945 4666 qua;
962 4591 1192 4654 nuntius
1211 4599 1450 4665 afferret,
1479 4602 1662 4656 animo
1678 4603 1921 4672 prudens
1946 4619 2078 4659 cau-

514 4696 677 4759 taquc
710 4686 1036 4753 attenderet,
1064 4703 1135 4744 ne
1183 4688 1325 4744 forte
1369 4691 1571 4745 iterum
1613 4691 1748 4748 falso
1780 4694 2082 4750 benevolus

513 4780 570 4835 in
599 4779 803 4849 templo
851 4788 1125 4851 agentem,
1159 4779 1240 4834 uti
1287 4780 1341 4835 in
1368 4782 1622 4851 paradiso
1663 4782 1959 4850 inviseret;
2014 4803 2084 4842 ne

516 4888 708 4928 rursus
737 4870 973 4941 iniurius
998 4871 1230 4928 violator
1275 4873 1330 4927 in
1353 4873 1449 4929 Dei
1472 4874 1664 4940 tndem,
1701 4877 1781 4931 uti
1808 4878 1862 4933 in
1913 4878 2083 4935 Edem

515 4964 843 5021 temerarius
863 4963 1101 5030 insiliat;
1135 4980 1205 5021 ne
1236 4965 1410 5021 fausta
1441 4968 1787 5024 annuntiatio
1829 4950 2082 5040 deceptio

514 5056 761 5113 exsistat.
817 5054 958 5121 Quid
1014 5069 1145 5127 ergo
1195 5056 1435 5112 caelestis
1494 5059 1758 5115 nuntius?
1805 5061 2080 5117 lnternam

517 5157 718 5203 sanctae
753 5146 1121 5210 affectionem,
1170 5147 1451 5218 animique
1510 5150 1787 5206 solertiam
1835 5167 1902 5207 ex
1951 5166 2083 5208 con-

518 5239 710 5309 spicuo
742 5248 961 5310 aspectu
1013 5238 1333 5311 conjiciens,
1365 5240 1751 5312 admiransque
1777 5244 2086 5313 prudentia:

519 5328 993 5398 compositionem,
1019 5338 1183 5399 atque
1217 5345 1283 5385 ex
1308 5330 1515 5402 duplici
1561 5338 1823 5399 extremo,
1864 5334 2084 5405 gaudio,

592 5485 636 5517 ³⁰
674 5485 909 5556 Philipp.
943 5504 999 5547 ιι,
1026 5487 1080 5540 6.
1154 5486 1195 5518 ³¹
1230 5489 1247 5541 l
1281 5486 1405 5543 Cor.
1437 5504 1529 5548 vn,
1568 5486 1655 5540 54.

522 5557 585 5620 7;
628 5572 701 5617 vv,
728 5558 777 5609 3.
857 5558 921 5588 ³³⁸
958 5557 1088 5611 Luc.
1127 5575 1165 5620 ι,
1194 5558 1282 5611 28.
1360 5559 1403 5589 ³⁵
1439 5558 1578 5611 Psal.
1610 5574 1659 5615 1..
1688 5559 1735 5610 7.
1812 5560 1854 5589 ³⁵
1888 5560 2024 5614 Ibid.

521 5642 666 5691 xxiv,
712 5628 793 5680 I7.
870 5628 909 5657 "’
944 5628 1131 5681 Matth.
1165 5645 1219 5681 ll.
1324 5628 1519 5681 "Luc.
1550 5645 1605 5693 ιι,
1634 5628 1716 5681 Η.

1769 5488 1811 5519 ³³
1838 5488 1993 5542 Cant.
2025 5505 2082 5552 ιι,
2117 5490 2169 5541 2.
2250 5488 2295 5520 ³³
2316 5488 2358 5542 Il
2386 5488 2507 5541 Cor.

1812 5560 1854 5589 ³⁵
1888 5560 2024 5612 Ibid.
2104 5561 2146 5591 ³⁷
2188 5558 2319 5612 Luc.
2364 5575 2398 5612 ι.
2442 5559 2507 5612 ’55

2214 5576 2319 5613 .lll'.
2364 5575 2398 5617 1,
2443 5575 2526 5613 OL).

2170 2616 2238 2655 ex
2252 2599 2452 2656 eximia
2469 2599 2716 2654 nascitur
2737 2616 2751 2665 ;
2782 2598 3186 2669 inexplicabile,
3201 2615 3218 2648 ι
3249 2596 3395 2666 quod
3411 2612 3478 2650 ex
3502 2595 3739 2664 inexpli-

2172 2691 2334 2745 cabili
2368 2690 2579 2761 prodit;
2613 2690 2819 2745 «Filius
2849 2689 3115 2744 Altissimi
3138 2689 3184 2719 ³⁸
3204 2727 3219 2751 ,
3246 2705 3264 2738 ι
3295 2686 3442 2757 quod
3472 2702 3541 2740 ex
3582 2686 3737 2739 altis-

2172 2783 2304 2837 sima
2326 2783 2537 2847 oritur;
2560 2796 2669 2836 non
2698 2781 2879 2836 carnis
2919 2779 3155 2835 volentis
3174 2793 3334 2847 opus,
3356 2777 3453 2831 sed
3502 2776 3745 2845 Spiritus

2172 2874 2348 2929 sancti
2378 2873 2596 2929 eﬂ‘ectio
2649 2872 2796 2943 quod
2826 2871 3170 2936 ostenditur;
3197 2885 3307 2924 non
3344 2869 3450 2922 viri
3503 2869 3740 2929 cultura,

2098 2988 2141 3046 α
2174 2965 2269 3020 sed
2300 2966 2477 3021 virtus
2520 2964 2807 3020 Altissimi.
2837 2963 2993 3031 Quod
3022 2962 3294 3033 provenit,
3341 2961 3439 3017 Dei
3466 2961 3613 3015 bona
3646 2976 3743 3014 vo-

2173 3057 2374 3112 luntas.
2409 3056 2528 3111 Non
2555 3071 2725 3125 purus
2771 3056 2936 3109 homo
2968 3053 3115 3124 quod
3159 3053 3427 3115 nascitur,
3457 3051 3554 3107 sed
3600 3053 3745 3106 Deus

2173 3151 2411 3205 Verbum
2438 3148 2799 3202 incarnatum.
2825 3146 2945 3201 Non
2969 3144 3303 3200 autumnalis
3350 3142 3497 3197 uteri
3524 3143 3603 3196 tui
3626 3141 3742 3195 fru-

2173 3248 2315 3305 ctus,
2340 3240 2434 3295 sed
2482 3237 2906 3293 immortalitatis
2934 3236 3131 3305 proles.
3162 3236 3283 3289 Non
3309 3233 3506 3288 messis
3538 3240 3742 3286 natura:

2173 3331 2320 3386 dono
2345 3344 2623 3393 concessa,
2654 3328 2748 3383 sed
2800 3327 2902 3382 llos
2945 3328 3056 3381 Deo
3110 3334 3291 3380 satore
3343 3334 3520 3379 ortus.
3553 3324 3741 3377 Paries

2175 3435 2411 3490 namque
2455 3418 2785 3489 principium
2846 3414 3105 3486 principii
3170 3429 3403 3482 expers;
3455 3412 3737 3471 infantem,

2177 3510 2519 3581 temporibus
2545 3507 2907 3578 superiorem,
2953 3505 3166 3560 seculis
3217 3504 3561 3563 anteriorem,
3616 3500 3736 3552 Vir-

2174 3602 2316 3673 ginis
2340 3602 2586 3671 prolem;
2632 3599 3052 3669 sempiternum,
3072 3596 3241 3651 ubera
3273 3603 3575 3666 sugentem;
3608 3604 3723 3642 ma-

2176 3704 2258 3750 tre
2281 3694 2575 3757 seniorem,
2604 3692 2945 3753 lactaneum;
2996 3687 3183 3743 omnia
3220 3686 3476 3747 alentem,
3497 3684 3729 3737 humana

2175 3787 2426 3841 indutum
2444 3785 2617 3839 forma
2635 3800 2652 3848 ;
2673 3783 2766 3837 Dei
2786 3780 3154 3852 splendorem,
3173 3792 3465 3848 pauperem
3476 3774 3737 3836 visum”;

2175 3893 2380 3949 regem,
2432 3876 2643 3931 nullum
2696 3874 2792 3944 qui
2866 3871 3129 3927 succedat
3185 3870 3494 3924 habentem.
3544 3883 3565 3915 ‹
3626 3865 3745 3919 Ave

2176 3970 2379 4039 itaque,
2409 3968 2574 4037 Virgo
2608 3965 2780 4035 gratia
2815 3964 3010 4033 plena;
3040 3982 3058 4015 ›
3090 3962 3236 4016 inter
3264 3959 3502 4029 virgines
3542 3965 3747 4018 mater,
3784 3978 3795 3995 ρ

2174 4064 2427 4131 interque
2456 4066 2658 4113 matres
2690 4056 2877 4126 virgo;
2928 4054 3123 4109 harum
3160 4052 3487 4119 illarumque
3550 4047 3745 4118 ﬁgura,

2176 4165 2338 4224 atque
2369 4164 2631 4221 utrasque
2657 4164 2714 4204 re
2738 4148 2854 4219 ipsa
2883 4161 3254 4217 supergressa.

2249 4245 2387 4301 XIII.
2425 4244 2528 4299 Ubi
2555 4256 2686 4312 ergo
2715 4237 3093 4308 conceptionis
3142 4234 3353 4289 ratione
3396 4231 3550 4286 omni
3584 4245 3752 4300 supc-

2181 4336 2342 4392 rioris
2389 4346 2606 4405 tempus
2658 4336 3093 4388 consummatum
3125 4336 3229 4390 est,
3284 4325 3509 4393 Rexque
3567 4322 3757 4393 gloria:

2180 4446 2342 4486 carne
2365 4437 2526 4483 natus
2546 4434 2651 4490 est,
2689 4422 2996 4480 caelestium
3019 4417 3473 4486 terrestriumque
3494 4430 3600 4484 par
3627 4429 3758 4469 con—

2179 4536 2374 4577 cursus
2389 4518 2621 4575 exsistit.
2646 4514 2838 4586 Angeli
2869 4526 3106 4581 namque
3136 4526 3166 4565 e
3194 4508 3413 4564 sublimi
3436 4506 3636 4561 oculos
3658 4504 3759 4559 de-

2180 4614 2481 4673 mittentes,
2536 4608 2749 4664 stellam
2800 4604 2989 4659 vident
3011 4618 3080 4657 ex
3125 4600 3383 4665 Iacob“;
3420 4598 3564 4667 Magi
3626 4610 3762 4651 vero

2182 4701 2410 4758 sublatis
2442 4701 2497 4754 in
2527 4699 2698 4753 altum
2732 4695 2999 4759 vultibus,
3025 4693 3237 4748 stellam
3266 4705 3385 4760 qua:
3432 4689 3488 4743 in
3539 4687 3767 4743 Bethle-

2184 4795 2309 4849 hem
2342 4804 2427 4846 est
2479 4788 2889 4858 conspicantur,
2933 4785 3206 4853 simulque
3238 4783 3291 4836 in
3334 4781 3601 4852 spelunca
3652 4780 3767 4834 col-

2184 4883 2333 4948 lecti,
2360 4882 2476 4952 pari
2500 4896 2623 4937 cum
2649 4879 2825 4934 tribus
2847 4875 3187 4947 spiritalibus
3215 4871 3633 4939 sensilibusque
3664 4868 3767 4923 do-

2184 4975 2272 5031 nis
2311 4987 2559 5035 numcro,
2596 4967 2887 5024 adorandae
2932 4980 3101 5021 unum
3144 4962 3431 5017 Trinitatis
3461 4974 3768 5015 munerare

2188 5069 2279 5116 tur
2301 5062 2342 5092 δι
2369 5077 2383 5113 :
2413 5059 2740 5129 quibuscum
2762 5070 2863 5110 nos
2878 5068 3098 5124 quoque
3117 5049 3767 5121 opportunelaudemus:

2196 5172 2214 5204 ‹
2254 5151 2438 5208 Gloria
2490 5152 2545 5205 in
2577 5148 2858 5205 altissimis
2893 5147 3027 5211 Deo,
3059 5153 3118 5201 et
3145 5144 3201 5200 in
3225 5153 3370 5199 terra
3400 5157 3545 5212 pax;
3574 5142 3641 5196 in
3670 5142 3774 5195 ho-

2189 5244 2429 5300 minibus
2456 5243 2599 5297 bona
2628 5240 2882 5295 voluntas
2907 5238 2972 5291 ".
3000 5236 3376 5293 Conﬁteantur
3399 5234 3647 5287 Domino
3676 5234 3775 5287 mi-

2191 5333 2506 5390 sericordia:
2520 5334 2661 5406 ejus,
2700 5342 2757 5389 et
2789 5329 3063 5387 mirabilia
3099 5328 3220 5400 ejus
3251 5324 3381 5381 (iliis
3431 5324 3773 5386 hominum;

3412 5477 3457 5507 ³⁸
3490 5475 3665 5528 Cant.
3704 5492 3773 5533 tv.

3511 5547 3560 5575 ⁸⁸
3604 5546 3774 5600 Num.

2828 5485 2892 5517 ³³⁸
2918 5483 3076 5539 Cant.
3136 5498 3206 5543 tv,
3248 5479 3334 5532 Η.

3044 5554 3087 5587 ³⁸
3124 5552 3287 5606 Hebr.
3323 5564 3362 5611 ι,
3385 5547 3437 5601 5.

2250 5488 2295 5520 ³³
2316 5487 2358 5542 Il
2386 5487 2511 5541 Cor.
2545 5504 2615 5547 vr.
2658 5486 2739 5539 Ili.

2610 5559 2653 5589 ³⁸
2676 5556 2836 5619 lbid.,
2878 5554 2966 5608 52.
