4072 6210
1443 121 1468 144 δ

327 272 466 330 142⁸)

931 275 1212 333 IlOMlLIA
1248 278 1314 334 VI
1352 276 1416 334 IN
1459 280 1516 339 S.
1565 277 1914 336 DEIPARAM
1960 275 2048 333 ET
2091 276 2158 332 IN
2197 276 2665 335 NATIVITATEM
2709 280 2966 338 DOMINl.

3464 281 3601 339 i430

320 395 458 466 quia
483 395 633 452 misit
662 396 898 452 Verbum
946 415 1106 454 suum
1141 411 1197 456 ct
1234 402 1451 470 Filium,
1482 414 1538 460 et
1581 404 1789 475 eripuit
1815 418 1915 458 nos
1945 405 1987 462 Λ
2020 401 2250 457 salutem
2273 418 2492 468 novam,
2522 403 2576 458 in
2597 420 2700 473 qua
2716 404 2891 470 salute
2926 403 3242 480 circuibunt
3276 402 3543 458 homines.
3575 420 3595 454 ι

324 489 396 545 de
421 489 832 545 interitionibus
877 493 1082 547 nostris
1121 495 1188 548 ”.
1221 494 1325 561 Qui
1351 497 1558 553 timetis
1592 498 1905 562 Dominum,

324 579 544 636 laudate
561 597 688 636 cum
708 582 777 646 “;
801 601 819 632 υ
853 583 983 652 quia
1010 584 1148 639 nihil
1175 587 1442 643 recedens
1466 604 1498 643 a
1518 589 1681 644 Patre
1698 609 1717 641 ι
1750 589 1908 644 incli-

323 674 479 728 navit
497 675 684 738 cmlos,
710 682 766 727 et
797 673 1149 732 descendit"
1177 696 1191 744 ;
1219 698 1237 729 ι
1262 680 1580 750 placuitque
1607 690 1668 736 ut
1695 681 1750 737 in
1781 682 1904 737 Vir-

318 764 465 834 ginis
496 773 653 820 utero
683 781 805 835 quae
839 783 949 822 non
975 777 1157 838 potest
1184 772 1304 842 capi
1343 771 1564 828 deitatis
1615 773 1905 843 plenitudo

318 867 630 926 caperetur.
675 875 694 908 σ
735 857 970 915 Cantate
1021 861 1256 919 Domino
1327 865 1606 920 canticum
1663 881 1899 931 novum,

313 949 446 1018 quia
471 947 746 1003 mirabilia
770 948 903 1006 fecit
940 951 1005 1006 “.
1036 971 1055 1004 ι
1086 951 1360 1024 Splendor
1410 957 1562 1012 enim
1615 956 1804 1028 gloriae
1845 967 1905 1014 et

315 1038 486 1108 figura
525 1039 847 1096 occultioris
870 1051 1112 1112 paternae
1153 1047 1476 1103 substantia:
1491 1047 1535 1080 ⁸⁷
1566 1064 1636 1104 ex
1664 1045 1901 1106 inteme-

312 1140 430 1184 rata
451 1130 673 1202 Virgine
691 1148 914 1190 carnem
936 1137 1112 1192 voluit
1133 1154 1433 1196 assumere.
1459 1159 1478 1191 ‹
1498 1141 1739 1198 Jubilate
1760 1143 1897 1210 Deo,

307 1221 492 1276 omnis
511 1233 695 1278 term:
723 1225 892 1282 dicite
908 1228 1042 1293 Deo,
1067 1229 1240 1296 Quam
1279 1231 1551 1288 terribilia
1575 1241 1704 1289 sunt
1729 1249 1897 1306 opera

309 1322 403 1369 tua
422 1314 468 1346 ⁸³
491 1333 506 1379 ;
532 1336 550 1365 ι
573 1317 668 1387 qui
684 1318 831 1374 enim
848 1327 934 1375 est
954 1320 1009 1375 in
1027 1321 1203 1377 forma
1225 1323 1424 1391 Patris,
1442 1325 1604 1381 nobis
1625 1325 1683 1380 in
1705 1334 1897 1382 nostra

276 1412 634 1475 ‘paupcrtate
673 1409 973 1466 conformis
1024 1411 1260 1469 indivise
1285 1413 1406 1470 fieri
1439 1415 1653 1482 voluit;
1691 1417 1895 1488 quippe

304 1505 434 1550 ante
463 1497 757 1554 luciferum
783 1502 1003 1572 genitus
1023 1505 1190 1570 est",
1216 1506 1530 1564 novissimis
1555 1510 1894 1579 temporibus

301 1588 406 1644 sibi
456 1598 690 1648 matrem
729 1595 958 1662 ascivit;
1009 1603 1175 1667 atque
1225 1599 1538 1656 subsistens
1563 1601 1744 1657 Patris
1797 1602 1893 1657 Sa-

302 1684 530 1754 pientia,
562 1687 828 1756 templum
854 1689 963 1744 sibi
1000 1689 1058 1744 in
1096 1692 1428 1748 venerabilis
1456 1693 1697 1765 Virginis
1729 1704 1890 1750 utero

301 1792 414 1831 non
451 1776 825 1834 manufactum
868 1780 1182 1848 aediﬁcavit,
1231 1791 1288 1839 et
1343 1804 1361 1838 ι
1395 1785 1664 1841 habitavit
1698 1787 1754 1841 in
1789 1802 1888 1842 nov

299 1864 497 1930 bis'°,o
523 1880 592 1922 eo
611 1866 760 1936 quod
789 1884 936 1924 «non
971 1870 1186 1927 habitet
1206 1873 1543 1940 Altissimus,
1583 1876 1727 1933 sicut
1742 1877 1882 1932 seri-

299 1962 453 2025 ptum
481 1964 564 2011 est
603 1957 672 2022 ",
709 1976 728 2009 ι
767 1958 825 2014 in
859 1961 1226 2019 manufactis:
1277 1983 1296 2017 ι
1325 1966 1586 2036 venitque
1621 1977 1682 2022 ut
1737 1978 1884 2024 esset

300 2045 612 2112 nobiscum,
637 2048 732 2118 qui
761 2065 792 2104 a
816 2059 1047 2121 paterno
1069 2054 1195 2110 sinu
1233 2072 1345 2112 non
1379 2058 1751 2130 disjungitur;
1786 2061 1880 2131 qui

298 2152 465 2208 super
506 2140 866 2198 cherubicum
919 2145 1181 2202 thronum
1224 2149 1464 2216 sedet",
1517 2159 1682 2221 atque
1715 2167 1746 2206 a
1772 2167 1881 2208 cu:-

301 2223 528 2284 lcstibus
550 2231 840 2290 ordinibus
891 2236 1180 2305 laudatur;
1232 2241 1493 2312 Princeps
1545 2243 1636 2298 ille
1676 2244 1880 2313 princi-

298 2336 450 2388 pum,
476 2340 495 2372 ι
521 2322 787 2380 Dominus
800 2325 1226 2398 dominantium,
1254 2349 1272 2383 ›
1289 2333 1597 2401 potentium
1614 2342 1874 2404 potestas,

298 2409 470 2465 libera
500 2411 729 2470 facultas
768 2432 922 2473 mero
964 2419 1090 2489 jure
1137 2423 1434 2488 utentium,
1488 2425 1875 2481 universorum

301 2501 428 2566 vita,
454 2504 549 2573 qui
597 2505 748 2563 solus
781 2522 907 2563 cum
954 2509 1166 2580 Spiritu
1210 2524 1402 2569 sancto
1433 2516 1649 2570 Patrem
1671 2531 1874 2587 cogno-

297 2593 487 2660 scit",
521 2604 686 2666 atque
728 2613 760 2654 a
800 2601 918 2656 solo
942 2602 1105 2658 Patre
1131 2619 1196 2660 ac
1241 2605 1448 2676 Spiritu
1489 2609 1868 2677 cognoscitur:

295 2683 390 2752 qui
438 2686 556 2754 pari
590 2687 746 2742 sedet
778 2691 932 2761 regni
957 2693 1118 2758 solio,
1161 2710 1320 2765 :equa
1373 2697 1543 2766 pollet
1577 2707 1869 2767 potestate,

297 2775 485 2831 eadem
521 2777 749 2835 honoris
804 2782 1055 2838 claritate
1084 2785 1307 2863 gaudet,
1345 2786 1616 2842 indivisus
1651 2798 1871 2852 natura,

295 2866 389 2937 qui
437 2867 492 2922 in
520 2871 797 2937 omnibus,
821 2887 885 2928 ac
913 2889 1082 2943 super
1127 2876 1313 2930 omnia
1341 2884 1427 2932 est
1449 2877 1518 2942 “,
1565 2896 1585 2929 ε
1640 2879 1754 2933 Rex
1785 2894 1872 2934 re-

295 2971 442 3024 gum,
459 2959 723 3017 Dominus
748 2961 1232 3032 dominantium",
1253 2985 1375 3018 ι-ε
1400 2967 1550 3024 solus
1565 2984 1689 3024 cum
1707 2969 1873 3025 Geni-

295 3049 414 3151 tore
462 3049 672 3107 habens
723 3053 1216 3121 immortalitatem,
1270 3072 1337 3112 ac
1385 3056 1568 3113 lucem
1617 3060 1872 3115 habitans
1901 3089 1944 3151 ο

291 3139 733 3200 lnaccessibilem
753 3147 834 3211 5°;
871 3166 890 3198 ι
916 3163 1080 3216 quem
1113 3163 1282 3204 nemo
1327 3150 1475 3205 nuda
1501 3149 1706 3206 deitate
1737 3151 1877 3206 vidit

293 3247 472 3302 neque
493 3233 682 3290 videre
708 3238 973 3306 potest",
995 3254 1122 3294 eum
1149 3240 1328 3296 servis
1349 3241 1466 3296 suis
1495 3243 1677 3297 venit:
1711 3261 1730 3295 ι
1762 3259 1874 3298 non

287 3324 436 3380 sicut
482 3326 768 3394 delictum,
817 3329 894 3386 ita
933 3339 990 3387 et
1029 3331 1236 3388 donum
1268 3351 1286 3384 ι
1321 3333 1632 3404 rependens
1650 3335 1718 3402 ⁸⁸,
1773 3335 1873 3391 sed

290 3418 522 3488 gratiam
572 3421 735 3493 longe
788 3424 948 3480 malis
996 3425 1312 3481 uberiorem
1362 3426 1672 3492 inducens,
1707 3436 1876 3498 atque

282 3503 545 3565 infaustis
570 3511 731 3583 longe
775 3513 1112 3572 faustissima
1139 3517 1399 3588 largiens,
1434 3519 1687 3574 scelestis
1744 3535 1875 3574 san-

291 3599 535 3657 ctissima
569 3603 855 3675 magnifice
893 3607 1162 3663 tribuens.
1195 3609 1450 3664 Nostram
1471 3609 1619 3665 enim
1639 3610 1872 3666 infirmi-

292 3697 458 3745 tatem
489 3692 594 3748 sibi
620 3696 820 3751 unicns
842 3697 937 3767 qui
963 3706 1162 3768 potens
1201 3709 1307 3766 est,
1349 3709 1528 3757 morte
1550 3702 1876 3758 validiorem

291 3781 503 3851 eil‘ecit,
529 3800 595 3840 ac
627 3796 879 3844 naturam
913 3806 1035 3860 qua:
1066 3792 1408 3863 corruptioni
1441 3794 1586 3850 victa
1637 3803 1878 3851 cesserat

293 3874 350 3929 in
386 3891 444 3931 se
468 3893 776 3947 assumens,
794 3881 1064 3939 adversus
1092 3887 1510 3956 corruptionem
1534 3888 1749 3944 viribus
1772 3904 1873 3944 [λιιι

293 3962 402 4030 xit;
431 3974 596 4036 atque
642 3985 792 4024 ream
843 3971 974 4027 Adze
1021 3973 1313 4044 imaginem
1359 3985 1598 4049 gestans,
1663 3978 1878 4048 peccati

293 4055 574 4113 victricem
594 4060 874 4117 reddidit:
907 4073 1074 4136 utque
1108 4067 1281 4123 verbo
1311 4068 1513 4135 dicam,
1548 4071 1878 4126 criminibus

290 4147 549 4204 omnibus
586 4150 856 4209 obnoxios
889 4154 1172 4213 adoranda
1229 4157 1322 4212 illa
1379 4175 1479 4215 sua
1513 4159 1876 4218 inclinatione

289 4236 577 4308 liberavit,
611 4261 630 4294 ι
667 4251 726 4298 ut
752 4244 1163 4318 sicutregnavit
1181 4257 1470 4318 peccatum
1488 4250 1543 4305 in
1566 4263 1768 4318 morte,
1795 4253 1878 4309 sic

287 4338 347 4384 et
367 4332 540 4401 gratia
559 4333 681 4403 ejus
704 4346 897 4408 regnet
926 4337 981 4392 in
1003 4338 1164 4395 nobis
1187 4339 1243 4394 in
1267 4339 1437 4395 vitam
1466 4351 1730 4398 atternam
1747 4345 1814 4398 ".
1850 4363 1868 4397 ι

2011 493 2151 548 Vere
2170 512 2187 543 ι
2217 510 2474 565 magnum
2493 510 2827 565 omnemque
2847 495 3311 566 magnificentiam
3333 509 3600 566 superans

2008 583 2259 639 veritatis
2318 585 2661 656 mysterium,
2715 586 2864 655 quod
2936 585 3346 641 manifestatum
3403 596 3487 641 est
3542 587 3596 641 in

2008 689 2175 730 carne
2199 675 2266 740 “,
2297 693 2317 727 ι
2355 691 2663 747 novamque
2688 678 2924 733 salutem
2947 685 3236 748 operatum
3270 687 3356 732 est
3391 677 3448 731 in
3481 694 3594 734 tne--

2006 766 2100 822 dio
2139 775 2335 832 terrm;
2365 767 2421 824 in
2447 785 2556 839 qua
2585 770 2928 826 circuierunt
2951 770 3210 826 homines
3234 769 3424 824 relicta
3461 786 3592 826 con~

2006 858 2319 915 versatione
2345 859 2399 914 in
2427 871 2658 931 paterno
2692 877 2882 917 errore
2907 863 2974 928 °',
3011 870 3176 933 atque
3201 861 3270 916 ad
3303 862 3477 916 Deum
3510 863 3591 917 vi-

2002 965 2132 1005 vum
2167 952 2444 1008 conversi.
2480 950 2526 1008 Ο
2550 967 2639 1008 res
2671 953 3054 1009 admirandas!
3113 952 3159 1010 Ο
3199 963 3402 1025 quanta
3432 953 3592 1010 Chri-

2001 1043 2194 1115 stiana:
2224 1043 2448 1114 pietatis
2481 1043 2586 1111 vis,
2611 1054 2674 1100 ut
2705 1053 2763 1101 et
2797 1045 2958 1102 valde
2993 1045 3335 1117 contentioni
3369 1047 3592 1101 studen-

2000 1142 2086 1189 tes
2128 1134 2197 1189 ad
2233 1149 2292 1190 se
2335 1135 2512 1206 possit
2568 1135 2910 1192 transferret
2949 1137 3064 1194 lloe
3098 1153 3252 1204 sane,
3287 1137 3394 1192 hoc
3418 1138 3588 1193 veteri

2000 1225 2079 1281 illi
2114 1226 2331 1282 Balaam
2371 1228 2571 1299 legitur
2605 1228 2874 1284 accidisse
2911 1247 2924 1284 :
2965 1229 3061 1301 qui
3097 1245 3165 1286 ex
3200 1229 3430 1300 profano
3465 1240 3588 1284 vate

1997 1316 2056 1373 in
2110 1319 2501 1390 propheticum
2560 1322 2845 1377 oraculum
2899 1329 3296 1377 transmutatus
3342 1331 3448 1387 cst,
3506 1322 3587 1378 sic

1995 1412 2116 1482 ejus
2146 1412 2258 1466 Deo
2315 1411 2643 1468 immutante
2676 1413 2943 1485 linguam,
2991 1422 3053 1469 ut
3104 1414 3404 1485 gentilibus
3450 1429 3583 1469 vera

1996 1507 2414 1577 prtcnuntiaret.
2442 1527 2460 1560 ι
2481 1507 2707 1563 Orietur
2723 1509 2894 1575 enim,
2913 1508 3113 1578 inquit,
3135 1509 3287 1578 stella
3305 1523 3371 1562 ex
3393 1508 3581 1573 Iacob,

1994 1603 2051 1652 et
2086 1607 2382 1668 consurget
2401 1597 2487 1652 vir
2512 1598 2581 1653 de
2610 1599 2800 1664 Israel,
2819 1607 2875 1653 et
2901 1598 3178 1668 percutiet
3201 1597 3370 1653 duces
3401 1597 3579 1661 Moab,

1992 1689 2342 1758 vastabitque
2368 1689 2511 1745 ﬁlios
2530 1689 2764 1746 Ammon
2787 1692 2856 1746 ⁸³.
2883 1709 2900 1742 ι
2931 1691 3002 1746 Et
3019 1690 3153 1760 quid
3170 1689 3294 1744 dico
3325 1689 3582 1743 Balaam?

1991 1779 2316 1844 Considera,
2342 1795 2548 1849 qua‘so,
2589 1780 2808 1845 dilecte,
2844 1780 3012 1835 etiam
3045 1779 3101 1833 in
3124 1778 3332 1834 Grzncia
3355 1787 3411 1833 et
3435 1777 3578 1846 apud

1993 1870 2259 1925 barbaros
2277 1869 2700 1939 przenuntiatam
2739 1869 3068 1926 Christiana:
3100 1867 3227 1923 ﬁdei
3263 1867 3575 1926 veritatem.

1992 1962 2060 2017 ad
2113 1976 2308 2016 eorum
2360 1960 2455 2031 qui
2505 1961 2654 2015 illam
2720 1969 2990 2030 spernunt
3040 1957 3574 2014 condemnationem.

1991 2054 2162 2109 Aiunt
2191 2054 2340 2110 enim
2378 2069 2505 2109 cum
2556 2053 2726 2123 pestis
2761 2050 3080 2123 gravissima
3113 2049 3336 2106 Grazciae
3369 2049 3578 2103 incum-

1989 2146 2146 2202 beret
2179 2146 2606 2214 universamque
2642 2143 2923 2214 regionem
2975 2148 3350 2206 consumeret,
3397 2155 3462 2194 ac
3494 2139 3575 2193 ei-

1989 2253 2084 2293 ves
2118 2237 2617 2308 supplicationibus
2640 2243 2804 2305 atque
2830 2234 3032 2290 hostiis
3064 2231 3361 2288 uberiores
3403 2231 3576 2287 insta-

1988 2339 2132 2395 rent,
2170 2330 2376 2400 quibus
2420 2329 2557 2384 falsa
2587 2345 2685 2384 sua
2717 2327 2947 2383 numina
2977 2327 3250 2398 placanda
3289 2325 3574 2382 existima-

1985 2429 2140 2476 rent:
2177 2437 2302 2476 cum
2349 2421 2535 2490 itaque
2568 2435 2680 2474 non
2715 2427 2863 2475 esset
2886 2435 3013 2484 vox,
3055 2427 3152 2474 aut
3185 2419 3296 2474 ulla
3341 2417 3571 2482 auditio,

1984 2521 2046 2567 ut
2098 2513 2343 2583 loquitur
2395 2512 2764 2582 Scriptura“,
2815 2511 3108 2566 consilium
3170 2509 3320 2564 aliud
3381 2509 3574 2562 ineunt

1981 2604 2128 2659 haud
2184 2620 2316 2660 sane
2357 2604 2626 2658 absonum
2672 2603 2924 2656 minusve
2984 2600 3255 2670 prudens;
3291 2608 3353 2653 ut
3413 2599 3576 2653 nimi-

1980 2710 2105 2748 rum
2151 2694 2304 2762 pacis
2334 2693 2544 2746 foedera
2579 2691 2635 2745 in
2676 2693 2922 2762 ignotum
2970 2692 3142 2746 Deum
3176 2689 3573 2760 transferrent;

1981 2789 2042 2837 ut
2076 2781 2171 2850 qui
2198 2789 2346 2836 esset
2370 2780 2616 2850 quidem,
2645 2779 2740 2835 sed
2771 2796 2934 2849 quem
2955 2779 3166 2849 indigni
3187 2793 3296 2833 non
3323 2787 3569 2832 nossent.

1979 2873 2083 2929 Ubi
2116 2881 2300 2928 autem
2333 2871 2484 2942 quod
2510 2873 2826 2927 consultum
2861 2879 2983 2927 erat
3038 2871 3296 2927 etl‘ectum
3338 2881 3443 2935 est,
3483 2886 3571 2925 se-

1977 2971 2105 3018 cuta
2151 2970 2237 3017 est
2289 2970 2346 3018 et
2386 2962 2727 3033 propitiatio,
2774 2962 3261 3018 exterminatorem
3307 2961 3572 3031 vivosque

1979 3054 2124 3109 inter
2149 3053 2295 3109 viam
2339 3053 2683 3111 discernens.
2734 3054 3009 3122 Quidnam
3052 3069 3187 3110 vero
3226 3061 3342 3108 tum
3373 3053 3570 3108 fecisse

1976 3145 2172 3200 aiunt?
2201 3145 2410 3217 Nempe
2437 3146 2756 3202 obsecratus
2806 3160 2934 3201 eum
2977 3161 3143 3215 quem
3173 3144 3378 3200 frustra
3412 3145 3572 3214 prius

1978 3237 2175 3293 hostiis
2215 3238 2600 3304 honorassent,
2660 3255 2988 3309 responsum
3047 3239 3228 3304 daret,
3276 3252 3386 3308 quo
3417 3253 3568 3292 aram

1979 3329 2172 3400 ignoto
2199 3330 2313 3384 Deo
2332 3338 2575 3385 erectam
2600 3344 2700 3385 ceu
2737 3329 2896 3385 titulo
2930 3339 3286 3386 exornarem.
3319 3329 3383 3383 lli
3403 3345 3571 3398 porro

1979 3419 2349 3475 Athenienses
2377 3427 2554 3484 erant,
2589 3420 2692 3474 viri
2718 3420 2776 3474 in
2829 3422 2934 3474 hoc
2960 3419 3059 3473 toti
3087 3419 3324 3484 hiantes,
3349 3426 3410 3473 ut
3441 3419 3568 3474 novi

1980 3507 2268 3578 quidpiam
2299 3516 2394 3566 aut
2423 3508 2696 3571 dicerent,
2719 3515 2815 3562 aut
2853 3506 3129 3560 audirent.
3176 3507 3347 3576 Hujus
3382 3514 3564 3561 autent

1978 3615 2088 3654 arae
2121 3597 2330 3654 mentio
2380 3606 2466 3654 est
2518 3599 2574 3653 in
2607 3599 2868 3654 Actorum
2923 3598 3152 3654 libro“.
3203 3597 3567 3669 Interrogatio

1979 3707 2114 3748 vero
2152 3690 2228 3744 ita
2257 3689 2456 3746 habet:

2049 3801 2316 3876 Propheta
2364 3801 2530 3876 nobis,
2587 3803 2869 3876 propheta,
2919 3801 3074 3858 Titan
3120 3803 3309 3859 Phoebe
3350 3804 3562 3876 Apollo,

2050 3871 2352 3943 Cujasnam
2378 3871 2562 3926 domus
2588 3871 2694 3925 ista
2720 3873 2820 3936 erit
2846 3872 2872 3926 ?

1977 3983 2100 4038 Non
2147 3982 2367 4040 sinente
2418 3991 2606 4048 autem
2660 3983 2846 4048 silere,
2889 4000 3012 4054 quae
3060 3993 3326 4054 utrosque
3371 3987 3427 4042 in
3459 3987 3565 4056 hoc

1979 4075 2319 4146 impellebat,
2349 4074 2538 4135 divina
2559 4075 2787 4140 virtute,
2811 4074 2904 4141 illa
2922 4075 3138 4131 sincere
3168 4079 3394 4136 oraculo
3422 4079 3560 4143 edit,

1978 4181 2101 4236 quae
2116 4165 2366 4220 veritatis
2392 4164 2674 4235 prepbetis
2694 4163 2984 4235 prmdicata
3002 4164 3269 4234 audisset,
3285 4165 3360 4222 ita
3373 4166 3560 4222 aiens:

1973 4359 1977 4364 _
2049 4289 2383 4414 Quacanqtlte
2421 4288 2633 4356 veritati
2691 4306 2755 4344 ac
2805 4290 3070 4346 honestati
3094 4299 3411 4361 congruunt,
3453 4295 3562 4349 hwc

2230 4378 2316 4414 aa:
2345 4377 2372 4414 ε
2393 4377 2413 4414 :

2230 4377 2372 4432 agite
2393 4377 2413 4416 :

364 4422 498 4478 Xlll.
542 4424 640 4480 Sin
667 4435 853 4482 autem
894 4429 1094 4500 aliquis
1126 4432 1470 4487 contentioni
1505 4433 1870 4501 studentium,
1907 4457 1952 4512 ι)
2049 4431 2164 4504 Ego
2215 4422 2355 4512 en'ifn
2414 4429 2582 4487 Deum
2633 4445 2937 4503 supremum
2986 4429 3178 4506 Regem
3210 4433 3354 4496 trina,
3395 4449 3562 4494 unum

289 4530 356 4570 ac
376 4515 514 4572 dura
541 4518 754 4575 cervice
800 4519 1141 4589 Judaaorum,
1179 4538 1490 4580 sermonem
1519 4541 1580 4581 se
1621 4527 1876 4582 confuta-

290 4616 480 4662 turum
528 4609 825 4677 existimet,
875 4620 1136 4684 tanquam
1184 4630 1294 4670 non
1345 4630 1560 4683 verum,
1603 4617 1879 4690 habetque

287 4715 456 4754 aures
499 4701 782 4768 audiendi,
815 4703 1006 4759 audiat
1029 4703 1391 4760 recentiorem
1415 4719 1576 4761 suum
1605 4708 1879 4780 interpre-

291 4800 405 4849 tem
437 4795 711 4866 Aquilam,
737 4796 817 4852 sic
857 4796 973 4852 fere
999 4797 1292 4854 Jeremiam
1329 4799 1661 4855 Christianis
1687 4810 1875 4870 patro-

291 4899 426 4938 num
451 4884 829 4953 inducentem,
860 4903 987 4943 eum
1013 4888 1122 4943 ait:
1160 4908 1178 4940 ε
1207 4888 1428 4945 Crcavit
1470 4891 1734 4946 Dominus
1777 4907 1876 4947 no-

290 4975 514 5032 vum‘in
541 4977 744 5033 femina
763 4979 832 5046 ‘°;
861 4979 979 5037 haec
1014 4989 1200 5038 autem
1250 4990 1436 5037 creata
1458 4991 1544 5037 est
1578 4983 1632 5036 in
1657 4983 1873 5053 planta—

2059 4501 2476 4642 Cujuselc’lgzum
2509 4571 2878 4642 incorruptum
2915 4570 3142 4642 placida:
3159 4571 3354 4644 puellae
3383 4587 3566 4628 conca»

2233 4649 2380 4710 ptum
2398 4648 2548 4694 utero

2055 4710 2218 4778 lgm‘ti
2242 4710 2333 4763 teli
2366 4711 2541 4764 instar
2577 4710 2808 4765 medium
2839 4719 3233 4778 transcurrens,

2107 4779 2370 4852 nivei-sam
2401 4780 2556 4835 Patri
2585 4782 2804 4852 capiens.
2821 4780 2958 4834 dono
2983 4782 3162 4852 oﬁ‘eret
3190 4781 3463 4836 mundum.

2053 4851 2239 4908 [st/tau:
2271 4851 2458 4916 domus
2485 4851 2620 4906 erit:
2643 4851 2832 4912 Maria
2856 4858 3035 4916 autem
3062 4851 3111 4906 ei
3135 4867 3320 4910 nomen
3337 4855 3560 4910 exsistit.

1983 4978 2109 5034 Haec
2131 4978 2315 5049 plane,
2372 4977 2489 5033 hare
2525 4977 2759 5034 Athenis
2809 4978 3044 5050 lapideis
3076 4979 3280 5036 tabulis
3309 4981 3376 5036 ad
3421 4998 3564 5036 sem-

295 5065 500 5121 tioncm
532 5068 726 5125 salutis
782 5086 960 5137 novae.
998 5080 1056 5128 et
1107 5089 1217 5140 non
1240 5073 1464 5130 veteris.
1503 5091 1522 5126 ι
1557 5075 1735 5144 Atque
1760 5075 1877 5130 lnec
1978 5072 2254 5142 piternam
2295 5083 2408 5142 pro
2436 5069 2648 5126 foribus
2676 5071 2948 5142 insculpta
2982 5073 3326 5127 memoriam.
3368 5072 3476 5129 Sed
3510 5082 3562 5128 rt

292 5156 519 5225 quidem
560 5159 778 5231 Aquila.
835 5161 1192 5236 Septuaginta
1244 5175 1430 5222 autem
1476 5169 1747 5237 expositio
1799 5168 1880 5223 sic
1979 5163 2127 5220 aliud
2157 5163 2245 5219 his
2269 5178 2392 5234 quae
2413 5163 2559 5219 dicta
2592 5171 2723 5219 sunt
2771 5161 3152 5235 adjungemus,
3176 5164 3391 5236 Virgilii
3415 5165 3561 5234 apud

293 5261 410 5301 tam
428 5247 768 5307 declaravit:
806 5271 825 5304 ι
861 5253 1082 5310 Creavit
1113 5255 1380 5326 Dominus
1403 5256 1798 5328 plantationem
1825 5257 1881 5312 in
1981 5257 2258 5312 Romanos
2286 5255 2715 5328 poeta-eruditi,
2749 5256 2855 5312 vir-i
2893 5256 3048 5313 haud
3089 5256 3339 5323 obscuri,
3394 5265 3562 5312 autvo

369 5423 414 5500 ξ’
449 5426 721 5500 Ρεᾳᾙεονι,
746 5431 801 5496 8,
827 5431 918 5487 20.
980 5433 1026 5466 “
1050 5435 1191 5490 Psal.
1222 5451 1330 5500 xxt,
1358 5436 1448 5490 24.
1525 5437 1572 5468 ⁸⁸
1609 5436 1750 5491 Psal.
1787 5452 1883 5490 xvn

1988 5435 2027 5489 3.
2106 5435 2152 5467 “
2183 5435 2321 5489 Psal.
2351 5452 2512 5500 cxvn,
2540 5436 2590 5490 1.

299 5489 434 5571 1-3.“
503 5489 946 5571 _"Psal.cix,5.
1047 5489 1341 5571 "nam;
1382 5489 1466 5560 tt.
1544 5489 1883 5561 arma"

1988 5508 2033 5559 l.
2133 5505 2178 5535 θ’
2214 5489 2369 5560 Ρεειιί
2389 5489 2644 5570 υωείκζὲ.

297 5564 468 5644 εξ..5;
503 5565 703 5636 Ephes.
731 5588 802 5635 IV,
829 5564 882 5628 6.
959 5575 1005 5606 ⁵⁵
1028 5575 1200 5644 Apoc.
1225 5564 1338 5643 xix,
1363 5576 1446 5629 16.
1525 5577 1572 5609 ⁸⁵
1600 5577 1620 5630 l
1653 5577 1795 5630 Tim.
1826 5593 1878 5630 γι

1988 5578 2017 5630 ἰ.
2098 5577 2140 5608 ⁵⁷
2165 5575 2182 5628 I
2205 5574 2362 5629 Joan.
2389 5591 2462 5641 tv,
2490 5564 2576 5629 η.

299 5629 569 5759 :vteréagf.
597 5655 741 5710 xxxt,
770 5629 858 5698 22.
970 5646 1009 5676 ⁶¹
1039 5629 1336 5714 l"l‘im.tn,'
1360 5647 1443 5701 16.
1558 5629 1644 5702 “Vl
1667 5629 1812 5702 Petr.
1839 5629 1874 5711 1,

2097 5647 2140 5676 “3
2161 5643 2319 5698 Num.
2348 5629 2489 5712 xnv,
2516 5647 2598 5699 17.

415 5742 542 5766 ’.ιιι

2688 5437 2733 5467 ⁸⁷
2755 5435 2922 5491 Hebr.
2973 5453 3011 5502 ι,
3035 5436 3090 5491 3.
3187 5436 3234 5470 ‘°
3260 5438 3403 5492 Psal.
3433 5453 3554 5502 va,

2741 5506 2788 5537 ⁸³
2835 5507 3026 5561 Matth.
3057 5524 3129 5572 xl,
3161 5508 3251 5561 27.
3323 5509 3370 5540 ”
3393 5509 3550 5561 Rom.

2677 5574 2723 5607 ”
2758 5576 2915 5630 Rom.
2947 5593 3001 5642 v,
3040 5577 3127 5630 15.
3197 5577 3434 5640 "‘lbid.,
3461 5578 3553 5632 Ἃ.

2680 5646 2722 5678 ⁸⁵
2748 5645 2816 5703 lll
2840 5647 2970 5715 Reg.
2999 5663 3147 5708 xvtn,
3177 5647 3264 5703 26.
3357 5651 3401 5679 *⁸
3432 5649 3553 5702 Art.
