4048 6210
473 248 601 305 1131
1173 241 1517 298 THEODOTI
1557 239 1622 294 IN
1664 240 1717 293 S.
1758 238 2113 294 DEIPARAM
2156 239 2240 295 ET
2283 239 2514 295 HOMIL.
2561 242 2625 295 V'l
2663 240 2730 295 IN
2771 237 2999 293 NATIV.
3034 235 3196 291 DOM.
3598 224 3769 285 1432

469 361 753 433 sapientia:
813 362 976 417 laude
1032 360 1286 414 exsertis.
1341 360 1477 414 Nam
1527 367 1584 413 et
1643 358 1744 413 iste
1785 359 1840 411 in
1904 358 2048 412 libro
2079 365 2120 420 Α
2150 361 2268 430 ejus
2317 360 2482 422 dono,
2534 359 2629 429 qui
2684 366 2906 428 propter
2958 368 3208 425 magnam
3236 350 3593 405 dilectionem
3626 364 3763 417 qua

469 471 633 524 quem
660 454 913 524 ldyllium
962 450 1179 513 scribit,
1224 451 1319 505 ubi
1358 451 1578 522 Sibyllae
1626 450 1897 514 meminit,
1932 453 2046 504 hinc
2149 448 2342 502 dilexit
2376 464 2476 503 nos
2498 450 2570 517 ⁷¹,
2604 449 2801 503 Filium
2854 462 3017 501 suum
3053 441 3392 513 unigenitum
3420 439 3649 495 miserit
3684 440 3757 492 in

469 546 657 599 addit:
2147 540 2436 593 mundum.
2460 539 2674 594 Gratias
2710 540 2822 593 Deo
2862 552 2961 607 pro
3007 533 3363 589 inenarrabili
3407 532 3527 601 ejus
3561 531 3753 589 dono,

573 657 698 711 Iam
735 673 871 712 nova
905 658 1177 729 progenies
1206 657 1335 711 caelo
1389 658 1681 712 demittitur
1715 657 1823 711 alto
1853 656 1952 728 (5).

2160 652 2173 684 ι
2212 632 2308 702 qui
2336 647 2462 687 eum
2490 633 2585 701 qui
2635 646 2745 685 non
2784 638 3019 683 noverat
3045 635 3352 697 peccatum,
3408 638 3510 693 pro
3569 622 3753 675 nobis

2148 734 2436 795 peccatum
2467 723 2679 787 fecerit,
2711 731 2773 776 ut
2798 737 2900 775 nos
2921 720 3267 774 eiliceremur
3292 715 3511 787 justitia
3546 715 3657 767 Dei
3687 713 3745 769 in

2150 819 2270 887 ipso
2286 817 2349 868 ".
2391 835 2409 868 ι
2450 813 2814 878 Accedamus,
2849 808 3217 869 dilectissimi,
3242 808 3311 861 ad
3339 820 3588 860 amorem
3618 806 3746 873 ejus

2148 910 2244 981 qui
2273 908 2467 964 dilexit
2490 922 2612 961 nos.
2648 902 2787 961 Cum
2812 912 2962 959 tanta
2984 902 3351 971 suscipiamus
3394 897 3522 961 ﬁde,
3556 912 3723 965 quan

2151 1011 2205 1056 ta
2226 1000 2319 1055 ille
2346 999 2506 1054 nobis
2538 997 2720 1053 illuxit
2744 995 3109 1050 humanitate.
3145 990 3390 1061 Spiritali
3428 988 3642 1059 gaudio
3682 1001 3750 1039 ac

472 772 609 825 llem
634 770 991 826 miraculum!
1025 789 1044 823 ι
1083 771 1215 839 Quis
1262 772 1519 841 loquetur
1555 771 1830 841 potentias
1860 771 2046 825 Domi-

473 860 557 917 ni.
586 860 804 915 auditas
853 859 1017 917 faciet
1069 876 1262 916 omnes
1310 861 1502 916 laudes
1549 862 1671 932 ejus
1716 862 1797 914 ‘5?
1831 880 1849 912 ι
1878 860 2050 916 Nobis

474 952 619 1008 enim
646 952 995 1008 adversarios
1033 953 1088 1008 in
1113 964 1303 1010 nostra
1336 954 1515 1024 coegit
1564 962 1776 1021 castra;
1810 969 1876 1010 ac
1908 954 2052 1010 veri-

476 1053 643 1099 tatem
664 1059 732 1099 ex
770 1045 889 1115 ejus
924 1045 1184 1110 ini-micis,
1214 1045 1381 1099 armis
1415 1045 1611 1100 instrui
1655 1046 1880 1115 placuit.
1904 1045 2049 1101 Con-

472 1137 737 1191 fundatur
756 1137 1065 1201 Nestorius,
1084 1138 1178 1207 qui
1202 1138 1512 1209 virgineum
1539 1145 1757 1208 partum
1788 1136 2046 1191 abolevit.

476 1230 686 1284 Pudeat
728 1229 939 1297 Arium,
980 1232 1075 1301 qui
1116 1231 1319 1285 trinam
1355 1230 1619 1285 unitatem
1668 1230 1877 1285 divisit.
1914 1229 2051 1285 Gra-

475 1322 581 1375 tias
603 1329 785 1377 autem
808 1322 916 1377 Deo
945 1338 1047 1391 pro
1078 1322 1429 1377 inenarrabili
1452 1322 1572 1391 ejus
1595 1320 1761 1385 dono,
1803 1340 1821 1371 ι
1866 1320 1961 1391 qui
1984 1320 2052 1375 de

476 1420 747 1481 potestate
785 1413 1140 1469 tenebrarum
1176 1428 1278 1468 nos
1314 1411 1595 1467 transtulit
1619 1411 1674 1465 in
1711 1426 1939 1481 regnum
1963 1410 2052 1465 Fi-

476 1504 536 1573 lii
565 1504 877 1560 dilectionis
913 1521 1023 1560 suae
1040 1506 1105 1559 οτ.
1135 1504 1353 1560 Gratias
1398 1504 1509 1559 Deo
1552 1519 1653 1574 pro
1700 1502 2053 1557 inenarrabili

478 1599 598 1668 ejus
624 1598 852 1663 dono”,
902 1598 998 1669 qui
1040 1598 1258 1654 vocavit
1302 1614 1403 1654 nos
1431 1598 1718 1653 vocatione
1772 1604 1957 1651 sancta
2001 1596 2055 1650 in

479 1690 897 1761 acquisitionem
924 1692 1113 1761 gloriae
1133 1694 1200 1756 ευ,
1216 1711 1232 1742 ι
1255 1691 1555 1760 vitamque.
1583 1690 1798 1745 Gratias
1816 1689 1929 1743 Deo
1949 1702 2050 1757 pro

482 1782 837 1849 inenarrabili
860 1784 981 1853 ejus
1013 1782 1179 1848 dono,
1216 1801 1234 1833 ι
1257 1782 1351 1852 qui
1385 1780 1668 1836 benedixit
1706 1795 1808 1834 nos
1832 1779 1888 1832 in
1932 1778 2051 1832 lau-

481 1873 605 1927 dem
629 1873 815 1943 glorim
842 1873 1032 1943 gratize
1059 1888 1192 1936 sum,
1230 1889 1338 1942 qua
1384 1870 1711 1943 gratiﬁcavit
1760 1885 1860 1924 nos
1896 1870 1951 1923 in
1979 1868 2058 1922 di-

481 1966 624 2022 lecto
659 1966 798 2020 Filio
852 1981 952 2020 suo
978 1966 1043 2018 ⁷ο.
1090 1985 1107 2017 ι
1162 1965 1377 2021 Gratias
1425 1966 1537 2021 Deo
1570 1980 1671 2035 pro
1702 1962 2057 2018 inenarrabili

2151 1094 2363 1149 ratione
2394 1090 2594 1146 festum
2617 1102 2842 1159 agamus
2868 1086 3035 1141 diem.
3082 1081 3252 1137 Multa
3275 1080 3343 1134 ad
3378 1079 3657 1149 pietatem
3680 1076 3749 1129 li-

2151 1186 2366 1240 bertate
2411 1190 2653 1236 utamur.
2715 1175 3091 1233 Libentissimi
3142 1172 3441 1243 gloriemur
3499 1168 3556 1222 in
3609 1167 3747 1221 ﬁdei

2152 1272 2517 1331 confessione.
2569 1271 2645 1325 De
2685 1265 2997 1324 Christiana
3028 1278 3129 1317 nos
3176 1261 3403 1315 veritate
3436 1260 3743 1329 jactemus.

2154 1365 2468 1435 Spiritalem
2505 1360 2921 1434 gloriationenn
2948 1355 3311 1411 celebremus.
3360 1351 3575 1407 Chorus
3645 1348 3745 1418 qui

2155 1466 2376 1512 sanctos
2396 1455 2628 1510 deceant
2667 1451 3086 1507 constituamus.
3113 1445 3424 1501 Clamemus
3448 1440 3751 1511 propheta:

2154 1565 2327 1604 voce:
2364 1545 2739 1616 «Cognoscite,
2779 1550 2991 1613 gentes,
3015 1547 3072 1593 et
3117 1534 3436 1597 vincimini;
3475 1530 3752 1587 exaudite

2158 1657 2332 1712 usque
2365 1640 2434 1695 ad
2468 1646 2779 1694 extremum
2808 1643 2989 1688 ιρι-ναξ.
3012 1629 3116 1697 Qui
3140 1625 3529 1698 prrevaluistis,
3558 1623 3750 1676 vinci-

2083 1719 2124 1773 B
2152 1733 2322 1799 mini;
2349 1747 2451 1787 nec
2473 1730 2705 1785 verbum
2738 1724 3106 1797 quodcunque
3152 1718 3323 1774 locuti
3362 1716 3584 1771 fueritis
3620 1730 3752 1768 ma-

2154 1836 2282 1882 neat
2314 1826 2369 1880 in
2394 1823 2573 1888 vobis,
2604 1821 2734 1892 quia
2784 1817 3075 1873 nobiscum
3108 1811 3332 1868 Deus".
3368 1830 3387 1862 ι
3430 1810 3543 1880 Ipsi
3566 1808 3755 1879 gloria

2160 1917 2216 1971 in
2243 1914 2440 1971 scecula
2465 1912 2809 1968 saeculorum.
2853 1907 3046 1962 Amen.

552 2118 597 2150 ⁸⁸
623 2118 762 2173 Psal.
800 2133 883 2179 cv,
908 2119 962 2172 2.
1038 2120 1083 2150 ⁶⁷
1110 2119 1319 2174 Coloss.
1354 2120 1482 2182 ι,15.
1558 2117 1602 2147 ⁸⁸
1630 2118 1674 2172 ll
1711 2117 1838 2172 Cor.
1875 2133 1950 2179 ix,
1994 2118 2060 2169 15

2160 2116 2201 2147 ³³
2230 2115 2274 2168 ll
2308 2115 2449 2168 Tim.
2474 2130 2512 2178 ι,
2537 2114 2599 2178 9;
2656 2112 2701 2166 ll
2756 2108 2950 2165 Thess.
2978 2123 3035 2173 ιι,
3078 2106 3163 2160 15.
3277 2105 3323 2135 ⁷ο
3350 2096 3731 2170 pres.l,5,6.

486 2191 527 2220 "
558 2188 715 2244 Joan.
752 2203 829 2252 ιιι,
864 2190 948 2244 16.
1028 2190 1072 2219 τ’
1103 2190 1148 2243 ll
1177 2188 1303 2244 Cor.
1333 2205 1384 2252 v,
1425 2189 1513 2242 2|.
1611 2188 1658 2219 ’⁷³
1685 2189 1786 2241 lsa.
1813 2204 1927 2253 vui,
1953 2188 2007 2251 9,
2042 2186 2060 2239 1

2160 2200 2265 2240 sec.
2300 2184 2460 2237 LXX.

559 2346 636 2418 (5)
675 2346 849 2416 Virg,
876 2344 1061 2413 Eclog.
1101 2361 1173 2409 IV,
1206 2359 1258 2397 v.
1288 2346 1343 2400 7.

2091 2527 2160 2535 —_

494 2662 727 2725 Catena
758 2659 1041 2724 Cramcri
1070 2659 1137 2719 in
1168 2657 1321 2717 Acta
1355 2655 1697 2735 apostolica
1736 2652 2168 2795 (Oxon.’ll§38j
2202 2652 2566 2794 fragmenta
2594 2650 2719 2710 tria
2756 2645 2868 2709 sub
2899 2645 3199 2707 Theodoti
3224 2643 3471 2704 nomine
3495 2641 3746 2704 exhibet

1818 2755 1951 2795 eum
2026 2754 2083 2795 te
2111 2752 2197 2795 sis
2232 2749 2406 2794 imus.

1818 2755 1951 2815 qum
1985 2749 2083 2796 mc
2111 2749 2406 2796 ststtmus.

2100 2926 2170 2937 ..-

564 3015 632 3076 ll,
669 3014 757 3067 17.
797 3014 906 3069 Καὶ
958 3013 1128 3068 ἔσται
1160 3012 1230 3065 ἐν
1279 3012 1410 3080 ταῖς
1467 3012 1751 3082 ἐσχάταις
1801 3015 2065 3084 ἡμέραις,
2173 3011 2425 3065 τεθεῖσαν
2476 3007 2556 3077 τῷ
2608 3006 2820 3077 βρέφει,
2851 3004 3060 3057 ἐκείνου
3112 3001 3394 3071 γεγονέναι
3425 3001 3623 3070 δηλῶν·
3656 3002 3752 3054 καὶ

494 3105 655 3174 λέγει
686 3108 720 3160 ό
752 3104 917 3171 Θεὸς,
945 3105 1137 3173 ἐκχεῶ
1169 3104 1285 3159 ἀπὸ
1315 3105 1423 3160 τοῦ
1458 3105 1800 3174 Πνεύματός
1820 3124 1941 3175 μου
1969 3108 2067 3161 ἐπὶ
2174 3107 2264 3159 τὸν
2294 3105 2458 3158 αὐτὸν
2485 3102 2647 3156 πάλιν
2681 3100 2970 3171 ἄνθρωπον
3005 3099 3163 3153 καλεῖ
3190 3100 3285 3153 καὶ
3307 3100 3549 3170 ἀρχηγὸν
3578 3117 3751 3169 προσ-

492 3196 703 3255 πᾶσαν
734 3194 954 3264 σάρκα.
2173 3194 2426 3265 αγορεύει
2471 3192 2640 3262 ζωῆςο
2666 3192 2757 3246 τὸν
2806 3191 2973 3244 αὐτὸν
3028 3192 3262 3261 ποιητήν
3325 3207 3385 3244 τε
3442 3191 3576 3260 ὁμοῦ
3640 3192 3753 3243 τῶν

567 3305 859 3361 θεοδότου
901 3306 1187 3375 Ἀγκύρας
1219 3304 1316 3376 (ί),
1384 3305 1544 3360 Ἀλλά
1600 3308 1708 3378 μὴν
1758 3308 1859 3361 οὐκ
1914 3304 2067 3362 εἶπεν
2174 3286 2428 3339 ἁπάντων
2487 3283 2701 3345 δεικνὺς
2761 3283 2853 3335 καὶ
2912 3280 3197 3351 ἄνθρωπον
3250 3281 3481 3335 θανάτου
3545 3284 3751 3349 γευσά-

499 3398 683 3461 ίδικῶς
708 3397 801 3453 τὸν
824 3396 1035 3468 καιρόνο
1077 3397 1239 3466 ἤρκει
1268 3399 1377 3469 γὰρ
1407 3399 1449 3467 ἡ
1468 3397 1562 3451 τοῦ
1584 3398 1899 3469 Πνεύματος
1918 3401 2070 3472 ὲνέρ-
2098 3421 2139 3480 C
2177 3395 2354 3449 μενον·

494 3507 623 3557 γεια
690 3489 839 3561 καὶὴ
866 3489 1356 3562 παρακολουθοῦσα
1402 3490 1523 3545 θεία
1560 3490 1791 3562 δύναμις
1832 3491 2070 3563 δηλῶσαι

496 3580 590 3634 τὸν
617 3580 1017 3651 σημαινόμενον
1052 3580 1265 3651 καιρόν·
1289 3580 1349 3644 δς
1380 3579 1448 3634 δι’
1469 3581 1651 3635 αὐτῶν
1678 3582 1788 3634 τῶν
1814 3583 2073 3654 πραγμά-

497 3694 607 3731 των
656 3676 893 3747 ἐδείχθη,
930 3676 959 3729 ὀ
986 3678 1079 3729 ἐπὶ
1118 3676 1228 3730 τῶν
1270 3676 1607 3729 ’Λποστόλων
1646 3676 1926 3747 ὑπάρχων.
1955 3678 2072 3730 Δεί-

498 3783 691 3821 κνυται
720 3766 829 3838 ἀρα
857 3766 946 3819 διά
977 3766 1196 3820 πάντων
1225 3767 1432 3821 ἐκεῖνον
1460 3762 1599 3820 εἶναι
1644 3766 1736 3820 τὸν
1785 3768 1936 3839 παρὰ
1974 3768 2071 3821 τοῦ

498 3859 782 3929 προφήτου
826 3858 1117 3930 εἰρημένον
1146 3859 1338 3929 καιρόν
1360 3875 1376 3891 σ
1424 3859 1486 3912 οὐ
1523 3858 1630 3930 γὰρ
1660 3858 1936 3925 δύνανται,
1969 3860 2073 3914 κᾶν

497 3950 947 4019 ἀναισχυντῶσιν,
966 3951 1241 4003 ἀντειπεῖν
1279 3948 1457 4019 τούτῳ
1484 3950 1535 4007 οἱ
1577 3949 1839 4003 Ἰουδαῖον
1868 3949 1932 4002 οὐ
1963 3950 2073 4021 γὰρ

498 4041 715 4111 ἔχουσιν
740 4038 926 4109 ἕτερον
959 4039 1222 4104 ἐπιδεῖξαι
1269 4038 1459 4109 καιρὸν
1501 4041 1633 4109 παρ’
1657 4039 1887 4105 ἐκεῖνον,
1915 4040 2000 4109 ὲφ*
2028 4033 2074 4107 ᾧ

497 4129 673 4185 ταῦτα
704 4129 886 4200 ἐξέϐη.

570 4244 663 4309 Ill,
696 4244 785 4308 l5,
818 4242 905 4298 16.
950 4241 1061 4297 Τὸν
1095 4242 1164 4296 δὲ
1192 4242 1461 4312 ἀρχηγὸν
1495 4242 1609 4312 τῆς
1633 4242 1779 4311 ζωῆς
1801 4244 2073 4298 ἀπεκτεί-

498 4353 643 4393 νατε
674 4353 689 4365 ·
740 4336 812 4390 ὃν
869 4337 904 4391 ό
964 4334 1108 4400 Θεὸς
1162 4335 1399 4405 ἤγειρεν
1436 4335 1505 4389 ἐκ
1530 4333 1777 4404 νεκρῶν*
1803 4330 1877 4392 οὗ
1906 4335 2076 4406 ἡμεῖς

497 4428 794 4499 μάρτυρές
822 4428 1027 4497 ἐσμενο
1057 4426 1157 4481 καί
1188 4427 1287 4482 ἐπὶ
1316 4427 1392 4497 τῇ
1415 4427 1617 4482 πίστει
1648 4426 1757 4483 τοῦ
1789 4427 2078 4498 ὀνόματος

500 4519 712 4585 αὐτοῦ,
744 4518 960 4574 τοῦτον
981 4518 1056 4572 ὃν
1080 4518 1347 4588 θεωρεῖτε
1375 4518 1475 4573 καὶ
1500 4518 1723 4585 οιδατε,
1749 4519 2078 4589 ἐστερέωσε

500 4605 572 4658 τὸ
598 4603 787 4675 ὄνομα
812 4604 1021 4659 αὑτοῦ.

2242 3512 2383 3574 Xlll,
2424 3512 2511 3566 40.
2556 3509 2813 3565 Βλέπετε
2842 3502 2955 3562 οὖν
2974 3506 3062 3576 μὴ
3093 3506 3318 3575 ἐπέλθῃ
3347 3507 3407 3560 τὸ
3432 3507 3752 3574 εἰρημένον

2171 3607 2240 3660 ὲν
2267 3605 2392 3669 τοῖς
2422 3602 2776 3673 προφήταις,
2824 3599 2998 3663 ῑδετε,
3048 3602 3101 3653 oi
3144 3598 3587 3668 καταφρονηταὶ.
3634 3600 3743 3652 καὶ

2173 3696 2535 3766 θαυμάσατε,
2566 3695 2664 3748 καί
2690 3693 3083 3763 ἀφανίσθητε·
3110 3691 3200 3744 ὅτι
3225 3691 3401 3759 ἔργον
3427 3689 3537 3761 ἐγὼ
3568 3690 3747 3760 tim-ci-

2174 3790 2336 3859 ζομαι
2367 3790 2437 3843 ἐν
2465 3788 2595 3855 ταῖς
2629 3786 2879 3856 ἡμέραις
2906 3784 3092 3854 ὑμῶν.

2246 3902 2534 3959 Θεοδότου
2572 3902 2882 3971 Ἀγκύρας.
2924 3896 3110 3952 Ταῦτα
3151 3898 3253 3969 μὲν
3285 3895 3576 3969 προφανῶς
3604 3897 3752 3950 δοκεῖ

2175 3995 2354 4064 λέγειν
2379 3992 2685 4064 ἱστορικῶςο
2708 3994 2741 4062 ἡ
2763 3991 2822 4045 δὲ
2840 3990 2949 4045 τῶν
2972 3990 3151 4061 ῥητῶν
3173 3989 3350 4043 ἔννοιά
3369 3991 3485 4043 ὲστι
3504 3987 3747 4056 τοιαὺτηο

2187 4085 2319 4139 Ἀπὸ
2340 4086 2439 4155 τῆς
2467 4086 2580 4139 τῶν
2608 4084 2812 4158 κριτῶν
2843 4081 3060 4145 ἀδικίας
3091 4081 3185 4135 ἐπὶ
3218 4080 3515 4150 καθολικὴν
3546 4081 3750 4132 οἰκονο·

2179 4178 2308 4249 μίαν
2340 4179 2368 4232 ὁ
2399 4178 2682 4249 προφήτης
2715 4176 3037 4248 Ἀμὸακοῦμ
3090 4174 3183 4227 τὸν
3234 4174 3394 4242 λόγον
3443 4173 3747 4241 ἀπήγαγενο

2176 4271 2251 4334 ὡς
2279 4269 2389 4322 τῶν
2416 4268 2589 4333 οὕτως
2634 4269 2867 4339 ἑχόντων
2915 4266 3257 4339 πραγμάτων
3294 4264 3611 4335 θαυμαστῆς
3633 4264 3751 4316 δεοο

2181 4361 2357 4433 μένων
2385 4360 2720 4431 ἐπιμελείας,
2779 4358 3187 4428 ὲκπληττούσης
3238 4356 3333 4410 καὶ
3388 4354 3754 4426 ἀφανιζοὺσης

2177 4452 2303 4515 τοὺς
2323 4450 2763 4521 καταφρονητάςο
2796 4448 2957 4502 ποίαν
2978 4447 3023 4500 δ’
3044 4447 3123 4510 ,ἂν
3154 4446 3403 4515 εἴποιμεν
3433 4444 3755 4514 θαυμαστὴν

2178 4544 2573 4615 ἐπιμέλειαν,ῆ
2605 4543 2701 4615 τὴν
2726 4542 2814 4596 διὰ
2857 4543 2956 4612 τῆς
2998 4540 3094 4596 τοῦ
3147 4536 3387 4613 Χριστοῦ
3444 4534 3755 4605 οἰκονομίας

2180 4637 2272 4690 καὶ
2301 4636 2594 4706 ἐπιδημίας
2622 4634 2957 4705 γενομένην·
2996 4634 3054 4685 ὲν
3195 4628 3619 4700 προηγουμένως
3654 4626 3756 4694 μὲν

575 4718 869 4774 Θεοδότου
899 4719 1237 4774 ἐπισκόπου
1281 4721 1577 4789 Ἀγκύρας.
1619 4722 1729 4775 Καὶ
1772 4723 1879 4793 μὴν
1924 4726 1953 4777 ὁ
1979 4724 2079 4792 τῆς
2112 4756 2156 4810 D
2180 4728 2306 4789 τοὺς
2344 4727 2611 4797 χαλεποὺς
2643 4724 2906 4796 ὑϐριστὰς
2929 4723 3028 4793 τῆς
3062 4721 3340 4793 ἡμετέρας
3384 4716 3756 4810 φύσεως-δαί·

503 4810 653 4879 ζωῆς
684 4810 844 4881 ἡμῶν
876 4810 1117 4882 ἀρχηγός
1161 4811 1308 4864 ἔστιν
1360 4810 1650 4877 ἀθάνατος,
1704 4812 1821 4866 ἀλλ’
1863 4814 2080 4878 ἐνωθεὶς
2116 4807 2140 4810 ⁷
2186 4835 2351 4887 μονας
2381 4819 2665 4887 ἠφάνισεν·
2697 4816 2992 4887 ἐχαλίνωσε
3022 4814 3079 4867 δὲ
3116 4813 3211 4866 καὶ
3229 4811 3329 4881 τὴν
3350 4809 3579 4869 ἀδικίαν,
3607 4807 3753 4865 ὃπω,

505 4902 585 4973 τῷ
610 4901 788 4973 Θνητῷ
812 4900 1152 4971 ἀπεκτάνθη,
1176 4902 1360 4973 φησίνο
1387 4904 1421 4974 ἡ
1444 4903 1554 4975 γὰρ
1580 4905 1716 4976 πρὸς
1736 4906 1869 4961 Θεὸν
1887 4907 2080 4970 ἓνωσις
2185 4908 2443 4980 πληρωθῇ
2508 4907 2569 4960 τὸ
2612 4888 2695 4960 ”ὲν
2759 4906 3009 4976 Ψαλμοῖς
3046 4902 3365 4975 εἰρημένον
3404 4916 3426 4951 ί
3468 4896 3755 4965 ’Λνάσηθι

506 4995 608 5048 οὐκ
645 4994 869 5065 ἀφίησιν
899 4996 980 5059 είς
1005 4994 1293 5065 ἄνθρωπον
1338 4996 1501 5067 μόνον
1544 4997 2080 5069 περιγράφεσθαιτά
2188 5017 2207 5050 ι
2238 4998 2434 5069 Κύριε,
2498 4998 2574 5068 μὴ
2627 4990 3006 5069 κραταιοῦσθω
3064 4993 3373 5064 ἄνθρωπος,
3410 4987 3756 5059 κριθήτωσαν

509 5087 827 5159 παθήματα·
857 5088 946 5144 διὰ
978 5087 1137 5142 τοῦτο
1163 5086 1226 5158 δὴ
1249 5086 1340 5142 τὸν
1373 5090 1639 5161 μονογενῆ
1670 5090 1799 5145 Υίὸν
1824 5092 1919 5144 τοῦ
1943 5091 2079 5145 Θεοῦ
2192 5110 2210 5141 ι
2240 5090 2368 5160 ἔθνη
2398 5089 2627 5143 ἐνώπιόν
2664 5104 2779 5143 σουο
2825 5088 3193 5157 κατάστησον,
3228 5084 3425 5153 Κύριε,
3459 5077 3756 5151 νομοθέτην

511 5177 667 5233 καλεῖ
706 5179 933 5249 Ἰησοῦν·
963 5179 1064 5249 τὴν
1090 5182 1462 5253 προσηγορίαν
1493 5184 1593 5252 τὴν
1626 5185 1691 5237 ὲκ
1720 5184 1819 5253 τῆς
1859 5182 2081 5253 Μαρίας
2191 5201 2209 5232 ι
2241 5182 2329 5234 ἐπ’
2357 5180 2574 5245 αὐτούς*
2603 5180 2897 5249 γνώτωσαν
2927 5178 3055 5248 ἔθνη
3077 5179 3159 5231 ὅτι
3221 5173 3499 5245 ἄνθρωποί
3530 5171 3690 5226 εἰσιν.
3734 5188 3752 5221 ι

585 5329 661 5397 (ί)
695 5330 970 5406 Θεοδώρου
1000 5336 1149 5401 cod.,
1187 5337 1282 5392 sed
1310 5337 1425 5391 vid.
1460 5336 1625 5392 Fabr.
1656 5335 1719 5390 B.
1760 5335 1851 5393 Cr.
1893 5345 1931 5391 t.
1972 5333 2066 5401 1x,
2105 5349 2159 5404 p.
2193 5332 2318 5389 269.
