4048 6210
447 289 585 346 ηδε

1629 287 1833 345 PAULI
1869 283 2167 342 EMESEN!
2202 283 2507 342 EPISCOPI

3540 279 3698 334 “.36

444 401 612 457 nobis
636 408 798 456 natus
830 409 935 464 est,
962 401 1016 454 in
1040 414 1149 469 quo
1174 399 1428 453 universa
1448 398 1679 454 visibilis
1702 399 2008 454 invisibilis-

2117 398 2202 465 ἐφ’
2234 391 2279 465 ᾧ
2310 398 2460 450 πᾶσα
2500 397 2534 467 ή
2564 394 2817 467 ὁρωμένη
2860 392 2953 447 καὶ
2980 392 3211 463 ἀόρατος
3248 391 3421 456 κτίσις
3454 392 3693 462 βεϐαίας

442 504 552 558 que
577 497 832 544 creatura
868 490 1100 544 solidam
1128 491 1321 544 salutis
1366 505 1518 560 spem
1558 491 1793 547 obtinet.
1834 490 2011 545 llodie

444 581 862 647 supernaturale
897 582 1253 649 puerperium
1285 582 1489 644 editur,
1514 592 1570 637 et
1624 585 1871 655 Virginis
1910 600 2011 638 nu-

444 667 682 734 ptiarum
706 669 949 737 expertis
974 670 1209 724 solvitur
1232 680 1445 740 partus.
1470 670 1515 726 Ο
1565 687 1682 727 rem
1726 673 2010 727 admiran-

444 756 602 809 dam!
636 758 784 812 Parit
807 759 993 829 Virgo,
1018 769 1075 815 et
1097 769 1286 827 manet
1310 763 1495 833 virgo:
1527 763 1588 818 ﬁt
1609 773 1804 829 mater,
1831 779 2012 833 neque

443 848 629 901 omnia
660 856 864 914 tamen,
886 866 1007 920 qua:
1023 862 1228 908 matres
1250 854 1449 918 solent,
1474 856 1775 924 experitur.
1792 856 2013 924 Peperit

442 940 589 992 enim
621 948 680 993 ut
704 942 976 997 matribus
1009 958 1127 998 mos
1183 954 1288 1009 est,
1326 945 1482 1015 virgo
1525 954 1709 999 tamen
1749 945 2013 1000 remansit

443 1041 644 1098 prmler
666 1033 959 1086 mulierum
985 1035 1414 1103 parturientium
1439 1019 1635 1106 legem.
1691 1037 1805 1091 Hoc
1846 1037 2012 1090 mira-

443 1121 628 1173 culum
664 1122 793 1175 olim
819 1125 1087 1193 propheta
1108 1126 1275 1181 Isaias
1301 1127 1608 1197 pmvidens
1636 1128 2007 1183 exclamabat:

450 1228 469 1260 ι
494 1210 631 1265 Ecce
650 1212 803 1282 virgo
838 1214 894 1266 in
924 1222 1084 1270 utero
1118 1216 1365 1281 habebit,
1395 1225 1451 1271 et
1488 1217 1667 1286 pariet
1721 1216 1917 1280 ﬁlium,
1952 1223 2011 1271 et

441 1302 731 1355 vocabitur
753 1318 950 1358 nomen
974 1306 1094 1375 ejus
1123 1307 1448 1362 Emmanuel
1474 1309 1515 1361 ’.
1536 1328 1555 1359 ι
1588 1308 1744 1374 Quod
1776 1322 2010 1377 evange-

445 1391 569 1445 lista
607 1408 905 1463 exponens,
938 1396 1082 1451 idem
1125 1413 1324 1453 sonare
1365 1399 1575 1465 docuit,
1631 1399 1799 1470 quod,
1825 1399 2011 1453 Nobis-

444 1499 563 1535 cum
598 1483 788 1539 Dcus’.
826 1488 974 1544 Parit
1022 1488 1207 1559 itaque
1253 1490 1351 1545 Dei
1398 1491 1636 1561 genitrix
1664 1491 1831 1545 Maria
1883 1492 2011 1544 Em-

443 1576 775 1630 manuelem.

513 1664 756 1733 Populus
770 1667 1093 1722 acclamavit
1117 1686 1129 1722 :
1157 1670 1298 1724 Ecce
1334 1669 1471 1725 ﬁdes
1501 1670 1620 1725 haec
1647 1679 1754 1735 est,
1779 1671 1877 1726 Dei
1901 1671 2008 1726 hoc

2113 488 2211 551 τὰς
2256 488 2478 551 ἐλπίδας
2540 490 2637 562 τῆς
2697 486 2970 557 σωτηρίας
3016 485 3299 554 κέκτηται.
3363 486 3619 555 Σήμερον
3654 486 3689 552 ἠ

2113 579 2398 651 ὑπερφυὴς
2424 579 2611 632 λύεται
2645 577 2851 648 λοχεία,
2886 575 2980 628 καὶ
3009 574 3108 644 τῆς
3130 573 3509 643 ἀπειρογάμου
3531 574 3691 642 Παρο

2112 670 2267 724 θένου
2295 670 2510 725 λύονται
2542 672 2598 725 αἱ
2628 670 2836 734 ὠδῖνες.
2860 669 2924 720 Ὢ
2950 665 3044 720 τοῦ
3076 665 3387 736 θαύματοςι
3434 665 3631 717 Tincta:
3654 666 3689 732 ή

2111 762 2409 834 Παρθένος,
2450 764 2544 818 καὶ
2584 762 2735 834 μένει
2768 761 3038 832 παρθένος
3062 776 3074 788 ·
3104 759 3313 828 γίνεται
3346 758 3547 827 μήτηρ,
3584 758 3691 807 καὶ

2108 853 2170 905 ού
2200 854 2376 908 πάντα
2395 854 2465 907 τὰ
2489 854 2694 925 μητρὸς
2718 852 2962 923 ἀκριϐῶς
2988 850 3270 921 ὑπομένει.
3295 849 3485 901 Ἔτεκε
3518 847 3546 885 ι)
3576 846 3689 914 μὲν

2109 942 2217 1013 γὰρ
2245 944 2320 1007 ὡς
2348 945 2509 1015 νόμος
2530 944 2825 1013 γυναιξὶνή
2848 943 3142 1013 Παρθένος,
3177 940 3359 1011 ἔμεινε
3388 938 3442 991 δὲ
3470 936 3687 1007 παρθέ-

2110 1048 2220 1097 νος,
2256 1033 2329 1097 ὡς
2351 1035 2412 1086 ού
2445 1035 2608 1105 νόμος
2633 1037 2755 1098 ταῖς
2779 1038 3096 1096 τικτούσαις
3125 1030 3391 1100 γυναιξίν.
3432 1026 3685 1080 Ἀνωθεν

2111 1125 2495 1196 προορώμενος
2521 1127 2551 1178 ὁ
2577 1127 2866 1198 προφήτης
2896 1126 3127 1186 Ἡσαΐας
3168 1123 3230 1176 τὸ
3272 1121 3477 1190 θαῦμα,
3507 1119 3644 1170 ὲὸὁα
3665 1137 3678 1147 ι

2114 1232 2134 1265 ι
2183 1213 2317 1268 Ἰδοὺ
2345 1217 2378 1284 ἠ
2406 1216 2683 1285 Παρθένος
2706 1217 2763 1268 ὲν
2785 1215 2985 1285 γαστρὶ
3014 1212 3149 1277 ἕξει,
3185 1212 3279 1264 καὶ
3293 1210 3507 1277 τέξεται
3532 1208 3677 1271 υἱὸν,

2108 1304 2203 1355 καὶ
2236 1304 2603 1358 καλέσουσιτὸ
2619 1306 2787 1375 ὄνομα
2832 1304 2996 1358 αὐτοῦ
3040 1300 3406 1373 Ἐμμανουήλ.
3445 1319 3463 1351 ι
3499 1298 3684 1352 Τοῦτο

2107 1393 2388 1464 διασαφῶν
2460 1396 2489 1448 ὁ
2545 1396 2936 1467 εύαγγελιστὴς
2982 1392 3133 1448 εἶπεν
3216 1394 3676 1463 ἑρμηνευόμενον,

2105 1490 2247 1541 Μεθ’
2270 1486 2440 1557 ἡμῶν
2461 1492 2493 1543 d
2519 1490 2876 1556 Θεός.Τίκτει
2907 1489 3001 1544 οῦν
3029 1491 3064 1561 ή
3093 1488 3351 1551 Θεοτόκος
3378 1485 3564 1555 Μαρία
3582 1484 3683 1536 τὸν

2119 1575 2485 1648 Ἐμμανουήλ.

2186 1667 2443 1738 Ἐὁόησεν
2498 1668 2713 1731 ὁλαός·
2771 1669 2836 1723 Ἦ
2889 1668 3071 1733 πίστις
3121 1668 3229 1721 ίδοὺ
3283 1665 3421 1737 αὕτη
3452 1676 3475 1705 α
3516 1666 3678 1719 ἐστί·

443 1753 649 1810 donum
676 1767 781 1822 est,
824 1760 1131 1816 orthodoxe
1173 1762 1403 1833 Cyrille:
1454 1764 1598 1818 istud
1631 1764 1824 1820 audire
1861 1781 2008 1835 quae-

2109 1756 2244 1810 Θεοῦ
2271 1736 2464 1829 δῶρον,
2497 1758 2731 1831 Κύριλλε
2771 1758 3017 1830 ὁρθόδοξε
3035 1773 3049 1786 ⁸
3104 1758 3261 1810 τοῦτο
3289 1756 3520 1810 ἀκοῦσαι
3549 1757 3681 1826 seu-

445 1846 839 1916 rebamus.Qui
876 1853 949 1907 ita
970 1869 1080 1907 non
1109 1854 1375 1923 loquitur,
1424 1855 1718 1911 anathema
1740 1856 1830 1911 sit.
1879 1856 2011 1911 Pro-

443 1946 665 1994 secutus
699 1952 784 1995 est
806 1944 1101 2014 episcopus
1133 1947 1366 2000 Paulus:

513 2030 616 2096 Qui
648 2033 721 2086 ita
746 2050 854 2088 non
899 2035 1054 2099 dicit,
1091 2037 1369 2108 intelligit,
1400 2053 1463 2093 ac
1489 2038 1677 2101 sentit,
1717 2039 2008 2094 anathema

444 2123 517 2176 sit
542 2123 612 2177 ab
642 2125 905 2182 Ecclesia.
930 2130 1151 2199 Peperit
1180 2131 1412 2201 proinde
1440 2130 1599 2186 nobis
1624 2131 1858 2201 Deipara
1894 2132 2007 2186 Ma-

443 2215 526 2269 ria
548 2216 995 2274 Emmanuelem:
1062 2224 1474 2277 Emmanuelcm
1507 2232 1713 2289 autem,
1750 2225 1853 2279 hoc
1899 2233 2006 2289 est,

444 2305 614 2361 Deum
652 2304 935 2365 hominem
970 2312 1195 2366 factum.
1247 2314 1381 2367 Nam
1428 2316 1573 2370 Deus
1600 2314 1863 2381 Verbum,
1912 2317 2006 2386 qui

440 2406 570 2453 ante
606 2400 801 2454 saecula
850 2416 1051 2456 arcano
1097 2403 1470 2473 inell‘abilique
1519 2406 1682 2460 modo
1726 2423 1790 2460 ex
1847 2408 2006 2461 Patre

440 2489 657 2559 genitus
690 2500 776 2546 est
834 2494 1154 2548 novissimis
1213 2474 1555 2566 te'mporibus
1603 2507 1765 2552 natus
1806 2507 1891 2553 est
1938 2513 2004 2551 ex

440 2581 673 2637 muliere
690 2582 732 2637 ⁸.
746 2583 952 2638 Natura
976 2600 1213 2655 namque
1234 2595 1420 2641 nostra
1439 2589 1681 2658 perfecte
1701 2599 2004 2657 assumpta,

442 2669 896 2745 humanitateque
927 2691 996 2730 ex
1018 2677 1201 2746 prima
1235 2679 1594 2748 conceptione
1621 2680 1725 2734 sibi
1781 2681 2009 2751 conjun-

439 2771 546 2829 cta,
578 2780 641 2819 ac
675 2776 868 2821 nostro
901 2781 1133 2837 corpore
1165 2769 1269 2823 sibi
1297 2770 1351 2822 in
1374 2772 1638 2839 templum
1684 2772 2004 2836 fabrefacto,

436 2870 506 2909 ex
538 2856 767 2925 Deipara
794 2858 1018 2928 Virgine
1051 2859 1192 2914 Deus
1221 2861 1520 2929 perfectus,
1549 2874 1605 2917 et
1621 2864 1785 2918 homo
1817 2864 2007 2917 itidem

438 2946 715 3014 perfectus
745 2948 969 3017 prodiit.
999 2950 1135 3004 Nam
1166 2951 1400 3006 duarum
1452 2962 1773 3008 naturarum
1829 2954 2006 3023 perfe-

2107 1847 2327 1918 τοῦμεν.
2379 1850 2438 1901 '0
2461 1850 2622 1902 τοῦτο
2658 1850 2731 1919 μὴ
2754 1849 2949 1918 λέγων,
2980 1847 3226 1918 ἀνάθεμα
3259 1846 3416 1900 ἔστω.
3471 1845 3680 1900 Λοιπὸν

2108 1936 2260 1994 εἶπεν
2298 1943 2326 1993 ὁ
2344 1942 2642 2005 ἐπίσκοπος
2668 1941 2880 2005 Παῦλος
2902 1958 2917 1974 ·

2187 2032 2247 2085 Ὀ
2295 2031 2455 2085 τοῦτο
2485 2032 2559 2103 μὴ
2592 2032 2788 2099 λέγων,
2834 2032 2928 2085 καὶ
2953 2031 3112 2094 νοῶν,
3150 2029 3245 2083 καὶ
3271 2027 3500 2098 φρονῶν,
3536 2026 3675 2079 ἀνὰι

2107 2123 2248 2193 θεμα
2274 2122 2412 2175 ἔστω
2435 2123 2542 2176 ἀπὸ
2580 2125 2680 2193 τῆς
2725 2122 3071 2192 Ἐκκλησίας.
3111 2122 3335 2174 Ἐτεκεν
3365 2115 3457 2172 οῦν
3474 2119 3606 2187 ἡμῖν
3634 2118 3673 2184 ἡ

2106 2215 2370 2279 Θεοτὸκος
2400 2216 2590 2287 Μαρία
2634 2216 2727 2269 τὸν
2765 2216 3147 2287 Ἐμμανουήλ·
3197 2213 3541 2285 Ἐμμανουὴλ
3588 2213 3670 2275 δὲ,

2106 2309 2239 2361 Θεὸν
2303 2308 2823 2381 ἐνανθρωπήσαντα.
2876 2308 2932 2361 Ὁ
2965 2308 3076 2378 γὰρ
3107 2306 3210 2376 πρὸ
3235 2306 3341 2358 τῶν
3369 2304 3579 2358 αἰώνων
3607 2305 3671 2354 ἐκ

2107 2402 2322 2471 Πατρδς
2371 2401 2625 2471 ἀρρήτως
2658 2400 2753 2453 καὶ
2800 2399 3190 2469 ἀνεκφράστως
3218 2396 3496 2467 γεννηθεὶς
3539 2394 3671 2456 Θεὸς

2107 2494 2302 2558 Λόγος.
2333 2493 2418 2545 ἐπ’
2447 2492 2694 2561 ἐσχάτων
2729 2490 2838 2543 τῶν
2868 2489 3094 2561 ἡμερῶν
3126 2488 3369 2541 τίκτεται
3393 2488 3456 2539 ὲκ
3485 2503 3669 2553 γυναιο

2107 2584 2221 2646 κός.
2273 2584 2383 2654 Τὴν
2416 2583 2526 2655 γὰρ
2553 2582 2828 2654 ἡμετέραν
2880 2581 3100 2643 τελείως
3145 2578 3444 2648 ἀνειληφὼς
3490 2577 3666 2646 φύσιν,

2107 2677 2202 2729 καὶ
2233 2675 2294 2728 τὸ
2324 2675 2664 2746 ἀνθρώπινον
2686 2674 2713 2714 ἀ
2741 2677 2806 2727 ὲκ
2842 2672 3068 2744 πρώτης
3110 2672 3420 2741 συλλήψεως
3460 2668 3667 2722 οἰκειώ-

2110 2784 2208 2830 σας
2237 2764 2437 2835 ἐαυτῷ,
2479 2766 2574 2819 καὶ
2606 2766 2666 2819 τὸ
2712 2764 2981 2835 ἡμέτερον
3016 2764 3175 2833 σῶμα
3206 2763 3332 2815 ναὸν
3363 2761 3541 2830 ἑαυτῷ
3566 2779 3667 2813 κα-

2106 2858 2606 2927 τασκευασάμενος,
2660 2856 2928 2928 προῆλθεν
2992 2857 3056 2907 ἐκ
3109 2854 3207 2923 τῆς
3242 2852 3503 2907 θεοτόκου
3540 2851 3671 2912 Θεὸς

2106 2948 2334 3011 τέλειος,
2389 2948 2484 3001 καὶ
2531 2948 2814 3019 ἅνθρωπος
2862 2945 3065 3009 τέλειος
3114 2945 3146 3007 ῥ
3198 2944 3381 3006 αὐτός.
3436 2944 3537 2995 Δύο
3568 2940 3673 3010 γὰρ

437 3047 651 3092 ctarum
711 3056 1035 3103 concursus,
1094 3043 1348 3099 humanm
1404 3046 1620 3100 scilicet
1683 3054 1739 3101 ct
1784 3045 2001 3109 divinrc,

2108 3040 2322 3107 φύσεων
2338 3039 2558 3092 τελείων
2577 3038 2871 3109 συνδρομὴ,
2893 3035 3166 3108 θεότητος,
3184 3036 3347 3107 φημὶ,
3363 3036 3455 3089 καὶ
3466 3032 3675 3105 ἀνθρω-

438 3146 609 3183 unum
623 3131 783 3185 nobis
800 3133 1085 3187 constituit
1099 3134 1490 3200 Filium,unum
1506 3134 1808 3201 Christum,
1832 3152 2002 3190 unum

2108 3132 2364 3199 πότητος,
2390 3131 2479 3183 τὸν
2507 3130 2605 3183 Eva
2633 3132 2766 3200 ἡμῖν
2797 3130 3117 3182 ἀπετέλεσεν
3134 3128 3283 3192 Υἱὸν,
3310 3127 3401 3181 τὸν
3425 3128 3518 3179 ἕνα
3532 3127 3667 3195 Χρι-

438 3221 750 3276 Dominum.

508 3314 750 3382 Populus
802 3316 1125 3371 acclamavit
1169 3335 1182 3371 :
1224 3317 1370 3373 Bene
1403 3317 1642 3383 venisti,
1695 3318 2003 3373 orthodoxe

436 3404 724 3475 cpiscope:
755 3405 952 3477 dignus
976 3408 1143 3479 digno
1174 3410 1549 3480 coniungitur.
1606 3412 1809 3466 Dicunt
1847 3411 2006 3467 Chri—

437 3494 602 3550 stiani
637 3514 650 3550 :
674 3497 787 3553 Hoc
811 3499 909 3553 Dei
934 3498 1139 3555 donum
1167 3509 1272 3567 est,
1302 3500 1606 3557 orthodoxe
1632 3502 1852 3575 Cyrille.
1878 3505 2007 3574 Epi-

437 3601 638 3656 scopus
658 3588 859 3644 Paulus
891 3591 1175 3659 subiunxit
1196 3610 1208 3644 :

499 3674 699 3729 Noram
725 3684 781 3730 et
808 3692 931 3747 ego,
969 3678 1336 3746 dilectissimi,
1362 3682 1507 3750 quod
1528 3682 1595 3737 ad
1638 3682 2006 3738 orthodoxum

437 3759 656 3816 Patrem
691 3765 959 3819 venirem.
1004 3766 1195 3836 Neque
1253 3768 1401 3823 enim
1446 3785 1547 3824 nos
1578 3770 2006 3839 quaternitatcm

434 3850 747 3918 adoramus,
776 3855 870 3909 sed
900 3856 1247 3924 Trinitatem,
1276 3860 1495 3914 Patrem
1530 3860 1810 3926 videlicet,
1841 3872 1897 3916 ct
1919 3862 2008 3916 Fi—

434 3939 669 4004 lium,et
699 3939 966 4011 Spiritum
991 3954 1265 4000 sanctum.
1311 3947 1416 4013 Qui
1447 3965 1581 4004 vero
1623 3950 1816 4005 dicunt
1867 3952 2008 4007 duos

431 4046 555 4086 csse
593 4029 755 4097 ﬁlios,
788 4049 883 4089 eos
914 4036 1465 4103 anathematizamus,
1491 4049 1546 4094 et
1566 4055 1597 4095 e
1621 4041 1795 4096 sacris
1820 4042 2007 4096 Eccle-

432 4121 529 4176 sia:
559 4123 728 4193 septis
749 4125 1115 4194 explodimus.
1142 4129 1262 4183 Non
1293 4130 1463 4200 igitur
1506 4131 1646 4187 duos
1675 4132 1817 4187 ﬁlios
1858 4148 2008 4188 asse-

432 4210 626 4276 rimus,
650 4229 829 4283 neque
864 4230 1078 4270 merum
1125 4216 1403 4273 hominem
1441 4220 1880 4286 Emmanuelem,
1911 4222 2005 4291 qui

427 4318 499 4357 ex
535 4305 770 4375 Deipara
804 4306 1028 4377 Virgine
1048 4316 1211 4364 natus
1235 4318 1356 4376 est;
1380 4327 1560 4381 neque
1599 4314 1855 4383 gratiam,
1892 4314 2007 4368 vel-

2109 3222 2255 3283 στδν,
2283 3222 2374 3275 τὸν
2407 3222 2501 3275 ἕνα
2537 3221 2762 3293 Κύριον.

2188 3312 2380 3375 Ὀλαος
2396 3312 2591 3381 ἐϐόησε
2609 3328 2621 3341 ·
2650 3313 2844 3374 Καλῶς
2868 3307 3053 3382 ἦλθες,
3091 3310 3338 3381 ὀρθὸδοξε
3369 3310 3629 3363 ἐπίσκοπε
3651 3324 3667 3339 ·

2107 3408 2136 3459 ὁ
2165 3404 2313 3468 ἄξιος
2354 3404 2433 3474 τῷ
2470 3403 2623 3474 ἀξίῳ.
2649 3404 2966 3473 Χριστιανοὶ
3004 3402 3257 3471 λέγουσι’
3303 3401 3438 3455 Θεοῦ
3477 3402 3670 3472 δῶρον,

2108 3494 2343 3566 Κύριλλε
2372 3494 2639 3567 ὀρθόδοξε.
2678 3495 2737 3548 Ὀ
2765 3494 3061 3557 ἐπίσκοπος
3085 3493 3297 3558 Παῦλος
3321 3489 3469 3547 εἶπεν
3491 3509 3505 3524 ·

2181 3671 2368 3742 ’Πδειν
2402 3669 2577 3738 κάγὼ,
2612 3670 2906 3740 ἀγαπητοὶ,
2946 3669 3023 3733 ὡς
3070 3670 3206 3741 πρὸς
3239 3669 3512 3741 ὀρθόδοξον
3556 3668 3659 3735 ἀφ-

2112 3765 2306 3836 ικόμην
2327 3765 2567 3835 Πατέρα.
2588 3763 2685 3817 Διά
2700 3763 2858 3817 τοῦτο
2876 3764 3101 3833 Τριάδα,
3123 3763 3183 3816 οὐ
3201 3763 3430 3833 τετράδα
3444 3780 3671 3833 προσκυ-

2107 3857 2328 3929 νοῦμεν,
2364 3859 2603 3929 Πατέρα,
2624 3858 2718 3910 καὶ
2746 3857 2897 3919 Υἱὺν,
2919 3855 3013 3909 καὶ
3042 3855 3267 3927 Πνεῦμα
3301 3855 3468 3924 ἅγιον.
3511 3855 3667 3906 Ἀνα-

2109 3950 2470 4021 θεματίζομεν
2516 3949 2573 4002 δὲ
2620 3950 2746 4012 τοὺς
2771 3948 3029 4017 λέγοντας
3069 3948 3162 4002 δύο
3201 3949 3373 4012 υἱοὺς,
3423 3948 3519 4001 καὶ
3562 3948 3677 3999 τῶν

2108 4042 2270 4113 ίερῶν
2294 4042 2394 4111 τῆς
2438 4039 2767 4109 Ἐκκλησίας
2798 4039 3134 4110 ἐκϐάλλομεν
3176 4039 3498 4111 περιϐόλων.
3532 4038 3671 4092 Οὔτε

2106 4132 2201 4187 οῦν
2245 4133 2339 4186 δύο
2384 4133 2534 4195 υἱοὺς
2584 4131 2838 4202 λέγομεν,
2887 4131 3009 4186 οὔτε
3055 4132 3210 4203 ψιλὸν
3257 4132 3541 4203 ἄνθρωπον
3582 4132 3674 4184 τὸν

2120 4225 2488 4298 Ἐμμανουὴλ,
2529 4224 2618 4278 τὸν
2647 4226 2712 4277 ἐκ
2740 4224 2840 4294 τῆς
2875 4225 3137 4279 Θεοτόκου
3174 4225 3521 4295 γεννηθέντα,
3550 4225 3671 4277 οὔτε

2106 4318 2325 4388 χάριτος
2378 4316 2706 4386 ἠξιωμένον,
2757 4316 2833 4379 ὡς
2889 4317 3193 4388 προφήτην,
3232 4317 3267 4388 ἢ
3320 4317 3397 4381 ὡς
3446 4319 3673 4376 δίκαιον.

430 4395 513 4450 uti
550 4397 878 4466 prophetam
896 4401 1218 4470 autjustum
1244 4402 1508 4473 aliquem,
1562 4405 1689 4475 plus
1721 4406 1846 4462 aliis
1871 4422 2006 4463 con-

2108 4410 2269 4465 πλέον
2298 4408 2407 4462 τῶν
2432 4408 2630 4463 ἄλλων.
2662 4427 2682 4461 ι
2726 4410 2815 4462 Ἐν
2848 4409 2997 4479 αὐτῷ
3039 4409 3149 4481 γὰρ
3182 4408 3451 4481 ηὐδόκησε
3495 4428 3671 4463 κατοι-

427 4492 702 4539 secutum.
747 4503 766 4536 ι
792 4486 848 4540 In
881 4486 1001 4556 ipso
1024 4489 1171 4543 enim
1189 4492 1757 4562 complacuitomaem
1801 4494 2002 4551 divini-

2111 4503 2280 4573 κῆσαι
2305 4503 2414 4554 πᾶν
2444 4499 2505 4555 τὸ
2539 4499 2814 4573 πλήρωμα
2836 4500 2935 4571 τῆς
2976 4501 3228 4573 θεότητος
3265 4501 3609 4572 σωματικῶς,
3645 4520 3663 4550 ι

429 4572 561 4628 tatis
587 4573 987 4643 plenitudinem
1042 4579 1354 4638 inhabitare
1385 4584 1750 4654 corporaliter
1771 4586 1815 4653 ⁸,
1843 4605 1862 4638 ι
1895 4586 2001 4644 hoc

2108 4572 2408 4658 τουτέστιν,
2442 4592 2518 4656 ὡς
2561 4572 2786 4664 ἐνίίδίῳ
2833 4593 3074 4664 σώματιο
3120 4594 3183 4647 τὸ
3225 4594 3335 4663 γὰρ
3384 4593 3667 4664 ἡμέτερον,

425 4673 532 4729 est,
559 4667 725 4721 veluti
764 4668 819 4722 in
853 4671 1077 4740 preprio
1131 4688 1397 4743 corpore;
1453 4676 1731 4748 siquidem
1801 4694 2003 4752 corpus

2108 4686 2238 4739 ἴδιον
2266 4685 2562 4756 ἐποιήσατο
2596 4683 2778 4754 σῶμα.
2826 4684 2949 4738 Ἐπὶ
2985 4685 3157 4755 ταύτῃ
3188 4687 3255 4756 τῇ
3299 4686 3481 4737 πίστει
3520 4683 3668 4736 τεθε-

428 4761 679 4848 nostrum
729 4756 834 4812 sibi
886 4761 1170 4830 proprium
1207 4763 1358 4820 fecit.
1405 4765 1585 4837 Super
1618 4768 1763 4826 hanc
1813 4770 2001 4840 ﬁdem,

2110 4776 2370 4848 μελίωται
2418 4777 2453 4847 ἡ
2518 4774 2815 4847 Ἐκκλησία
2874 4776 2967 4829 τοῦ
3015 4777 3187 4829 Θεοῦ·
3239 4776 3335 4829 ἐπὶ
3383 4775 3552 4848 ταύτῃ
3601 4778 3670 4845 τῇ

427 4858 597 4913 super
622 4846 765 4902 hanc
801 4858 1013 4919 petram
1060 4854 1345 4911 aDomino
1386 4857 1501 4913 Deo
1536 4859 1715 4929 posita
1745 4870 1876 4918 sunt
1898 4863 2002 4919 Ec-

2108 4846 2422 4941 προσδοκίᾳ,
2442 4846 2544 4921 Ῠὲπὶ
2579 4846 2786 4939 ταύτης
2813 4868 2914 4939 τῆς
2946 4881 2970 4909 ο
3005 4868 3208 4940 πέτρας
3242 4867 3394 4921 ἔθετο
3412 4868 3480 4921 τὰ
3512 4846 3673 4937 θεμέ-

428 4936 611 4992 εΙεείτε
644 4938 1021 4997 fundamenta.
1053 4943 1189 5000 Cum
1238 4947 1405 5017 igitur
1451 4949 1706 5008 Christus
1737 4953 2003 5012 Dominus

2108 4936 2196 5017 λια
2255 4936 2749 5032 τῆςΠΞκκλησίας⁷
2789 4963 2818 5015 ὁ
2870 4936 3148 5031 Δεσπότης
3194 4962 3348 5024 Θεός.
3389 4960 3516 5013 Ὅτε
3577 4936 3675 5011 οὗν

431 5027 873 5095 proﬁcisceretur
895 5033 1344 5109 Hierosolymam,
1371 5040 1745 5114 interrogabat
1761 5045 2003 5117 discipu-

2108 5045 2268 5121 ἦλθεν
2283 5027 2602 5122 ἀΔεσπὸτης
2622 5051 2853 5122 Χριστὸς
2870 5050 2963 5103 ἐπὶ
2987 5051 3083 5104 τὰῐ
3103 5027 3472 5123 Ἰεροσόλυμα,
3485 5046 3674 5119 ἠρώτα

431 5118 514 5173 los
535 5136 684 5187 suos,
714 5124 935 5182 dicens:
963 5146 981 5179 ‹
1002 5128 1175 5195 Quem
1202 5147 1289 5187 me
1337 5132 1533 5190 dicunt
1587 5135 1838 5193 homines
1881 5153 2003 5194 esse

2108 5118 2235 5205 τοὺς
2268 5142 2535 5213 μαθητὰς,
2556 5118 2732 5210 λέγων
2750 5158 2763 5173 ⁸
2787 5160 2805 5194 ι
2836 5142 2970 5196 Τίνα
3002 5160 3069 5213 με
3087 5118 3337 5210 λέγουσιν
3362 5118 3410 5194 οἱ
3440 5139 3542 5192 υίοὶ
3563 5138 3676 5191 τῶν

434 5205 633 5266 Filium
660 5213 934 5273 hominis?
955 5238 974 5271 ι
1010 5222 1245 5291 apostoli
1263 5223 1552 5282 dixerunt:
1581 5245 1600 5278 ‹
1623 5227 1731 5283 Alii
1776 5230 2000 5299 quidem

2108 5205 2415 5303 ἀνθρὼπων
2437 5205 2575 5284 εἷναι
2600 5205 2691 5285 τον
2719 5230 2951 5285 Υίὸντοῦ
2986 5205 3085 5286 ἀνθ
3095 5205 3310 5303 ριῦπους
3337 5229 3598 5299 Λέγουσιν
3622 5228 3677 5280 ol
3734 5257 3755 5269 -

510 5364 531 5394 ’
557 5364 658 5419 lsa.
693 5383 785 5433 vn,
823 5370 907 5425 M.
988 5372 1008 5405 '
1030 5374 1221 5431 Matth.
1253 5392 1291 5444 ι,
1314 5377 1402 5432 23.
1479 5380 1500 5411 ⁸
1526 5379 1702 5436 Galat.
1729 5396 1803 5447 tv,
1824 5382 1877 5436 4.
1954 5381 2008 5432 at

2108 5398 2207 5438 oss.
2245 5399 2304 5449 ιι,
2327 5383 2380 5439 9.

1533 5536 1706 5594 Variae
1734 5538 1998 5595 lectiones
2022 5539 2226 5597 codicis
2260 5539 2617 5613 Seguieriani.

505 5680 534 5723 ι’
563 5678 763 5734 ἔτικτε.
841 5690 864 5720 ’³
894 5682 1054 5753 αὐτή.
1086 5684 1262 5742 Ἐστι.
1338 5689 1364 5730 d
1391 5689 1746 5759 ἀνθρώπειον.
1776 5758 1783 5767 γ
1827 5708 1847 5736 ο
1879 5695 1970 5750 ἐπὶ
2004 5698 2117 5767 τῆς.
2201 5695 2223 5737 ί
2254 5699 2378 5753 ὅταν
2413 5698 2494 5769 ᾔει
2522 5699 2549 5752 ὁ
2576 5697 2835 5769 δεσπότης
2868 5696 2992 5769 περὶ
3031 5696 3117 5752 τὰ.
