4048 6210
327 280 463 339 1437

1800 272 2122 332 ΙΙΟΜΙΙᾸᾸΕ.

3428 275 3568 333 1438

325 397 616 455 ἀπόστολοι
638 413 651 430 ο
681 415 700 449 ι
725 395 788 450 Oi
815 393 916 466 μέν
930 393 1140 460 Ἠλίαν,
1171 393 1346 464 ’έτεροι
1368 393 1724 466 δὲίερεμίαν,
1748 397 1780 467 ἢ
1802 398 1896 450 ἕνα

2011 395 2314 460 Eliam,alii
2331 409 2461 451 vero
2495 393 2814 457 Jeremiam,
2866 402 2963 448 aut
3001 408 3170 447 unum
3218 408 3285 448 ex
3328 392 3570 464 prophe-

324 493 434 547 τῶν
447 487 884 564 προφητῶν.Καὶ
898 485 1048 556 λέγει
1067 504 1083 520 ο
1116 486 1304 557 Ὑμεῖς
1330 488 1355 527 δ
1376 505 1394 538 ι
1410 487 1708 554 τουτέστιν,
1732 490 1766 558 ἡ
1787 489 1893 559 ἐμὴ

325 581 548 652 ἐκλογὴ,
577 579 675 642 τάς
711 575 1106 646 διεψευσμένας
1151 573 1338 643 λέγετε
1367 574 1546 641 δόξας,
1590 575 1671 629 ὅτι
1703 575 1754 628 oi
1797 576 1896 646 μὲν

337 672 524 725 Ἠλίαν
565 668 772 736 ἔλεγον,
806 667 987 738 ἐτεροι
1018 665 1076 718 δὲ
1110 665 1405 738 Ἰερεμίαν,
1439 666 1474 736 ἢ
1501 665 1597 720 ἕνα
1624 667 1735 721 τῶν
1773 684 1900 738 προ-

327 761 544 832 φητῶν
589 759 750 830 ὑμεῖς
796 757 878 825 δὲ,
930 757 982 810 οἱ
1027 756 1610 828 παρακολουθήσαντές
1656 774 1747 829 μοι
1773 758 1900 829 τρία

327 855 444 924 ἐτη,
479 851 578 906 καὶ
608 850 810 914 ἰδόντες
842 866 949 920 μου
992 849 1093 920 τὴν
1117 847 1368 920 δύναμιν,
1399 848 1496 902 καὶ
1524 847 1597 902 τὰ
1614 848 1896 919 τεράστια,

327 945 422 996 καὶ
473 939 804 1010 θεασάμενοί
845 957 914 1010 με
949 939 1043 992 ἐπὶ
1083 938 1361 1008 Θαλάσσης
1393 939 1821 1011 περιπατοῦντα,
1848 939 1900 993 οἱ

326 1027 614 1100 τραπεζῶν
646 1045 737 1098 μοι
781 1028 1234 1098 κοινωνήσαντες,
1283 1045 1304 1080 ι
1347 1028 1472 1084 τίνα
1501 1045 1570 1099 με
1604 1027 1821 1096 λέγετε;
1874 1048 1895 1080 ι

332 1119 550 1184 Εὐθέως
578 1121 607 1174 6
651 1120 952 1190 κορυφαῖος
987 1119 1096 1172 τῶν
1122 1118 1455 1183 ἀποστόλων,
1499 1121 1562 1173 τὸ
1593 1119 1766 1190 στόμα
1791 1120 1902 1175 τῶν

329 1208 606 1280 μαθητῶν,
649 1209 678 1262 6
726 1207 966 1281 Πέτρος·
1010 1227 1029 1260 ι
1063 1208 1136 1263 Σὺ
1166 1203 1220 1261 εἷ
1241 1211 1270 1263 6
1291 1209 1546 1280 Χριστὸς,
1580 1211 1610 1264 6
1639 1209 1766 1274 Υἱὸς
1805 1209 1901 1263 τοῦ

329 1298 467 1354 Θεοῦ
501 1299 596 1353 τοῦ
625 1297 829 1364 ζῶντος
849 1317 865 1332 ο
901 1317 922 1352 ι
949 1299 1014 1353 σὺ
1045 1293 1099 1352 εἶ
1121 1299 1150 1352 6
1177 1299 1433 1371 Χριστὸς,
1453 1301 1490 1371 ἡ
1523 1299 1675 1372 διττὴ
1715 1300 1900 1372 φύσις,

328 1388 357 1442 6
386 1387 846 1460 ἐνανθρωπήσας·
884 1407 904 1442 ι
944 1389 1018 1443 Σὺ
1049 1383 1104 1442 εἴ
1136 1389 1165 1442 6
1190 1389 1428 1460 Χριστός
1454 1405 1470 1419 ⁸
1523 1409 1544 1444 ι
1579 1390 1674 1445 καὶ
1701 1391 1802 1446 οὐκ
1833 1387 1906 1445 εἷ-

333 1494 456 1541 πεν,
491 1479 555 1531 Οἰ
587 1479 692 1532 υἰοὶ
714 1475 765 1543 ιι,
796 1478 912 1533 ἀλλ’
947 1497 966 1532 ι
1000 1479 1029 1533 6
1053 1478 1184 1542 Υίδς
1209 1479 1304 1534 τοῦ
1330 1479 1466 1535 Θεοῦ
1489 1479 1585 1534 τοῦ
1611 1480 1812 1545 ζῶντος
1831 1496 1845 1510 ’
1877 1498 1896 1532 ι

333 1571 547 1642 ἐπέγνω
571 1571 665 1625 καὶ
682 1571 745 1624 τὸ
781 1571 1066 1643 μοναδικδν
1093 1571 1400 1643 πρόσωπον.
1429 1573 1904 1646 Παρακαλέσωμεν

333 1659 427 1717 οῦν
451 1663 542 1718 τὸν
569 1664 808 1736 Πατέρα,
837 1664 935 1734 τὴν
968 1663 1172 1736 συνήθη
1196 1663 1521 1733 παραθεῖναι
1546 1665 1680 1735 ἡμῖν
1703 1664 1906 1736 τράπε-

335 1757 456 1820 ζαν,
486 1756 579 1810 καὶ
619 1757 687 1809 τὰ
733 1755 998 1823 πολυτελῆ
1044 1755 1138 1809 καὶ
1185 1755 1408 1810 ποικίλα
1445 1755 1540 1808 τοῦ
1593 1755 1906 1826 Πνεύματος

333 1846 478 1916 ὄψα*
525 1848 869 1918 στεφανῶσαι
930 1849 1020 1901 τὸν
1075 1848 1330 1920 κρατῆρα
1385 1848 1486 1918 τῆς
1528 1847 1900 1912 διδασκαλίας·

333 1940 428 1993 καὶ
474 1939 709 2010 μεθύσαι
738 1940 888 2010 ἡμᾶς
923 1939 1115 2010 μέθην,
1149 1938 1508 2011 σωφροσύνης
1553 1938 1786 2010 μητέρα.
1817 1938 1907 1992 Εἷ-

335 2045 548 2099 πωμεν,
586 2028 958 2101 Ἑξεγέρθητι,
991 2025 1035 2082 ὦ
1060 2030 1262 2100 Πάτερ,
1298 2048 1317 2082 ι
1355 2029 1692 2101 ἐξεγέρθητι,
1717 2032 1750 2101 ή
1778 2030 1906 2095 δόξα

338 2138 472 2190 μουο
501 2119 819 2190 ἐξεγέρθητι
862 2120 1178 2192 ψαλτήριον,
1211 2121 1307 2174 καὶ
1357 2120 1562 2191 κιθάρα
1601 2121 1697 2175 τοῦ
1749 2123 1906 2190 ἁγίου

335 2211 674 2282 Πνεύματος.
698 2229 718 2261 ›
737 2205 809 2282 ᾭ
839 2212 872 2281 ἡ
899 2209 1026 2278 δόξα
1041 2211 1134 2265 καὶ
1156 2211 1215 2265 τὺ
1237 2212 1440 2283 κράτος
1458 2212 1539 2277 εἰς
1563 2211 1689 2276 τοὺς
1705 2212 1908 2277 αἰῶνας

333 2302 444 2358 τῶν
477 2303 711 2358 αἰώνων.
758 2302 951 2373 Ἃμήν.

1072 2412 1152 2469 Β’.

342 2528 454 2584 Τοῦ
471 2528 666 2601 ,αὐτοῦ
679 2527 920 2601 opiﬁci,
946 2528 1234 2601 λεχθεῖσα
1255 2529 1327 2584 ἐν
1345 2531 1424 2600 τῇ
1434 2531 1668 2601 μεγάλῃ
1686 2531 1909 2601 ἐκκλη-

409 2600 514 2681 ςίςξ
540 2598 992 2681 Ἀλεξανδρέων,
1015 2598 1145 2681 Τιϐὶ
1174 2598 1340 2681 ἕκτῃ·
1488 2598 1576 2668 εἰς
1597 2598 1718 2681 ei}?
1730 2598 1909 2681 ἐνίαιὲ-

410 2668 717 2748 θρῶπηᾳιν
737 2668 843 2748 τοῦ
876 2668 1124 2748 Κυρίρυ,
1145 2670 1252 2748 ⁸καὶ
1277 2671 1553 2748 ξωτῆρος
1577 2668 1749 2748 ἡμῶν
1791 2674 1909 2738 Ἰη-

407 2738 524 2791 σοῦ
582 2738 879 2808 Χρισεοῦτ
943 2739 1044 2790 καί
1109 2740 1222 2808 εἰς,
1251 2739 1360 2793 τὸν
1429 2738 1911 2807 ἀρχιεπίσκοπον

407 2808 711 2875 Κύριλλον
735 2806 1048 2876 ἐγκώμιον.
1215 2806 1220 2808 “
1509 2806 1538 2807 “⁷
1849 2846 1851 2848 .

411 2919 613 2992 Πρώην
652 2918 790 2990 πρὸς
831 2917 934 2988 τὴν
961 2917 1238 2989 ὑμετέραν
1268 2917 1772 2991 ἀγωνιπικώτερον
1796 2918 1913 2972 δια-

339 3013 622 3084 λεγόμενοι
666 3011 910 3081 ἀγάπην,
963 3009 1139 3081 πέρας
1193 3009 1460 3064 ἐπιθεῖναι
1496 3009 1576 3082 τῷ
1631 3009 1775 3082 λόγῳ
1812 3010 1912 3064 οὐκ

345 3103 674 3176 ίσχύσαμενο
709 3101 1042 3173 στενοχωρία
1072 3100 1130 3154 δὲ
1176 3101 1288 3156 τῶν
1328 3099 1616 3172 ἡμετέρων
1663 3101 1910 3171 ἀδελφῶν
1936 3085 1979 3145 (ἶ

341 3195 542 3261 ἐξῶσεν
566 3195 716 3266 ἡμᾶς
736 3192 848 3247 τῶν
893 3193 1256 3264 σκαμμάτων.
1284 3193 1421 3264 Φέρε
1450 3187 1542 3247 οῦν
1585 3187 1740 3257 αὖθις
1783 3194 1913 3247 ἀπο-

341 3288 632 3359 δυσάμενοι
651 3288 694 3350 ί,
720 3283 828 3339 τῶν
849 3284 1027 3338 αὐτῶν
1059 3281 1325 3354 ἁψώμεθα
1348 3284 1761 3356 παλαισμάτων.
1780 3285 1836 3339 Ὀ
1855 3284 1912 3338 δέ

341 3381 586 3450 γενναῖος
613 3371 767 3441 οὗτος
792 3377 975 3448 πατὴρ
1000 3388 1014 3427 ι
1048 3376 1146 3431 καὶ
1175 3376 1532 3451 παιδοτρίϐης
1567 3378 1705 3448 ὅπερ
1731 3377 1859 3430 ποτέ
1883 3377 1911 3417 ιι

343 3473 536 3539 ἐποίει,
571 3472 667 3530 καὶ
699 3467 855 3536 αὖθις
881 3471 1133 3525 ποιείτω⁶
1168 3470 1401 3541 κρινέτω
1429 3471 1498 3524 τά
1533 3470 1908 3538 παλαίσματα.

344 3565 454 3620 Καὶ
477 3565 586 3637 γὰρ
610 3565 734 3618 τότε
764 3563 1155 3633 γεγαννυμένῳ
1181 3559 1200 3600 ι
1230 3561 1309 3631 τῷ
1343 3559 1640 3629 προσώπῳ,
1669 3559 1762 3611 καὶ
1782 3575 1910 3626 φαι-

341 3655 455 3727 δρῷ
479 3655 557 3726 τῷ
595 3654 910 3726 μειδιάματι
941 3653 1215 3706 ἐδείκνυτο
1243 3649 1449 3720 χαίρων
1478 3651 1589 3712 τοῖς
1618 3648 1792 3718 ἀγῶσι
1817 3646 1911 3700 τοῦ

345 3748 534 3810 παιδός
552 3763 566 3778 ⁶
598 3746 695 3799 καὶ
719 3744 912 3799 θαλλοῦ
949 3743 1106 3812 δίκην
1127 3740 1228 3811 τὴν
1256 3739 1438 3804 δεξιάν
1475 3741 1609 3810 ἡμῖν
1633 3738 1910 3804 ἐπισείων,

343 3839 502 3909 δῆλος
545 3832 613 3909 ἦν
662 3837 794 3908 ἡμῖν
825 3833 1131 3904 τιθέμενος,
1173 3831 1269 3884 καὶ
1313 3829 1596 3901 ἐπιθυμῶν
1623 3829 1713 3883 τὸν
1750 3829 1913 3883 παῖδα

345 3927 746 4001 ἀναρρηθῆναι,
789 3923 885 3978 καὶ
919 3922 1248 3994 στεφανίτην
1288 3922 1386 3978 καὶ
1431 3921 1660 3994 νικητὴν
1698 3922 1913 3976 ἀναδει-

347 4023 568 4094 χθῆναι.

432 4113 492 4164 '0
530 4111 658 4174 λαδς
717 4107 912 4178 ἐϐόησε
935 4119 950 4136 ⁸
977 4103 1114 4160 Θεοῦ
1143 4105 1315 4176 δῶρον
1343 4103 1614 4176 Κύριλλος
1655 4113 1728 4170 ιο,
1759 4105 1913 4171 ὅλους

348 4202 610 4274 ἐποίησας
649 4201 726 4265 ὼς
776 4199 1019 4254 σεαυτόν.
1078 4197 1140 4252 '0
1177 4197 1326 4263 ἄξιος
1353 4196 1431 4268 τῷ
1485 4197 1641 4269 ἀξίῳ.
1682 4198 1740 4251 Ὀ
1786 4197 1915 4262 λαὸς

348 4290 471 4348 εἶπε
491 4300 540 4360 ιι,
553 4292 675 4347 Τῶν
696 4290 1111 4346 ἐπισκόπωντδν
1128 4289 1359 4361 πατέρα,
1378 4288 1572 4359 Κύριε,
1593 4290 1783 4346 σῶσον.
1805 4291 1916 4344 Κα-

1998 489 2089 544 tis.
2112 489 2182 544 Et
2207 487 2345 542 dixit
2364 487 2504 541 illis:
2535 487 2642 541 Vos
2671 493 2854 539 autem
2891 485 2934 547 ⁸,
2959 503 2977 535 ›
3017 485 3122 538 hoc
3151 493 3255 548 est,
3294 485 3388 554 qui
3417 501 3447 539 a
3479 502 3568 540 me

1995 581 2159 636 electi
2177 580 2332 645 estis,
2351 579 2516 633 falsas
2547 576 2732 632 dicitis
2743 576 3053 646 opiniones,
3069 576 3216 644 quod
3233 575 3323 629 alii
3344 577 3566 645 quidem

1996 673 2171 728 Eliam
2187 672 2392 735 dicant,
2419 670 2512 724 alii
2550 668 2865 732 Jeremiam,
2894 675 2990 722 aut
3022 681 3194 722 unum
3233 681 3300 720 ex
3332 667 3568 736 prophe-

1999 765 2090 820 tis.
2115 765 2224 819 Vos
2248 773 2457 826 autem,
2494 761 2589 831 qui
2615 775 2702 814 me
2725 769 2838 814 tres
2882 760 2994 829 jam
3018 771 3192 812 annos
3219 756 3394 810 secuti
3413 757 3568 822 estis,

1998 857 2203 926 quique
2225 870 2400 910 meam
2424 853 2686 906 virtutem
2712 858 2770 904 et
2813 849 3066 919 prodigia
3102 847 3341 912 vidistis,
3383 857 3440 903 et
3482 864 3572 904 me

1999 960 2167 1015 super
2229 958 2381 999 mare
2440 941 2817 996 ambulantem
2868 939 3165 1009 spectastis
3195 979 3209 1005 ,
3267 948 3325 994 et
3369 940 3424 994 in
3476 956 3572 994 ca-

2000 1036 2124 1091 dem
2173 1049 2362 1088 mensa
2416 1046 2632 1086 mecum
2681 1030 3158 1096 communicastis,
3204 1049 3223 1080 ι
3257 1046 3422 1099 quem
3486 1047 3574 1086 me

2000 1141 2122 1182 esse
2148 1123 2363 1179 dicitis?
2387 1143 2404 1173 ι
2444 1122 2564 1177 Mox
2596 1122 2796 1176 Petrus
2841 1120 3215 1191 apostolorum
3259 1131 3472 1184 vertex,
3517 1129 3579 1176 et

2001 1231 2065 1272 os
2093 1214 2495 1284 discipulorum
2516 1211 2837 1282 respondit:
2878 1229 2896 1262 ι
2921 1209 3004 1264 Tu
3035 1225 3096 1265 es
3134 1209 3578 1265 ChristusFilius

2001 1310 2098 1366 Dei
2123 1309 2234 1364 vivi
2254 1311 2330 1362 ⁷.»
2358 1308 2438 1362 Tu
2457 1323 2518 1363 es
2547 1306 2802 1363 Christus
2825 1313 3024 1362 natura
3051 1313 3310 1360 constans
3328 1305 3570 1375 gemina,

2003 1411 2192 1472 utpote
2219 1402 2386 1456 homo
2429 1400 2628 1455 factus.
2652 1417 2670 1447 σ
2694 1398 2777 1452 Tu
2807 1413 2868 1452 es
2917 1396 3188 1452 Christus.
3217 1415 3236 1448 ι
3261 1396 3383 1450 Non
3433 1397 3580 1450 dixit

2003 1503 2208 1559 autem,
2243 1493 2368 1549 Filii
2411 1510 2425 1559 ;
2464 1491 2616 1556 sed,¢
2640 1491 2813 1546 Filius
2835 1489 2931 1544 Dei
2962 1489 3095 1544 vivi.
3124 1507 3142 1539 ι
3174 1487 3574 1559 Agnovitenim

2003 1599 2254 1654 persona:
2272 1583 2564 1638 unitatem.
2621 1583 2899 1652 Rogemus
2936 1581 3122 1648 itaque
3153 1579 3304 1632 hunc
3334 1579 3575 1637 Patrem,

2007 1684 2070 1730 ut
2094 1675 2313 1730 solitam
2341 1673 2504 1728 nobis
2527 1687 2773 1727 mensam
2808 1679 3069 1740 apponat,
3119 1668 3473 1739 pretiosaque
3515 1681 3580 1720 ac

2006 1767 2155 1821 varia
2182 1765 2422 1835 Spiritus
2469 1763 2647 1818 sancti
2691 1762 2946 1825 obsonia,
3000 1760 3268 1815 doctrinm
3305 1766 3577 1812 craterem

2005 1865 2256 1920 coronet,
2286 1871 2391 1910 nec
2422 1870 2534 1909 non
2564 1863 2626 1908 ut
2649 1868 2750 1908 nos
2779 1853 2870 1906 illa
2901 1853 3194 1916 ebrietate,
3227 1867 3346 1920 quae
3371 1850 3582 1905 sobrie-
3672 1887 3676 1896 .

2007 1949 2138 2003 tatis
2178 1957 2264 2003 est
2311 1956 2510 2011 mater,
2569 1945 2828 2001 inebriet.
2882 1946 3161 2000 Dicamus:
3219 1945 3485 2012 Exsurge,
3547 1958 3581 1996 ο

2004 2043 2185 2106 Pater,
2199 2062 2217 2092 ι
2233 2055 2490 2110 exsurge,
2508 2039 2679 2110 gloria
2705 2055 2826 2093 mea
2848 2057 2861 2104 ;
2885 2053 3140 2108 exsurge,
3160 2035 3507 2106 psalterium,
3527 2043 3584 2087 et

2006 2133 2249 2204 Spiritus
2281 2132 2456 2188 sancti
2484 2132 2697 2186 cithara
2724 2133 2766 2184 ⁸.
2795 2150 2813 2182 ι
2848 2129 2948 2184 Cui
2978 2129 3152 2199 gloria
3185 2134 3241 2182 et
3289 2124 3578 2195 imperium

2007 2223 2065 2279 in
2092 2223 2418 2280 saeculorum
2448 2223 2668 2278 szecula.
2699 2221 2893 2276 Amen.

2765 2421 2833 2477 II.

2011 2542 2268 2614 Ejusdem
2298 2540 2466 2614 Bauli
2498 2537 2721 2614 liomilia
2752 2531 3439 2614 iri_inagrzan_A_leaanai-i¢e
3481 2547 3585 2614 ,σοις

2082 2613 2265 2672 etesia,
2297 2610 2408 2662 Tibi
2456 2615 2606 2659 sex-ta
2666 2606 2749 2657 die
2784 2604 2882 2674 (1),
2916 2601 2970 2656 in
3028 2601 3223 2674 Christi
3281 2601 3588 2674 Dominirt

2082 2669 2380 2733 Saluatoris
2421 2677 2586 2728 nostri
2612 2669 2966 2739 nativitatem,
3020 2679 3067 2724 et
3092 2673 3149 2724 in
3184 2669 3371 2740 Cyrilli
3409 2670 3587 2722 archi-

2083 2748 2310 2818 episcopi
2337 2745 2546 2799 laudem
2573 2744 2733 2798 dicta.

2085 2939 2274 3009 Nuper
2302 2936 2446 3009 apud
2486 2934 2846 2991 dilectionem
2890 2941 3132 2988 vestram
3156 2930 3375 2986 enixius
3414 2930 3590 2985 disse-

2014 3039 2223 3095 rentes,
2257 3029 2420 3084 finem
2443 3027 2685 3084 sermoni
2712 3026 2998 3096 imponere
3022 3039 3136 3078 non
3162 3023 3459 3084 valuimus,
3491 3020 3588 3075 sed

2010 3132 2238 3194 propter
2269 3122 2499 3176 fratrum
2522 3127 2839 3174 nostrorum
2866 3115 3258 3185 frequentiam,
3276 3112 3593 3170 certaminis

2011 3215 2193 3271 locum
2239 3213 2500 3268 deserere
2540 3209 2811 3279 compulsi
2851 3222 3061 3262 sumus.
3111 3205 3220 3260 Sed
3258 3219 3377 3275 age,
3399 3217 3595 3256 rursus

2011 3308 2184 3371 exuti,
2232 3306 2376 3360 idem
2414 3311 2696 3357 certamen
2736 3301 2922 3355 denuo
2966 3307 3262 3352 tentemus.
3323 3296 3595 3349 Strenuus

2013 3406 2196 3451 autem
2223 3396 2317 3448 hic
2356 3395 2539 3456 Pater,
2566 3398 2623 3446 et
2653 3390 2920 3459 palaestrze
2955 3387 3122 3456 huius
3142 3383 3589 3454 magister,quod

2014 3493 2129 3538 tum
2160 3483 2414 3546 faciebat,
2440 3482 2610 3536 etiam
2639 3493 2790 3533 nunc
2809 3476 3002 3541 faciat;
3041 3475 3255 3546 iudicet
3308 3473 3376 3527 de
3417 3483 3594 3527 certa-

2012 3571 2275 3627 minibus.
2308 3570 2463 3624 Tunc
2488 3567 2637 3623 enim
2675 3565 2846 3620 alacri
2882 3563 3062 3626 vultu,
3088 3559 3402 3628 blandaque
3449 3557 3594 3612 arri—

2013 3664 2167 3719 sione
2181 3660 2337 3732 pueri
2357 3658 2656 3716 certamine
2680 3671 2738 3712 se
2760 3654 3025 3710 oblectari
3042 3651 3382 3712 declarabat,
3407 3649 3595 3704 dexte-

2013 3766 2242 3822 ramque
2264 3749 2434 3806 veluti
2465 3748 2624 3804 oliva:
2664 3760 2877 3800 ramum
2911 3741 3241 3803 obtendens,
3278 3755 3336 3793 se
3366 3753 3397 3792 a
3427 3737 3592 3792 nobis

2013 3853 2162 3899 stare
2185 3840 2548 3913 significabat,
2580 3848 2928 3907 puerumque
2971 3845 3134 3887 suum
3166 3826 3446 3899 praeconio
3470 3826 3592 3879 lau-

2013 3934 2154 4000 dari,
2190 3946 2504 4002 coronaque
2535 3926 2808 3994 redimiri,
2844 3939 2909 3980 ac
2929 3923 3200 3978 victorem
3243 3917 3512 3974 declarari
3535 3932 3595 3971 se

2015 4041 2220 4097 cupere
2240 4021 2674 4081 demonstrabat.

2083 4117 2324 4188 Populus
2343 4112 2691 4170 acclamavit:
2724 4107 2842 4166 Hoc
2872 4106 2973 4163 Dei
2994 4105 3203 4160 donum
3246 4109 3364 4165 est,
3410 4097 3594 4168 Cyril-

2015 4209 2099 4277 le;
2131 4223 2325 4265 omnes
2349 4203 2643 4262 reddidisti
2669 4202 2750 4259 tui
2777 4199 3021 4257 similes:
3049 4195 3251 4266 dignus
3268 4192 3434 4262 digno
3455 4203 3592 4243 con—

2011 4300 2283 4372 iungitur.
2309 4298 2552 4370 Populus
2591 4305 2720 4350 tuus
2750 4292 2928 4348 dixit:
2953 4288 3351 4358 Episcoporum
3379 4288 3624 4351 patrem,

349 4386 456 4452 λῶς
482 4382 668 4458 ἦλθες,
703 4384 969 4438 ἐπίσκοπε
1009 4382 1284 4455 ὀρθόδοξε,
1314 4383 1413 4454 τῆς
1434 4383 1757 4455 οἰκουμένης
1783 4401 1908 4438 παι-

2018 4409 2198 4459 serva,
2219 4392 2486 4448 Domine:
2534 4390 2678 4444 bene
2723 4382 2950 4448 venisti,
2987 4379 3248 4450 episeopo
3268 4372 3593 4431 orthodoxe,

348 4478 531 4533 δευτά.
567 4477 626 4530 '0
655 4473 927 4530 πιστεύων
956 4473 1122 4540 οὕτω,
1173 4474 1452 4544 φιλεῖταιο
1489 4475 1726 4544 μεγάλου
1769 4475 1916 4529 διδα-

351 4568 554 4624 σκάλου
596 4568 770 4642 μέγας
795 4575 818 4598 °
859 4565 1172 4637 ἐπαινέτης.
1244 4563 1303 4620 '0
1345 4564 1643 4630 ἐπίσκοπος
1708 4565 1916 4632 Παῦλος

352 4679 509 4716 ειπεν
526 4677 543 4694 ⁸

437 4751 853 4824 Ἐπανέλοωμεν
883 4744 978 4804 οῦν
1007 4749 1098 4804 ἐπὶ
1124 4749 1224 4821 τὴν
1256 4749 1517 4804 Θεοτόκον
1553 4749 1796 4821 Μαρίαν,
1823 4751 1919 4804 καὶ

353 4848 444 4901 τὸν
476 4845 537 4911 ἐξ
579 4845 751 4914 αὐτῆς
799 4843 1062 4914 τεχθέντα
1107 4839 1476 4912 Ἐμμανουήλ,
1521 4840 1610 4894 τὸν
1652 4841 1783 4895 Θεὸν
1827 4841 1918 4895 τὸν

353 4935 868 5004 ἐνανθρωπήσαντα.
902 4931 1100 4986 Ἕτεκε
1132 4932 1244 5002 γὰρ
1267 4932 1398 5002 ἡμῖν
1429 4932 1462 5000 ἡ
1507 4930 1785 5002 Παρθένος
1823 4930 1918 4985 τδν

367 5024 734 5096 Ἐμμανουήλ,
770 5024 912 5078 κατά
934 5023 1033 5095 μὲν
1054 5025 1154 5094 τὴν
1180 5022 1410 5095 θεότητα
1428 5022 1503 5094 τῷ
1531 5023 1703 5093 Πατρί⁵
1726 5021 1920 5092 όμοού-

428 5178 450 5209 ⁸
470 5175 661 5232 Matth.
684 5191 794 5242 xvr,
824 5174 1013 5230 {5-15.
1080 5173 1102 5205 '
1123 5171 1258 5228 ibid.
1291 5173 1378 5228 16.
1452 5170 1474 5202 "
1496 5173 1636 5228 Psal.
1662 5189 1767 5239 Lvr,
1798 5173 1852 5229 9.

2019 4484 2172 4540 orbis
2223 4492 2494 4538 terrarum
2543 4479 2760 4534 doctor.
2809 4473 2914 4541 Qui
2954 4461 3056 4526 sic.
3085 4465 3283 4530 credit,
3319 4460 3590 4531 diligitur,

2020 4572 2202 4644 magni
2226 4571 2472 4627 doctoris
2500 4582 2730 4640 magnus
2755 4563 3030 4621 laudator.
3054 4556 3364 4628 Episcopus
3389 4549 3594 4607 Paulus

2090 4751 2400 4808 Redeamus
2431 4750 2616 4821 itaque
2637 4747 2708 4804 ad
2757 4746 3048 4816 Deiparam
3098 4737 3340 4798 Mariam,
3384 4729 3593 4787 etEm-

2021 4843 2352 4910 manuelem,
2401 4842 2496 4912 qui
2522 4856 2588 4896 ex
2613 4856 2679 4896 ea
2713 4848 2878 4894 natus
2915 4843 3020 4898 est,
3065 4843 3265 4899 nempe
3313 4823 3380 4878 ad
3422 4821 3594 4876 Deum

2025 4935 2306 4991 hominem
2339 4935 2565 4990 factum.
2592 4931 2760 5002 Virgo
2823 4929 2969 4985 enim
2991 4923 3182 4997 [Maria
3229 4913 3419 4989 igitur]
3464 4913 3595 4966 Elli-

2025 5027 2333 5083 manuclem
2375 5025 2537 5082 nobis
2573 5021 2813 5095 peperit,
2843 5017 3145 5076 secundum
3180 5011 3422 5068 divinam
3468 5004 3600 5074 qui‘

1472 5287 1644 5342 Variae
1667 5287 1928 5343 lectiones
1961 5286 2170 5343 codicis
2193 5286 2556 5357 Seguieriani.

429 5425 455 5464 Β
486 5420 632 5491 λέγει
665 5419 873 5484 αὐτοῖς’
905 5421 1060 5491 ὑμεῖς
1085 5419 1173 5485 δέ;

357 5503 384 5531 ει
419 5492 543 5556 λαός
567 5507 664 5544 σου
691 5491 905 5562 εἴρηκε·

985 5421 1060 5484 ε’ίς
1085 5419 1173 5485 δέ;
1285 5420 1309 5461 δ
1335 5419 1467 5483 υἱός.
1576 5421 1591 5460 ί
1629 5419 1842 5489 άπωσάε

983 5497 1008 5525 °
1041 5490 1250 5560 μεγάλη
1280 5488 1613 5554 διδασκαλία,
1652 5489 1842 5558 μέγας.

1576 5421 1591 5460 ί
1629 5419 2001 5489 ἀπωσάμενοι.

2118 5433 2133 5474 ι
2172 5420 2334 5493 ἀνήρ.
2414 5420 2442 5460 ιι
2479 5418 2620 5474 τότε.
2707 5415 2727 5455 ι
2759 5408 3172 5485 γεγαννωμένῳ.
3268 5412 3309 5444 ιη
3337 5396 3591 5473 Κύριλλε.
3643 5405 3648 5409 ’

1881 5599 2106 5656 NOTAE.

433 5695 508 5767 (ι)
545 5695 702 5767 Apud
734 5711 834 5751 nos
865 5702 949 5749 cst
985 5694 1161 5766 prima
1196 5693 1454 5749 Ianuarii.
