  <div class='ocr_page' id='page_1' title='image "/cluster/home/n/w/nwhite01/storage/ocr_20150623/77/hvd.32044052822863/723.png"; bbox 0 0 4048 6210; ppageno 0'>
   <div class='ocr_carea' id='block_1_1' title="bbox 440 234 579 289">
    <p class='ocr_par' dir='ltr' id='par_1_1' title="bbox 440 234 579 289">
     <span class='ocr_line' id='line_1_1' title="bbox 440 234 579 289; baseline 0.007 -1"><span class='ocrx_word' id='word_1_1' title='bbox 440 234 462 288; x_wconf 75' lang='grc' dir='ltr'><strong>Ι</strong></span> <span class='ocrx_word' id='word_1_2' title='bbox 476 234 579 289; x_wconf 72' lang='grc'><strong>459</strong></span> 
     </span>
    </p>
   </div>
   <div class='ocr_carea' id='block_1_2' title="bbox 1634 239 2521 302">
    <p class='ocr_par' dir='ltr' id='par_1_2' title="bbox 1634 239 2521 302">
     <span class='ocr_line' id='line_1_2' title="bbox 1634 239 2521 302; baseline 0.009 -8"><span class='ocrx_word' id='word_1_3' title='bbox 1634 240 1762 296; x_wconf 73' lang='lat' dir='ltr'><strong>PAU</strong></span> <span class='ocrx_word' id='word_1_4' title='bbox 1773 241 1834 295; x_wconf 87' lang='lat' dir='ltr'><strong>Ll</strong></span> <span class='ocrx_word' id='word_1_5' title='bbox 1873 239 2171 297; x_wconf 81' lang='lat' dir='ltr'><strong>EMESENI</strong></span> <span class='ocrx_word' id='word_1_6' title='bbox 2212 244 2521 302; x_wconf 69' lang='lat' dir='ltr'><strong>EPISCOP}</strong></span> 
     </span>
    </p>
   </div>
   <div class='ocr_carea' id='block_1_3' title="bbox 3553 248 3721 304">
    <p class='ocr_par' dir='ltr' id='par_1_3' title="bbox 3553 248 3721 304">
     <span class='ocr_line' id='line_1_3' title="bbox 3553 248 3721 304; baseline 0.012 -2"><span class='ocrx_word' id='word_1_7' title='bbox 3553 248 3721 304; x_wconf 64' lang='grc'><strong>1440</strong></span> 
     </span>
    </p>
   </div>
   <div class='ocr_carea' id='block_1_4' title="bbox 435 348 2042 433">
    <p class='ocr_par' dir='ltr' id='par_1_4' title="bbox 435 348 2042 421">
     <span class='ocr_line' id='line_1_4' title="bbox 435 348 2042 421; baseline 0.007 -20"><span class='ocrx_word' id='word_1_8' title='bbox 435 348 563 402; x_wconf 90' lang='lat' dir='ltr'><strong>dem</strong></span> <span class='ocrx_word' id='word_1_9' title='bbox 610 356 863 402; x_wconf 87' lang='lat' dir='ltr'><strong>naturam</strong></span> <span class='ocrx_word' id='word_1_10' title='bbox 922 350 1071 405; x_wconf 84' lang='lat' dir='ltr'><strong>Patri</strong></span> <span class='ocrx_word' id='word_1_11' title='bbox 1105 353 1649 421; x_wconf 75' lang='lat' dir='ltr'><strong>consubstantialem,</strong></span> <span class='ocrx_word' id='word_1_12' title='bbox 1702 360 2042 419; x_wconf 58' lang='lat' dir='ltr'><strong>secundum,</strong></span> 
     </span>
    </p>
   </div>
   <div class='ocr_carea' id='block_1_5' title="bbox 2146 348 3719 433">
    <p class='ocr_par' dir='ltr' id='par_1_5' title="bbox 2149 361 3719 433">
     <span class='ocr_line' id='line_1_5' title="bbox 2149 361 3719 433; baseline 0.003 -19"><span class='ocrx_word' id='word_1_13' title='bbox 2149 380 2247 425; x_wconf 89' lang='grc' dir='ltr'>ιον,</span> <span class='ocrx_word' id='word_1_14' title='bbox 2300 363 2442 416; x_wconf 85' lang='grc' dir='ltr'><strong>κατά</strong></span> <span class='ocrx_word' id='word_1_15' title='bbox 2473 363 2529 416; x_wconf 75' lang='grc' dir='ltr'><strong>δὲ</strong></span> <span class='ocrx_word' id='word_1_16' title='bbox 2585 362 2683 432; x_wconf 75' lang='grc' dir='ltr'>τὴν</span> <span class='ocrx_word' id='word_1_17' title='bbox 2729 361 3132 432; x_wconf 66' lang='grc' dir='ltr'>ἀνθρωπότητα</span> <span class='ocrx_word' id='word_1_18' title='bbox 3180 363 3269 415; x_wconf 83' lang='grc' dir='ltr'><strong>τὸν</strong></span> <span class='ocrx_word' id='word_1_19' title='bbox 3319 361 3484 417; x_wconf 79' lang='grc' dir='ltr'>αὐτὸν</span> <span class='ocrx_word' id='word_1_20' title='bbox 3563 367 3719 433; x_wconf 75' lang='grc' dir='ltr'>ἡμῖν</span> 
     </span>
    </p>
   </div>
   <div class='ocr_carea' id='block_1_6' title="bbox 439 440 2003 506">
    <p class='ocr_par' dir='ltr' id='par_1_6' title="bbox 439 440 2003 506">
     <span class='ocr_line' id='line_1_6' title="bbox 439 440 2003 506; baseline 0.01 -14"><span class='ocrx_word' id='word_1_21' title='bbox 439 440 731 494; x_wconf 82' lang='lat' dir='ltr'><strong>humanam</strong></span> <span class='ocrx_word' id='word_1_22' title='bbox 775 456 907 495; x_wconf 85' lang='lat' dir='ltr'><strong>vero</strong></span> <span class='ocrx_word' id='word_1_23' title='bbox 946 444 1203 498; x_wconf 89' lang='lat' dir='ltr'><strong>eumdem</strong></span> <span class='ocrx_word' id='word_1_24' title='bbox 1246 447 1408 502; x_wconf 91' lang='lat' dir='ltr'><strong>nobis</strong></span> <span class='ocrx_word' id='word_1_25' title='bbox 1459 452 2003 506; x_wconf 85' lang='lat' dir='ltr'><strong>consubstantialem.</strong></span> 
     </span>
    </p>
   </div>
   <div class='ocr_carea' id='block_1_7' title="bbox 440 530 2006 612">
    <p class='ocr_par' dir='ltr' id='par_1_7' title="bbox 440 530 2006 612">
     <span class='ocr_line' id='line_1_7' title="bbox 440 530 2006 612; baseline 0.008 -27"><span class='ocrx_word' id='word_1_26' title='bbox 440 530 575 585; x_wconf 86' lang='lat' dir='ltr'><strong>Nam</strong></span> <span class='ocrx_word' id='word_1_27' title='bbox 607 533 885 599; x_wconf 90' lang='lat' dir='ltr'><strong>quomodo</strong></span> <span class='ocrx_word' id='word_1_28' title='bbox 906 534 1043 589; x_wconf 90' lang='lat' dir='ltr'><strong>alias</strong></span> <span class='ocrx_word' id='word_1_29' title='bbox 1072 536 1225 606; x_wconf 83' lang='lat' dir='ltr'><strong>virga</strong></span> <span class='ocrx_word' id='word_1_30' title='bbox 1257 536 1325 592; x_wconf 90' lang='lat' dir='ltr'><strong>de</strong></span> <span class='ocrx_word' id='word_1_31' title='bbox 1346 539 1528 593; x_wconf 87' lang='lat' dir='ltr'><strong>radice</strong></span> <span class='ocrx_word' id='word_1_32' title='bbox 1569 542 1722 597; x_wconf 84' lang='lat' dir='ltr'><strong>Jcsse</strong></span> <span class='ocrx_word' id='word_1_33' title='bbox 1748 543 1857 597; x_wconf 93' lang='lat' dir='ltr'><strong>dici</strong></span> <span class='ocrx_word' id='word_1_34' title='bbox 1878 560 2006 612; x_wconf 74' lang='lat' dir='ltr'><strong>pos~</strong></span> 
     </span>
    </p>
   </div>
   <div class='ocr_carea' id='block_1_8' title="bbox 439 625 2011 703">
    <p class='ocr_par' dir='ltr' id='par_1_8' title="bbox 439 625 2011 703">
     <span class='ocr_line' id='line_1_8' title="bbox 439 625 2011 703; baseline 0.01 -29"><span class='ocrx_word' id='word_1_35' title='bbox 439 632 522 676; x_wconf 83' lang='lat' dir='ltr'><strong>set</strong></span> <span class='ocrx_word' id='word_1_36' title='bbox 553 626 608 675; x_wconf 70' lang='lat'><strong>9?</strong></span> <span class='ocrx_word' id='word_1_37' title='bbox 638 625 913 692; x_wconf 88' lang='lat' dir='ltr'><strong>quomodo</strong></span> <span class='ocrx_word' id='word_1_38' title='bbox 952 626 1020 679; x_wconf 89' lang='lat' dir='ltr'><strong>de</strong></span> <span class='ocrx_word' id='word_1_39' title='bbox 1062 629 1271 683; x_wconf 90' lang='lat' dir='ltr'><strong>semine</strong></span> <span class='ocrx_word' id='word_1_40' title='bbox 1318 632 1593 699; x_wconf 83' lang='lat' dir='ltr'><strong>Abraham</strong></span> <span class='ocrx_word' id='word_1_41' title='bbox 1618 635 1703 686; x_wconf 77' lang='lat'><strong>‘°?</strong></span> <span class='ocrx_word' id='word_1_42' title='bbox 1737 636 2011 703; x_wconf 84' lang='lat' dir='ltr'><strong>quomodo</strong></span> 
     </span>
    </p>
   </div>
   <div class='ocr_carea' id='block_1_9' title="bbox 443 715 2012 791">
    <p class='ocr_par' dir='ltr' id='par_1_9' title="bbox 443 715 2012 791">
     <span class='ocr_line' id='line_1_9' title="bbox 443 715 2012 791; baseline 0.009 -25"><span class='ocrx_word' id='word_1_43' title='bbox 443 715 585 767; x_wconf 78' lang='lat' dir='ltr'><strong>ﬁlius</strong></span> <span class='ocrx_word' id='word_1_44' title='bbox 611 716 775 769; x_wconf 82' lang='lat' dir='ltr'><strong>David</strong></span> <span class='ocrx_word' id='word_1_45' title='bbox 810 717 888 768; x_wconf 79' lang='lat'><strong>“?</strong></span> <span class='ocrx_word' id='word_1_46' title='bbox 937 720 1213 785; x_wconf 89' lang='lat' dir='ltr'><strong>quomodo</strong></span> <span class='ocrx_word' id='word_1_47' title='bbox 1242 720 1640 791; x_wconf 78' lang='lat' dir='ltr'><strong>intelligeretur</strong></span> <span class='ocrx_word' id='word_1_48' title='bbox 1676 725 1808 778; x_wconf 90' lang='lat' dir='ltr'><strong>illud</strong></span> <span class='ocrx_word' id='word_1_49' title='bbox 1840 743 1853 778; x_wconf 95' lang='lat'><strong>:</strong></span> <span class='ocrx_word' id='word_1_50' title='bbox 1895 746 1910 775; x_wconf 82' lang='grc' dir='ltr'><strong>ι</strong></span> <span class='ocrx_word' id='word_1_51' title='bbox 1935 727 2012 780; x_wconf 76' lang='lat' dir='ltr'><strong>Ex</strong></span> 
     </span>
    </p>
   </div>
   <div class='ocr_carea' id='block_1_10' title="bbox 441 805 2013 883">
    <p class='ocr_par' dir='ltr' id='par_1_10' title="bbox 441 805 2013 883">
     <span class='ocr_line' id='line_1_10' title="bbox 441 805 2013 883; baseline 0.007 -26"><span class='ocrx_word' id='word_1_52' title='bbox 441 805 644 873; x_wconf 83' lang='lat' dir='ltr'><strong>quibus</strong></span> <span class='ocrx_word' id='word_1_53' title='bbox 667 806 919 859; x_wconf 84' lang='lat' dir='ltr'><strong>Christus</strong></span> <span class='ocrx_word' id='word_1_54' title='bbox 950 809 1251 862; x_wconf 88' lang='lat' dir='ltr'><strong>secundum</strong></span> <span class='ocrx_word' id='word_1_55' title='bbox 1306 822 1526 864; x_wconf 78' lang='lat' dir='ltr'><strong>carnem</strong></span> <span class='ocrx_word' id='word_1_56' title='bbox 1593 814 1686 881; x_wconf 89' lang='lat' dir='ltr'><strong>qui</strong></span> <span class='ocrx_word' id='word_1_57' title='bbox 1722 822 1807 867; x_wconf 87' lang='lat' dir='ltr'><strong>est</strong></span> <span class='ocrx_word' id='word_1_58' title='bbox 1849 830 2013 883; x_wconf 88' lang='lat' dir='ltr'><strong>super</strong></span> 
     </span>
    </p>
   </div>
   <div class='ocr_carea' id='block_1_11' title="bbox 444 897 2016 977">
    <p class='ocr_par' dir='ltr' id='par_1_11' title="bbox 444 897 2016 977">
     <span class='ocr_line' id='line_1_11' title="bbox 444 897 2016 977; baseline 0.01 -30"><span class='ocrx_word' id='word_1_59' title='bbox 444 897 627 950; x_wconf 88' lang='lat' dir='ltr'><strong>omnia</strong></span> <span class='ocrx_word' id='word_1_60' title='bbox 663 899 804 951; x_wconf 87' lang='lat' dir='ltr'><strong>Deus</strong></span> <span class='ocrx_word' id='word_1_61' title='bbox 833 899 951 950; x_wconf 65' lang='grc' dir='ltr'><strong>υἷ’»</strong></span> <span class='ocrx_word' id='word_1_62' title='bbox 983 900 1051 952; x_wconf 86' lang='lat' dir='ltr'><strong>Et</strong></span> <span class='ocrx_word' id='word_1_63' title='bbox 1086 900 1221 955; x_wconf 88' lang='lat' dir='ltr'><strong>illud</strong></span> <span class='ocrx_word' id='word_1_64' title='bbox 1287 918 1472 957; x_wconf 70' lang='lat' dir='ltr'><strong>ursum</strong></span> <span class='ocrx_word' id='word_1_65' title='bbox 1513 903 1657 959; x_wconf 81' lang='lat' dir='ltr'><strong>beati</strong></span> <span class='ocrx_word' id='word_1_66' title='bbox 1688 906 1835 961; x_wconf 86' lang='lat' dir='ltr'><strong>Pauli</strong></span> <span class='ocrx_word' id='word_1_67' title='bbox 1880 924 2016 977; x_wconf 89' lang='lat' dir='ltr'><strong>quo-</strong></span> 
     </span>
    </p>
   </div>
   <div class='ocr_carea' id='block_1_12' title="bbox 446 990 2018 1067">
    <p class='ocr_par' dir='ltr' id='par_1_12' title="bbox 446 990 2018 1067">
     <span class='ocr_line' id='line_1_12' title="bbox 446 990 2018 1067; baseline 0.007 -24"><span class='ocrx_word' id='word_1_68' title='bbox 446 990 611 1044; x_wconf 89' lang='lat' dir='ltr'><strong>modo</strong></span> <span class='ocrx_word' id='word_1_69' title='bbox 645 990 1166 1060; x_wconf 87' lang='lat' dir='ltr'><strong>interpretabimur:</strong></span> <span class='ocrx_word' id='word_1_70' title='bbox 1207 995 1322 1048; x_wconf 72' lang='lat' dir='ltr'><strong>«De</strong></span> <span class='ocrx_word' id='word_1_71' title='bbox 1371 994 1507 1049; x_wconf 85' lang='lat' dir='ltr'><strong>Filio</strong></span> <span class='ocrx_word' id='word_1_72' title='bbox 1550 1012 1671 1063; x_wconf 90' lang='lat' dir='ltr'><strong>suo,</strong></span> <span class='ocrx_word' id='word_1_73' title='bbox 1704 1000 1797 1067; x_wconf 88' lang='lat' dir='ltr'><strong>qui</strong></span> <span class='ocrx_word' id='word_1_74' title='bbox 1836 999 2018 1055; x_wconf 85' lang='lat' dir='ltr'><strong>factus</strong></span> 
     </span>
    </p>
   </div>
   <div class='ocr_carea' id='block_1_13' title="bbox 444 1082 2014 1158">
    <p class='ocr_par' dir='ltr' id='par_1_13' title="bbox 444 1082 2014 1158">
     <span class='ocr_line' id='line_1_13' title="bbox 444 1082 2014 1158; baseline 0.005 -23"><span class='ocrx_word' id='word_1_75' title='bbox 444 1089 531 1135; x_wconf 85' lang='lat' dir='ltr'><strong>est</strong></span> <span class='ocrx_word' id='word_1_76' title='bbox 562 1097 627 1134; x_wconf 78' lang='lat' dir='ltr'><strong>ex</strong></span> <span class='ocrx_word' id='word_1_77' title='bbox 656 1082 865 1135; x_wconf 88' lang='lat' dir='ltr'><strong>semine</strong></span> <span class='ocrx_word' id='word_1_78' title='bbox 888 1083 1057 1138; x_wconf 88' lang='lat' dir='ltr'><strong>David</strong></span> <span class='ocrx_word' id='word_1_79' title='bbox 1079 1085 1382 1138; x_wconf 88' lang='lat' dir='ltr'><strong>secundum</strong></span> <span class='ocrx_word' id='word_1_80' title='bbox 1406 1101 1647 1144; x_wconf 72' lang='lat' dir='ltr'><strong>carnem.</strong></span> <span class='ocrx_word' id='word_1_81' title='bbox 1672 1089 1765 1157; x_wconf 83' lang='lat' dir='ltr'><strong>qui</strong></span> <span class='ocrx_word' id='word_1_82' title='bbox 1802 1091 2014 1158; x_wconf 73' lang='lat' dir='ltr'><strong>prmde-</strong></span> 
     </span>
    </p>
   </div>
   <div class='ocr_carea' id='block_1_14' title="bbox 449 1171 2015 1247">
    <p class='ocr_par' dir='ltr' id='par_1_14' title="bbox 449 1171 2015 1247">
     <span class='ocr_line' id='line_1_14' title="bbox 449 1171 2015 1247; baseline 0.004 -22"><span class='ocrx_word' id='word_1_83' title='bbox 449 1171 687 1226; x_wconf 87' lang='lat' dir='ltr'><strong>stinatus</strong></span> <span class='ocrx_word' id='word_1_84' title='bbox 720 1182 804 1226; x_wconf 91' lang='lat' dir='ltr'><strong>est</strong></span> <span class='ocrx_word' id='word_1_85' title='bbox 824 1173 995 1227; x_wconf 93' lang='lat' dir='ltr'><strong>Filius</strong></span> <span class='ocrx_word' id='word_1_86' title='bbox 1021 1175 1117 1227; x_wconf 90' lang='lat' dir='ltr'><strong>Dei</strong></span> <span class='ocrx_word' id='word_1_87' title='bbox 1163 1174 1219 1229; x_wconf 89' lang='lat' dir='ltr'><strong>in</strong></span> <span class='ocrx_word' id='word_1_88' title='bbox 1252 1175 1457 1229; x_wconf 87' lang='lat' dir='ltr'><strong>virtute</strong></span> <span class='ocrx_word' id='word_1_89' title='bbox 1491 1178 1794 1231; x_wconf 91' lang='lat' dir='ltr'><strong>secundum</strong></span> <span class='ocrx_word' id='word_1_90' title='bbox 1838 1178 2015 1247; x_wconf 87' lang='lat' dir='ltr'><strong>Spiri-</strong></span> 
     </span>
    </p>
   </div>
   <div class='ocr_carea' id='block_1_15' title="bbox 450 1266 2017 1324">
    <p class='ocr_par' dir='ltr' id='par_1_15' title="bbox 450 1266 2017 1324">
     <span class='ocr_line' id='line_1_15' title="bbox 450 1266 2017 1324; baseline 0.003 -6"><span class='ocrx_word' id='word_1_91' title='bbox 450 1274 566 1319; x_wconf 90' lang='lat' dir='ltr'><strong>tum</strong></span> <span class='ocrx_word' id='word_1_92' title='bbox 621 1266 1071 1320; x_wconf 86' lang='lat' dir='ltr'><strong>sanctificationis</strong></span> <span class='ocrx_word' id='word_1_93' title='bbox 1134 1282 1202 1321; x_wconf 82' lang='lat' dir='ltr'><strong>ex</strong></span> <span class='ocrx_word' id='word_1_94' title='bbox 1243 1269 1647 1323; x_wconf 87' lang='lat' dir='ltr'><strong>resurrectione</strong></span> <span class='ocrx_word' id='word_1_95' title='bbox 1672 1278 2017 1324; x_wconf 89' lang='lat' dir='ltr'><strong>mortuorum</strong></span> 
     </span>
    </p>
   </div>
   <div class='ocr_carea' id='block_1_16' title="bbox 448 1355 2019 1430">
    <p class='ocr_par' dir='ltr' id='par_1_16' title="bbox 448 1355 2019 1430">
     <span class='ocr_line' id='line_1_16' title="bbox 448 1355 2019 1430; baseline 0.003 -19"><span class='ocrx_word' id='word_1_96' title='bbox 448 1355 580 1411; x_wconf 81' lang='lat' dir='ltr'><strong>Jesu</strong></span> <span class='ocrx_word' id='word_1_97' title='bbox 615 1357 824 1412; x_wconf 86' lang='lat' dir='ltr'><strong>Christi</strong></span> <span class='ocrx_word' id='word_1_98' title='bbox 872 1358 1089 1411; x_wconf 87' lang='lat' dir='ltr'><strong>Domini</strong></span> <span class='ocrx_word' id='word_1_99' title='bbox 1121 1360 1296 1413; x_wconf 85' lang='lat' dir='ltr'><strong>nostri</strong></span> <span class='ocrx_word' id='word_1_100' title='bbox 1325 1360 1444 1411; x_wconf 64' lang='grc' dir='ltr'><strong>αἳ»</strong></span> <span class='ocrx_word' id='word_1_101' title='bbox 1477 1360 1697 1429; x_wconf 87' lang='lat' dir='ltr'><strong>Peperit</strong></span> <span class='ocrx_word' id='word_1_102' title='bbox 1720 1361 1903 1430; x_wconf 85' lang='lat' dir='ltr'><strong>itaque</strong></span> <span class='ocrx_word' id='word_1_103' title='bbox 1930 1378 2019 1416; x_wconf 84' lang='lat' dir='ltr'><strong>sa-</strong></span> 
     </span>
    </p>
   </div>
   <div class='ocr_carea' id='block_1_17' title="bbox 451 1448 2023 1521">
    <p class='ocr_par' dir='ltr' id='par_1_17' title="bbox 451 1448 2023 1521">
     <span class='ocr_line' id='line_1_17' title="bbox 451 1448 2023 1521; baseline 0.002 -19"><span class='ocrx_word' id='word_1_104' title='bbox 451 1463 545 1503; x_wconf 90' lang='lat' dir='ltr'><strong>cra</strong></span> <span class='ocrx_word' id='word_1_105' title='bbox 571 1449 734 1517; x_wconf 86' lang='lat' dir='ltr'><strong>Virgo</strong></span> <span class='ocrx_word' id='word_1_106' title='bbox 757 1448 974 1520; x_wconf 85' lang='lat' dir='ltr'><strong>[sancta</strong></span> <span class='ocrx_word' id='word_1_107' title='bbox 1004 1449 1197 1521; x_wconf 75' lang='lat' dir='ltr'><strong>Maria]</strong></span> <span class='ocrx_word' id='word_1_108' title='bbox 1242 1452 1678 1516; x_wconf 88' lang='lat' dir='ltr'><strong>Emmanuelem,</strong></span> <span class='ocrx_word' id='word_1_109' title='bbox 1711 1452 1859 1505; x_wconf 83' lang='lat' dir='ltr'><strong>Patri</strong></span> <span class='ocrx_word' id='word_1_110' title='bbox 1901 1452 2023 1521; x_wconf 87' lang='lat' dir='ltr'><strong>qui-</strong></span> 
     </span>
    </p>
   </div>
   <div class='ocr_carea' id='block_1_18' title="bbox 457 1539 2024 1606">
    <p class='ocr_par' dir='ltr' id='par_1_18' title="bbox 457 1539 2024 1606">
     <span class='ocr_line' id='line_1_18' title="bbox 457 1539 2024 1606; baseline 0.002 -14"><span class='ocrx_word' id='word_1_111' title='bbox 457 1540 607 1603; x_wconf 89' lang='lat' dir='ltr'><strong>dem,</strong></span> <span class='ocrx_word' id='word_1_112' title='bbox 634 1550 695 1594; x_wconf 92' lang='lat' dir='ltr'><strong>ut</strong></span> <span class='ocrx_word' id='word_1_113' title='bbox 718 1539 881 1593; x_wconf 90' lang='lat' dir='ltr'><strong>modo</strong></span> <span class='ocrx_word' id='word_1_114' title='bbox 897 1539 1159 1605; x_wconf 81' lang='lat' dir='ltr'><strong>diximus,</strong></span> <span class='ocrx_word' id='word_1_115' title='bbox 1186 1540 1487 1594; x_wconf 91' lang='lat' dir='ltr'><strong>secundum</strong></span> <span class='ocrx_word' id='word_1_116' title='bbox 1524 1541 1893 1606; x_wconf 84' lang='lat' dir='ltr'><strong>divinitatem,</strong></span> <span class='ocrx_word' id='word_1_117' title='bbox 1926 1558 2024 1595; x_wconf 91' lang='lat' dir='ltr'><strong>no-</strong></span> 
     </span>
    </p>
   </div>
   <div class='ocr_carea' id='block_1_19' title="bbox 454 1631 2022 1687">
    <p class='ocr_par' dir='ltr' id='par_1_19' title="bbox 454 1631 2022 1687">
     <span class='ocr_line' id='line_1_19' title="bbox 454 1631 2022 1687; baseline 0.002 -3"><span class='ocrx_word' id='word_1_118' title='bbox 454 1631 541 1684; x_wconf 85' lang='lat' dir='ltr'><strong>bis</strong></span> <span class='ocrx_word' id='word_1_119' title='bbox 592 1646 725 1685; x_wconf 88' lang='lat' dir='ltr'><strong>vcro</strong></span> <span class='ocrx_word' id='word_1_120' title='bbox 779 1632 1084 1685; x_wconf 91' lang='lat' dir='ltr'><strong>secundum</strong></span> <span class='ocrx_word' id='word_1_121' title='bbox 1134 1632 1533 1686; x_wconf 90' lang='lat' dir='ltr'><strong>humanitatem</strong></span> <span class='ocrx_word' id='word_1_122' title='bbox 1578 1632 2022 1687; x_wconf 85' lang='lat' dir='ltr'><strong>consubstantia—</strong></span> 
     </span>
    </p>
   </div>
   <div class='ocr_carea' id='block_1_20' title="bbox 456 1721 2025 1796">
    <p class='ocr_par' dir='ltr' id='par_1_20' title="bbox 456 1721 2025 1796">
     <span class='ocr_line' id='line_1_20' title="bbox 456 1721 2025 1796; baseline 0.003 -22"><span class='ocrx_word' id='word_1_123' title='bbox 456 1721 593 1775; x_wconf 85' lang='lat' dir='ltr'><strong>lem:</strong></span> <span class='ocrx_word' id='word_1_124' title='bbox 620 1721 876 1775; x_wconf 88' lang='lat' dir='ltr'><strong>eumdcm</strong></span> <span class='ocrx_word' id='word_1_125' title='bbox 896 1722 1201 1776; x_wconf 87' lang='lat' dir='ltr'><strong>secundum</strong></span> <span class='ocrx_word' id='word_1_126' title='bbox 1231 1722 1474 1777; x_wconf 83' lang='lat' dir='ltr'><strong>divinam</strong></span> <span class='ocrx_word' id='word_1_127' title='bbox 1511 1734 1765 1779; x_wconf 88' lang='lat' dir='ltr'><strong>naturam</strong></span> <span class='ocrx_word' id='word_1_128' title='bbox 1804 1726 2025 1796; x_wconf 84' lang='lat' dir='ltr'><strong>impati-</strong></span> 
     </span>
    </p>
   </div>
   <div class='ocr_carea' id='block_1_21' title="bbox 459 1812 2029 1883">
    <p class='ocr_par' dir='ltr' id='par_1_21' title="bbox 459 1812 2029 1883">
     <span class='ocr_line' id='line_1_21' title="bbox 459 1812 2029 1883; baseline 0.002 -18"><span class='ocrx_word' id='word_1_129' title='bbox 459 1812 647 1874; x_wconf 90' lang='lat' dir='ltr'><strong>bilem,</strong></span> <span class='ocrx_word' id='word_1_130' title='bbox 700 1812 1006 1865; x_wconf 87' lang='lat' dir='ltr'><strong>secundum</strong></span> <span class='ocrx_word' id='word_1_131' title='bbox 1052 1812 1348 1866; x_wconf 88' lang='lat' dir='ltr'><strong>humanam</strong></span> <span class='ocrx_word' id='word_1_132' title='bbox 1388 1813 1692 1883; x_wconf 86' lang='lat' dir='ltr'><strong>patibilem.</strong></span> <span class='ocrx_word' id='word_1_133' title='bbox 1744 1814 1881 1869; x_wconf 86' lang='lat' dir='ltr'><strong>Nam</strong></span> <span class='ocrx_word' id='word_1_134' title='bbox 1924 1816 2029 1870; x_wconf 89' lang='lat' dir='ltr'><strong>etsi</strong></span> 
     </span>
    </p>
   </div>
   <div class='ocr_carea' id='block_1_22' title="bbox 458 1903 2029 1976">
    <p class='ocr_par' dir='ltr' id='par_1_22' title="bbox 458 1903 2029 1976">
     <span class='ocr_line' id='line_1_22' title="bbox 458 1903 2029 1976; baseline 0.003 -19"><span class='ocrx_word' id='word_1_135' title='bbox 458 1903 603 1957; x_wconf 89' lang='lat' dir='ltr'><strong>Deus</strong></span> <span class='ocrx_word' id='word_1_136' title='bbox 624 1903 866 1957; x_wconf 82' lang='lat' dir='ltr'><strong>Verbum</strong></span> <span class='ocrx_word' id='word_1_137' title='bbox 893 1903 1101 1972; x_wconf 85' lang='lat' dir='ltr'><strong>proprii</strong></span> <span class='ocrx_word' id='word_1_138' title='bbox 1128 1905 1377 1974; x_wconf 88' lang='lat' dir='ltr'><strong>corporis</strong></span> <span class='ocrx_word' id='word_1_139' title='bbox 1393 1906 1678 1974; x_wconf 83' lang='lat' dir='ltr'><strong>passiones</strong></span> <span class='ocrx_word' id='word_1_140' title='bbox 1698 1906 1805 1960; x_wconf 90' lang='lat' dir='ltr'><strong>sibi</strong></span> <span class='ocrx_word' id='word_1_141' title='bbox 1826 1922 2029 1976; x_wconf 85' lang='lat' dir='ltr'><strong>appro-</strong></span> 
     </span>
    </p>
   </div>
   <div class='ocr_carea' id='block_1_23' title="bbox 458 1992 2015 2064">
    <p class='ocr_par' dir='ltr' id='par_1_23' title="bbox 458 1992 2015 2064">
     <span class='ocr_line' id='line_1_23' title="bbox 458 1992 2015 2064; baseline 0.004 -20"><span class='ocrx_word' id='word_1_142' title='bbox 458 1993 624 2061; x_wconf 89' lang='lat' dir='ltr'><strong>priet,</strong></span> <span class='ocrx_word' id='word_1_143' title='bbox 655 2007 858 2061; x_wconf 85' lang='lat' dir='ltr'><strong>easque</strong></span> <span class='ocrx_word' id='word_1_144' title='bbox 875 1992 943 2047; x_wconf 91' lang='lat' dir='ltr'><strong>ad</strong></span> <span class='ocrx_word' id='word_1_145' title='bbox 966 1994 1211 2061; x_wconf 90' lang='lat' dir='ltr'><strong>scipsum</strong></span> <span class='ocrx_word' id='word_1_146' title='bbox 1241 1994 1463 2060; x_wconf 84' lang='lat' dir='ltr'><strong>referat,</strong></span> <span class='ocrx_word' id='word_1_147' title='bbox 1501 1994 1617 2064; x_wconf 91' lang='lat' dir='ltr'><strong>ipse</strong></span> <span class='ocrx_word' id='word_1_148' title='bbox 1654 2004 1837 2050; x_wconf 90' lang='lat' dir='ltr'><strong>tamen</strong></span> <span class='ocrx_word' id='word_1_149' title='bbox 1883 2010 2015 2050; x_wconf 87' lang='lat' dir='ltr'><strong>sem-</strong></span> 
     </span>
    </p>
   </div>
   <div class='ocr_carea' id='block_1_24' title="bbox 462 2082 2035 2155">
    <p class='ocr_par' dir='ltr' id='par_1_24' title="bbox 462 2082 2035 2155">
     <span class='ocr_line' id='line_1_24' title="bbox 462 2082 2035 2155; baseline 0.003 -19"><span class='ocrx_word' id='word_1_150' title='bbox 462 2098 559 2151; x_wconf 90' lang='lat' dir='ltr'><strong>per</strong></span> <span class='ocrx_word' id='word_1_151' title='bbox 575 2082 716 2135; x_wconf 90' lang='lat' dir='ltr'><strong>intra</strong></span> <span class='ocrx_word' id='word_1_152' title='bbox 740 2084 1201 2153; x_wconf 88' lang='lat' dir='ltr'><strong>impassibilitatis</strong></span> <span class='ocrx_word' id='word_1_153' title='bbox 1218 2100 1331 2139; x_wconf 70' lang='lat' dir='ltr'><strong>sua:</strong></span> <span class='ocrx_word' id='word_1_154' title='bbox 1349 2086 2035 2155; x_wconf 86' lang='lat' dir='ltr'><strong>terminosperseverat.Et</strong></span> 
     </span>
    </p>
   </div>
   <div class='ocr_carea' id='block_1_25' title="bbox 461 2173 2035 2242">
    <p class='ocr_par' dir='ltr' id='par_1_25' title="bbox 461 2173 2035 2242">
     <span class='ocr_line' id='line_1_25' title="bbox 461 2173 2035 2242; baseline 0.003 -17"><span class='ocrx_word' id='word_1_155' title='bbox 461 2173 717 2241; x_wconf 83' lang='lat' dir='ltr'><strong>quamvis</strong></span> <span class='ocrx_word' id='word_1_156' title='bbox 750 2173 925 2242; x_wconf 89' lang='lat' dir='ltr'><strong>ipsum</strong></span> <span class='ocrx_word' id='word_1_157' title='bbox 944 2174 1129 2229; x_wconf 88' lang='lat' dir='ltr'><strong>dicere</strong></span> <span class='ocrx_word' id='word_1_158' title='bbox 1153 2174 1374 2228; x_wconf 88' lang='lat' dir='ltr'><strong>audias:</strong></span> <span class='ocrx_word' id='word_1_159' title='bbox 1409 2192 1427 2226; x_wconf 76' lang='grc' dir='ltr'><strong>ι</strong></span> <span class='ocrx_word' id='word_1_160' title='bbox 1452 2176 1682 2229; x_wconf 90' lang='lat' dir='ltr'><strong>Dorsum</strong></span> <span class='ocrx_word' id='word_1_161' title='bbox 1707 2191 1889 2229; x_wconf 89' lang='lat' dir='ltr'><strong>meum</strong></span> <span class='ocrx_word' id='word_1_162' title='bbox 1908 2176 2035 2231; x_wconf 84' lang='lat' dir='ltr'><strong>dedi</strong></span> 
     </span>
    </p>
   </div>
   <div class='ocr_carea' id='block_1_26' title="bbox 464 2264 2037 2336">
    <p class='ocr_par' dir='ltr' id='par_1_26' title="bbox 464 2264 2037 2336">
     <span class='ocr_line' id='line_1_26' title="bbox 464 2264 2037 2336; baseline 0.004 -19"><span class='ocrx_word' id='word_1_163' title='bbox 464 2264 532 2317; x_wconf 90' lang='lat' dir='ltr'><strong>ad</strong></span> <span class='ocrx_word' id='word_1_164' title='bbox 562 2264 791 2335; x_wconf 82' lang='lat' dir='ltr'><strong>ﬂagella,</strong></span> <span class='ocrx_word' id='word_1_165' title='bbox 825 2280 991 2334; x_wconf 85' lang='lat' dir='ltr'><strong>genas</strong></span> <span class='ocrx_word' id='word_1_166' title='bbox 1035 2281 1185 2320; x_wconf 90' lang='lat' dir='ltr'><strong>meas</strong></span> <span class='ocrx_word' id='word_1_167' title='bbox 1220 2266 1289 2320; x_wconf 91' lang='lat' dir='ltr'><strong>ad</strong></span> <span class='ocrx_word' id='word_1_168' title='bbox 1332 2268 1548 2336; x_wconf 88' lang='lat' dir='ltr'><strong>alapas;</strong></span> <span class='ocrx_word' id='word_1_169' title='bbox 1609 2267 1802 2322; x_wconf 85' lang='lat' dir='ltr'><strong>faciem</strong></span> <span class='ocrx_word' id='word_1_170' title='bbox 1853 2277 2037 2324; x_wconf 90' lang='lat' dir='ltr'><strong>autem</strong></span> 
     </span>
    </p>
   </div>
   <div class='ocr_carea' id='block_1_27' title="bbox 465 2358 2036 2427">
    <p class='ocr_par' dir='ltr' id='par_1_27' title="bbox 465 2358 2036 2427">
     <span class='ocr_line' id='line_1_27' title="bbox 465 2358 2036 2427; baseline 0.003 -18"><span class='ocrx_word' id='word_1_171' title='bbox 465 2372 645 2410; x_wconf 91' lang='lat' dir='ltr'><strong>meam</strong></span> <span class='ocrx_word' id='word_1_172' title='bbox 681 2373 792 2411; x_wconf 88' lang='lat' dir='ltr'><strong>non</strong></span> <span class='ocrx_word' id='word_1_173' title='bbox 824 2358 997 2412; x_wconf 89' lang='lat' dir='ltr'><strong>averti</strong></span> <span class='ocrx_word' id='word_1_174' title='bbox 1024 2373 1055 2412; x_wconf 87' lang='lat' dir='ltr'><strong>a</strong></span> <span class='ocrx_word' id='word_1_175' title='bbox 1082 2358 1408 2415; x_wconf 84' lang='lat' dir='ltr'><strong>confusione</strong></span> <span class='ocrx_word' id='word_1_176' title='bbox 1450 2361 1825 2427; x_wconf 74' lang='lat' dir='ltr'><strong>sputorum”;</strong></span> <span class='ocrx_word' id='word_1_177' title='bbox 1855 2381 1873 2411; x_wconf 71' lang='grc' dir='ltr'><strong>ι</strong></span> <span class='ocrx_word' id='word_1_178' title='bbox 1898 2361 2036 2414; x_wconf 90' lang='lat' dir='ltr'><strong>nihil</strong></span> 
     </span>
    </p>
   </div>
   <div class='ocr_carea' id='block_1_28' title="bbox 468 2449 2039 2519">
    <p class='ocr_par' dir='ltr' id='par_1_28' title="bbox 468 2449 2039 2519">
     <span class='ocr_line' id='line_1_28' title="bbox 468 2449 2039 2519; baseline 0.003 -17"><span class='ocrx_word' id='word_1_179' title='bbox 468 2449 721 2502; x_wconf 88' lang='lat' dir='ltr'><strong>tamenin</strong></span> <span class='ocrx_word' id='word_1_180' title='bbox 740 2449 960 2519; x_wconf 87' lang='lat' dir='ltr'><strong>propria</strong></span> <span class='ocrx_word' id='word_1_181' title='bbox 988 2459 1184 2503; x_wconf 90' lang='lat' dir='ltr'><strong>natura</strong></span> <span class='ocrx_word' id='word_1_182' title='bbox 1226 2465 1545 2518; x_wconf 90' lang='lat' dir='ltr'><strong>perpessum</strong></span> <span class='ocrx_word' id='word_1_183' title='bbox 1586 2451 1895 2516; x_wconf 88' lang='lat' dir='ltr'><strong>arbitreris,</strong></span> <span class='ocrx_word' id='word_1_184' title='bbox 1943 2452 2039 2506; x_wconf 87' lang='lat' dir='ltr'><strong>sed</strong></span> 
     </span>
    </p>
   </div>
   <div class='ocr_carea' id='block_1_29' title="bbox 470 2540 2039 2614">
    <p class='ocr_par' dir='ltr' id='par_1_29' title="bbox 470 2540 2039 2614">
     <span class='ocr_line' id='line_1_29' title="bbox 470 2540 2039 2614; baseline 0.003 -22"><span class='ocrx_word' id='word_1_185' title='bbox 470 2540 653 2609; x_wconf 85' lang='lat' dir='ltr'><strong>potius</strong></span> <span class='ocrx_word' id='word_1_186' title='bbox 683 2542 766 2594; x_wconf 91' lang='lat' dir='ltr'><strong>sui</strong></span> <span class='ocrx_word' id='word_1_187' title='bbox 789 2541 1038 2610; x_wconf 90' lang='lat' dir='ltr'><strong>corporis</strong></span> <span class='ocrx_word' id='word_1_188' title='bbox 1062 2540 1273 2612; x_wconf 86' lang='lat' dir='ltr'><strong>flagella</strong></span> <span class='ocrx_word' id='word_1_189' title='bbox 1300 2542 1406 2595; x_wconf 91' lang='lat' dir='ltr'><strong>sibi</strong></span> <span class='ocrx_word' id='word_1_190' title='bbox 1453 2543 1839 2611; x_wconf 85' lang='lat' dir='ltr'><strong>appropriasse</strong></span> <span class='ocrx_word' id='word_1_191' title='bbox 1888 2544 2039 2614; x_wconf 86' lang='lat' dir='ltr'><strong>cogi-</strong></span> 
     </span>
    </p>
   </div>
   <div class='ocr_carea' id='block_1_30' title="bbox 472 2631 2043 2703">
    <p class='ocr_par' dir='ltr' id='par_1_30' title="bbox 472 2631 2043 2703">
     <span class='ocr_line' id='line_1_30' title="bbox 472 2631 2043 2703; baseline 0.004 -20"><span class='ocrx_word' id='word_1_192' title='bbox 472 2638 573 2703; x_wconf 82' lang='lat' dir='ltr'><strong>tes.</strong></span> <span class='ocrx_word' id='word_1_193' title='bbox 608 2631 743 2685; x_wconf 84' lang='lat' dir='ltr'><strong>Nam</strong></span> <span class='ocrx_word' id='word_1_194' title='bbox 774 2632 920 2687; x_wconf 88' lang='lat' dir='ltr'><strong>Deus</strong></span> <span class='ocrx_word' id='word_1_195' title='bbox 943 2632 1186 2687; x_wconf 87' lang='lat' dir='ltr'><strong>Verbum</strong></span> <span class='ocrx_word' id='word_1_196' title='bbox 1210 2633 1515 2702; x_wconf 88' lang='lat' dir='ltr'><strong>permansit</strong></span> <span class='ocrx_word' id='word_1_197' title='bbox 1560 2634 1887 2703; x_wconf 87' lang='lat' dir='ltr'><strong>impatibile.</strong></span> <span class='ocrx_word' id='word_1_198' title='bbox 1934 2635 2043 2689; x_wconf 86' lang='lat' dir='ltr'><strong>Sed</strong></span> 
     </span>
    </p>
   </div>
   <div class='ocr_carea' id='block_1_31' title="bbox 468 2700 2042 2797">
    <p class='ocr_par' dir='ltr' id='par_1_31' title="bbox 468 2700 2042 2797">
     <span class='ocr_line' id='line_1_31' title="bbox 468 2700 2042 2797; baseline 0.006 -26"><span class='ocrx_word' id='word_1_199' title='bbox 468 2700 734 2793; x_wconf 55' lang='lat' dir='ltr'><strong>&#39;objicient</strong></span> <span class='ocrx_word' id='word_1_200' title='bbox 775 2724 865 2779; x_wconf 93' lang='lat' dir='ltr'><strong>hic</strong></span> <span class='ocrx_word' id='word_1_201' title='bbox 908 2724 1051 2779; x_wconf 85' lang='lat' dir='ltr'><strong>forte</strong></span> <span class='ocrx_word' id='word_1_202' title='bbox 1097 2700 1281 2789; x_wconf 82' lang='lat' dir='ltr'><strong>nobis,</strong></span> <span class='ocrx_word' id='word_1_203' title='bbox 1328 2726 1422 2795; x_wconf 91' lang='lat' dir='ltr'><strong>qui</strong></span> <span class='ocrx_word' id='word_1_204' title='bbox 1468 2700 1675 2781; x_wconf 75' lang='lat' dir='ltr'><strong>divinis</strong></span> <span class='ocrx_word' id='word_1_205' title='bbox 1719 2725 2042 2797; x_wconf 85' lang='lat' dir='ltr'><strong>Scripturis,</strong></span> 
     </span>
    </p>
   </div>
   <div class='ocr_carea' id='block_1_32' title="bbox 472 2816 2046 2886">
    <p class='ocr_par' dir='ltr' id='par_1_32' title="bbox 472 2816 2046 2886">
     <span class='ocr_line' id='line_1_32' title="bbox 472 2816 2046 2886; baseline 0.003 -18"><span class='ocrx_word' id='word_1_206' title='bbox 472 2823 747 2886; x_wconf 60' lang='lat' dir='ltr'><strong>rectaeque</strong></span> <span class='ocrx_word' id='word_1_207' title='bbox 777 2816 1041 2872; x_wconf 72' lang='lat' dir='ltr'><strong>doctrina:</strong></span> <span class='ocrx_word' id='word_1_208' title='bbox 1089 2817 1267 2872; x_wconf 90' lang='lat' dir='ltr'><strong>obniti</strong></span> <span class='ocrx_word' id='word_1_209' title='bbox 1315 2826 1755 2872; x_wconf 89' lang='lat' dir='ltr'><strong>consueverunt:</strong></span> <span class='ocrx_word' id='word_1_210' title='bbox 1800 2818 1856 2873; x_wconf 92' lang='lat' dir='ltr'><strong>Si</strong></span> <span class='ocrx_word' id='word_1_211' title='bbox 1900 2821 2046 2873; x_wconf 90' lang='lat' dir='ltr'><strong>Deus</strong></span> 
     </span>
    </p>
   </div>
   <div class='ocr_carea' id='block_1_33' title="bbox 473 2907 2048 2978">
    <p class='ocr_par' dir='ltr' id='par_1_33' title="bbox 473 2907 2048 2978">
     <span class='ocr_line' id='line_1_33' title="bbox 473 2907 2048 2978; baseline 0.003 -17"><span class='ocrx_word' id='word_1_212' title='bbox 473 2907 717 2962; x_wconf 84' lang='lat' dir='ltr'><strong>Verbum</strong></span> <span class='ocrx_word' id='word_1_213' title='bbox 754 2908 1058 2978; x_wconf 87' lang='lat' dir='ltr'><strong>impatibile</strong></span> <span class='ocrx_word' id='word_1_214' title='bbox 1090 2916 1195 2973; x_wconf 89' lang='lat' dir='ltr'><strong>est,</strong></span> <span class='ocrx_word' id='word_1_215' title='bbox 1229 2910 1503 2978; x_wconf 91' lang='lat' dir='ltr'><strong>quomodo</strong></span> <span class='ocrx_word' id='word_1_216' title='bbox 1534 2909 1742 2965; x_wconf 84' lang='lat' dir='ltr'><strong>factum</strong></span> <span class='ocrx_word' id='word_1_217' title='bbox 1779 2926 1911 2966; x_wconf 88' lang='lat' dir='ltr'><strong>caro</strong></span> <span class='ocrx_word' id='word_1_218' title='bbox 1931 2912 2048 2966; x_wconf 89' lang='lat' dir='ltr'><strong>est?</strong></span> 
     </span>
    </p>
   </div>
   <div class='ocr_carea' id='block_1_34' title="bbox 2111 452 3719 525">
    <p class='ocr_par' dir='ltr' id='par_1_34' title="bbox 2111 452 3719 525">
     <span class='ocr_line' id='line_1_34' title="bbox 2111 452 3719 525; baseline 0 -19"><span class='ocrx_word' id='word_1_219' title='bbox 2111 455 2420 524; x_wconf 83' lang='grc' dir='ltr'>όμοούσιον,</span> <span class='ocrx_word' id='word_1_220' title='bbox 2465 454 2622 507; x_wconf 75' lang='grc' dir='ltr'>Ἐπεὶ</span> <span class='ocrx_word' id='word_1_221' title='bbox 2657 454 2772 515; x_wconf 83' lang='grc' dir='ltr'><strong>πῶς</strong></span> <span class='ocrx_word' id='word_1_222' title='bbox 2796 452 2861 505; x_wconf 85' lang='grc' dir='ltr'><strong>ἂν</strong></span> <span class='ocrx_word' id='word_1_223' title='bbox 2888 453 3102 522; x_wconf 66' lang='grc' dir='ltr'>λεκθείη</span> <span class='ocrx_word' id='word_1_224' title='bbox 3120 453 3310 523; x_wconf 79' lang='grc' dir='ltr'>ῥάϐδος</span> <span class='ocrx_word' id='word_1_225' title='bbox 3340 456 3405 505; x_wconf 79' lang='grc' dir='ltr'><strong>ἐκ</strong></span> <span class='ocrx_word' id='word_1_226' title='bbox 3420 454 3522 522; x_wconf 80' lang='grc' dir='ltr'>τῆς</span> <span class='ocrx_word' id='word_1_227' title='bbox 3540 456 3719 525; x_wconf 74' lang='grc' dir='ltr'>ῥίζης</span> 
     </span>
    </p>
   </div>
   <div class='ocr_carea' id='block_1_35' title="bbox 2123 540 3715 611">
    <p class='ocr_par' dir='ltr' id='par_1_35' title="bbox 2123 540 3715 611">
     <span class='ocr_line' id='line_1_35' title="bbox 2123 540 3715 611; baseline -0.002 -15"><span class='ocrx_word' id='word_1_228' title='bbox 2123 545 2351 609; x_wconf 85' lang='grc' dir='ltr'>Ἰεσσαί;</span> <span class='ocrx_word' id='word_1_229' title='bbox 2391 543 2507 605; x_wconf 86' lang='grc' dir='ltr'>πῶς</span> <span class='ocrx_word' id='word_1_230' title='bbox 2549 543 2604 594; x_wconf 84' lang='grc' dir='ltr'><strong>δὲ</strong></span> <span class='ocrx_word' id='word_1_231' title='bbox 2638 542 2951 611; x_wconf 76' lang='grc' dir='ltr'>σπέρματος</span> <span class='ocrx_word' id='word_1_232' title='bbox 2991 540 3268 610; x_wconf 75' lang='grc' dir='ltr'>’Λϐραάμς</span> <span class='ocrx_word' id='word_1_233' title='bbox 3320 541 3437 605; x_wconf 81' lang='grc' dir='ltr'><strong>πῶς</strong></span> <span class='ocrx_word' id='word_1_234' title='bbox 3478 542 3537 594; x_wconf 80' lang='grc' dir='ltr'>δὲ</span> <span class='ocrx_word' id='word_1_235' title='bbox 3584 543 3715 603; x_wconf 77' lang='grc' dir='ltr'>υἱὸς</span> 
     </span>
    </p>
   </div>
   <div class='ocr_carea' id='block_1_36' title="bbox 2113 631 3714 703">
    <p class='ocr_par' dir='ltr' id='par_1_36' title="bbox 2113 631 3714 703">
     <span class='ocr_line' id='line_1_36' title="bbox 2113 631 3714 703; baseline -0.001 -18"><span class='ocrx_word' id='word_1_236' title='bbox 2113 635 2307 698; x_wconf 83' lang='grc' dir='ltr'><strong>Δαυῖδ;</strong></span> <span class='ocrx_word' id='word_1_237' title='bbox 2355 634 2477 696; x_wconf 79' lang='grc' dir='ltr'><strong>Πῶς</strong></span> <span class='ocrx_word' id='word_1_238' title='bbox 2526 634 2571 685; x_wconf 78' lang='grc' dir='ltr'>δ’</span> <span class='ocrx_word' id='word_1_239' title='bbox 2622 632 2689 685; x_wconf 83' lang='grc' dir='ltr'>ἂν</span> <span class='ocrx_word' id='word_1_240' title='bbox 2718 632 2941 703; x_wconf 79' lang='grc' dir='ltr'>νοηθείη</span> <span class='ocrx_word' id='word_1_241' title='bbox 2986 632 3080 683; x_wconf 85' lang='grc' dir='ltr'>τό’</span> <span class='ocrx_word' id='word_1_242' title='bbox 3124 650 3142 682; x_wconf 77' lang='grc' dir='ltr'><strong>ι</strong></span> <span class='ocrx_word' id='word_1_243' title='bbox 3170 632 3258 697; x_wconf 78' lang='grc' dir='ltr'><strong>Ἐξ</strong></span> <span class='ocrx_word' id='word_1_244' title='bbox 3302 631 3484 683; x_wconf 73' lang='grc' dir='ltr'>αὐτῶν</span> <span class='ocrx_word' id='word_1_245' title='bbox 3554 633 3714 683; x_wconf 69' lang='grc' dir='ltr'>κατὰ</span> 
     </span>
    </p>
   </div>
   <div class='ocr_carea' id='block_1_37' title="bbox 2116 724 3714 796">
    <p class='ocr_par' dir='ltr' id='par_1_37' title="bbox 2116 724 3714 796">
     <span class='ocr_line' id='line_1_37' title="bbox 2116 724 3714 796; baseline -0.004 -16"><span class='ocrx_word' id='word_1_246' title='bbox 2116 728 2293 796; x_wconf 82' lang='grc' dir='ltr'>σάρκα</span> <span class='ocrx_word' id='word_1_247' title='bbox 2320 725 2570 796; x_wconf 81' lang='grc' dir='ltr'>Χριστὸς,</span> <span class='ocrx_word' id='word_1_248' title='bbox 2603 727 2630 778; x_wconf 89' lang='lat'><strong>6</strong></span> <span class='ocrx_word' id='word_1_249' title='bbox 2678 724 2753 778; x_wconf 87' lang='grc' dir='ltr'>ὣν</span> <span class='ocrx_word' id='word_1_250' title='bbox 2788 724 2881 776; x_wconf 72' lang='grc' dir='ltr'><strong>ἐπὶ</strong></span> <span class='ocrx_word' id='word_1_251' title='bbox 2912 724 3125 777; x_wconf 86' lang='grc' dir='ltr'>πάντων</span> <span class='ocrx_word' id='word_1_252' title='bbox 3152 724 3281 786; x_wconf 82' lang='grc' dir='ltr'><strong>Θεὸς</strong></span> <span class='ocrx_word' id='word_1_253' title='bbox 3306 742 3323 789; x_wconf 90' lang='grc'>;</span> <span class='ocrx_word' id='word_1_254' title='bbox 3364 743 3381 774; x_wconf 77' lang='grc' dir='ltr'><strong>ι</strong></span> <span class='ocrx_word' id='word_1_255' title='bbox 3408 724 3471 776; x_wconf 84' lang='grc' dir='ltr'><strong>τὸ</strong></span> <span class='ocrx_word' id='word_1_256' title='bbox 3500 724 3560 776; x_wconf 85' lang='grc' dir='ltr'>δὲ</span> <span class='ocrx_word' id='word_1_257' title='bbox 3608 725 3714 775; x_wconf 72' lang='grc' dir='ltr'><strong>τοῦ</strong></span> 
     </span>
    </p>
   </div>
   <div class='ocr_carea' id='block_1_38' title="bbox 2116 815 3711 887">
    <p class='ocr_par' dir='ltr' id='par_1_38' title="bbox 2116 815 3711 887">
     <span class='ocr_line' id='line_1_38' title="bbox 2116 815 3711 887; baseline -0.003 -16"><span class='ocrx_word' id='word_1_258' title='bbox 2116 821 2403 873; x_wconf 77' lang='grc' dir='ltr'>θεσπεσίου</span> <span class='ocrx_word' id='word_1_259' title='bbox 2449 817 2661 874; x_wconf 84' lang='grc' dir='ltr'>Παύλου</span> <span class='ocrx_word' id='word_1_260' title='bbox 2707 817 2824 879; x_wconf 84' lang='grc' dir='ltr'>πῶς</span> <span class='ocrx_word' id='word_1_261' title='bbox 2871 815 2937 869; x_wconf 86' lang='grc' dir='ltr'>ἂν</span> <span class='ocrx_word' id='word_1_262' title='bbox 2984 815 3333 885; x_wconf 80' lang='grc' dir='ltr'>ὲκλάϐωμενο</span> <span class='ocrx_word' id='word_1_263' title='bbox 3361 836 3379 867; x_wconf 75' lang='grc' dir='ltr'><strong>ι</strong></span> <span class='ocrx_word' id='word_1_264' title='bbox 3422 817 3565 887; x_wconf 73' lang='grc' dir='ltr'>Περὶ</span> <span class='ocrx_word' id='word_1_265' title='bbox 3605 816 3711 866; x_wconf 84' lang='grc' dir='ltr'><strong>τοῦ</strong></span> 
     </span>
    </p>
   </div>
   <div class='ocr_carea' id='block_1_39' title="bbox 2116 906 3711 977">
    <p class='ocr_par' dir='ltr' id='par_1_39' title="bbox 2116 906 3711 977">
     <span class='ocr_line' id='line_1_39' title="bbox 2116 906 3711 977; baseline -0.004 -13"><span class='ocrx_word' id='word_1_266' title='bbox 2116 910 2246 965; x_wconf 85' lang='grc' dir='ltr'>Υἱοῦ</span> <span class='ocrx_word' id='word_1_267' title='bbox 2301 908 2501 975; x_wconf 83' lang='grc' dir='ltr'>αὐτοῦ,</span> <span class='ocrx_word' id='word_1_268' title='bbox 2562 909 2657 960; x_wconf 85' lang='grc' dir='ltr'><strong>τοῦ</strong></span> <span class='ocrx_word' id='word_1_269' title='bbox 2705 906 2999 977; x_wconf 78' lang='grc' dir='ltr'>γενομένου</span> <span class='ocrx_word' id='word_1_270' title='bbox 3046 909 3110 959; x_wconf 80' lang='grc' dir='ltr'>ὲκ</span> <span class='ocrx_word' id='word_1_271' title='bbox 3158 906 3471 976; x_wconf 79' lang='grc' dir='ltr'>σπέρματος</span> <span class='ocrx_word' id='word_1_272' title='bbox 3525 907 3711 959; x_wconf 64' lang='lat' dir='ltr'><strong>Annia</strong></span> 
     </span>
    </p>
   </div>
   <div class='ocr_carea' id='block_1_40' title="bbox 2116 996 3713 1071">
    <p class='ocr_par' dir='ltr' id='par_1_40' title="bbox 2116 996 3713 1071">
     <span class='ocr_line' id='line_1_40' title="bbox 2116 996 3713 1071; baseline -0.003 -16"><span class='ocrx_word' id='word_1_273' title='bbox 2116 1003 2257 1055; x_wconf 88' lang='grc' dir='ltr'><strong>κατά</strong></span> <span class='ocrx_word' id='word_1_274' title='bbox 2294 1001 2491 1071; x_wconf 82' lang='grc' dir='ltr'>σάρκα,</span> <span class='ocrx_word' id='word_1_275' title='bbox 2518 999 2611 1051; x_wconf 85' lang='grc' dir='ltr'><strong>τοῦ</strong></span> <span class='ocrx_word' id='word_1_276' title='bbox 2642 999 2947 1070; x_wconf 80' lang='grc' dir='ltr'>ὁρισθέντος</span> <span class='ocrx_word' id='word_1_277' title='bbox 2980 996 3103 1049; x_wconf 80' lang='grc' dir='ltr'>Υἱοῦ</span> <span class='ocrx_word' id='word_1_278' title='bbox 3141 997 3235 1050; x_wconf 83' lang='grc' dir='ltr'><strong>τοῦ</strong></span> <span class='ocrx_word' id='word_1_279' title='bbox 3264 998 3398 1051; x_wconf 86' lang='grc' dir='ltr'>Θεοῦ</span> <span class='ocrx_word' id='word_1_280' title='bbox 3444 1000 3503 1051; x_wconf 83' lang='grc' dir='ltr'><strong>ὲν</strong></span> <span class='ocrx_word' id='word_1_281' title='bbox 3530 999 3713 1052; x_wconf 78' lang='grc' dir='ltr'>δυνά-</span> 
     </span>
    </p>
   </div>
   <div class='ocr_carea' id='block_1_41' title="bbox 2121 1089 3711 1162">
    <p class='ocr_par' dir='ltr' id='par_1_41' title="bbox 2121 1089 3711 1162">
     <span class='ocr_line' id='line_1_41' title="bbox 2121 1089 3711 1162; baseline -0.002 -17"><span class='ocrx_word' id='word_1_282' title='bbox 2121 1112 2210 1162; x_wconf 89' lang='grc' dir='ltr'><strong>μει</strong></span> <span class='ocrx_word' id='word_1_283' title='bbox 2234 1092 2375 1144; x_wconf 74' lang='grc' dir='ltr'>κατὰ</span> <span class='ocrx_word' id='word_1_284' title='bbox 2400 1090 2624 1160; x_wconf 84' lang='grc' dir='ltr'>Πνεῦμα</span> <span class='ocrx_word' id='word_1_285' title='bbox 2648 1089 2976 1159; x_wconf 78' lang='grc' dir='ltr'><strong>ἁγιωσύνης,</strong></span> <span class='ocrx_word' id='word_1_286' title='bbox 3003 1090 3062 1157; x_wconf 73' lang='grc' dir='ltr'>ἐξ</span> <span class='ocrx_word' id='word_1_287' title='bbox 3091 1091 3436 1153; x_wconf 80' lang='grc' dir='ltr'>ἀναστάσεως</span> <span class='ocrx_word' id='word_1_288' title='bbox 3456 1092 3711 1159; x_wconf 80' lang='grc' dir='ltr'>νεκρῶν,</span> 
     </span>
    </p>
   </div>
   <div class='ocr_carea' id='block_1_42' title="bbox 2132 1178 3711 1253">
    <p class='ocr_par' dir='ltr' id='par_1_42' title="bbox 2132 1178 3711 1253">
     <span class='ocr_line' id='line_1_42' title="bbox 2132 1178 3711 1253; baseline -0.001 -18"><span class='ocrx_word' id='word_1_289' title='bbox 2132 1181 2307 1253; x_wconf 82' lang='grc' dir='ltr'>Ἰησοῦ</span> <span class='ocrx_word' id='word_1_290' title='bbox 2349 1181 2588 1253; x_wconf 79' lang='grc' dir='ltr'>Χριστοῦ</span> <span class='ocrx_word' id='word_1_291' title='bbox 2620 1181 2714 1234; x_wconf 89' lang='grc' dir='ltr'><strong>τοῦ</strong></span> <span class='ocrx_word' id='word_1_292' title='bbox 2762 1180 2897 1233; x_wconf 86' lang='grc' dir='ltr'>Θεοῦ</span> <span class='ocrx_word' id='word_1_293' title='bbox 2946 1190 2973 1230; x_wconf 81' lang='grc' dir='ltr'><strong><em>Ρ</em></strong></span> <span class='ocrx_word' id='word_1_294' title='bbox 3022 1180 3215 1249; x_wconf 55' lang='lat' dir='ltr'><strong>maliv;</strong></span> <span class='ocrx_word' id='word_1_295' title='bbox 3256 1183 3485 1234; x_wconf 83' lang='grc' dir='ltr'>Ἔτεκεν</span> <span class='ocrx_word' id='word_1_296' title='bbox 3536 1178 3644 1235; x_wconf 81' lang='grc' dir='ltr'><strong>οῦν</strong></span> <span class='ocrx_word' id='word_1_297' title='bbox 3674 1184 3711 1251; x_wconf 82' lang='grc' dir='ltr'><strong>ἡ</strong></span> 
     </span>
    </p>
   </div>
   <div class='ocr_carea' id='block_1_43' title="bbox 2120 1271 3710 1345">
    <p class='ocr_par' dir='ltr' id='par_1_43' title="bbox 2120 1271 3710 1345">
     <span class='ocr_line' id='line_1_43' title="bbox 2120 1271 3710 1345; baseline -0.003 -17"><span class='ocrx_word' id='word_1_298' title='bbox 2120 1276 2254 1344; x_wconf 84' lang='grc' dir='ltr'>ἁγία</span> <span class='ocrx_word' id='word_1_299' title='bbox 2286 1273 2477 1345; x_wconf 84' lang='grc' dir='ltr'>Μαρία</span> <span class='ocrx_word' id='word_1_300' title='bbox 2499 1274 2590 1326; x_wconf 87' lang='grc' dir='ltr'><strong>τὸν</strong></span> <span class='ocrx_word' id='word_1_301' title='bbox 2631 1271 3002 1343; x_wconf 69' lang='grc' dir='ltr'>Ἐμμανουήλ,</span> <span class='ocrx_word' id='word_1_302' title='bbox 3028 1272 3168 1324; x_wconf 88' lang='grc' dir='ltr'><strong>κατά</strong></span> <span class='ocrx_word' id='word_1_303' title='bbox 3203 1272 3300 1341; x_wconf 83' lang='grc' dir='ltr'>μὲν</span> <span class='ocrx_word' id='word_1_304' title='bbox 3321 1273 3419 1339; x_wconf 82' lang='grc' dir='ltr'><strong>τὴν</strong></span> <span class='ocrx_word' id='word_1_305' title='bbox 3440 1272 3710 1339; x_wconf 80' lang='grc' dir='ltr'>θεότητα.</span> 
     </span>
    </p>
   </div>
   <div class='ocr_carea' id='block_1_44' title="bbox 2125 1361 3715 1438">
    <p class='ocr_par' dir='ltr' id='par_1_44' title="bbox 2125 1361 3715 1438">
     <span class='ocr_line' id='line_1_44' title="bbox 2125 1361 3715 1438; baseline -0.004 -19"><span class='ocrx_word' id='word_1_306' title='bbox 2125 1365 2271 1419; x_wconf 83' lang='grc' dir='ltr'><strong>καθά</strong></span> <span class='ocrx_word' id='word_1_307' title='bbox 2324 1365 2761 1438; x_wconf 83' lang='grc' dir='ltr'>προειρήκαμεν,</span> <span class='ocrx_word' id='word_1_308' title='bbox 2794 1361 3077 1433; x_wconf 85' lang='grc' dir='ltr'>όμοούσιον</span> <span class='ocrx_word' id='word_1_309' title='bbox 3105 1362 3183 1432; x_wconf 81' lang='grc' dir='ltr'>τῷ</span> <span class='ocrx_word' id='word_1_310' title='bbox 3232 1363 3427 1432; x_wconf 66' lang='grc' dir='ltr'>Πατρὶ,</span> <span class='ocrx_word' id='word_1_311' title='bbox 3467 1364 3620 1415; x_wconf 79' lang='grc' dir='ltr'><strong>κατά</strong></span> <span class='ocrx_word' id='word_1_312' title='bbox 3651 1364 3715 1413; x_wconf 76' lang='grc' dir='ltr'><strong>δὲ</strong></span> 
     </span>
    </p>
   </div>
   <div class='ocr_carea' id='block_1_45' title="bbox 2122 1452 3715 1527">
    <p class='ocr_par' dir='ltr' id='par_1_45' title="bbox 2122 1452 3715 1527">
     <span class='ocr_line' id='line_1_45' title="bbox 2122 1452 3715 1527; baseline -0.004 -17"><span class='ocrx_word' id='word_1_313' title='bbox 2122 1458 2220 1527; x_wconf 82' lang='grc' dir='ltr'>τὴν</span> <span class='ocrx_word' id='word_1_314' title='bbox 2251 1456 2646 1526; x_wconf 83' lang='grc' dir='ltr'>ἀνθρωπότητα</span> <span class='ocrx_word' id='word_1_315' title='bbox 2692 1455 2827 1524; x_wconf 81' lang='grc' dir='ltr'>ἡμῖν</span> <span class='ocrx_word' id='word_1_316' title='bbox 2872 1452 3197 1523; x_wconf 75' lang='grc' dir='ltr'>όμοούσιονο</span> <span class='ocrx_word' id='word_1_317' title='bbox 3253 1453 3393 1505; x_wconf 80' lang='grc' dir='ltr'><strong>κατά</strong></span> <span class='ocrx_word' id='word_1_318' title='bbox 3448 1454 3551 1522; x_wconf 83' lang='grc' dir='ltr'><strong>μὲν</strong></span> <span class='ocrx_word' id='word_1_319' title='bbox 3602 1453 3715 1522; x_wconf 73' lang='grc' dir='ltr'><strong>τὴν</strong></span> 
     </span>
    </p>
   </div>
   <div class='ocr_carea' id='block_1_46' title="bbox 2127 1543 3715 1617">
    <p class='ocr_par' dir='ltr' id='par_1_46' title="bbox 2127 1543 3715 1617">
     <span class='ocr_line' id='line_1_46' title="bbox 2127 1543 3715 1617; baseline -0.003 -18"><span class='ocrx_word' id='word_1_320' title='bbox 2127 1548 2377 1617; x_wconf 82' lang='grc' dir='ltr'>θεότητα,</span> <span class='ocrx_word' id='word_1_321' title='bbox 2404 1546 2615 1613; x_wconf 80' lang='grc' dir='ltr'>ἀπαθῆ,</span> <span class='ocrx_word' id='word_1_322' title='bbox 2647 1544 2789 1598; x_wconf 88' lang='grc' dir='ltr'><strong>κατά</strong></span> <span class='ocrx_word' id='word_1_323' title='bbox 2837 1544 2893 1597; x_wconf 85' lang='grc' dir='ltr'>δὲ</span> <span class='ocrx_word' id='word_1_324' title='bbox 2928 1544 3026 1614; x_wconf 83' lang='grc' dir='ltr'>τὴν</span> <span class='ocrx_word' id='word_1_325' title='bbox 3063 1544 3479 1616; x_wconf 83' lang='grc' dir='ltr'>ἀνθρωπότητα,</span> <span class='ocrx_word' id='word_1_326' title='bbox 3520 1543 3715 1611; x_wconf 77' lang='grc' dir='ltr'>παθη-</span> 
     </span>
    </p>
   </div>
   <div class='ocr_carea' id='block_1_47' title="bbox 2129 1634 3720 1709">
    <p class='ocr_par' dir='ltr' id='par_1_47' title="bbox 2129 1634 3720 1709">
     <span class='ocr_line' id='line_1_47' title="bbox 2129 1634 3720 1709; baseline -0.003 -18"><span class='ocrx_word' id='word_1_327' title='bbox 2129 1641 2251 1693; x_wconf 84' lang='grc' dir='ltr'>τόν⁶</span> <span class='ocrx_word' id='word_1_328' title='bbox 2285 1642 2333 1692; x_wconf 78' lang='grc' dir='ltr'>εἰ</span> <span class='ocrx_word' id='word_1_329' title='bbox 2368 1639 2477 1709; x_wconf 75' lang='grc' dir='ltr'><strong>γάρ</strong></span> <span class='ocrx_word' id='word_1_330' title='bbox 2527 1639 2621 1690; x_wconf 78' lang='grc' dir='ltr'><strong>καὶ</strong></span> <span class='ocrx_word' id='word_1_331' title='bbox 2668 1635 2964 1690; x_wconf 83' lang='grc' dir='ltr'>οἰκειοῦται</span> <span class='ocrx_word' id='word_1_332' title='bbox 3002 1634 3096 1688; x_wconf 86' lang='grc' dir='ltr'><strong>τοῦ</strong></span> <span class='ocrx_word' id='word_1_333' title='bbox 3144 1636 3273 1687; x_wconf 83' lang='grc' dir='ltr'>ἰδίου</span> <span class='ocrx_word' id='word_1_334' title='bbox 3326 1636 3579 1705; x_wconf 77' lang='grc' dir='ltr'>σώματος</span> <span class='ocrx_word' id='word_1_335' title='bbox 3640 1634 3720 1686; x_wconf 72' lang='grc' dir='ltr'>τὰ</span> 
     </span>
    </p>
   </div>
   <div class='ocr_carea' id='block_1_48' title="bbox 2135 1724 3723 1801">
    <p class='ocr_par' dir='ltr' id='par_1_48' title="bbox 2135 1724 3723 1801">
     <span class='ocr_line' id='line_1_48' title="bbox 2135 1724 3723 1801; baseline -0.005 -16"><span class='ocrx_word' id='word_1_336' title='bbox 2135 1730 2282 1801; x_wconf 84' lang='grc' dir='ltr'>πάθη</span> <span class='ocrx_word' id='word_1_337' title='bbox 2321 1732 2350 1782; x_wconf 97' lang='lat'><strong>6</strong></span> <span class='ocrx_word' id='word_1_338' title='bbox 2379 1730 2511 1793; x_wconf 90' lang='grc' dir='ltr'>Θεὸς</span> <span class='ocrx_word' id='word_1_339' title='bbox 2543 1729 2737 1797; x_wconf 82' lang='grc' dir='ltr'>Λόγος,</span> <span class='ocrx_word' id='word_1_340' title='bbox 2773 1728 2867 1781; x_wconf 75' lang='grc' dir='ltr'><strong>καὶ</strong></span> <span class='ocrx_word' id='word_1_341' title='bbox 2906 1729 2987 1790; x_wconf 77' lang='grc' dir='ltr'>εἱς</span> <span class='ocrx_word' id='word_1_342' title='bbox 3025 1727 3215 1781; x_wconf 79' lang='grc' dir='ltr'>ἑαυτὸν</span> <span class='ocrx_word' id='word_1_343' title='bbox 3248 1726 3532 1795; x_wconf 77' lang='grc' dir='ltr'>ἀναφέρει,</span> <span class='ocrx_word' id='word_1_344' title='bbox 3567 1724 3723 1778; x_wconf 74' lang='grc' dir='ltr'>ἀλλᾶ</span> 
     </span>
    </p>
   </div>
   <div class='ocr_carea' id='block_1_49' title="bbox 2130 1816 3721 1893">
    <p class='ocr_par' dir='ltr' id='par_1_49' title="bbox 2130 1816 3721 1893">
     <span class='ocr_line' id='line_1_49' title="bbox 2130 1816 3721 1893; baseline -0.004 -18"><span class='ocrx_word' id='word_1_345' title='bbox 2130 1840 2193 1891; x_wconf 89' lang='grc' dir='ltr'><strong>γε</strong></span> <span class='ocrx_word' id='word_1_346' title='bbox 2229 1823 2537 1893; x_wconf 78' lang='grc' dir='ltr'>μεμένηκεν</span> <span class='ocrx_word' id='word_1_347' title='bbox 2559 1820 2721 1882; x_wconf 78' lang='grc' dir='ltr'>αὐτὸς</span> <span class='ocrx_word' id='word_1_348' title='bbox 2745 1821 2803 1871; x_wconf 84' lang='grc' dir='ltr'><strong>ὲν</strong></span> <span class='ocrx_word' id='word_1_349' title='bbox 2831 1821 2941 1881; x_wconf 83' lang='grc' dir='ltr'>τοῖς</span> <span class='ocrx_word' id='word_1_350' title='bbox 2962 1818 3062 1887; x_wconf 82' lang='grc' dir='ltr'><strong>τῆς</strong></span> <span class='ocrx_word' id='word_1_351' title='bbox 3086 1816 3356 1879; x_wconf 77' lang='grc' dir='ltr'>ἀπαθείας</span> <span class='ocrx_word' id='word_1_352' title='bbox 3384 1817 3554 1886; x_wconf 86' lang='grc' dir='ltr'>ὅροις.</span> <span class='ocrx_word' id='word_1_353' title='bbox 3587 1817 3721 1869; x_wconf 76' lang='grc' dir='ltr'><strong>Κᾶν</strong></span> 
     </span>
    </p>
   </div>
   <div class='ocr_carea' id='block_1_50' title="bbox 2132 1908 3721 1986">
    <p class='ocr_par' dir='ltr' id='par_1_50' title="bbox 2132 1908 3721 1986">
     <span class='ocr_line' id='line_1_50' title="bbox 2132 1908 3721 1986; baseline -0.005 -20"><span class='ocrx_word' id='word_1_354' title='bbox 2132 1912 2372 1986; x_wconf 81' lang='grc' dir='ltr'>ἀκούσῃς</span> <span class='ocrx_word' id='word_1_355' title='bbox 2424 1911 2585 1964; x_wconf 85' lang='grc' dir='ltr'>αὐτοῦ</span> <span class='ocrx_word' id='word_1_356' title='bbox 2631 1910 2915 1977; x_wconf 81' lang='grc' dir='ltr'>λέγοντος·</span> <span class='ocrx_word' id='word_1_357' title='bbox 2954 1927 2973 1959; x_wconf 72' lang='grc' dir='ltr'><strong>ι</strong></span> <span class='ocrx_word' id='word_1_358' title='bbox 3008 1908 3223 1960; x_wconf 84' lang='grc' dir='ltr'>Ἐδωκα</span> <span class='ocrx_word' id='word_1_359' title='bbox 3272 1908 3363 1959; x_wconf 85' lang='grc' dir='ltr'><strong>τὸν</strong></span> <span class='ocrx_word' id='word_1_360' title='bbox 3387 1908 3556 1961; x_wconf 72' lang='grc' dir='ltr'>νῶτόν</span> <span class='ocrx_word' id='word_1_361' title='bbox 3604 1924 3721 1975; x_wconf 73' lang='grc' dir='ltr'><strong>μου</strong></span> 
     </span>
    </p>
   </div>
   <div class='ocr_carea' id='block_1_51' title="bbox 2134 1997 3719 2073">
    <p class='ocr_par' dir='ltr' id='par_1_51' title="bbox 2134 1997 3719 2073">
     <span class='ocr_line' id='line_1_51' title="bbox 2134 1997 3719 2073; baseline -0.006 -15"><span class='ocrx_word' id='word_1_362' title='bbox 2134 2007 2213 2068; x_wconf 86' lang='grc' dir='ltr'>εἰς</span> <span class='ocrx_word' id='word_1_363' title='bbox 2257 2005 2549 2073; x_wconf 85' lang='grc' dir='ltr'>μάστιγας,</span> <span class='ocrx_word' id='word_1_364' title='bbox 2590 2000 2689 2064; x_wconf 76' lang='grc' dir='ltr'>τὰς</span> <span class='ocrx_word' id='word_1_365' title='bbox 2721 2001 2778 2053; x_wconf 79' lang='grc' dir='ltr'>δὲ</span> <span class='ocrx_word' id='word_1_366' title='bbox 2819 1998 3078 2066; x_wconf 82' lang='grc' dir='ltr'>σιαγόνας</span> <span class='ocrx_word' id='word_1_367' title='bbox 3112 2016 3214 2067; x_wconf 83' lang='grc' dir='ltr'><strong>μου</strong></span> <span class='ocrx_word' id='word_1_368' title='bbox 3247 2000 3325 2060; x_wconf 86' lang='grc' dir='ltr'>εἰς</span> <span class='ocrx_word' id='word_1_369' title='bbox 3362 1997 3719 2066; x_wconf 74' lang='grc' dir='ltr'>ῥαπίσματα,</span> 
     </span>
    </p>
   </div>
   <div class='ocr_carea' id='block_1_52' title="bbox 2133 2088 3721 2165">
    <p class='ocr_par' dir='ltr' id='par_1_52' title="bbox 2133 2088 3721 2165">
     <span class='ocr_line' id='line_1_52' title="bbox 2133 2088 3721 2165; baseline -0.007 -15"><span class='ocrx_word' id='word_1_370' title='bbox 2133 2098 2195 2150; x_wconf 87' lang='grc' dir='ltr'><strong>τὸ</strong></span> <span class='ocrx_word' id='word_1_371' title='bbox 2223 2096 2279 2150; x_wconf 85' lang='grc' dir='ltr'>δὲ</span> <span class='ocrx_word' id='word_1_372' title='bbox 2323 2094 2616 2165; x_wconf 85' lang='grc' dir='ltr'>πρόσωπόν</span> <span class='ocrx_word' id='word_1_373' title='bbox 2649 2109 2751 2163; x_wconf 91' lang='grc' dir='ltr'><strong>μου</strong></span> <span class='ocrx_word' id='word_1_374' title='bbox 2794 2091 2894 2143; x_wconf 84' lang='grc' dir='ltr'><strong>οὐκ</strong></span> <span class='ocrx_word' id='word_1_375' title='bbox 2932 2089 3249 2159; x_wconf 66' lang='grc' dir='ltr'>ἀπέστρεῲα</span> <span class='ocrx_word' id='word_1_376' title='bbox 3300 2088 3409 2142; x_wconf 80' lang='grc' dir='ltr'><strong>ἀπὸ</strong></span> <span class='ocrx_word' id='word_1_377' title='bbox 3441 2089 3721 2158; x_wconf 67' lang='grc' dir='ltr'>αἰσχύνης</span> 
     </span>
    </p>
   </div>
   <div class='ocr_carea' id='block_1_53' title="bbox 2137 2180 3719 2259">
    <p class='ocr_par' dir='ltr' id='par_1_53' title="bbox 2137 2180 3719 2259">
     <span class='ocr_line' id='line_1_53' title="bbox 2137 2180 3719 2259; baseline -0.007 -17"><span class='ocrx_word' id='word_1_378' title='bbox 2137 2188 2582 2259; x_wconf 83' lang='grc' dir='ltr'>ὲμπτυσμάτων·</span> <span class='ocrx_word' id='word_1_379' title='bbox 2622 2203 2641 2236; x_wconf 79' lang='grc' dir='ltr'><strong>ι</strong></span> <span class='ocrx_word' id='word_1_380' title='bbox 2689 2182 2857 2253; x_wconf 79' lang='grc' dir='ltr'>μηδὲν</span> <span class='ocrx_word' id='word_1_381' title='bbox 2906 2182 3069 2236; x_wconf 83' lang='grc' dir='ltr'>αὑτὸν</span> <span class='ocrx_word' id='word_1_382' title='bbox 3114 2180 3440 2234; x_wconf 80' lang='grc' dir='ltr'>πεπονθέναι</span> <span class='ocrx_word' id='word_1_383' title='bbox 3480 2182 3573 2244; x_wconf 72' lang='grc' dir='ltr'>εἰς</span> <span class='ocrx_word' id='word_1_384' title='bbox 3610 2182 3719 2249; x_wconf 70' lang='grc' dir='ltr'>τὴν</span> 
     </span>
    </p>
   </div>
   <div class='ocr_carea' id='block_1_54' title="bbox 2141 2268 3719 2344">
    <p class='ocr_par' dir='ltr' id='par_1_54' title="bbox 2141 2268 3719 2344">
     <span class='ocr_line' id='line_1_54' title="bbox 2141 2268 3719 2344; baseline -0.007 -13"><span class='ocrx_word' id='word_1_385' title='bbox 2141 2280 2279 2331; x_wconf 70' lang='grc' dir='ltr'>ἰδίαν</span> <span class='ocrx_word' id='word_1_386' title='bbox 2315 2277 2476 2344; x_wconf 84' lang='grc' dir='ltr'>φύσιν</span> <span class='ocrx_word' id='word_1_387' title='bbox 2519 2272 2830 2342; x_wconf 76' lang='grc' dir='ltr'>ὑπολάϐῃς·</span> <span class='ocrx_word' id='word_1_388' title='bbox 2866 2270 3253 2323; x_wconf 82' lang='grc' dir='ltr'>οἰκειώσασθαι</span> <span class='ocrx_word' id='word_1_389' title='bbox 3284 2269 3338 2321; x_wconf 82' lang='grc' dir='ltr'><strong>δὲ</strong></span> <span class='ocrx_word' id='word_1_390' title='bbox 3378 2269 3577 2340; x_wconf 84' lang='grc' dir='ltr'>μᾶλλον</span> <span class='ocrx_word' id='word_1_391' title='bbox 3614 2268 3719 2321; x_wconf 80' lang='grc' dir='ltr'><strong>τοῦ</strong></span> 
     </span>
    </p>
   </div>
   <div class='ocr_carea' id='block_1_55' title="bbox 2142 2357 3714 2434">
    <p class='ocr_par' dir='ltr' id='par_1_55' title="bbox 2142 2357 3714 2434">
     <span class='ocr_line' id='line_1_55' title="bbox 2142 2357 3714 2434; baseline -0.006 -16"><span class='ocrx_word' id='word_1_392' title='bbox 2142 2367 2272 2418; x_wconf 74' lang='grc' dir='ltr'>ἰδίου</span> <span class='ocrx_word' id='word_1_393' title='bbox 2298 2365 2551 2434; x_wconf 82' lang='grc' dir='ltr'>σώματος</span> <span class='ocrx_word' id='word_1_394' title='bbox 2578 2361 2677 2423; x_wconf 87' lang='grc' dir='ltr'><strong>τάς</strong></span> <span class='ocrx_word' id='word_1_395' title='bbox 2719 2359 3020 2429; x_wconf 86' lang='grc' dir='ltr'>μάστιγας·</span> <span class='ocrx_word' id='word_1_396' title='bbox 3056 2360 3085 2411; x_wconf 92' lang='lat'><strong>6</strong></span> <span class='ocrx_word' id='word_1_397' title='bbox 3114 2357 3223 2429; x_wconf 78' lang='grc' dir='ltr'>γὰρ</span> <span class='ocrx_word' id='word_1_398' title='bbox 3243 2358 3375 2420; x_wconf 86' lang='grc' dir='ltr'>Θεὸς</span> <span class='ocrx_word' id='word_1_399' title='bbox 3407 2359 3578 2425; x_wconf 87' lang='grc' dir='ltr'>Λόγος</span> <span class='ocrx_word' id='word_1_400' title='bbox 3612 2374 3714 2427; x_wconf 81' lang='grc' dir='ltr'>με·</span> 
     </span>
    </p>
   </div>
   <div class='ocr_carea' id='block_1_56' title="bbox 2144 2449 3713 2526">
    <p class='ocr_par' dir='ltr' id='par_1_56' title="bbox 2144 2449 3713 2526">
     <span class='ocr_line' id='line_1_56' title="bbox 2144 2449 3713 2526; baseline -0.005 -18"><span class='ocrx_word' id='word_1_401' title='bbox 2144 2457 2378 2526; x_wconf 79' lang='grc' dir='ltr'>μένηκεν</span> <span class='ocrx_word' id='word_1_402' title='bbox 2415 2452 2651 2522; x_wconf 87' lang='grc' dir='ltr'>ἀπαθής.</span> <span class='ocrx_word' id='word_1_403' title='bbox 2684 2453 2746 2503; x_wconf 81' lang='grc' dir='ltr'>Οἱ</span> <span class='ocrx_word' id='word_1_404' title='bbox 2796 2450 2855 2502; x_wconf 82' lang='grc' dir='ltr'><strong>δὲ</strong></span> <span class='ocrx_word' id='word_1_405' title='bbox 2896 2449 3339 2518; x_wconf 85' lang='grc' dir='ltr'>ἀντιταττόμενοι</span> <span class='ocrx_word' id='word_1_406' title='bbox 3382 2452 3499 2511; x_wconf 84' lang='grc' dir='ltr'>ταῖς</span> <span class='ocrx_word' id='word_1_407' title='bbox 3537 2449 3713 2509; x_wconf 61' lang='lat' dir='ltr'><strong>Ozias;</strong></span> 
     </span>
    </p>
   </div>
   <div class='ocr_carea' id='block_1_57' title="bbox 2140 2538 3707 2618">
    <p class='ocr_par' dir='ltr' id='par_1_57' title="bbox 2140 2538 3707 2618">
     <span class='ocr_line' id='line_1_57' title="bbox 2140 2538 3707 2618; baseline -0.006 -18"><span class='ocrx_word' id='word_1_408' title='bbox 2140 2547 2385 2618; x_wconf 79' lang='grc' dir='ltr'>Γραφαῖς</span> <span class='ocrx_word' id='word_1_409' title='bbox 2417 2545 2510 2597; x_wconf 74' lang='grc' dir='ltr'><strong>καὶ</strong></span> <span class='ocrx_word' id='word_1_410' title='bbox 2557 2545 2678 2606; x_wconf 84' lang='grc' dir='ltr'>ταῖς</span> <span class='ocrx_word' id='word_1_411' title='bbox 2724 2541 2915 2611; x_wconf 78' lang='grc' dir='ltr'>ὀρθαῖς</span> <span class='ocrx_word' id='word_1_412' title='bbox 2960 2539 3161 2604; x_wconf 80' lang='grc' dir='ltr'>δόξαις,</span> <span class='ocrx_word' id='word_1_413' title='bbox 3202 2538 3420 2609; x_wconf 78' lang='grc' dir='ltr'>ἐροῦσιν</span> <span class='ocrx_word' id='word_1_414' title='bbox 3445 2541 3609 2610; x_wconf 81' lang='grc' dir='ltr'>ἡμῖν·</span> <span class='ocrx_word' id='word_1_415' title='bbox 3640 2540 3707 2591; x_wconf 81' lang='grc' dir='ltr'><strong>Εἰ</strong></span> 
     </span>
    </p>
   </div>
   <div class='ocr_carea' id='block_1_58' title="bbox 2143 2633 3708 2714">
    <p class='ocr_par' dir='ltr' id='par_1_58' title="bbox 2143 2633 3708 2714">
     <span class='ocr_line' id='line_1_58' title="bbox 2143 2633 3708 2714; baseline -0.008 -18"><span class='ocrx_word' id='word_1_416' title='bbox 2143 2642 2357 2714; x_wconf 79' lang='grc' dir='ltr'>ἀπαθὴς</span> <span class='ocrx_word' id='word_1_417' title='bbox 2389 2642 2416 2693; x_wconf 91' lang='lat'><strong>6</strong></span> <span class='ocrx_word' id='word_1_418' title='bbox 2446 2638 2579 2701; x_wconf 83' lang='grc' dir='ltr'>Θεὸς</span> <span class='ocrx_word' id='word_1_419' title='bbox 2604 2648 2631 2687; x_wconf 68' lang='grc' dir='ltr'>τι</span> <span class='ocrx_word' id='word_1_420' title='bbox 2653 2635 2845 2705; x_wconf 89' lang='grc' dir='ltr'>Λόγος,</span> <span class='ocrx_word' id='word_1_421' title='bbox 2872 2634 2966 2687; x_wconf 71' lang='grc' dir='ltr'>καὶ</span> <span class='ocrx_word' id='word_1_422' title='bbox 2989 2634 3274 2704; x_wconf 81' lang='grc' dir='ltr'>ἄτρεπτος,</span> <span class='ocrx_word' id='word_1_423' title='bbox 3301 2633 3395 2685; x_wconf 73' lang='lat' dir='ltr'><strong>ml</strong></span> <span class='ocrx_word' id='word_1_424' title='bbox 3420 2633 3708 2685; x_wconf 72' lang='grc' dir='ltr'>ἀναλλοξωο</span> 
     </span>
    </p>
   </div>
   <div class='ocr_carea' id='block_1_59' title="bbox 2142 2725 3708 2799">
    <p class='ocr_par' dir='ltr' id='par_1_59' title="bbox 2142 2725 3708 2799">
     <span class='ocr_line' id='line_1_59' title="bbox 2142 2725 3708 2799; baseline -0.007 -11"><span class='ocrx_word' id='word_1_425' title='bbox 2142 2752 2257 2799; x_wconf 85' lang='grc' dir='ltr'>τος,</span> <span class='ocrx_word' id='word_1_426' title='bbox 2290 2732 2406 2794; x_wconf 85' lang='grc' dir='ltr'><strong>πῶς</strong></span> <span class='ocrx_word' id='word_1_427' title='bbox 2434 2732 2462 2784; x_wconf 93' lang='lat'><strong>6</strong></span> <span class='ocrx_word' id='word_1_428' title='bbox 2498 2729 2668 2796; x_wconf 84' lang='grc' dir='ltr'>Λόγος</span> <span class='ocrx_word' id='word_1_429' title='bbox 2713 2726 2853 2797; x_wconf 79' lang='grc' dir='ltr'>σὰρξ</span> <span class='ocrx_word' id='word_1_430' title='bbox 2899 2725 3145 2794; x_wconf 83' lang='grc' dir='ltr'>ὲγένετο;</span> <span class='ocrx_word' id='word_1_431' title='bbox 3192 2726 3394 2777; x_wconf 75' lang='grc' dir='ltr'>’Ἄκουε</span> <span class='ocrx_word' id='word_1_432' title='bbox 3438 2725 3708 2793; x_wconf 65' lang='grc' dir='ltr'>ἀγαπητᾲ</span> 
     </span>
    </p>
   </div>
   <div class='ocr_carea' id='block_1_60' title="bbox 2151 2814 3713 2891">
    <p class='ocr_par' dir='ltr' id='par_1_60' title="bbox 2151 2814 3713 2891">
     <span class='ocr_line' id='line_1_60' title="bbox 2151 2814 3713 2891; baseline -0.008 -13"><span class='ocrx_word' id='word_1_433' title='bbox 2151 2844 2170 2877; x_wconf 80' lang='grc' dir='ltr'><strong>ι</strong></span> <span class='ocrx_word' id='word_1_434' title='bbox 2219 2826 2277 2878; x_wconf 89' lang='lat'><strong>&#39;0</strong></span> <span class='ocrx_word' id='word_1_435' title='bbox 2307 2824 2477 2891; x_wconf 86' lang='grc' dir='ltr'>Λόγος</span> <span class='ocrx_word' id='word_1_436' title='bbox 2530 2820 2668 2891; x_wconf 80' lang='grc' dir='ltr'>σὰρξ</span> <span class='ocrx_word' id='word_1_437' title='bbox 2711 2819 2949 2887; x_wconf 73' lang='grc' dir='ltr'>ἐγένετο,</span> <span class='ocrx_word' id='word_1_438' title='bbox 2992 2835 3010 2868; x_wconf 74' lang='grc' dir='ltr'><strong>ι</strong></span> <span class='ocrx_word' id='word_1_439' title='bbox 3062 2816 3123 2870; x_wconf 83' lang='grc' dir='ltr'>οὺ</span> <span class='ocrx_word' id='word_1_440' title='bbox 3158 2814 3601 2886; x_wconf 83' lang='grc' dir='ltr'>μεταπεπτωκὼς</span> <span class='ocrx_word' id='word_1_441' title='bbox 3632 2818 3713 2879; x_wconf 79' lang='grc' dir='ltr'>εἰς</span> 
     </span>
    </p>
   </div>
   <div class='ocr_carea' id='block_1_61' title="bbox 2149 2908 3717 2986">
    <p class='ocr_par' dir='ltr' id='par_1_61' title="bbox 2149 2908 3717 2986">
     <span class='ocr_line' id='line_1_61' title="bbox 2149 2908 3717 2986; baseline -0.008 -15"><span class='ocrx_word' id='word_1_442' title='bbox 2149 2919 2330 2986; x_wconf 84' lang='grc' dir='ltr'>σάρκα</span> <span class='ocrx_word' id='word_1_443' title='bbox 2355 2930 2370 2944; x_wconf 78' lang='grc'><strong>⁸</strong></span> <span class='ocrx_word' id='word_1_444' title='bbox 2424 2913 2548 2967; x_wconf 78' lang='grc' dir='ltr'>οὒτε</span> <span class='ocrx_word' id='word_1_445' title='bbox 2595 2910 2704 2982; x_wconf 84' lang='grc' dir='ltr'>γὰρ</span> <span class='ocrx_word' id='word_1_446' title='bbox 2731 2910 2760 2961; x_wconf 87' lang='lat'><strong>6</strong></span> <span class='ocrx_word' id='word_1_447' title='bbox 2801 2910 2930 2973; x_wconf 88' lang='grc' dir='ltr'>Θεὸς</span> <span class='ocrx_word' id='word_1_448' title='bbox 2973 2909 3142 2976; x_wconf 82' lang='grc' dir='ltr'>Λόγος</span> <span class='ocrx_word' id='word_1_449' title='bbox 3179 2908 3602 2977; x_wconf 76' lang='grc' dir='ltr'>μεταπέπτωκεν</span> <span class='ocrx_word' id='word_1_450' title='bbox 3635 2909 3717 2969; x_wconf 88' lang='grc' dir='ltr'>εἰς</span> 
     </span>
    </p>
   </div>
   <div class='ocr_carea' id='block_1_62' title="bbox 476 2998 2042 3096">
    <p class='ocr_par' dir='ltr' id='par_1_62' title="bbox 476 2999 2042 3068">
     <span class='ocr_line' id='line_1_62' title="bbox 476 2999 2042 3068; baseline 0.004 -17"><span class='ocrx_word' id='word_1_451' title='bbox 476 2999 639 3063; x_wconf 86' lang='lat' dir='ltr'><strong>Audi,</strong></span> <span class='ocrx_word' id='word_1_452' title='bbox 657 3000 882 3054; x_wconf 89' lang='lat' dir='ltr'><strong>dilecte.</strong></span> <span class='ocrx_word' id='word_1_453' title='bbox 909 3018 926 3049; x_wconf 80' lang='grc' dir='ltr'><strong>ι</strong></span> <span class='ocrx_word' id='word_1_454' title='bbox 950 3000 1189 3055; x_wconf 89' lang='lat' dir='ltr'><strong>Verbum</strong></span> <span class='ocrx_word' id='word_1_455' title='bbox 1214 3016 1344 3055; x_wconf 88' lang='lat' dir='ltr'><strong>caro</strong></span> <span class='ocrx_word' id='word_1_456' title='bbox 1364 3002 1567 3056; x_wconf 90' lang='lat' dir='ltr'><strong>factum</strong></span> <span class='ocrx_word' id='word_1_457' title='bbox 1594 3011 1679 3058; x_wconf 88' lang='lat' dir='ltr'><strong>est</strong></span> <span class='ocrx_word' id='word_1_458' title='bbox 1712 3005 1777 3068; x_wconf 72' lang='grc'>’³,</span> <span class='ocrx_word' id='word_1_459' title='bbox 1804 3024 1822 3055; x_wconf 73' lang='grc' dir='ltr'><strong>ι</strong></span> <span class='ocrx_word' id='word_1_460' title='bbox 1853 3020 1962 3058; x_wconf 90' lang='lat' dir='ltr'><strong>non</strong></span> <span class='ocrx_word' id='word_1_461' title='bbox 1989 3005 2042 3058; x_wconf 92' lang='lat' dir='ltr'><strong>in</strong></span> 
     </span>
    </p>
   </div>
   <div class='ocr_carea' id='block_1_63' title="bbox 2146 2998 3714 3096">
    <p class='ocr_par' dir='ltr' id='par_1_63' title="bbox 2152 2998 3714 3079">
     <span class='ocr_line' id='line_1_63' title="bbox 2152 2998 3714 3079; baseline -0.008 -17"><span class='ocrx_word' id='word_1_462' title='bbox 2152 3009 2351 3079; x_wconf 81' lang='grc' dir='ltr'>σάρκα,</span> <span class='ocrx_word' id='word_1_463' title='bbox 2398 3003 2521 3058; x_wconf 73' lang='grc' dir='ltr'>οὔτε</span> <span class='ocrx_word' id='word_1_464' title='bbox 2568 2998 2936 3071; x_wconf 80' lang='grc' dir='ltr'>ἀναληφθείσα</span> <span class='ocrx_word' id='word_1_465' title='bbox 2975 2998 3112 3069; x_wconf 77' lang='grc' dir='ltr'>σὰρξ</span> <span class='ocrx_word' id='word_1_466' title='bbox 3164 2999 3444 3069; x_wconf 78' lang='grc' dir='ltr'>ἐχώρησεν</span> <span class='ocrx_word' id='word_1_467' title='bbox 3480 3000 3558 3061; x_wconf 81' lang='grc' dir='ltr'>εἰς</span> <span class='ocrx_word' id='word_1_468' title='bbox 3616 2999 3714 3067; x_wconf 79' lang='grc' dir='ltr'><strong>τὴν</strong></span> 
     </span>
    </p>
   </div>
   <div class='ocr_carea' id='block_1_64' title="bbox 477 3090 2046 3160">
    <p class='ocr_par' dir='ltr' id='par_1_64' title="bbox 477 3090 2046 3160">
     <span class='ocr_line' id='line_1_64' title="bbox 477 3090 2046 3160; baseline 0.005 -20"><span class='ocrx_word' id='word_1_469' title='bbox 477 3103 699 3142; x_wconf 88' lang='lat' dir='ltr'><strong>carnem</strong></span> <span class='ocrx_word' id='word_1_470' title='bbox 756 3090 1118 3143; x_wconf 89' lang='lat' dir='ltr'><strong>demutatum.</strong></span> <span class='ocrx_word' id='word_1_471' title='bbox 1147 3090 1335 3160; x_wconf 85' lang='lat' dir='ltr'><strong>Neque</strong></span> <span class='ocrx_word' id='word_1_472' title='bbox 1364 3093 1511 3146; x_wconf 91' lang='lat' dir='ltr'><strong>enim</strong></span> <span class='ocrx_word' id='word_1_473' title='bbox 1544 3094 1689 3147; x_wconf 90' lang='lat' dir='ltr'><strong>Deus</strong></span> <span class='ocrx_word' id='word_1_474' title='bbox 1716 3093 1958 3148; x_wconf 87' lang='lat' dir='ltr'><strong>Verbum</strong></span> <span class='ocrx_word' id='word_1_475' title='bbox 1989 3095 2046 3148; x_wconf 90' lang='lat' dir='ltr'><strong>in</strong></span> 
     </span>
    </p>
   </div>
   <div class='ocr_carea' id='block_1_65' title="bbox 478 3185 2050 3254">
    <p class='ocr_par' dir='ltr' id='par_1_65' title="bbox 478 3185 2050 3254">
     <span class='ocr_line' id='line_1_65' title="bbox 478 3185 2050 3254; baseline 0.003 -20"><span class='ocrx_word' id='word_1_476' title='bbox 478 3196 699 3234; x_wconf 90' lang='lat' dir='ltr'><strong>carnem</strong></span> <span class='ocrx_word' id='word_1_477' title='bbox 725 3191 1053 3245; x_wconf 67' lang='lat' dir='ltr'><strong>VCI‘SUSCSI;</strong></span> <span class='ocrx_word' id='word_1_478' title='bbox 1084 3198 1264 3252; x_wconf 89' lang='lat' dir='ltr'><strong>neque</strong></span> <span class='ocrx_word' id='word_1_479' title='bbox 1304 3194 1581 3254; x_wconf 89' lang='lat' dir='ltr'><strong>assumpta</strong></span> <span class='ocrx_word' id='word_1_480' title='bbox 1622 3200 1750 3239; x_wconf 89' lang='lat' dir='ltr'><strong>caro</strong></span> <span class='ocrx_word' id='word_1_481' title='bbox 1797 3185 1853 3240; x_wconf 89' lang='lat' dir='ltr'><strong>in</strong></span> <span class='ocrx_word' id='word_1_482' title='bbox 1895 3201 2050 3240; x_wconf 91' lang='lat' dir='ltr'><strong>assu-</strong></span> 
     </span>
    </p>
   </div>
   <div class='ocr_carea' id='block_1_66' title="bbox 482 3274 2049 3348">
    <p class='ocr_par' dir='ltr' id='par_1_66' title="bbox 482 3274 2049 3348">
     <span class='ocr_line' id='line_1_66' title="bbox 482 3274 2049 3348; baseline 0.003 -23"><span class='ocrx_word' id='word_1_483' title='bbox 482 3274 683 3328; x_wconf 91' lang='lat' dir='ltr'><strong>mentis</strong></span> <span class='ocrx_word' id='word_1_484' title='bbox 723 3284 975 3329; x_wconf 89' lang='lat' dir='ltr'><strong>naturam</strong></span> <span class='ocrx_word' id='word_1_485' title='bbox 1026 3281 1390 3331; x_wconf 87' lang='lat' dir='ltr'><strong>transmutata</strong></span> <span class='ocrx_word' id='word_1_486' title='bbox 1434 3286 1536 3332; x_wconf 90' lang='lat' dir='ltr'><strong>est.</strong></span> <span class='ocrx_word' id='word_1_487' title='bbox 1590 3276 1733 3343; x_wconf 84' lang='lat' dir='ltr'><strong>Quid</strong></span> <span class='ocrx_word' id='word_1_488' title='bbox 1783 3292 1916 3348; x_wconf 87' lang='lat' dir='ltr'><strong>ergo</strong></span> <span class='ocrx_word' id='word_1_489' title='bbox 1941 3277 2049 3330; x_wconf 91' lang='lat' dir='ltr'><strong>sibi</strong></span> 
     </span>
    </p>
   </div>
   <div class='ocr_carea' id='block_1_67' title="bbox 480 3367 2051 3436">
    <p class='ocr_par' dir='ltr' id='par_1_67' title="bbox 480 3367 2051 3436">
     <span class='ocr_line' id='line_1_67' title="bbox 480 3367 2051 3436; baseline 0.006 -18"><span class='ocrx_word' id='word_1_490' title='bbox 480 3367 631 3421; x_wconf 88' lang='lat' dir='ltr'><strong>vult:</strong></span> <span class='ocrx_word' id='word_1_491' title='bbox 671 3367 952 3423; x_wconf 66' lang='lat' dir='ltr'><strong>«Verbum</strong></span> <span class='ocrx_word' id='word_1_492' title='bbox 1013 3385 1143 3424; x_wconf 85' lang='lat' dir='ltr'><strong>caro</strong></span> <span class='ocrx_word' id='word_1_493' title='bbox 1199 3370 1401 3426; x_wconf 85' lang='lat' dir='ltr'><strong>factum</strong></span> <span class='ocrx_word' id='word_1_494' title='bbox 1450 3372 1611 3425; x_wconf 68' lang='lat' dir='ltr'><strong>est?»</strong></span> <span class='ocrx_word' id='word_1_495' title='bbox 1672 3372 1834 3427; x_wconf 86' lang='lat' dir='ltr'><strong>Aliud</strong></span> <span class='ocrx_word' id='word_1_496' title='bbox 1888 3374 2051 3436; x_wconf 90' lang='lat' dir='ltr'><strong>nihil,</strong></span> 
     </span>
    </p>
   </div>
   <div class='ocr_carea' id='block_1_68' title="bbox 482 3459 2053 3532">
    <p class='ocr_par' dir='ltr' id='par_1_68' title="bbox 482 3459 2053 3532">
     <span class='ocr_line' id='line_1_68' title="bbox 482 3459 2053 3532; baseline 0.004 -22"><span class='ocrx_word' id='word_1_497' title='bbox 482 3474 646 3527; x_wconf 90' lang='lat' dir='ltr'><strong>quam</strong></span> <span class='ocrx_word' id='word_1_498' title='bbox 677 3459 922 3514; x_wconf 88' lang='lat' dir='ltr'><strong>Verbum</strong></span> <span class='ocrx_word' id='word_1_499' title='bbox 960 3475 1183 3515; x_wconf 85' lang='lat' dir='ltr'><strong>carnem</strong></span> <span class='ocrx_word' id='word_1_500' title='bbox 1206 3462 1541 3531; x_wconf 87' lang='lat' dir='ltr'><strong>assumpsit;</strong></span> <span class='ocrx_word' id='word_1_501' title='bbox 1580 3472 1637 3517; x_wconf 92' lang='lat' dir='ltr'><strong>et</strong></span> <span class='ocrx_word' id='word_1_502' title='bbox 1680 3478 1903 3517; x_wconf 89' lang='lat' dir='ltr'><strong>carnem</strong></span> <span class='ocrx_word' id='word_1_503' title='bbox 1927 3464 2053 3532; x_wconf 92' lang='lat' dir='ltr'><strong>qui-</strong></span> 
     </span>
    </p>
   </div>
   <div class='ocr_carea' id='block_1_69' title="bbox 483 3550 2055 3625">
    <p class='ocr_par' dir='ltr' id='par_1_69' title="bbox 483 3550 2055 3625">
     <span class='ocr_line' id='line_1_69' title="bbox 483 3550 2055 3625; baseline 0.004 -22"><span class='ocrx_word' id='word_1_504' title='bbox 483 3550 609 3605; x_wconf 90' lang='lat' dir='ltr'><strong>dem</strong></span> <span class='ocrx_word' id='word_1_505' title='bbox 635 3566 742 3605; x_wconf 83' lang='lat' dir='ltr'><strong>non</strong></span> <span class='ocrx_word' id='word_1_506' title='bbox 770 3552 960 3615; x_wconf 88' lang='lat' dir='ltr'><strong>solam,</strong></span> <span class='ocrx_word' id='word_1_507' title='bbox 990 3552 1086 3607; x_wconf 90' lang='lat' dir='ltr'><strong>sed</strong></span> <span class='ocrx_word' id='word_1_508' title='bbox 1133 3568 1259 3608; x_wconf 90' lang='lat' dir='ltr'><strong>cum</strong></span> <span class='ocrx_word' id='word_1_509' title='bbox 1305 3554 1556 3608; x_wconf 88' lang='lat' dir='ltr'><strong>rationali</strong></span> <span class='ocrx_word' id='word_1_510' title='bbox 1615 3562 1671 3609; x_wconf 86' lang='lat' dir='ltr'><strong>et</strong></span> <span class='ocrx_word' id='word_1_511' title='bbox 1716 3555 2055 3625; x_wconf 90' lang='lat' dir='ltr'><strong>intelligente</strong></span> 
     </span>
    </p>
   </div>
   <div class='ocr_carea' id='block_1_70' title="bbox 485 3641 2056 3715">
    <p class='ocr_par' dir='ltr' id='par_1_70' title="bbox 485 3641 2056 3715">
     <span class='ocr_line' id='line_1_70' title="bbox 485 3641 2056 3715; baseline 0.004 -22"><span class='ocrx_word' id='word_1_512' title='bbox 485 3641 666 3696; x_wconf 82' lang='lat' dir='ltr'><strong>anima</strong></span> <span class='ocrx_word' id='word_1_513' title='bbox 708 3643 1093 3713; x_wconf 83' lang='lat' dir='ltr'><strong>conjunctam,</strong></span> <span class='ocrx_word' id='word_1_514' title='bbox 1153 3661 1275 3715; x_wconf 71' lang='lat' dir='ltr'><strong>qum</strong></span> <span class='ocrx_word' id='word_1_515' title='bbox 1314 3646 1425 3699; x_wconf 90' lang='lat' dir='ltr'><strong>duo</strong></span> <span class='ocrx_word' id='word_1_516' title='bbox 1465 3655 1717 3701; x_wconf 87' lang='lat' dir='ltr'><strong>naturam</strong></span> <span class='ocrx_word' id='word_1_517' title='bbox 1760 3646 2056 3699; x_wconf 89' lang='lat' dir='ltr'><strong>humanam</strong></span> 
     </span>
    </p>
   </div>
   <div class='ocr_carea' id='block_1_71' title="bbox 488 3732 2057 3801">
    <p class='ocr_par' dir='ltr' id='par_1_71' title="bbox 488 3732 2057 3801">
     <span class='ocr_line' id='line_1_71' title="bbox 488 3732 2057 3801; baseline 0.003 -16"><span class='ocrx_word' id='word_1_518' title='bbox 488 3732 730 3801; x_wconf 88' lang='lat' dir='ltr'><strong>perfecte</strong></span> <span class='ocrx_word' id='word_1_519' title='bbox 758 3734 1070 3788; x_wconf 87' lang='lat' dir='ltr'><strong>absolvunt.</strong></span> <span class='ocrx_word' id='word_1_520' title='bbox 1098 3735 1179 3789; x_wconf 89' lang='lat' dir='ltr'><strong>Ad</strong></span> <span class='ocrx_word' id='word_1_521' title='bbox 1210 3736 1360 3790; x_wconf 91' lang='lat' dir='ltr'><strong>hunc</strong></span> <span class='ocrx_word' id='word_1_522' title='bbox 1400 3736 1624 3790; x_wconf 91' lang='lat' dir='ltr'><strong>modum</strong></span> <span class='ocrx_word' id='word_1_523' title='bbox 1647 3736 1892 3790; x_wconf 84' lang='lat' dir='ltr'><strong>Verbum</strong></span> <span class='ocrx_word' id='word_1_524' title='bbox 1928 3751 2057 3790; x_wconf 87' lang='lat' dir='ltr'><strong>caro</strong></span> 
     </span>
    </p>
   </div>
   <div class='ocr_carea' id='block_1_72' title="bbox 488 3823 2061 3898">
    <p class='ocr_par' dir='ltr' id='par_1_72' title="bbox 488 3823 2061 3898">
     <span class='ocr_line' id='line_1_72' title="bbox 488 3823 2061 3898; baseline 0.003 -22"><span class='ocrx_word' id='word_1_525' title='bbox 488 3823 691 3878; x_wconf 89' lang='lat' dir='ltr'><strong>factum</strong></span> <span class='ocrx_word' id='word_1_526' title='bbox 737 3834 843 3879; x_wconf 90' lang='lat' dir='ltr'><strong>est.</strong></span> <span class='ocrx_word' id='word_1_527' title='bbox 903 3825 1161 3895; x_wconf 87' lang='lat' dir='ltr'><strong>Optarcm</strong></span> <span class='ocrx_word' id='word_1_528' title='bbox 1204 3828 1794 3898; x_wconf 88' lang='lat' dir='ltr'><strong>magniloquentissimi</strong></span> <span class='ocrx_word' id='word_1_529' title='bbox 1835 3828 2061 3885; x_wconf 87' lang='lat' dir='ltr'><strong>Joannis</strong></span> 
     </span>
    </p>
   </div>
   <div class='ocr_carea' id='block_1_73' title="bbox 490 3916 2062 3988">
    <p class='ocr_par' dir='ltr' id='par_1_73' title="bbox 490 3916 2062 3988">
     <span class='ocr_line' id='line_1_73' title="bbox 490 3916 2062 3988; baseline 0.003 -20"><span class='ocrx_word' id='word_1_530' title='bbox 490 3930 713 3968; x_wconf 90' lang='lat' dir='ltr'><strong>sensum</strong></span> <span class='ocrx_word' id='word_1_531' title='bbox 764 3931 862 3971; x_wconf 87' lang='lat' dir='ltr'><strong>vos</strong></span> <span class='ocrx_word' id='word_1_532' title='bbox 902 3916 1230 3987; x_wconf 80' lang='lat' dir='ltr'><strong>intelligere,</strong></span> <span class='ocrx_word' id='word_1_533' title='bbox 1277 3934 1388 3987; x_wconf 91' lang='lat' dir='ltr'><strong>quo</strong></span> <span class='ocrx_word' id='word_1_534' title='bbox 1429 3918 1725 3988; x_wconf 82' lang='lat' dir='ltr'><strong>propositae</strong></span> <span class='ocrx_word' id='word_1_535' title='bbox 1775 3920 2062 3974; x_wconf 72' lang='lat' dir='ltr'><strong>sententia:</strong></span> 
     </span>
    </p>
   </div>
   <div class='ocr_carea' id='block_1_74' title="bbox 491 4005 2062 4080">
    <p class='ocr_par' dir='ltr' id='par_1_74' title="bbox 491 4005 2062 4080">
     <span class='ocr_line' id='line_1_74' title="bbox 491 4005 2062 4080; baseline 0.004 -24"><span class='ocrx_word' id='word_1_536' title='bbox 491 4005 601 4057; x_wconf 88' lang='lat' dir='ltr'><strong>vim</strong></span> <span class='ocrx_word' id='word_1_537' title='bbox 628 4007 1051 4073; x_wconf 89' lang='lat' dir='ltr'><strong>pernosceretis.</strong></span> <span class='ocrx_word' id='word_1_538' title='bbox 1097 4008 1336 4063; x_wconf 83' lang='lat' dir='ltr'><strong>Joannes</strong></span> <span class='ocrx_word' id='word_1_539' title='bbox 1383 4010 1690 4080; x_wconf 85' lang='lat' dir='ltr'><strong>theologus,</strong></span> <span class='ocrx_word' id='word_1_540' title='bbox 1727 4009 1954 4063; x_wconf 90' lang='lat' dir='ltr'><strong>tonitrui</strong></span> <span class='ocrx_word' id='word_1_541' title='bbox 1998 4008 2062 4061; x_wconf 85' lang='lat' dir='ltr'><strong>fi-</strong></span> 
     </span>
    </p>
   </div>
   <div class='ocr_carea' id='block_1_75' title="bbox 493 4096 2065 4170">
    <p class='ocr_par' dir='ltr' id='par_1_75' title="bbox 493 4096 2065 4170">
     <span class='ocr_line' id='line_1_75' title="bbox 493 4096 2065 4170; baseline 0.003 -21"><span class='ocrx_word' id='word_1_542' title='bbox 493 4096 601 4150; x_wconf 93' lang='lat' dir='ltr'><strong>lius</strong></span> <span class='ocrx_word' id='word_1_543' title='bbox 636 4097 699 4161; x_wconf 81' lang='grc'>¹⁶,</span> <span class='ocrx_word' id='word_1_544' title='bbox 750 4098 845 4166; x_wconf 89' lang='lat' dir='ltr'><strong>qui</strong></span> <span class='ocrx_word' id='word_1_545' title='bbox 893 4114 1060 4167; x_wconf 88' lang='lat' dir='ltr'><strong>super</strong></span> <span class='ocrx_word' id='word_1_546' title='bbox 1099 4099 1445 4154; x_wconf 91' lang='lat' dir='ltr'><strong>Dominicum</strong></span> <span class='ocrx_word' id='word_1_547' title='bbox 1502 4109 1696 4170; x_wconf 88' lang='lat' dir='ltr'><strong>pectus</strong></span> <span class='ocrx_word' id='word_1_548' title='bbox 1741 4100 2065 4155; x_wconf 88' lang='lat' dir='ltr'><strong>recumbere</strong></span> 
     </span>
    </p>
   </div>
   <div class='ocr_carea' id='block_1_76' title="bbox 494 4190 2064 4260">
    <p class='ocr_par' dir='ltr' id='par_1_76' title="bbox 494 4190 2064 4260">
     <span class='ocr_line' id='line_1_76' title="bbox 494 4190 2064 4260; baseline 0.002 -16"><span class='ocrx_word' id='word_1_549' title='bbox 494 4191 697 4245; x_wconf 90' lang='lat' dir='ltr'><strong>meruit</strong></span> <span class='ocrx_word' id='word_1_550' title='bbox 730 4191 794 4252; x_wconf 74' lang='grc'><strong>⁸⁷,</strong></span> <span class='ocrx_word' id='word_1_551' title='bbox 833 4190 1071 4259; x_wconf 89' lang='lat' dir='ltr'><strong>indeque</strong></span> <span class='ocrx_word' id='word_1_552' title='bbox 1097 4191 1262 4246; x_wconf 88' lang='lat' dir='ltr'><strong>nobis</strong></span> <span class='ocrx_word' id='word_1_553' title='bbox 1295 4192 1621 4247; x_wconf 88' lang='lat' dir='ltr'><strong>sublimiora</strong></span> <span class='ocrx_word' id='word_1_554' title='bbox 1678 4191 2064 4260; x_wconf 88' lang='lat' dir='ltr'><strong>divinioraque</strong></span> 
     </span>
    </p>
   </div>
   <div class='ocr_carea' id='block_1_77' title="bbox 494 4282 2063 4354">
    <p class='ocr_par' dir='ltr' id='par_1_77' title="bbox 494 4282 2063 4354">
     <span class='ocr_line' id='line_1_77' title="bbox 494 4282 2063 4354; baseline 0.001 -19"><span class='ocrx_word' id='word_1_555' title='bbox 494 4282 749 4351; x_wconf 83' lang='lat' dir='ltr'><strong>dogmata</strong></span> <span class='ocrx_word' id='word_1_556' title='bbox 771 4282 976 4345; x_wconf 90' lang='lat' dir='ltr'><strong>hausit,</strong></span> <span class='ocrx_word' id='word_1_557' title='bbox 1008 4297 1133 4337; x_wconf 91' lang='lat' dir='ltr'><strong>cum</strong></span> <span class='ocrx_word' id='word_1_558' title='bbox 1165 4284 1423 4339; x_wconf 82' lang='lat' dir='ltr'><strong>eximiam</strong></span> <span class='ocrx_word' id='word_1_559' title='bbox 1474 4284 1571 4338; x_wconf 90' lang='lat' dir='ltr'><strong>Dei</strong></span> <span class='ocrx_word' id='word_1_560' title='bbox 1600 4298 1729 4354; x_wconf 87' lang='lat' dir='ltr'><strong>erga</strong></span> <span class='ocrx_word' id='word_1_561' title='bbox 1769 4298 1870 4337; x_wconf 90' lang='lat' dir='ltr'><strong>nos</strong></span> <span class='ocrx_word' id='word_1_562' title='bbox 1902 4283 2063 4336; x_wconf 89' lang='lat' dir='ltr'><strong>beni-</strong></span> 
     </span>
    </p>
   </div>
   <div class='ocr_carea' id='block_1_78' title="bbox 2154 3085 3720 3171">
    <p class='ocr_par' dir='ltr' id='par_1_78' title="bbox 2154 3085 3720 3171">
     <span class='ocr_line' id='line_1_78' title="bbox 2154 3085 3720 3171; baseline -0.009 -17"><span class='ocrx_word' id='word_1_563' title='bbox 2154 3102 2317 3171; x_wconf 81' lang='grc' dir='ltr'>φύσιν</span> <span class='ocrx_word' id='word_1_564' title='bbox 2345 3097 2438 3151; x_wconf 85' lang='grc' dir='ltr'><strong>τοῦ</strong></span> <span class='ocrx_word' id='word_1_565' title='bbox 2468 3093 2839 3164; x_wconf 82' lang='grc' dir='ltr'>ἀνειληφότος.</span> <span class='ocrx_word' id='word_1_566' title='bbox 2864 3091 2929 3143; x_wconf 81' lang='grc' dir='ltr'><strong>Τί</strong></span> <span class='ocrx_word' id='word_1_567' title='bbox 2953 3085 3045 3144; x_wconf 83' lang='grc' dir='ltr'>οὗν</span> <span class='ocrx_word' id='word_1_568' title='bbox 3075 3090 3243 3155; x_wconf 76' lang='grc' dir='ltr'>ἐστιν,</span> <span class='ocrx_word' id='word_1_569' title='bbox 3271 3107 3291 3139; x_wconf 77' lang='grc' dir='ltr'><strong>ι</strong></span> <span class='ocrx_word' id='word_1_570' title='bbox 3313 3089 3373 3141; x_wconf 83' lang='grc' dir='ltr'><strong>Ὀ</strong></span> <span class='ocrx_word' id='word_1_571' title='bbox 3389 3089 3557 3155; x_wconf 80' lang='grc' dir='ltr'>Λόγος</span> <span class='ocrx_word' id='word_1_572' title='bbox 3583 3087 3720 3156; x_wconf 76' lang='grc' dir='ltr'>σὰρξ</span> 
     </span>
    </p>
   </div>
   <div class='ocr_carea' id='block_1_79' title="bbox 2150 3179 3714 3258">
    <p class='ocr_par' dir='ltr' id='par_1_79' title="bbox 2150 3179 3714 3258">
     <span class='ocr_line' id='line_1_79' title="bbox 2150 3179 3714 3258; baseline -0.008 -15"><span class='ocrx_word' id='word_1_573' title='bbox 2150 3190 2399 3258; x_wconf 76' lang='grc' dir='ltr'>ὲγένετο;</span> <span class='ocrx_word' id='word_1_574' title='bbox 2445 3205 2463 3237; x_wconf 74' lang='grc' dir='ltr'><strong>ι</strong></span> <span class='ocrx_word' id='word_1_575' title='bbox 2514 3184 2795 3247; x_wconf 84' lang='grc' dir='ltr'>Τουτέστι,</span> <span class='ocrx_word' id='word_1_576' title='bbox 2840 3182 3019 3253; x_wconf 86' lang='grc' dir='ltr'>σάρκα</span> <span class='ocrx_word' id='word_1_577' title='bbox 3066 3180 3249 3240; x_wconf 76' lang='grc' dir='ltr'>ἔλαϐε,</span> <span class='ocrx_word' id='word_1_578' title='bbox 3283 3179 3381 3232; x_wconf 73' lang='grc' dir='ltr'>καὶ</span> <span class='ocrx_word' id='word_1_579' title='bbox 3436 3180 3613 3249; x_wconf 83' lang='grc' dir='ltr'>σάρκα</span> <span class='ocrx_word' id='word_1_580' title='bbox 3655 3180 3714 3231; x_wconf 77' lang='grc' dir='ltr'><strong>οὐ</strong></span> 
     </span>
    </p>
   </div>
   <div class='ocr_carea' id='block_1_80' title="bbox 2150 3271 3715 3350">
    <p class='ocr_par' dir='ltr' id='par_1_80' title="bbox 2150 3271 3715 3350">
     <span class='ocr_line' id='line_1_80' title="bbox 2150 3271 3715 3350; baseline -0.007 -17"><span class='ocrx_word' id='word_1_581' title='bbox 2150 3280 2331 3350; x_wconf 75' lang='grc' dir='ltr'>ψιλὴν,</span> <span class='ocrx_word' id='word_1_582' title='bbox 2366 3276 2502 3331; x_wconf 82' lang='grc' dir='ltr'>ἀλλὰ</span> <span class='ocrx_word' id='word_1_583' title='bbox 2530 3276 2630 3345; x_wconf 82' lang='grc' dir='ltr'>τὴν</span> <span class='ocrx_word' id='word_1_584' title='bbox 2678 3273 2817 3343; x_wconf 86' lang='grc' dir='ltr'><strong>μετά</strong></span> <span class='ocrx_word' id='word_1_585' title='bbox 2867 3271 3047 3343; x_wconf 78' lang='grc' dir='ltr'>ψυχῆς</span> <span class='ocrx_word' id='word_1_586' title='bbox 3091 3271 3318 3341; x_wconf 84' lang='grc' dir='ltr'>λογικῆς</span> <span class='ocrx_word' id='word_1_587' title='bbox 3363 3272 3458 3323; x_wconf 76' lang='grc' dir='ltr'>καὶ</span> <span class='ocrx_word' id='word_1_588' title='bbox 3508 3274 3715 3339; x_wconf 74' lang='grc' dir='ltr'>νοερᾶς,</span> 
     </span>
    </p>
   </div>
   <div class='ocr_carea' id='block_1_81' title="bbox 2153 3361 3721 3441">
    <p class='ocr_par' dir='ltr' id='par_1_81' title="bbox 2153 3361 3721 3441">
     <span class='ocr_line' id='line_1_81' title="bbox 2153 3361 3721 3441; baseline -0.008 -16"><span class='ocrx_word' id='word_1_589' title='bbox 2153 3375 2287 3441; x_wconf 84' lang='grc' dir='ltr'>ὅπερ</span> <span class='ocrx_word' id='word_1_590' title='bbox 2317 3370 2433 3422; x_wconf 72' lang='grc' dir='ltr'>ἐστὶ</span> <span class='ocrx_word' id='word_1_591' title='bbox 2461 3366 2641 3419; x_wconf 80' lang='grc' dir='ltr'>τελεία</span> <span class='ocrx_word' id='word_1_592' title='bbox 2668 3368 2701 3435; x_wconf 83' lang='grc' dir='ltr'>ἡ</span> <span class='ocrx_word' id='word_1_593' title='bbox 2743 3364 2989 3433; x_wconf 84' lang='grc' dir='ltr'>ἡμετέρα</span> <span class='ocrx_word' id='word_1_594' title='bbox 3034 3362 3215 3433; x_wconf 80' lang='grc' dir='ltr'>φύσις.</span> <span class='ocrx_word' id='word_1_595' title='bbox 3267 3361 3454 3425; x_wconf 78' lang='grc' dir='ltr'>Οὕτως</span> <span class='ocrx_word' id='word_1_596' title='bbox 3491 3364 3519 3414; x_wconf 90' lang='lat'><strong>6</strong></span> <span class='ocrx_word' id='word_1_597' title='bbox 3554 3363 3721 3429; x_wconf 78' lang='grc' dir='ltr'>Λόγος</span> 
     </span>
    </p>
   </div>
   <div class='ocr_carea' id='block_1_82' title="bbox 2159 3453 3723 3534">
    <p class='ocr_par' dir='ltr' id='par_1_82' title="bbox 2159 3453 3723 3534">
     <span class='ocr_line' id='line_1_82' title="bbox 2159 3453 3723 3534; baseline -0.008 -17"><span class='ocrx_word' id='word_1_598' title='bbox 2159 3462 2299 3534; x_wconf 78' lang='grc' dir='ltr'>σὰρξ</span> <span class='ocrx_word' id='word_1_599' title='bbox 2327 3462 2562 3530; x_wconf 78' lang='grc' dir='ltr'>ἐγένετο.</span> <span class='ocrx_word' id='word_1_600' title='bbox 2611 3457 2941 3526; x_wconf 81' lang='grc' dir='ltr'>Ἐϐουλόμην</span> <span class='ocrx_word' id='word_1_601' title='bbox 2972 3455 3029 3508; x_wconf 82' lang='grc' dir='ltr'>δὲ</span> <span class='ocrx_word' id='word_1_602' title='bbox 3054 3456 3198 3526; x_wconf 82' lang='grc' dir='ltr'>ὑμᾶς</span> <span class='ocrx_word' id='word_1_603' title='bbox 3233 3455 3329 3507; x_wconf 75' lang='grc' dir='ltr'><strong>καὶ</strong></span> <span class='ocrx_word' id='word_1_604' title='bbox 3358 3453 3450 3524; x_wconf 81' lang='grc' dir='ltr'><strong>τὴν</strong></span> <span class='ocrx_word' id='word_1_605' title='bbox 3486 3454 3723 3506; x_wconf 73' lang='grc' dir='ltr'>διάνοιαν</span> 
     </span>
    </p>
   </div>
   <div class='ocr_carea' id='block_1_83' title="bbox 2156 3542 3719 3625">
    <p class='ocr_par' dir='ltr' id='par_1_83' title="bbox 2156 3542 3719 3625">
     <span class='ocr_line' id='line_1_83' title="bbox 2156 3542 3719 3625; baseline -0.01 -15"><span class='ocrx_word' id='word_1_606' title='bbox 2156 3556 2249 3610; x_wconf 85' lang='grc' dir='ltr'><strong>τοῦ</strong></span> <span class='ocrx_word' id='word_1_607' title='bbox 2296 3550 2812 3625; x_wconf 77' lang='grc' dir='ltr'>μεγαλοφωνοτάτου</span> <span class='ocrx_word' id='word_1_608' title='bbox 2860 3548 3107 3601; x_wconf 85' lang='grc' dir='ltr'>Ἰωάννου</span> <span class='ocrx_word' id='word_1_609' title='bbox 3154 3545 3379 3614; x_wconf 83' lang='grc' dir='ltr'>γνῶναι,</span> <span class='ocrx_word' id='word_1_610' title='bbox 3410 3545 3492 3597; x_wconf 80' lang='grc' dir='ltr'><strong>ἵνα</strong></span> <span class='ocrx_word' id='word_1_611' title='bbox 3538 3542 3719 3611; x_wconf 78' lang='grc' dir='ltr'>εἰδῆτε</span> 
     </span>
    </p>
   </div>
   <div class='ocr_carea' id='block_1_84' title="bbox 2157 3635 3720 3717">
    <p class='ocr_par' dir='ltr' id='par_1_84' title="bbox 2157 3635 3720 3717">
     <span class='ocr_line' id='line_1_84' title="bbox 2157 3635 3720 3717; baseline -0.009 -17"><span class='ocrx_word' id='word_1_612' title='bbox 2157 3647 2251 3701; x_wconf 82' lang='grc' dir='ltr'><strong>τοῦ</strong></span> <span class='ocrx_word' id='word_1_613' title='bbox 2297 3643 2697 3717; x_wconf 81' lang='grc' dir='ltr'>προειρημένου</span> <span class='ocrx_word' id='word_1_614' title='bbox 2728 3642 2826 3710; x_wconf 83' lang='grc' dir='ltr'><strong>τὴν</strong></span> <span class='ocrx_word' id='word_1_615' title='bbox 2869 3640 3117 3709; x_wconf 85' lang='grc' dir='ltr'>δύναμιν.</span> <span class='ocrx_word' id='word_1_616' title='bbox 3164 3636 3226 3692; x_wconf 78' lang='grc'><strong>’0</strong></span> <span class='ocrx_word' id='word_1_617' title='bbox 3267 3637 3509 3703; x_wconf 83' lang='grc' dir='ltr'>θεολόγος</span> <span class='ocrx_word' id='word_1_618' title='bbox 3542 3635 3720 3687; x_wconf 75' lang='grc' dir='ltr'>Ἰωάν-</span> 
     </span>
    </p>
   </div>
   <div class='ocr_carea' id='block_1_85' title="bbox 2161 3726 3726 3808">
    <p class='ocr_par' dir='ltr' id='par_1_85' title="bbox 2161 3726 3726 3808">
     <span class='ocr_line' id='line_1_85' title="bbox 2161 3726 3726 3808; baseline -0.01 -16"><span class='ocrx_word' id='word_1_619' title='bbox 2161 3757 2280 3808; x_wconf 82' lang='grc' dir='ltr'>νης,</span> <span class='ocrx_word' id='word_1_620' title='bbox 2313 3739 2341 3791; x_wconf 91' lang='lat'><strong>6</strong></span> <span class='ocrx_word' id='word_1_621' title='bbox 2372 3738 2472 3807; x_wconf 83' lang='grc' dir='ltr'>τῆς</span> <span class='ocrx_word' id='word_1_622' title='bbox 2500 3734 2731 3805; x_wconf 79' lang='grc' dir='ltr'>βροντῆς</span> <span class='ocrx_word' id='word_1_623' title='bbox 2764 3732 2898 3795; x_wconf 80' lang='grc' dir='ltr'>υἱὸς,</span> <span class='ocrx_word' id='word_1_624' title='bbox 2944 3733 2972 3784; x_wconf 93' lang='lat'><strong>6</strong></span> <span class='ocrx_word' id='word_1_625' title='bbox 3001 3728 3355 3793; x_wconf 79' lang='grc' dir='ltr'>καταξιωθεὶς</span> <span class='ocrx_word' id='word_1_626' title='bbox 3391 3729 3486 3779; x_wconf 77' lang='grc' dir='ltr'>ἐπὶ</span> <span class='ocrx_word' id='word_1_627' title='bbox 3514 3726 3603 3778; x_wconf 79' lang='grc' dir='ltr'><strong>τοῦ</strong></span> <span class='ocrx_word' id='word_1_628' title='bbox 3632 3729 3726 3778; x_wconf 75' lang='lat' dir='ltr'><strong>Ae-</strong></span> 
     </span>
    </p>
   </div>
   <div class='ocr_carea' id='block_1_86' title="bbox 2163 3818 3731 3896">
    <p class='ocr_par' dir='ltr' id='par_1_86' title="bbox 2163 3818 3731 3896">
     <span class='ocr_line' id='line_1_86' title="bbox 2163 3818 3731 3896; baseline -0.008 -13"><span class='ocrx_word' id='word_1_629' title='bbox 2163 3827 2422 3883; x_wconf 85' lang='grc' dir='ltr'>σποτικοῦ</span> <span class='ocrx_word' id='word_1_630' title='bbox 2455 3826 2684 3896; x_wconf 84' lang='grc' dir='ltr'>στήθους</span> <span class='ocrx_word' id='word_1_631' title='bbox 2732 3823 3095 3891; x_wconf 82' lang='grc' dir='ltr'>ἀνακλιθῆναι</span> <span class='ocrx_word' id='word_1_632' title='bbox 3127 3832 3173 3885; x_wconf 73' lang='grc' dir='ltr'>τ,</span> <span class='ocrx_word' id='word_1_633' title='bbox 3210 3819 3459 3874; x_wconf 83' lang='grc' dir='ltr'>κάκεῖθεν</span> <span class='ocrx_word' id='word_1_634' title='bbox 3492 3821 3621 3888; x_wconf 70' lang='grc' dir='ltr'>ἡμῖν</span> <span class='ocrx_word' id='word_1_635' title='bbox 3662 3818 3731 3870; x_wconf 71' lang='grc' dir='ltr'>τὰ</span> 
     </span>
    </p>
   </div>
   <div class='ocr_carea' id='block_1_87' title="bbox 2164 3911 3733 3991">
    <p class='ocr_par' dir='ltr' id='par_1_87' title="bbox 2164 3911 3733 3991">
     <span class='ocr_line' id='line_1_87' title="bbox 2164 3911 3733 3991; baseline -0.009 -16"><span class='ocrx_word' id='word_1_636' title='bbox 2164 3921 2474 3991; x_wconf 69' lang='grc' dir='ltr'>ὑψηλότερα</span> <span class='ocrx_word' id='word_1_637' title='bbox 2503 3918 2597 3971; x_wconf 71' lang='grc' dir='ltr'><strong>καὶ</strong></span> <span class='ocrx_word' id='word_1_638' title='bbox 2623 3916 2871 3987; x_wconf 85' lang='grc' dir='ltr'>θειότερα</span> <span class='ocrx_word' id='word_1_639' title='bbox 2905 3928 2927 3954; x_wconf 72' lang='grc' dir='ltr'><strong>ε</strong></span> <span class='ocrx_word' id='word_1_640' title='bbox 2952 3915 3294 3985; x_wconf 82' lang='grc' dir='ltr'>ἀρυσάμενος</span> <span class='ocrx_word' id='word_1_641' title='bbox 3326 3912 3589 3980; x_wconf 85' lang='grc' dir='ltr'>δόγματα,</span> <span class='ocrx_word' id='word_1_642' title='bbox 3618 3911 3733 3979; x_wconf 56' lang='lat'><strong>50&#39;3-</strong></span> 
     </span>
    </p>
   </div>
   <div class='ocr_carea' id='block_1_88' title="bbox 2162 4000 3733 4081">
    <p class='ocr_par' dir='ltr' id='par_1_88' title="bbox 2162 4000 3733 4081">
     <span class='ocr_line' id='line_1_88' title="bbox 2162 4000 3733 4081; baseline -0.01 -16"><span class='ocrx_word' id='word_1_643' title='bbox 2162 4014 2315 4066; x_wconf 88' lang='grc' dir='ltr'>λεται</span> <span class='ocrx_word' id='word_1_644' title='bbox 2348 4010 2699 4081; x_wconf 82' lang='grc' dir='ltr'>παραστῆσαι</span> <span class='ocrx_word' id='word_1_645' title='bbox 2731 4008 2828 4079; x_wconf 80' lang='grc' dir='ltr'>τὴν</span> <span class='ocrx_word' id='word_1_646' title='bbox 2863 4004 3313 4077; x_wconf 72' lang='grc' dir='ltr'>ὑπερϐάλλουσαν</span> <span class='ocrx_word' id='word_1_647' title='bbox 3331 4001 3426 4055; x_wconf 82' lang='grc' dir='ltr'><strong>τοῦ</strong></span> <span class='ocrx_word' id='word_1_648' title='bbox 3449 4000 3582 4054; x_wconf 86' lang='grc' dir='ltr'>Θεοῦ</span> <span class='ocrx_word' id='word_1_649' title='bbox 3609 4000 3733 4069; x_wconf 79' lang='grc' dir='ltr'>περὶ</span> 
     </span>
    </p>
   </div>
   <div class='ocr_carea' id='block_1_89' title="bbox 2165 4090 3734 4175">
    <p class='ocr_par' dir='ltr' id='par_1_89' title="bbox 2165 4090 3734 4175">
     <span class='ocr_line' id='line_1_89' title="bbox 2165 4090 3734 4175; baseline -0.009 -19"><span class='ocrx_word' id='word_1_650' title='bbox 2165 4106 2315 4175; x_wconf 74' lang='grc' dir='ltr'>ἡμᾶς</span> <span class='ocrx_word' id='word_1_651' title='bbox 2356 4101 2801 4172; x_wconf 79' lang='grc' dir='ltr'>φιλανθρωπίανο</span> <span class='ocrx_word' id='word_1_652' title='bbox 2841 4098 2933 4152; x_wconf 75' lang='grc' dir='ltr'><strong>καὶ</strong></span> <span class='ocrx_word' id='word_1_653' title='bbox 2979 4097 3194 4168; x_wconf 84' lang='grc' dir='ltr'>πρῶτον</span> <span class='ocrx_word' id='word_1_654' title='bbox 3224 4093 3464 4167; x_wconf 74' lang='grc' dir='ltr'>εἰρηκὼς</span> <span class='ocrx_word' id='word_1_655' title='bbox 3499 4092 3565 4145; x_wconf 72' lang='grc' dir='ltr'>τὰ</span> <span class='ocrx_word' id='word_1_656' title='bbox 3597 4090 3734 4143; x_wconf 77' lang='grc' dir='ltr'>θειό·</span> 
     </span>
    </p>
   </div>
   <div class='ocr_carea' id='block_1_90' title="bbox 2166 4178 3737 4263">
    <p class='ocr_par' dir='ltr' id='par_1_90' title="bbox 2166 4178 3737 4263">
     <span class='ocr_line' id='line_1_90' title="bbox 2166 4178 3737 4263; baseline -0.007 -18"><span class='ocrx_word' id='word_1_657' title='bbox 2166 4211 2300 4263; x_wconf 86' lang='grc' dir='ltr'>τερα</span> <span class='ocrx_word' id='word_1_658' title='bbox 2320 4210 2333 4222; x_wconf 86' lang='grc'>·</span> <span class='ocrx_word' id='word_1_659' title='bbox 2370 4210 2388 4243; x_wconf 80' lang='grc' dir='ltr'><strong>ι</strong></span> <span class='ocrx_word' id='word_1_660' title='bbox 2432 4192 2521 4245; x_wconf 79' lang='grc' dir='ltr'>Ἐν</span> <span class='ocrx_word' id='word_1_661' title='bbox 2554 4192 2696 4260; x_wconf 80' lang='grc' dir='ltr'>ἀρχῇ</span> <span class='ocrx_word' id='word_1_662' title='bbox 2727 4185 2794 4259; x_wconf 80' lang='grc' dir='ltr'>ἦν</span> <span class='ocrx_word' id='word_1_663' title='bbox 2822 4190 2850 4241; x_wconf 97' lang='lat'><strong>6</strong></span> <span class='ocrx_word' id='word_1_664' title='bbox 2885 4186 3079 4254; x_wconf 82' lang='grc' dir='ltr'>Λόγος,</span> <span class='ocrx_word' id='word_1_665' title='bbox 3128 4185 3222 4238; x_wconf 76' lang='grc' dir='ltr'><strong>καὶ</strong></span> <span class='ocrx_word' id='word_1_666' title='bbox 3254 4185 3282 4236; x_wconf 90' lang='lat'><strong>6</strong></span> <span class='ocrx_word' id='word_1_667' title='bbox 3312 4184 3486 4251; x_wconf 87' lang='grc' dir='ltr'>Λόγος</span> <span class='ocrx_word' id='word_1_668' title='bbox 3513 4178 3581 4252; x_wconf 78' lang='grc' dir='ltr'>ἦν</span> <span class='ocrx_word' id='word_1_669' title='bbox 3603 4183 3737 4250; x_wconf 83' lang='grc' dir='ltr'>πρὸς</span> 
     </span>
    </p>
   </div>
   <div class='ocr_carea' id='block_1_91' title="bbox 2168 4268 3738 4349">
    <p class='ocr_par' dir='ltr' id='par_1_91' title="bbox 2168 4268 3738 4349">
     <span class='ocr_line' id='line_1_91' title="bbox 2168 4268 3738 4349; baseline -0.007 -13"><span class='ocrx_word' id='word_1_670' title='bbox 2168 4284 2257 4337; x_wconf 86' lang='grc' dir='ltr'><strong>τὸν</strong></span> <span class='ocrx_word' id='word_1_671' title='bbox 2278 4282 2429 4347; x_wconf 87' lang='grc' dir='ltr'>Θεὸν,</span> <span class='ocrx_word' id='word_1_672' title='bbox 2468 4281 2561 4334; x_wconf 63' lang='grc' dir='ltr'><strong>καλ⁵</strong></span> <span class='ocrx_word' id='word_1_673' title='bbox 2597 4280 2732 4342; x_wconf 89' lang='grc' dir='ltr'>Θεὸς</span> <span class='ocrx_word' id='word_1_674' title='bbox 2764 4274 2832 4349; x_wconf 77' lang='grc' dir='ltr'>ἦν</span> <span class='ocrx_word' id='word_1_675' title='bbox 2882 4279 2911 4331; x_wconf 89' lang='grc' dir='ltr'>ὁ</span> <span class='ocrx_word' id='word_1_676' title='bbox 2950 4278 3155 4344; x_wconf 80' lang='grc' dir='ltr'>Λόγος’</span> <span class='ocrx_word' id='word_1_677' title='bbox 3183 4268 3338 4337; x_wconf 75' lang='grc' dir='ltr'>οὗτος</span> <span class='ocrx_word' id='word_1_678' title='bbox 3380 4270 3449 4345; x_wconf 78' lang='grc' dir='ltr'>ἦν</span> <span class='ocrx_word' id='word_1_679' title='bbox 3495 4276 3551 4327; x_wconf 84' lang='grc' dir='ltr'>ὲν</span> <span class='ocrx_word' id='word_1_680' title='bbox 3598 4274 3738 4342; x_wconf 75' lang='grc' dir='ltr'>ἀρχῇ</span> 
     </span>
    </p>
   </div>
   <div class='ocr_carea' id='block_1_92' title="bbox 494 4364 2042 4448">
    <p class='ocr_par' dir='ltr' id='par_1_92' title="bbox 494 4373 2042 4446">
     <span class='ocr_line' id='line_1_92' title="bbox 494 4373 2042 4446; baseline -0.001 -18"><span class='ocrx_word' id='word_1_681' title='bbox 494 4376 754 4445; x_wconf 83' lang='lat' dir='ltr'><strong>gnitatem</strong></span> <span class='ocrx_word' id='word_1_682' title='bbox 782 4375 1168 4430; x_wconf 91' lang='lat' dir='ltr'><strong>commendare</strong></span> <span class='ocrx_word' id='word_1_683' title='bbox 1194 4376 1378 4440; x_wconf 90' lang='lat' dir='ltr'><strong>vellet,</strong></span> <span class='ocrx_word' id='word_1_684' title='bbox 1411 4391 1474 4431; x_wconf 90' lang='lat' dir='ltr'><strong>ac</strong></span> <span class='ocrx_word' id='word_1_685' title='bbox 1507 4375 1688 4446; x_wconf 89' lang='lat' dir='ltr'><strong>primo</strong></span> <span class='ocrx_word' id='word_1_686' title='bbox 1731 4374 1953 4444; x_wconf 89' lang='lat' dir='ltr'><strong>quidem</strong></span> <span class='ocrx_word' id='word_1_687' title='bbox 1978 4373 2042 4427; x_wconf 90' lang='lat' dir='ltr'><strong>di</strong></span> 
     </span>
    </p>
   </div>
   <div class='ocr_carea' id='block_1_93' title="bbox 2146 4364 3740 4448">
    <p class='ocr_par' dir='ltr' id='par_1_93' title="bbox 2172 4364 3740 4446">
     <span class='ocr_line' id='line_1_93' title="bbox 2172 4364 3740 4446; baseline -0.01 -19"><span class='ocrx_word' id='word_1_688' title='bbox 2172 4375 2309 4446; x_wconf 81' lang='grc' dir='ltr'>πρὸς</span> <span class='ocrx_word' id='word_1_689' title='bbox 2341 4372 2433 4425; x_wconf 87' lang='grc' dir='ltr'><strong>τὸν</strong></span> <span class='ocrx_word' id='word_1_690' title='bbox 2467 4370 2630 4424; x_wconf 86' lang='grc' dir='ltr'>Θεόν·</span> <span class='ocrx_word' id='word_1_691' title='bbox 2664 4370 2842 4424; x_wconf 84' lang='grc' dir='ltr'>πάντα</span> <span class='ocrx_word' id='word_1_692' title='bbox 2876 4369 2944 4421; x_wconf 88' lang='grc' dir='ltr'>δι’</span> <span class='ocrx_word' id='word_1_693' title='bbox 2974 4365 3139 4422; x_wconf 85' lang='grc' dir='ltr'>αὐτοῦ</span> <span class='ocrx_word' id='word_1_694' title='bbox 3185 4366 3425 4434; x_wconf 78' lang='grc' dir='ltr'>ἐγένετο,</span> <span class='ocrx_word' id='word_1_695' title='bbox 3456 4364 3548 4416; x_wconf 71' lang='grc' dir='ltr'>καὶ</span> <span class='ocrx_word' id='word_1_696' title='bbox 3575 4364 3740 4432; x_wconf 75' lang='grc' dir='ltr'>χωρὶς</span> 
     </span>
    </p>
   </div>
   <div class='ocr_carea' id='block_1_94' title="bbox 495 4463 2069 4537">
    <p class='ocr_par' dir='ltr' id='par_1_94' title="bbox 495 4463 2069 4537">
     <span class='ocr_line' id='line_1_94' title="bbox 495 4463 2069 4537; baseline -0.003 -16"><span class='ocrx_word' id='word_1_697' title='bbox 495 4468 710 4522; x_wconf 88' lang='lat' dir='ltr'><strong>vmiora</strong></span> <span class='ocrx_word' id='word_1_698' title='bbox 742 4467 832 4520; x_wconf 90' lang='lat' dir='ltr'><strong>illa</strong></span> <span class='ocrx_word' id='word_1_699' title='bbox 862 4466 1452 4537; x_wconf 70' lang='lat' dir='ltr'><strong>prmmisissetmempe</strong></span> <span class='ocrx_word' id='word_1_700' title='bbox 1478 4468 1595 4522; x_wconf 63' lang='lat' dir='ltr'><strong>haec</strong></span> <span class='ocrx_word' id='word_1_701' title='bbox 1621 4483 1633 4519; x_wconf 89' lang='lat'><strong>:</strong></span> <span class='ocrx_word' id='word_1_702' title='bbox 1673 4484 1690 4515; x_wconf 75' lang='grc' dir='ltr'><strong>ι</strong></span> <span class='ocrx_word' id='word_1_703' title='bbox 1710 4465 1770 4519; x_wconf 80' lang='lat' dir='ltr'><strong>In</strong></span> <span class='ocrx_word' id='word_1_704' title='bbox 1792 4463 2069 4534; x_wconf 90' lang='lat' dir='ltr'><strong>principio</strong></span> 
     </span>
    </p>
   </div>
   <div class='ocr_carea' id='block_1_95' title="bbox 494 4556 2072 4629">
    <p class='ocr_par' dir='ltr' id='par_1_95' title="bbox 494 4556 2072 4629">
     <span class='ocr_line' id='line_1_95' title="bbox 494 4556 2072 4629; baseline -0.004 -14"><span class='ocrx_word' id='word_1_705' title='bbox 494 4570 618 4615; x_wconf 88' lang='lat' dir='ltr'><strong>crat</strong></span> <span class='ocrx_word' id='word_1_706' title='bbox 650 4559 914 4624; x_wconf 85' lang='lat' dir='ltr'><strong>Verbum,</strong></span> <span class='ocrx_word' id='word_1_707' title='bbox 935 4567 991 4614; x_wconf 88' lang='lat' dir='ltr'><strong>et</strong></span> <span class='ocrx_word' id='word_1_708' title='bbox 1012 4559 1253 4613; x_wconf 86' lang='lat' dir='ltr'><strong>Verbum</strong></span> <span class='ocrx_word' id='word_1_709' title='bbox 1276 4566 1395 4613; x_wconf 90' lang='lat' dir='ltr'><strong>erat</strong></span> <span class='ocrx_word' id='word_1_710' title='bbox 1434 4558 1577 4629; x_wconf 90' lang='lat' dir='ltr'><strong>apud</strong></span> <span class='ocrx_word' id='word_1_711' title='bbox 1606 4559 1800 4622; x_wconf 87' lang='lat' dir='ltr'><strong>Deum,</strong></span> <span class='ocrx_word' id='word_1_712' title='bbox 1825 4564 1880 4611; x_wconf 91' lang='lat' dir='ltr'><strong>et</strong></span> <span class='ocrx_word' id='word_1_713' title='bbox 1926 4556 2072 4609; x_wconf 89' lang='lat' dir='ltr'><strong>Deus</strong></span> 
     </span>
    </p>
   </div>
   <div class='ocr_carea' id='block_1_96' title="bbox 496 4648 2070 4721">
    <p class='ocr_par' dir='ltr' id='par_1_96' title="bbox 496 4648 2070 4721">
     <span class='ocr_line' id='line_1_96' title="bbox 496 4648 2070 4721; baseline -0.006 -11"><span class='ocrx_word' id='word_1_714' title='bbox 496 4666 619 4711; x_wconf 89' lang='lat' dir='ltr'><strong>erat</strong></span> <span class='ocrx_word' id='word_1_715' title='bbox 656 4655 917 4720; x_wconf 90' lang='lat' dir='ltr'><strong>Verbum;</strong></span> <span class='ocrx_word' id='word_1_716' title='bbox 972 4656 1076 4711; x_wconf 90' lang='lat' dir='ltr'><strong>hoc</strong></span> <span class='ocrx_word' id='word_1_717' title='bbox 1128 4662 1249 4709; x_wconf 88' lang='lat' dir='ltr'><strong>erat</strong></span> <span class='ocrx_word' id='word_1_718' title='bbox 1278 4654 1333 4707; x_wconf 93' lang='lat' dir='ltr'><strong>in</strong></span> <span class='ocrx_word' id='word_1_719' title='bbox 1370 4651 1643 4721; x_wconf 88' lang='lat' dir='ltr'><strong>principio</strong></span> <span class='ocrx_word' id='word_1_720' title='bbox 1671 4648 1816 4718; x_wconf 88' lang='lat' dir='ltr'><strong>apud</strong></span> <span class='ocrx_word' id='word_1_721' title='bbox 1862 4649 2070 4702; x_wconf 90' lang='lat' dir='ltr'><strong>Deum:</strong></span> 
     </span>
    </p>
   </div>
   <div class='ocr_carea' id='block_1_97' title="bbox 499 4738 2072 4817">
    <p class='ocr_par' dir='ltr' id='par_1_97' title="bbox 499 4738 2072 4817">
     <span class='ocr_line' id='line_1_97' title="bbox 499 4738 2072 4817; baseline -0.005 -16"><span class='ocrx_word' id='word_1_722' title='bbox 499 4747 682 4801; x_wconf 89' lang='lat' dir='ltr'><strong>omnia</strong></span> <span class='ocrx_word' id='word_1_723' title='bbox 730 4763 827 4817; x_wconf 86' lang='lat' dir='ltr'><strong>per</strong></span> <span class='ocrx_word' id='word_1_724' title='bbox 865 4747 1043 4816; x_wconf 88' lang='lat' dir='ltr'><strong>ipsum</strong></span> <span class='ocrx_word' id='word_1_725' title='bbox 1098 4744 1238 4798; x_wconf 85' lang='lat' dir='ltr'><strong>facta</strong></span> <span class='ocrx_word' id='word_1_726' title='bbox 1287 4751 1434 4807; x_wconf 88' lang='lat' dir='ltr'><strong>sunt,</strong></span> <span class='ocrx_word' id='word_1_727' title='bbox 1465 4750 1521 4796; x_wconf 89' lang='lat' dir='ltr'><strong>et</strong></span> <span class='ocrx_word' id='word_1_728' title='bbox 1558 4742 1676 4795; x_wconf 90' lang='lat' dir='ltr'><strong>sine</strong></span> <span class='ocrx_word' id='word_1_729' title='bbox 1707 4740 1825 4809; x_wconf 92' lang='lat' dir='ltr'><strong>ipso</strong></span> <span class='ocrx_word' id='word_1_730' title='bbox 1871 4738 2072 4793; x_wconf 85' lang='lat' dir='ltr'><strong>factum</strong></span> 
     </span>
    </p>
   </div>
   <div class='ocr_carea' id='block_1_98' title="bbox 499 4831 2073 4909">
    <p class='ocr_par' dir='ltr' id='par_1_98' title="bbox 499 4831 2073 4909">
     <span class='ocr_line' id='line_1_98' title="bbox 499 4831 2073 4909; baseline -0.008 -13"><span class='ocrx_word' id='word_1_731' title='bbox 499 4850 585 4897; x_wconf 87' lang='lat' dir='ltr'><strong>est</strong></span> <span class='ocrx_word' id='word_1_732' title='bbox 618 4841 754 4894; x_wconf 89' lang='lat' dir='ltr'><strong>nihil</strong></span> <span class='ocrx_word' id='word_1_733' title='bbox 797 4839 941 4909; x_wconf 88' lang='lat' dir='ltr'><strong>quod</strong></span> <span class='ocrx_word' id='word_1_734' title='bbox 982 4839 1184 4892; x_wconf 89' lang='lat' dir='ltr'><strong>factum</strong></span> <span class='ocrx_word' id='word_1_735' title='bbox 1228 4844 1315 4890; x_wconf 91' lang='lat' dir='ltr'><strong>est</strong></span> <span class='ocrx_word' id='word_1_736' title='bbox 1353 4836 1417 4900; x_wconf 65' lang='grc' dir='ltr'>ης</span> <span class='ocrx_word' id='word_1_737' title='bbox 1444 4854 1463 4886; x_wconf 74' lang='grc' dir='ltr'><strong>ι</strong></span> <span class='ocrx_word' id='word_1_738' title='bbox 1495 4833 1589 4888; x_wconf 91' lang='lat' dir='ltr'><strong>ubi</strong></span> <span class='ocrx_word' id='word_1_739' title='bbox 1628 4831 1870 4887; x_wconf 87' lang='lat' dir='ltr'><strong>ostendit</strong></span> <span class='ocrx_word' id='word_1_740' title='bbox 1920 4832 2073 4885; x_wconf 91' lang='lat' dir='ltr'><strong>illum</strong></span> 
     </span>
    </p>
   </div>
   <div class='ocr_carea' id='block_1_99' title="bbox 500 4922 2077 4999">
    <p class='ocr_par' dir='ltr' id='par_1_99' title="bbox 500 4922 2077 4999">
     <span class='ocr_line' id='line_1_99' title="bbox 500 4922 2077 4999; baseline -0.008 -11"><span class='ocrx_word' id='word_1_741' title='bbox 500 4932 647 4988; x_wconf 85' lang='lat' dir='ltr'><strong>l’atri</strong></span> <span class='ocrx_word' id='word_1_742' title='bbox 675 4947 793 4986; x_wconf 83' lang='lat' dir='ltr'><strong>esse</strong></span> <span class='ocrx_word' id='word_1_743' title='bbox 822 4940 1153 4985; x_wconf 69' lang='lat' dir='ltr'><strong>comtcrnum</strong></span> <span class='ocrx_word' id='word_1_744' title='bbox 1183 4926 1476 4999; x_wconf 89' lang='lat' dir='ltr'><strong>(siquidem</strong></span> <span class='ocrx_word' id='word_1_745' title='bbox 1502 4924 1639 4979; x_wconf 88' lang='lat' dir='ltr'><strong>nihil</strong></span> <span class='ocrx_word' id='word_1_746' title='bbox 1686 4940 1753 4978; x_wconf 94' lang='lat' dir='ltr'><strong>co</strong></span> <span class='ocrx_word' id='word_1_747' title='bbox 1794 4922 2077 4991; x_wconf 85' lang='lat' dir='ltr'><strong>antiquius</strong></span> 
     </span>
    </p>
   </div>
   <div class='ocr_carea' id='block_1_100' title="bbox 501 5011 2075 5091">
    <p class='ocr_par' dir='ltr' id='par_1_100' title="bbox 501 5011 2075 5091">
     <span class='ocr_line' id='line_1_100' title="bbox 501 5011 2075 5091; baseline -0.008 -14"><span class='ocrx_word' id='word_1_748' title='bbox 501 5022 896 5091; x_wconf 88' lang='lat' dir='ltr'><strong>comperimus,</strong></span> <span class='ocrx_word' id='word_1_749' title='bbox 933 5020 1079 5089; x_wconf 80' lang='lat' dir='ltr'><strong>quod</strong></span> <span class='ocrx_word' id='word_1_750' title='bbox 1126 5018 1181 5073; x_wconf 91' lang='lat' dir='ltr'><strong>in</strong></span> <span class='ocrx_word' id='word_1_751' title='bbox 1236 5016 1508 5087; x_wconf 90' lang='lat' dir='ltr'><strong>principio</strong></span> <span class='ocrx_word' id='word_1_752' title='bbox 1554 5030 1674 5069; x_wconf 86' lang='lat' dir='ltr'><strong>esse</strong></span> <span class='ocrx_word' id='word_1_753' title='bbox 1709 5011 2075 5084; x_wconf 88' lang='lat' dir='ltr'><strong>perhibetur).</strong></span> 
     </span>
    </p>
   </div>
   <div class='ocr_carea' id='block_1_101' title="bbox 504 5108 2080 5183">
    <p class='ocr_par' dir='ltr' id='par_1_101' title="bbox 504 5108 2080 5183">
     <span class='ocr_line' id='line_1_101' title="bbox 504 5108 2080 5183; baseline -0.008 -14"><span class='ocrx_word' id='word_1_754' title='bbox 504 5115 641 5169; x_wconf 86' lang='lat' dir='ltr'><strong>Nam</strong></span> <span class='ocrx_word' id='word_1_755' title='bbox 662 5113 765 5169; x_wconf 87' lang='lat' dir='ltr'><strong>etsi</strong></span> <span class='ocrx_word' id='word_1_756' title='bbox 791 5112 1126 5183; x_wconf 85' lang='lat' dir='ltr'><strong>cogitatione</strong></span> <span class='ocrx_word' id='word_1_757' title='bbox 1156 5109 1222 5163; x_wconf 88' lang='lat' dir='ltr'><strong>ad</strong></span> <span class='ocrx_word' id='word_1_758' title='bbox 1254 5108 1531 5163; x_wconf 89' lang='lat' dir='ltr'><strong>anteriora</strong></span> <span class='ocrx_word' id='word_1_759' title='bbox 1561 5120 1834 5167; x_wconf 89' lang='lat' dir='ltr'><strong>recurras,</strong></span> <span class='ocrx_word' id='word_1_760' title='bbox 1863 5118 2080 5172; x_wconf 91' lang='lat' dir='ltr'><strong>semper</strong></span> 
     </span>
    </p>
   </div>
   <div class='ocr_carea' id='block_1_102' title="bbox 506 5195 2082 5276">
    <p class='ocr_par' dir='ltr' id='par_1_102' title="bbox 506 5195 2082 5276">
     <span class='ocr_line' id='line_1_102' title="bbox 506 5195 2082 5276; baseline -0.009 -15"><span class='ocrx_word' id='word_1_761' title='bbox 506 5216 689 5262; x_wconf 88' lang='lat' dir='ltr'><strong>tamen</strong></span> <span class='ocrx_word' id='word_1_762' title='bbox 713 5204 985 5276; x_wconf 71' lang='lat' dir='ltr'><strong>prmccdct</strong></span> <span class='ocrx_word' id='word_1_763' title='bbox 1012 5203 1190 5274; x_wconf 92' lang='lat' dir='ltr'><strong>ipsum</strong></span> <span class='ocrx_word' id='word_1_764' title='bbox 1221 5208 1357 5255; x_wconf 84' lang='lat' dir='ltr'><strong>erat.</strong></span> <span class='ocrx_word' id='word_1_765' title='bbox 1385 5199 1562 5270; x_wconf 85' lang='lat' dir='ltr'><strong>Ipsius</strong></span> <span class='ocrx_word' id='word_1_766' title='bbox 1582 5197 1727 5253; x_wconf 89' lang='lat' dir='ltr'><strong>enim</strong></span> <span class='ocrx_word' id='word_1_767' title='bbox 1761 5204 1875 5249; x_wconf 82' lang='lat' dir='ltr'><strong>erat</strong></span> <span class='ocrx_word' id='word_1_768' title='bbox 1897 5195 2082 5249; x_wconf 89' lang='lat' dir='ltr'><strong>nullus</strong></span> 
     </span>
    </p>
   </div>
   <div class='ocr_carea' id='block_1_103' title="bbox 577 5351 1966 5421">
    <p class='ocr_par' dir='ltr' id='par_1_103' title="bbox 577 5351 1966 5421">
     <span class='ocr_line' id='line_1_103' title="bbox 577 5351 1966 5421; baseline -0.009 -7"><span class='ocrx_word' id='word_1_769' title='bbox 577 5359 602 5390; x_wconf 79' lang='grc'><strong>⁹</strong></span> <span class='ocrx_word' id='word_1_770' title='bbox 632 5360 733 5416; x_wconf 83' lang='lat' dir='ltr'><strong>Isa.</strong></span> <span class='ocrx_word' id='word_1_771' title='bbox 762 5376 834 5421; x_wconf 66' lang='grc' dir='ltr'>χι,</span> <span class='ocrx_word' id='word_1_772' title='bbox 870 5360 915 5413; x_wconf 83' lang='grc'>1.</span> <span class='ocrx_word' id='word_1_773' title='bbox 993 5360 1034 5390; x_wconf 86' lang='grc'>¹⁰</span> <span class='ocrx_word' id='word_1_774' title='bbox 1080 5358 1247 5413; x_wconf 83' lang='lat' dir='ltr'><strong>Hebr.</strong></span> <span class='ocrx_word' id='word_1_775' title='bbox 1282 5374 1340 5419; x_wconf 88' lang='grc' dir='ltr'><strong>ιι,</strong></span> <span class='ocrx_word' id='word_1_776' title='bbox 1372 5357 1455 5410; x_wconf 79' lang='grc'><strong>16.</strong></span> <span class='ocrx_word' id='word_1_777' title='bbox 1534 5355 1575 5386; x_wconf 82' lang='grc'>¹¹</span> <span class='ocrx_word' id='word_1_778' title='bbox 1604 5352 1795 5408; x_wconf 87' lang='lat' dir='ltr'><strong>Matth.</strong></span> <span class='ocrx_word' id='word_1_779' title='bbox 1828 5367 1866 5416; x_wconf 93' lang='grc' dir='ltr'><strong>ι,</strong></span> <span class='ocrx_word' id='word_1_780' title='bbox 1915 5351 1966 5403; x_wconf 77' lang='lat' dir='ltr'><strong>l.</strong></span> 
     </span>
    </p>
   </div>
   <div class='ocr_carea' id='block_1_104' title="bbox 2169 4454 3742 4533">
    <p class='ocr_par' dir='ltr' id='par_1_104' title="bbox 2169 4454 3742 4533">
     <span class='ocr_line' id='line_1_104' title="bbox 2169 4454 3742 4533; baseline -0.01 -13"><span class='ocrx_word' id='word_1_781' title='bbox 2169 4464 2335 4521; x_wconf 79' lang='grc' dir='ltr'>αὐτοῦ</span> <span class='ocrx_word' id='word_1_782' title='bbox 2365 4464 2586 4533; x_wconf 76' lang='grc' dir='ltr'>ἐγένετο</span> <span class='ocrx_word' id='word_1_783' title='bbox 2613 4462 2735 4515; x_wconf 79' lang='grc' dir='ltr'>οὐδὲ</span> <span class='ocrx_word' id='word_1_784' title='bbox 2763 4460 2841 4525; x_wconf 85' lang='grc' dir='ltr'>ἒν,</span> <span class='ocrx_word' id='word_1_785' title='bbox 2878 4459 2906 4511; x_wconf 87' lang='grc' dir='ltr'><strong>ὃ</strong></span> <span class='ocrx_word' id='word_1_786' title='bbox 2938 4458 3158 4527; x_wconf 80' lang='grc' dir='ltr'>γέγονεν</span> <span class='ocrx_word' id='word_1_787' title='bbox 3179 4474 3192 4488; x_wconf 88' lang='grc'><strong>·</strong></span> <span class='ocrx_word' id='word_1_788' title='bbox 3238 4475 3257 4508; x_wconf 75' lang='grc' dir='ltr'><strong>ι</strong></span> <span class='ocrx_word' id='word_1_789' title='bbox 3297 4456 3385 4508; x_wconf 84' lang='grc' dir='ltr'>ὅτε</span> <span class='ocrx_word' id='word_1_790' title='bbox 3421 4454 3619 4519; x_wconf 79' lang='grc' dir='ltr'>ἔδειξεν</span> <span class='ocrx_word' id='word_1_791' title='bbox 3646 4454 3742 4504; x_wconf 63' lang='grc' dir='ltr'><strong>αὐ-</strong></span> 
     </span>
    </p>
   </div>
   <div class='ocr_carea' id='block_1_105' title="bbox 2169 4544 3741 4624">
    <p class='ocr_par' dir='ltr' id='par_1_105' title="bbox 2169 4544 3741 4624">
     <span class='ocr_line' id='line_1_105' title="bbox 2169 4544 3741 4624; baseline -0.011 -11"><span class='ocrx_word' id='word_1_792' title='bbox 2169 4560 2259 4613; x_wconf 80' lang='grc' dir='ltr'><strong>τὸν</strong></span> <span class='ocrx_word' id='word_1_793' title='bbox 2310 4556 2577 4609; x_wconf 83' lang='grc' dir='ltr'>συναῖδιον</span> <span class='ocrx_word' id='word_1_794' title='bbox 2616 4553 2692 4624; x_wconf 82' lang='grc' dir='ltr'><strong>τῷ</strong></span> <span class='ocrx_word' id='word_1_795' title='bbox 2739 4550 2934 4621; x_wconf 81' lang='grc' dir='ltr'>Πατρί.</span> <span class='ocrx_word' id='word_1_796' title='bbox 2989 4549 3095 4602; x_wconf 91' lang='grc' dir='ltr'><strong>Τοῦ</strong></span> <span class='ocrx_word' id='word_1_797' title='bbox 3140 4547 3249 4616; x_wconf 81' lang='grc' dir='ltr'><strong>γὰρ</strong></span> <span class='ocrx_word' id='word_1_798' title='bbox 3298 4548 3356 4599; x_wconf 80' lang='grc' dir='ltr'>ἐν</span> <span class='ocrx_word' id='word_1_799' title='bbox 3404 4547 3544 4615; x_wconf 79' lang='grc' dir='ltr'>ἀρχῇ</span> <span class='ocrx_word' id='word_1_800' title='bbox 3592 4544 3741 4596; x_wconf 77' lang='grc' dir='ltr'>οὐδὲν</span> 
     </span>
    </p>
   </div>
   <div class='ocr_carea' id='block_1_106' title="bbox 2171 4636 3737 4721">
    <p class='ocr_par' dir='ltr' id='par_1_106' title="bbox 2171 4636 3737 4721">
     <span class='ocr_line' id='line_1_106' title="bbox 2171 4636 3737 4721; baseline -0.011 -17"><span class='ocrx_word' id='word_1_801' title='bbox 2171 4649 2546 4721; x_wconf 85' lang='grc' dir='ltr'>πρεσϐύτερον</span> <span class='ocrx_word' id='word_1_802' title='bbox 2573 4644 2903 4715; x_wconf 79' lang='grc' dir='ltr'>εὑρίσκομεν</span> <span class='ocrx_word' id='word_1_803' title='bbox 2929 4659 2942 4672; x_wconf 87' lang='grc'><strong>·</strong></span> <span class='ocrx_word' id='word_1_804' title='bbox 2964 4641 3067 4694; x_wconf 79' lang='grc' dir='ltr'><strong>κᾶν</strong></span> <span class='ocrx_word' id='word_1_805' title='bbox 3091 4638 3413 4709; x_wconf 75' lang='grc' dir='ltr'>ἀναδράμῃς</span> <span class='ocrx_word' id='word_1_806' title='bbox 3428 4640 3494 4707; x_wconf 76' lang='grc' dir='ltr'>τῇ</span> <span class='ocrx_word' id='word_1_807' title='bbox 3516 4636 3737 4704; x_wconf 61' lang='grc' dir='ltr'>διανοίᾳ,</span> 
     </span>
    </p>
   </div>
   <div class='ocr_carea' id='block_1_107' title="bbox 2172 4725 3740 4810">
    <p class='ocr_par' dir='ltr' id='par_1_107' title="bbox 2172 4725 3740 4810">
     <span class='ocr_line' id='line_1_107' title="bbox 2172 4725 3740 4810; baseline -0.008 -17"><span class='ocrx_word' id='word_1_808' title='bbox 2172 4737 2548 4810; x_wconf 86' lang='grc' dir='ltr'>προλαμϐάνει</span> <span class='ocrx_word' id='word_1_809' title='bbox 2596 4751 2657 4787; x_wconf 88' lang='grc' dir='ltr'><strong>σε</strong></span> <span class='ocrx_word' id='word_1_810' title='bbox 2689 4734 2768 4796; x_wconf 82' lang='grc' dir='ltr'><strong>τὸ,</strong></span> <span class='ocrx_word' id='word_1_811' title='bbox 2823 4728 2921 4801; x_wconf 81' lang='grc' dir='ltr'><strong>ἦν,</strong></span> <span class='ocrx_word' id='word_1_812' title='bbox 2964 4730 3058 4783; x_wconf 87' lang='grc' dir='ltr'><strong>τοῦ</strong></span> <span class='ocrx_word' id='word_1_813' title='bbox 3102 4728 3212 4798; x_wconf 83' lang='grc' dir='ltr'>γὰρ</span> <span class='ocrx_word' id='word_1_814' title='bbox 3256 4725 3337 4798; x_wconf 76' lang='grc' dir='ltr'><strong>ἦν</strong></span> <span class='ocrx_word' id='word_1_815' title='bbox 3377 4728 3529 4780; x_wconf 80' lang='grc' dir='ltr'>οὐδὲν</span> <span class='ocrx_word' id='word_1_816' title='bbox 3570 4726 3740 4795; x_wconf 73' lang='grc' dir='ltr'>τέρμα</span> 
     </span>
    </p>
   </div>
   <div class='ocr_carea' id='block_1_108' title="bbox 2175 4818 3745 4901">
    <p class='ocr_par' dir='ltr' id='par_1_108' title="bbox 2175 4818 3745 4901">
     <span class='ocr_line' id='line_1_108' title="bbox 2175 4818 3745 4901; baseline -0.011 -17"><span class='ocrx_word' id='word_1_817' title='bbox 2175 4831 2522 4901; x_wconf 84' lang='grc' dir='ltr'>εὑρίσκεται·</span> <span class='ocrx_word' id='word_1_818' title='bbox 2563 4827 2651 4879; x_wconf 82' lang='grc' dir='ltr'>ὅτε</span> <span class='ocrx_word' id='word_1_819' title='bbox 2688 4824 2861 4878; x_wconf 86' lang='grc' dir='ltr'>ταῦτα</span> <span class='ocrx_word' id='word_1_820' title='bbox 2891 4824 3099 4893; x_wconf 85' lang='grc' dir='ltr'>εἴρηκε,</span> <span class='ocrx_word' id='word_1_821' title='bbox 3146 4821 3240 4872; x_wconf 73' lang='grc' dir='ltr'>καὶ</span> <span class='ocrx_word' id='word_1_822' title='bbox 3280 4818 3451 4883; x_wconf 76' lang='grc' dir='ltr'>ἔδειξε</span> <span class='ocrx_word' id='word_1_823' title='bbox 3484 4818 3745 4871; x_wconf 81' lang='grc' dir='ltr'>συναῖδιον</span> 
     </span>
    </p>
   </div>
   <div class='ocr_carea' id='block_1_109' title="bbox 2178 4910 3744 4995">
    <p class='ocr_par' dir='ltr' id='par_1_109' title="bbox 2178 4910 3744 4995">
     <span class='ocr_line' id='line_1_109' title="bbox 2178 4910 3744 4995; baseline -0.011 -19"><span class='ocrx_word' id='word_1_824' title='bbox 2178 4924 2256 4995; x_wconf 82' lang='grc' dir='ltr'>τῷ</span> <span class='ocrx_word' id='word_1_825' title='bbox 2276 4920 2473 4990; x_wconf 71' lang='grc' dir='ltr'>Πατρὶ,</span> <span class='ocrx_word' id='word_1_826' title='bbox 2505 4919 2601 4972; x_wconf 75' lang='grc' dir='ltr'><strong>καὶ</strong></span> <span class='ocrx_word' id='word_1_827' title='bbox 2625 4914 2959 4987; x_wconf 86' lang='grc' dir='ltr'>δημιουργὸν</span> <span class='ocrx_word' id='word_1_828' title='bbox 2976 4913 3084 4965; x_wconf 82' lang='grc' dir='ltr'><strong>τῶν</strong></span> <span class='ocrx_word' id='word_1_829' title='bbox 3108 4913 3347 4974; x_wconf 84' lang='grc' dir='ltr'>πάντων,</span> <span class='ocrx_word' id='word_1_830' title='bbox 3369 4912 3489 4964; x_wconf 87' lang='grc' dir='ltr'>τότε</span> <span class='ocrx_word' id='word_1_831' title='bbox 3520 4910 3711 4977; x_wconf 79' lang='grc' dir='ltr'>ἐπάγει</span> <span class='ocrx_word' id='word_1_832' title='bbox 3730 4925 3744 4938; x_wconf 90' lang='grc'><strong>·</strong></span> 
     </span>
    </p>
   </div>
   <div class='ocr_carea' id='block_1_110' title="bbox 2186 4998 3747 5078">
    <p class='ocr_par' dir='ltr' id='par_1_110' title="bbox 2186 4998 3747 5078">
     <span class='ocr_line' id='line_1_110' title="bbox 2186 4998 3747 5078; baseline -0.01 -13"><span class='ocrx_word' id='word_1_833' title='bbox 2186 5033 2205 5064; x_wconf 77' lang='grc' dir='ltr'><strong>ι</strong></span> <span class='ocrx_word' id='word_1_834' title='bbox 2227 5012 2285 5065; x_wconf 88' lang='lat'><strong>&#39;0</strong></span> <span class='ocrx_word' id='word_1_835' title='bbox 2319 5011 2491 5078; x_wconf 86' lang='grc' dir='ltr'>Λόγος</span> <span class='ocrx_word' id='word_1_836' title='bbox 2528 5006 2666 5076; x_wconf 81' lang='grc' dir='ltr'>σὰρξ</span> <span class='ocrx_word' id='word_1_837' title='bbox 2714 5004 2952 5072; x_wconf 83' lang='grc' dir='ltr'>ἐγένετο,</span> <span class='ocrx_word' id='word_1_838' title='bbox 2982 5021 2999 5054; x_wconf 74' lang='grc' dir='ltr'><strong>ι</strong></span> <span class='ocrx_word' id='word_1_839' title='bbox 3038 5002 3322 5071; x_wconf 78' lang='grc' dir='ltr'>μονονουχὶ</span> <span class='ocrx_word' id='word_1_840' title='bbox 3352 5001 3545 5067; x_wconf 83' lang='grc' dir='ltr'>λέγων,</span> <span class='ocrx_word' id='word_1_841' title='bbox 3575 4998 3655 5049; x_wconf 78' lang='grc' dir='ltr'>ὅτι</span> <span class='ocrx_word' id='word_1_842' title='bbox 3688 4998 3747 5050; x_wconf 89' lang='grc' dir='ltr'>Ὀ</span> 
     </span>
    </p>
   </div>
   <div class='ocr_carea' id='block_1_111' title="bbox 2184 5082 3749 5167">
    <p class='ocr_par' dir='ltr' id='par_1_111' title="bbox 2184 5082 3749 5167">
     <span class='ocr_line' id='line_1_111' title="bbox 2184 5082 3749 5167; baseline -0.014 -12"><span class='ocrx_word' id='word_1_843' title='bbox 2184 5100 2453 5162; x_wconf 80' lang='grc' dir='ltr'>συναῖδιος</span> <span class='ocrx_word' id='word_1_844' title='bbox 2501 5095 2578 5167; x_wconf 83' lang='grc' dir='ltr'>τῷ</span> <span class='ocrx_word' id='word_1_845' title='bbox 2617 5093 2816 5163; x_wconf 74' lang='grc' dir='ltr'>Πατρὶ,</span> <span class='ocrx_word' id='word_1_846' title='bbox 2859 5090 2953 5143; x_wconf 72' lang='grc' dir='ltr'><strong>καὶ</strong></span> <span class='ocrx_word' id='word_1_847' title='bbox 2992 5088 3100 5141; x_wconf 82' lang='grc' dir='ltr'><strong>τῶν</strong></span> <span class='ocrx_word' id='word_1_848' title='bbox 3138 5088 3359 5140; x_wconf 87' lang='grc' dir='ltr'>πάντων</span> <span class='ocrx_word' id='word_1_849' title='bbox 3411 5085 3613 5155; x_wconf 82' lang='grc' dir='ltr'>Κύριος</span> <span class='ocrx_word' id='word_1_850' title='bbox 3656 5082 3749 5134; x_wconf 73' lang='grc' dir='ltr'><strong>καὶ</strong></span> 
     </span>
    </p>
   </div>
   <div class='ocr_carea' id='block_1_112' title="bbox 2183 5173 3749 5262">
    <p class='ocr_par' dir='ltr' id='par_1_112' title="bbox 2183 5173 3749 5262">
     <span class='ocr_line' id='line_1_112' title="bbox 2183 5173 3749 5262; baseline -0.015 -16"><span class='ocrx_word' id='word_1_851' title='bbox 2183 5187 2537 5262; x_wconf 85' lang='grc' dir='ltr'>δημιουργὸς,</span> <span class='ocrx_word' id='word_1_852' title='bbox 2592 5181 2846 5236; x_wconf 87' lang='grc' dir='ltr'>τοσοῦτον</span> <span class='ocrx_word' id='word_1_853' title='bbox 2878 5178 3243 5233; x_wconf 72' lang='grc' dir='ltr'>ἐταπείνωσεν</span> <span class='ocrx_word' id='word_1_854' title='bbox 3283 5176 3475 5228; x_wconf 79' lang='grc' dir='ltr'>ἑαυτὸν</span> <span class='ocrx_word' id='word_1_855' title='bbox 3507 5173 3573 5226; x_wconf 78' lang='grc' dir='ltr'>δι’</span> <span class='ocrx_word' id='word_1_856' title='bbox 3608 5173 3749 5241; x_wconf 73' lang='grc' dir='ltr'>ἡμᾶς</span> 
     </span>
    </p>
   </div>
   <div class='ocr_carea' id='block_1_113' title="bbox 2046 5324 3726 5410">
    <p class='ocr_par' dir='ltr' id='par_1_113' title="bbox 2046 5324 3726 5410">
     <span class='ocr_line' id='line_1_113' title="bbox 2046 5324 3726 5410; baseline -0.015 -8"><span class='ocrx_word' id='word_1_857' title='bbox 2046 5349 2089 5379; x_wconf 84' lang='grc'>¹¹</span> <span class='ocrx_word' id='word_1_858' title='bbox 2113 5348 2271 5402; x_wconf 78' lang='lat' dir='ltr'><strong>Rom.</strong></span> <span class='ocrx_word' id='word_1_859' title='bbox 2303 5361 2376 5410; x_wconf 74' lang='lat' dir='ltr'><strong>Ix,</strong></span> <span class='ocrx_word' id='word_1_860' title='bbox 2415 5343 2468 5398; x_wconf 82' lang='lat'><strong>5.</strong></span> <span class='ocrx_word' id='word_1_861' title='bbox 2548 5339 2589 5371; x_wconf 84' lang='grc'><strong>¹³</strong></span> <span class='ocrx_word' id='word_1_862' title='bbox 2620 5338 2783 5395; x_wconf 81' lang='lat' dir='ltr'><strong>Rom.</strong></span> <span class='ocrx_word' id='word_1_863' title='bbox 2813 5351 2852 5402; x_wconf 93' lang='grc' dir='ltr'><strong>ι,</strong></span> <span class='ocrx_word' id='word_1_864' title='bbox 2884 5334 2937 5401; x_wconf 77' lang='grc'>5,</span> <span class='ocrx_word' id='word_1_865' title='bbox 2968 5334 3021 5388; x_wconf 71' lang='grc'>4.</span> <span class='ocrx_word' id='word_1_866' title='bbox 3104 5331 3143 5363; x_wconf 66' lang='grc'><strong>¹⁵</strong></span> <span class='ocrx_word' id='word_1_867' title='bbox 3170 5329 3272 5384; x_wconf 87' lang='lat' dir='ltr'><strong>lsa.</strong></span> <span class='ocrx_word' id='word_1_868' title='bbox 3301 5346 3351 5397; x_wconf 76' lang='grc' dir='ltr'><strong>ι,</strong></span> <span class='ocrx_word' id='word_1_869' title='bbox 3388 5329 3440 5386; x_wconf 85' lang='lat'><em>6.</em></span> <span class='ocrx_word' id='word_1_870' title='bbox 3520 5328 3563 5359; x_wconf 78' lang='lat'><strong>“</strong></span> <span class='ocrx_word' id='word_1_871' title='bbox 3597 5324 3726 5381; x_wconf 79' lang='lat' dir='ltr'><strong>Joau</strong></span> 
     </span>
    </p>
   </div>
   <div class='ocr_carea' id='block_1_114' title="bbox 513 5415 2042 5495">
    <p class='ocr_par' dir='ltr' id='par_1_114' title="bbox 513 5415 2042 5495">
     <span class='ocr_line' id='line_1_114' title="bbox 513 5415 2042 5495; baseline -0.006 -13"><span class='ocrx_word' id='word_1_872' title='bbox 513 5443 553 5492; x_wconf 87' lang='grc' dir='ltr'><strong>ι,</strong></span> <span class='ocrx_word' id='word_1_873' title='bbox 596 5428 679 5482; x_wconf 67' lang='grc'><strong>14.</strong></span> <span class='ocrx_word' id='word_1_874' title='bbox 723 5415 999 5484; x_wconf 62' lang='lat' dir='ltr'><strong>“Marc.</strong></span> <span class='ocrx_word' id='word_1_875' title='bbox 1042 5444 1120 5495; x_wconf 85' lang='grc' dir='ltr'>ιιι,</span> <span class='ocrx_word' id='word_1_876' title='bbox 1162 5430 1243 5483; x_wconf 81' lang='grc'><strong>17.</strong></span> <span class='ocrx_word' id='word_1_877' title='bbox 1324 5415 1361 5458; x_wconf 73' lang='grc' dir='ltr'><strong>ίτ</strong></span> <span class='ocrx_word' id='word_1_878' title='bbox 1394 5427 1550 5482; x_wconf 87' lang='lat' dir='ltr'><strong>Joan.</strong></span> <span class='ocrx_word' id='word_1_879' title='bbox 1586 5440 1699 5487; x_wconf 71' lang='lat' dir='ltr'><strong>xm,</strong></span> <span class='ocrx_word' id='word_1_880' title='bbox 1733 5422 1822 5475; x_wconf 72' lang='lat'><strong>23.</strong></span> <span class='ocrx_word' id='word_1_881' title='bbox 1902 5422 1943 5449; x_wconf 72' lang='grc'><strong>’⁸</strong></span> <span class='ocrx_word' id='word_1_882' title='bbox 1981 5419 2042 5474; x_wconf 85' lang='lat' dir='ltr'><strong>Jo</strong></span> 
     </span>
    </p>
   </div>
   <div class='ocr_carea' id='block_1_115' title="bbox 2146 5415 2359 5495">
    <p class='ocr_par' dir='ltr' id='par_1_115' title="bbox 2168 5415 2359 5483">
     <span class='ocr_line' id='line_1_115' title="bbox 2168 5415 2359 5483; baseline -0.01 -11"><span class='ocrx_word' id='word_1_883' title='bbox 2168 5435 2206 5483; x_wconf 89' lang='grc' dir='ltr'><strong>ι,</strong></span> <span class='ocrx_word' id='word_1_884' title='bbox 2241 5415 2359 5470; x_wconf 80' lang='grc'><strong>1-5.</strong></span> 
     </span>
    </p>
   </div>
   <div class='ocr_carea' id='block_1_116' title="bbox 1618 5522 2701 5597">
    <p class='ocr_par' dir='ltr' id='par_1_116' title="bbox 1618 5522 2701 5597">
     <span class='ocr_line' id='line_1_116' title="bbox 1618 5522 2701 5597; baseline -0.014 -6"><span class='ocrx_word' id='word_1_885' title='bbox 1618 5536 1789 5592; x_wconf 65' lang='lat' dir='ltr'><strong>Varia:</strong></span> <span class='ocrx_word' id='word_1_886' title='bbox 1811 5536 2073 5590; x_wconf 87' lang='lat' dir='ltr'><strong>lectiones</strong></span> <span class='ocrx_word' id='word_1_887' title='bbox 2111 5532 2315 5589; x_wconf 80' lang='lat' dir='ltr'><strong>codicis</strong></span> <span class='ocrx_word' id='word_1_888' title='bbox 2341 5522 2701 5597; x_wconf 75' lang='lat' dir='ltr'><strong>Segnicriaui.</strong></span> 
     </span>
    </p>
   </div>
   <div class='ocr_carea' id='block_1_117' title="bbox 588 5655 1930 5731">
    <p class='ocr_par' dir='ltr' id='par_1_117' title="bbox 588 5655 1930 5731">
     <span class='ocr_line' id='line_1_117' title="bbox 588 5655 1930 5731; baseline -0.002 -20"><span class='ocrx_word' id='word_1_889' title='bbox 588 5669 613 5711; x_wconf 76' lang='grc' dir='ltr'><em>Ρ</em></span> <span class='ocrx_word' id='word_1_890' title='bbox 643 5659 850 5731; x_wconf 80' lang='grc' dir='ltr'>κυρίου.</span> <span class='ocrx_word' id='word_1_891' title='bbox 927 5671 953 5709; x_wconf 67' lang='grc' dir='ltr'>τι</span> <span class='ocrx_word' id='word_1_892' title='bbox 984 5657 1137 5713; x_wconf 84' lang='grc' dir='ltr'>Θεοῦ.</span> <span class='ocrx_word' id='word_1_893' title='bbox 1218 5669 1236 5696; x_wconf 76' lang='grc' dir='ltr'><strong><em>τ</em></strong></span> <span class='ocrx_word' id='word_1_894' title='bbox 1258 5657 1665 5727; x_wconf 71' lang='grc' dir='ltr'>κατακλιθῆναι.</span> <span class='ocrx_word' id='word_1_895' title='bbox 1746 5668 1764 5694; x_wconf 73' lang='grc' dir='ltr'><strong>ε</strong></span> <span class='ocrx_word' id='word_1_896' title='bbox 1792 5655 1930 5708; x_wconf 78' lang='grc' dir='ltr'>θεῖα.</span> 
     </span>
    </p>
   </div>
  </div>
