4048 6210
441 236 575 295 Mil

1910 238 2245 298 ΗΟΜΙΙᾸᾹΞ.

3523 259 3661 315 1449.

337 343 340 346 ’
438 350 533 403 καὶ
552 349 651 421 τὴν
684 348 959 421 ἡμετέραν
989 349 1285 420 σωτηρίαν,
1315 350 1456 405 ὥστε
1481 350 1617 423 σὰρξ
1642 350 1878 422 ἐγένετο,
1910 355 1996 410 ἵνα

2101 358 2377 415 invenitur
2426 361 2690 416 terminus
2725 382 2737 416 :
2771 379 2913 429 cum,
2941 366 3182 435 inquam,
3214 368 3327 422 haec
3362 373 3658 438 prmmisis-

436 439 545 494 ἀπὸ
566 441 662 493 τοῦ
695 438 1075 510 εὐτελεστέρου
1097 442 1197 511 τῆς
1222 440 1436 509 φύσεως
1469 442 1627 512 ἡμῶν
1650 446 1846 516 μέρους
1875 448 1997 509 τοὺς

372 598 373 601 η
438 531 874 602 ὑπερϐάλλοντας
900 530 994 583 τοῦ
1016 529 1152 583 Θεοῦ
1181 532 1499 603 οίκτιρμοὺς
1521 536 1648 605 περὶ
1664 537 1811 606 ἡμᾶς
1829 534 1996 608 δείξῃ.

441 642 460 674 ι
503 623 563 675 '0
579 621 748 690 Λόγος
773 616 889 685 οὖν,
916 622 1072 691 φησὶ,
1110 622 1250 693 σὰρξ
1278 623 1514 691 ἐγένετο.
1549 644 1569 678 ι
1600 627 1710 680 Καὶ
1737 628 1839 681 οὐκ
1869 627 1998 700 ἔστη

438 713 599 783 μέχρι
637 712 851 776 τούτου,
888 712 1003 765 ἀλλ’
1047 714 1327 783 ἐπήγαγε·
1370 733 1388 766 ι
1442 715 1553 768 Kal.
1602 708 1912 788 ἐσκήνωσεν
1942 720 2001 772 ὲν

433 803 584 871 ἡμῖν·
629 820 648 852 ι
690 801 752 854 τὸ
776 801 831 854 δὲ
864 801 1139 872 δεύτερον,
1171 802 1266 856 τοῦ
1300 802 1517 874 πρώτου
1552 804 1817 874 ἑρμηνεία
1860 806 1997 859 ἐστί.

433 890 498 943 Τί
529 891 700 956 ἐστιν,
742 910 761 943 ι
795 891 857 946 '0
885 893 1057 961 Λόγος
1087 892 1223 966 σὰρξ
1249 895 1463 962 ἐγένετο
1484 911 1498 958 ;
1522 914 1543 948 ι
1576 893 1915 966 Ἐσκήνωσεν
1943 899 2001 951 ἐν

432 982 585 1052 ⁴ἡμῖν,
617 982 920 1048 τουτέστιν,
954 985 1013 1037 ὲν
1040 986 1107 1054 τῇ
1132 983 1376 1056 ἡμετέρᾳ
1407 987 1589 1053 φύσει.
1619 983 1764 1055 Ὅρα
1789 987 1884 1040 καὶ
1911 987 2002 1040 τὸν

444 1072 699 1143 Ἰωάννην
731 1073 825 1126 δύο
880 1073 1075 1144 φύσεις
1129 1075 1490 1147 κηρύττοντα,
1550 1077 1644 1131 καὶ
1698 1078 1794 1131 ἕνα
1850 1078 1998 1133 Υίόν.

433 1163 662 1235 Ἕτερον
689 1164 887 1236 σκηνὴ,
923 1166 1016 1220 καὶ
1044 1165 1232 1236 ἕτερον
1262 1167 1324 1220 τὸ
1344 1167 1577 1239 σκηνοῦν
1594 1186 1610 1201 ·
1636 1169 1822 1240 ἕτερον
1853 1172 1999 1239 ναὸς,

433 1256 527 1309 καὶ
554 1256 740 1327 ἕτερον
771 1259 800 1311 ό
831 1258 1059 1313 ὲνοικῶν
1101 1258 1255 1322 Θεός.
1300 1259 1545 1331 Πρόσεχε
1585 1258 1664 1330 τῷ
1699 1260 1997 1333 λεγομένῳ.

432 1348 546 1401 Οὐκ
575 1344 727 1401 εἶπον
770 1350 816 1414 ί,
856 1348 1055 1418 ἕτερος
1083 1349 1179 1404 καὶ
1199 1350 1420 1419 ἕτερος,
1446 1350 1521 1415 ὼς
1553 1350 1646 1403 ἐπὶ
1665 1350 1758 1404 δύο
1782 1351 2000 1422 προσώ-

432 1457 571 1501 πων,
621 1439 655 1512 ἦ
687 1439 779 1493 δύο
811 1440 1084 1511 Χριστῶν,
1127 1441 1160 1512 ἢ
1189 1441 1283 1496 δύο
1324 1442 1457 1495 υἱῶν
1478 1458 1493 1473 ·
1527 1440 1642 1495 ἀλλ’
1672 1441 1878 1511 ἕτερον
1903 1442 2003 1497 καὶ

431 1528 653 1599 ἕτερον,
679 1531 754 1593 ὡς
783 1531 877 1584 ἐπὶ
896 1530 991 1584 δύο
1018 1531 1252 1600 φύσεων.
1271 1532 1401 1586 Ὅτε
1426 1528 1518 1588 οὖν
1538 1527 1722 1588 εἶπεν*
1758 1553 1777 1585 ι
1802 1535 2000 1609 Ἐσκὴ-

429 1639 601 1675 νωτεν
629 1623 689 1675 ὲν
721 1623 871 1692 ἡμῖν,
918 1640 937 1673 ι
974 1623 1066 1676 καὶ
1098 1622 1333 1694 ἐκήρυξε
1374 1624 1474 1687 τὰς
1519 1623 1613 1676 δύο
1639 1624 1848 1693 φύσεις,
1880 1626 2000 1680 τότε

2102 458 2205 515 set,
2240 452 2497 521 Patrique
2522 463 2878 517 cozeternum,
2899 464 2957 509 et
3007 458 3251 511 omnium
3283 460 3536 528 opiﬁcem
3569 479 3658 518 os-

2102 539 2388 605 tendisset,
2442 542 2661 597 tandem
2700 544 2981 615 subjuugit
3025 564 3039 599 :
3089 565 3106 597 ι
3147 549 3214 601 Ει
3257 549 3491 606 Verbum
3532 568 3662 609 caro

2101 628 2303 686 factum
2334 639 2451 697 est;
2487 653 2504 684 ι
2547 642 2759 688 tantum
2782 651 2891 690 non
2918 637 3064 693 istud
3090 639 3309 695 dicens:
3357 643 3461 709 Qui
3515 646 3660 703 Patri

2100 727 2426 786 coaeternus,
2455 739 2748 796 rerumque
2796 729 3040 784 omnium
3085 732 3338 786 conditor
3369 749 3433 789 ac
3482 736 3659 791 Domi—

2102 827 2207 867 nus
2230 814 2464 879 exsistit,
2500 816 2638 871 adeo
2664 826 2891 887 propter
2919 830 3161 875 nostram
3184 807 3415 877 salutem
3463 838 3660 881 semet-

2103 903 2280 973 ipsum
2308 905 2622 962 humiliavit
2650 910 2716 973 ‘°,
2751 918 2814 963 ut
2834 909 3012 966 factus
3050 912 3122 967 sit
3164 929 3328 980 caro;
3355 929 3466 983 quo
3495 917 3661 971 nimi-

2104 1009 2225 1047 rum
2249 995 2429 1049 viliori
2462 1005 2672 1052 naturae
2691 1006 2893 1054 nostra:
2910 1001 3166 1069 portione
3188 1003 3522 1060 excellentes
3544 1006 3665 1062 illas

2102 1082 2200 1136 Dei
2227 1099 2355 1155 erga
2399 1100 2502 1140 nos
2551 1087 2933 1146 miserationes
2976 1092 3330 1161 patefaceret.
3366 1095 3458 1148 Ait
3500 1112 3662 1167 ergo:
3775 1089 3779 1092 ’

2109 1192 2128 1225 ι
2151 1175 2219 1229 Ει
2258 1176 2499 1231 Verbum
2551 1192 2681 1232 caro
2707 1177 2913 1234 factum
2956 1190 3058 1235 est.
3081 1200 3099 1232 ι
3136 1183 3339 1238 Verum
3378 1185 3666 1255 hucusque

2102 1279 2446 1335 progressus,
2472 1282 2585 1321 non
2606 1268 2877 1324 constitit.
2901 1269 3068 1327 Addit
3087 1272 3236 1327 enim
3259 1291 3272 1326 :
3303 1275 3409 1328 tEt
3446 1276 3667 1331 habita-

2100 1357 2181 1411 vit
2201 1356 2257 1411 in
2277 1356 2456 1413 nobis.
2476 1341 2503 1409 ἶ
2521 1358 2804 1415 Posterius
2829 1361 3036 1431 prioris
3064 1363 3374 1433 explanatio
3395 1375 3499 1421 est.
3523 1367 3664 1421 Nam

2100 1447 2233 1518 quid
2284 1460 2390 1514 est,
2425 1468 2444 1501 ι
2466 1450 2707 1507 Verbum
2747 1468 2877 1509 caro
2904 1454 3109 1511 factum
3141 1465 3258 1520 est,
3307 1477 3324 1510 ι
3358 1458 3463 1513 nisi
3520 1459 3667 1528 quod

2102 1540 2365 1596 habitarit
2397 1541 2453 1595 in
2496 1542 2675 1608 nobis,
2705 1544 2812 1600 hoc
2847 1555 2933 1602 est
2983 1548 3039 1602 in
3078 1556 3267 1603 nostra
3299 1550 3527 1604 natura?
3559 1550 3671 1605 Ad-

2101 1640 2254 1688 verte
2276 1633 2442 1688 etiam
2463 1634 2729 1690 Joannem
2752 1636 2888 1693 duas
2907 1646 3131 1694 naturas
3150 1640 3470 1709 praedicare,
3494 1657 3668 1696 unum

430 1712 705 1782 ὲπήγαγεο
734 1732 752 1763 ι
788 1714 900 1767 Καὶ
923 1714 1269 1785 ἐθεασάμεθα
1308 1715 1407 1788 τὴν
1435 1714 1590 1780 δόξαν
1623 1717 1814 1782 αὑτοῦ,
1843 1717 1998 1784 δόξαν

2101 1725 2282 1772 autem
2308 1718 2528 1773 Filium.
2549 1718 2712 1775 Aliud
2739 1730 2824 1777 est
2851 1724 2999 1778 enim
3022 1703 3417 1789 habitaculum,
3441 1733 3498 1780 et
3518 1726 3665 1782 aliud

428 1802 505 1866 ὡς
529 1804 885 1872 Μονογενοῦς.
912 1823 930 1856 ι
958 1806 1072 1859 Οὐκ
1098 1803 1242 1872 εἷπε,
1259 1806 1363 1860 Δύο
1389 1807 1541 1869 υἱῶν,
1560 1806 1718 1873 ἀλλά,
1747 1810 2001 1879 Morare-

427 1892 593 1958 νοῦς.
618 1892 843 1957 Ἡσαϊας
882 1890 975 1947 οὖν
1007 1895 1273 1967 κηρύσσει
1307 1896 1398 1949 τὸν
1442 1896 1813 1967 Ἐμμανουὴλ,
1846 1913 2000 1952 τουτ-

429 1983 545 2035 έστι
575 1983 708 2037 Θεὸν
752 1984 1271 2057 ὲνανθρωπήσαντα.
1329 1986 1536 2059 Πέτρος
1568 1987 1625 2041 δὲ
1658 1987 1832 2056 λέγει·
1869 2007 1887 2040 ι
1928 1988 1998 2040 Σὺ

429 2070 482 2128 εἴ
511 2079 538 2128 ὸ
575 2077 809 2146 Χριστὸς
844 2079 873 2130 ὁ
898 2077 1024 2142 Υἱὸς
1047 2077 1140 2132 τοῦ
1165 2078 1299 2140 Θεοῦ
1335 2078 1428 2133 τοῦ
1460 2077 1683 2144 ζῶντος,
1717 2099 1736 2131 ι
1773 2079 1870 2151 τὴν
1891 2080 2000 2133 διτ-

430 2166 527 2237 τὴν
561 2164 742 2236 φῦσιν,
773 2169 869 2224 καὶ
893 2168 954 2220 τδ
984 2168 1273 2238 μοναδικόν
1302 2169 1594 2240 πρόσωπον
1620 2169 1714 2224 τοῦ
1745 2169 1898 2224 Υίοῦ.
1941 2169 1999 2223 '0

433 2257 682 2327 θεολόγος
714 2259 965 2331 Ἰωάννης
990 2260 1172 2328 λέγει’
1203 2280 1221 2312 ι
1254 2262 1363 2314 Καὶ
1390 2262 1698 2332 ἐσκήνωσεν
1714 2262 1773 2315 ὲν
1794 2263 1946 2333 ἡμῖν,
1973 2280 1994 2314 ι

429 2348 522 2402 δύο
560 2350 768 2418 φύσεις.
801 2353 892 2405 καὶ
926 2352 1020 2406 τοῦ
1060 2353 1401 2422 Μονογενοῦς
1429 2353 1490 2407 τὸ
1516 2353 1575 2409 ἐν
1600 2354 1913 2426 πρόσωπον.

2104 1807 2253 1877 quod
2283 1808 2583 1864 inhabitat:
2616 1810 2769 1866 aliud
2809 1814 3095 1882 templum,
3123 1823 3179 1868 et
3213 1816 3363 1870 aliud
3390 1817 3534 1872 Deus
3571 1818 3668 1885 qui

2105 1898 2161 1953 in
2202 1900 2407 1969 templo
2451 1901 2620 1972 degit.
2651 1903 2890 1959 Attende
2926 1905 3059 1974 quid
3100 1906 3338 1961 dicatur.
3367 1908 3487 1962 Non
3530 1909 3666 1972 dixi,

2106 1988 2242 2044 alius
2268 2001 2318 2044 et
2350 1990 2508 2056 alius,
2540 1993 2709 2048 veluti
2734 1993 2802 2049 de
2820 1994 3038 2051 duabus
3076 1998 3347 2067 personis,
3400 2007 3495 2052 aut
3528 1999 3668 2054 duo-

2104 2080 2210 2136 bus
2239 2080 2493 2147 Cbristis,
2526 2094 2621 2138 aut
2659 2084 2879 2140 duobus
2899 2086 3061 2153 ﬁliis;
3086 2088 3203 2152 sed,
3235 2088 3384 2142 aliud
3418 2098 3466 2142 et
3497 2088 3666 2155 aliud,

2104 2184 2362 2242 tanquam
2390 2174 2460 2229 de
2484 2175 2699 2231 duabus
2725 2178 2958 2233 naturis.
2989 2179 3286 2251 Postquam
3316 2197 3448 2253 ergo
3487 2181 3626 2236 dixit
3653 2202 3664 2234 :

2111 2282 2129 2315 ι
2148 2263 2217 2318 Ει
2239 2264 2509 2320 habitavit
2532 2266 2587 2320 in
2611 2267 2792 2332 nobis,
2836 2288 2855 2321 ι
2884 2269 3129 2340 duasque
3152 2279 3375 2327 naturas
3403 2272 3667 2343 prtedica-

2101 2354 2201 2419 vit,
2229 2370 2354 2410 mox
2381 2355 2658 2428 adjunxit:
2693 2359 2796 2413 «Ει
2822 2360 3063 2416 vidimus
3087 2363 3316 2432 gloriam
3366 2365 3506 2434 ejus,
3552 2364 3670 2435 glo-

430 2443 568 2498 riam
592 2444 746 2513 quasi
800 2445 1077 2516 Unigeniti
1130 2446 1199 2499 ²⁰.
1228 2447 1348 2503 Non
1396 2447 1572 2502 dixit:
1602 2447 1827 2502 duorum
1860 2447 2118 2516 filiorum,
2157 2450 2253 2505 sed
2284 2450 2573 2522 Um‘geniti.
2642 2453 2806 2508 Isaias
2867 2455 3036 2524 igitur
3080 2455 3513 2521 Emmanuelem,
3565 2454 3671 2509 hoc

427 2546 534 2604 est,
562 2540 734 2594 Deum
765 2540 1125 2597 bumanatum
1148 2543 1191 2573 ²¹
1216 2543 1449 2608 ;Petrus
1467 2550 1655 2599 autem
1681 2543 1844 2598 dicit:
1878 2544 1990 2599 cTu
2028 2559 2091 2599 es
2110 2543 2363 2599 Christus
2418 2545 2591 2599 Filius
2642 2545 2740 2599 Dei
2779 2546 2890 2599 vivi
2913 2548 3016 2611 “,i
3060 2557 3270 2604 natura:
3328 2548 3668 2616 dualitatem,

428 2649 676 2705 persona:
697 2644 880 2691 autem
912 2636 1180 2691 unitatem
1209 2638 1546 2707 exprimens.
1570 2639 1812 2694 Joannes
1836 2652 1971 2692 vero
2013 2637 2303 2706 theologus
2336 2637 2455 2690 ait:
2499 2656 2517 2688 ι
2539 2636 2607 2691 Ει
2657 2637 2931 2693 habitavit
2970 2639 3026 2695 in
3067 2641 3257 2709 nobis;
3289 2660 3308 2693 ι
3370 2641 3508 2698 duas
3567 2657 3668 2697 na-

432 2736 603 2792 turas,
628 2737 684 2782 et
706 2742 871 2782 unam
896 2729 1172 2799 Unigeniti
1194 2744 1487 2798 personam
1510 2728 1885 2784 subindieans.

502 2821 725 2890 Ἔμεινε
748 2819 803 2872 δὲ
829 2821 859 2871 ὁ
888 2817 1021 2882 Θεὸς
1066 2820 1241 2887 Λόγος
1286 2818 1524 2889 ἀπαθής.
1563 2818 1734 2873 Πάλιν
1769 2817 1878 2889 γὰρ
1910 2814 1998 2869 ἐπ’

428 2912 604 2965 έκεῖνο
634 2910 864 2980 ἔρχομαι
884 2926 899 2941 ο
933 2909 1169 2980 πρόσεχε
1196 2909 1277 2981 τῷ
1307 2909 1604 2982 λεγομένῳ.
1629 2909 1740 2964 Καὶ
1764 2909 1873 2962 τῶν
1901 2906 2003 2979 μὲν

429 2999 717 3070 θειοτέρων
768 2997 1111 3068 μεταδέδωκε
1148 3001 1214 3069 τῇ
1255 2998 1629 3069 ἀνειλημμένῃ
1669 2996 1849 3066 φύσει,
1892 2996 2003 3050 τῶν

2169 2810 2368 2867 Mansit
2396 2821 2580 2866 autem
2604 2813 2749 2868 Deus
2772 2814 3016 2870 Verbum
3035 2815 3390 2887 impatibilis:
3418 2836 3540 2876 nam
3559 2822 3672 2880 huc

2100 2901 2301 2957 iterum
2353 2903 2721 2973 regredimur.
2770 2905 3013 2961 Adverte
3058 2907 3192 2976 quid
3239 2907 3475 2964 dicatur.
3523 2911 3673 2966 Divi-

2101 2992 2259 3047 niora
2307 2993 2529 3063 quidem
2583 3004 2879 3066 assumpta:
2923 3005 3137 3053 natura:
3198 3000 3666 3067 communicavit;

427 3090 483 3142 δὲ
500 3090 599 3160 τῆς
617 3088 713 3142 ἀνθ
721 3088 1039 3160 ρωπότητος
1053 3088 1269 3153 οὐδενὸς
1292 3089 1577 3159 μετέλαϐε.
1598 3088 1998 3161 Περιεπάτησει

2105 3100 2298 3139 verum
2332 3101 2525 3140 eorum
2547 3101 2669 3155 qua:
2699 3086 2955 3143 humanae
2999 3098 3128 3144 sunt
3176 3098 3407 3156 naturae,
3439 3092 3578 3148 nihil
3616 3094 3671 3149 in

427 3181 520 3234 ἐπὶ
550 3180 844 3252 θαλάσσης,
881 3180 1017 3235 ἀλλά
1049 3180 1186 3252 μετά
1229 3179 1322 3233 τοῦ
1376 3180 1506 3234 ἰδίου
1553 3180 1825 3252 σώματος.
1870 3181 1998 3233 Ἐπ-

2101 3190 2159 3230 se
2185 3175 2487 3230 transtulit.
2509 3176 2828 3231 Ambulavit
2865 3193 3033 3247 super
3056 3180 3227 3236 maria
3242 3181 3307 3248 ’³,
3343 3181 3438 3237 sed
3462 3181 3517 3238 id
3562 3201 3672 3239 non

429 3274 657 3345 ετίμησε
684 3276 797 3338 τοῖς
827 3274 1053 3345 ἀνέμοις
1100 3273 1191 3327 καὶ
1223 3276 1289 3345 τῇ
1329 3272 1594 3345 θαλάσσῃ,
1622 3272 1759 3328 ἀλλὰ
1785 3271 1873 3326 διὰ
1901 3270 1995 3325 τοῦ

432 3367 561 3420 ίδίου
608 3366 880 3438 σώματος.
947 3368 1287 3438 ’Δπήντησεν
1320 3365 1469 3437 αὐτῷ
1518 3365 1740 3437 λεπρὸς,
1782 3364 1993 3431 λέγων·

436 3479 455 3513 ι
494 3460 691 3533 Κύριε,
722 3460 818 3515 ἐὰν
841 3461 1023 3533 θέλῃς,
1051 3458 1277 3514 δύνασαί
1301 3475 1369 3528 με
1398 3456 1696 3527 καθαρίσαι
1717 3471 1730 3484 ·
1765 3472 1784 3506 ›
1812 3453 1959 3521 λέγει
1979 3469 1994 3484 ’

433 3567 454 3602 ι
488 3550 638 3604 Θέλω
661 3567 674 3580 ’
707 3550 1102 3623 καθαρίσθητν
1146 3567 1165 3600 ι
1200 3548 1295 3600 καὶ
1342 3545 1521 3615 ἥψατο
1553 3541 1717 3596 αὑτοῦ
1740 3542 1800 3595 τὸ
1839 3541 1998 3611 σῶμα

427 3640 489 3693 τὸ
521 3641 872 3705 Δεσποτικὸν,
900 3639 993 3694 καὶ
1029 3637 1393 3709 ὲδραπέτευσε
1418 3634 1479 3688 τὸ
1512 3635 1722 3706 νόσημα
1741 3649 1755 3664 ⁸
1791 3631 1997 3697 ἀπεξύ-

429 3731 532 3802 σθη
581 3732 615 3801 ἡ
672 3731 869 3802 λέπρα.
910 3728 1147 3799 Ἔορεψε
1205 3725 1676 3797 πεντακισχιλίους
1725 3728 1791 3778 ὲκ
1838 3726 1997 3778 πέντε

428 3822 633 3893 ἄρτων,
664 3821 801 3874 ἀλλά
823 3819 913 3872 διὰ
928 3817 1022 3871 τοῦ
1055 3817 1330 3888 ἡμετέρου
1364 3814 1614 3886 σώματος
1636 3831 1651 3847 ο
1685 3813 1864 3867 λαϐὼν
1889 3814 1998 3885 γὰρ

430 3913 800 3984 ηὑχαρίστησε
830 3910 909 3981 τῷ
937 3910 1134 3980 Πατρὶ.
1175 3909 1268 3962 καὶ
1307 3907 1514 3971 κλάσας
1549 3907 1717 3961 ἔδωκε
1750 3907 1861 3969 τοῖς
1893 3923 1997 3977 μα-

431 4005 621 4075 θηταῖς
648 4000 837 4068 αὐτοῦ,
855 4005 908 4057 οἱ
927 4003 984 4057 δὲ
1011 4003 1253 4074 μαθηταὶ
1283 4001 1361 4072 τῷ
1382 4000 1578 4072 πλήθει
1599 4017 1611 4030 ·
1646 4002 1741 4054 καὶ
1778 4001 1999 4072 ἐπερίσ-

432 4113 633 4151 σευσαν
654 4095 861 4149 δώδεκα
883 4094 1093 4165 κόφινοι
1119 4094 1469 4166 κλασμάτων.
1488 4094 1668 4148 Μόνου
1693 4091 1827 4146 Θεοῦ
1852 4095 2000 4146 ἐστιν

431 4186 654 4255 ἀφιέναι
705 4186 1017 4256 ἁμαρτίας*
1062 4184 1224 4239 πάλιν
1256 4184 1439 4253 λέγει’
1474 4204 1494 4237 ι
1531 4183 1647 4237 ’Ίνα
1675 4182 1876 4253 εἰδῆτε,
1916 4183 2000 4236 ὃτι

433 4276 683 4343 ἐξουσίαν
726 4276 842 4347 ἔχει
878 4276 908 4329 ό
937 4275 1064 4341 Υἱὸς
1092 4275 1189 4331 τοῦ
1234 4268 1523 4348 ἀνθρώπου
1556 4274 1775 4343 ἀφιέναι
1819 4273 2001 4343 άμαρυ

431 4368 572 4433 τίας.
609 4386 627 4420 ι
665 4366 837 4422 Πάλιν
869 4368 1019 4436 λέγει
1042 4381 1057 4397 ο
1097 4385 1132 4453 «Ι
1165 4366 1355 4431 Οὐδεὶς
1402 4365 1740 4436 ἀναϐέϐηκεν
1786 4364 1866 4425 είς
1909 4362 2000 4415 τὸν

2098 3267 2305 3336 absque
2332 3266 2558 3336 proprio
2593 3281 2849 3335 corpore.
2910 3267 3220 3338 increpavit
3260 3288 3413 3330 mare
3452 3282 3507 3330 et
3534 3291 3671 3329 ven-

2100 3370 2187 3413 tos
2225 3358 2294 3421 ἰ,
2329 3356 2426 3411 sed
2455 3371 2555 3426 per
2588 3357 2878 3426 proprium
2926 3372 3146 3426 corpus.
3192 3358 3449 3419 Occurrit
3477 3366 3556 3421 illi
3587 3369 3669 3424 lc-

2096 3460 2315 3516 prosus,
2353 3444 2569 3500 dicens:
2623 3463 2641 3496 ι
2664 3444 2916 3509 Domine,
2954 3446 3001 3499 si
3050 3447 3152 3512 vis,
3200 3458 3361 3518 potes
3390 3467 3478 3508 me
3508 3470 3671 3513 mun-

2097 3536 2261 3602 dare;
2303 3536 2440 3591 dicit
2462 3536 2551 3590 ei:
2583 3535 2744 3603 Volo;
2774 3536 3045 3591 mundare
3067 3539 3132 3592 ".
3174 3557 3191 3591 ι
3219 3540 3286 3595 Ει
3310 3544 3491 3614 tetigit
3518 3546 3668 3603 illum

2097 3643 2298 3697 corpus
2312 3628 2681 3693 Dominicum,
2707 3636 2763 3683 et
2780 3626 3001 3698 fugatus
3021 3638 3109 3684 est
3138 3630 3386 3698 morbus,
3410 3635 3673 3707 lepraque

2097 3720 2357 3776 decessit.
2398 3720 2557 3775 Pavit
2586 3720 2835 3791 quinque
2880 3720 3061 3776 millia
3106 3722 3391 3779 hominum
3428 3729 3672 3797 quinque

2098 3811 2332 3882 panibus
2355 3813 2421 3876 ",
2451 3810 2547 3866 sed
2581 3827 2682 3881 per
2716 3819 2970 3867 nostrum
3000 3828 3219 3883 corpus.
3252 3815 3409 3881 Nam,
3445 3829 3674 3888 accepto

2098 3919 2259 3973 pane,
2278 3904 2481 3975 gratias
2501 3904 2613 3973 egit
2629 3903 2797 3969 Patri,
2829 3913 2886 3959 et
2902 3903 3085 3975 fregit,
3110 3905 3370 3976 deditque
3387 3907 3672 3978 discipulis

2100 3996 2236 4059 suis,
2274 3995 2532 4065 discipuli
2552 4003 2737 4050 autem
2765 3993 2962 4049 turbae.
2992 3993 3061 4048 Et
3089 3994 3483 4064 superfuerunt
3529 3996 3671 4051 duo-

2099 4087 2277 4141 decim
2306 4086 2527 4156 cophini
2549 4085 2999 4156 fragmentorum.
3028 4083 3211 4139 Solius
3232 4084 3328 4139 Dei
3350 4095 3433 4139 est
3450 4095 3669 4154 peccata

2101 4178 2411 4244 dimittere;
2458 4176 2595 4232 dicit
2641 4185 2860 4231 autem:
2896 4193 2913 4226 t
2950 4174 3020 4230 Ut
3083 4173 3273 4229 sciatis
3319 4174 3449 4244 quia
3498 4173 3672 4229 Filius

2100 4270 2345 4325 hominis
2368 4268 2536 4324 habet
2566 4275 2896 4339 potestatem
2942 4263 3257 4335 dimittendi
3300 4271 3523 4333 peccata
3545 4264 3611 4317 ’⁷.
3643 4281 3662 4313 ι

2101 4362 2316 4417 Rursus
2335 4360 2499 4415 dicit:
2542 4378 2560 4410 ι
2588 4358 2761 4413 Nemo
2787 4356 3036 4411 ascendit
3063 4355 3117 4409 in
3146 4355 3371 4419 ccelum,
3421 4352 3527 4408 nisi
3574 4352 3668 4422 qui

363 4449 373 4475 ¹
431 4461 680 4532 οὐρανὸν,
714 4462 763 4514 εί
799 4460 874 4532 μὴ
904 4462 933 4514 ὁ
970 4461 1035 4513 ὲκ
1081 4443 1177 4514 τοῦ
1220 4458 1451 4531 οὐρανοῦ
1493 4457 1768 4520 καταϐὰς,
1801 4456 1830 4508 ὁ
1870 4454 1998 4547 Υἱός

2102 4451 2387 4507 descendit
2417 4450 2485 4505 de
2514 4449 2679 4514 coelo,
2709 4447 2884 4502 Filius
2910 4445 3171 4511 hominis,
3198 4445 3293 4535 qui
3339 4452 3425 4499 est
3462 4443 3517 4497 in
3561 4458 3672 4498 ca:-

430 4552 524 4606 τοῦ
566 4551 881 4624 ἀνθρώπου,
922 4552 952 4604 ὁ
981 4550 1056 4607 ὢν
1100 4553 1159 4605 ὲν
1206 4550 1283 4621 τῷ
1316 4549 1548 4621 οὐρανῷ.
1591 4567 1610 4600 ι
1660 4548 1843 4620 Ὀρᾷςν
1878 4545 1995 4610 πῶς

2101 4544 2157 4599 lo
2180 4544 2245 4596 ⁸⁸.
2276 4561 2295 4593 ι
2329 4540 2523 4597 Cernis
2563 4537 2842 4608 quomodo
2888 4534 3161 4591 diviniora
3204 4534 3670 4590 Communicavit?

430 4643 541 4698 τῶν
574 4622 861 4714 θειοτέρων
888 4641 1225 4713 μετέδωκεν;
1264 4641 1432 4693 Ὅταν
1454 4639 1511 4692 δὲ
1547 4638 1661 4709 ἴδῃς
1688 4636 1850 4691 αὑτὸν
1875 4653 1996 4689 πει-

2101 4633 2238 4689 Cum
2283 4639 2466 4686 autem
2514 4628 2668 4683 vides
2707 4626 2879 4696 illum.
2905 4624 3263 4687 esurientem,
3295 4623 3572 4677 sitientem
3600 4622 3667 4685 ”,

433 4736 632 4801 νῶντα,
659 4735 758 4789 καὶ
779 4734 1039 4804 διψῶντα,
1073 4732 1371 4797 κοπιῶντα,
1403 4730 1497 4784 καὶ
1524 4729 1792 4801 ἱδροῦντα,
1820 4743 1998 4798 παρα-

2104 4725 2459 4795 defatigatum
2480 4721 2547 4785 ³⁰,
2587 4719 2877 4775 sudantem
2898 4717 2964 4780 ³⁸,
2988 4715 3165 4770 Pilato
3197 4713 3479 4775 traditum,
3508 4712 3666 4765 licto-

431 4826 709 4897 διδόμενον
738 4803 978 4896 Πιλάτῳ,
1011 4824 1278 4895 ἀγόμενον
1301 4822 1396 4876 καὶ
1425 4820 1817 4892 περιαγόμενον
1845 4818 1998 4910 χερσὶ

2106 4831 2227 4871 rum
2259 4814 2515 4869 manibus
2541 4813 2767 4867 ductum
2801 4811 3325 4876 circumactumque,
3376 4803 3668 4874 agonizan-

2248 4905 2287 4910 -_
2483 4909 2486 4910 ν
2704 4899 2765 4910 ,υ
2809 4898 2821 4910 .
2873 4896 2989 4910 .....
3047 4895 3062 4910 .
3250 4894 3264 4910 .
3326 4890 3664 4910 ,

433 4891 663 4987 δημίων,
712 4891 1070 4985 ἀγωνιῶντα,
1121 4891 1424 4985 ⁷εὐχόμενον
1448 4931 1463 4945 ο
1500 4891 1538 4966 ί(
1601 4910 1760 4965 Ἐλωτ
1818 4908 1997 4974 Ἑλωῒ,

2111 4915 2218 4960 tem
2246 4905 2312 4968 ³²,
2335 4909 2583 4956 orantem
2610 4918 2622 4953 :
2662 4919 2681 4951 ι
2704 4898 2846 4963 Eloi,
2873 4896 3016 4962 Eloi,
3047 4894 3284 4949 lammah
3318 4891 3667 4954 sabacthani;

435 4980 627 5077 λαμμᾶ
660 4980 959 5077 σαϐαχθανί
980 5025 996 5074 ;
1017 4980 1283 5070 τουτέστι,
1313 5004 1413 5057 Θεέ
1458 5021 1581 5074 μου,
1622 5003 1724 5056 Θεέ
1758 5018 1884 5072 μου,
1914 5001 1998 5052 ἵνα

2107 4997 2215 5052 hoc
2251 5004 2338 5052 est
2375 5013 2388 5049 :
2429 4994 2576 5049 Deus
2630 5006 2807 5055 meus,
2834 4990 2979 5043 Deus
3020 5001 3197 5051 meus,
3223 4984 3417 5054 utquid
3471 4980 3674 5077 demi-.-

432 5072 580 5167 τί
615 5072 1013 5166 ὲγκατέλιπεςνς
1048 5114 1068 5149 ι
1102 5098 1198 5173 καὶ
1224 5097 1417 5151 πάλιν·
1508 5096 1571 5148 Ei
1611 5092 1857 5158 δυνατὸν,
1891 5092 1998 5145 Πά-

2107 5086 2278 5158 quisti
2333 5099 2420 5141 me
2473 5082 2593 5136 ”?i
2653 5081 2983 5135 clamantem
3029 5089 3250 5129 rursum
3292 5091 3305 5126 :
3349 5072 3572 5135 «Pater,
3623 5072 3669 5122 si

505 5252 547 5283 ¹⁹
574 5251 808 5321 Philipp.
840 5270 899 5314 ιι,
928 5253 981 5308 6.
1058 5253 1104 5285 ’⁸
1137 5253 1294 5308 Joan.
1326 5270 1365 5316 ι,
1400 5253 1483 5307 Μ.
1561 5251 1604 5282 ²¹
1637 5249 1742 5303 isa.
1767 5263 1862 5307 vn,
1898 5246 1983 5300 Μ.

435 5321 522 5375 59.
598 5322 643 5352 ³⁸
671 5322 858 5378 Matth.
886 5339 998 5384 vin,
1035 5324 1085 5375 5.
1162 5324 1207 5355 ²⁶
1245 5324 1400 5379 Joan.
1430 5338 1504 5386 vt,
1535 5321 1744 5387 Sseqq.
1820 5318 1864 5348 '7
1912 5315 1998 5387 Ma

2101 5244 2108 5274 '
2145 5239 2337 5296 Matth.
2366 5253 2476 5299 xw.
2512 5236 2598 5290 16.
2671 5233 2716 5265 ’³
2758 5229 2949 5286 Matth.
2994 5243 3102 5291 xw,
3130 5225 3221 5281 25.
3318 5223 3362 5255 “
3389 5222 3554 5277 Marc.
3594 5237 3667 5286 tv,

2125 5327 2184 5375 ιι,
2213 5310 2297 5364 10.
2328 5308 2419 5387 __"’
2439 5306 2594 5361 Joan.
2619 5319 2698 5387 Ill:
2727 5302 2812 5356 15.
2888 5301 2932 5332 ¹⁹
2970 5296 3162 5353 Matth.
3189 5312 3261 5362 tv,
3285 5294 3339 5350 2.
3435 5293 3479 5325 ’°
3507 5291 3665 5348 Joan.

437 5374 517 5454 tv,
550 5392 602 5445 ϐ.
681 5393 723 5422 ³⁸
754 5374 1163 5458 integit,“
1244 5374 1784 5454 iiiime'mnja'a;
1812 5402 1924 5452 XIX,
1951 5385 1976 5437 i

2101 5374 2178 5451 qq.
2242 5380 2287 5411 ⁸³
2325 5378 2491 5432 Marc.
2516 5391 2604 5441 xv,
2629 5374 2715 5427 54.

1526 5541 1701 5599 Variae
1723 5539 1985 5597 lectiones
2016 5534 2222 5593 codicis
2246 5527 2607 5601 chuieriani.

507 5634 538 5693 ,ι’
554 5631 670 5689 εἷπε
677 5655 728 5694 ν.
