4048 6210
481 216 618 273 (ξιιό

1500 218 1703 276 PAULI
1740 219 2037 275 EMESENI
2076 219 2376 276 EPISCOI‘I
2410 222 2728 279 llOMlLUE.

3560 229 3703 287 HM

474 336 733 407 possibile
756 344 859 397 est,
881 343 1123 392 transeat
1139 350 1169 389 a
1194 350 1283 389 me
1312 336 1453 405 calix
1478 336 1615 405 istc;
1653 348 2031 394 verumtamen

2134 356 2251 409 τερ,
2290 339 2609 409 παρελθέτω
2641 342 2736 395 ἀπ’
2777 340 2913 411 ἐμοῦ
2938 341 2998 394 τὺ
3028 349 3286 413 ποτήριον
3324 342 3512 398 τοῦτο’
3558 348 3704 417 πλὴν

472 443 581 480 non
605 427 750 495 quod
773 442 874 496 ego
902 427 1045 491 volo,
1070 426 1166 481 sed
1187 426 1332 497 quod
1358 437 1415 482 tu
1441 428 1521 482 ’δι
1551 449 1569 480 ι
1600 445 1725 485 eum
1779 429 1935 484 vides
1977 430 2034 483 in

468 533 691 572 crucem
716 526 921 579 actum,
948 518 1120 573 clavis
1165 534 1360 573 manus
1398 528 1455 574 et
1504 520 1673 590 pedes
1699 521 1845 575 illius
1876 521 2030 585 fixos,

472 608 722 673 latusque
768 606 1113 671 confossum;
1166 614 1281 660 tum
1324 608 1502 679 cogita
1562 610 1731 663 Deum
1788 608 2031 663 Verbum

468 694 834 750 Dermansisse
889 695 1227 765 impatibile;
1283 698 1399 753 haec
1447 705 1630 752 autem
1672 698 1875 761 omnia,
1911 714 2031 767 qua:

465 799 566 836 suo
590 783 736 837 illata
758 791 886 836 sunt
912 785 1153 854 corpori,
1183 786 1287 840 sibi
1310 786 1713 856 appropriasse.
1740 786 1811 842 Ut
1843 795 2028 841 autem

464 870 802 936 ostenderet,
826 872 973 941 quod
1022 889 1092 929 ne
1140 874 1413 945 passionis
1453 875 1676 945 quidem
1724 884 1970 946 tempore
1999 892 2030 932 a

466 963 689 1031 proprio
714 966 1032 1020 recessisset
1056 967 1278 1036 templo,
1301 967 1519 1036 quando
1558 968 1730 1023 Judaei
1777 971 1893 1024 lucc
1921 978 2030 1024 tra-

461 1050 580 1117 gica
614 1058 803 1104 contra
834 1052 1124 1107 Dominum
1152 1055 1404 1125 agebant,
1437 1066 1693 1126 tanquam
1714 1059 1859 1114 Deus
1880 1075 2028 1114 eom—

461 1139 661 1206 pressit
690 1141 823 1193 solis
858 1142 1061 1207 radios,
1092 1144 1314 1200 diffudit
1335 1147 1599 1201 tenebras
1618 1162 1718 1217 per
1748 1157 2023 1204 terrarum

460 1232 671 1294 orbem,
696 1232 920 1287 discidit
951 1236 1138 1305 templi
1163 1238 1368 1305 velum,
1412 1238 1655 1310 disrupit
1690 1248 1899 1310 petras,
1928 1258 2025 1297 ex-

459 1321 647 1375 citavit
675 1332 919 1379 mortuos
952 1326 1015 1380 ³³.
1043 1328 1168 1382 llaec
1189 1329 1373 1383 omnia
1399 1312 1659 1399 operatus
1680 1339 1785 1397 est,
1833 1341 1896 1385 ut
1935 1333 2023 1387 in-

458 1412 736 1482 telligeres
760 1415 999 1471 adfuisse
1027 1417 1180 1471 illum
1213 1419 1465 1488 patienti,
1500 1430 1558 1476 et
1583 1421 1853 1492 ejusmodi
1893 1436 2023 1491 pas-

456 1504 639 1559 siones
696 1507 801 1560 sibi
832 1509 1236 1579 appropriasse,
1286 1512 1385 1567 sed
1432 1512 1611 1582 ipsum
1656 1513 2020 1585 impatibilcm

455 1596 641 1650 omnia
667 1596 783 1653 haec
811 1599 1129 1669 perfecisse.

2135 429 2231 499 οὐχ
2260 429 2335 491 ὡς
2380 429 2491 498 ἐγὼ
2517 430 2674 494 θέλω,
2726 430 2841 485 ἀλλ’
2872 432 2947 495 ὡς
2972 431 3057 486 σύ.
3088 452 3106 484 ι
3143 433 3312 487 Ὅταν
3369 435 3485 505 ἴδῃς
3533 438 3705 492 αὐτὸν

2132 519 2690 592 ἀνασκολοπιξόμενον
2708 539 2721 553 ·
2753 524 2882 577 ὅταν
2906 523 3022 597 ἴδῃς
3044 523 3208 595 ἥλους
3236 526 3329 578 ἐπὶ
3357 527 3466 579 τῶν
3499 530 3704 599 χειρῶν

2132 614 2224 665 καὶ
2253 614 2363 666 τῶν
2391 614 2591 680 ποδῶν,
2626 616 2719 667 καὶ
2737 617 3134 686 κεκεντημένον
3160 615 3257 687 τὴν
3278 617 3538 689 πλευρὰν,
3570 623 3703 674 τότε

2130 702 2259 763 νόει,
2290 703 2371 755 ὅτι
2400 704 2428 755 6
2472 703 2603 767 Θεὸς
2637 705 2813 773 Λόγος
2840 705 3058 776 ἀπαθὴς
3088 707 3390 777 μεμένηκε,
3425 709 3595 764 ταῦτα
3636 712 3703 764 δὲ

2129 793 2306 846 πάντα
2350 794 2645 848 οἰκειοῦται
2696 795 2767 849 τὰ
2812 796 3074 867 γινόμενα
3112 799 3193 862 εἰς
3228 799 3288 852 τὸ
3344 800 3475 853 ἴδιον
3526 803 3702 855 αὐτοῦ

2131 881 2311 951 σῶμα.
2344 882 2463 936 Ἵνα
2494 883 2552 937 δὲ
2590 884 2757 956 δείξῃ,
2803 887 2885 939 ὅτι
2913 886 3039 940 οὔτε
3066 890 3122 941 ἐν
3150 887 3229 957 τῷ
3263 890 3438 960 καιρῷ
3465 892 3558 945 τοῦ
3584 895 3667 948 πᾶ

2129 970 2254 1034 θους
2276 972 2489 1043 ἀπέστη
2511 973 2606 1027 τοῦ
2626 975 2757 1028 ἰδίου
2779 976 2932 1041 ναοῦ,
2957 978 3045 1031 ὅτε
3075 978 3232 1031 καὶοί
3255 979 3497 1035 Ἰουδαῖοι
3519 983 3700 1037 ταῦτα

2127 1062 2608 1134 ὲδραματούργουν
2636 1066 2778 1120 κατὰ
2813 1067 2910 1121 τοῦ
2948 1069 3243 1133 Δεσπότου,
3274 1071 3577 1126 ἁπέσόεσεν
3611 1075 3696 1138 ὡς

2124 1151 2259 1215 Θεὸς
2306 1154 2500 1207 ἀκτῖνα
2534 1154 2784 1228 ήλιακήν.
2810 1158 3009 1211 Σκότον
3052 1160 3280 1231 κατέχεε
3308 1161 3410 1215 τοῦ
3450 1165 3656 1235 κόσμου
3676 1181 3693 1196 ·

2125 1241 2309 1312 ἔσχισε
2340 1243 2402 1296 τὸ
2426 1245 2827 1317 καταπέτασμα
2858 1248 2949 1301 τοῦ
2982 1249 3133 1304 ναοῦ.
3164 1251 3379 1323 Πέτρας
3408 1253 3692 1324 διέρρηξεο

2124 1334 2352 1403 νεκροὺς
2391 1335 2601 1407 ἤγειρε.
2622 1339 2807 1393 Ταῦτα
2840 1339 3021 1393 πάντα
3061 1341 3377 1412 εἰργάσατο,
3409 1344 3493 1397 ἵνα
3520 1347 3693 1417 γνῷς,

2122 1421 2204 1475 ὅτι
2239 1423 2405 1494 συνῆν
2443 1424 2521 1495 τῷ
2556 1426 2840 1498 πάσχοντι,
2875 1429 2969 1483 καὶ
3002 1429 3067 1483 τὰ
3101 1431 3201 1500 μὲν
3228 1431 3374 1505 πάθη
3407 1434 3688 1506 ᾠκειοῦτο,

2120 1512 2286 1578 αὐτὸς
2312 1514 2370 1568 δὲ
2406 1516 2623 1588 ἀπαθὴς
2653 1518 2868 1573 ἅπαντα
2891 1522 3192 1591 εἰργάζετο.

526 1684 659 1750 Quae
683 1696 863 1742 vestra
891 1698 1018 1743 sunt
1044 1691 1201 1746 vobis
1216 1692 1595 1761 'apposuimus,
1619 1693 1736 1749 haec
1761 1694 1909 1749 enim
1940 1703 2025 1750 est

2192 1689 2272 1742 Τὰ
2292 1689 2444 1759 ὑμῶν
2471 1691 2597 1761 ὑμῖν
2620 1694 3030 1764 παρεθήκαμεν·
3054 1696 3191 1768 αὕτη
3222 1698 3330 1768 γὰρ
3351 1700 3443 1752 τοῦ
3474 1701 3690 1771 Πατρὶς

456 1775 637 1831 Patris
655 1782 827 1833 vestri
851 1779 1120 1845 doctrina,
1155 1782 1245 1837 hic
1276 1784 1566 1838 thesaurus
1601 1795 1686 1839 cst
1726 1786 1883 1840 vobis
1907 1786 2018 1840 avi-

455 1875 565 1929 tus,
605 1868 720 1922 hac
748 1870 894 1924 beati
928 1871 1210 1927 Athanasii
1237 1884 1366 1929 sunt
1397 1876 1667 1946 dogmata,
1696 1878 1811 1932 haec
1839 1878 2018 1948 magni

452 1957 743 2027 Theophili
802 1970 886 2015 est
939 1962 1223 2029 doctrina,
1271 1967 1649 2022 columnarum
1704 1970 2020 2025 orthodoxae

451 2051 734 2107 doctrinm.
774 2053 881 2108 Sed
930 2056 1189 2123 quoniam
1220 2058 1494 2125 patienter
1536 2068 1775 2114 nostram
1816 2062 2020 2117 tulistis

452 2143 776 2208 balbutiem,
797 2156 1109 2216 exspectate
1138 2165 1287 2203 nunc
1310 2151 1491 2205 Patris
1519 2153 1843 2221 sapientiam
1869 2171 1881 2206 :
1922 2169 2019 2208 au-

450 2234 609 2288 distis
650 2235 918 2289 calamum
948 2238 1295 2305 pastoralem,
1329 2240 1516 2297 audite
1555 2258 1702 2297 nunc
1733 2252 1789 2298 et
1831 2243 2018 2299 tubam

449 2323 595 2377 clare
632 2333 1042 2391 pcrsonantem.

523 2414 763 2483 Populus
795 2414 932 2468 dixit
958 2432 971 2468 :
1003 2416 1105 2470 Fili
1134 2415 1416 2473 Athanasii
1467 2429 1524 2474 et
1552 2420 1867 2491 Theophili,
1914 2423 2017 2494 Cy-

449 2502 561 2556 rilli
623 2503 947 2573 sapientiam
1000 2504 1448 2563 audiamus.......
1498 2510 1789 2581 episcopus
1817 2513 2018 2569 Paulus

449 2594 585 2648 dixit
616 2611 629 2647 :

518 2685 649 2751 Quae
663 2694 879 2741 nostras
899 2686 1122 2755 quidem
1139 2688 1568 2744 orthodoxorum
1597 2701 1810 2747 mentes
1829 2708 2019 2749 exsus-

449 2776 603 2840 citat,
660 2776 901 2831 hostium
935 2794 1064 2832 vero
1092 2779 1349 2834 Ecclesia:
1383 2781 1529 2836 acies
1553 2784 1870 2851 prosternit.
1907 2785 2019 2839 Deo

451 2866 633 2931 itaque
681 2864 909 2935 gloriam
954 2867 1251 2922 reddamus
1287 2885 1435 2925 nunc
1478 2881 1537 2925 et
1566 2887 1784 2943 semper
1807 2914 1823 2940 ,
1860 2885 1917 2929 ct
1959 2874 2017 2930 in

448 2954 645 3021 sarcula
673 2956 1018 3011 szeculorum.
1050 2960 1225 3014 Amen
1252 2958 1350 3030 (l).

1179 3133 1268 3188 ΠΙ.

446 3218 603 3274 Pauli
636 3219 862 3289 episcopi
900 3219 1106 3277 Emesa:
1129 3224 1347 3278 homilia
1376 3227 1515 3281 dicta
1548 3228 1911 3302 Alexandrina,
1943 3238 2008 3290 de

1161 3310 1308 3363 pace.

516 3399 842 3455 Benedictus
874 3400 947 3455 sit
990 3401 1156 3467 Deus,
1186 3404 1333 3474 quod
1366 3420 1467 3476 ego
1502 3423 1649 3463 nunc
1681 3411 1919 3479 primum
1942 3415 2009 3469 ad

444 3505 541 3543 vos
571 3490 800 3559 loquens
833 3506 932 3561 per
956 3494 1107 3562 pacis
1130 3496 1585 3565 appellationem,
1616 3502 1874 3570 pietatem
1915 3522 2010 3561 ve-

442 3592 611 3635 stram
640 3584 878 3639 salutare
905 3585 1100 3655 dignus
1128 3587 1349 3645 habitus
1368 3606 1487 3643 sum
1510 3608 1525 3656 ;
1559 3594 1651 3661 qui
1671 3610 1858 3663 pacem
1889 3615 2014 3668 par-

446 3672 541 3726 tim
575 3672 843 3738 dcdcrim,
876 3682 932 3728 et
964 3691 1152 3744 pacem
1178 3676 1420 3732 vicissim
1446 3682 1783 3750 acceperim;
1819 3700 2009 3753 pacem

441 3764 689 3817 omnium
753 3765 1024 3820 bonorum
1076 3782 1330 3834 causam;
1381 3784 1567 3838 pacem
1615 3774 1904 3829 amabilem
1951 3789 2007 3834 ct

442 3850 552 3904 Deo
580 3851 801 3904 charam
825 3869 840 3917 ;
875 3869 1037 3922 quam
1055 3855 1174 3909 orbi
1189 3864 1457 3911 terrarum
1488 3861 1859 3930 pchpiritum
1882 3882 2007 3923 san-

438 3950 587 3995 ctum
628 3942 856 4013 largitus
912 3953 996 3999 est
1054 3947 1318 4028 Dominus
1363 3948 1637 4007 Christus.
1694 3955 1803 4024 Ipsi
1832 3959 2005 4028 gloria

440 4046 548 4086 una
566 4042 621 4087 et
644 4033 814 4101 Patri,
852 4050 976 4089 cum
1002 4018 1191 4091 sancto
1216 4038 1443 4109 Spiritu,
1480 4041 1533 4095 in
1559 4018 1775 4101 saacula.
1804 4018 1998 4108 Avmem

510 4248 555 4280 "
597 4250 784 4305 Matth.
823 4266 966 4317 XXVI,
994 4251 1085 4307 39.
1161 4252 1206 4284 ³⁵
1229 4253 1437 4313 ,Matth.
1464 4271 1624 4322 xxvn,
1652 4260 1835 4321 51-55.

2122 1782 2156 1851 ή
2182 1780 2530 1835 διδασκαλίω
2568 1776 2725 1847 οὗτος
2751 1785 2779 1836 6
2812 1785 3087 1856 θησαυρὸς
3127 1790 3451 1859 προγονικὺς
3488 1793 3643 1863 ὑμῶν
3667 1810 3685 1823 ο

2123 1868 2217 1922 τοῦ
2246 1871 2516 1941 μακαρίου
2563 1872 2877 1925 Ἀθανασίου
2904 1874 2974 1928 τά
3000 1874 3248 1945 δόγματα
3271 1893 3286 1908 ⁸
3318 1878 3412 1930 τοῦ
3441 1881 3679 1948 μεγάλου

2117 1962 2375 2030 Θεοφίλου
2407 1963 2478 2017 τὰ
2505 1961 2832 2035 διδάγματα,
2856 1966 2965 2019 τῶν
2992 1966 3200 2020 στόλων
3228 1969 3327 2040 τῆς
3353 1969 3681 2038 ὀρθοδοξίας.

2130 2052 2270 2105 Ἀλλ’
2302 2053 2490 2125 ἐπειδὴ
2524 2054 2889 2127 μακροθύμως
2919 2057 3027 2111 τῶν
3055 2060 3339 2131 ἡμετέρων
3384 2062 3683 2134 ἠνέσχεσθε

2116 2144 2530 2216 ψελλισμάτων,
2571 2149 2895 2219 ἀναμείνατε
2938 2150 3032 2203 τοῦ
3080 2152 3283 2224 πατρὸς
3334 2153 3425 2225 τὴν
3467 2158 3679 2226 σοφίαν.

2130 2234 2430 2289 Ἠκούσατε
2455 2237 2702 2310 καλάμου
2734 2241 3081 2312 ποιμενικοῦ,
3119 2244 3387 2300 ἀκούσατε
3421 2249 3517 2302 καὶ
3550 2250 3680 2304 σάλ-

2120 2340 2313 2393 πιγγος
2351 2328 2891 2403 μεγαλοφωνοτάτης.

2187 2417 2245 2470 '0
2284 2418 2413 2482 λαὸς
2460 2413 2649 2475 εἴπεν·
2693 2422 2789 2474 Υἰὲ
2843 2423 3141 2494 Θεοφίλου,
3182 2430 3277 2483 καὶ
3319 2430 3675 2496 Ἀθανασίου,

2118 2507 2392 2578 Κυρίλλου
2463 2510 2657 2580 σοφίας
2708 2512 3031 2587 ἀκούσωμεν
3081 2555 3098 2573 .
3146 2557 3161 2571 .
3192 2558 3207 2575 .
3247 2558 3263 2575 .
3303 2522 3333 2575 6
3384 2522 3676 2587 ἐπίσκοπος

2118 2597 2330 2662 Παῦλος
2357 2596 2509 2653 εἶπεν
2527 2617 2541 2631 ·

2200 2689 2388 2760 Ἡμῶν
2425 2690 2524 2761 μὲν
2553 2691 2664 2748 τῶν
2700 2691 2996 2765 ὄρθοδόξων
3026 2699 3098 2754 τὰ
3130 2704 3449 2778 φρονήματα
3482 2704 3671 2772 διεγειο

2120 2779 2339 2848 ρούσης,
2370 2780 2481 2832 τῶν
2528 2782 2585 2836 δὲ
2621 2785 2877 2840 ἐναντίων
2904 2788 3006 2858 τῆς
3057 2790 3381 2861 Ἐκκλησίας
3423 2796 3491 2848 τὰ
3513 2796 3669 2865 στίφη

2119 2867 2584 2939 καταϐαλλούσης.
2620 2872 2711 2944 Τῷ
2747 2874 2866 2946 Θεῷ
2899 2877 3079 2933 τοίνυν
3103 2878 3258 2943 δόξαν
3289 2882 3676 2952 ἀναπέμψομεν

2119 2962 2235 3026 νῦν,
2295 2962 2391 3017 καί¹
2424 2962 2515 3018 ἀεὶ
2543 3003 2559 3029 ,
2607 2967 2702 3019 καὶ
2742 2967 2822 3031 εἰς
2865 2968 2994 3033 τοὺς
3032 2970 3237 3035 αἰῶνας
3277 2974 3386 3027 τῶν
3438 2974 3666 3030 αἰώνων.

2040 3024 2083 3081 C
2127 3024 2319 3125 ’Λμήν.

2867 3149 2943 3204 Γ’.

2122 3231 2351 3303 Ὀμιλίσ
2402 3237 2643 3314 Παύλρυ
2665 3238 3042 3314 Δἐπισκόπου
3087 3242 3337 3311 Ἐμέσης
3378 3245 3448 3299 ἐν
3489 3247 3679 3314 Ἀλεξ-

2472 3307 2715 3376 ανδρείᾳ
2744 3309 2877 3378 περί
2918 3307 3162 3381 εἰρήνηςῖ
3186 3307 3326 3384 (1).”
3637 3307 3653 3329 τ

2181 3416 2482 3491 Εὐλογητὸς
2512 3420 2541 3473 6
2567 3420 2699 3485 Θεὸς
2728 3423 2756 3475 6
2790 3424 2965 3478 τοίνυν
2983 3431 3014 3462 ιι
3043 3425 3261 3497 πρῶτον
3296 3427 3423 3499 ὑμῖν
3449 3429 3674 3497 φθεγγό-

2115 3528 2275 3581 μενος
2303 3516 2366 3584 τῇ
2399 3514 2499 3585 τῆς
2524 3516 2744 3586 εἰρήνης
2770 3519 3088 3590 προσρήσει,
3118 3520 3217 3591 τὴν
3247 3510 3508 3591 ὑμετέραν
3538 3539 3670 3576 κατε

2109 3603 2405 3672 αξιωθῆναι
2456 3605 2531 3674 ("2)
2573 3607 3028 3663 κατασπάσασθαι
3085 3610 3408 3665 εὐλάϐειαν*
3455 3613 3672 3684 εἰρήνην

2110 3692 2167 3742 ἑν
2192 3690 2269 3761 τῷ
2301 3692 2456 3764 μέρει
2489 3694 2773 3763 δεδωκὼς,
2805 3698 2896 3750 καὶ
2950 3699 3175 3771 εἰρήνην
3218 3700 3514 3755 ἀντιλαϐὼν
3539 3719 3553 3735 ·
3596 3703 3670 3755 εἰο

2116 3783 2290 3852 ρήνην
2319 3785 2419 3852 τὴν
2444 3785 2662 3840 πάντων
2685 3789 2793 3841 τῶν
2816 3788 3035 3857 ἀγαθῶν
3065 3792 3263 3845 αἰτίαν·
3294 3792 3391 3863 τὴν
3414 3792 3675 3863 ἐράσμιον

2111 3871 2304 3941 καὶτῷ
2339 3872 2457 3944 Θεῷ
2478 3875 2639 3947 φίλην
2668 3894 2683 3907 ’
2730 3879 2799 3950 ἣν
2840 3881 2869 3933 6
2897 3882 3171 3952 Δεσπότης
3207 3882 3439 3953 Χριστὸς
3460 3883 3549 3937 διὰ
3576 3883 3674 3936 τοῦ

2106 3960 2261 4028 ἁγίου
2293 3964 2609 4035 ΙΙνεύματος
2632 4006 2647 4032 ,
2678 3971 2745 4041 τῇ
2769 3970 3059 4043 οἰκουμένῃ
3091 3972 3406 4043 ἐχαρίσατο.
3447 3974 3601 4044 Δὺτῷ
3635 3975 3671 4045 ή

2102 4050 2230 4117 δόξα
2264 4053 2382 4124 ἅμα
2405 4055 2483 4125 τῷ
2507 4057 2684 4133 Πατρὶ
2707 4059 2806 4115 σὺν
2828 4061 2905 4131 τῷ
2936 4061 3077 4134 ἁγίῳ
3098 4064 3399 4135 Πνεύματι,
3433 4065 3513 4130 εἰς
3544 4067 3671 4129 τοὺς

2103 4142 2323 4207 αἰῶνας.
2360 4145 2550 4219 Ἀμήν.

1537 4396 1707 4454 Varia:
1733 4399 1997 4456 lectiones
2019 4403 2222 4461 codicis
2255 4405 2617 4480 Seguieriani.

511 4485 537 4512 υ
569 4477 650 4531 ὅτι
682 4477 797 4533 νῦν.
877 4488 904 4518 ⁷
929 4480 1291 4552 κατηξιώθην.

1941 4577 2168 4636 NOTAE.

621 4681 809 4767 gyrilli
837 4685 1057 4767 homilia
1090 4687 1167 4742 De
1199 4688 1651 4767 l_’_a_t_tlohqui_ante
1673 4689 2015 4767 dissefperat,
2049 4702 2226 4767 exstat
2254 4712 2418 4767 supra
2451 4703 2555 4756 col.
2582 4704 2703 4761 990.

508 4752 582 4823 (‘2)
620 4752 732 4807 lloc
764 4755 1127 4826 fragmentum
1161 4759 1336 4814 edidit
1367 4752 1671 4816 Cbtelerius
1703 4765 1761 4815 in
1794 4752 2145 4818 Monunicntis
2178 4752 2430 4825 Ecclésia:
2454 4752 2733 4839 biéééJi.
2772 4781 2814 4845 Ι,
2850 4798 2905 4851 p.
2941 4786 3027 4840 48.

550 4944 563 4949 -
604 4943 2047 4960 W

2121 4951 3660 5000 Ἢ

1650 5084 1963 5163 PAULI
2032 5088 2472 5171 EMESENI

1218 5252 1549 5310 EPISTOLA
1585 5255 1676 5311 AD
1710 5255 2114 5315 ANATOLIUM
2154 5260 2557 5323 MAGISTRUM
2593 5268 2890 5329 MILITIIE.

1588 5389 1661 5439 De
1688 5402 1808 5451 pace
1833 5392 2196 5445 eccclesiastica
2227 5398 2502 5454 restituta..

466 5547 471 5551 .
494 5500 659 5551 Exstat
683 5499 732 5550 in
755 5505 993 5568 Synodico
1015 5508 1264 5564 Casinensi
1287 5514 1519 5569 adversus
1547 5520 1857 5587 Tragoediam
1889 5523 2086 5585 [νεικεῖ.
2109 5539 2214 5591 cap.
2228 5528 2342 5593 .107,
2365 5531 2489 5585 inter
2509 5535 2668 5597 Opera
2691 5540 2996 5608 Theodoreti,
3019 5544 3164 5610 infra,
3195 5555 3305 5599 tom.
3338 5553 3527 5603 LXXXI
3538 5554 3597 5607 V.
