4072 6210
2690 228 2695 235 .

415 228 3663 281 mm

703 977 2109 1113 BERRHGﬁENSIS
2310 1098 2311 1105 ,

1772 977 2109 1109 'SIS
2310 982 3380 1121 EPISCOPUS

1754 1389 2306 1484 NOTITIA.

1491 1582 1689 1646 (Oriens
1725 1580 2049 1641 Christianus,
2076 1584 2194 1631 tom.
2225 1580 2287 1642 ιι,
2318 1584 2415 1633 col.
2455 1585 2590 1646 782.)

473 1988 558 2046 Ab
586 1983 824 2042 Eusebio
853 1980 1243 2046 Samosatensi,
1287 1979 1383 2050 qui
1425 1978 1530 2034 sub
1557 1977 1783 2033 Valente
1814 1978 2146 2049 imperatore
2177 1976 2453 2035 Ecclesias
2488 1976 2734 2034 Orientis
2775 1979 2916 2035 clam
2943 1979 3216 2037 lustrabat
3252 1988 3309 2038 ct
3348 1983 3666 2052 ordinabat,

403 2080 638 2138 Aeacius
679 2092 747 2132 ex
787 2074 1061 2131 monacho
1099 2072 1392 2142 cpiscopus
1421 2068 1805 2126 Berrhmensis
1846 2079 2204 2126 consecratus
2246 2069 2381 2136 fuit,
2412 2070 2825 2140 Eeclcsiamquc
2870 2086 3023 2128 suam
3066 2073 3669 2146 quinquaginta'annos

404 2176 638 2239 curavit,
669 2172 988 2228 monasticae
1020 2179 1204 2225 tamen
1236 2169 1363 2224 vita:
1393 2183 1584 2223 norma
1621 2181 1732 2222 non
1759 2166 1980 2231 omissa,
2008 2167 2104 2222 sed
2133 2166 2281 2222 civili
2303 2167 2508 2224 virtute
2538 2175 2859 2238 temperata,
2889 2168 2967 2223 ait
2996 2169 3377 2227 Theodoretus
3406 2170 3461 2226 in
3492 2172 3670 2227 Histo-

406 2273 485 2326 n‘a
526 2269 794 2340 religiosa,
831 2282 881 2322 c.
917 2266 972 2330 2,
1005 2265 1101 2336 qui
1131 2274 1188 2319 et
1211 2264 1458 2336 ejusdem
1488 2261 1741 2318 meminit
1771 2261 1870 2317 lib.
1897 2279 1933 2317 ν
1960 2262 2162 2318 Hister.
2216 2262 2423 2329 eccles.,
2451 2278 2572 2333 cap.
2597 2263 2650 2317 4.
2679 2263 2877 2319 Annon
2901 2263 3137 2320 Aeacius
3172 2266 3263 2322 ille
3290 2268 3579 2341 presbyter
3610 2279 3669 2329 et

402 2364 727 2428 monachus,
758 2376 789 2416 a
823 2375 933 2431 quo
958 2359 1191 2415 Basilius
1217 2359 1449 2429 cpistola
1478 2358 1600 2423 144,
1627 2373 1749 2428 qua:
1770 2366 1855 2413 cst
1879 2356 1949 2412 ad
1973 2357 2183 2412 clerum
2218 2358 2661 2424 Berrhoeensem,
2697 2360 2869 2415 multa
2905 2375 2964 2416 se
2989 2360 3248 2417 didicisse
3273 2365 3499 2421 scribit?
3518 2366 3665 2422 Con-

404 2457 905 2529 stantinopolitana:
929 2454 1138 2528 synodo
1171 2454 1413 2526 generali
1443 2454 1613 2525 priori
1654 2453 1924 2537 interfuit.
1955 2453 2183 2508 Romam
2219 2453 2454 2508 subinde
2485 2452 2552 2507 ad
2590 2451 2849 2507 Sirieium
2883 2468 3079 2523 papam
3107 2455 3310 2511 missus
3339 2466 3443 2522 est,
3476 2468 3537 2513 ut
3559 2459 3665 2516 Ec-

404 2554 628 2611 clesiam
657 2553 957 2607 Romanam
985 2560 1041 2605 et
1072 2548 1499 2604 Alexandrinam
1531 2546 1792 2602 Flaviano
1830 2547 2051 2601 tandem
2078 2546 2424 2600 Antiocbcno
2465 2544 2817 2609 conciliaret;
2858 2544 3062 2615 quippe
3090 2547 3179 2601 cui
3216 2548 3333 2618 ipse
3368 2565 3495 2604 cum
3532 2551 3664 2607 Dio-

404 2650 541 2704 doro
566 2646 839 2718 imprimis
866 2643 1124 2699 Tarsensi
1165 2658 1362 2697 manus
1396 2642 1735 2710 imposuerat
1774 2649 1967 2694 contra
1998 2647 2157 2707 pacta
2185 2645 2454 2693 conventa
2495 2653 2617 2707 quae
2659 2650 3003 2695 sacramento
3043 2641 3365 2699 conﬁrmata
3396 2646 3611 2702 fuerant
3646 2667 3661 2703 :

403 2760 524 2815 quae.
546 2744 654 2800 fert
684 2739 1020 2797 Sozomenus
1049 2737 1146 2791 lib.
1181 2753 1258 2799 γι,
1286 2751 1407 2804 cap.
1433 2735 1523 2788 2|.
1555 2734 1686 2788 Post
1719 2748 1852 2787 vero
1884 2746 2078 2803 graves
2109 2732 2166 2786 in
2200 2731 2465 2787 Joannem
2492 2731 2941 2804 Cbrysostomum
2970 2734 3290 2792 inimicitias
3317 2739 3583 2803 exercuit,
3610 2750 3668 2798 ct

404 2838 461 2892 in
490 2843 764 2892 conventu
795 2831 863 2887 ad
899 2830 1174 2897 Quercum
1208 2827 1540 2897 depositioni
1568 2827 1718 2881 illius
1758 2825 2092 2898 sull‘ragatus
2130 2835 2235 2894 est,
2280 2843 2422 2882 unus
2446 2844 2477 2883 e
2503 2829 2797 2899 praecipuis
2828 2830 3085 2900 procella:
3115 2832 3280 2904 hujus
3320 2837 3664 2893 auctoribus,

401 2934 560 2988 Anno
587 2931 685 2985 451
711 2925 951 2984 Nestorii
973 2938 1196 2980 causam
1218 2922 1482 2977 adversus
1503 2921 1766 2993 Cyrillum
1791 2921 2218 2977 Alexandrinum
2248 2922 2535 2993 pmfracle
2564 2924 2832 2991 defendit,
2855 2925 2958 2981 etsi
2984 2935 3212 2997 propter
3237 2937 3452 2986 aetatem
3480 2932 3666 3003 Ephe-

401 3041 525 3082 sum
555 3024 624 3079 ad
654 3021 949 3078 concilium
974 3017 1227 3090 generale
1257 3017 1447 3072 venire
1475 3033 1584 3071 non
1615 3017 1816 3088 potuit.
1845 3019 2004 3071 Anno
2037 3018 2143 3072 452
2167 3018 2410 3089 episcopi
2438 3018 2699 3084 Orientis,
2730 3020 3025 3077 Theodosii
3050 3023 3297 3080 Junioris
3320 3026 3667 3098 imperatoris

403 3128 564 3185 nutu,
597 3117 919 3173 Berrbmam
955 3114 1025 3169 ad
1062 3114 1241 3184 ipsum
1267 3128 1597 3177 convenere,
1625 3112 1695 3168 de
1720 3112 2171 3168 reconciliatione
2209 3113 2529 3179 tractaturi,
2556 3113 2703 3184 quod
2743 3116 3024 3187 negotium
3062 3133 3174 3173 non
3204 3118 3313 3176 nisi
3345 3136 3491 3177 anno
3517 3121 3666 3178 inse-

403 3211 593 3280 quenti
618 3207 931 3264 confectum
955 3213 1059 3262 est.
1086 3204 1222 3261 Cum
1256 3204 1403 3258 circa
1433 3219 1639 3259 annum
1667 3203 1770 3258 579
1801 3204 1888 3258 vel
1919 3202 2024 3259 580
2051 3204 2368 3275 episc0patu
2400 3205 2559 3271 inito,
2610 3207 3006 3278 quinquaginta
3031 3217 3087 3263 et
3114 3217 3242 3264 octo
3270 3226 3445 3267 annos
3471 3221 3666 3268 tenue—

403 3300 497 3363 rit,
525 3298 726 3353 obierit
743 3306 959 3368 oportet
980 3311 1125 3350 anno
1152 3295 1279 3359 457,
1302 3294 1569 3364 producta
1591 3294 1702 3350 vita
1730 3293 1797 3348 ad
1827 3293 2192 3349 centesimum
2215 3294 2490 3349 decimum
2521 3304 2757 3351 sextum.
2780 3296 2917 3350 Nam
2944 3312 3088 3353 anno
3112 3299 3209 3352 451
3240 3300 3325 3355 vel
3348 3303 3540 3357 saltem
3560 3303 3667 3358 453

402 3390 645 3447 Orientis
672 3391 914 3461 episcopi
940 3392 995 3445 in
1025 3406 1123 3446 sua
1163 3388 1231 3445 ad
1261 3381 1632 3444 Theodosium
1658 3389 1793 3459 imp.
1820 3388 2080 3460 synodica
2114 3389 2462 3443 scribebant:
2496 3390 2607 3444 Deo
2640 3391 3065 3446 amantissimum
3095 3403 3252 3464 atque
3274 3398 3666 3455 sanctissimum

404 3486 622 3541 Patrem
650 3496 697 3540 et
723 3488 1020 3558 epismpum
1052 3486 1300 3541 Acacium
1340 3491 1584 3538 sanctam
1614 3483 1872 3555 synodum
1905 3482 2281 3554 (Ephesinam)
2311 3500 2403 3554 per
2435 3483 2640 3539 litteras
2674 3484 2955 3546 edocuisse.
2985 3488 3125 3557 quod
3151 3487 3411 3560 (capitula
3449 3489 3662 3562 Cyrilli)

403 3579 722 3653 Apollinarii
749 3578 1005 3650 impietati
1031 3576 1387 3631 convenirent.
1411 3575 1536 3629 Have
1568 3591 1690 3629 vero
1720 3582 1844 3629 nota
1879 3589 1988 3628 esse
2015 3575 2127 3627 viro
2156 3576 2247 3644 qui
2275 3573 2378 3629 ΗΟ
2402 3575 2521 3629 vitm
2558 3590 2726 3629 annos
2758 3574 3002 3644 explevit,
3032 3592 3239 3631 onmem
3271 3594 3393 3632 vero
3420 3581 3579 3635 vitam
3605 3582 3664 3635 in

405 3669 715 3741 evangelicis
743 3668 1118 3723 certaminibus
1139 3665 1445 3719 desudarde
1474 3665 1752 3737 transegit,
1804 3672 1853 3718 et
1879 3665 2096 3735 synodis,
2126 3664 2304 3719 amitis
2332 3664 2591 3734 interfuit.
2616 3662 2857 3735 Legendi
2886 3663 3267 3721 Thcodorctus
3296 3667 3391 3722 lib.
3425 3684 3476 3722 IV
3499 3667 3663 3736 Hist.,

405 3782 456 3822 c.
491 3767 589 3833 25;
621 3766 721 3828 lib.
756 3782 811 3831 v,
846 3780 896 3820 c.
930 3764 986 3828 2,
1021 3762 1160 3817 Hist.
1184 3760 1365 3832 relig.;
1392 3761 1733 3817 Sozomcnus
1757 3760 1857 3815 lib.
1881 3775 1977 3829 vn,
2012 3777 2063 3818 e.
2087 3760 2157 3815 27
2178 3777 2193 3827 ;
2218 3759 2514 3826 Palladius,
2538 3758 2684 3814 Dial.
2712 3759 2779 3814 de
2815 3762 2923 3815 vita
2945 3759 3003 3816 S.
3027 3762 3252 3817 Joannis
3276 3763 3663 3836 Chrysostomi,

407 3870 526 3917 acta
549 3862 697 3918 varia
727 3860 795 3917 ad
819 3857 1090 3931 synodum
1113 3854 1445 3926 Ephesinam
1479 3854 1803 3927 spectantia.

773 4095 904 4108 ﬁ

428 4072 3644 4111 Mm

1347 4249 1830 4369 ACACII
1935 4248 2714 4367 EPISTOLAS.

1978 4493 2053 4509 —

1858 4615 2189 4676 EPISTOLA
2222 4617 2272 4675 l.

1392 4800 1457 4841 ΔΙ)
1491 4796 1745 4839 εγιιιιιυιι
1774 4794 2175 4837 Αιωκιδιιιυσιι
2206 4794 2667 4836 Λιιοιιιενιεοονυι.

1248 4945 1439 5001 Exstat
1499 4959 1684 5015 supra,
1716 4940 1817 4997 col.
1859 4937 1951 5002 99,
2005 4937 2144 4991 inter
2190 4937 2255 4995 S.
2305 4937 2493 5011 (ἔνι-ἰαί
2546 4937 2816 5010 epistolas.

1849 5224 2186 5283 EPISTOLA
2219 5223 2288 5279 ll.

956 5402 1021 5441 ΔΙ)
1056 5395 1398 5439 ALEXAND!!!”
1435 5394 1887 5436 HIEMPOLITLNUI
1926 5394 2300 5436 EUPHRATEﬁLB
2329 5395 2798 5437 IBTROPOLITANUI
2821 5397 3131 5440 EPISCOPUI.

761 5540 964 5598 Exstat
993 5544 1047 5599 in
1082 5540 1336 5615 Synodico
1359 5543 1653 5612 Casinensi,
1689 5560 1807 5616 cap.
1841 5544 1932 5611 41,
1968 5544 2107 5600 inter
2139 5542 2311 5616 Opera
2337 5543 2661 5612 Theodoreti,
2688 5545 2851 5615 infra,
2877 5554 3001 5601 tom.
3027 5543 3297 5603 LXXXIV.
