4048 6210
1605 460 1776 504 ANNO
1821 461 2041 507 DOMINI
2083 462 2264 507 CDXLI

1349 645 2539 858 JOANNES

837 997 2044 1116 ANTIOGHENUS
2157 997 3056 1120 EPISCOPUS

1673 1370 2214 1462 NOTITIA.

1412 1558 1606 1627 (Oriens
1633 1561 1952 1624 Christianus,
1978 1568 2096 1617 tom.
2124 1565 2187 1629 ll,
2210 1567 2302 1618 col.
2339 1567 2471 1632 721.)

382 1847 638 1915 Joannes,
668 1847 724 1904 in
753 1845 1086 1904 monasterio
1117 1843 1172 1900 S.
1201 1844 1463 1914 Euprepii
1484 1843 1630 1898 haud
1655 1845 1844 1914 procul
1866 1845 2158 1900 Antiochia
2184 1845 2254 1900 ab
2277 1847 2497 1901 ineunte
2525 1853 2685 1901 aetate
2712 1861 2836 1902 cum
2861 1844 3207 1901 Theodoreto
3231 1852 3285 1899 et
3306 1843 3558 1900 Nestorio

313 1939 598 2006 educatus,
631 1948 756 2010 post
777 1938 1120 1994 Theodotum
1149 1935 1524 1991 Antiochenus
1544 1933 1838 2004 episcopus
1862 1934 2040 1990 factus
2061 1945 2145 1991 est
2172 1952 2316 1992 anno
2349 1936 2472 1993 428.
2498 1936 2729 1992 Aeacius
2761 1952 2995 2007 namque
3029 1931 3425 2000 Berrhoeensis,
3453 1935 3558 2006 Cy-

316 2031 439 2087 rillo
468 2030 834 2086 Alexandrino
867 2029 935 2084 de
964 2043 1108 2084 novo
1140 2025 1380 2083 Nestorii
1417 2024 1655 2094 dogmati
1679 2026 2010 2092 rescribens,
2035 2029 2299 2084 Joannem
2327 2045 2520 2084 recens
2558 2029 2814 2100 adeptum
2840 2044 2960 2084 esse
2987 2026 3363 2097 episcopatum
3391 2027 3559 2097 signi-

320 2123 537 2187 ﬁcabat,
577 2123 774 2174 νεωστὶ
811 2123 890 2184 εἰς
924 2119 1231 2190 ἐπισκοπὴν
1255 2117 1548 2189 ἐληλυθώς.
1586 2117 1708 2187 Ipso
1734 2118 1917 2188 itaque

1958 2118 2343 2176 Antiochenam
2378 2121 2676 2177 Eeclesiam
2716 2121 3151 2184 administrante,
3181 2118 3454 2173 celebrata
3481 2129 3556 2173 est

315 2215 556 2287 synodus
594 2215 755 2270 tertia
777 2217 1045 2286 generalis
1066 2214 1343 2284 Ephesina
1367 2211 1630 2267 adversus
1660 2213 1995 2280 Nestorium,
2023 2230 2166 2271 anno
2196 2217 2320 2281 451,
2354 2233 2385 2271 a
2407 2233 2515 2288 qua
2541 2217 2652 2283 ille,
2685 2217 2963 2288 Ephesum
2996 2231 3120 2272 cum
3145 2216 3405 2279 venisset,
3437 2230 3560 2269 cum

311 2309 682 2365 Orientalibus
745 2311 861 2366 suis
917 2310 1150 2376 defecit,
1222 2307 1496 2374 haeretici,
1559 2324 1722 2378 quem
1785 2309 2021 2364 sanioris
2087 2312 2373 2367 sententiae
2428 2311 2614 2366 virum
2674 2311 2942 2378 habebat,
3001 2311 3184 2367 aerius
3245 2325 3406 2379 quam
3466 2322 3561 2377 par

312 2413 456 2457 esset
486 2401 857 2474 patrocinium
889 2403 1215 2472 suscipiens,
1244 2403 1400 2473 cujus
1440 2417 1604 2458 causa
1630 2411 1752 2473 post
1794 2402 2031 2458 reditum
2063 2403 2118 2457 in
2144 2404 2376 2472 patriam
2401 2406 2600 2461 multas
2631 2405 2684 2460 in
2709 2404 2931 2460 dioecesi
2956 2421 3052 2459 sua
3080 2403 3316 2476 synodos
3348 2400 3559 2455 habuit.

312 2493 460 2557 Post,
487 2499 765 2562 comperta
797 2493 968 2564 magis
990 2493 1242 2559 veritate,
1272 2509 1415 2549 anno
1438 2503 1701 2566 sequente
1741 2493 1807 2548 ad
1849 2495 2133 2550 meliorem
2160 2495 2368 2567 frugem
2399 2497 2675 2562 redactus,
2700 2495 2901 2566 Cyrillo
2922 2494 3288 2548 Alexandrino
3315 2491 3562 2546 reconci-

311 2583 475 2640 liatus
506 2592 610 2648 est,
640 2584 809 2638 misso
839 2583 907 2637 ad
949 2584 1104 2638 illum
1147 2585 1315 2640 Paulo
1346 2586 1618 2644 Emeseno
1648 2601 1771 2641 eum
1807 2585 1933 2640 fidei
1974 2587 2340 2651 confessione,
2370 2602 2534 2654 quam
2575 2586 2810 2656 Cyrinus
2839 2600 2963 2640 cum
3007 2585 3155 2638 omni
3189 2583 3430 2638 Ecclesia
3465 2597 3560 2637 sua

311 2675 584 2745 probavit.
617 2673 774 2741 Quod
801 2676 921 2745 ejus
946 2674 1125 2730 fcedus
1152 2677 1376 2746 reliquae
1405 2676 1646 2731 Orientis
1692 2677 1971 2740 Ecclesiae,
2002 2677 2192 2744 paucis
2227 2675 2502 2744 epiSCOpis
2537 2674 2782 2744 exceptis
2823 2673 2918 2744 qui
2963 2682 3187 2744 pr0pter
3227 2671 3559 2728 obstinatum

313 2767 557 2822 animum
586 2766 880 2838 proscripti
918 2766 1164 2831 fuerunt,
1195 2768 1457 2836 paulatim
1491 2769 1754 2837 amplexa:
1784 2777 1932 2822 sunt.
1959 2766 2088 2833 Quae
2131 2767 2312 2820 omnia
2343 2767 2398 2819 in
2433 2767 2619 2822 multis
2647 2783 2768 2837 qua:
2797 2775 3031 2834 exstant,
3058 2765 3319 2837 Ephesini
3345 2765 3558 2821 concilii

314 2862 702 2928 monumentis,
732 2876 795 2915 ae
815 2861 1091 2930 praecipue
1116 2860 1172 2914 in
1197 2861 1460 2931 synodico
1481 2879 1546 2918 ex
1576 2862 1837 2934 tragcedia
1860 2863 2072 2927 Irenaei,
2101 2862 2246 2931 quod
2271 2861 2616 2919 Christianus
2644 2863 2830 2935 Lupus
2856 2865 3150 2936 evulgavit,
3175 2865 3281 2936 legi
3312 2873 3559 2935 possunt.

312 2957 460 3013 Obiit
491 2957 704 3014 decimo
741 2957 902 3012 tertio
928 2957 1276 3026 episcopatus
1311 2973 1454 3013 anno
1497 2958 1750 3012 absoluto
1770 2999 1784 3024 ,
1817 2957 2021 3012 Christi
2052 2973 2246 3027 nempe
2273 2958 2396 3022 Ml,
2422 2973 2547 3014 cum
2590 2959 2920 3014 Theodoreti
2967 2960 3279 3015 testimonio
3317 2968 3558 3023 constet,

311 3052 605 3125 septimum
628 3051 846 3119 Domni,
873 3051 1106 3108 Joannis
1119 3053 1479 3117 successoris,
1505 3069 1710 3108 annum
1739 3055 1793 3107 in
1821 3052 2024 3108 Christi
2049 3052 2151 3108 448
2175 3053 2452 3107 incidisse.

329 3263 731 3280 *—

875 3420 1682 3578 JOANNIS
1823 3420 2073 3573 AN
2085 3420 2998 3580 TIOCHENI

1548 3709 2335 3822 EPISTOLZE.

1075 3927 1171 3990 (Ex
1193 3928 1333 3981 Actis
1364 3927 1558 3976 concilii
1586 3926 1840 3989 Ephesini,
1865 3941 1943 3990 ap.
1973 3929 2124 4007 Mansi
2153 3911 2331 3980 Concil.
2373 3937 2487 3980 tom.
2518 3930 2579 3993 ν,
2603 3931 2824 3994 passim.)

1657 4210 1990 4268 EPISTOLA
2029 4213 2260 4269 PRIMA.

329 4476 1082 4559 ’Artlrpagaovemafolﬁc
1115 4482 1446 4559 γραφείσης
1469 4483 1653 4559 impii
1678 4481 1876 4536 ἰωιὶν-
1904 4500 1927 4559 λ

1980 4482 2298 4554 Exemplum
2337 4483 2567 4559 epistolae
2609 4483 2887 4559 script_w__a
2914 4481 3121 4559 Joqnne
3168 4483 3403 4553 episcopo
3447 4483 3556 4538 An-

384 4565 495 4601 νου
522 4547 858 4603 ἐπισκόπου
899 4547 1261 4619 Ἀντιοχέίαξν
1291 4547 1438 4620 πρὸς
1459 4547 1804 4620 Νεάτόριον.
1904 4547 1954 4559 ”

1523 4547 1804 4620 εοῖτόριον.
1904 4547 1954 4559 ’³
2151 4547 2161 4554 ’
2365 4547 2374 4554 ’
2434 4555 2666 4606 tiocheno
2704 4547 2771 4606 (1d
2802 4552 3121 4606 Nestorium.

384 4658 475 4730 Τῷ
534 4658 768 4731 δεσπότῃ
829 4678 930 4731 μου
990 4660 1395 4732 Θεοφιλεστάτῳ
1448 4664 1545 4718 καὶ
1607 4664 1888 4733 ὁσιωτάτῳ

2063 4664 2294 4718 Domino
2339 4679 2460 4718 meo
2513 4663 2759 4732 piissimo
2806 4663 3261 4731 sanctissimeque
3304 4662 3560 4733 episcopo

316 4750 601 4821 ἐπισκόπῳ
637 4751 938 4824 Νεστορίῳ,
965 4753 1243 4838 Ἰωάννης,
1275 4756 1333 4808 ὲν
1364 4756 1554 4825 Κυρίῳ
1584 4756 1814 4827 χαίρειν.

1584 4756 1814 4827 χαίρειν.
1988 4756 2262 4820 Nestorio,
2283 4755 2539 4818 Joannes,
2569 4754 2624 4808 in
2652 4755 2881 4809 Domino
2914 4755 3162 4808 salutem.

387 4846 454 4894 α’.
489 4840 593 4894 Τὸν
643 4842 883 4912 ἐμαυτοῦ
915 4843 1116 4896 σκοπὸν
1149 4843 1278 4915 περὶ
1307 4845 1408 4916 τὴν
1445 4845 1544 4916 σὴν
1577 4845 1888 4900 θεοσέϐειαν

2063 4847 2113 4899 l.
2150 4847 2322 4901 Meam
2345 4845 2413 4899 de
2441 4855 2530 4900 tua
2566 4847 2769 4916 pietate
2794 4847 3119 4900 sententiam
3155 4859 3253 4915 per
3275 4846 3557 4899 dominum

319 4931 457 5000 μετὰ
485 4932 666 5003 πάσης
709 4933 966 5004 ἀληθείας
997 4935 1086 4988 διὰ
1138 4935 1234 4988 τοῦ
1285 4937 1474 5007 κυρίου
1509 4954 1630 5007 μου.
1671 4937 1766 4991 τοῦ
1817 4938 1884 4990 τὰ

1990 4951 2193 5002 meum,
2215 4936 2669 5006 magnificumque
2692 4951 2789 5006 per
2810 4936 2992 4989 omnia
3015 4935 3272 4990 comitem
3294 4936 3557 4990 Irenaeum

317 5023 492 5076 πάντα
537 5024 1123 5096 μεγαλοπρεπεστάτου
1168 5028 1407 5099 κόμητος
1437 5030 1727 5100 Εἰρηναίου
1758 5031 1885 5100 ἐδή-

1989 5025 2200 5079 sincere
2231 5023 2438 5092 absque
2472 5024 2585 5078 ullo
2617 5040 2842 5094 prorsus
2872 5024 2998 5079 fuco
3021 5024 3300 5079 dilectioni
3330 5033 3436 5079 tua:
3458 5041 3558 5096 pa-

315 5115 462 5168 λωσα
489 5119 554 5186 τῇ
581 5119 647 5186 σῇ
681 5117 938 5172 διαθέσει.
974 5120 1083 5172 Καὶ
1111 5118 1318 5191 ἐπειδὴ,
1342 5119 1417 5184 ὡς
1447 5120 1671 5191 νομίζω,
1702 5119 1886 5190 πάσης

1986 5114 2145 5169 tefeci
2177 5131 2189 5166 :
2220 5122 2276 5170 et
2307 5115 2564 5184 quoniam
2596 5129 2724 5168 vera
2762 5115 3152 5185 expurgatione
3189 5129 3343 5177 usus,
3381 5115 3553 5177 omni,

314 5208 431 5276 εἰμὶ
457 5207 692 5275 ὑποψίας
717 5208 905 5262 λοιπὸν
937 5213 1068 5281 παρ’
1100 5213 1229 5282 ὑμῖν
1265 5210 1441 5274 ἐκτὸς.
1469 5210 1726 5281 ἀληθέσιν
1748 5213 1883 5266 ἀποο

1988 5213 2047 5259 ut
2085 5206 2344 5270 arbitror,
2382 5207 2698 5276 suspicione
2725 5207 2868 5277 apud
2901 5214 2953 5261 te
2976 5222 3138 5271 vaco,
3173 5207 3347 5262 libere
3371 5205 3555 5260 candi-

311 5295 518 5363 λογίαις
561 5296 907 5366 χρησάμενος
926 5337 941 5362 ,
977 5298 1504 5371 πεπαῤῥησιασμένῃ
1531 5297 1713 5350 λοιπὸν
1741 5300 1884 5370 χρῶ-

1984 5299 2163 5368 deque
2200 5299 2503 5354 sinceritati
2549 5309 2656 5354 tuae
2701 5300 2756 5353 in
2785 5309 3065 5368 posterum
3109 5299 3397 5354 consilium
3425 5299 3553 5353 dare

316 5397 412 5450 μαι
437 5379 574 5450 πρὸς
593 5381 693 5451 τὴν
727 5381 826 5450 σὴν
860 5383 1190 5453 γνησιότητα
1224 5383 1538 5454 συμϐουλίᾳ.
1572 5383 1788 5449 Ἔξεστι
1821 5385 1876 5436 δέ

1985 5390 2220 5445 institui.
2266 5390 2479 5444 Poteris
2507 5399 2690 5444 autem
2741 5405 2808 5443 ex
2842 5389 2908 5443 iis
2937 5405 3058 5458 quae
3107 5404 3373 5445 suasurus
3407 5403 3550 5450 sum,

315 5487 396 5522 σοι
439 5471 498 5538 ἐξ
523 5472 703 5526 αὐτῶν
733 5464 809 5526 ὧν
845 5473 1219 5545 συμϐουλεύω,
1253 5475 1482 5545 ἐνέχυρα
1518 5475 1670 5545 ἡμῶν
1695 5475 1877 5529 λαϐεῖν

1988 5478 2162 5533 nostri
2205 5494 2332 5548 erga
2370 5486 2420 5533 te
2455 5478 2707 5533 candoris
2746 5494 2851 5532 non
2882 5479 2999 5534 leve
3037 5488 3419 5551 argumentum
3464 5495 3550 5533 su-

307 5563 408 5634 τῆς
437 5565 566 5635 περὶ
587 5565 646 5617 σὲ
677 5565 1052 5636 γνησιότητος,
1096 5569 1188 5620 καὶ
1218 5567 1296 5630 ὼς
1317 5566 1538 5637 φροντὶς
1564 5568 1696 5639 ἡμῖν
1731 5570 1878 5624 ἐστιν

1984 5583 2155 5635 mere,
2190 5568 2462 5638 simulque
2493 5577 2708 5638 quantm
2738 5585 2801 5624 ea
2833 5569 3073 5625 charitas
3100 5585 3220 5640 quze
3247 5568 3549 5625 secundum

629 5656 904 5720 PATROL.
949 5659 1064 5719 Gn.
1106 5659 1388 5721 LXXVII.
3072 5663 3144 5723 46
