4048 6210
497 250 623 305 ΗΞΗ

1580 238 1867 293 δυΑΝΝιδ
1904 237 2324 292 ANTIOCHEM
2360 239 2666 295 EPISCOPI

3620 247 3649 301 1
3664 249 3774 301 -ἱόἳ

497 362 668 415 Deum
698 365 801 421 est,
833 370 978 409 curae
1010 352 1166 407 nobis
1204 350 1295 415 sit,
1350 350 1685 419 perspicere.
1720 350 1893 415 Quam
1943 365 2074 404 sane

2198 352 2239 403 n3
2277 351 2451 421 μικρά
2491 356 2587 422 τῆς
2626 353 2765 406 κατὰ
2812 353 2943 406 Θεὸν
2976 355 3231 425 ἀγάπηςθ
3263 356 3330 425 ἢν
3360 359 3409 410 οἱ
3434 358 3773 429 τηροῦντες,

495 450 819 505 charitatcm
849 447 941 516 qui
967 449 1370 505 consectantur,
1403 441 1481 495 illi
1510 440 1712 496 divinis
1736 442 1952 511 legibus
1972 441 2075 494 ob-

499 547 808 615 temperant
842 554 856 598 ;
887 537 981 605 qui
1012 549 1163 599 vero,
1200 549 1263 588 ea
1293 534 1561 603 neglecta,
1610 531 1930 602 imposturis
1958 539 2073 586 stu-

496 633 650 695 dent,
686 631 723 683 ii
771 628 886 683 suis
920 642 977 680 se
1023 625 1149 678 telis
1192 625 1349 694 prius
1393 623 1716 687 coniiciunt,
1766 639 1930 693 quam
1981 637 2077 678 eos

494 737 636 791 quos
655 718 1001 774 adoriuntur.
1022 716 1148 770 Ilaec
1164 716 1346 785 itaque
1369 724 1697 784 opportune,
1721 722 1781 767 ut
1801 713 2074 777 existimo,

490 812 774 884 praefatus,
811 818 862 863 te
884 808 1048 863 etiam
1078 815 1240 876 atque
1267 807 1433 861 etiam
1464 822 1613 876 rogo,
1645 814 1704 859 ut
1734 820 1819 859 me
1856 806 2077 859 consul—

501 913 674 957 torem
702 900 845 954 haud
886 899 1087 952 malum
1111 898 1206 951 tibi
1234 897 1481 951 futurum
1504 897 1769 951 benevole
1800 896 2076 959 admittas,

500 1007 679 1061 neque
721 989 922 1060 siquid
950 989 1105 1053 utile,
1128 996 1227 1041 aut
1263 987 1464 1042 divinze
1491 987 1745 1041 charitati
1786 996 2075 1057 cognatum

503 1082 556 1135 in
589 1082 750 1137 dictis
769 1085 904 1135 meis
925 1080 1254 1145 occurrerit,
1278 1079 1516 1148 idipsum
1548 1094 1797 1148 respuas.

571 1174 625 1226 2.
653 1174 721 1227 Ει
743 1173 964 1243 quidem
989 1171 1278 1241 oportebat
1325 1180 1385 1224 ut
1433 1171 1499 1225 de
1533 1171 1699 1224 rebus
1722 1169 1882 1225 bouis
1915 1180 2080 1239 atque

507 1264 734 1318 utilibus
783 1264 925 1317 inter
966 1278 1067 1317 nos
1111 1261 1508 1316 conferremus.
1545 1262 1744 1316 Verum
1785 1260 1913 1329 quia
1960 1276 2083 1329 pec-

505 1366 627 1410 cata
672 1364 861 1409 nostra
908 1352 1421 1424 perturbationibus
1465 1351 1858 1406 ecclesiasticis
1891 1352 2083 1421 ingens

494 1447 707 1501 ostium
733 1446 1127 1516 patefecerunt,
1156 1445 1279 1498 ideo
1299 1460 1363 1498 ea
1390 1444 1645 1498 charitati
1663 1452 1770 1497 ture
1792 1443 2082 1512 explanare

506 1553 671 1607 cogor
712 1552 833 1605 quae
867 1534 1181 1604 nuperrime
1222 1551 1287 1589 ex
1338 1535 1582 1587 Romana
1625 1544 1681 1588 et
1719 1533 2085 1587 Alexandrina

509 1630 645 1681 urbe
675 1628 743 1681 ad
787 1643 875 1681 me
911 1628 1219 1696 perscripta
1277 1634 1423 1680 sunt.
1465 1624 1678 1679 Etenim
1724 1624 1911 1678 clerici
1957 1623 2083 1677 Ale-

2179 442 2304 504 τοὺς
2329 441 2506 506 θείους
2537 443 2872 513 ἐκπληροῦσι
2918 445 3148 514 νόμους·
3193 446 3243 499 οἱ
3289 447 3346 500 δὲ
3384 449 3736 519 ἀμελοῦντες
3757 492 3773 515 ,

2180 532 2275 584 καὶ
2308 532 2633 601 πανούργως
2658 533 3095 603 προσφερόμενοι
3129 538 3238 599 τοῖς
3264 538 3483 602 οἰκείοις
3512 540 3777 609 μέλεσιν,

2179 622 2405 685 ἐαυτοὺς
2444 624 2707 694 πρότερον
2757 624 3110 694 βλάπτουσιν,
3145 628 3178 697 ἢ
3210 628 3328 680 καθ’
3358 622 3433 683 ὧν
3470 632 3779 701 ἐγχειροῦο

2182 731 2285 768 σιν.
2332 715 2483 767 Ἐπεὶ
2535 711 2629 769 οὖν
2679 715 2853 770 ταῦτά
2894 734 2985 787 μοι
3035 718 3217 782 καλῶς
3252 722 3779 793 πεπροοιμίασται,

2179 806 2254 868 ὡς
2286 806 2460 874 ἔγωγε
2498 799 2652 876 οἶμαι
2674 846 2688 870 ,
2721 807 2869 872 δέξαι
2905 824 2971 877 με
2996 848 3010 871 ,
3057 810 3362 878 παρακαλῶ
3385 851 3399 875 ,
3437 812 3649 879 ἀγαθόν
3688 830 3782 867 σοι

2181 899 2437 967 ἐσόμενον
2479 899 2803 969 σύμϐουλον,
2856 901 2932 971 μὴ
2965 900 3387 972 παρωθούμενος
3430 903 3489 955 τὸ
3536 907 3596 956 ἐν
3648 909 3783 966 τοῖς

2182 990 2311 1058 παρ’
2338 990 2473 1059 ἐμοῦ
2504 990 2814 1059 λεγομένοις
2846 992 3137 1063 χρήσιμον,
3173 993 3268 1045 καὶ
3292 992 3429 1061 μετὰ
3456 994 3643 1065 πάσης
3668 996 3777 1065 τῆς

2181 1077 2325 1130 κατὰ
2349 1078 2481 1133 Θεὸν
2519 1080 2810 1143 διαθέσεως
2839 1080 3150 1151 λεγόμενον.

2254 1167 2319 1237 β’.
2360 1168 2508 1221 Ἔδει
2543 1169 2642 1239 μὲν
2673 1165 2765 1222 οὖν
2800 1170 2945 1239 ἡμᾶς
2973 1171 3102 1241 περὶ
3128 1171 3383 1241 χρηστῶν
3410 1173 3769 1242 πραγμάτων

2181 1258 2251 1311 τὰ
2289 1260 2581 1330 σκέμματα
2628 1261 2763 1332 πρὸς
2793 1261 3057 1330 ἀλλήλους
3102 1262 3396 1315 ποιεῖσθαι.
3452 1265 3674 1335 Ἐπειδὴ
3706 1266 3767 1317 δὲ

2183 1348 2240 1401 αἱ
2274 1349 2547 1419 ἁμαρτίαι
2584 1349 2745 1420 ἡμῶν
2784 1350 2985 1421 πολλὴν
3033 1352 3282 1417 ἐξουσίαν
3309 1355 3429 1415 ταῖς
3461 1355 3767 1425 ἐκκλησια-

2186 1443 2400 1502 στικαῖς
2431 1443 2702 1512 ταραχαῖς
2760 1444 3118 1512 ἐποιήσαντο,
3155 1442 3344 1496 τούτου
3380 1445 3568 1497 ἕνεκεν
3601 1448 3769 1514 ipsi-

2185 1529 2320 1601 χθην
2350 1531 2418 1584 τὰ
2445 1533 2759 1602 πρόσφατον
2804 1534 2937 1603 ἡμῖν
2971 1534 3251 1604 γραφέντα
3284 1536 3394 1587 ἀπό
3426 1553 3487 1587 τε
3541 1535 3768 1607 Ῥώμης

2189 1622 2280 1673 καὶ
2316 1622 2741 1692 Ἀλεξανδρείας,
2766 1628 2831 1695 τῇ
2853 1628 2917 1696 σῇ
2952 1625 3213 1695 γνωρίσαι
3236 1626 3496 1695 ὁσιότητι.
3543 1628 3767 1697 ’Δθρόον

511 1720 760 1774 λθηιῖνίιιὶ
793 1720 1039 1773 diversas
1083 1719 1151 1773 de
1190 1727 1282 1772 tua
1312 1718 1515 1787 pietate
1545 1717 1757 1770 litteras
1795 1730 1991 1785 magno
2016 1715 2081 1769 ad

2198 1712 2293 1782 γὰρ
2335 1713 2730 1783 Ἀλεξανδρέων
2786 1717 3036 1787 κληρικοὶ
3082 1719 3435 1783 ἐπιστάντες,
3474 1719 3767 1781 ἐπιστολάς

510 1828 611 1866 nos
634 1811 817 1865 studio
849 1811 1229 1878 pertulerunt;
1279 1824 1415 1863 unas
1444 1808 1669 1877 quidem
1699 1807 1933 1877 piissimi
1967 1806 2086 1875 epi—

510 1903 660 1972 scopi
689 1900 992 1965 Ccelestini,
1021 1900 1258 1969 reliquas
1278 1914 1471 1953 omnes
1497 1896 2087 1966 sanctissimiepiscopi

509 1994 719 2064 Cyrilli.
749 1993 956 2046 [larum
982 2002 1165 2046 autem
1196 1991 1444 2060 exempla
1479 1991 1733 2054 mittens,
1767 1989 2090 2043 charitatem

514 2093 660 2137 tuam
706 2082 907 2136 obnixe
943 2089 1205 2152 'rogatam
1255 2082 1439 2150 cupio,
1476 2090 1537 2134 ut
1567 2081 1642 2134 ita
1682 2095 1776 2134 eas
1820 2080 1981 2150 legat,
2022 2093 2091 2132 ne

512 2191 620 2243 qua
652 2174 782 2228 hinc
814 2173 983 2226 animi
1015 2173 1356 2243 perturbatio
1384 2180 1699 2242 consurgat,
1728 2188 1795 2226 ex
1829 2185 1935 2240 qua
1958 2185 2091 2224 con-

511 2265 794 2320 tentiones
839 2263 1251 2333 seditionesque
1298 2262 1597 2316 admodum
1642 2261 1818 2315 noxiae
1846 2276 2094 2329 saepenu-

516 2371 670 2409 mero
695 2355 1041 2409 exoriuntur.
1075 2352 1181 2407 Sed
1205 2368 1379 2422 neque
1398 2368 1513 2407 rem
1542 2354 1683 2406 hanc
1707 2361 1911 2407 tantam
1939 2351 2093 2421 parvi

514 2462 734 2515 quoque
760 2445 948 2509 ducas,
984 2453 1079 2497 aut
1101 2454 1439 2497 contemnas.
1470 2444 1729 2497 Diabolus
1747 2458 1983 2512 namque
2008 2457 2095 2496 res

514 2536 682 2590 initio
726 2535 909 2588 minus
938 2543 1086 2589 recte
1127 2535 1396 2588 habentes
1438 2551 1536 2604 per
1580 2535 1895 2604 superbiam
1940 2535 2095 2589 novit

518 2627 895 2697 amplificare,
946 2628 1002 2680 in
1049 2642 1282 2695 eamque
1342 2627 1774 2695 magnitudinem
1830 2628 2094 2696 paulatim

514 2720 775 2784 evehere,
809 2729 870 2774 ut
909 2727 1098 2789 postea
1127 2734 1346 2773 omnem
1399 2734 1586 2771 curam
1623 2733 1951 2787 omnemque
1982 2734 2098 2773 mc-

518 2804 757 2860 dicinam
786 2814 1063 2875 respuant.
1099 2805 1278 2870 Quare
1318 2805 1647 2859 benevolum
1681 2822 1745 2861 ac
1788 2807 2095 2861 studiosum

517 2896 773 2953 allectum
831 2896 898 2950 ad
948 2897 1254 2950 litterarum
1307 2896 1599 2952 lectionem
1646 2898 1843 2953 aﬂ‘eras
1891 2917 1902 2950 :
1950 2900 2099 2955 viros

517 3002 736 3057 quoque
784 2987 1075 3040 nonnullos
1108 2987 1385 3051 cordatos,
1431 3004 1495 3043 ac
1540 2988 1637 3041 tibi
1676 2988 1993 3052 benevolos,
2026 2991 2095 3043 ad

518 3077 924 3148 propositarum
954 3093 1135 3131 rerum
1159 3078 1652 3132 considerationem
1677 3080 1858 3133 socios
1882 3080 1979 3134 tibi
2006 3082 2101 3135 ad-

513 3167 739 3238 jungas;
771 3166 985 3235 illisque
1012 3181 1120 3219 non
1153 3181 1273 3234 quae
1293 3174 1465 3235 grata,
1496 3165 1590 3220 sed
1615 3181 1736 3235 qua:
1774 3167 1929 3220 utilia
1946 3177 2097 3233 sunt,

518 3258 722 3314 ell'andi
764 3266 1087 3327 potestatem
1138 3257 1326 3311 facias.
1358 3255 1594 3311 Omnino
1640 3257 1788 3312 enim
1823 3258 1867 3311 si
1907 3259 2104 3313 arbitri

502 3352 728 3422 .plures,
763 3351 1096 3421 minimeque
1124 3350 1313 3413 fucati,
1342 3364 1405 3403 ac
1429 3348 1659 3403 liberam
1685 3350 1837 3419 quod
1863 3351 2107 3406 sentiunt

520 3441 742 3496 dicendi
765 3442 1082 3497 facultatem
1094 3440 1275 3505 nacti,
1298 3440 1586 3509 praesentis
1613 3440 1817 3511 negotii
1843 3440 2105 3511 disquisi-

2190 1805 2323 1873 ἡμῖν
2352 1804 2615 1859 δεδώκασι
2646 1807 2970 1878 διαφόρους,
3008 1808 3136 1879 περὶ
3183 1809 3282 1877 τῆς
3322 1808 3635 1872 θεοσεϐείας
3668 1812 3768 1862 ἐκ-

2193 1895 2539 1965 πεμφθείσας
2566 1914 2578 1927 ⁸
2609 1897 2707 1967 τὴν
2744 1898 2843 1968 μέν
2870 1898 2964 1952 τοῦ
2996 1900 3303 1966 άγιωτάτου
3329 1901 3635 1953 ἐπισκόπου
3659 1903 3767 1953 Ka-

2191 1987 2455 2051 λεστίνου,
2483 1987 2583 2051 τὰς
2624 1990 2679 2041 δέ
2710 1991 2801 2042 τοῦ
2845 1990 3261 2059 θεοφιλεστάτου
3298 1992 3600 2046 ἐπισκόπου
3652 1995 3767 2046 Κυ-

2199 2081 2401 2151 ρίλλου.
2440 2076 2542 2134 Ὧν
2594 2083 2661 2136 τὰ
2695 2084 3003 2155 ἀντίγραφα
3038 2086 3365 2148 ἀποστείλας
3392 2126 3408 2150 ,
3463 2087 3769 2158 παρακαλῶ

2196 2174 2289 2227 σοῦ
2318 2175 2416 2245 τὴν
2455 2174 2720 2241 διάθεσιν,
2748 2174 2923 2240 οὑτως
2951 2177 3133 2240 αὐτοῖς
3165 2179 3427 2248 ἐντυχεῖν,
3459 2178 3604 2231 ὥστε
3632 2181 3765 2249 μήτε

2193 2268 2440 2337 ταραχήν
2470 2284 2590 2320 τινα
2614 2268 2758 2320 κατὰ
2789 2268 3026 2323 διάνοιαν
3058 2271 3382 2340 ὑποστῆναι,
3419 2272 3513 2338 ἀφ’
3540 2266 3610 2343 ἦς
3644 2272 3768 2323 πολ-

2194 2358 2352 2422 λάκις
2387 2359 2707 2427 φιλονεικίαι
2754 2362 2847 2415 καὶ
2870 2363 3152 2425 ἐνστάσεις
3181 2362 3493 2426 ἐπιϐλαϐεῖς
3538 2363 3771 2433 mumni-

2197 2467 2344 2502 νουσι
2364 2468 2375 2480 ·
2405 2453 2541 2522 μήτε
2563 2452 2668 2522 μὴν
2699 2455 3112 2524 καταφρονῆσαι
3131 2454 3225 2506 τοῦ
3250 2454 3573 2525 πράγματος
3590 2473 3601 2484 ·
3628 2456 3767 2508 εἰδό-

2197 2558 2286 2604 τος
2310 2541 2403 2595 τοῦ
2430 2542 2674 2595 διαϐόλου
2694 2544 2760 2596 δι’
2777 2544 3078 2615 ὑπεροψίαν
3103 2544 3273 2598 πολλὰ
3295 2544 3403 2599 τῶν
3436 2546 3497 2596 οὑ
3516 2546 3768 2616 χρηστῶν

2199 2631 2537 2702 πραγμάτων
2588 2633 2882 2703 κορυφοῦν,
2934 2634 3030 2687 καὶ
3077 2637 3157 2698 εἰς
3205 2635 3336 2703 ὕψος
3391 2636 3587 2705 αἴρειν,
3627 2636 3766 2688 ὥστε

2201 2720 2503 2792 ἀδιόρθωτα
2557 2724 2697 2777 αὐτὰ
2752 2726 2972 2795 ποιῆσαι
3017 2724 3305 2791 γενέσθαιο
3351 2726 3466 2779 ἀλλ’
3512 2727 3763 2796 ἐμμελῶς

2203 2812 2385 2875 αὑτοῖς
2419 2814 2659 2884 ἐντυχεῖν
2685 2830 2698 2845 ο
2728 2814 3061 2886 παραλαϐεῖν
3094 2815 3149 2867 δέ
3170 2833 3325 2879 τινας
3351 2816 3461 2869 τῶν
3482 2816 3769 2886 ὀμσψύχων

2205 2920 2288 2956 σοι
2325 2904 2460 2974 πρὸς
2487 2904 2585 2975 τὴν
2616 2905 2724 2957 τῶν
2758 2906 3132 2977 προκειμένων
3160 2907 3444 2976 διάσκεψιν
3470 2924 3484 2939 ο
3507 2907 3688 2960 δοῦναι
3711 2908 3768 2958 δ)

2202 2995 2387 3056 αὑτοῖς
2422 2995 2517 3047 καὶ
2550 2996 2797 3062 ἐξουσίαν
2828 2998 2887 3049 τό
2918 2997 3219 3068 συμφέρον,
3262 2997 3394 3052 ἀλλὰ
3430 2998 3504 3069 μὴ
3539 2998 3773 3069 τερπνὸν

2201 3082 2618 3153 εἰσηγήσασθαι.
2653 3085 2877 3148 Πάντως
2916 3086 3024 3157 γὰρ
3065 3088 3113 3138 εί
3141 3085 3315 3156 ἔχοιεν
3349 3088 3553 3151 ἄδειαν,
3586 3088 3773 3141 πολλοί

2199 3190 2259 3225 τε
2311 3174 2463 3236 ὄντες
2510 3176 2605 3228 καὶ
2652 3177 2868 3245 γνήσιοι
2915 3178 2964 3231 ot
3008 3175 3102 3230 τοῦ
3150 3180 3466 3250 σκέμματος
3512 3192 3537 3219 ι
3583 3197 3776 3233 κοινω-

2199 3265 2437 3328 νοῦντες,
2472 3267 2671 3337 ῥᾳδίως
2706 3270 2797 3321 ἐπὶ
2828 3272 2926 3339 τὴν
2953 3270 3289 3341 συμϐουλίαν
3328 3273 3541 3344 ἥξουσι,
3578 3272 3678 3325 καὶ
3713 3272 3775 3326 τδ

2201 3354 2556 3427 νομιζόμενον
2605 3358 2873 3429 ὑπάρχειν
2925 3360 3252 3432 σκυθρωπὸν
3298 3362 3637 3433 παραχρῆμα
3685 3362 3773 3431 εἴη

2206 3449 2453 3520 φαιδρόν.

500 3539 660 3594 »ῑὶοηί
698 3538 1084 3599 adhibeantur,
1128 3535 1384 3591 facillime
1430 3535 1563 3589 illud
1606 3550 1670 3590 ea
1730 3535 2127 3594 deliberatione
2169 3555 2596 3615 consequentur,
2662 3556 2723 3601 ut
2767 3547 2822 3603 id
2847 3550 2995 3618 quod
3021 3566 3168 3605 nunc
3205 3553 3533 3622 perplexum,
3566 3551 3777 3605 durum

511 3647 587 3685 .ac
607 3630 763 3685 triste
787 3635 1064 3693 censetur,
1087 3642 1213 3681 mox
1233 3627 1352 3681 leve
1378 3635 1435 3681 et
1458 3626 1643 3682 laetum
1675 3627 1766 3681 sit.

592 3722 647 3774 5.
670 3720 967 3775 Enimvero
994 3719 1124 3773 licet
1149 3718 1407 3774 dominus
1436 3734 1592 3773 meus
1616 3718 1969 3785 leestinus,
1997 3720 2110 3778 Deo

500 3812 911 3869 .devotissimus
938 3810 1250 3881 episcopus,
1278 3809 1484 3865 'decem
1519 3818 1728 3864 tantum
1777 3811 1991 3866 dierum
2023 3811 2110 3865 in-

503 3902 835 3966 -tervallum,
867 3901 1161 3956 terminum
1191 3916 1365 3969 usque
1409 3901 1754 3970 responsioni
1782 3890 2111 3971 prazﬁnitum

508 3996 684 4053 walde
728 4005 1043 4066 angustum,
1070 3994 1269 4049 litteris
1308 3994 1423 4049 suis
1458 3995 1890 4065 interposuerit;
1929 4003 2111 4051 tamen

522 4106 619 4144 res
639 4104 704 4143 ea
730 4087 1000 4159 ejusmodi
1034 4095 1138 4152 est,
1167 4094 1248 4152 ut,
1277 4102 1387 4141 non
1414 4086 1537 4142 dico
1560 4087 1750 4142 decem
1777 4086 1994 4152 diebus,
2013 4088 2107 4143 sed

514 4196 658 4245 uno,
688 4181 799 4233 imo
840 4194 971 4233 vero
993 4179 1182 4248 paucis
1226 4179 1376 4232 horis
1408 4179 1605 4232 confici
1648 4193 1806 4247 posse
1838 4178 2107 4233 videatur.

527 4274 660 4327 Nam
712 4271 843 4341 quid
894 4270 1108 4324 facilius
1156 4278 1259 4333 est,
1316 4284 1478 4338 quam
1529 4269 1751 4322 nomine
1796 4268 2109 4333 commodo,

530 4364 826 4439 multisun
869 4361 1070 4417 sanctis
1098 4361 1354 4415 Patribus
1384 4360 1606 4424 usitato,
1647 4368 1703 4414 et
1742 4375 1873 4414 vero
1906 4360 2111 4415 nihilo-

518 4456 732 4520 minus,
764 4454 1099 4523 salutarique
1132 4468 1203 4508 ex
1227 4453 1451 4524 Virgine
1472 4452 1620 4507 ortui
1654 4467 2018 4521 percongruo,
2054 4452 2111 4507 in

2278 3728 2349 3790 γ’.
2394 3723 2503 3777 Καὶ
2550 3723 2658 3796 γάρ
2689 3725 2739 3777 εἰ
2786 3727 2878 3780 καὶ
2915 3727 3254 3800 προθεσμίαν
3303 3734 3637 3803 στενωτάτην
3660 3740 3781 3801 τοῖς

2207 3813 2533 3884 γράμμασιν
2561 3816 2823 3886 ἐνέθηκεν
2857 3819 2885 3871 ὁ
2926 3818 3115 3889 κύριός
3166 3838 3267 3891 μου
3297 3824 3324 3874 ό
3363 3822 3780 3893 θεοφιλέστατος

2208 3904 2530 3966 Κελεστῖνος
2556 3907 2584 3957 ὁ
2603 3905 2921 3971 ἐπίσκοπος,
2946 3908 3081 3962 δέκα
3114 3910 3307 3979 μόναις
3328 3912 3578 3982 ἡμέραις,
3601 3915 3677 3977 ὡς
3712 3919 3782 3969 τά

2209 3992 2513 4064 γράμματα
2548 3994 2713 4047 αὑτοῦ
2765 3995 3031 4068 περιέχει,
3068 3998 3387 4069 περιορίσας
3410 4001 3511 4071 τὴν
3536 4003 3780 4072 ἀπόκρι-

2213 4101 2295 4139 σιν
2320 4101 2333 4114 ·
2380 4085 2496 4138 ἀλλ’
2547 4085 2755 4151 ἔξεστιν
2797 4088 2958 4160 ἔργον
2998 4090 3130 4143 αὐτὸ
3167 4091 3391 4160 ποιῆσαι
3424 4094 3515 4145 καὶ
3564 4095 3780 4164 ἡμέρας

2212 4177 2379 4249 μόνης
2414 4179 2563 4248 μιᾶς,
2587 4179 2726 4250 τάχα
2753 4179 2811 4233 δὲ
2844 4180 2939 4234 καὶ
2972 4180 3131 4251 ὡρῶν
3161 4181 3377 4251 ὀλίγων.
3415 4184 3488 4236 Τὸ
3511 4185 3620 4256 γὰρ
3645 4188 3785 4257 χρή-

2211 4268 2409 4322 σασθαι
2440 4270 2736 4341 προσφόρῳ
2763 4271 2985 4341 ὀνόματι
3018 4273 3076 4325 ὲν
3100 4274 3166 4343 τῇ
3203 4275 3345 4327 κατὰ
3380 4276 3472 4327 τὸν
3498 4278 3781 4346 παμϐασι-

2209 4359 2307 4413 λέα
2338 4359 2571 4431 Χριστὸν
2604 4361 2743 4435 ὑπὲρ
2771 4363 2927 4433 ἡμῶν
2958 4364 3269 4435 οἰκονομίᾳ,
3300 4365 3647 4436 τετριμμένῳ
3682 4368 3786 4436 μὲν

2212 4450 2424 4515 πολλοῖς
2475 4452 2584 4505 τῶν
2623 4453 2903 4524 Πατέρων,
2956 4454 3348 4524 ἐπαληθεύοντι
3384 4456 3443 4508 δὲ
3492 4458 3591 4510 καὶ
3634 4461 3701 4528 τῇ
3758 4460 3787 4497 b

528 4547 733 4602 Christi
774 4546 1019 4600 onmium
1060 4543 1207 4614 regis
1242 4543 1653 4613 dispensatione
1682 4542 1968 4598 uti?Cum
2004 4543 2097 4599 hct

2216 4543 2471 4612 σωτηρίῳ
2492 4545 2556 4596 ἐκ
2589 4544 2867 4614 Παρθένου
2896 4546 3170 4615 γεννήσει,
3204 4546 3361 4599 τοῦτο
3396 4546 3577 4618 ῥᾴδιον
3602 4566 3616 4579 ·
3646 4550 3788 4620 ὅπερ

516 4654 660 4707 .crgo
701 4636 1069 4706 periculosum
1114 4650 1224 4688 non
1256 4635 1348 4699 sit,
1379 4651 1595 4704 aequum
1630 4650 1738 4689 non
1771 4644 1856 4689 est
1897 4644 1955 4689 ut
1984 4651 2111 4688 san-

530 4729 690 4783 ctitas
725 4736 815 4781 tua
850 4726 984 4781 illud
1021 4726 1241 4781 refutet.
1268 4726 1457 4794 Neque
1496 4726 1558 4779 .id
1594 4742 1739 4780 nunc
1768 4726 1916 4796 apud
1942 4742 1998 4780 se
2024 4741 2114 4780 co-

522 4821 664 4891 gitet
719 4828 876 4888 turpe
916 4833 1039 4873 esse
1084 4817 1188 4871 sibi
1233 4817 1531 4886 pugnantia
1581 4816 1802 4871 docere.
1856 4816 1912 4870 Si
1965 4816 2111 4870 enim

532 4927 686 4964 meus
724 4918 815 4965 tua
853 4909 1045 4965 eadem
1087 4908 1230 4978 sapit
1259 4916 1315 4963 et
1341 4909 1529 4971 sentit,
1554 4924 1677 4977 quae
1715 4908 1889 4963 sancti
1924 4909 2114 4962 Patres

529 5003 895 5072 Ecclesiaeque
925 5002 1179 5056 doctores
1215 5001 1461 5056 sentiunt
1483 5011 1538 5056 et
1570 5000 1788 5069 sapiunt
1813 4999 1959 5069 (nam
1983 4999 2108 5063 hoc,

530 5095 752 5152 domine
783 5095 877 5159 mi,
909 5105 965 5151 et
990 5112 1057 5151 ex
1095 5095 1302 5158 multis,
1331 5103 1386 5150 et
1412 5112 1480 5150 ex
1510 5094 1897 5150 communibus
1920 5094 2114 5148 amicis

531 5188 599 5242 de
627 5198 677 5241 te
707 5188 1066 5257 accepimus),
1124 5202 1388 5257 quorsum
1429 5187 1641 5242 vereris
1674 5186 1839 5255 .pium
1890 5200 2113 5240 sensum

530 5280 882 5334 convenienti
913 5297 1047 5336 voce
1075 5279 1388 5351 publicare?
1410 5278 1713 5349 praesertim
1748 5293 1873 5331 cum
1898 5287 1978 5333 tot
2000 5289 2118 5332 tan-

533 5370 682 5439 tique
712 5374 981 5429 tumultus
1002 5390 1064 5429 ac
1087 5373 1515 5442 disceptationes
1535 5387 1602 5426 ex
1632 5378 1683 5426 te
1712 5378 1858 5424 nata:
1889 5369 1960 5424 ob
1986 5385 2120 5424 ocu-

2211 4632 2336 4686 οὑτε
2388 4633 2464 4697 ὡς
2514 4633 2851 4687 ἐπικίνδυνον
2889 4635 2994 4704 χρὴ
3039 4635 3483 4707 παραιτήσασθαι
3530 4638 3635 4707 τὴν
3684 4640 3788 4709 σὴν

2210 4726 2467 4796 ὁσιότητα
2493 4766 2507 4790 ,
2549 4725 2675 4779 οὔτε
2733 4728 2909 4780 ἐκεῖνο
2944 4727 3409 4795 ὑπολογίσασθαι,
3442 4730 3519 4792 ὡς
3568 4728 3631 4781 οὑ
3678 4732 3790 4799 χρὴ

2213 4817 2425 4887 σεαυτῷ
2454 4820 2713 4873 τάναντία
2744 4818 3021 4872 ἐκθέσθαι.
3055 4820 3118 4874 Εἰ
3144 4820 3255 4890 γάρ
3277 4820 3310 4889 ὴ
3336 4820 3544 4873 διάνοιά
3570 4836 3665 4872 σου
3690 4823 3789 4874 τοῦ

2211 4909 2376 4961 αὑτοῦ
2415 4912 2524 4971 τοῖς
2555 4910 2803 4983 Πατράσι
2832 4910 2926 4962 καὶ
2954 4910 3053 4980 τῆς
3089 4910 3413 4980 Ἐκκλησίας
3445 4911 3792 4975 διδασκάλοις

2212 4999 2558 5070 φρονήματος
2586 4997 2770 5067 ἔχεται
2792 5013 2805 5027 ·
2844 4996 3003 5050 τοῦτο
3029 4996 3137 5067 γάρ
3173 4997 3262 5050 διὰ
3300 4997 3511 5051 πολλῶν
3545 4998 3642 5051 καὶ
3678 5016 3794 5051 κοι-

2211 5089 2317 5143 νῶν
2339 5090 2511 5159 φίλων
2534 5090 2662 5161 περὶ
2680 5089 2796 5157 σοῦ,
2820 5088 3077 5154 δέσποτα,
3100 5089 3504 5159 μεμαθήκαμεν
3522 5105 3536 5119 ’
3561 5090 3612 5141 τί
3629 5088 3796 5141 λυπεῖ

2213 5183 2274 5236 τὸ
2307 5182 2528 5245 εὑσεῦἐς
2570 5181 2829 5253 φρόνημα
2874 5180 3193 5251 καταλλήλῳ
3231 5180 3459 5250 ὀνόματι
3501 5180 3796 5249 δημοσιεῦ-

2216 5290 2329 5339 σαι;
2359 5274 2453 5327 καὶ
2477 5273 2600 5325 τότε
2633 5271 2900 5342 τοσαύτης
2931 5271 3325 5342 περικειμένης
3348 5283 3369 5309 ο
3399 5270 3667 5339 ταραχῆς.
3696 5270 3797 5323 καὶ

2214 5367 2485 5437 τοσαύτης
2516 5366 2795 5436 ζητήσεως
2827 5366 2891 5417 ἐκ
2935 5362 3054 5417 σοῦ,
3085 5363 3257 5416 Τοῦτο
3288 5363 3397 5433 γὰρ
3430 5362 3569 5427 ἴσθι,
3606 5362 3801 5433 θεοφι-

1606 5527 1777 5581 Varize
1804 5524 2066 5579 lectiones
2098 5523 2304 5580 codicis
2339 5522 2700 5596 Seguieriani.

605 5659 632 5688 ι
673 5645 1013 5716 πράγματος.
1090 5645 1116 5682 ιι
1158 5644 1223 5696 ἵσ
1272 5644 1359 5696 ἐπὶ
1392 5643 1480 5712 τῇ.

1582 5638 1604 5665 ⁸
1627 5640 1711 5694 ἵσ.
1748 5640 1838 5693 καὶ.
1869 5638 2023 5692 τοῦτο
2056 5636 2343 5709 τοσαύτης.
