4048 6210
352 227 372 278 ί
386 225 488 280 455

1801 218 2175 275 EPISTOLE.

3457 232 3594 286 1454

346 345 594 409 λέστατε,
636 346 914 415 κεκίνηται
951 343 1012 397 τὸ
1043 341 1358 411 κεφάλαιον,
1386 340 1479 393 καὶ
1507 336 1589 403 οἷς
1610 355 1667 392 τε
1697 338 1913 410 μακρὰν

2018 339 2100 394 los
2128 341 2240 411 jam
2285 342 2615 396 versentur?
2658 342 2762 395 Eas
2799 357 3032 410 namque
3066 343 3220 414 (mihi
3264 346 3449 410 crede,
3482 348 3594 402 Deo

345 433 440 486 καὶ
469 428 549 498 οἷς
575 435 762 503 ἐγγὺς,
787 433 990 502 σφόδρα
1018 430 1526 502 περιτεθρύλληται.
1553 432 1662 484 Καὶ
1689 431 1914 498 πλείστη

345 526 446 593 ὅση
473 525 598 596 περὶ
626 523 814 576 τούτου
852 523 990 591 ζάλη
1023 523 1300 592 ἀδοκήτως
1326 523 1425 584 τὰς
1469 521 1794 593 Ἐκκλησίας
1836 521 1915 574 δι-

353 614 514 667 έλαϐε
541 655 555 678 ,
590 614 694 666 τῶν
725 611 996 681 πανταχοῦ
1035 611 1244 663 πιστῶν
1273 612 1476 681 ταύτης
1512 612 1674 664 ἕνεκα
1706 613 1804 681 τῆς
1833 613 1915 665 αἰ-

347 707 467 769 τίας
493 705 740 774 ἀλλήλοις
772 703 890 756 καθ’
917 704 1155 772 ἑκάστην
1179 705 1458 773 συρῤηγνυ
1467 703 1648 772 μένων
1663 702 1762 772 τὴν
1785 701 1915 772 ἡμέ-

354 813 472 866 ραν.
528 795 638 848 Kal.
668 795 751 847 ὅτι
781 793 938 846 τοῦτό
981 794 1130 846 ἐστιν
1173 793 1369 863 ἀληθὲς
1400 832 1414 854 ,
1464 792 1776 858 ἀπἀὐτῶν
1804 793 1916 844 τῶν

351 886 690 954 πραγμάτων
717 885 800 955 εἴη
831 883 999 951 σαφές
1015 887 1062 936 d.
1081 884 1146 935 Ἡ
1177 882 1286 952 γὰρ
1310 881 1470 946 Δύσις
1502 882 1598 936 καὶ
1619 883 1912 950 Αἴγυπτος,

349 975 489 1043 τάχα
528 975 585 1026 δὲ
625 975 720 1027 καὶ
764 973 1074 1027 Μακεδονία
1125 972 1344 1043 ἔκριναν
1398 973 1779 1043 ἀπορραγῆναι
1815 972 1914 1041 τῆς

347 1063 614 1126 ἑνώσεως,
661 1061 942 1132 ἥνσίδρῶσι
995 1060 1211 1123 πολλοῖς
1237 1061 1332 1113 καὶ
1383 1061 1567 1124 πόνοις
1612 1061 1785 1128 ἁγίων
1819 1063 1916 1114 καὶ

347 1153 634 1222 ἐπισήμων
655 1153 989 1215 ἐπισκόπων,
1006 1152 1102 1206 καὶ
1120 1153 1355 1221 μάλιστα
1371 1151 1465 1204 τοῦ
1480 1153 1546 1204 τὰ
1563 1154 1739 1205 πάντα
1757 1153 1916 1220 ἁγίου

348 1243 442 1296 καὶ
474 1242 656 1294 κοινοῦ
683 1242 841 1312 ήμῶν
880 1242 1094 1312 [ἰατρὸς
1137 1241 1233 1294 τοῦ
1276 1241 1513 1310 μεγάλου
1558 1241 1847 1305 Ἀκακίου,
1879 1244 1912 1311 ή

346 1334 438 1386 τοῦ
489 1335 624 1387 Θεοῦ
677 1335 838 1405 χάρις
881 1333 959 1402 τῷ
1007 1333 1170 1401 κοινῷ
1213 1332 1321 1384 τῶν
1361 1330 1696 1400 Ἐκκλησιῶν
1751 1331 1915 1400 κεχάο

351 1443 547 1497 ρισται.
580 1426 676 1487 Τίς
705 1426 814 1496 γὰρ
844 1425 1140 1495 μέμψαιτο,
1182 1425 1229 1476 εί
1261 1422 1434 1486 δόξεις
1465 1421 1666 1489 λέγειν,
1719 1421 1754 1475 ἃ
1784 1440 1916 1492 φροο

347 1518 488 1582 νεῖς;
521 1516 736 1569 Μᾶλλον
779 1515 836 1568 δὲ
868 1515 950 1576 τίς
987 1514 1085 1566 ούκ
1130 1513 1194 1566 ἂν
1229 1513 1583 1578 ἀποδέξαιτο,
1618 1515 1667 1564 εί
1705 1513 1916 1578 δέξεται

347 1607 740 1678 προσηγορίαν,
762 1602 831 1679 ἦς
859 1606 956 1676 τὴν
983 1605 1238 1666 διάνοιαν,
1270 1604 1344 1666 ὼς
1367 1603 1633 1673 ἔγνωμεν,
1668 1607 1702 1674 ή
1729 1607 1796 1675 σὴ
1821 1606 1913 1658 εύ-

343 1693 536 1747 λάϐεια
575 1697 874 1766 κέκτηται,
932 1695 1027 1747 καὶ
1073 1693 1230 1746 τοῦτο
1275 1694 1412 1764 ὑπὲρ
1453 1693 1773 1757 εὐσταθείας
1819 1697 1913 1748 καὶ
1948 1674 1987 1727 Β

343 1788 564 1857 εἰρήνης
615 1786 1034 1857 οίκουμενικῆς;
1079 1787 1142 1840 Et
1192 1786 1340 1839 δοκεῖ
1394 1787 1473 1848 δὲ,
1513 1786 1682 1839 καλοῦ
1737 1805 1917 1858 παρα·

341 1877 633 1947 δείγματος
664 1879 743 1940 εἰς
765 1877 962 1948 καιρὸν
999 1879 1304 1946 άπομνήσω
1333 1894 1390 1929 σε
1420 1917 1434 1936 ,
1465 1869 1527 1929 οὗ
1555 1876 1812 1946 βούλομαί
1853 1895 1912 1930 σε

343 1969 438 2021 καὶ
470 1967 796 2038 μεμνῆσθαι.
838 1968 971 2039 Οὐδὲ
1000 1968 1107 2038 γὰρ
1139 1969 1328 2039 χρόνος
1351 1968 1518 2030 πολύς
1564 1969 1734 2034 ἐστιν,
1765 1969 1826 2032 ἐξ
1850 1962 1912 2020 οὗ

341 2059 472 2128 παρ’
509 2059 641 2128 ἡμῖν
686 2057 1051 2128 συμϐέϐηκεν,
1097 2057 1238 2112 ὥστε
1265 2059 1398 2112 αὐτὸ
1428 2060 1523 2112 καὶ
1564 2059 1702 2131 λήθῃ
1739 2077 1914 2130 παρα-

339 2149 578 2218 δοθῆναι.
610 2148 905 2220 Μέμνησαί
931 2167 1032 2202 που
1067 2149 1284 2213 πάντως
1327 2150 1420 2204 τοῦ
1450 2151 1719 2221 μακαρίου
1766 2151 1914 2205 Παύ-

342 2239 434 2292 λου
467 2250 489 2278 ο
513 2239 607 2292 τοῦ
637 2240 960 2301 ἐπισκόπου,
991 2242 1050 2295 ἐν
1078 2241 1334 2312 ἐξηγήσει
1367 2244 1612 2306 εἰπόντος
1639 2261 1691 2297 τι
1713 2245 1822 2298 τῶν
1850 2245 1911 2297 οὺ

341 2331 609 2396 δοξάντων
655 2331 835 2392 καλῶς
878 2334 1130 2404 εἰρῆσθαι
1180 2333 1381 2405 πρώτῳ
1433 2337 1493 2388 τὲ
1528 2353 1637 2401 σοι,
1689 2338 1766 2407 τῷ
1818 2338 1913 2390 καὶ

343 2422 852 2492 παρῤησιασαμένῳ
898 2425 1020 2476 κατ’
1059 2426 1266 2478 ἐκεῖνον
1297 2426 1386 2478 τὸν
1437 2427 1626 2497 καιρὸν
1653 2467 1667 2492 ,
1719 2428 1911 2482 ἔπειτα

344 2512 442 2566 καὶ⁸
472 2514 605 2566 πᾶσι
633 2516 746 2576 τοῖς
777 2515 1043 2568 ἀκούσασι
1067 2531 1082 2546 ο
1115 2517 1208 2568 καὶ
1236 2517 1384 2579 ὅπως
1427 2518 1633 2582 ἐκεῖνος
1662 2520 1915 2590 αἰσθόμε-

344 2621 432 2667 νος
465 2605 567 2673 τῆς
598 2603 800 2676 βλάϐης
841 2606 933 2660 καὶ
966 2607 1066 2676 τῆς
1104 2609 1383 2679 ταραχῆς,
1417 2611 1482 2680 ἢν
1510 2612 1537 2663 ὁ
1585 2611 1780 2681 μικρὸς
1823 2613 1911 2665 ὲν-

349 2692 574 2763 εποίησε
606 2693 850 2764 θόρυϐος,
888 2696 1150 2766 ἐννοήσας
1171 2696 1296 2764 ὠςὴ
1325 2698 1536 2765 ταραχὴ
1561 2700 1776 2767 ποιήσει
1800 2699 1914 2751 διά-

345 2801 558 2850 στασιν,
603 2785 804 2855 μᾶλλον
836 2785 893 2838 δὲ
930 2786 1025 2837 καὶ
1073 2784 1391 2839 ἀντίστασιν
1416 2825 1430 2848 ,
1478 2786 1774 2853 φιλούντων
1803 2788 1912 2840 τῶν

341 2875 666 2946 ἀνθρώπων,
717 2877 769 2929 εί
823 2875 1078 2947 τοιαύτης
1121 2875 1403 2947 δράξοιντο
1449 2877 1738 2948 ἀφορμῆς,
1783 2879 1910 2949 τῇδε

2017 432 2260 503 dilecte),
2298 447 2423 486 cum
2457 432 2600 501 apud
2624 431 2904 493 ﬁnitimos,
2936 441 3050 484 tum
3087 433 3229 502 apud
3260 435 3418 504 longe
3450 450 3590 504 quo-

2016 538 2123 590 que
2153 523 2363 592 positos
2401 523 2592 577 turbas
2621 521 2928 584 concitasti,
2965 537 3086 589 qua:
3110 522 3381 591 ingentem
3409 541 3476 579 ex
3510 526 3594 580 in-

2016 621 2235 682 sperato
2289 612 2550 667 Ecclesiis
2597 619 2973 682 tempestatem
3030 627 3313 680 peperere.
3366 614 3594 672 Constat

2015 705 2162 759 enim
2192 704 2381 758 fideles
2433 705 2859 774 circumquaque
2909 705 3190 776 degentes,
3235 706 3400 775 huius
3439 723 3589 776 qum-

2015 795 2211 848 stionis
2240 802 2296 848 et
2347 793 2734 848 controversia:
2765 808 2931 848 causa
2975 795 3118 849 inter
3157 810 3215 848 se
3259 794 3587 860 conﬂictari,

2015 885 2372 955 quotidieque
2401 901 2432 939 a
2457 901 2515 940 se
2542 885 2773 939 invicem
2795 885 3002 939 divelli.
3028 887 3229 940 Verum
3254 896 3436 940 autem
3466 902 3588 943 esse

2015 974 2162 1042 quod
2219 975 2478 1038 dicimus,
2536 990 2602 1028 ex
2649 973 2897 1042 ipsismet
2948 974 3112 1028 rebus
3159 973 3307 1027 haud
3367 973 3589 1030 diﬂicile

2015 1066 2326 1133 perspicere
2358 1067 2506 1120 licet.
2536 1065 2669 1118 Nam
2696 1072 2752 1117 et
2777 1063 3046 1119 Occidens
3069 1106 3082 1129 ,
3123 1075 3180 1118 et
3211 1065 3496 1136 zEgyptus,
3532 1076 3590 1121 et

2016 1155 2134 1224 ipsa
2156 1154 2386 1210 fortasse
2415 1154 2751 1212 Macedonia.
2779 1154 2848 1208 ab
2885 1170 2951 1209 ea
2981 1155 3182 1209 unione
3206 1170 3325 1209 sese
3363 1157 3590 1210 abrum-

2014 1259 2145 1312 pere
2175 1245 2556 1309 decreverunt,
2593 1261 2754 1314 quam
2785 1245 3081 1316 singularis
3109 1245 3205 1299 Dei
3229 1245 3591 1301 beneﬁcentia

2016 1349 2114 1403 per
2150 1337 2352 1390 multos
2383 1343 2699 1390 sanctorum
2741 1337 2986 1400 Patrum,
3035 1336 3446 1405 celebriumque
3473 1336 3590 1406 epi-

2016 1441 2330 1496 sc0porum,
2361 1435 2416 1482 et
2464 1429 2739 1497 praecipue
2779 1443 2877 1497 per
2927 1428 3261 1483 sanctissimi
3299 1428 3590 1498 magnique

2018 1515 2165 1570 illius
2227 1517 2404 1570 Patris
2448 1517 2624 1570 nostri
2676 1517 2859 1570 Acacii
2920 1516 3150 1571 sudores
3200 1516 3591 1586 molestiasque

2018 1607 2296 1660 communi
2323 1607 2580 1660 Ecclesia:
2608 1605 2830 1661 utilitati
2857 1606 3177 1676 impertivit.
3203 1607 3355 1673 Quis,
3379 1623 3586 1677 quaeso,

2017 1697 2409 1766 reprehendat,
2468 1698 2512 1751 si
2565 1713 2628 1750 ea
2657 1713 2778 1766 qua}
2828 1699 3022 1763 sentis,
3073 1699 3249 1753 libere
3307 1700 3590 1768 exponas?

2015 1788 2128 1841 Imo
2158 1803 2289 1842 vero
2317 1789 2441 1856 quis
2465 1788 2720 1842 laudibus
2750 1805 2859 1844 non
2879 1789 3094 1854 etl'erat,
3124 1792 3170 1845 si
3200 1805 3403 1845 nomen
3432 1793 3591 1861 cujus

2016 1895 2236 1935 sensum
2272 1881 2450 1949 pietas
2491 1888 2605 1944 tua,
2640 1891 2698 1934 ut
2727 1882 3102 1950 cognovimus,
3141 1880 3414 1950 possidet,
3461 1897 3590 1951 pro-

2015 1979 2136 2039 pter
2161 1971 2436 2040 publicam
2459 1971 2698 2040 quietem
2731 1985 3185 2040 communemque
3215 1969 3368 2025 orbis
3398 1986 3589 2040 pacem

2014 2062 2297 2116 admittat?
2319 2061 2474 2128 Quod
2499 2062 2544 2114 si
2571 2061 2810 2125 videtur,
2836 2061 3248 2130 perpulchrum,
3273 2069 3330 2116 et
3358 2061 3427 2116 ad
3446 2076 3580 2130 prae~

2015 2163 2225 2208 sentem
2283 2153 2714 2209 controversiam
2763 2161 3235 2222 peropportunum
3279 2153 3589 2223 exemplum

2017 2246 2113 2300 tibi
2147 2247 2250 2300 hoc
2276 2247 2396 2300 loco
2427 2245 2481 2298 in
2516 2254 2754 2299 mentem
2792 2243 3071 2306 reducam,
3101 2244 3256 2313 cujus
3285 2251 3338 2298 te
3371 2258 3589 2313 quoque

2014 2337 2327 2392 meminisse
2351 2336 2538 2391 velim.
2565 2334 2850 2404 Temporis
2871 2335 3041 2399 enim,
3063 2350 3127 2388 ex
3149 2349 3258 2403 quo
3277 2333 3412 2387 illud
3443 2333 3588 2403 apud

2014 2446 2114 2484 nos
2145 2430 2367 2491 accidit,
2420 2428 2557 2483 adeo
2596 2428 2830 2481 multum
2874 2441 2985 2480 non
3011 2426 3340 2490 intercessit,
3373 2435 3433 2480 ut
3475 2427 3589 2496 jam

2013 2522 2196 2576 animo
2224 2521 2478 2576 excidere
2514 2518 2778 2588 potuerit.
2814 2515 3074 2570 Memoria
3111 2515 3259 2568 haud
3307 2514 3473 2568 dubie
3505 2525 3587 2568 te-

2014 2627 2132 2673 nes,
2161 2627 2284 2664 cum
2329 2611 2490 2662 beato
2523 2607 2693 2661 Paulo
2747 2603 2822 2673 (l)
2873 2605 2928 2657 in
2972 2603 3312 2672 expositione
3353 2603 3587 2672 quadam

2012 2698 2304 2752 excidisset
2340 2697 2623 2766 quiddam,
2651 2694 2796 2764 quod
2829 2693 2927 2747 tibi
2959 2692 3014 2746 in
3041 2695 3253 2763 primis,
3282 2694 3377 2764 qui
3404 2710 3502 2764 per
3531 2695 3588 2749 id

2016 2797 2230 2857 tempus
2276 2787 2490 2842 ueteris
2543 2786 2772 2841 liberius
2802 2785 2996 2854 egisti,
3039 2794 3150 2838 tum
3196 2785 3319 2840 aliis
3369 2801 3588 2855 quoque

2012 2879 2270 2933 omnibus
2299 2878 2391 2947 qui
2414 2877 2720 2940 audierant,
2751 2892 2860 2930 non
2884 2884 3030 2930 recte
3051 2876 3258 2930 dictum
3275 2876 3586 2942 videbatur;

345 2966 567 3019 κάκεῖσε
599 2966 954 3037 διαιρεῖσθαι,
992 2968 1088 3020 καὶ
1112 2967 1210 3037 τὴν
1237 2967 1552 3022 ἀντίστασιν
1581 2967 1784 3036 αὔξειν,
1818 2970 1910 3025 τὸν

2015 2983 2124 3038 quo
2169 2976 2328 3038 pacto
2383 2967 2494 3030 ille,
2543 2975 2902 3037 posteaquam
2952 2967 3213 3021 damnum
3267 2968 3589 3037 turbamque

339 3053 599 3109 δοκοῦντα
635 3055 842 3126 βραχὺν
880 3052 1022 3110 εἶναι
1055 3055 1148 3110 τοῦ
1194 3056 1493 3110 σκανδάλου
1540 3058 1814 3130 σπινθῆρα
1841 3077 1852 3091 ·
1883 3059 1912 3113 ὃ

343 3145 408 3217 δὴ
450 3146 546 3199 καὶ
575 3150 705 3219 παρ’
741 3150 874 3218 ἡμῖν
919 3147 1016 3202 νῦν
1042 3149 1332 3218 γεγένηται
1359 3166 1372 3179 ο
1415 3150 1564 3212 ὅπως
1597 3150 1626 3202 ὁ
1665 3153 1912 3219 γενναῖος

341 3237 550 3302 ἐκεῖνος
595 3238 836 3303 ἀναστὰς
880 3239 942 3293 οὐ
992 3240 1132 3310 μετὰ
1166 3241 1370 3306 πολλὰς
1391 3240 1612 3314 ἡμέρας
1635 3282 1649 3308 ,
1681 3243 1742 3297 τὸ
1777 3244 1909 3315 παρ’

341 3331 507 3386 αὑτοῦ
543 3332 822 3403 παραχθὲν
870 3332 891 3372 ἲ
925 3334 1362 3406 ἀνερυθριάστως
1402 3336 1494 3389 ἐπὶ
1525 3336 1780 3408 χρησίμῳ
1812 3339 1911 3404 τῆς

355 3420 680 3493 Ἐκκλησίας
709 3424 1056 3498 διωρθώσατο
1073 3442 1085 3457 ’
1110 3427 1203 3480 καὶ
1219 3426 1676 3498 διορθωσάμενος,
1701 3443 1912 3495 παραυ-

341 3509 468 3565 τίκα
493 3513 835 3585 ἀπετρίψατο
858 3517 958 3588 τὴν
989 3517 1112 3571 καθ’
1143 3517 1306 3569 αὐτοῦ
1328 3519 1614 3583 γεγονυῖαν
1640 3515 1912 3584 διαϐολὴν,

339 3599 404 3653 οὐ
433 3600 794 3672 λογισάμενος
818 3602 960 3660 εἷναί
987 3623 1039 3659 τι
1081 3605 1280 3675 σαθρὸν
1304 3605 1404 3676 τὴν
1435 3604 1743 3676 δίορθωσιν.
1779 3606 1915 3658 Καί-

338 3707 423 3744 τοι
451 3691 669 3748 πάντων
692 3694 912 3748 εἰδότων
941 3697 1062 3764 μὲν,
1083 3695 1158 3758 ὡς
1189 3693 1404 3765 σαθρῶς
1434 3695 1568 3764 παρ’
1594 3693 1758 3747 αὐτοῦ
1788 3693 1910 3747 ἐλέ-

339 3779 441 3850 χθη
471 3780 534 3833 τὸ
564 3781 773 3851 λεχθὲν,
808 3779 1230 3847 ἀποδεξαμένων
1263 3782 1322 3835 δὲ
1366 3784 1531 3840 αὑτὸν
1571 3785 1675 3856 τῆς
1701 3801 1912 3856 παραυ-

341 3870 472 3924 τίκα
499 3870 891 3942 μεταστάσεως
919 3870 969 3924 ⁸.

2016 3075 2138 3128 quae
2159 3059 2388 3129 exiguus
2409 3065 2590 3113 motus
2607 3068 2918 3128 pepererat,
2934 3059 3360 3123 considerasset,
3386 3073 3590 3129 expen-

2017 3151 2320 3220 dissetqu‘e,
2361 3147 2632 3219 ejusmodi
2687 3145 3144 3202 tumultuationes
3192 3155 3390 3213 sectas,
3429 3148 3590 3214 dissL—

2017 3244 2215 3313 diaque
2244 3256 2505 3312 generare
2540 3254 2698 3309 posse
2725 3237 2925 3309 (solent
2949 3253 3184 3308 namque
3211 3238 3465 3293 homines
3489 3238 3591 3292 hu~

2012 3332 2252 3405 jusmodi
2265 3339 2481 3398 arrepta
2497 3328 2782 3383 occasione
2807 3327 2952 3381 ultro
2970 3327 3217 3395 citroque
3244 3328 3586 3391 tumultuari,

2016 3433 2178 3491 atque
2216 3436 2246 3474 a
2292 3434 2351 3472 se
2399 3426 2592 3471 mutuo
2644 3416 2913 3485 seiungi);
2960 3417 3251 3486 cogitasset
3296 3426 3586 3486 praeterea,

2007 3525 2227 3581 parvam
2257 3506 2574 3562 offensionis
2601 3504 2895 3559 scintillam
2942 3521 3199 3574 magnum
3243 3521 3388 3575 saepe
3425 3505 3586 3560 fomi-

2008 3611 2116 3656 tem
2161 3597 2456 3654 discordiis
2503 3594 2919 3648 subministrare
2987 3595 3170 3664 (quod
3221 3595 3388 3650 etiam
3437 3613 3585 3651 nunc

2007 3688 2152 3759 apud
2185 3703 2287 3742 nos
2319 3702 2424 3740 usu
2450 3684 2665 3739 venisse
2709 3683 3006 3754 cernimus)
3030 3725 3044 3748 ,
3075 3701 3184 3740 non
3213 3695 3338 3755 post
3382 3690 3584 3746 multos

2007 3781 2128 3836 dies
2153 3790 2418 3848 generose
2447 3775 2502 3828 in
2541 3772 2783 3827 medium
2828 3788 3169 3843 progressus,
3204 3775 3258 3828 id
3295 3777 3440 3845 quod
3464 3793 3495 3832 a
3523 3795 3584 3833 se

2008 3871 2217 3925 dictum
2233 3865 2430 3928 fuerat,
2460 3864 2514 3918 in
2544 3863 2774 3933 gratiam
2812 3864 3088 3927 Ecclcsiaa,
3115 3865 3254 3920 nihil
3280 3867 3582 3938 quidquam

341 3965 550 4016 veritus
587 3963 924 4029 correxerit;
993 3963 1247 4036 factaque
1309 3963 1719 4029 emendatione,
1765 3982 1982 4022 omnem
2019 3978 2145 4020 mox
2195 3958 2523 4045 calumniam
2577 3957 2868 4044 a.dversum
2918 3973 2976 4012 se
3032 3958 3319 4012 excitatam
3365 3961 3585 4029 penitus

341 4051 684 4107 exstinxerit.
721 4052 789 4107 Et
814 4052 1066 4123 quamvis
1095 4065 1256 4108 nemo
1275 4052 1522 4111 nesciret
1545 4055 1691 4120 quod
1716 4056 1785 4109 ab
1821 4057 1914 4111 illo
1950 4056 2159 4111 dictum
2182 4059 2322 4115 erat,
2351 4048 2532 4103 minus
2593 4057 2740 4101 recte
2771 4047 3092 4116 sincereque
3152 4048 3358 4104 dictum
3384 4050 3580 4114 fuisse;

341 4153 580 4200 attamen
602 4147 748 4216 quod
783 4156 1035 4217 prompte
1068 4147 1122 4201 id
1151 4157 1470 4202 retractaret
1495 4149 1641 4219 quod
1673 4149 1907 4218 dixerat,
1942 4151 2224 4208 hominem
2254 4144 2439 4202 statim
2464 4142 2732 4214 complexi
2768 4150 2896 4196 sunt
2925 4157 3135 4197 omnes.

410 4241 471 4294 δ’.
519 4239 659 4308 Ἐγὼ
689 4239 746 4293 δέ
775 4258 867 4294 σου
898 4243 998 4313 τὴν
1026 4242 1338 4296 θεοσέόειαν
1373 4243 1475 4296 οὐκ
1502 4245 1596 4297 ἐπὶ
1623 4245 1908 4319 διαϐεϐλη-

345 4331 478 4402 μένῃ
523 4331 849 4401 μεταστάσει
898 4331 994 4384 τού
1044 4332 1204 4402 λόγου
1259 4332 1552 4404 προτρέπω
1577 4375 1592 4401 ,
1625 4334 1750 4389 οὔτε
1801 4337 1909 4407 μὴν

341 4421 673 4491 ἐναντιότητι
701 4422 1071 4492 μειρακιώδει,
1096 4425 1172 4487 ὡς
1191 4424 1256 4480 ἄν
1277 4441 1363 4488 τις
1386 4426 1531 4478 εἴποι
1548 4441 1560 4454 ·
1590 4426 1704 4479 ἀλλ’
1721 4429 1904 4499 ἐπειδή

340 4531 422 4566 σοι
457 4513 718 4577 πολλάκις
757 4513 865 4584 πρὸ
895 4514 1092 4567 πολλοῦ
1132 4515 1158 4554 h
1189 4516 1442 4587 εἴρηται,
1473 4515 1549 4578 ὼς
1583 4516 1906 4588 μεμαθήκα-

2086 4246 2140 4300 4.
2175 4244 2288 4313 Ego
2305 4257 2438 4298 vero
2465 4257 2578 4295 non
2601 4239 2666 4294 ad
2701 4239 3025 4309 probrosam
3056 4241 3292 4308 aliquam
3317 4241 3582 4295 orationis

2013 4335 2411 4390 correctionem
2437 4373 2452 4396 ,
2487 4347 2665 4400 neque
2710 4329 2777 4383 ad
2825 4330 3094 4399 puerilem
3126 4330 3481 4400 palinodiam,
3522 4341 3582 4384 ut

2013 4428 2093 4482 sic
2126 4427 2336 4495 loquar,
2366 4425 2624 4494 pietatem
2675 4432 2822 4476 tuam
2871 4422 3080 4476 invito:
3106 4421 3201 4477 sed
3235 4422 3363 4491 quia
3388 4422 3594 4486 multi,

2015 4527 2075 4571 ut
2099 4516 2362 4585 intelligo,
2388 4529 2496 4568 non
2537 4512 2911 4581 infrequenter
2935 4528 3002 4566 ex
3039 4519 3090 4566 te
3116 4512 3410 4567 audierunt
3431 4513 3579 4582 quod

341 4622 459 4674 μεν,
486 4604 563 4668 ὡς
604 4575 709 4657 οὐκ.
747 4575 1152 4675 ἐκτρεπόμενος
1186 4575 1752 4678 τῆν-εὐσεὸῆ-ταύτην
1791 4575 1906 4662 διά-

2013 4609 2181 4678 ipsam
2213 4607 2383 4661 solam
2409 4619 2619 4668 vocem,
2655 4618 2764 4656 non
2790 4602 2934 4672 piam
2957 4619 3177 4673 quoque
3212 4603 3384 4673 ipsius
3426 4603 3579 4658 vocis

337 4713 506 4760 νοιαν,
537 4695 699 4765 μόνον
738 4694 797 4749 τὸ
821 4694 991 4765 ὄνομα
1019 4699 1294 4766 παραιτῇ·
1323 4697 1373 4748 εί
1403 4695 1462 4748 δέ
1487 4696 1568 4748 σοί
1603 4714 1749 4761 τινες
1793 4699 1903 4754 τῶν

335 4789 393 4841 ἐν
415 4790 479 4858 τῇ
521 4786 813 4858 Ἐκκλησία
842 4787 1129 4856 ἐπισήμων
1158 4788 1252 4839 καὶ
1279 4785 1436 4840 τοῦτο
1461 4786 1763 4852 ύπόθοιντο,
1807 4789 1906 4841 ούκ

336 4880 403 4932 ἂν
429 4879 795 4950 παραιτήσαιο
814 4880 1203 4942 ἀνενδοιάστως
1223 4880 1318 4933 καὶ
1343 4879 1603 4932 Θεοτόκον
1626 4880 1724 4950 τὴν
1743 4880 1905 4947 ἁγίαν

337 4970 610 5038 Παρθένον
638 4973 836 5024 εἰπεῖν.
881 4971 1086 5026 Τούτου
1117 4971 1280 5024 ἓνεκα
1306 4972 1400 5023 ἐπὶ
1423 4971 1580 5024 τόσον
1626 4973 1640 5010 i
1676 4988 1734 5024 σε
1765 4989 1902 5042 προ-

331 5060 518 5128 τρέπω
548 5065 933 5132 προσενεγκεῖν
960 5062 1006 5124 i,
1038 5062 1434 5132 ἐκκαλούμενος
1475 5062 1612 5131 ὅπερ
1649 5064 1901 5134 μεμαθή-

2010 4699 2289 4753 notionem
2337 4695 2608 4750 averseris
2645 4694 2730 4748 :si
2758 4694 2853 4764 qui
2897 4709 3029 4748 vero
3074 4693 3392 4749 celebrioris
3419 4693 3577 4748 fama:

2002 4789 2359 4845 ecclesiastici
2406 4797 2659 4842 auctores
2705 4785 2802 4840 tibi
2847 4785 3052 4840 fuerint
3096 4794 3157 4839 ut
3197 4784 3318 4854 ipso
3355 4801 3573 4856 quoque

2003 4881 2222 4934 nomine
2255 4879 2516 4942 admisso,
2555 4891 2766 4931 sacram
2791 4875 3060 4946 virginem
3108 4876 3330 4929 Mariam
3373 4875 3572 4945 Deipa-

2003 4986 2119 5024 ram
2147 4971 2408 5040 appelles,
2435 4979 2484 5024 te
2507 4967 2652 5022 istud
2678 4967 2996 5036 neutiquam
3025 4975 3405 5022 recusaturum
3427 4981 3568 5022 esse.

2001 5063 2151 5118 lianc
2170 5064 2240 5118 ob
2267 5078 2382 5117 rem
2406 5072 2457 5116 te
2483 5075 2678 5115 moneo
2731 5060 3048 5127 hortorque,
3077 5067 3137 5112 ut
3159 5059 3333 5114 libera
3362 5057 3416 5112 id
3435 5072 3571 5113 voce

1407 5225 1578 5279 Variae
1603 5224 1865 5281 lectiones
1899 5225 2105 5280 codicis
2137 5220 2498 5294 Seguieriani.

398 5325 427 5368 ἀ
465 5327 584 5400 εἴσῃ
643 5331 846 5400 σαφῶς.

395 5334 427 5414 1|
465 5334 584 5400 εἴσῃ
643 5334 846 5400 σαφῶς.
952 5346 976 5373 ο
1014 5334 1309 5406 Θεοδώρου.

330 5415 390 5452 κε
399 5415 466 5452 ιν.

1419 5335 1436 5372 ί
1481 5333 1690 5405 λεχθὲν.

1791 5338 1816 5376 ⁸
1853 5335 2171 5406 μεταϐολῆς.

2270 5337 2296 5374 ιι
2337 5331 2471 5403 πρὸς
2521 5329 2765 5394 πολλοὺς.
2867 5332 2883 5371 i
2927 5328 2990 5383 τὸ
3041 5331 3148 5383 σὺν.
3250 5328 3266 5380 i
3313 5341 3570 5402 προενεγ-

1832 5485 2060 5548 NOTAE.

398 5575 476 5648 (l)
503 5576 782 5644 Theodoro,
815 5594 883 5634 ex
907 5593 1009 5635 ms.
1042 5577 1399 5649 Segueriano.
