4048 6210
539 237 678 294 1455

535 361 849 434 depromas,
875 359 1020 434 quod
1055 360 1191 415 citra
1232 373 1476 414 errorem
1508 352 1699 428 sapere
1730 363 1883 412 certo
1907 356 2105 425 digno-
2132 360 2175 416 Α

536 453 735 508 seeris.
765 453 896 521 Age,
934 451 1177 519 inquam,
1210 450 1286 502 rei
1313 465 1477 519 quam
1525 459 1671 504 recte
1706 458 1880 513 tenes,
1905 464 2104 502 nomen

535 543 682 614 quod
708 559 738 596 a
767 541 954 596 multis
979 555 1119 609 saepe
1161 541 1417 595 Patribus
1461 550 1803 610 usurpatum,
1841 540 2106 609 scriptum

535 647 598 685 ac
622 629 1032 699 pronuntiatum
1061 638 1165 692 est,
1196 629 1493 700 adjungere
1517 646 1584 684 ne
1614 629 1852 700 graveris
1887 647 1898 682 :
1928 643 2106 698 neque

534 721 858 776 vocabulum
879 761 893 783 ,
921 720 1066 789 quod
1106 720 1251 791 piam
1282 730 1595 792 rectamque
1629 722 1909 776 notionem
1936 721 2104 776 animi

532 811 820 880 exprimit,
884 810 1120 866 refutare
1177 825 1388 882 pergas.
1453 812 1669 866 Etenim
1722 828 1921 866 nomen
1977 813 2101 875 hoc,

534 901 830 966 Theotocos,
859 901 1044 957 nullus
1089 916 1332 971 unquam
1371 903 1872 957 ecclesiasticorum
1916 903 2105 958 docto-

533 1006 656 1045 rum
702 991 1033 1059 repudiavit.
1061 990 1166 1056 Qui
1209 990 1357 1045 enim
1405 991 1502 1044 illo
1528 992 1613 1046 usi
1645 999 1794 1055 sunt,
1846 998 1902 1046 et
1945 991 2101 1045 multi

534 1080 908 1150 reperiuntur,
945 1086 1002 1134 et
1041 1079 1288 1150 apprime
1330 1080 1576 1134 celebres
1609 1097 1622 1133 :
1655 1080 1749 1149 qui
1791 1095 1921 1134 vero
1966 1079 2103 1134 illud

532 1187 643 1225 non
677 1179 1034 1240 usurparunt,
1079 1184 1362 1240 nunquam
1387 1170 1597 1224 erroris
1633 1171 1868 1242 alicujus
1893 1185 1989 1224 eos
2015 1171 2101 1224 in-

533 1263 885 1327 simularunt,
911 1262 1005 1331 qui
1038 1261 1131 1315 illo
1156 1261 1239 1315 usi
1265 1270 1414 1315 sunt.
1444 1259 1586 1315 Sane
1611 1260 1742 1314 dum
1769 1274 2100 1328 supervaca-

532 1369 635 1408 nea
673 1352 909 1422 quadam
951 1351 1019 1406 ad
1064 1367 1232 1406 vanas
1274 1351 1663 1406 hwreticorum
1691 1350 1979 1418 opiniones
2009 1363 2100 1403 so-

530 1444 644 1498 lum
697 1452 981 1512 spectante
1029 1442 1351 1497 curiositate
1410 1443 1642 1504 incitati,
1700 1456 1900 1495 nomen
1943 1441 2103 1511 cujus

530 1535 859 1588 sententiam
902 1541 1051 1587 recte
1077 1541 1326 1587 tenemus
1346 1572 1360 1596 ,
1383 1532 1740 1602 pertinaciter
1766 1531 2097 1600 respuimus;

427 1611 436 1620 ί
526 1625 680 1679 aliud
699 1625 858 1688 nihil,
889 1633 950 1678 ut
973 1624 1211 1687 videtur,
1239 1622 1488 1686 facimus,
1512 1637 1675 1692 quam
1703 1622 1849 1691 quod
1867 1622 2100 1675 fratrum

530 1723 846 1768 nostrorum
886 1712 1251 1768 conscientias
1284 1720 1342 1765 et
1377 1719 1605 1774 temere,
1661 1718 1718 1763 et
1749 1709 1954 1778 absque
1990 1709 2100 1761 ulla
2137 1691 2174 1746 Β

529 1806 767 1860 utilitate
817 1805 1055 1876 graviter
1090 1803 1296 1857 offendi
1343 1817 1456 1856 non
1496 1816 1658 1872 grave
1697 1800 1970 1854 ducimus.
2010 1800 2103 1854 Et-

527 1898 676 1951 enim
700 1897 746 1951 si
777 1896 832 1950 id
859 1895 1003 1965 quod
1021 1893 1260 1948 nominis
1283 1891 1683 1963 significatione
1715 1890 1971 1956 ofiertur,
1990 1906 2101 1943 non

529 1989 849 2058 recipimus,
885 1995 1054 2040 restat
1093 1995 1152 2039 ut
1190 1985 1246 2038 in
1276 1983 1658 2055 gravissimum
1687 1997 1933 2036 errorem
1977 1995 2103 2050 pro-

529 2079 807 2142 labamur;
842 2077 952 2131 imo
984 2090 1134 2141 vero,
1173 2084 1233 2130 ut
1267 2073 1711 2144 inexplicabilem
1737 2073 1885 2127 illam
1912 2072 2102 2142 unige-

529 2169 632 2223 niti
659 2169 780 2224 Filii
815 2168 912 2223 Dei
940 2167 1300 2223 meonomiam
1334 2166 1670 2235 abnegemus
1703 2181 1717 2218 :
1753 2163 2100 2234 quandoqui-

529 2260 679 2324 dem,
713 2259 935 2313 nomine
963 2260 1068 2313 hoc
1098 2258 1334 2322 sublato,
1358 2257 1443 2312 vel
1466 2257 1631 2328 hujus
1651 2256 1836 2326 potius
1859 2255 2102 2310 nominis

529 2350 756 2405 notione
801 2349 1110 2418 repudiata,
1161 2348 1411 2418 sequitur
1453 2361 1580 2400 mox
1629 2345 1783 2399 illum
1826 2360 1936 2400 non
1979 2359 2101 2399 esse

529 2441 725 2503 Deum,
762 2438 855 2510 qui
888 2437 1268 2493 admirabilem
1305 2438 1451 2491 illam
1493 2437 1958 2506 diSpensationem
1998 2451 2102 2490 no-

531 2539 656 2585 straa
699 2529 890 2584 salutis
923 2544 1087 2583 causa
1120 2529 1394 2599 suscepit;
1427 2539 1541 2583 tum
1591 2528 1686 2582 Dei
1719 2527 1958 2581 Verbum
2006 2542 2102 2580 ne-

528 2630 635 2685 que
680 2630 739 2671 se
786 2615 1173 2678 exinanivisse,
1224 2631 1405 2684 neque
1441 2615 1496 2668 in
1531 2615 1673 2669 servi
1721 2615 1951 2669 formam
1981 2629 2100 2670 sese

530 2705 846 2770 demittens,
891 2705 1222 2760 ineffabilem
1250 2705 1540 2774 quamdam
1587 2705 1945 2775 benignitatis
1983 2721 2102 2760 ma-

519 2797 872 2866 gnitudinem
899 2797 1138 2851 humano
1171 2797 1358 2867 generi
1385 2797 1702 2852 exhibuisse
1723 2838 1738 2863 ,
1771 2814 1896 2854 cum
1921 2809 2102 2854 tamen

528 2889 627 2944 Dei
660 2905 791 2960 erga
841 2905 940 2944 nos
983 2890 1331 2945 clementiam
1381 2890 1581 2945 divina:
1633 2890 1932 2961 Scriptum
1970 2891 2101 2946 hinc

527 2983 801 3052 praecipue
835 2981 1181 3053 confirment,
1204 2982 1352 3051 quod
1381 2983 1601 3036 unicum
1634 2983 1788 3037 illum
1812 2984 2100 3050 sempiter-
2127 3020 2170 3076 ρ

529 3089 770 3142 numque
810 3072 906 3126 Dei
932 3072 1128 3126 Filium
1155 3081 1280 3127 ante
1307 3073 1488 3127 omnia
1523 3075 1719 3129 saecula
1755 3082 1963 3139 natum,
1994 3074 2102 3130 im-

513 3164 742 3234 patibili
770 3164 931 3218 modo
951 3180 1018 3218 ex
1045 3180 1198 3218 sacra
1224 3181 1442 3234 quoque
1463 3166 1683 3236 Virgine
1710 3176 1889 3220 ortum
1914 3175 2102 3222 osten-

527 3255 686 3310 dunt.
725 3255 845 3309 lluc
888 3271 1124 3324 namque
1154 3256 1376 3311 divinus
1410 3257 1587 3310 tendit
1625 3258 1941 3327 Apostolus,
1969 3259 2100 3313 dum

527 3345 604 3400 ita
629 3345 706 3399 ait
739 3363 752 3399 :
789 3364 808 3396 ι
841 3345 987 3400 Misit
1031 3346 1178 3401 Deus
1213 3347 1411 3401 Filium
1449 3363 1609 3402 suum
1650 3347 1852 3403 factum
1881 3363 1949 3402 ex
1976 3364 2098 3402 mu-

529 3435 666 3488 liere
686 3434 725 3487 ¹.
757 3452 774 3486 ι
805 3433 962 3488 Clare
990 3435 1082 3488 hic
1101 3435 1363 3500 ostendit,
1391 3437 1685 3505 ipsummet
1713 3437 1809 3492 Dei
1841 3438 2100 3508 Unigeni-

531 3531 646 3577 tum
671 3523 981 3578 admirabili
1014 3537 1140 3578 ortu
1173 3538 1240 3577 ex
1271 3524 1493 3594 Virgine
1527 3525 1580 3579 in
1602 3525 1778 3580 lucem
1807 3527 2096 3595 prodiisse,

511 3624 593 3670 ut
619 3616 783 3686 paulo
811 3623 938 3669 ante
961 3613 1265 3680 dixi.Quod
1291 3614 1336 3669 si
1368 3615 1535 3685 Virgo
1563 3632 1594 3670 a
1619 3616 1821 3671 sanctis
1849 3617 2102 3672 Patribus

523 3716 755 3777 propter
785 3705 923 3759 hanc
961 3706 1370 3776 generationem
1403 3705 1637 3775 Deipara
1665 3707 2001 3771 nominatur,
2041 3716 2102 3760 ut

526 3811 660 3851 vere
691 3797 795 3851 hoc
823 3797 1043 3851 nomine
1086 3797 1155 3851 ab
1210 3797 1319 3851 illis
1348 3797 1688 3863 nominatur,
1717 3798 1904 3852 nescio
1939 3812 2102 3868 quor-

530 3902 651 3941 sum
701 3887 1009 3951 attinuerit,
1043 3896 1102 3940 ut
1151 3888 1514 3956 quaestionem
1563 3888 1703 3944 hanc
1749 3905 2095 3959 nequaquam

528 3978 895 4033 necessariam
920 3979 1082 4047 (bona
1113 3979 1274 4033 venia
1321 3988 1412 4033 tua
1441 3979 1652 4047 dictum
1701 3981 1793 4051 sit)
1818 3989 1873 4035 et
1905 3989 2094 4035 contra

1629 234 1909 291 JOANNIS
1948 231 2362 288 ANTIOCHENI
2404 232 2706 288 EPISCOI‘I

3649 234 3680 285 1
3711 231 3834 285 ιὶῧ

2207 371 2382 424 καμεν
2416 353 2490 426 μὴ
2516 353 2934 423 διασφάλλεσθαί
2963 371 3021 406 τε
3056 353 3378 427 φρονοῦντα,
3411 350 3836 421 προστιθέντα

2206 444 2260 497 δὲ
2295 445 2444 514 ῥῆμα
2475 445 2756 514 πράγματι
2799 445 2895 497 καὶ
2934 444 3104 514 ὄνομα
3129 444 3340 506 πολλοῖς
3369 443 3481 496 τῶν
3516 442 3834 510 Πατὲριων

2207 533 2298 586 καὶ
2333 534 2601 597 συντεθὲν,
2624 535 2717 587 καὶ
2746 533 2976 602 γραφὲν,
3004 534 3097 586 καὶ
3121 533 3281 604 ῥηθέν
3298 549 3311 561 °
3334 532 3430 584 καὶ
3464 531 3548 601 μὴ
3575 547 3830 599 παρ-ιι-

2204 623 2471 695 τήσασθαι
2493 625 2644 697 ῥῆμα
2663 625 2798 688 ὅλως
2827 624 2925 695 τὴν
2955 625 3094 677 κατὰ
3119 623 3293 694 ψυχὴν
3317 622 3546 692 ἐλέγχον
3577 620 3825 688 ε-Σεσεὸῆ

2204 715 2460 769 διάνοιαν.
2497 715 2664 769 Τοῦτο
2689 715 2882 786 γὰρτὸ
2921 715 3092 785 ὄνομα
3117 715 3291 777 οὐδεὶς
3333 713 3444 766 τῶν
3472 712 3827 779 ἐκκλησια-

2210 807 2405 860 στικῶν
2447 806 2781 860 διδασκάλων
2830 806 3164 877 παρῄτηται.
3207 806 3274 857 Οἵ
3300 821 3358 857 τε
3413 804 3529 874 γάρ
3567 803 3828 872 χρησάο

2209 915 2358 967 μενοι
2390 897 2539 967 αὐτῷ
2564 897 2751 950 πολλοὶ
2781 898 2872 950 καὶ
2901 897 3186 966 ἐπίσημοι,
3221 897 3348 949 οἵτε
3380 895 3456 965 μὴ
3485 895 3826 964 χρησάμε-

2205 1006 2285 1042 νοι
2340 989 2440 1042 οὐκ
2481 987 2807 1042 ἐπελάϐοντο
2847 987 2957 1040 τῶν
3006 987 3387 1057 χρησαμένων.
3431 986 3551 1039 Καὶ
3603 986 3822 1053 μάτην

2203 1081 2398 1149 ἡμεῖς,
2441 1079 2516 1142 ὡς
2555 1079 2696 1131 ἔοικε
2722 1118 2736 1142 ,
2776 1078 2936 1148 δῆθεν
2974 1077 3259 1147 ἀκριϐείας
3299 1076 3571 1145 περιττῆς
3619 1075 3817 1128 ἕνεκα

2205 1170 2340 1242 πρὸς
2385 1169 2666 1241 αἱρετικὴν
2711 1168 3028 1233 κακοδοξίαν
3077 1169 3237 1238 μόνον
3292 1167 3650 1238 βλεπούσης,
3699 1168 3816 1227 τὰς

2207 1261 2418 1330 συνειδὴ
2429 1277 2539 1322 σεις
2562 1260 2671 1311 τῶν
2703 1259 2947 1328 ἀδελφῶν
2973 1261 3052 1322 εἰς
3072 1259 3220 1311 οὐδὲν
3243 1259 3359 1310 δέον
3387 1257 3811 1326 πληττομὲνιας

2204 1350 2569 1420 περιορῶμεν,
2614 1349 2781 1420 ὄνομα
2827 1350 3274 1422 παραιτούμενοι,
3316 1342 3376 1401 οὗ
3409 1349 3507 1418 τὴν
3539 1349 3808 1401 διάνοιαν

2203 1437 2262 1493 εὖ
2307 1440 2402 1494 καὶ
2451 1440 2629 1504 καλῶς
2676 1441 3112 1512 παραδεχόμεθα.
3148 1442 3210 1494 El
3260 1441 3367 1510 γὰρ
3417 1441 3481 1492 τὸ
3514 1441 3584 1505 ἐξ
3621 1441 3804 1492 αὐτοῦ

2205 1533 2602 1604 σημαινόμενον
2625 1533 2699 1602 μὴ
2721 1531 3156 1605 παραδεχόμεθα,
3180 1533 3424 1584 λείπεται
3450 1532 3593 1602 περὶ
3621 1532 3802 1584 πολλά

2203 1627 2350 1696 ἡμᾶς
2402 1623 2862 1692 διασφάλλεσθαι,
2901 1623 3100 1692 μᾶλλον
3159 1623 3216 1675 δὲ
3261 1624 3610 1676 κινδυνεύειν
3665 1626 3800 1693 περὶ

2204 1715 2301 1784 τὴν
2336 1713 2571 1784 ἄρρητον
2619 1713 2931 1782 οἰκονομίαν
2985 1713 3078 1765 τοῦ
3121 1713 3447 1783 μονογενοῦς
3495 1715 3643 1766 Υξοῦ
3696 1715 3796 1766 τοῦ

2202 1805 2357 1859 Θεοῦ.
2399 1804 2778 1875 Ἀκολουθήσει
2807 1806 2914 1876 γὰρ
2940 1804 3099 1868 εὐθὺς
3129 1807 3194 1876 τῇ
3226 1805 3320 1858 τοῦ
3349 1806 3631 1875 ὀνόματος
3663 1807 3796 1858 τοίη-

2203 1915 2294 1951 του
2329 1897 2630 1967 ἀναιρέσει,
2657 1897 2752 1948 εἴτ’
2772 1892 2863 1950 οὖν
2886 1895 2962 1966 τῷ
2993 1896 3052 1960 ἐξ
3085 1895 3255 1949 αὑτοῦ
3278 1896 3705 1967 σημαινομένῳ,
3732 1896 3798 1949 τὸ

2207 1990 2342 2059 μήτε
2393 1988 2523 2042 Θεὸν
2570 1983 2707 2041 εἷναι
2735 1988 2822 2042 τὸν
2855 1987 2952 2059 τὴν
3001 1987 3238 2060 ἄρρητον
3286 1989 3615 2058 οἰκονομίαν
3652 1991 3796 2060 ὑπὲρ

2203 2079 2236 2147 ἡ
2245 2079 2360 2148 μῶν
2388 2077 2805 2149 ἀναδεξάμενον,
2832 2080 2966 2148 μήτε
3005 2077 3111 2147 μὴν
3133 2077 3225 2130 τὸν
3250 2077 3383 2131 Θεὸν
3408 2079 3593 2146 Λόγον
3614 2079 3795 2131 usui.»—

2206 2185 2375 2223 σαντα
2409 2171 2598 2223 ἑαυτὸν
2636 2172 2716 2232 είς
2745 2169 2842 2241 τὴν
2865 2169 2956 2222 τοῦ
2984 2169 3171 2222 δούλου
3201 2171 3438 2242 μορφὴν,
3473 2172 3699 2238 ἄφετόν
3739 2190 3795 2224 τι

2204 2260 2330 2331 περὶ
2388 2263 2534 2331 ἡμᾶς
2600 2261 2955 2331 ἐπιδεδεῖχθαι
3011 2261 3424 2332 φιλανθρωπίας
3485 2262 3735 2332 μέγεθος
3777 2280 3791 2290 ·

2203 2353 2348 2423 ἅπερ
2367 2351 2391 2392 ιε
2420 2355 2474 2406 αἱ
2491 2353 2627 2406 θεῖαι
2651 2354 2865 2424 Γραφαὶ
2885 2353 3122 2423 μάλιστα
3150 2353 3375 2424 κυροῦσι
3395 2353 3504 2426 τὴν
3529 2357 3619 2418 εἰς
3643 2357 3792 2425 ἡμᾶς

2203 2442 2631 2513 φιλανθρωπίαν,
2677 2446 2806 2498 ὅταν
2853 2445 2945 2497 τὸν
2985 2446 3310 2517 προαιὼνιον
3348 2449 3445 2500 καὶ
3501 2450 3787 2502 ωναῖδιςν

2203 2534 2296 2585 καὶ
2330 2535 2594 2603 μονογενῆ
2626 2534 2720 2587 τοῦ
2772 2535 2907 2586 Θεοῦ
2959 2535 3084 2589 Υἱδν
3111 2537 3204 2588 ἐπὶ
3240 2537 3341 2605 τὴν
3373 2539 3439 2590 ἐκ
3491 2539 3783 2609 Παρθένου

2201 2625 2451 2694 γέννησιν
2484 2625 2707 2688 ἀπαθῶς
2731 2625 2809 2696 τῷ
2839 2626 2984 2696 λόγῳ
3011 2627 3312 2694 κατάγωσι,
3347 2628 3494 2681 κατά
3532 2629 3595 2681 τὸ
3626 2632 3784 2700 εἰρη-

2207 2716 2366 2786 μένον
2395 2715 2472 2786 τῷ
2515 2715 2644 2784 θείῳ
2678 2715 2988 2786 Ἀποστόλῳ
3011 2734 3025 2749 ·
3075 2736 3092 2767 ι
3147 2717 3568 2781 Ἐξαπέστειλεν
3591 2721 3622 2772 ὁ
3653 2721 3784 2783 62b;

2205 2807 2294 2860 τὸν
2331 2807 2458 2860 Υίδν
2492 2806 2655 2860 αὐτοῦ
2701 2807 3036 2877 γεννώμενον
3073 2805 3091 2846 ι
3138 2809 3202 2860 ὲκ
3230 2811 3490 2876 γυναικός
3515 2829 3530 2840 ο
3575 2829 3595 2862 ι
3653 2814 3786 2864 ἀπο-

2204 2895 2479 2950 δεικνύντι
2533 2897 2722 2965 σαφῶς
2777 2899 2876 2967 τὴν
2915 2897 3006 2951 τοῦ
3036 2899 3374 2967 Μονογενοῦς
3403 2901 3468 2952 ὲκ
3496 2902 3783 2972 Παρθένον

2203 2987 2453 3055 γέννησιν
2474 2988 2724 3058 ἀρρήτως
2755 2997 2814 3051 ιιι,
2837 2987 2914 3049 ὡς
2942 2987 3152 3056 φθάσας
3177 2987 3338 3059 ἔφην.
3355 2990 3473 3058 Ἀφ’
3497 2986 3573 3061 ἧς
3595 2995 3788 3063 γεννή-

2207 3093 2344 3139 σεως
2365 3077 2412 3129 εἰ
2439 3076 2897 3147 προσαγορεύοιτο
2921 3079 2952 3148 ἡ
2978 3078 3252 3148 Παρθένος
3274 3080 3426 3151 παρὰ
3463 3081 3576 3133 τῶν
3609 3084 3787 3137 Πατέ-

2204 3183 2334 3237 ρων,
2357 3165 2506 3218 ὥσπε
2517 3184 2546 3236 ρ
2564 3163 2629 3219 αὖ
2659 3162 2750 3221 οὖν
2772 3168 2865 3221 καὶ
2881 3169 3348 3240 προσαγορεύεται
3368 3170 3544 3242 τούτῳ
3561 3172 3646 3244 τῷ
3660 3175 3783 3228 ὀνό-

2204 3275 2352 3326 ματι,
2393 3258 2492 3310 οὐκ
2525 3254 2623 3310 οἷδ’
2646 3259 2768 3311 ὅτου
2788 3260 2944 3329 χάριν
2978 3259 3074 3330 τὴν
3109 3261 3208 3313 οὐκ
3244 3262 3552 3329 ἀναγκαίαν
3573 3263 3786 3336 ταύτην

2201 3347 2426 3418 ζήτησιν
2466 3363 2479 3376 ο
2541 3349 2636 3400 καί
2697 3366 2813 3418 μοι,
2850 3349 3125 3418 σύγγνωθι
3163 3367 3179 3383 ο
3225 3352 3350 3404 καθ’
3400 3355 3614 3407 ἑαυτῶν
3690 3361 3787 3411 καὶ

2205 3439 2307 3508 τῆς
2343 3438 2811 3508 ὲκκλησιαστικῆς
2859 3441 3120 3510 εἰρήνης,
3167 3442 3242 3505 ὡς
3268 3445 3431 3513 ὁρᾷς,
3476 3448 3784 3518 άναδεδὲγο

2213 3529 2370 3597 μεθα.
2408 3529 2662 3594 Κίνδυνος
2687 3529 2794 3601 γάρ
2822 3532 2996 3594 οὐδεὶς
3025 3533 3200 3585 ταύτὰ
3220 3535 3389 3598 λέγειν
3418 3552 3472 3586 τε
3501 3539 3599 3589 καὶ
3635 3557 3787 3610 φρο-

2208 3621 2319 3670 νεῖν
2353 3621 2466 3680 τοῖς
2509 3621 2565 3672 ὲν
2603 3622 2668 3690 τῇ
2718 3621 3016 3694 Ἐκκλησία
3063 3622 3158 3676 τοῦ
3201 3624 3326 3676 θεοῦ
3365 3625 3784 3698 εύδοκιμήσασι

2204 3707 2542 3772 διδασκάλοις
2567 3751 2582 3774 ,
2617 3705 2690 3764 ὧν
2736 3713 2989 3781 περιττὸν
3026 3713 3124 3782 μὲν
3168 3715 3236 3767 τά
3267 3714 3501 3784 ὀνόματα
3531 3718 3782 3790 ἀπαριθ-

2207 3799 2444 3867 μεῖσθαιο
2469 3800 2760 3854 ἐπίστασαι
2783 3801 2890 3872 γὰρ
2922 3803 3118 3866 αὐτοὺς
3143 3803 3351 3868 οὐδενὸς
3375 3802 3560 3877 ἦττον,
3590 3809 3775 3881 ἐπειδὴ

2201 3888 2279 3959 τῷ
2311 3885 2449 3943 εἶναι
2477 3892 2654 3945 αὐτῶν
2692 3893 2937 3964 μαθητὴς
2963 3896 3122 3959 αὐτός
3147 3913 3206 3948 τε
3249 3897 3342 3949 καὶ
3375 3899 3578 3962 πάντες
3616 3903 3764 3969 ἠμῖς

2203 3982 2599 4052 σεμνυνόμεθα.

527 4070 816 4139 nosipsos,
853 4078 910 4124 et
945 4079 1134 4124 contra
1165 4071 1595 4128 ecclesiasticam
1629 4088 1820 4143 pacem
1853 4088 2092 4143 quoque,
2135 4083 2196 4127 ut
2253 4073 2426 4137 vides,-
2457 4074 2767 4143 agitandam
2803 4077 3243 4146 susceperimus.
3280 4079 3498 4134 Etenim
3520 4084 3650 4137 nulli
3671 4099 3771 4138 nos

515 4163 774 4233 periculo
825 4164 1151 4232 exponimus
1219 4165 1266 4221 si
1311 4181 1376 4220 ea
1451 4167 1722 4221 sentimus
1757 4175 1814 4221 et
1855 4167 2162 4236 loquimur,

525 4263 585 4308 et
604 4255 858 4309 docuisse
903 4263 1054 4310 certo
1092 4259 1366 4314 novimus.
1406 4259 1884 4330 Supervacaneum
1915 4274 2101 4317 autem
2139 4270 2224 4316 est
2295 4261 2512 4315 illorum
2569 4261 2792 4316 nomina
2871 4263 2974 4317 hoc
3036 4263 3155 4318 loco
3200 4281 3531 4336 percensere

2204 4182 2324 4235 quae
2349 4165 2605 4220 doctores
2635 4167 2692 4220 in‘
2724 4167 2969 4221 Ecclesia
2998 4169 3092 4223 Dei
3117 4170 3515 4228 celeberrimos
3540 4176 3775 4231 sensisse

3577 4288 3588 4322 :
3633 4276 3774 4327 nosti

509 4347 675 4402 --enim
710 4348 832 4403 illos
855 4363 1010 4418 teque
1044 4365 1108 4404 ac
1140 4365 1261 4416 nos,
1295 4361 1355 4406 ut
1383 4353 1479 4423 qui
1525 4353 1672 4408 haud
1716 4371 1877 4410 secus
1898 4371 1964 4410 ac
1997 4371 2097 4410 nos
2134 4369 2346 4415 omnes,
2377 4353 2525 4421 quod
2556 4354 2633 4408 sis
2657 4353 2961 4423 discipulus
2985 4354 3203 4409 illorum
3241 4358 3516 4427 glorieris.

600 4440 651 4494 5.
680 4439 792 4494 Hoc
822 4453 1094 4504 nostrum,
1126 4459 1332 4512 quaeso,
1367 4445 1660 4500 consilium
1685 4448 1948 4514 admitte;
1984 4449 2101 4502 haec
2136 4450 2176 4503 D

531 4545 628 4599 per
653 4545 753 4584 nos
789 4541 1010 4600 rogatus
1033 4548 1355 4602 exsequare,
1381 4536 1594 4590 nullum
1620 4537 1862 4592 dissidiis
1894 4539 2097 4604 locum,

512 4622 742 4674 nullum
776 4621 1022 4692 gliscenti
1052 4624 1281 4678 novitati
1313 4625 1613 4682 fomentum
1634 4630 1972 4699 suppedites.
1999 4629 2104 4685 Co-

531 4712 664 4781 gita,
700 4712 744 4765 si
784 4714 1101 4783 priusquam
1134 4715 1258 4769 ulla:
1284 4718 1506 4772 omnino
1541 4719 1737 4774 litteras
1785 4721 1966 4776 missa:
2018 4720 2100 4774 fo-

532 4810 674 4864 rent,
704 4802 862 4855 multi
890 4812 1079 4856 contra
1121 4817 1223 4858 nos
1255 4806 1513 4860 exstitere
1540 4807 1816 4873 infrenes,
1853 4825 2102 4879 peneque

517 4891 939 4959 intolerabiles;
966 4895 1157 4963 quales
1190 4912 1338 4952 nunc
1374 4897 1544 4952 futuri
1579 4899 1709 4963 sint,
1744 4908 1892 4956 tanta
1928 4917 1995 4956 ex
2024 4901 2102 4955 al-

533 4979 657 5033 latis
686 4980 885 5036 litteris
924 4983 1338 5039 subministrata
1373 4985 1592 5054 fiducia,
1633 4988 1889 5058 qualique
1921 4990 1975 5044 in
2001 5005 2104 5060 po-

532 5077 739 5122 sterum
774 5071 1038 5127 adversus
1058 5089 1158 5127 nos
1197 5075 1425 5130 audacia
1457 5077 1568 5132 sint
1605 5079 1775 5132 usuri.
1812 5080 1936 5134 llaec
1972 5096 2096 5149 ego,

531 5158 841 5228 complures
872 5162 1334 5233 religiosissimos,
1374 5176 1589 5237 tuaique
1637 5169 1854 5238 pietatis
1885 5172 2097 5226 studio-

531 5248 778 5304 sissimos
835 5254 1122 5319 episcopos
1159 5241 1316 5325 .apud
1368 5274 1454 5312 me
1506 5259 1732 5325 habens,
1785 5278 1924 5330 quos
1972 5275 2102 5319 tunc

607 5405 624 5435 ι
657 5405 828 5463 Galat.
864 5426 935 5473 Iv,
971 5414 1022 5466 4.

2277 4444 2338 4498 ε’.
2376 4445 2560 4497 Ταῦτα
2609 4445 2740 4515 παρ’
2763 4447 2793 4514 ή
2805 4447 2922 4516 μῶν
2950 4447 3404 4522 συμϐουλεύθητι,
3431 4455 3736 4524 παρακαλῶ
3758 4475 3774 4489 ο

2201 4534 2373 4590 ταῦτα
2423 4535 2629 4605 πρᾶξαι
2681 4536 3103 4606 παρακλήθητι⁹
3164 4539 3238 4608 μὴ
3279 4540 3386 4609 δῷς
3435 4543 3623 4612 χώραν
3680 4547 3776 4598 καὶ

2201 4626 2372 4697 νομὴν
2402 4636 2430 4665 ιι
2456 4627 2700 4696 ἐρπούσῃ
2753 4625 3029 4680 διαστάσει
3076 4634 3442 4699 καινοτομεῖν.
3486 4634 3774 4703 Ἐννόησον

2199 4720 2328 4791 γὰρ,
2357 4720 2432 4782 ὡς
2465 4720 2513 4771 εί
2547 4718 2654 4788 πρὸ
2695 4717 2804 4771 τῶν
2835 4719 2928 4772 νῦν
2975 4721 3386 4776 ἀποσταλέντων
3428 4728 3776 4793 γραμμάτων

2199 4813 2246 4864 oi
2289 4811 2472 4864 πολλοὶ
2505 4810 2719 4880 ἄσχετοι
2769 4806 2910 4881 ἦσαν
2946 4812 3066 4864 καθ’
3101 4812 3277 4882 ἡμῶν,
3307 4813 3402 4867 νῦν
3441 4814 3773 4886 δραξάμενοι

2203 4901 2300 4971 τῆς
2327 4901 2434 4954 ἀπὺ
2473 4901 2582 4954 τῶν
2625 4903 2968 4972 γραμμάτων
2988 4890 3192 4956 ’τούτων
3227 4906 3539 4976 παρρησίας
3564 4946 3580 4969 ,
3623 4909 3776 4972 τίνες

2201 4992 2301 5044 οὐκ
2327 4991 2560 5058 ἔσονται,
2591 4994 2684 5047 καὶ
2713 4993 2840 5063 ποίᾳ
2873 4995 2932 5046 οὐ
2963 4995 3255 5065 χρήσονται
3290 4995 3415 5049 καθ’
3443 4997 3601 5066 ἡμῶν
3629 5004 3773 5071 παῤ-

2203 5086 2387 5156 ρησὶα.
2422 5087 2606 5140 Ταῦτα
2642 5086 2754 5157 ἐγὼ
2785 5087 3014 5150 πολλοὺς
3042 5086 3147 5140 τῶν
3190 5087 3624 5156 θεοφιλεστάτων
3652 5091 3772 5143 ἑπι-

2203 5176 2440 5238 σκὸπων,
2492 5180 2584 5230 καὶ
2626 5178 2732 5231 τῶν
2770 5179 2870 5249 τῆς
2923 5179 3021 5248 σῆς
3062 5178 3336 5245 φιλοθεῖας
3373 5179 3620 5250 ἐραστῶν
3650 5184 3775 5254 παρ’

2200 5267 2438 5336 ἐμαυτὸν
2464 5275 2487 5301 ο
2521 5267 2678 5337 ἔχων,
2713 5269 2763 5321 οἳ
2798 5269 2986 5340 ἔτυχον
3011 5273 3265 5340 παρεῖναι
3289 5272 3420 5340 ἡμῖν
3449 5271 3561 5325 τῶν
3592 5290 3774 5345 γραμ-

1599 5501 1772 5556 Varia—a
1805 5503 2066 5560 lectiones
2104 5507 2306 5562 codicis
2339 5508 2700 5579 Seguieriani.

608 5602 638 5645 ιι
677 5603 762 5658 ίσ.
802 5607 1018 5678 καίπερ.
1105 5587 1456 5681 Ιγενόμενον.
1532 5625 1570 5651 ιιι
1610 5612 1864 5683 ἄρρητον.
1945 5627 1969 5652 ιι
2017 5618 2267 5687 ἢνομὴν.
2349 5628 2372 5656 ο
2419 5624 2546 5685 παρ’
2575 5623 2743 5684 αὑτῶ.
