4048 6210
509 308 532 362 1
543 311 644 366 459

1609 315 1891 372 εοΑΝΝις
1926 316 2339 373 ANTIOCllENl
2376 317 2680 374 EPISCOPI

3607 314 3753 371 μου

506 426 749 492 maximi,
797 443 1013 497 semper
1058 427 1308 497 Augusti,
1360 429 1703 485 Theodosius
1734 440 1789 486 et
1826 431 2058 486 Valenti-

2178 432 2426 500 μέγιστοι
2476 432 2870 497 καὶσεϐαστοὶ,
2902 431 3177 495 Θεοδόσιος
3218 432 3312 485 καὶ
3361 431 3750 485 Οὐαλεντινια-

507 519 725 582 nianus,
752 518 948 573 Joanni
968 518 1228 588 episcopo
1244 520 1568 577 Antiochia.

571 610 753 663 Animi
788 610 960 663 nostri
990 624 1185 679 scopus
1229 612 1477 681 collapsa
1502 613 1650 682 pacis
1684 612 2074 683 redintegratio

504 707 590 753 est
618 716 632 763 ;
668 685 829 769 quam
858 717 955 757 vos
978 704 1130 774 juxta
1156 705 1279 760 vita
1296 715 1491 760 vestra
1516 705 1826 759 institutum
1853 704 2073 774 proﬁte-

504 787 684 853 mini;
732 800 1069 862 caterosque
1114 810 1324 861 omnes,
1368 806 1559 866 utpote
1589 797 1874 852 charitatis
1910 814 2073 854 causa

505 879 648 951 [ejus
674 882 860 954 causa]
886 884 952 938 ad
975 885 1337 941 sacerdotium
1367 888 1545 952 asciti,
1573 887 1770 942 docere
1792 903 2071 956 nunquam

503 971 776 1030 desinitis.
814 974 951 1041 Quia
994 992 1125 1047 ergo
1176 978 1339 1043 hanc,
1380 979 1528 1033 unde
1566 979 1792 1034 minime
1819 980 2071 1046 decebat,

501 1062 713 1118 turbari
751 1062 994 1138 [collabi]
1032 1068 1279 1137 contigit,
1312 1084 1492 1137 opera
1515 1069 1751 1138 pretium
1784 1070 1963 1123 visum
1989 1079 2074 1124 est

501 1154 569 1208 ad
606 1155 662 1209 id
700 1171 800 1211 vos
839 1174 1054 1228 urgere,
1086 1159 1154 1213 ad
1194 1160 1340 1228 quod
1364 1158 1502 1213 alios
1531 1158 1838 1223 universos,
1867 1160 1912 1213 si
1944 1160 2070 1229 qui-

500 1245 624 1299 dem
658 1247 1110 1315 admonercntur,
1145 1252 1399 1305 alacriter
1441 1259 1706 1305 venturos
1736 1250 1873 1304 nihil
1908 1250 2070 1305 dubi-

502 1347 701 1392 tamus.
745 1339 853 1394 Res
885 1340 1088 1394 etenim
1131 1341 1472 1405 detestanda,
1508 1341 1776 1411 planeque
1816 1341 2071 1409 inexspe-

500 1434 645 1483 ctata
670 1431 876 1484 nostris
902 1432 1243 1515 tempor‘ibus
1259 1432 1458 1486 accidit
1480 1449 1493 1497 ;
1513 1446 1707 1500 nempe
1724 1430 2069 1485 sacerdotum

498 1533 643 1573 vera
696 1519 976 1589 religionis
1012 1520 1283 1575 discordia
1348 1529 1403 1575 et
1450 1536 1513 1576 ea
1548 1521 1770 1590 quidem
1811 1528 1979 1583 tanta,
2010 1529 2069 1574 ut

497 1616 718 1657 omnem
744 1605 1078 1660 narrationis
1101 1607 1323 1660 modum
1354 1607 1601 1662 excedat.
1630 1608 1925 1661 Enimvero
1941 1622 2066 1661 cum

496 1705 622 1759 spes
644 1701 764 1746 erat
799 1692 916 1748 fore
970 1703 1029 1748 ιιι
1051 1696 1231 1750 omnis
1272 1696 1496 1751 omnino
1544 1698 1825 1751 contentio
1869 1697 1956 1751 vel
1995 1697 2065 1751 ad

2174 522 2282 585 νὸς,
2325 524 2543 593 Ἰωάννῃ
2571 523 2852 591 ἐπισκόπῳ
2896 523 3247 593 Ἀντιοχείας.

2244 613 2451 677 Σκοπὸς
2483 615 2613 683 ἡμῖν
2642 615 2742 684 τῆς
2771 614 2993 685 είρήνης
3020 614 3083 667 τὸ
3108 614 3452 686 κατόρθωμα·
3478 614 3546 684 ἣν
3573 613 3640 683 δὴ
3675 612 3755 682 τῷ

2172 704 2560 776 ἐπιτηδεύματι
2584 704 2659 775 τῷ
2684 704 2895 759 ἑαυτῶν
2916 705 3192 776 ἑπόμενοι,
3216 704 3477 774 διηνεκῶς
3499 703 3756 774 πληροῦν

2171 798 2605 866 ἐπαγγέλλεσθε’
2655 797 2781 862 τούς
2808 814 2867 850 τε
2902 798 3094 860 ἄλλους
3134 797 3337 861 πάντας
3383 797 3753 865 ἀνθρώπους,
3822 791 3829 811 ⁶

2171 888 2247 950 ὡς
2270 889 2358 943 διά
2391 888 2595 960 ταύτης
2628 890 2796 960 ἱερεῖς
2823 900 2845 927 ι
2886 889 3348 959 προϐαλλόμενοι,
3376 890 3650 942 διδάσκειν
3684 889 3755 941 οὐ

2173 977 2429 1031 παύεσθε.
2466 978 2674 1049 Καιρδς
2703 973 2817 1041 οὖν,
2852 977 3039 1048 ἐπειδὴ
3068 978 3273 1047 ταύτην
3302 981 3334 1048 ἡ
3345 980 3433 1048 μίν
3458 978 3750 1041 ὀκλάζειν,

2171 1064 2292 1119 ὅθεν
2318 1065 2419 1118 οὑκ
2449 1066 2637 1135 ἐχρῆν,
2678 1065 3046 1135 συμϐέϐηκεν,
3079 1067 3159 1128 είς
3195 1065 3356 1117 τοῦτο
3384 1066 3751 1135 προτρέπειν,

2170 1158 2251 1219 εἱς
2293 1157 2431 1226 ὅπερ
2468 1157 2594 1218 τοὺς
2640 1156 2836 1219 ἀλλους
2869 1156 3115 1219 ἅπαντας
3157 1157 3442 1223 ἐνάγοντες
3478 1158 3518 1223 ⁸,
3553 1158 3750 1225 ἐνομί-

2171 1245 2334 1314 ζομεν
2361 1255 2387 1282 ιι
2414 1244 2489 1306 ὡς
2516 1243 2811 1314 προθύμως
2838 1245 3179 1299 ἐλεύσεσθαι.
3215 1247 3451 1316 Πρᾶγμα
3479 1247 3588 1315 γὰρ
3611 1264 3752 1313 φευ-

2168 1334 2296 1387 κτὸν
2337 1334 2433 1387 καὶ
2471 1334 2876 1404 ἀπροσδόκητον
2924 1336 3015 1388 ἐπὶ
3056 1335 3166 1389 τῶν
3202 1335 3485 1406 ἡμετέρων
3529 1337 3752 1406 καιρῶν

2169 1424 2389 1495 συνέϐη,
2418 1426 2605 1494 ἱερέων
2628 1427 2725 1495 τῆς
2747 1427 2979 1497 ἀληθοῦς
3015 1427 3307 1498 θρησκείας
3335 1428 3588 1497 διχόνοια,
3616 1428 3749 1495 ἥτις

2168 1516 2263 1570 καὶ
2306 1519 2487 1571 πᾶσαν
2532 1517 2837 1587 διηγήσεως
2880 1518 3108 1588 δύναμιν
3154 1518 3551 1587 ὑπερϐέϐηκεν.
3604 1519 3746 1570 Ὅτε

2167 1608 2276 1678 γὰρ
2309 1607 2542 1678 ὴλπίσθη
2578 1608 2805 1660 παντοία
2850 1609 2944 1661 καὶ
2980 1609 3173 1679 μέχρις
3204 1608 3439 1674 ὑποψίας
3460 1616 3488 1646 ν
3519 1625 3747 1678 περιαις

2169 1696 2492 1767 ρεθήσεσθαι
2526 1696 2842 1766 φιλονεικία,
2872 1698 2966 1751 καὶ
2993 1698 3053 1749 τὸ
3091 1697 3191 1766 τῆς
3223 1697 3567 1768 τελειοτάτης
3599 1697 3747 1749 ὲνὼο

494 1781 780 1835 minimam
817 1784 1185 1853 suspicionem
1236 1800 1409 1854 usque
1455 1801 1485 1839 e
1526 1785 1710 1839 medio
1746 1785 2058 1849 facesseret,

2166 1804 2303 1851 σεως
2341 1788 2837 1861 παρακολουθήσειν
2870 1798 2898 1825 ι
2930 1790 3301 1859 συμπέρασμα
3325 1827 3339 1851 ,
3367 1789 3486 1841 τότε
3516 1789 3746 1842 διαστάο

494 1871 862 1942 perfectaque
891 1875 1111 1929 unionis
1143 1874 1355 1929 fructus
1377 1885 1715 1945 exsurgeret,
1742 1882 1855 1928 tum
1877 1876 2065 1945 gravia

494 1960 847 2017 dissidiorum
896 1965 1492 2033 tumultuationumque
1546 1966 1799 2020 incendia
1844 1981 2065 2020 exarse-

495 2058 642 2103 runt.
700 2052 1010 2109 Vehemens
1066 2054 1298 2125 proinde
1367 2055 1711 2125 agritudinis
1769 2055 2063 2126 magnique

493 2142 749 2196 maroris
798 2147 1020 2216 occasig
1064 2163 1127 2202 ea
1170 2162 1234 2201 ex
1286 2162 1344 2201 re
1398 2147 1558 2200 nobis
1614 2142 1881 2213 oﬁertur,’
1914 2146 2063 2217 quod

490 2233 876 2290 ecclesiasticae
926 2239 1077 2307 pacis
1131 2239 1418 2301 doctores,
1486 2238 1701 2308 ipsique
1753 2237 2063 2293 concordia

490 2320 670 2377 fontes
712 2338 778 2378 eo
827 2318 1227 2381 discordiarum
1275 2326 1515 2396 prolapsi
1562 2327 1695 2390 sint,
1754 2334 1815 2381 ut
1859 2326 2063 2381 talibus

492 2412 773 2484 indigeant
798 2416 892 2486 qui
922 2417 1045 2472 illos
1081 2432 1182 2473 suo
1223 2418 1444 2471 hortatu
1480 2418 1598 2487 ejus
1630 2418 1709 2471 rei
1740 2420 2061 2473 commone-

492 2502 715 2568 faciant,
774 2520 938 2574 quam
992 2522 1095 2577 pro
1149 2508 1311 2562 oﬁicii
1361 2509 1445 2563 sui
1499 2508 1710 2563 ratione
1755 2508 2058 2578 pradicare

488 2593 815 2649 debuerant.
873 2596 1218 2667 Quapropter
1275 2598 1438 2668 hujus
1491 2600 1626 2653 tanti
1671 2600 1797 2653 mali
1850 2599 2057 2653 exitum

490 2685 618 2741 inde
680 2687 928 2743 invenire
980 2698 1286 2759 sperantes,
1345 2689 1491 2743 unde
1543 2690 1813 2760 originem
1870 2688 2055 2752 traxit,

488 2778 759 2848 enixeque
789 2794 852 2833 ac
870 2779 1179 2850 diligenter,
1203 2790 1263 2834 ut
1286 2781 1390 2836 hoc
1412 2780 1755 2845 conﬁciatur,
1781 2789 2054 2847 curantes,

487 2886 558 2925 ne
602 2871 705 2926 hoc
745 2872 1116 2926 contentionis
1164 2872 1356 2927 vitium
1392 2874 1557 2927 latius
1587 2882 1805 2943 serpat;
1839 2874 2055 2927 consilii

487 2961 594 3016 hoc
646 2962 926 3031 cepimus,
966 2963 1314 3018 sanctissimo
1349 2963 1584 3018 celebris
1618 2963 1781 3034 hujus
1818 2961 2056 3018 civitatis

484 3052 744 3121 episcopo
776 3054 1121 3117 Maximiano,
1150 3055 1473 3123 catcrisque
1505 3054 1764 3108 omnibus
1797 3054 1890 3122 qui
1910 3053 1968 3107 in
1989 3069 2052 3108 ea

485 3143 755 3210 comperti
806 3153 935 3197 sunt
976 3144 1335 3198 sanctissimis
1371 3143 1665 3213 episcopis,
1708 3154 1764 3197 et
1794 3143 2052 3198 universo

487 3233 706 3286 illorum
744 3233 892 3287 clero
928 3235 983 3287 in
1011 3236 1257 3289 eamdem
1279 3252 1344 3290 ac
1364 3251 1466 3290 nos
1489 3235 1818 3290 sententiam
1848 3250 2052 3291 conve-

485 3321 790 3387 nientibus,
836 3322 903 3376 ad
947 3324 1265 3379 orthodoxa
1306 3324 1429 3380 ﬁdei
1460 3324 1727 3389 membra,
1768 3339 1890 3396 qua
1925 3333 2051 3379 ante

483 3410 626 3466 bene
646 3410 823 3476 unita,
846 3411 1081 3468 infelicis
1101 3429 1259 3469 casus
1280 3414 1595 3469 interventu
1616 3415 1818 3469 misere
1841 3414 2055 3471 divulsa

484 3510 634 3564 sunt,
668 3504 851 3556 denuo
894 3504 1344 3582 conglutipanda,
1385 3516 1447 3560 ut
1484 3521 1600 3569 vos,
1631 3506 1737 3559 hoc
1777 3515 1881 3570 est,
1909 3508 2054 3571 tutct

481 3591 719 3661 Cyrillus
742 3592 1188 3662 religiosissimus
1206 3593 1553 3651 Alexandria
1576 3594 1885 3664 cpiscopus,
1909 3595 2054 3650 inter

481 3698 582 3738 vos
615 3684 1027 3748 convenientes,
1073 3684 1223 3738 omni
1258 3684 1537 3738 simultate
1565 3685 1901 3753 moleslaque
1923 3700 2053 3739 con-

482 3773 751 3838 tentione,
792 3789 914 3843 qua
961 3774 1105 3827 inter
1151 3790 1247 3828 vos
1282 3774 1508 3838 exarsit,
1545 3774 1814 3843 deposita,
1840 3773 1908 3829 ad
1933 3775 2052 3843 pri-

481 3866 681 3921 stinam
725 3865 1074 3920 concordiam
1122 3866 1420 3930 rediretis;
1469 3880 1593 3919 cum
1634 3865 1880 3935 pradicti
1914 3866 2050 3934 piis-

481 3955 608 4012 simi
655 3957 898 4027 episc0pi
946 3956 1302 4026 sponderent,
1351 3958 1395 4011 si
1442 3957 1678 4011 Nestorii
1720 3957 2050 4027 depositioni

482 4047 880 4112 subscriberes,
908 4048 1170 4116 illiusque
1194 4048 1501 4102 doctrinam
1523 4049 2013 4104 anathematizares
2032 4089 2047 4113 ,

478 4137 596 4192 fore
632 4146 695 4191 ut
732 4137 910 4191 omnis
942 4136 1315 4190 altercationis
1370 4137 1597 4189 materia
1634 4153 1761 4191 mox
1805 4153 1835 4191 e
1869 4137 2050 4192 medio

478 4228 808 4293 tolleretur;
851 4225 1196 4297 Cyrillusque
1260 4225 1638 4281 sanctissimus
1703 4228 2049 4284 Alexandria

475 4318 774 4391 episcopus
827 4332 953 4373 cum
1002 4316 1138 4381 suis,
1192 4325 1247 4370 et
1298 4314 1676 4369 sanctissimus
1718 4316 2048 4372 Calestinus

2166 1895 2303 1941 σεως
2342 1880 2435 1931 καὶ
2482 1880 2738 1948 μεγίστου
2787 1879 3014 1950 θορύϐου
3050 1880 3353 1949 προφάσεις
3397 1879 3742 1949 ἐξήφθησαν.

2177 1968 2462 2038 ’Λδημονία
2490 1970 2782 2039 τοιγαροῦν
2824 1972 2881 2022 ἐν
2908 1969 2987 2039 τῷ
3038 1969 3359 2039 πράγματι,
3404 1970 3497 2022 καὶ
3532 1970 3741 2039 πολλῆς

2162 2058 2399 2128 ἀθυμίας
2435 2061 2659 2132 ἀφορμὴ
2684 2101 2699 2125 ,
2738 2061 2800 2114 τὸ
2835 2063 2963 2123 τοὺς
3012 2062 3365 2125 διδασκάλους
3405 2063 3500 2131 τῆς
3531 2063 3743 2132 ἐκκλη-

2164 2149 2446 2218 σιαστικῆς
2479 2150 2725 2220 εἰρήνης,
2757 2152 2852 2202 καὶ
2882 2151 2980 2219 τὴν
3010 2151 3193 2221 πηγὴν
3222 2150 3323 2219 τῆς
3361 2152 3619 2221 ὁμονοίας
3652 2155 3742 2216 εἱς

2160 2232 2413 2287 τοσοῦτον
2438 2234 2705 2305 διχονοίας
2732 2238 3026 2307 τραπῆναι,
3056 2238 3132 2301 ὡς
3161 2239 3365 2291 δεῖσθαι
3391 2239 3499 2292 τῶν
3533 2241 3741 2303 αὐτοὺς

2162 2324 2597 2397 προτρεπόντων)
2617 2324 2756 2378 ὥστε
2803 2326 3109 2397 μεμνῆσθαι
3136 2335 3164 2375 1
3204 2328 3427 2391 τούτων,
3494 2329 3528 2382 ἃ
3560 2347 3739 2400 πρεπ-

2160 2412 2341 2467 ϐεύειν
2370 2415 2693 2485 ἐτάχθησαν.
2723 2416 2833 2486 Τὴν
2862 2417 3114 2470 τοσούτου
3142 2418 3319 2470 τοίνυν
3347 2420 3519 2471 κακοῦ
3554 2420 3731 2484 λύσιν,

2158 2503 2280 2557 ὅθεν
2308 2506 2401 2558 καὶ
2443 2505 2540 2576 τὴν
2568 2506 2741 2576 ἀρχὴν
2788 2507 2943 2576 ἔσχεν
2970 2517 3014 2571 ⁷,
3064 2507 3317 2578 εὑρέσθαι
3345 2520 3371 2549 ι
3420 2511 3730 2581 προσδοκή-

2158 2608 2372 2657 σαντες,
2402 2597 2494 2647 καὶ
2535 2596 2811 2666 ἐπιμελῶς
2859 2599 3008 2660 ὅπως
3046 2598 3111 2652 ἂν
3156 2598 3310 2652 τοῦτο
3354 2599 3725 2671 κατορθωθείη

2159 2683 2561 2753 φροντίσαντες·
2602 2686 2689 2739 ἴνα
2730 2687 2804 2758 μὴ
2850 2687 3018 2758 ἕρπον
3073 2689 3099 2728 δ
3135 2689 3229 2742 ἐπὶ
3264 2690 3426 2742 πλέον
3459 2691 3667 2761 νεμηθῇ
3696 2704 3719 2730 ε

2155 2774 2219 2828 τὸ
2262 2775 2359 2845 τῆς
2394 2776 2726 2844 φιλονεικίας
2774 2778 3094 2849 ἐλάττωμα,
3130 2779 3286 2833 τοῦτο
3319 2783 3720 2852 ἐσκοπήσαμεν,

2158 2863 2373 2919 πάντων
2407 2867 2537 2936 ἡμῖν
2568 2868 3001 2938 συνδραμόντων,
3034 2869 3129 2922 τοῦ
3161 2887 3218 2923 τε
3266 2871 3571 2936 ἀγιωτάτου
3604 2876 3723 2925 ἐπι-

2158 2958 2360 3011 σκόπου
2392 2959 2493 3027 τῆς
2519 2959 2731 3023 ἐνδόξου
2756 2959 2959 3030 ταύτης
2992 2961 3219 3023 πόλεως,
3252 2962 3341 3013 καὶ
3368 2963 3586 3015 πάντων
3612 2964 3717 3015 τῶν

2157 3048 2489 3119 εὑρεθέντων
2521 3049 2754 3102 ἐνταῦθα
2802 3049 3229 3118 θεοφιλεστάτων
3264 3054 3598 3118 ἐπισκόπων,
3629 3055 3717 3107 καὶ

2158 3138 2249 3191 τοῦ
2279 3139 2475 3203 παντὸς
2524 3140 2702 3192 αὑτῶν
2734 3140 2955 3212 κλήρου,
2984 3144 3064 3205 είς
3094 3142 3154 3193 τὸ
3198 3143 3265 3194 τὰ
3309 3144 3487 3205 καλῶς
3533 3145 3718 3215 πρώην

2156 3231 2429 3302 ἡνωμένα,
2462 3231 2721 3302 δυστήνου
2746 3248 2806 3283 τε
2841 3230 3044 3294 πάθους
3091 3233 3571 3302 παρεισπεσόντος,
3604 3235 3720 3286 δια-

2158 3320 2463 3375 σπασθέντα
2500 3321 2598 3390 τῆς
2623 3319 2903 3390 ὀρθοδόξου
2928 3320 3163 3383 πίστεως
3195 3322 3330 3388 μέλη
3363 3323 3716 3391 συναρμόσαι·

2154 3409 2295 3463 ὥστε
2317 3410 2461 3480 ὑμᾶς
2481 3451 2495 3475 ,
2547 3410 2607 3462 σέ
2636 3410 2695 3463 τέ
2728 3427 2909 3480 φαμεν
2964 3411 3057 3463 καὶ
3088 3410 3179 3462 τὸν
3215 3411 3515 3476 ἁγιώτατον
3539 3411 3562 3449 ἀ
3602 3411 3719 3464 ἐπί-

2157 3515 2357 3552 σκοπον
2411 3499 2511 3568 τῆς
2570 3497 2978 3569 Ἀλεξανδρείας
3050 3498 3347 3568 Κύριλλον,
3405 3498 3719 3567 συμϐάντας

2154 3590 2423 3660 ἀλλήλοις,
2477 3590 2775 3643 ἀποθέσθαι
2813 3590 2912 3661 την
2949 3589 3154 3660 μεταξὺ
3201 3591 3355 3659 ὑμῶν
3395 3589 3715 3659 δυσχέρειαν

2155 3682 2249 3735 καὶ
2284 3680 2709 3752 ἀμφισϐήτησινο
2748 3680 3225 3750 ἐπαγγειλαμένων
3273 3676 3346 3733 ὧν
3383 3679 3711 3751 προείπομεν

2153 3772 2560 3845 εὐλαϐεστάτων
2593 3772 2824 3843 ἀνδρῶν,
2857 3772 2933 3835 ὡς
2968 3774 3015 3825 εί
3059 3772 3389 3842 ὑπογράψεις
3423 3775 3486 3842 τῇ
3517 3770 3712 3824 καθαι-

2156 3861 2299 3931 ρέσει
2331 3861 2647 3931 Νεστορίου,
2682 3861 2775 3913 καὶ
2797 3860 2892 3930 τὴν
2914 3860 3102 3914 τούτου
3131 3860 3542 3930 ἀναθεματίσεις
3568 3860 3719 3911 διδα-

2154 3951 2401 4015 σκαλίαν,
2421 3950 2645 4020 οὐδεμία
2665 3949 3140 4020 περιλειφθήσεται
3157 3951 3456 4017 ἀντιλογίας
3469 3951 3716 4020 ἀφορμή·

2151 4042 2264 4095 ἀλλ’
2304 4043 2466 4104 εὐθὺς
2511 4043 2538 4093 ὁ
2584 4039 2885 4109 άγιώτατος
2936 4041 3232 4105 ἐπίσκοπος
3285 4042 3581 4110 Κύριλλος,
3622 4045 3719 4093 καὶ

2151 4132 2305 4185 αὑτοὶ
2336 4134 2384 4185 oi
2432 4134 2548 4201 μετ’
2585 4130 2775 4195 αὑτοῦ,
2805 4133 2899 4184 καὶ
2943 4134 2970 4183 ὁ
3012 4132 3308 4194 ὁσιώτατος
3356 4133 3456 4201 τῆς
3505 4132 3717 4197 ἐνδόξου

2159 4222 2379 4293 Ῥώμης
2409 4224 2704 4285 ἐπίσκοπος
2748 4223 3088 4286 Κελεστῖνρς,
3127 4225 3221 4276 καὶ
3256 4223 3455 4286 πάντες
3494 4225 3541 4275 οἱ
3578 4241 3717 4275 παν-

2150 4313 2313 4383 ταχοῦ
2343 4316 2439 4383 τῆς
2459 4312 2737 4383 ὀρθοδόξου
2767 4314 3001 4376 πίστεως
3032 4314 3211 4383 ἱερεῖς,
3242 4316 3308 4383 τῇ
3342 4317 3407 4383 σῇ
3441 4313 3721 4385 θεοσεϐείᾳ.

474 4426 695 4482 quoque
719 4408 967 4480 gloriosa
990 4408 1176 4463 Roma
1197 4408 1510 4477 episc0pus,
1537 4422 1599 4459 ac
1620 4406 1816 4475 reliqui
1833 4420 2044 4471 omnes,

2160 4404 2554 4472 κοινωνήσουσι’
2581 4402 2687 4455 τῶν
2706 4401 2899 4463 ἄλλων,
2927 4401 2981 4453 εἴ
3002 4402 3065 4470 γέ
3086 4419 3206 4454 τινα
3233 4403 3317 4473 είη
3350 4403 3416 4454 τὰ
3435 4403 3719 4471 ὀφείλοντα

474 4510 748 4575 quotquot
790 4501 995 4570 ubique
1033 4508 1162 4555 sunt
1198 4500 1517 4554 orthodoxa
1556 4497 1681 4551 ﬁdei
1712 4496 2044 4560 sacerdotes,

472 4611 602 4655 cum
619 4602 711 4650 tua
735 4597 938 4667 pietate
962 4593 1030 4649 ad
1049 4594 1489 4649 communionem
1512 4592 1785 4646 redirent:
1811 4592 2044 4655 catcris,

473 4688 519 4744 si
552 4703 661 4758 qua
700 4687 843 4742 forte
885 4694 1051 4741 erunt
1085 4701 1206 4754 qua
1237 4682 1677 4739 emendationem
1712 4682 2045 4747 desiderent,

472 4779 634 4835 facile
680 4794 803 4835 eam
854 4768 1181 4832 s01utionem
1218 4774 1579 4844 suscepturis,
1627 4790 1789 4841 quam
1815 4788 1913 4827 vos
1944 4773 2047 4842 ipsi

470 4868 784 4925 necessario
834 4874 1134 4930 sumentes,
1181 4873 1237 4920 et
1280 4865 1443 4919 simul
1496 4863 1651 4917 vobis
1690 4864 1944 4933 privatim
1988 4871 2046 4917 et

2149 4493 2542 4565 διορθωθῆναι,
2599 4493 2697 4561 τὴν
2755 4493 3068 4563 πρέπουσαν
3126 4493 3364 4563 εύχερῶς
3415 4493 3720 4563 δεχομένων

2150 4584 2322 4647 λύσιν,
2372 4583 2438 4653 ἢν
2478 4583 2629 4635 αὐτοὶ
2674 4584 2983 4651 ἀναγκαίως
3033 4584 3417 4647 ἀναλαϐόντες,
3459 4586 3549 4637 καὶ
3581 4602 3721 4653 συμ-

2152 4676 2436 4737 πείσαντες
2467 4675 2662 4736 αὑτους
2688 4686 2709 4713 θ
2744 4675 2867 4743 ἰδίᾳ.
2904 4676 2997 4726 καὶ
3026 4678 3176 4744 κοινῇ
3204 4678 3429 4736 πάντας,
3463 4674 3716 4738 ὲπάξετε.

2150 4768 2315 4829 Γνοὺς
2353 4766 2530 4818 τοίνυν
2574 4765 2776 4834 ταύτην
2823 4767 2978 4834 ἡμῶν
3020 4761 3159 4816 εἶναι
3207 4765 3304 4833 τὴν
3353 4767 3588 4835 σπουδὴν
3623 4768 3722 4819 καὶ

2148 4859 2305 4913 τοῦτο
2332 4860 2392 4911 τὸ
2422 4858 2694 4928 βούλευμα
2713 4896 2726 4919 ,
2763 4856 2985 4926 μηδενὸς
3012 4855 3172 4907 ἄλλου
3203 4854 3435 4927 θελήσῃς
3462 4857 3722 4924 φροντίδα

469 4958 839 5015 communiter
869 4956 1128 5011 omnibus
1158 4956 1576 5025 persuadentes,
1618 4955 1879 5008 aﬁ‘eretis.
1907 4954 2043 5009 Cum

2160 4950 2476 5020 ποιήσασθαι
2501 4989 2514 5010 ,
2548 4949 2579 5019 ἦ
2619 4949 2712 5000 τοῦ
2754 4947 2933 5015 πάσης
2963 4945 3204 4998 ἐκποδὼν
3230 4945 3403 5015 ἔριδος
3437 4947 3527 4998 καὶ
3559 4946 3723 5017 ζηλο.

469 5050 656 5122 itaque
682 5049 787 5103 hoc
808 5055 1060 5102 nostrum
1104 5062 1227 5101 esse
1262 5046 1505 5100 studium
1534 5056 1590 5100 et
1622 5045 1909 5100 consilium
1938 5061 2045 5099 non

2160 5040 2343 5102 ιυπίας
2372 5041 2689 5108 γενομένης,
2719 5038 2815 5108 τὴν
2841 5038 3063 5107 εἰρήνην
3089 5036 3293 5106 ταύτην
3317 5038 3588 5106 ἐπιμελῶς
3623 5041 3723 5092 καὶ

468 5138 711 5209 ignores,
761 5137 1018 5191 omnibus
1076 5135 1200 5189 aliis
1245 5134 1396 5189 curis
1442 5134 1774 5204 posthabitis
1830 5133 1886 5186 in
1944 5134 2048 5187 hoc

2160 5130 2379 5191 356aiw;
2407 5132 2525 5191 ταῖς
2557 5130 2890 5196 ἁγιωτάταις
2929 5129 3295 5199 Ἑκκλησίαις,
3328 5131 3447 5191 ταῖς
3474 5130 3724 5182 ἅπαντας

468 5243 639 5283 unum
664 5229 943 5293 incumbe,
969 5235 1031 5283 ut
1062 5226 1211 5280 omni
1239 5226 1591 5281 contentione
1620 5232 1672 5279 et
1699 5224 2047 5279 aemulatione

2160 5222 2240 5291 (οὗ
2293 5223 2390 5293 τῆς
2439 5221 2715 5292 ὀρθοδόξου
2751 5222 2986 5283 πίστεως
3011 5265 3024 5286 ,
3075 5222 3169 5274 καὶ
3206 5221 3295 5273 διὰ
3331 5222 3534 5274 τούτων
3582 5224 3721 5275 πᾶσι

468 5315 707 5379 sublata,
743 5330 847 5385 pax
880 5316 998 5371 hac
1031 5314 1324 5385 diligenter
1350 5329 1413 5368 ac
1438 5313 1666 5367 ﬁrmiter
1687 5313 2048 5368 sanctissimis

2160 5316 2254 5376 τοῖς
2282 5313 2372 5382 ὑφ’
2401 5314 2544 5381 ὑμᾶς
2587 5315 2651 5382 τῇ
2687 5312 2779 5364 τοῦ
2811 5312 3113 5381 κρείττονος
3148 5310 3371 5382 βοηθείᾳ
3403 5311 3677 5381 πήξασθαι
3702 5352 3722 5377 ,

1540 5466 1709 5521 Varia
1736 5466 1999 5523 lectiones
2026 5465 2233 5522 codicis
2266 5464 2624 5536 Seguieriani.

540 5611 562 5641 ³
605 5605 822 5679 ἀγάπην
853 5606 1034 5674 ἱερεῖς.
1177 5605 1515 5679 ἀνάγοντεςη
1566 5616 1594 5644 ιι
1634 5606 1717 5659 ίσ.
1744 5606 2073 5679 ,νομίζομενε
2137 5615 2164 5645 '
2202 5604 2501 5679 ὑπονοίας.Δ
2551 5617 2578 5679 ξι
2612 5601 3107 5679 παρακολουθῆσαι.
3188 5601 3394 5679 [πρὸς
3420 5601 3479 5679 τρ
3509 5607 3729 5679 μεμνῆ-

468 5674 611 5730 σθαι.
655 5671 712 5712 ’⁸
752 5671 959 5743 εἴληφε.
1015 5686 1039 5715 α
1080 5671 1362 5743 εὕρασθαι.
1442 5677 1465 5715 ὶ)
1502 5671 1999 5747 ὲπινεμηθῇίπλέον
2032 5678 2109 5731 τὸι
2179 5688 2199 5715 ο
2245 5674 2618 5745 ἐπινεμηθείη.
2696 5671 2720 5711 ἀ
2758 5673 3167 5727 εὑλαϐἐστατον.
3219 5684 3239 5711 ε
3282 5671 3525 5734 ἑαυτοὺς.
