4048 6210
361 239 458 300 146
469 242 488 296 ι

1802 256 2183 315 EPISTOLIE.

3465 261 3600 315 Ηίέ

354 356 450 406 καὶ
478 352 650 408 ὲλθεῖν
679 356 818 427 μετὰ
846 356 1025 432 πάσης
1051 362 1354 432 ταχυτῆτος
1385 365 1442 418 ὲν
1471 368 1538 437 τῇ
1567 365 1924 438 Νικομηδέων

2027 367 2180 422 orbis
2205 367 2489 432 Ecclesiis,
2510 384 2630 438 qua:
2657 368 2859 438 ubique
2891 368 3250 423 orthodoxam
3280 369 3439 423 (idem
3465 386 3594 438 pro-

357 442 548 510 πόλει,
604 447 806 517 μηδένα
837 449 897 502 τὸ
929 450 1146 506 σύνολον
1194 455 1508 511 ἐπισκόπων
1541 457 1682 528 μετά
1725 457 1922 511 σαυτοῦ

357 532 715 602 ἑπαγόμενος,
748 535 885 608 πλὴν
914 539 1110 607 ὀλίγων
1139 542 1250 596 τῶν
1278 545 1735 616 ὑπηρετουμένων
1760 550 1826 619 τῇ
1858 550 1924 618 σῇ

355 620 602 693 ἁγιότητι
653 626 946 695 κληρικῶν.
997 632 1107 686 Καὶ
1161 633 1284 704 δίχα
1347 637 1527 707 πάσης
1579 638 1927 710 ὑπερθέσεως

359 712 679 777 σπούδασον,
729 716 906 784 εἰδὼς,
943 721 1020 784 ὡς
1051 723 1148 777 καὶ
1191 724 1462 797 Κύριλλον
1487 729 1579 781 τὸν
1624 729 1928 797 ἁγιώτατον

358 803 652 858 ἐπίσκοπον
679 810 879 878 ὁμοίως
901 813 1077 867 ἐκεῖσε
1104 817 1445 888 ἐπειχθῆναι,
1480 822 1574 874 καὶ
1605 821 1930 892 συνδραμεῖν

356 897 423 982 τῇ
449 895 586 968 αὐτῇ
619 899 918 975 προθυμίᾳ,
950 903 1116 970 θείοις
1146 908 1301 977 ἡμῶν
1331 912 1621 981 γράμμασι
1661 911 1930 982 προσετά-
1961 916 1963 919 ’

359 981 550 1054 ξαμεν·
591 987 737 1059 αύτῷ
770 1007 829 1044 τε
877 999 1400 1068 παρεγγυήσαντες,
1448 1000 1522 1073 μὴ
1566 981 1739 1066 ἄλλως
1768 1002 1929 1057 αὐτὸν

357 1075 495 1164 πρὸς
516 1077 664 1147 ἡμᾶς
687 1080 1032 1150 ἐλεύσεσθαι,
1057 1087 1187 1158 πρὶν
1217 1089 1249 1160 ἢ
1277 1090 1344 1144 ἀν
1377 1093 1729 1162 συντυχόντες
1766 1094 1929 1164 ἀλλή-

355 1163 488 1230 λοις,
524 1168 619 1220 καὶ
646 1171 743 1240 τῆς
777 1172 912 1241 πρὸς
945 1175 1170 1241 ἑαυτοὺς
1201 1179 1398 1251 ἔχθρας
1425 1181 1448 1220 Υ
1480 1183 1826 1254 ἀποθέμενοι,
1851 1163 1930 1248 εἰς

355 1259 416 1311 τὸ
444 1261 542 1329 τὴν
573 1265 795 1335 εἰρήνην
827 1265 1190 1342 βεϐαιωθῆναι
1221 1274 1288 1326 δι’
1317 1275 1524 1340 οἰκείας
1551 1277 1826 1346 ὁμονοίας,
1853 1279 1930 1349 τῷ

359 1352 547 1421 σκοπῷ
589 1355 694 1407 τῶν
733 1358 952 1417 πάντων
991 1363 1306 1434 συνέλθητε.
1359 1366 1538 1436 Ὀπερ
1584 1367 1802 1424 ἔσεσθαι
1835 1371 1931 1423 καὶ

355 1440 450 1493 ἐπὶ
487 1445 551 1512 τῇ
583 1447 648 1516 σῇ
679 1447 933 1522 εὐλαϐείᾳ
977 1454 1333 1525 σημαίνομεν.
1367 1457 1596 1529 Ἀνδρες
1623 1459 1732 1532 γὰρ
1776 1460 1928 1524 ὄντες

355 1533 618 1602 τοσοῦτοι,
650 1537 742 1602 οὓς
780 1541 1059 1613 ἐκδέχεται
1090 1546 1115 1585 8
1146 1546 1240 1599 καὶ
1264 1547 1333 1600 τά
1369 1547 1470 1616 τῆς
1503 1551 1724 1621 εἰρήνης
1749 1551 1932 1620 ἀγαθά

355 1627 450 1680 καὶ
494 1627 562 1681 τὰ
597 1630 696 1700 τῆς
734 1631 998 1704 διχονοίας
1027 1637 1172 1692 κακά
1203 1638 1390 1694 λαθεῖν
1427 1643 1528 1695 οὐκ
1565 1643 1842 1710 ἀνέξονται
1876 1645 1926 1709 ιι,

351 1715 414 1768 ού
447 1717 706 1790 πρότερον
733 1724 748 1762 ί
786 1725 914 1796 παρ’
944 1727 1100 1797 ήμῶν
1127 1727 1482 1800 ὀφθήσεσθαι,
1513 1730 1672 1802 άχρις
1700 1733 1765 1788 ἂν
1782 1734 1926 1807 διορ-
1955 1715 2002 1776 Β

353 1807 499 1881 θωθῇ
529 1811 700 1866 ταῦτα
721 1855 736 1875 ,
768 1816 910 1889 ἅπερ
948 1820 1095 1890 ἡμᾶς
1122 1821 1183 1874 ού
1237 1822 1451 1896 μικρῶς
1498 1823 1779 1894 ἀθυμῆσαι
1827 1843 1927 1879 πει

354 1899 597 1971 ποίηκεν.
631 1905 739 1958 Καὶ
765 1909 1004 1981 τοσούτῳ
1032 1911 1110 1975 δὲ,
1142 1914 1200 1966 ὲν
1231 1915 1341 1985 ὅσῳ
1365 1915 1398 1984 ἦ
1425 1931 1484 1967 τε
1517 1915 1924 1990 σπουδαζομένη

351 1990 452 2061 τῆς
484 1994 742 2066 εἰρήνης,
777 2000 870 2053 καὶ
905 2002 1004 2072 τῆς
1047 2005 1296 2074 ὁμονοίας
1321 2005 1419 2076 τῆς
1446 2007 1721 2078 ήμετέρας
1751 2007 1798 2076 i,
1833 2011 1927 2065 καὶ

352 2083 452 2153 τῆς
482 2087 616 2156 πρὸς
646 2087 906 2160 ἀλλήλους
935 2093 1136 2162 φιλίας,
1170 2097 1265 2150 καὶ
1307 2098 1370 2150 ὲκ
1409 2097 1614 2170 ταύτης
1644 2101 1745 2172 τῆς
1791 2103 1927 2174 πρὸς

354 2175 501 2244 ἡμᾶς
541 2179 1057 2255 προοδοποιηθείσης
1099 2189 1387 2258 συντυχίας
1440 2188 1757 2259 βεϐαιοῦται
1796 2210 1925 2264 συγ-

356 2265 646 2358 κρότησις,
678 2270 919 2342 μηδεμία
946 2273 1006 2340 ἐξ
1044 2277 1418 2333 ὲπισκοπικῶν
1451 2283 1860 2350 καταστάσεων,
1889 2286 1922 2358 ἧ

357 2356 745 2428 καθαιρέσεων,
775 2362 806 2434 ἢ
837 2365 931 2418 καὶ
953 2367 1338 2438 οίασδηποτοῦν
1367 2374 1697 2444 χειροτονίας
1729 2356 1926 2448 προγέέ

316 2458 515 2517 ’νηται
565 2455 913 2524 καινοτομία·
949 2456 1064 2510 ἀλλ’
1105 2462 1157 2513 εἰ
1185 2478 1236 2514 τι
1282 2461 1376 2516 καὶ
1427 2464 1630 2534 μεταξὺ
1674 2467 1924 2536 γενέσθαι

357 2538 707 2610 συμϐέϐηκε,
745 2544 902 2599 τοῦτο
943 2547 1002 2600 ὲν
1041 2550 1238 2622 ἡσυχίᾳ
1287 2553 1447 2623 μόνον
1488 2557 1792 2627 ἀτάραχον,
1829 2559 1926 2628 τὴν

354 2630 453 2700 τῆς
491 2632 780 2706 καθολικῆς
840 2638 1168 2709 Ἐκκλησίας
1211 2643 1525 2711 φυλαττέτω
1573 2650 1920 2700 κατάστασιν·

357 2722 742 2792 ὲπαρκούντων
789 2726 899 2779 τῶν
943 2728 1111 2783 ὄντων
1159 2731 1567 2787 εύλαϐεστάτων
1621 2735 1920 2806 κληρικῶν,

355 2815 512 2888 ἄχρις
536 2817 603 2873 ἂν
634 2821 816 2875 τελεία
849 2823 1041 2888 ἓνωσις
1069 2827 1543 2902 παρακολουθήσῃ,
1577 2830 1711 2902 πρὸς
1739 2831 1800 2884 τὸ
1829 2832 1926 2896 τὰς

358 2908 507 2974 θείας
532 2913 833 2984 ὑπηρεσίας
856 2917 1140 2970 ἐπιτελεῖν.
1175 2920 1360 2989 Ἔχεις
1387 2923 1516 2992 παρ’
1542 2922 1572 2991 ἡ
1583 2921 1699 2990 μῶν
1728 2923 1921 2976 ταῦτα’

357 3002 450 3096 καὶ
482 3003 582 3057 σύκ
630 3005 1059 3077 ἀμφιϐάλλομεν,
1095 3009 1170 3072 ὠς
1221 3013 1382 3064 παντὶ
1418 3012 1592 3065 σθένει
1633 3014 1728 3067 καὶ
1776 3017 1922 3086 πάσῃ
1952 3039 1994 3096 C

355 3095 612 3167 δυνάμει,
643 3098 908 3170 εἰλικρινῆ
949 3101 1042 3154 καὶ
1089 3103 1503 3175 ἀμετάτρεπτον
1540 3107 1801 3176 ἑωρακὼς
1826 3107 1926 3177 τὴν

357 3188 627 3259 ήμετὲραν
656 3190 934 3262 πρόθεσιν,
980 3195 1073 3247 καὶ
1116 3195 1270 3261 ἀξίαν
1307 3197 1696 3269 Χριστιανικῆς
1737 3199 1929 3253 ἐνστά-

359 3295 524 3346 σεως,
555 3282 894 3352 συμπράξεις
919 3285 1012 3338 καὶ
1040 3286 1220 3351 αὐτὸς,
1249 3288 1344 3341 καί⁸
1370 3288 1560 3342 ούδένα
1590 3289 1855 3358 κάματον,
1892 3290 1925 3360 ἢ

359 3369 614 3440 σκυλμδν.
647 3371 742 3442 οὐχ
779 3372 986 3446 ὕϐρεως
1014 3378 1449 3449 καταφρόνησιν,
1492 3379 1592 3430 οὒκ
1626 3379 1929 3448 ἀμνησικα-

357 3460 480 3514 κίαν
516 3461 684 3533 ὀργῆς
716 3466 738 3503 κ
768 3465 1128 3532 ἀναδέξασθαι
1186 3469 1502 3538 παραιτήσῃ
1551 3466 1693 3536 ὑπὲρ
1725 3465 1818 3518 τοῦ
1859 3467 1928 3519 τὰ

357 3550 508 3620 παρά
542 3551 641 3619 τῆς
681 3553 956 3624 ἡμετέρας
1003 3554 1281 3616 εὐσεϐείας
1312 3553 1477 3608 ἕνεκα
1510 3553 1604 3624 τῆς
1644 3553 1926 3624 όρθοδόξου

359 3641 591 3706 πίστεως
611 3643 706 3696 καὶ
725 3645 822 3712 τῆς
837 3645 940 3696 τῶν
965 3645 1286 3711 ἁγιωτάτων
1319 3645 1654 3714 Ἐκκλησιῶν
1682 3645 1926 3708 ἑνώσεως

356 3733 782 3805 προσταχθέντα,
820 3735 1016 3804 πέρατι
1053 3734 1443 3805 παραδοθῆναι.
1477 3737 1539 3788 Εἰ
1571 3737 1656 3802 δὲ,
1701 3737 1836 3808 ὅπερ
1864 3739 1925 3790 ού

357 3823 702 3893 πιστεύομεν,
729 3821 945 3876 ἐναντία
970 3820 1170 3892 ταύτης
1204 3821 1218 3860 ³
1252 3823 1408 3893 ήμῶν
1438 3825 1537 3895 τῆς
1566 3824 1807 3896 γνώμης,
1833 3827 1927 3878 καὶ

356 3915 446 3968 τοῦ
468 3914 638 3977 οὕτως
659 3914 812 3984 ἡμῶν
831 3914 992 3984 ὀρθοῦ
1015 3914 1396 3986 βουλεύματος,
1432 3916 1698 3987 φρονῆσαι
1722 3927 1784 3980 ω,
1813 3917 1925 3989 ἰδίῳ

353 4004 461 4054 τινὶ
487 4003 694 4073 σκοπῷ,
726 4003 758 4073 ἦ
792 4013 817 4040 υ
842 4005 1088 4058 ὲνστάσει
1111 4007 1452 4076 ἀνθρωπίνου
1477 4009 1683 4073 πάθους
1719 4011 1922 4079 ἐπιχει-

356 4097 597 4165 ρήσειας,
632 4095 740 4150 τῶν
764 4113 822 4150 τε
850 4097 1023 4151 ἄλλων
1051 4098 1160 4151 τῶν
1186 4099 1315 4170 παρ’
1343 4101 1374 4170 ἡ
1383 4100 1498 4170 μῶν
1523 4100 1925 4156 κελευσθέντων

290 4255 296 4264 _
352 4185 716 4256 ἀμελήσειας,
763 4189 944 4260 σαυτῴ
983 4190 1192 4259 λογιεί,
1240 4193 1288 4244 εἰ
1326 4193 1425 4262 τῆς
1470 4193 1778 4264 προθυμίας
1821 4197 1923 4266 τῆς

353 4278 478 4348 περὶ
508 4279 606 4347 τὴν
650 4282 1016 4354 συγκρότησιν
1046 4281 1155 4336 τῶν
1200 4282 1294 4336 τοῦ
1327 4284 1464 4336 Θεοῦ
1519 4285 1857 4355 Ἐκκλησιῶν
1887 4289 1920 4358 ἡ

2025 458 2274 524 fitentur,
2305 467 2361 514 et
2403 475 2501 529 per
2539 459 2662 514 illas
2696 460 2955 514 omnibus
2987 460 3223 514 subditis
3256 461 3457 516 nostris
3485 461 3599 533 [ve-

2025 549 2182 621 stris]
2206 566 2329 605 cum
2361 551 2457 605 Dei
2491 550 2696 605 auxilio
2737 551 3061 604 restituatur
3091 571 3101 603 :
3141 562 3306 620 utque
3336 554 3401 606 ad
3435 554 3598 608 Nico-

2027 640 2222 695 media:
2275 641 2556 696 civitatem
2627 657 2839 696 summa
2890 657 3014 696 cum
3073 641 3353 696 celeritate
3408 645 3628 699 venire-

2024 741 2297 797 matures;
2336 748 2441 786 nec
2489 731 2659 786 ullum
2717 733 2946 787 omnino
2997 732 3384 802 episcoporum
3415 741 3595 788 tecum

2026 823 2288 887 adducas,
2321 823 2414 878 sed
2443 838 2647 893 paucos
2690 832 2900 878 tantum
2934 824 3184 887 clericos,
3213 824 3598 893 quisanetitati

2028 920 2136 966 tua:
2186 912 2544 967 famulentur.
2596 912 2757 968 Omni
2801 928 2932 984 ergo
2984 913 3248 968 dilatione
3301 916 3630 984 postposita.

2027 1006 2250 1071 festina,
2292 1016 2444 1062 certo
2480 1007 2580 1061 tibi
2612 1022 2938 1076 persuasum
2986 1007 3215 1069 habens,
3239 1007 3442 1077 Cyrillo
3481 1023 3606 1061 san-

2029 1099 2276 1154 ctissimo
2334 1099 2597 1169 episcopo
2642 1115 2742 1169 per
2789 1099 3090 1169 maiestatis
3137 1109 3338 1154 nostra:
3391 1099 3602 1153 litteras

2030 1191 2346 1248 mandatum
2367 1206 2510 1256 esse,
2545 1201 2606 1246 ut
2633 1191 2748 1261 ipse
2772 1205 2991 1261 quoque
3015 1189 3204 1244 eadem
3229 1189 3395 1245 animi
3423 1205 3604 1258 prom-

2029 1281 2305 1352 ptitudine
2371 1281 2440 1336 ad
2494 1281 2750 1336 eumdem
2801 1281 2984 1336 locum
3034 1289 3332 1346 accurrat;
3391 1280 3628 1349 ipsique-

2029 1372 2439 1437 denuntiatum,
2482 1372 2695 1427 nullum
2723 1371 2880 1442 prius
2901 1371 2968 1425 ad
3004 1386 3105 1425 nos
3133 1370 3341 1426 aditum
3381 1371 3603 1424 habitu-

2029 1477 2174 1527 rum,
2208 1478 2373 1532 quam
2401 1463 2545 1518 inter
2567 1479 2665 1518 vos
2699 1462 3090 1528 conveneritis,
3118 1477 3445 1532 omnemque
3481 1477 3584 1515 mu-

2031 1562 2179 1609 tuam
2205 1554 2549 1609 inimicitiam
2571 1554 2792 1624 penitus
2817 1555 3102 1619 exueritis,
3122 1563 3177 1609 et
3192 1552 3258 1607 ad
3277 1552 3607 1610 confirman-

2031 1646 2154 1701 dam
2212 1662 2402 1716 paeem
2445 1663 2544 1717 per
2589 1647 2865 1717 propriam
2915 1645 3262 1702 concordiam
3328 1644 3603 1700 communi

2029 1739 2274 1793 omnium
2309 1739 2590 1809 proposito
2622 1737 3037 1794 consenseritis.
3071 1737 3248 1807 Atque
3289 1737 3394 1791 hoc
3425 1737 3604 1806 ipsum
3623 1763 3638 1782 ι.

2027 1840 2083 1886 et
2130 1841 2234 1886 tua:
2279 1846 2497 1900 quoque
2543 1831 2868 1886 reverentiae
2904 1829 3284 1885 denuntiatum
3326 1818 3600 1882 volumus.

2029 1919 2245 1973 Etenim
2267 1919 2400 1974 viris
2421 1919 2558 1974 adeo
2579 1919 2911 1982 celebribus,
2941 1927 3006 1973 ut
3024 1933 3122 1974 eos
3151 1926 3244 1972 aut
3265 1917 3404 1971 bona
3433 1917 3601 1986 pacis,

2027 2008 2113 2063 vel
2139 2008 2278 2063 mala
2309 2007 2600 2064 discordia:
2627 2010 2800 2063 latere
2823 2007 3055 2078 poSsint,
3084 2006 3236 2060 nullo
3259 2004 3423 2059 modo
3450 2005 3604 2073 prius

2027 2113 2122 2153 eos
2162 2099 2218 2152 in
2260 2107 2614 2169 conspectum
2656 2109 2906 2155 nostrum
2935 2099 3306 2161 admittemus,
3346 2113 3508 2167 quam
3539 2114 3611 2151 car

2026 2189 2206 2244 omnia
2244 2198 2491 2245 correcta
2530 2191 2926 2259 emendataque
2961 2189 3188 2254 fuerint,
3216 2206 3337 2260 quze
3367 2189 3601 2242 maxima

2028 2280 2459 2352 nosmgritudine
2475 2281 2798 2336 affecerunt.
2812 2284 3028 2336 Interea
3041 2296 3192 2346 vero,
3207 2281 3336 2335 dum
3350 2287 3606 2349 exoptata

2027 2371 2179 2441 pacis
2205 2371 2627 2442 concordiaeque
2671 2381 2728 2426 et
2774 2381 2980 2427 mutuae
3024 2371 3169 2425 inter
3212 2386 3308 2425 vos
3350 2370 3618 2424 amicitia:

2027 2467 2322 2519 conventio
2365 2479 2464 2534 per
2498 2465 2604 2520 iter
2631 2479 2850 2534 quoque
2881 2463 2950 2517 ad
2980 2471 3230 2516 nostrum
3263 2460 3603 2528 colloquium

2027 2553 2406 2616 confirmatur,
2448 2554 2594 2606 nulla
2633 2567 2858 2620 prorsus
2891 2564 3346 2620 quorumcunquc
3388 2549 3602 2617 episco-

2027 2656 2222 2709 porum
2264 2648 2358 2694 aut
2397 2641 2625 2706 creatio,
2668 2650 2761 2694 aut
2801 2640 3095 2709 depositio,
3134 2648 3228 2693 aut
3259 2654 3626 2708 quaecunque-

2027 2729 2300 2784 ordinatio
2325 2731 2628 2786 tentabilur
2654 2749 2666 2785 :
2694 2731 2787 2785 sed
2821 2731 2864 2786 si
2889 2729 3019 2800 quid
3045 2729 3262 2784 interim
3287 2730 3625 2800 hujusmodi.

2027 2821 2228 2875 factum
2261 2837 2380 2876 esse
2409 2823 2719 2894 contigerit,
2749 2823 2803 2877 id
2831 2823 3116 2877 immotum
3149 2831 3204 2876 et
3231 2821 3600 2892 imperturba.

2029 2921 2166 2979 tum,
2204 2915 2461 2971 Ecclesiae
2506 2917 2789 2972 catholiczc
2819 2916 3271 2986 compositionem
3296 2925 3597 2986 exspectet,

2028 3021 2153 3059 cum
2187 3006 2586 3076 religiosissimi
2607 3008 2793 3062 clerici
2819 3007 2886 3062 ad
2916 3006 3102 3062 divina
3124 3008 3427 3063 ministeria
3448 3023 3601 3062 exsc-

2027 3099 2242 3167 qucnda
2267 3099 2516 3154 sufﬁcere
2537 3108 2760 3170 queant,
2790 3100 2967 3156 donec
3016 3101 3258 3170 perfecta
3297 3100 3427 3155 unio
3472 3115 3600 3155 con-

2027 3199 2309 3261 sequatur.
2362 3191 2544 3247 Habes
2579 3193 2694 3247 haec
2737 3208 2766 3246 a
2810 3192 3011 3257 nobis;
3058 3209 3161 3247 nec
3189 3191 3525 3255 dubitamus,
3554 3193 3598 3245 si

2028 3283 2297 3336 sinceram
2365 3283 2755 3352 immotamque
2820 3291 2877 3338 et
2939 3283 3250 3350 Christiana
3311 3285 3601 3339 sedulitate

2027 3373 2246 3443 dignam
2297 3373 2466 3426 animi
2521 3372 2695 3428 nostri
2731 3372 3062 3427 sententiam
3099 3373 3425 3442 inspexeris,
3465 3373 3598 3443 quin

2028 3465 2158 3519 totis
2190 3463 2421 3528 viribus,
2449 3472 2669 3533 totaque
2695 3463 2894 3517 mentis
2918 3463 3123 3518 virtute
3150 3463 3202 3517 in
3239 3461 3342 3518 hoc
3383 3465 3598 3520 incum—

2028 3552 2146 3616 bas,
2181 3559 2242 3607 ut
2271 3568 2333 3606 ea
2366 3552 2570 3616 omnia,
2598 3566 2718 3621 qua:
2745 3566 2774 3605 a
2810 3560 2994 3605 nostra
3027 3550 3250 3620 pietate,
3282 3551 3598 3607 orthodoxze

2028 3643 2176 3707 fidei,
2198 3650 2618 3711 sanctarumque
2636 3642 3004 3697 Ecclesiarum
3026 3642 3389 3696 uniendarum
3411 3659 3596 3706 causa,

2028 3735 2234 3789 saneita
2282 3743 2338 3788 et
2372 3732 2623 3788 ordinata
2672 3741 2820 3796 sunt,
2867 3731 3190 3801 tempestive
3215 3730 3596 3794 conficiantur,

2026 3825 2238 3879 nullum
2276 3826 2396 3895 ejus
2429 3825 2509 3880 rei
2548 3824 2722 3895 gratia
2755 3824 3026 3886 laborem,
3067 3834 3172 3878 aut
3200 3823 3595 3894 fatigationem,

2027 3925 2121 3972 aut
2151 3917 2463 3988 ignominiaa
2485 3924 2882 3986 contemptum,
2905 3924 3002 3972 aut
3036 3917 3361 3987 iniuriarum
3387 3916 3594 3971 condo-

2027 4009 2309 4065 nationem
2340 4023 2620 4065 recusans.
2661 4007 2719 4063 Si
2761 4023 2891 4063 vero
2926 4007 3096 4080 (quod
3135 4023 3246 4063 non
3297 4006 3593 4075 credimus)

2026 4107 2270 4154 nostram
2307 4098 2451 4152 hanc
2494 4097 2819 4153 sententiam
2884 4105 3206 4165 rectumque
3253 4095 3592 4165 propositum

2025 4190 2241 4260 privato
2263 4189 2494 4245 consilio
2521 4189 2881 4258 humanaeque
2910 4187 3142 4258 alicujus
3157 4185 3592 4257 perturbationis

2026 4283 2263 4352 impulsu
2306 4289 2660 4336 contemnere
2693 4294 2860 4333 ausus
2905 4278 3096 4343 fueris,
3145 4285 3444 4346 nostraque
3486 4275 3591 4332 alia

351 4369 418 4439 σὴ
473 4370 686 4442 ὁσιότης
761 4375 1250 4446 καταφρονήσασα,
1313 4374 1471 4439 ἀξίας
1540 4377 1772 4447 ἀμοιϐὰς
1818 4379 1921 4433 άπ-

2027 4373 2243 4428 (lecrcta
2272 4370 2643 4442 parvifeeeris,
2671 4370 2768 4424 tibi
2800 4371 3118 4439 imputabis,
3145 4369 3191 4424 si
3219 4369 3478 4423 sanctitas
3501 4377 3590 4422 tua

348 4459 657 4530 ενέγκηται.

2023 4462 2493 4535 promptitudinis,
2543 4476 2664 4531 qua:
2707 4469 2906 4516 sancta:
2948 4461 3042 4515 Dei
3085 4461 3341 4516 Ecclesiae
3367 4475 3589 4528 compo-

2022 4554 2214 4610 nenda:
2252 4553 2506 4617 debetur,
2555 4553 2816 4624 neglectae
2848 4553 3073 4607 meritas
3107 4569 3294 4622 pmnas
3351 4553 3587 4606 dederit.

1397 4707 1569 4765 Varia:
1601 4708 1864 4765 lectiones
1896 4708 2103 4763 codicis
2139 4707 2500 4780 Seguicriani.

425 4851 445 4889 τ
482 4853 861 4935 έαυτοίςῌκατᾶι
883 4859 978 4935 τῆς
1011 4859 1144 4935 πρὸς
1166 4860 1423 4935 ἀλλήλους
1453 4862 1672 4934 ἔχθρας.
1751 4867 1775 4904 8
1815 4864 1900 4935 Io'.
1941 4864 2130 4935 ἄνδρες
2155 4863 2262 4934 γὰρ
2288 4863 2438 4935 ὄντες
2467 4862 2760 4935 -τοσρύτους
2789 4861 2880 4935 οὓς
2901 4861 2999 4912 οὐκ
3025 4860 3310 4935 ἐνδέχεται.

1625 4946 1638 4984 ι
1689 4934 1978 5005 ὑμετέρας.
2040 4931 2080 4974 ἰ
2124 4931 2427 5005 ἀμνηστίαν
2455 4931 2644 5002 ὀργῆς.

344 4923 549 4990 ἐχεται.

483 4941 549 5006 ει.
636 4926 650 4966 ί
697 4926 782 4980 ἴσ.
809 4927 909 5006 oti):
936 4926 1236 5000 ἀνεξόμεθα
1261 4926 1542 5003 πρότερον.

345 5007 634 5063 φρονησαι.

712 5006 736 5034 ιι
765 4996 879 5052 καί.

3429 4859 3587 4910 ὶιάν-

2729 4929 2745 4969 1
2797 4931 2974 4984 ἔναντι
3002 4929 3222 5002 ταύτης.
3339 4941 3376 4969 ω
3413 4945 3584 4983 κατα-
