4048 6210
547 311 640 327 _
666 315 2430 328 W
2442 293 3590 331 ——————.——.=_
3741 317 3796 328 '—

547 311 2120 328 _——-—_——_—_-_——_—_——_—

2170 311 3244 329 ——-—————-——-————_.———7
2973 311 2981 312 ί
3077 311 3122 312 ί⁷ί⁷
3139 311 3582 334 ῖίῂίῒΞςζ-Ϊα,
3563 325 3578 334 ,,
3620 311 3634 312 7
3653 311 3796 328 i7;—

1643 420 1813 464 ANNO
1859 417 2077 462 DOMINI
2118 417 2625 462 CD‘XXV-CDXLIV

1305 854 2101 963 EPHESINUS
2197 853 2973 962 EPISCOPUS

1859 1152 2404 1243 NOTITIA.

1621 1318 1819 1372 (Oriens
1843 1317 2163 1378 Christianus,
2188 1322 2306 1369 tom.
2329 1317 2370 1377 ῐ,
2395 1318 2488 1366 col.
2515 1318 2624 1366 677.
2631 1322 2650 1379 )

573 1528 819 1585 Celebris
862 1537 946 1584 est
993 1527 1298 1585 Memnonis
1335 1527 1536 1598 Ephesi
1587 1527 1830 1598 episcopi
1872 1529 1926 1584 in
1965 1531 2225 1587 Ecclesiae
2266 1531 2418 1586 fastis
2460 1528 2746 1594 memoria,
2787 1545 2898 1599 quo
2942 1530 3166 1587 sedente
3209 1535 3449 1605 synodus
3485 1537 3788 1606 Ephesina

510 1625 774 1695 generalis
804 1625 990 1682 habita
1021 1634 1105 1680 est
1131 1638 1275 1677 anno
1305 1623 1399 1677 451
1429 1623 1823 1693 Nestoriusque
1847 1624 2142 1680 haereticus
2168 1625 2512 1696 proscriptus
2541 1624 2673 1690 fuit;
2699 1631 2755 1678 et
2783 1639 2905 1678 cum
2937 1625 3180 1694 potiores
3208 1625 3328 1696 ejus
3351 1636 3472 1698 post
3497 1629 3788 1699 Cyrillum

508 1716 930 1772 Alexandrinum
963 1718 1018 1771 in
1050 1717 1142 1772 illo
1181 1732 1339 1772 sacro
1379 1727 1652 1773 conventu
1690 1719 1916 1785 fuerint,
1953 1721 2082 1778 hinc
2107 1722 2403 1777 Orientalis
2432 1721 2687 1775 dioecesis
2720 1721 3100 1792 episcoporum
3138 1722 3324 1778 odium
3362 1725 3554 1790 subiit,
3591 1743 3789 1796 eoque

508 1811 698 1883 magis,
726 1813 873 1882 quod
912 1813 1116 1867 nullam
1149 1812 1230 1866 eis
1265 1811 1554 1867 ecclesiam
1596 1811 1652 1866 in
1687 1813 1823 1869 urbe
1863 1829 1982 1879 sua,
2021 1822 2211 1884 utpote
2238 1831 2267 1868 a
2293 1813 2534 1885 legitima
2576 1812 2782 1883 synodo
2812 1813 3025 1877 alienis,
3057 1825 3426 1879 concesserat,
3450 1816 3505 1871 in
3541 1835 3654 1887 qua
3689 1819 3784 1872 di-

507 1902 632 1958 vina
665 1907 922 1974 mysteria
956 1913 1300 1974 peragerent.
1342 1904 1630 1958 Jactabant
1664 1905 1719 1958 in
1752 1921 1901 1969 eum,
1936 1904 2083 1975 quod
2111 1905 2336 1975 triginta
2365 1903 2674 1972 episcopos,
2710 1904 2820 1957 imo
2845 1905 3204 1976 quadraginta
3233 1923 3299 1962 cx
3323 1910 3470 1974 Asia,
3499 1909 3782 1963 undecim

505 2010 534 2048 c
569 1995 905 2066 Pamphylia,
945 2005 1056 2050 tum
1101 2005 1243 2058 astu,
1288 2002 1401 2048 tum
1446 2003 1592 2048 metu
1647 1995 1901 2050 inductos
1935 1995 2211 2065 Ephesum
2253 1994 2562 2048 aceivisset.
2604 1992 2871 2059 Quocirca
2916 1993 3279 2066 Memnonem,
3305 2010 3366 2056 ut
3406 2012 3462 2057 et
3492 2003 3779 2074 Cyrillum

506 2099 616 2152 pra:
659 2087 798 2150 aliis,
835 2087 1246 2166 lalasententia
1293 2089 1602 2145 sacerdotio
1647 2091 1894 2160 privatos
1938 2090 2232 2158 dixerunt;
2273 2104 2437 2160 quam
2478 2097 2660 2143 tamen
2696 2098 2886 2142 sancta
2924 2092 3165 2160 synodus
3203 2095 3474 2164 susdeque
3511 2096 3778 2149 habitam

504 2179 790 2233 confestim
817 2167 1060 2237 rescidit.
1089 2185 1332 2254 Egerunt
1362 2184 1440 2238 illi
1477 2184 1622 2252 apud
1656 2185 1994 2254 Ephesiuum
2034 2195 2287 2241 senatum
2317 2193 2372 2239 et
2393 2185 2611 2254 plebem
2641 2193 2700 2238 ut
2725 2184 2954 2240 antistes
2987 2185 3124 2239 alter
3145 2201 3244 2254 pro
3274 2185 3560 2240 Memnone
3589 2187 3776 2256 elige-

505 2281 657 2326 retur
683 2291 695 2327 :
731 2274 868 2329 nihil
898 2292 1029 2332 vero
1059 2277 1433 2332 confecerunt.
1465 2278 1579 2332 Hoc
1609 2295 1779 2341 unum
1813 2279 1882 2333 ab
1917 2279 2249 2348 imperatore
2283 2277 2666 2341 obtinuerunt,
2697 2284 2756 2330 ut
2785 2278 3070 2332 sementim
3094 2293 3255 2347 quam
3285 2279 3544 2341 tulerant,
3576 2278 3774 2347 aliqua

504 2366 641 2419 ratio
666 2367 984 2436 haberetur;
1017 2386 1076 2426 re
1101 2387 1231 2426 vero
1255 2372 1452 2426 melius
1481 2374 1718 2443 cognita,
1747 2375 2005 2444 princeps
2030 2374 2230 2429 litteris
2257 2373 2401 2428 datis
2427 2372 2694 2444 synodum
2717 2373 2899 2437 solvit,
2925 2372 3295 2443 Cyrillumquc
3328 2383 3382 2426 et
3411 2373 3770 2427 Memnonem

503 2458 617 2512 suis
644 2459 901 2516 Ecclesiis
931 2464 1300 2520 restituendos
1326 2467 1723 2536 pronuntiavit.
1759 2467 1956 2522 Multos
1987 2483 2160 2521 annos
2183 2466 2390 2538 synodo
2414 2475 2696 2536 superstes
2727 2466 2979 2521 Mcnmon
3011 2466 3133 2520 fuit.
3161 2465 3280 2521 Act.
3307 2465 3342 2518 2
3367 2467 3558 2537 synodi
3588 2465 3768 2521 Chal-

500 2555 826 2611 cedonensis
857 2558 1144 2630 Philippus
1168 2559 1806 2630 Constantinopolitanus
1841 2562 2130 2632 presbyter
2163 2562 2504 2616 Memnonem
2537 2577 2566 2613 a
2591 2559 3193 2628 Constantinopolitano
3225 2559 3422 2612 throno
3457 2558 3764 2613 conﬁrma-

499 2658 613 2704 tum
651 2649 820 2706 fuisse
848 2651 986 2705 dixit
1019 2671 1030 2706 :
1074 2653 1170 2706 καὶ
1208 2655 1446 2725 Μέμνων
1476 2655 1576 2708 ωδε
1609 2655 1932 2726 ἐϐεϐαιώθη.
1978 2656 2120 2711 Bassi

2170 2673 2292 2720 nus,
2317 2656 2410 2725 qui
2437 2664 2567 2709 tunc
2591 2654 2658 2709 de
2688 2654 2962 2723 Ephesina
2995 2654 3124 2708 sede
3155 2669 3278 2708 cum
3311 2651 3592 2722 Stephano
3617 2668 3761 2706 con-

499 2739 776 2804 tendebat,
804 2741 914 2795 vim
949 2741 1052 2796 sibi
1083 2757 1112 2795 a
1140 2742 1424 2798 Memnone
1451 2743 1722 2799 clamabat
1759 2745 2000 2809 allatam,
2029 2755 2089 2800 ut
2119 2747 2417 2800 Evazorum
2449 2744 2740 2814 episcopus
2769 2754 3209 2810 consecraretur,
3239 2758 3346 2814 quo
3374 2742 3560 2814 procul
3591 2743 3764 2800 ﬁeret

499 2831 734 2903 Epheso,
757 2833 813 2886 in
840 2847 944 2901 qua
973 2833 1042 2887 ab
1073 2834 1330 2888 omnibus
1361 2834 1667 2889 amabatur.
1697 2837 1858 2890 Plura
1888 2835 1954 2889 de
1987 2834 2274 2890 Memnone
2303 2850 2409 2888 non
2442 2844 2764 2888 occurrunt.

501 2992 738 3003 ~-—-——
743 2996 1172 3004 w———o—--’.
1181 2997 2308 3006 ..Ἡ-Μ..-
2315 2999 2386 3005 ——-.—
2393 2999 2416 3004 -
2428 2997 2784 3006 --~———-—--——-—

964 3140 1608 3232 MEMNONIS
1682 3139 2267 3252 EPISTOLA
2341 3138 2489 3225 AD
2562 3137 3043 3228 CLERUM
3120 3072 3298 3228 cp.

1771 3319 1966 3382 (Μλπει,
1992 3313 2195 3376 Concil.,
2221 3317 2300 3376 ιν,
2328 3316 2486 3379 “57.)

501 3535 815 3606 Exemplum
841 3534 1071 3606 epistola:
1098 3549 1127 3585 a
1157 3530 1802 3606 MemnoneEphesiorum
1831 3533 2067 3603 episcopo
2097 3538 2120 3593 ,Δ

2174 3526 2702 3606 Ἴσον-ἐπιστρέῆς
2727 3525 3057 3606 γραφείσης
3071 3528 3249 3606 empti
3265 3530 3584 3606 _Mép1:qroc
3605 3531 3768 3584 ἐπι-’

670 3596 739 3658 ad
767 3596 965 3658 clerum
991 3596 1633 3671 Constantiuopolitaitum
1663 3596 1892 3672 scripta}.
2003 3596 2012 3603 ’

2241 3602 2479 3654 σκόπου
2543 3599 2800 3666 Ἐφέσου
2839 3596 2987 3666 πρὸς
3023 3598 3128 3651 τὸν
3171 3596 3398 3669 κλῆροὶ
3428 3603 3741 3655 [furatur-

2247 3671 2412 3724 τίνου
2449 3671 2698 3734 πόλεως.

563 3780 771 3847 Quanta
813 3788 1037 3850 propter
1062 3795 1246 3833 veram
1276 3779 1744 3850 orthodoxamque
1774 3781 1871 3836 Dei
1908 3779 2069 3835 iidem

492 3873 548 3927 in
582 3871 943 3942 Ephesiorum
975 3873 1194 3927 civitate
1226 3872 1472 3941 quotidie
1512 3874 1815 3942 patiamur,
1862 3873 1916 3928 id
1951 3889 2067 3928 scr-

492 3981 655 4020 mone
691 3964 951 4034 explicari
984 3979 1093 4018 non
1118 3972 1316 4033 potest.
1346 3963 1671 4018 Turbationi
1694 3965 1838 4018 enim
1879 3965 2069 4018 turba-

493 4058 572 4112 tio
600 4056 804 4126 absque
832 4057 942 4111 ulla
976 4055 1382 4110 intermissione
1413 4057 1678 4111 succedit.
1707 4057 1858 4111 Fidei
1889 4066 2070 4112 tamen

491 4149 576 4204 vis
604 4156 660 4202 et
702 4143 974 4203 confessio
1006 4147 1237 4200 multum
1273 4147 1433 4201 nobis
1465 4156 1525 4202 ut
1556 4150 1788 4203 viriliter
1811 4149 1926 4203 haec
1947 4164 2068 4203 sus-

494 4242 799 4306 tineamus,
848 4239 1063 4294 roboris
1108 4238 1279 4292 addit.
1324 4238 1541 4292 Etenim
1587 4238 2067 4310 magniﬁcentissi-

491 4347 613 4387 mus
657 4347 841 4387 comes
883 4329 1253 4387 Candidianus
1298 4331 1501 4387 milites
1547 4331 1820 4386 interdum
1862 4332 1917 4386 in
1967 4347 2070 4388 nos

490 4422 792 4487 concitans,
817 4429 984 4477 totam
1011 4421 1286 4476 civitatem
1314 4421 1836 4477 tumultuationibus
1856 4423 2066 4492 implet,

489 4513 843 4584 omniumque.
875 4513 1036 4568 simul
1068 4513 1193 4567 vitm
1219 4514 1654 4569 necessariorum
1685 4513 2067 4583 importatione

490 4623 588 4676 per
620 4605 924 4661 custodiam
956 4619 1056 4659 nos
1081 4605 1277 4674 privat.
1312 4605 1494 4660 Multis
1521 4605 1685 4660 etiam
1716 4606 1978 4675 permittit
2011 4606 2067 4660 in

490 4712 594 4752 nos
623 4706 678 4752 et
705 4697 757 4751 in
787 4707 1027 4752 sanctam
1067 4695 1332 4767 synodum
1371 4697 1728 4751 contumelias
1749 4697 2032 4752 effundere
2051 4739 2065 4762 ,

491 4786 752 4854 Zeuxippi
788 4786 982 4841 incolis
1032 4787 1343 4856 depositum
1381 4787 1691 4842 Nestorium
1738 4803 1860 4842 cum
1895 4789 2068 4842 multa

2243 3781 2344 3840 Οἷα
2374 3785 2462 3839 διὰ
2506 3783 2603 3855 τὴν
2644 3783 2817 3855 ἀληθῆ
2865 3782 3046 3836 πίστιν
3099 3783 3200 3853 τῆς
3236 3782 3540 3854 όρθοδοξίας
3567 3792 3592 3820 °
3618 3783 3741 3838 καθ’

2173 3879 2407 3949 ἑκάστην
2437 3875 2781 3946 ὑπομένομεν
2807 3877 2866 3928 ὲν
2898 3875 3130 3945 Ἐφέσῳ,
3157 3875 3277 3928 οὐδὲ
3298 3875 3436 3946 λόγῳ
3463 3877 3743 3944 παραστῆ-

2173 3987 2264 4024 σαι
2293 3969 2536 4021 δυνατόν.
2570 3967 2793 4036 Ταραχὴ
2827 3964 2936 4035 γὰρ
2975 3964 3220 4037 ταραχὴν
3255 3963 3547 4026 ἀπαύστως
3569 3965 3740 4017 διαδέ-

2171 4077 2346 4132 χεται.
2390 4057 2594 4128 Πολλὴν
2623 4058 2677 4111 δὲ
2709 4059 2840 4128 ἡμῖν
2880 4055 3121 4108 εὐτονίαν
3172 4055 3402 4126 παρέχει
3451 4054 3545 4108 τοῦ
3573 4054 3742 4108 ταῦτα

2172 4154 2358 4224 φέρειν
2397 4150 2656 4222 γενναίως
2685 4153 2717 4220 ἡ
2752 4153 2853 4220 τῆς
2882 4149 3121 4212 πίστεως
3149 4149 3409 4218 ὁμολογία
3445 4148 3538 4201 καὶ
3572 4147 3738 4217 ἰσχύς.
3827 4144 3838 4150 ”

2172 4246 2312 4300 Ποτὲ
2365 4244 2461 4316 μὲν
2511 4244 2621 4314 γὰρ
2675 4244 2703 4295 ὁ
2751 4240 3329 4311 μεγαλοπρεπέστατος
3377 4240 3554 4309 κόμης
3595 4241 3740 4292 Κανο

2171 4333 2402 4395 διδιανδς
2427 4371 2442 4394 ,
2473 4331 2729 4384 ἐπισείων
2770 4332 2902 4400 ἡμῖν
2947 4330 3072 4392 τοὺς
3114 4327 3484 4399 στρατιώτας,
3515 4329 3606 4382 καὶ
3641 4327 3740 4397 τὴν

2172 4424 2326 4478 πόλιν
2349 4422 2594 4492 ταραχῆς
2628 4419 2936 4490 ἐμπιπλῶν,
2968 4418 3062 4471 καὶ
3089 4417 3306 4470 πάντων
3340 4415 3472 4486 ὁμοῦ
3497 4416 3603 4469 τῶν
3631 4420 3742 4468 tm-

2169 4515 2396 4587 τηδείων
2421 4514 2520 4583 τῆς
2548 4511 2862 4581 εἰσκομιδῆς
2893 4508 3213 4578 ἀποστερῶν
3235 4508 3322 4561 διὰ
3352 4507 3452 4577 τῆς
3486 4524 3740 4578 παραφυ-

2169 4610 2359 4677 λακῆς,
2390 4606 2619 4668 πολλοὺς
2645 4605 2701 4657 δὲ
2733 4600 3031 4672 συγχωρῶν
3057 4599 3243 4671 ὕϐρεις
3275 4601 3562 4668 καταχέειν
3585 4597 3740 4668 ἡμῶν

2168 4715 2228 4750 τε
2253 4697 2346 4749 καὶ
2376 4695 2474 4765 τῆς
2499 4693 2658 4762 ἁγίας
2688 4689 2903 4744 συνόδου
2935 4690 3132 4759 πάσης,
3167 4689 3276 4741 τῶν
3306 4687 3608 4753 Ζευξίππου
3638 4703 3742 4737 πα-

2175 4785 2518 4862 ραμενόντων
2539 4782 2618 4853 τῷ
2647 4782 2861 4854 καθῃρη
2870 4781 3014 4850 μένῳ
3036 4780 3330 4850 Νεστορίῳ,
3344 4781 3436 4831 καὶ
3457 4779 3547 4830 ἐπὶ
3561 4777 3743 4846 *τούτῳ

493 4877 827 4932 rusticorum
854 4878 1012 4933 turba
1042 4878 1498 4943 custodientibus,
1525 4879 1618 4948 qui
1654 4879 1722 4933 ad
1763 4879 1815 4933 id
1841 4885 2066 4934 aluntur
2098 4882 2120 4929 ί

2170 4879 2533 4948 τρεφομένων,
2565 4874 2658 4927 καὶ
2688 4873 2822 4926 πολὺ
2867 4871 3068 4942 πλῆθος
3103 4882 3130 4920 ιι
3164 4870 3436 4942 χωρικῶν,
3485 4870 3594 4924 ἀπὸ
3630 4869 3741 4921 τῶν

493 4969 750 5024 Ecclesia:
789 4970 1044 5039 pecunia,
1092 4981 1148 5026 et
1187 4986 1285 5040 per
1316 4987 1454 5040 quos
1482 4971 1731 5026 convicia
1765 4973 2065 5042 jactantur.

494 5059 642 5113 llanc
675 5076 839 5130 porro
885 5060 1232 5116 insolentiam
1276 5072 1332 5117 et
1377 5063 1758 5127 temeritatem,
1790 5063 2068 5132 quotidia-

489 5165 696 5220 nasque
717 5151 906 5207 Irenaei
931 5152 1452 5223 magniﬁcentissimi
1475 5154 1690 5208 comitis
1714 5154 2066 5223 imposturas,

2168 4957 2634 5040 ἐκκλησιαστικῶν
2653 4966 2968 5038 κτημάτων,
2992 4966 3086 5018 καὶ
3106 4964 3173 5017 δι’
3190 4964 3414 5017 ἐκείνων
3434 4963 3531 5027 τὰς
3554 4962 3743 5032 ὕϐρεις

2166 5062 2558 5131 καταχεόντων.
2596 5059 2877 5125 Διεδέξατο
2919 5059 3012 5110 καὶ
3039 5059 3139 5128 τὴν
3169 5057 3575 5128 προειρημένην
3607 5056 3746 5108 ἀτα-

2166 5151 2307 5217 ξίαν,
2330 5150 2424 5202 καὶ
2450 5147 2544 5202 τοῦ
2575 5144 3159 5218 μεγαλοπρεπεστάτου
3187 5145 3426 5215 κόμητος
3447 5142 3742 5214 Είρηναίου

490 5244 692 5312 quibus
713 5245 1073 5315 simpliciores
1095 5245 1476 5310 circumvenit,
1500 5245 1715 5315 excepit
1737 5244 2066 5299 Antiocheni

2170 5243 2261 5313 τὴν
2305 5239 2676 5312 καθημερινὴν
2718 5240 2934 5309 ἀπάτην
2979 5239 3091 5292 τῶν
3126 5236 3522 5306 ἀφελεστέρων,
3570 5235 3661 5287 καὶ
3699 5236 3736 5304 ἠ

488 5335 728 5404 episcopi
759 5337 1064 5406 praesentia.
1110 5336 1249 5391 Cum
1294 5337 1443 5391 enim
1484 5345 1670 5391 sancta
1709 5335 1947 5407 synodus
1969 5335 2067 5390 ad-

492 5433 714 5479 ventum
762 5428 935 5498 ips’tus
965 5439 1222 5499 appetere
1265 5428 1643 5493 intellexisset,
1676 5428 1961 5492 honorem,
2007 5437 2063 5482 et

2173 5335 2268 5388 τοῦ
2310 5332 2627 5400 Ἀντιοχέων
2673 5331 2974 5384 ἐπισκόπου
3009 5329 3298 5399 παρουσία.
3333 5325 3595 5381 Μαθοῦσα
3629 5324 3742 5394 γὰρ

2169 5429 2202 5496 ἡ
2264 5423 2396 5493 ἁγία
2446 5422 2662 5485 σύνοδος
2717 5421 2815 5491 τὴν
2880 5421 3179 5492 μέλλουσαν
3232 5417 3394 5473 αὑτοῦ
3447 5415 3742 5487 ἐπιδημίαν

1571 5570 1739 5626 Varia:
1768 5569 2033 5624 lectiones
2065 5566 2272 5623 codicis
2297 5563 2660 5636 chuieriani.

565 5680 590 5712 ⁰
625 5673 722 5730 τοῦ
749 5676 880 5730 Θεοῦ
909 5678 1106 5744 πίστιν,
1134 5681 1230 5750 τὴν
1263 5681 1434 5754 ἀληθῆ
1459 5701 1514 5736 τε
1547 5685 1640 5738 καὶ
1668 5683 1962 5756 ὀρυόδοξον.
2043 5694 2068 5733 P
2106 5683 2190 5739 ἴσ.
2235 5682 2328 5735 καὶ
2363 5676 2556 5732 πολλοῦ
2591 5676 2844 5748 πλήθους.
