4048 6210
275 244 424 302 1665

1263 243 1619 301 MEMNO‘NIS
1654 245 1987 302 EPISTOLA
2033 247 2124 304 AD
2160 249 2443 306 CLERUM
2480 249 2583 306 ΟΡ.

3394 249 3533 305 1466

274 365 649 437 γενήσεσθαι,
701 363 916 436 τιμῶσα
942 405 958 430 ,
1030 365 1127 419 καὶ
1159 365 1220 419 τὸ
1259 369 1744 440 κεχρεωστημένον
1795 371 1862 441 τῇ

1973 387 2129 442 quam
2169 373 2415 443 oportuit
2449 369 2715 427 sacerdoti
2751 369 3152 424 observantiam
3185 365 3538 438 impendens,

279 457 556 530 ἱερωσύνῃ
576 469 604 508 <1
633 455 942 528 πληροῦσα,
991 457 1279 510 ἀπέστειλέ
1308 475 1463 522 τινας
1499 469 1522 497 ι’
1546 460 1652 512 τῶν
1681 460 1864 530 θεοφιιο

276 550 559 604 λεστάτων
582 549 895 602 ἐπισκόπων
936 547 1074 619 μετὰ
1105 548 1200 602 καὶ
1227 549 1638 605 εὑ).α6εστάτων
1671 553 1866 623 κληρι-

278 642 401 695 κῶν
439 643 520 705 είς
553 641 853 710 ὑπάντησιν
883 637 1051 694 αὑτοῦ
1085 649 1132 678 ³ο
1169 640 1261 694 δύο
1294 640 1464 695 ταῦτα
1493 643 1742 708 ποιοῦσα,
1773 649 1866 698 καὶ

279 733 386 803 τὴν
411 731 902 802 κεχρεωστημένην
939 729 1223 802 πληροῦσα
1268 733 1453 803 τιμὴν,
1503 735 1597 788 καὶ
1639 733 1867 788 ποιοῦσα

281 819 540 889 φανερὸν,
588 819 665 884 ὡς
692 821 896 888 ὀφείλει
938 821 1036 892 τὴν
1070 821 1202 892 πρὸς
1235 822 1528 893 Νεστόριον
1579 822 1867 892 συντυχίαν

281 909 648 978 φυλάξασθαι,
681 911 768 964 διὰ
795 912 856 964 τὺ
879 911 1026 982 παρά
1056 915 1156 983 τῆς
1184 913 1345 980 ἁγίας
1375 913 1594 966 συνόδου
1622 911 1868 984 καθῃρῆ-

283 1000 412 1054 σθαι
436 1001 598 1053 αὑτὸν
625 1002 725 1073 τῆς
749 1003 1002 1068 ἀσεϐείας
1030 1003 1223 1068 ἕνεκα,
1253 997 1322 1074 ἦς
1357 1003 1687 1074 ὲμελέτησεν
1713 1004 1758 1056 ⁸.
1792 1003 1865 1056 Οὑ

282 1091 732 1162 συγχωρηθέντες
765 1094 821 1147 δὲ
868 1094 1018 1165 παρὰ
1048 1094 1158 1148 τῶν
1199 1095 1482 1165 ἑπομένων
1517 1095 1666 1164 αὐτῷ
1702 1112 1866 1164 στρα-

278 1179 493 1232 τιωτῶν
528 1180 669 1234 κατὰ
696 1181 796 1250 τὴν
823 1182 938 1235 ὁδὸν
973 1181 1122 1252 αὑτῷ
1153 1186 1481 1254 περιτυχεῖν,
1520 1183 1673 1236 οὐδὲν
1705 1179 1867 1256 ἦττον

278 1269 680 1342 ἠκολούθησαν,
713 1272 804 1326 καὶ
832 1273 930 1338 τὴν
967 1273 1143 1326 οἰκίαν
1175 1273 1306 1327 ἔνθα
1351 1274 1615 1328 κατέλυσε
1637 1317 1650 1340 ,
1686 1291 1870 1328 κατει-

279 1361 490 1432 λήφασι
515 1403 531 1427 ,
559 1363 652 1416 καὶ⁵
699 1363 897 1427 πολλάς
943 1365 1528 1434 προσκαρτερήσαντες
1557 1363 1706 1436 ὧρας
1729 1405 1744 1430 ,
1773 1366 1868 1419 καὶ

286 1453 365 1523 μὴ
399 1453 844 1524 συγχωρηθέντες
882 1452 983 1522 τὴν
1020 1454 1156 1524 πρὸς
1185 1453 1347 1506 αὑτὸν
1377 1455 1708 1524 ποιήσασθαι
1744 1473 1868 1508 συν-

279 1544 495 1614 τυχίαν,
523 1543 742 1614 έμειναν
767 1543 954 1614 ὑϐρεις
978 1543 1362 1613 ὑπομένοντες.
1392 1545 1548 1597 Μετὰ
1575 1545 1630 1598 δὲ
1667 1546 1867 1610 πολλὰς

282 1635 454 1706 ὥρας,
485 1634 644 1688 τοῦτο
665 1634 820 1698 δόξαν
847 1633 1012 1704 αὑτῷ,
1053 1635 1438 1704 μετεστείλατσ
1463 1637 1590 1698 τοὺς
1619 1636 1866 1690 θεοσεϐε-

284 1727 516 1790 στάτους
539 1726 893 1788 ἐπισκόπους,
923 1727 1015 1778 καὶ
1053 1727 1181 1788 τοὺς
1216 1726 1644 1791 εὑλαϐεστάτους
1673 1728 1860 1798 κληρι-
1900 1725 1940 1777 Β

284 1821 439 1881 κοὺς,
491 1819 727 1886 εἰσάγων
769 1818 966 1880 αὑτοὺς
1011 1816 1100 1871 διὰ
1148 1817 1517 1888 στρατιωτῶν.
1559 1819 1650 1882 Ὦς
1697 1820 1753 1872 δὲ
1796 1819 1866 1874 τὰ

287 1910 440 1980 παρὰ
465 1909 565 1979 τῆς
591 1909 751 1976 ἁγίας
781 1907 1001 1960 συνόδου
1036 1909 1245 1978 φανερά
1284 1910 1651 1979 πεποιήκασιν
1685 1910 1860 1981 αὑτῷ,

285 1999 632 2070 συνεχώρησε
665 1999 756 2050 τὸν
813 1999 1398 2067 μεγαλοπρεπέστατον
1434 2000 1740 2070 Είρηναῖον,
1773 2002 1866 2054 καὶ

281 2092 412 2153 τοὺς
444 2091 540 2142 σὺν
577 2088 725 2158 αὑτῷ
769 2089 1100 2151 ἐπισκόπους
1127 2106 1188 2141 τε
1222 2090 1317 2142 καὶ
1365 2090 1694 2160 κληρικοὺς,
1727 2081 1889 2162 ἀφο-’

285 2182 486 2250 ρήτους
512 2178 774 2230 ἐπιθεῖναι
805 2177 1018 2248 πληγάς
1055 2181 1172 2241 τοῖς
1200 2179 1491 2250 ἡμετέροις
1523 2181 1864 2252 συλλειτουρ-

283 2269 425 2336 ⁴γοῖς,
461 2268 700 2330 καὶτοῖς
751 2267 1066 2336 κληρικοῖς,
1099 2268 1174 2330 ὡς
1217 2270 1312 2322 καὶ
1354 2269 1620 2335 κινδύνοις
1669 2273 1866 2336 αὑτοὺς

283 2357 708 2429 προσομιλῆσαι.
742 2357 959 2410 Τούτων
982 2357 1162 2410 τοίνυν
1188 2357 1591 2428 γεγενημένων,
1621 2379 1865 2432 παραγε-

283 2449 499 2518 νόμενοι
526 2451 604 2512 εἰς
625 2448 722 2518 τὴν
753 2447 916 2516 ἁγίαν
941 2448 1157 2502 σύνοδον
1182 2451 1229 2502 οί
1259 2450 1656 2513 ἀποσταλέντες
1686 2451 1868 2505 θεοσε-

284 2540 535 2594 ϐέστατοι
580 2539 902 2604 ἐπίσκοποι,
945 2541 1040 2594 καὶ
1074 2540 1174 2603 τὰς
1212 2541 1426 2612 πληγὰς
1461 2543 1824 2610 ἐπιδείξαντες
1846 2583 1864 2608 ,

283 2629 475 2682 καὶτὰ
505 2629 847 2700 γεγενημένα
871 2629 1286 2701 διηγησάμενοι,
1320 2633 1414 2684 ἐπὶ
1447 2634 1700 2703 πράξεως
1729 2635 1865 2686 ὑπο-

287 2719 590 2792 μνημάτων
636 2719 731 2772 τοῦ
767 2719 925 2785 ἁγίου
961 2721 1293 2788 Εὑαγγελίου
1338 2722 1705 2791 προκειμένου
1729 2762 1744 2786 ,
1787 2724 1868 2783 εἰς

285 2811 660 2881 ἀγανάκτησιν
690 2812 1048 2882 διανέστησαν
1068 2811 1166 2882 τὴν
1193 2811 1355 2879 ἁγίαν
1388 2811 1627 2864 σύνοδον·
1664 2813 1757 2864 καὶ
1786 2829 1869 2882 μι-

285 2903 420 2973 κρὸν
464 2902 626 2955 αὑτὸν
665 2901 1126 2974 σωφρονίζοντες,
1168 2900 1532 2972 ἀκοινώνητον
1563 2902 1724 2956 αὑτὸν
1769 2919 1867 2956 πεο

287 2994 574 3066 ποιήκασιο
597 2994 693 3046 καί⁵
716 2993 1006 3064 γεγένηται
1030 2991 1228 3062 αὑτῷή
1253 2993 1616 3063 ἀκοινωνησία
1638 3010 1770 3063 φανε
1781 2995 1865 3065 ρά.

290 3088 581 3156 Ἕγνωμεν
611 3085 756 3156 γὰρ,
804 3085 879 3147 ώς
921 3083 1203 3154 ἀνώνυμόν
1245 3101 1298 3137 τι
1345 3085 1442 3138 καὶ
1488 3085 1871 3157 ἀνυπόγραφον

288 3177 434 3232 κατά
473 3194 526 3230 τι
563 3177 728 3246 μέρος
766 3174 864 3244 τῆς
899 3175 1110 3238 πόλεως
1147 3175 1414 3246 προετέθη
1437 3214 1451 3238 ,
1481 3175 1676 3247 δηλοῦν
1707 3176 1870 3231 αὑτοῦ

287 3269 388 3339 τὴν
413 3267 639 3334 ἀταξίαν
669 3267 764 3320 καὶ
797 3266 1148 3320 ἀκανόνιστον
1179 3266 1403 3338 γνώμην
1438 3283 1452 3297 ·
1480 3267 1605 3321 καθ’
1636 3268 1873 3338 ἑκάστην

289 3359 348 3413 δὲ
382 3358 860 3430 προσκαλούμενος
887 3358 949 3411 τὸ
975 3358 1171 3428 σεμνὸν
1201 3358 1604 3428 βουλευτήριον,
1637 3360 1874 3420 καὶτοὺς

291 3450 730 3521 λαμπροτάτους,
766 3451 858 3503 καὶ
889 3450 950 3514 ἐξ
985 3449 1166 3502 αὑτῶν
1200 3458 1226 3486 ιι
1269 3449 1407 3518 μετὰ
1435 3449 1680 3517 ἀνάγκης
1709 3448 1879 3516 ψηφί-

296 3555 499 3612 σματα,
546 3541 688 3594 ὥστε
722 3542 802 3605 είς
842 3541 936 3594 τὸν
975 3540 1142 3593 τόπον
1187 3540 1278 3591 τὸν
1311 3538 1443 3606 ὲμὸν
1475 3538 1872 3608 χειροτονῆσαι.

307 3633 398 3698 Ὦς
428 3634 636 3694 πάντας
659 3633 786 3695 τοὺς
810 3629 1201 3691 κατοικοῦντας
1224 3627 1323 3698 τὴν
1353 3629 1530 3694 πόλιν,
1561 3630 1876 3702 όρθοδόξους

294 3727 681 3799 τυγχάνοντας,
707 3727 832 3788 τοὺς
857 3723 1180 3794 εὑκτηρίους
1212 3722 1598 3792 κατειληφέναι
1617 3724 1796 3786 οῖκους
1827 3733 1875 3787 ν,

297 3819 394 3875 καὶ
451 3819 511 3872 ἑν
551 3819 736 3880 αὑτοῖς
765 3816 956 3868 οίκεῖν’
992 3813 1080 3867 ἵνα
1127 3812 1204 3884 μὴ
1249 3815 1283 3884 ή
1320 3813 1527 3868 ἐκείνου
1580 3815 1879 3884 προπέτεια

298 3913 394 3965 καὶ
419 3911 770 3967 ἀκανόνιστος
798 3904 1076 3976 θρασύτης
1103 3907 1138 3976 ἡ
1165 3905 1254 3958 διὰ
1281 3905 1392 3959 τῶν
1417 3907 1777 3977 προθεμάτων
1801 3911 1880 3970 είς
1905 3951 1922 3958 -

299 4002 458 4072 ἔργον
480 4001 619 4072 ἀχθῇ
641 4000 740 4070 τῆς
764 3999 974 4070 φήμης.
1001 3997 1164 4051 Ὅθεν
1189 3999 1284 4052 καὶ
1306 4001 1364 4053 ὲν
1389 3999 1465 4069 τῷ
1485 3999 1624 4068 ἁγίῳ
1662 3999 1882 4070 Ἰωάννῃ

300 4085 377 4156 τῷ
422 4086 780 4157 εὑαγγελιστῇ
841 4084 1118 4150 ἀνελθὼν,
1171 4085 1331 4140 τοῦτο
1387 4087 1713 4157 ὑπεμφήνας
1739 4126 1753 4150 ,
1807 4086 1882 4150 ὡς

298 4177 504 4247 ὀφείλει
532 4191 558 4220 ι
599 4177 759 4231 αὑτὸν
786 4179 900 4231 ἐκεῖ
923 4177 1320 4248 χειροτονῆσαι,
1355 4177 1564 4242 στάσιν,
1597 4178 1689 4231 καὶ
1709 4192 1878 4247 ταρα-

303 4270 403 4342 χὴν
423 4279 451 4318 γ
472 4269 548 4341 τῷ
572 4271 723 4341 τόπῳ
752 4271 975 4341 ἐποίησε
1000 4279 1048 4333 ι,
1082 4272 1176 4323 καὶ
1211 4271 1348 4340 μετὰ
1373 4269 1607 4340 πλήθους
1635 4271 1883 4324 ἀτάκτων

1966 463 2230 533 quosdam
2257 463 2366 516 Deo
2393 461 2779 516 dilectissimos
2827 459 3112 529 episcopos
3154 473 3276 511 cum
3302 456 3538 511 nonnul-

1965 553 2033 607 lis
2058 569 2275 622 quoque
2310 552 2731 621 religiosissimis
2763 549 2981 606 clericis
3013 545 3227 602 obviam
3257 548 3332 619 illi
3369 548 3534 612 misit,

1966 642 2083 695 haec
2121 641 2232 696 duo
2273 641 2508 704 faciens,
2538 655 2733 711 nempe
2774 649 2830 694 et
2872 637 3116 692 debitum
3160 636 3239 690 illi
3275 637 3538 691 honorem

1965 731 2242 792 deferens,
2272 731 2541 800 simulque
2571 738 2630 784 ut
2677 746 2706 784 a
2750 727 3010 792 Nestorii,
3041 736 3263 796 propter
3289 727 3540 794 impieta-

1969 829 2076 874 tem
2117 837 2279 890 quam
2309 822 2589 892 professus
2629 821 2828 883 fuerat.
2853 837 2884 874 a
2906 828 3095 873 sancta
3129 817 3334 889 synodo
3369 818 3539 886 depo-

1967 912 2058 966 siti
2099 913 2375 982 colloquio
2409 928 2466 966 se
2504 912 2826 975 abstineret,
2857 925 2985 965 cum
3025 908 3538 964 commonefaeiens.

1966 1002 2103 1058 Cum
2151 1012 2335 1057 autem
2386 1003 2618 1057 militum
2667 1003 2929 1057 comitatu
2978 1000 3226 1070 impediti
3272 1015 3398 1053 eum
3445 1015 3544 1068 per

1966 1092 2109 1147 viam
2133 1092 2336 1162 alloqui
2370 1107 2480 1146 non
2511 1101 2762 1162 possent;
2791 1092 3152 1145 nihilominus
3193 1098 3373 1143 tamen
3402 1104 3544 1158 pone

1967 1182 2036 1237 ad
2069 1182 2217 1237 illius
2257 1183 2623 1237 diversorium
2671 1198 2845 1252 usque
2879 1181 3160 1236 consecuti
3189 1190 3336 1234 sunt.
3362 1179 3546 1234 Multis

1968 1288 2150 1333 autem
2174 1277 2326 1331 horis
2353 1275 2426 1330 ibi
2449 1275 2847 1347 praestolantes,
2875 1290 3054 1343 neque
3081 1272 3246 1326 ullam
3270 1273 3388 1343 ejus
3411 1287 3545 1327 eon-

1967 1369 2220 1424 veniendi
2252 1367 2462 1438 COpiam
2503 1368 2753 1422 obtinere
2781 1367 3045 1429 valentes,
3082 1365 3316 1418 militum
3348 1372 3545 1417 contu-

1969 1461 2148 1515 meliis
2196 1459 2417 1514 interim
2456 1459 2698 1523 onerati,
2737 1458 2924 1512 tandiu
2969 1463 3324 1519 manserunt,
3373 1454 3548 1508 donec

1969 1551 2423 1622 postdiuturnam
2459 1565 2689 1614 moram,
2715 1564 2840 1603 cum
2869 1547 3125 1602 videlicet
3157 1546 3229 1600 ita
3265 1545 3341 1598 illi
3371 1545 3546 1598 visum

1966 1645 2076 1714 jam
2108 1650 2272 1706 esset,
2316 1642 2592 1711 piissimos
2636 1641 2944 1709 episcopos,
2997 1637 3548 1708 religiosissimosque

1968 1735 2201 1790 clericos
2246 1733 2575 1797 accersitos,
2623 1747 2722 1801 per
2772 1731 2973 1784 milites
3017 1729 3084 1783 ad
3136 1744 3193 1783 se
3229 1727 3544 1782 introducit.

1967 1827 2328 1896 Posteaquam
2363 1840 2492 1880 vero
2518 1839 2638 1893 qua:
2667 1839 2696 1877 a
2725 1833 2913 1878 sancta
2951 1821 3156 1892 synodo
3183 1821 3237 1874 in
3274 1818 3549 1874 mandatis

1967 1918 2266 1982 habebant,
2301 1917 2378 1970 illi
2403 1915 2802 1985 exposuissent,
2827 1930 2924 1983 per
2949 1911 3548 1982 magnificentissimum

1967 2009 2223 2064 comitem
2267 2008 2556 2070 Irenzeum,
2587 2015 2922 2074 caeterosque
2954 2004 3048 2072 qui
3110 2018 3236 2056 cum
3287 2003 3405 2072 ipso
3449 2001 3548 2054 ad-

1966 2099 2446 2168 erant,episcopos
2469 2107 2630 2167 atque
2650 2096 2902 2158 clericos,
2924 2093 3297 2148 intolerabiles
3324 2091 3552 2145 eorumi-

1966 2183 2157 2245 nistris
2179 2191 2385 2245 nostris
2413 2189 2633 2244 clericis
2660 2187 2841 2257 plagas
2869 2185 3057 2240 inferri
3091 2183 3362 2254 permisit,
3389 2182 3462 2236 ita
3491 2193 3550 2236 ut

1969 2285 2024 2338 in
2054 2283 2220 2355 (vitae)
2250 2293 2470 2352 quoque
2494 2281 2789 2335 discrimen
2819 2276 3039 2332 adducti
3071 2275 3294 2328 fuerint.
3324 2273 3420 2326 llis
3446 2273 3550 2326 ita-

1967 2392 2075 2446 que
2107 2374 2418 2435 transactis,
2450 2372 2681 2443 piissimi
2712 2369 2956 2440 episcopi
2982 2368 3075 2436 qui
3119 2367 3185 2420 ad
3217 2366 3368 2419 illum
3400 2363 3550 2417 missi

1969 2467 2205 2529 fuerant,
2237 2465 2302 2520 ad
2343 2473 2586 2519 sanctam
2621 2461 2888 2532 synodum
2915 2458 3230 2517 redeuntes,
3259 2455 3550 2523 plagasque

1969 2559 2075 2612 sibi
2101 2555 2383 2625 impositas
2407 2553 2779 2611 ostendentes,
2813 2556 2868 2602 et
2893 2563 3012 2616 quae
3041 2545 3354 2599 acciderant
3379 2559 3550 2610 expo-

1969 2655 2197 2707 nentes,
2249 2643 2316 2696 ad
2370 2638 2890 2695 commentariorum
2944 2636 3214 2689 actionem
3272 2631 3551 2702 proposita

1970 2741 2160 2788 sancto
2192 2729 2508 2800 Evangelio,
2544 2736 2786 2781 sanctam
2821 2723 3087 2795 synodum
3121 2724 3188 2776 ad
3220 2720 3550 2791 indignatio-

1968 2838 2097 2877 nem
2125 2825 2559 2876 commoverunt.
2593 2816 2712 2870 Jam
2755 2829 2888 2868 vero
2932 2812 3183 2866 nonnihil
3219 2811 3365 2865 illius
3406 2810 3553 2863 inso-

1970 2912 2196 2968 lentiam
2230 2909 2588 2971 refrenantes,
2632 2922 2756 2962 eum
2785 2902 3335 2958 excommunicationi
3368 2899 3555 2970 subje-

1972 3012 2188 3068 cerunt,
2214 3016 2336 3072 quae
2365 3009 2421 3054 et
2446 2999 2548 3069 ipsi
2573 2997 2892 3053 denuntiata
2921 3005 3024 3050 est.
3056 2994 3384 3063 Accepimus
3407 2993 3554 3047 enim

1972 3095 2236 3165 scriptum
2267 3091 2564 3162 quoddam,
2599 3097 2810 3144 eertum
2858 3087 3006 3141 illius
3053 3085 3378 3140 temeritatis
3431 3083 3555 3138 ille-

1973 3185 2284 3257 gitimzeque
2321 3181 2568 3253 ejusdem
2610 3177 2896 3235 sententia:
2943 3183 3362 3247 argumentum,
3404 3175 3558 3231 nullo

1973 3285 2127 3333 certo
2150 3284 2372 3330 auctore
2394 3272 2626 3334 editum,
2651 3270 2799 3324 nulla
2826 3267 3231 3335 subscriptione
3261 3266 3556 3327 munitum,

1975 3371 2033 3423 in
2063 3369 2298 3438 quadam
2331 3365 2570 3420 civitatis
2601 3371 2758 3431 parte
2793 3360 2962 3413 fuisse
2994 3359 3362 3428 propositum.
3409 3357 3557 3422 Quo-

1977 3458 2109 3513 tidie
2129 3465 2314 3511 autem
2335 3452 2710 3508 venerandum
2747 3456 2998 3504 senatum
3050 3447 3559 3516 illustrissimosque

1978 3545 2168 3619 (cives)
2196 3545 2263 3599 ad
2295 3560 2353 3600 se
2387 3556 2642 3604 evocans,
2672 3554 2866 3609 magna
2897 3537 3310 3608 importunitate
3348 3535 3560 3606 ﬂagita-

1977 3640 2092 3703 bat,
2123 3646 2185 3692 ut
2207 3650 2398 3691 eorum
2434 3631 2710 3702 suffragiis
2742 3629 2883 3684 alius
2910 3629 2965 3682 in
2993 3644 3175 3682 meum
3203 3627 3382 3682 locum
3414 3627 3562 3681 ordi-

1978 3737 2205 3785 naretur
2252 3721 2607 3798 (episcopus),
2661 3729 2720 3776 ut
2762 3735 2953 3775 omnes
2985 3719 3275 3775 orthodoxi
3323 3718 3563 3772 civitatis

1979 3819 2173 3874 incola:
2197 3816 2432 3872 oratoria
2455 3820 2809 3882 occuparent,
2832 3811 3018 3880 ibique
3044 3825 3164 3865 sese
3185 3809 3559 3872 continerent,

1980 3926 2049 3964 ne
2081 3910 2227 3964 illius
2255 3906 2534 3962 temeritas
2558 3912 2614 3959 et
2638 3903 2883 3958 nefarius
2913 3917 3082 3955 ausus
3107 3900 3327 3970 publice
3365 3914 3564 3968 propo-

1981 4003 2120 4056 situs
2141 3999 2308 4070 (quod
2329 3997 2476 4067 vulgi
2497 4010 2753 4050 sermone
2776 3989 3289 4063 circumferebatur)
3307 3991 3562 4044 effectum

1979 4092 2291 4147 sortiretur.
2336 4088 2490 4145 Unde
2520 4087 2589 4142 ad
2627 4086 2801 4141 sancti
2831 4085 3058 4140 Joannis
3090 4082 3437 4152 evangelista:
3465 4081 3563 4134 ba-

1981 4184 2192 4239 silicam
2217 4180 2535 4244 ascendens,
2562 4187 2618 4233 et
2647 4176 2793 4247 quod
2823 4175 3026 4230 ibidem
3055 4173 3411 4228 ordinaturus
3437 4187 3564 4226 eum

1982 4282 2146 4337 esset,
2183 4272 2486 4340 divulgans,
2519 4269 2845 4324 seditionem
2875 4265 3469 4332 tumultuationemque
3501 4280 3567 4317 eo

301 4360 662 4432 ὡπλισμένων
693 4360 954 4424 ἀνελθὼν,
987 4362 1062 4425 ώς
1085 4361 1180 4415 καί
1209 4379 1362 4425 τινας
1389 4361 1500 4414 τῶν
1523 4363 1703 4414 ἐκεῖσε
1735 4378 1880 4414 πτω-

1982 4367 2040 4420 in
2071 4366 2192 4420 loco
2217 4361 2530 4419 concitavit.
2562 4360 2730 4413 Tanta
2763 4373 3000 4427 namque
3033 4363 3372 4409 armatorum
3415 4354 3565 4406 inso-

305 4451 423 4522 χῶν.
445 4451 729 4523 ἡμιθανεῖς
759 4452 983 4522 ποιῆσαι
1007 4469 1022 4483 ·
1057 4451 1152 4506 καὶ
1181 4451 1256 4515 ὡς
1284 4452 1563 4523 ὑϐρισθεὶς
1593 4452 1746 4524 παρά
1770 4451 1880 4504 τῶν

305 4546 516 4607 ἐκεῖσε,
551 4544 851 4616 ἀνήνεγκεν
901 4545 997 4596 ἐπὶ
1042 4543 1220 4614 φθόνῳ
1266 4543 1364 4614 τῆς
1418 4544 1582 4613 ἁγίας
1633 4544 1873 4597 συνόδου.

306 4635 690 4700 Καταξιώσατε
701 4636 898 4699 τοίνυν,
912 4634 1215 4699 ὁσιώτατοι,
1233 4635 1412 4688 πᾶσαν
1426 4635 1658 4706 σπουδὴν
1672 4633 1882 4699 θέσθαι,

309 4729 400 4782 καὶ
421 4729 520 4800 τὴν
542 4728 818 4791 ἀπόνοιαν,
846 4728 940 4782 καὶ
967 4728 1320 4781 ἀκανόνιστον
1346 4727 1573 4797 γνώμην
1609 4729 1882 4794 Ἰωάννου,

311 4821 404 4874 καὶ
432 4820 540 4874 τῶν
570 4821 668 4874 σὺν
701 4819 848 4890 αὐτῷ
876 4818 1258 4889 δημοσιεῦσαι,
1292 4819 1428 4890 πρὸς
1457 4818 1518 4871 τὸ
1541 4831 1565 4860 α
1614 4820 1708 4873 καὶ
1753 4821 1882 4883 τοὺς

315 4910 923 4982 μεγαλοπρεπεστάτους
950 4907 1196 4977 κόμητας
1231 4905 1481 4960 ἐντεῦθεν
1507 4906 1879 4977 ἀναχωρῆσαι,

312 5005 434 5067 τοὺς
463 5003 585 5057 καθ’
636 5001 848 5072 ἡμέραν
893 4999 1258 5071 ταράττοντας
1304 4999 1404 5069 τὴν
1454 4998 1608 5051 πόλιν
1644 4999 1736 5051 καὶ
1789 4997 1887 5068 τὴν

315 5095 514 5157 πίστιν,
550 5094 636 5146 ῖνα
679 5094 753 5163 μὴ
807 5094 871 5146 ὲκ
905 5091 1264 5162 συναρπαγῆς
1309 5089 1515 5144 τούτων
1562 5089 1885 5142 νοθεύωνται

313 5187 380 5240 τὰ
411 5187 508 5256 τῆς
543 5187 799 5248 πίστεως.

1979 4457 2209 4511 lentium
2240 4453 2591 4508 multitudine
2624 4451 2919 4506 comitatus
2959 4446 3227 4509 ascendit,
3265 4454 3325 4499 ut
3355 4445 3568 4513 aliquos

1985 4550 2062 4604 ibi
2094 4545 2525 4602 mendicantium
2573 4542 2878 4598 semineces
2924 4538 3212 4607 reliquerit
3252 4553 3265 4590 :
3309 4544 3365 4588 ct
3411 4535 3568 4603 quasi

1984 4639 2214 4694 atl'ectus
2257 4635 2449 4690 fuisset
2483 4633 2681 4704 injuria
2716 4631 2785 4685 ab
2818 4631 2886 4684 iis
2919 4629 3012 4698 qui
3062 4628 3134 4682 ibi
3169 4625 3374 4698 reperti
3417 4632 3568 4686 sunt,

1983 4737 2044 4783 ut
2069 4725 2277 4798 synodo
2304 4723 2564 4779 invidiam
2601 4721 2775 4791 possit
2798 4718 3036 4775 conflare
3071 4716 3235 4786 (apud
3269 4715 3571 4783 imperato«

1987 4834 2076 4874 res
2098 4816 2348 4889 etalios),
2367 4823 2704 4884 conquestus
2725 4822 2828 4867 est.
2857 4811 3058 4878 Quare,
3087 4806 3418 4863 sanctissimi
3445 4805 3569 4869 viri,

1988 4910 2136 4964 onmi
2169 4907 2416 4962 adhibito
2445 4904 2628 4960 studio
2661 4903 2911 4973 satagite,
2949 4911 3010 4956 ut
3053 4914 3252 4954 vesana
3292 4913 3355 4952 ac
3397 4906 3572 4951 teme-

1985 4999 2127 5052 raria
2171 4996 2394 5053 Joannis
2442 4994 2829 5062 sociorumque
2877 4992 3028 5048 illius
3079 4989 3349 5044 sententia
3395 4987 3570 5056 palam

1986 5087 2079 5141 fiat
2099 5126 2112 5147 .
2152 5082 2788 5155 magnificentissimique
2821 5080 3070 5143 comites,
3099 5077 3192 5148 qui
3219 5075 3465 5146 quotidie
3489 5075 3569 5128 ci-

1987 5180 2210 5232 vitatem
2253 5190 2309 5232 et
2355 5177 2518 5231 fidem
2551 5174 2918 5238 conturbant,
2969 5171 3098 5228 hinc
3140 5169 3454 5235 discedant;
3499 5181 3569 5221 ne

314 5277 507 5333 callida
539 5291 729 5332 eorum
762 5273 1138 5344 subreptione,
1175 5288 1297 5343 qua:
1327 5272 1454 5328 ﬁdei
1495 5282 1644 5336 sunt,
1674 5269 1971 5326 adulterari
2013 5270 2313 5338 contingat.

1385 5427 1556 5482 Varim
1585 5427 1848 5482 lectiones
1884 5423 2090 5479 codicis
2117 5422 2478 5493 Seguicriani.

385 5577 428 5645 ιιΔ
453 5569 548 5636 τῆς
579 5564 905 5645 ἱερωσύνης,
935 5564 968 5633 ἢ
998 5565 1236 5645 εἰρήνης.
1269 5633 1298 5645 Α
1319 5574 1338 5600 τ
1375 5565 1454 5626 είς
1482 5563 1802 5645 ἀπάντησιν.
1875 5572 1906 5645 ‘5

321 5649 346 5680 ν
372 5639 588 5701 τόπους.

669 5646 692 5673 ι
733 5629 1026 5705 ὑποὶρῆναι,
1161 5629 1412 5703 ὀφείλειν.
1494 5642 1521 5680 θ’
1551 5629 1764 5694 στάσεις
1805 5633 1896 5685 καὶ
1928 5629 2190 5700 ταραχὰς.

2682 5557 2696 5589 ι
2773 5552 3139 5622 ὡμολόγησεν.
3218 5565 3242 5593 ιι
3319 5553 3562 5618 ἐξαιτῶν.

1984 5561 2063 5620 εἰς
2093 5558 2398 5626 ὑπόμνησιν
2428 5555 2594 5624 αὑτῷ.

2707 5635 2730 5664 ⁸
2769 5622 2901 5694 πρὸς
2937 5623 3032 5692 τῷ.

2272 5639 2290 5663 ¹
2326 5626 2628 5696 ἐνεποίησε.
