4048 6210
550 281 3833 351 κζ’-’Μ

1773 408 1944 454 ANNO
1987 411 2209 458 DOMINI
2249 414 2581 461 CDXXXVIII

846 533 1519 767 ACACIUS
1596 545 2532 778 MELITENES
2634 554 3521 797 EPISCOPUS

1914 934 2444 1026 NOTITIA.

1793 1059 1989 1122 (Oriens
2012 1060 2335 1126 Christianus,
2366 1065 2403 1126 l,
2433 1067 2565 1129 ιιι.)

617 1243 818 1301 Exorta
858 1222 1178 1303 Nestoriana
1201 1247 1415 1314 lfazresi,
1456 1250 1739 1308 catholica:
1762 1253 2025 1312 doctrina:
2057 1269 2241 1328 partes
2273 1262 2515 1332 suscepit
2553 1264 2784 1319 Aeacius
2822 1266 3125 1333 Melitenes,
3166 1279 3328 1340 atque
3357 1287 3546 1326 eorum
3576 1290 3702 1343 quze
3756 1277 3818 1331 in

547 1330 819 1402 Ephesina
846 1337 1052 1407 synodo
1094 1346 1245 1408 gesta
1277 1351 1426 1407 sunt,
1463 1360 1589 1414 pars
1617 1362 1809 1417 magna
1850 1348 1955 1403 fuit
1985 1369 1998 1405 :
2032 1354 2177 1409 unde
2211 1330 2451 1411 Joannes
2486 1357 2865 1416 Antiochenus
2901 1378 3025 1417 cum
3066 1380 3162 1418 sua
3201 1364 3561 1421 Orientalium
3596 1371 3821 1439 synodo

547 1426 857 1481 sacerdotio
890 1429 1043 1483 illum
1079 1439 1135 1485 et
1169 1434 1556 1490 communione
1598 1437 1855 1505 privavit.
1889 1442 2199 1498 Alexander
2233 1446 2695 1517 Hierapolitanus,
2730 1453 2963 1520 epistola
2996 1471 3117 1523 qua:
3147 1456 3339 1512 Latine
3369 1470 3544 1515 exstat
3575 1478 3700 1531 cap.
3744 1464 3818 1515 87

546 1516 888 1575 collectionis
915 1538 981 1577 ex
1016 1520 1301 1595 Tragtedia
1330 1529 1540 1593 lrenmi,
1566 1531 1749 1586 aiebat
1772 1532 2031 1590 Acacium
2067 1538 2394 1606 praedicasse
2419 1541 2680 1597 Deitatem
2700 1562 2762 1598 ea:
2782 1546 2955 1601 Maria
2982 1550 3211 1618 genitam
3239 1560 3288 1603 et
3314 1561 3597 1606 mortuam.
3619 1555 3816 1609 Acacii

547 1605 601 1659 in
644 1607 917 1666 Theodori
957 1613 1323 1683 Mopsuesteni
1374 1620 1659 1675 erroribus
1705 1624 2021 1693 relegendis
2069 1605 2533 1699 traducendisque
2584 1633 2829 1687 studium
2874 1605 3134 1694 eximium
3182 1642 3381 1698 litteris
3424 1645 3538 1700 suis
3568 1646 3820 1716 Cyrillus

543 1698 863 1764 celebravit,
898 1704 1099 1775 illeque
1128 1707 1267 1764 adeo
1296 1710 1351 1763 in
1383 1712 1524 1765 vivis
1547 1713 1743 1783 agebat
1771 1714 1954 1769 adhuc
1983 1732 2130 1771 anno
2153 1718 2257 1772 458
2284 1736 2295 1772 :
2323 1722 2481 1791 cujus
2511 1737 2722 1777 sacram
2750 1726 3071 1781 memoriam
3107 1729 3276 1787 Graeci
3307 1733 3360 1787 in
3395 1734 3614 1789 Menaeis
3645 1752 3819 1790 reco—

540 1794 665 1849 lunt
707 1796 796 1852 die
834 1799 899 1853 i7
938 1800 1145 1870 Aprilis
1178 1822 1189 1857 :
1224 1803 1330 1857 Τοῦ
1375 1808 1432 1860 ὲν
1465 1808 1642 1875 ἁγίοις
1683 1810 1898 1879 Πατρὸς
1945 1811 2104 1881 ἡμῶν

2218 1813 2886 1886 κακίου,άρχιεπισκόπου
2927 1821 3256 1893 Μελιτηνῆς,
3312 1825 3407 1877 τοῦ
3457 1826 3817 1897 Θαυματουρ-

543 1887 667 1958 γοῦ.
689 1888 746 1945 8.
787 1893 850 1949 Ρ.
887 1894 955 1949 Ν.
986 1896 1189 1965 Acacii,
1221 1900 1595 1973 archiepiscopi
1625 1903 2324 1980 Melitenes,thaumaturgi.

562 2051 3140 2088 -—-———————_____._____._______________

1197 2169 1708 2255 ΛΚΑΚΙΟΥ
1780 2172 2456 2263 ΕΠΙΣΚΟΠΟΥ
2529 2182 3187 2275 ΜΕΛΙΤΗΝΗΣ

1669 2315 1912 2371 OMIAIA
1938 2318 2279 2373 ΑΕΧΘΕΙΣΑ
2313 2319 2406 2376 EN
2431 2323 2666 2397 ΕΦΕΣῼ.

1391 2532 1722 2617 ACACII
1810 2538 2280 2618 EPlSCOPl
2363 2540 2955 2621 MELITENES

1690 2679 2008 2740 HOMILIA
2050 2680 2323 2740 EPHESI
2362 2680 2667 2741 HABITA.

1127 2802 1165 2830 ’
1830 2803 2028 2868 (MANSI,
2068 2803 2274 2865 Concit.,
2308 2804 2368 2866 V,
2398 2803 2528 2868 181.)

603 3012 933 3071 Cernentem
959 3032 1065 3082 me,
1090 3019 1298 3085 dilecti,
1328 3022 1511 3078 laetum
1535 3025 1681 3082 hunc
1706 3029 2117 3103 Spiritalemquc
2152 3045 2194 3100 Α

535 3119 707 3159 sacra:
733 3107 925 3169 svnodi
959 3125 1298 3177 consessum,
1342 3117 1597 3184 gaudium
1631 3120 1793 3175 simul
1826 3132 1883 3177 ct
1919 3124 2118 3181 fiducia

535 3191 706 3247 subit.
730 3194 1001 3250 Gaudium
1027 3200 1251 3267 quidem
1280 3221 1292 3255 :
1319 3220 1443 3258 nam
1472 3222 1593 3262 cum
1618 3212 1861 3265 omnium
1886 3215 1989 3268 sim
2019 3218 2120 3271 mi-

534 3285 720 3341 nimus
748 3287 804 3341 in
834 3290 1072 3345 maximo
1096 3293 1201 3348 hoc
1221 3296 1501 3365 sapientiae
1522 3302 1732 3372 pelago,
1760 3312 1978 3360 tenuem
2004 3324 2118 3363 ser-

535 3378 714 3433 monis
747 3380 996 3451 cymbam
1046 3385 1319 3440 moderari
1361 3393 1635 3447 contendo
1669 3394 1910 3452 :ﬁducia
1953 3414 2113 3464 vero,

534 3472 681 3539 quod
712 3474 894 3543 magni
926 3474 1005 3529 illi
1050 3477 1340 3535 seditionis
1376 3482 1576 3540 ﬂuctus
1612 3490 1927 3557 propediem
1957 3493 2116 3547 seda—

537 3562 764 3629 buntur,
791 3567 1195 3638 Dominiczeque
1226 3573 1377 3641 pacis
1406 3558 1771 3646 tranquillitas
1797 3582 1865 3635 ad
1893 3585 2116 3638 univcr-

536 3654 703 3709 salem
726 3657 985 3713 Ecclesia:
1008 3669 1209 3715 emtum
1234 3665 1457 3720 redibit.
1489 3667 1544 3721 Si
1568 3670 1714 3723 enim
1741 3673 1956 3728 Domini
1983 3676 2119 3730 duo—

534 3745 713 3801 decim
747 3765 976 3804 numcro
1006 3751 1285 3823 discipuli,
1324 3773 1449 3811 cum
1485 3758 1703 3814 illorum
1740 3764 1896 3818 navis
1922 3774 2115 3819 vento-

536 3853 659 3892 rum
685 3839 891 3909 impetu
920 3844 1156 3912 graviter
1181 3854 1523 3914 quatcretur,
1550 3850 1642 3904 ubi
1668 3852 1904 3921 primum
1929 3855 2115 3908 Domi-

535 3947 666 3985 num
692 3932 1105 4003 invocaverunt,
1130 3940 1312 3993 statim
1342 3948 1718 4011 tempestatem
1743 3954 2037 4001 evaserunt
2060 3948 2074 3978 ‘
2100 3966 2112 4001 :

534 4033 741 4093 quanto
766 4030 938 4097 magis
968 4030 1071 4084 hoc
1098 4032 1275 4101 ipsum
1307 4050 1455 4089 nunc
1477 4034 1614 4090 citra
1647 4052 1865 4093 omnem
1901 4041 2118 4097 haesita-

535 4117 742 4173 tionem
773 4135 992 4189 sperare
1022 4125 1299 4188 convenit,
1326 4140 1450 4179 cum
1479 4135 1557 4181 tot
1586 4127 1839 4199 discipuli
1865 4134 1919 4185 in
1943 4150 2116 4189 unum

535 4211 846 4279 congregati
878 4211 1166 4265 Dominum
1195 4215 1430 4282 propriis
1453 4217 1680 4272 vocibus
1708 4219 1962 4275 ﬂectent?
1991 4239 2115 4278 cum

536 4316 764 4370 magnus
788 4311 843 4356 et
865 4302 1084 4371 sapiens
1110 4304 1446 4374 gubernator
1469 4308 1559 4362 hic
1580 4309 1755 4374 adest,
1783 4313 1879 4381 qui
1908 4315 2113 4369 nullam

534 4406 713 4461 neque
741 4401 1054 4459 ventorum,
1084 4411 1263 4467 neque
1295 4400 1657 4467 procellarum
1687 4406 2110 4461 commotionem
2149 4387 2188 4440 Β

534 4483 812 4549 formidat,
839 4486 933 4540 sed
962 4503 1153 4557 magna
1178 4504 1303 4543 cum
1328 4490 1652 4549 dexteritate
1677 4494 1855 4549 socios
1877 4498 2112 4567 remiges

535 4576 603 4630 ad
650 4576 861 4631 clavum
909 4580 1154 4645 adhibet,
1203 4582 1490 4653 ipsumque
1527 4596 1587 4642 ut
1632 4586 1792 4641 simul
1827 4598 2112 4658 capessant

535 4667 869 4735 persuadens
896 4678 951 4723 ct
988 4685 1182 4741 magna
1206 4675 1562 4729 consonantia
1589 4676 1657 4730 ad
1690 4679 1980 4733 Dominum
2005 4681 2113 4735 cla-

537 4773 687 4812 mare
708 4774 813 4813 non
848 4770 1025 4815 cessat
1052 4780 1063 4815 :
1101 4782 1117 4812 ε
1139 4764 1390 4828 Domine,
1423 4782 1531 4819 non
1557 4767 1623 4820 ad
1651 4776 1701 4822 te
1726 4771 2108 4841 pertinetquia

534 4851 781 4921 perimus
808 4854 859 4905 '?
892 4873 908 4903 ι
937 4852 1038 4918 Qui
1081 4870 1214 4910 voce
1258 4857 1408 4909 illius
1439 4859 1621 4912 statim
1660 4876 1812 4925 usus,
1846 4878 1954 4917 non
1994 4866 2111 4920 sine

535 4940 908 5011 increpatione
953 4959 1220 4999 saevorum
1271 4947 1437 5001 maris
1487 4948 1749 5003 ﬂuctuum
1800 4969 1813 5005 :
1865 4973 1882 5004 ι
1934 4954 2109 5019 Tace,

535 5030 732 5100 inquit,
755 5041 809 5087 et
829 5034 1147 5091 obmutesce
1171 5037 1211 5090 ³.
1245 5056 1262 5087 ι
1291 5038 1858 5109 Congruentissimum
1880 5046 2111 5113 proinde

532 5131 618 5177 est
652 5131 709 5177 ut
737 5123 805 5178 de
833 5126 1087 5193 praesenti
1127 5143 1315 5182 rerum
1359 5137 1502 5183 statu
1546 5132 1750 5187 rectius
1791 5149 2108 5203 speremus,

534 5211 859 5283 debitasque
904 5215 1203 5284 gratiarum
1248 5218 1492 5273 actiones
1538 5220 1649 5274 Deo
1698 5225 2107 5293 persolvamus;

534 5304 976 5374 quandoquidem
1012 5315 1332 5376 tempestas,
1363 5326 1483 5378 quae
1515 5311 1778 5369 adversus
1823 5318 2109 5375 veritatem

615 5391 635 5423 ⁸
669 5393 858 5448 Matth.
892 5411 1001 5460 xxv,
1024 5396 1216 5451 25-52.
1294 5400 1313 5430 ²
1351 5399 1514 5455 Marc.
1552 5418 1623 5467 Iv,
1659 5404 1745 5458 58.
1824 5408 1844 5437 ³
1893 5408 2031 5465 Ibid.
2081 5413 2167 5468 59.

2303 3030 2530 3106 Ὀρῶντί
2563 3047 2674 3102 μοι,
2706 3031 3003 3101 ἀγαπητοὶ,
3021 3031 3082 3084 τὸ
3104 3031 3329 3103 φαιδρὸν
3351 3033 3509 3087 τοῦτο
3528 3037 3617 3089 καὶ
3638 3054 3810 3093 πνευ-

2223 3125 2453 3197 ματικὸν
2485 3126 2585 3194 τῆς
2637 3123 2799 3191 ἁγίας
2850 3124 3069 3177 συνόδου
3127 3126 3435 3195 συνέδριον,
3488 3129 3696 3199 χαίρειν
3737 3150 3807 3186 τε

2218 3220 2354 3291 ὁμοῦ
2384 3220 2679 3289 ἐπέρχεται
2725 3218 2819 3272 καὶ
2847 3217 3092 3290 Θαρῤεἰν.
3127 3220 3352 3290 Χαίρειν
3395 3222 3512 3291 μὲν,
3551 3226 3630 3276 ὅτι
3658 3226 3801 3279 πάν-

2218 3329 2325 3365 των
2357 3312 2642 3380 ἐλάχιστος
2672 3307 2747 3360 ὢν
2777 3312 2836 3362 ὲν
2870 3310 2947 3379 τῷ
2985 3310 3228 3381 μεγίστῳ
3268 3311 3441 3379 τούτῳ
3468 3317 3565 3383 τῆς
3608 3316 3802 3384 σοφίας

2219 3404 2451 3472 πελάγει
2480 3403 2541 3455 τὸ
2575 3402 2830 3472 πενιχρὸν
2852 3401 3011 3455 τοῦτο
3042 3401 3137 3454 τοῦ
3168 3402 3327 3470 λόγου
3364 3406 3566 3472 σκάφος
3599 3407 3800 3460 ἰθύνειν

2221 3495 2546 3564 ἐπείγομαι’
2602 3492 2823 3563 θαρρεῖν
2852 3491 2944 3555 δὲ,
2986 3492 3067 3543 ὅτι
3118 3491 3187 3543 τά
3230 3494 3328 3562 τῆς
3378 3495 3798 3559 ἐπαναστάσεως

2218 3586 2428 3655 ταχέως
2457 3585 2865 3657 θραυσθήσεται
2900 3583 3143 3653 κύματα,
3170 3583 3265 3636 καὶ
3296 3587 3361 3654 τῇ
3387 3584 3587 3654 γαλήνῃ
3622 3587 3647 3625 δ
3692 3590 3799 3657 τῆς

2218 3678 2312 3729 τοῦ
2371 3678 2579 3749 Κυρίου
2639 3679 2864 3748 εἰρήνης
2939 3676 3077 3747 πρὸς
3141 3674 3203 3728 τὸ
3263 3677 3626 3745 οίκουμενικδν
3685 3679 3796 3748 τῆς

2234 3767 2565 3837 Ἐκκλησίας
2601 3764 2921 3835 ἐπιστρέψει
2974 3763 3213 3830 πέλαγος
3244 3773 3291 3814 ο.
3324 3762 3387 3814 Εἰ
3435 3762 3543 3833 γὰρ
3589 3761 3798 3816 δώδεκα

2219 3859 2374 3921 ὄντες
2407 3857 2500 3912 τοῦ
2537 3858 2744 3929 Κυρίου
2799 3856 3065 3927 μαθηταὶ.
3113 3856 3202 3907 ὅτε
3248 3854 3427 3917 αὐτοῖς
3478 3854 3541 3906 τὸ
3589 3855 3796 3921 σκάφος

2221 3952 2325 4005 ὑπὸ
2372 3953 2471 4020 τῆς
2515 3950 2635 4021 βίας
2677 3949 2787 4003 τῶν
2838 3948 3057 4018 ἀνέμων
3096 3946 3422 4016 ὲκυμαίνετο
3448 3945 3500 4012 ἀ,
3548 3946 3686 4017 ὁμοῦ
3719 3946 3795 4017 τῷ

2224 4043 2416 4113 βοῆσαι
2453 4042 2589 4113 πρὸς
2620 4042 2850 4112 Κύριον,
2898 4039 3007 4092 τῶν
3050 4039 3322 4109 χειμῶνος
3366 4038 3787 4109 ἀπηλλάττοντο·

2223 4134 2376 4202 πόσῳ
2416 4132 2618 4202 μᾶλλον
2664 4131 2824 4185 τοῦτο
2869 4129 2963 4183 νῦν
3008 4131 3141 4200 ἡμῖν
3196 4128 3440 4191 ἐλπίζειν
3494 4129 3791 4197 άναμφίϐο-

2220 4225 2311 4278 λον
2336 4237 2382 4292 θ,
2433 4227 2521 4279 ὅτε
2564 4224 2812 4277 τοσοῦτοι
2839 4221 2932 4276 τοῦ
2977 4222 3181 4293 Κυρίου
3218 4220 3459 4291 μαθηταὶ
3508 4221 3792 4273 ὲπιτοαυτὺ

2223 4317 2648 4388 συνδραμόντες,
2689 4317 2810 4378 ταῖς
2842 4313 3074 4376 οἰκείαις
3104 4312 3554 4382 ἐκδυσωπήσουσι
3589 4313 3793 4379 ςωναίς

2217 4411 2308 4463 τὸν
2333 4410 2570 4479 Κύριον;
2612 4409 2693 4460 ὅτι
2730 4406 2747 4445 τ
2791 4407 2819 4458 ό
2851 4406 3024 4475 μέγας
3048 4397 3203 4468 οὗτος
3235 4403 3468 4473 πάρεστι
3501 4404 3595 4455 καί⁵
3629 4402 3791 4471 σοφὸς

2218 4502 2584 4572 κυϐερνήτης,
2630 4500 2754 4553 οὔτε
2793 4499 2910 4568 βίας
2946 4497 3164 4566 ἀνέμων
3204 4494 3623 4565 εὐλαϐούμενος,
3664 4492 3791 4546 οὔτε

2218 4595 2387 4665 ζάλης
2418 4592 2689 4664 ταραχὰς,
2752 4591 2889 4645 ἀλλὰ
2926 4589 3023 4642 σὺν
3066 4589 3233 4659 τέχνῃ
3279 4586 3447 4657 πολλῇ
3483 4588 3609 4648 τοὺς
3665 4602 3793 4637 συν·

2216 4706 2241 4742 ε
2253 4688 2419 4759 ρέταε
2434 4689 2462 4727 8
2479 4687 2570 4740 ἐπὶ
2585 4685 2645 4738 τὸ
2663 4684 2922 4755 πηδάλιον
2939 4682 3110 4750 ἄγων,
3134 4682 3229 4734 καὶ
3244 4680 3437 4733 τούτου
3458 4680 3795 4746 συνεφάπτε-

2218 4779 2341 4832 σΟαι
2387 4778 2609 4841 πείθων,
2647 4777 2742 4830 καὶ
2781 4775 2950 4845 πολλῇ
2997 4776 3064 4843 τῇ
3096 4771 3385 4843 συμφωνία
3411 4771 3549 4841 πρὸς
3576 4770 3666 4822 τὸν
3693 4773 3795 4821 Δε-

2217 4871 2427 4940 σπότην
2465 4869 2631 4940 βοῶν·
2669 4888 2687 4920 ι
2739 4870 2814 4923 Οὐ
2870 4868 3020 4935 μέλει
3062 4884 3177 4932 σοι,
3210 4867 3293 4919 ὅτι
3339 4862 3723 4933 ἀπολλύμεθα;
3770 4881 3786 4912 ι

2215 4962 2325 5014 Καὶ
2354 4961 2563 5031 ταχέως
2585 4962 2651 5030 τῇ
2687 4958 3001 5030 παράὑτοῦ
3029 4960 3179 5027 φωνῇ
3212 4957 3351 5028 πρὸς
3380 4956 3469 5009 τὸν
3499 4954 3662 5008 σάλον
3680 4953 3793 5007 τῶν

2215 5051 2475 5120 κυμάτων
2508 5051 2795 5114 δυσωπῶν,
2848 5051 3033 5118 λέγει·
3076 5069 3093 5101 ι
3150 5049 3371 5101 Σιώπα·
3409 5047 3719 5116 πεφίμωσο.
3768 5065 3787 5096 ι

2216 5142 2452 5213 Θαρρεἶν
2478 5138 2570 5197 οὖν
2609 5142 2703 5195 καὶ
2732 5142 3079 5212 εὐχαριστεῖν
3100 5142 3234 5210 ἡμῖν
3266 5138 3476 5191 ἔπεισιν
3501 5138 3527 5176 h
3552 5137 3647 5189 ἐπὶ
3677 5138 3791 5199 τοῖς

2216 5231 2481 5302 παροῦσιν
2521 5230 2927 5303 ἁρμοδιώτατον
2951 5247 2966 5262 ο
3002 5230 3084 5283 ὅτι
3106 5246 3212 5299 περ
3239 5231 3271 5298 ἡ
3305 5228 3505 5292 δόξασα
3526 5226 3669 5280 κατὰ
3688 5226 3790 5294 τῆς

2215 5325 2473 5396 ἀληθείας
2495 5324 2825 5395 γεγενῆσθαι
2856 5321 3161 5385 ἀντίπνοια,
3189 5320 3315 5383 τοὺς
3342 5319 3439 5389 τῆς
3461 5317 3792 5386 οἰκουμένης

1623 5498 1795 5556 Varizc
1824 5503 2085 5564 lectiones
2119 5511 2323 5566 codicis
2350 5493 2714 5580 Seguieriani,

574 5576 621 5670 b'
627 5578 746 5670 ‘10-“
758 5579 1060 5670 ﬁlatim}
1083 5586 1154 5670 τῇ
1178 5584 1382 5670 γαλήνῃ
1426 5589 1753 5668 ἦσυνέδριον
1816 5597 1839 5635 ιι
1873 5600 2133 5670 ἠλαύνετο

538 5649 568 5688 δ
598 5647 682 5703 ῑσ.
725 5648 919 5712 ἐπίσης
949 5647 1152 5707 deest"
1181 5647 1426 5712 iiwc'va
1452 5658 1506 5713 in
1546 5647 1652 5715 ms:

2193 5602 2468 5666 οὲλπίζειν
2497 5601 2643 5671 ἡμᾶς
2671 5598 3058 5670 ἀναμφίὸολον.
3144 5595 3159 5634 ί
3195 5595 3302 5648 ὅτε.
3360 5594 3384 5634 Β
3424 5588 3781 5662 συνεργάτας.
