4048 6210
301 266 436 323 ιιιιο

1316 256 1538 313 ΑυΑοιι
1572 254 1963 311 MELITENES
1993 254 2181 313 EPISC
2207 300 2221 314 .
2257 264 2562 317 llOMlLlA.

3401 263 3539 319 “’30

297 382 594 450 φωστῆρας
649 377 936 432 ὲπιτοαυτδ
982 377 1309 447 συνδραμεῖν
1354 372 1767 445 παρεσκεύασεν
1812 366 1863 409 ¹⁶

1981 379 2200 433 excitata
2225 378 2535 439 videbatur.
2565 389 2836 435 terrarum
2864 381 3015 436 orbis
3044 382 3251 437 lumina
3283 383 3336 436 in
3365 398 3534 436 unum

303 463 377 522 ὧν
420 472 449 524 6
479 471 577 540 μὲν
611 470 726 540 βίος
767 468 1005 540 Χριστοῦ
1040 468 1240 521 εὐωδία
1270 469 1386 521 ἐστὶ
1418 466 1495 537 τῷ
1539 464 1678 535 Θεῷ,
1723 464 1758 534 ή
1807 461 1864 515 δὲ

303 561 510 616 διάνοια
538 561 675 632 πρὸς
707 559 837 631 μίαν
866 560 964 614 καλ⁸
1002 560 1099 631 τὴν
1133 558 1304 630 αὑτὴν
1333 559 1431 629 τῆς
1459 556 1718 628 ἀληθείας
1744 572 1868 608 συν-

304 653 473 723 ῆπται
508 650 833 722 ὲκφώνησιν.
863 652 939 704 Οὑ
974 650 1084 721 γὰρ
1113 650 1251 705 ἄλλα
1283 650 1382 719 μὲν
1408 650 1534 712 τοὺς
1565 663 1866 719 προσερχο-

308 742 502 813 μένους
534 740 882 811 διδάσκομεν,
922 741 1055 795 ἄλλα
1083 741 1140 794 δὲ
1168 741 1294 812 περὶ
1328 739 1437 793 τῶν
1469 736 1869 808 διδασκομένων

305 831 661 901 πιστεύομενο
690 831 806 885 ἀλλ’
845 834 979 902 ἡμῖν
1013 827 1095 896 εἷς
1121 833 1324 901 Κυριος
1369 829 1575 902 Ἰησοῦς
1612 827 1867 898 Χριστὸς.

303 922 334 975 6
382 920 677 991 μονογενὴς
707 920 833 984 Υίδς
872 921 967 974 τοῦ
1005 921 1164 983 Θεοῦ,
1194 922 1328 985 Θεὸς
1367 921 1539 989 Λόγος
1591 920 1619 970 6
1672 918 1867 981 αὐτός’

304 1009 446 1080 πρὸι
487 1009 588 1079 μὲν
611 1010 834 1063 πάντων
854 1011 963 1063 τῶν
985 1010 1196 1065 αἰώνων
1228 1012 1292 1063 ὲκ
1328 1011 1490 1081 μόνου
1515 1010 1751 1081 Πατρὸς,
1781 1008 1869 1060 ἐπ’

304 1099 552 1169 ἐσχάτων
581 1100 639 1154 δὲ
680 1100 788 1155 τῶν
822 1100 1045 1172 ἡμερῶν
1087 1102 1146 1154 ὲν
1185 1104 1252 1172 τῇ
1284 1100 1379 1154 τοῦ
1423 1100 1609 1153 δούλου
1648 1102 1866 1171 μορφῇ·
1939 1103 1943 1107 ’

306 1189 417 1243 άνω
464 1190 625 1261 μόνος
669 1192 735 1244 ἐκ
785 1191 971 1261 μόνου,
1013 1191 1164 1244 κάτω
1226 1192 1387 1262 μόνος
1428 1193 1492 1244 ὲκ
1557 1192 1745 1263 μόνης.
1790 1191 1870 1245 Τά

305 1280 446 1334 αὑτά
473 1282 758 1353 ἀμφότερα
778 1280 804 1319 ¹ι
828 1281 1044 1346 θεῖκὼς,
1065 1282 1419 1355 ἀνθρωπίνως
1455 1283 1512 1337 δὲ
1533 1287 1598 1354 τῇ
1631 1284 1873 1354 ἡμετέρᾳ

308 1373 475 1444 σαρκὶ
503 1374 598 1426 καὶ
630 1372 919 1443 νηπιότητι
946 1372 1202 1444 τεχθῆναι
1222 1390 1236 1405 ·
1269 1375 1298 1427 6
1324 1374 1489 1438 αὑτὸς
1516 1374 1732 1444 ἀπαθὴς
1757 1373 1875 1428 θεό-

307 1477 451 1530 τητι,
501 1462 688 1516 παθὼν
723 1463 782 1517 δὲ
813 1463 956 1535 ὑπὲρ
1012 1465 1168 1535 ἡμῶν
1214 1464 1477 1529 ἑκουσίως
1524 1464 1725 1534 σαρκί·
1775 1468 1875 1519 οὑκ

308 1553 580 1617 ἀκουσίως
627 1553 726 1626 τὴν
751 1556 1088 1627 ὀἰκονομίαν
1148 1556 1462 1627 δεξάμενος,
1513 1556 1629 1610 ἀλλ’
1684 1555 1880 1610 ἑαυτὺὺ

309 1642 553 1708 κενώσας
572 1645 857 1713 ἑκουσίως,
903 1646 1086 1701 λαϐὼν
1132 1648 1232 1718 τὴν
1269 1647 1364 1701 τοῦ
1407 1647 1595 1700 δούλου
1637 1648 1870 1718 μορφήν.

309 1735 417 1788 Καὶ
442 1734 644 1803 λαϐὼν,
689 1737 777 1792 διὰ
803 1738 892 1802 τίς
927 1739 1013 1791 ἵνα
1044 1755 1105 1791 σε
1142 1717 1463 1809 σύμμορφον
1499 1736 1513 1776 ι
1546 1738 1642 1807 τῆς
1670 1738 1874 1802 οἰκείας
1908 1717 1949 1771 Β

305 1823 466 1895 δόξης
528 1825 867 1898 ἐργάσηται·
908 1828 1005 1882 καὶ
1063 1833 1333 1901 μαρτυρεῖ
1400 1828 1611 1893 Παῦλος
1661 1830 1871 1897 λέγων’

313 1935 334 1968 ι
375 1916 564 1985 Ἦμῶν
578 1918 636 1971 δὲ
654 1918 716 1971 τὸ
742 1917 1046 1991 πολίτευμα
1076 1922 1134 1972 ὲν
1157 1920 1404 1991 οὐρανοῖς
1435 1920 1669 1991 ὑπάρχει
1693 1936 1708 1950 ο
1728 1920 1786 1986 ἐξ
1813 1912 1875 1974 οῦ

308 2010 403 2063 καὶ
425 2011 654 2083 Σωτῆρα
672 2012 1081 2084 ἀπεκδεχόμεθα
1120 2014 1325 2086 Κύριον
1367 2014 1576 2087 Ἰησοῦν
1603 2015 1837 2085 Χριστόν
1856 2031 1871 2046 ·

308 2099 367 2164 ὃς
399 2104 871 2173 μετασχηματίσει
898 2104 958 2158 16
987 2106 1149 2176 σῶμα
1181 2106 1282 2177 τῆς
1307 2106 1688 2171 ταπεινώσεως
1719 2106 1877 2178 ἡμῶν

309 2189 390 2251 εἰς
441 2188 504 2241 16
554 2190 810 2257 γενέσθαι
862 2192 960 2245 καὶ
1008 2193 1142 2246 αὐτὸ
1188 2194 1511 2267 σύμμορφον
1545 2194 1623 2265 τῷ
1662 2194 1876 2266 σώματι

310 2278 408 2349 τῆς
435 2279 595 2353 δόξης
622 2289 664 2319 η
685 2281 871 2338 αὑτοῦ.
905 2302 922 2336 ι
969 2282 1029 2336 '0
1056 2284 1235 2339 τοίνυν
1261 2286 1523 2350 ἑκουσίως
1562 2285 1742 2341 λαϐὼν
1777 2288 1878 2359 τὴν

310 2367 406 2448 τοῦ
430 2369 615 2424 δούλου
651 2373 886 2445 μορφὴν,
926 2376 956 2428 6
985 2375 1085 2448 τὴν
1117 2375 1311 2430 ενωσιν
1353 2377 1427 2448 μὴ
1458 2380 1877 2450 παραιτησάμε-

312 2473 422 2520 νος,
471 2457 591 2521 πῶς
625 2460 693 2513 τὰ
730 2460 824 2514 τοῦ
869 2461 1057 2516 δούλου
1098 2466 1449 2537 παρῃτήσατο
1482 2469 1659 2540 πάθη;
1712 2470 1776 2524 Εἰ
1820 2469 1877 2523 δὲ

314 2549 690 2619 παρῃτήσατο,
741 2551 888 2616 τίνος
918 2553 1106 2609 ἕνεκεν
1154 2557 1402 2630 παθητὴν
1429 2554 1597 2614 οὖσαν
1635 2560 1734 2633 τὴν
1784 2561 1877 2616 τοῦ

308 2633 499 2688 δούλου
536 2637 751 2710 μορφὴν
771 2640 1175 2712 ἀνελάμϐανενς
1212 2648 1353 2701 Ἀλλ’
1392 2643 1546 2712 οὗτος
1576 2657 1605 2686 ιι
1638 2652 1700 2702 οὑ
1735 2668 1879 2721 παρ-

310 2722 571 2792 ῃτήσατο,
592 2725 674 2778 ὅτι
696 2725 880 2779 λαϐὼν
913 2731 1011 2800 τήν
1038 2731 1133 2784 τοῦ
1177 2732 1363 2786 δούλου
1399 2735 1609 2804 μορφὴν
1640 2737 1880 2805 ὑπήκοος

313 2811 522 2879 γίνεται
544 2831 557 2845 ·
581 2815 611 2867 6
657 2815 770 2870 ἄνω
816 2816 1191 2889 ὲξουσιαστὴς,
1224 2823 1373 2876 κάτω
1401 2824 1643 2895 ὑπήκοος
1663 2842 1675 2853 ·
1707 2828 1736 2878 6
1768 2825 1879 2879 ἀνω

316 2902 465 2968 Υἱὸς,
504 2908 657 2959 κάτω
681 2908 911 2963 παιδίον.
953 2910 1064 2963 Καὶ
1086 2913 1485 2982 ἀναμιμνήσκω
1524 2932 1582 2968 σε
1610 2918 1708 2986 τῆς
1743 2934 1877 2988 προ-

1967 471 2144 541 coegit
2170 488 2183 523 :
2208 486 2443 541 quorum
2463 471 2686 542 quidem
2716 472 2827 527 vita
2854 472 3031 527 bonus
3057 482 3141 527 est
3169 474 3369 528 Christi
3401 474 3538 528 odor

1967 561 2080 615 Deo
2102 560 2152 625 δς
2183 561 2455 616 sententia
2477 576 2607 616 vero
2635 561 2702 616 ad
2725 577 2890 616 unam
2911 561 3268 637 eamdemque
3290 561 3539 615 veritatis

1967 653 2410 723 praedicationem
2452 654 2792 724 conspirans.
2836 652 3025 722 Neque
3062 654 3209 707 enim
3252 654 3399 707 aliud
3442 668 3540 708 eos

1969 744 2063 815 qui
2098 760 2199 799 nos
2232 744 2435 825 adeunt
2459 745 2740 809 docemus,
2777 743 2926 798 aliud
2956 744 3023 798 de
3057 744 3221 798 rebus
3254 743 3386 812 ipsis
3417 758 3539 797 cre-

1970 838 2152 893 dimus
2194 856 2207 891 :
2241 837 2284 892 si
2317 838 2539 908 quidem
2588 855 2732 894 unus
2763 847 2847 895 est
2887 839 3046 893 nobis
3079 836 3343 890 Dominus
3385 835 3542 889 Jesus

1969 928 2250 995 Christus,
2300 930 2613 998 unigenitus
2669 931 2765 985 Dei
2814 930 3012 993 Filius,
3056 930 3200 983 Deus
3260 925 3538 982 Verbum:

1972 1021 2118 1076 idem
2146 1028 2271 1074 ante
2301 1020 2484 1073 omnia
2524 1020 2721 1074 saacula
2758 1035 2825 1074 ex
2856 1020 2972 1075 solo
3005 1020 3195 1083 Patre,
3230 1017 3375 1071 idem
3412 1031 3545 1068 rur-

1972 1129 2093 1169 sum
2116 1114 2173 1167 in
2202 1111 2517 1166 novissimis
2549 1112 2745 1166 diebus
2772 1111 2828 1165 in
2873 1112 3018 1166 servi
3062 1110 3266 1174 forma;
3298 1107 3447 1162 solus
3477 1123 3544 1162 ex

1974 1206 2090 1262 solo
2111 1221 2369 1277 superne,
2404 1205 2553 1260 solus
2590 1219 2809 1258 rursum
2833 1219 2899 1258 ex
2923 1204 3036 1258 sola
3063 1201 3301 1265 inferne;
3336 1207 3547 1252 utrum-

1972 1312 2079 1367 que
2101 1306 2285 1352 autem
2322 1296 2527 1358 divine,
2565 1294 2883 1349 humanitus
2912 1307 3066 1357 vero,
3100 1292 3246 1362 quod
3276 1291 3332 1344 in
3360 1297 3546 1344 nostra

1973 1403 2134 1444 carne
2160 1396 2214 1444 et
2240 1389 2466 1444 infantia
2498 1388 2716 1459 genitus
2753 1388 2825 1442 sit
2864 1403 2877 1439 :
2913 1386 3055 1440 idem
3085 1382 3437 1454 impassibilis
3464 1381 3549 1435 di-

1974 1480 2219 1544 vinitate,
2256 1495 2355 1550 pro
2379 1480 2542 1539 nobis
2565 1494 2698 1534 vero
2722 1485 2914 1548 sponte
2954 1492 3145 1546 passus
3167 1490 3331 1530 carne
3366 1475 3409 1537 ',
3435 1489 3545 1529 non

1975 1567 2340 1623 involuntarie
2361 1568 2822 1638 dispensationem
2840 1565 3163 1635 suscipiens,
3182 1563 3279 1617 sed
3302 1562 3545 1631 seipsum

1974 1658 2283 1714 voluntarie
2312 1660 2652 1723 exinanicns,
2681 1663 2933 1726 suscepta
2961 1654 3105 1710 servi
3151 1653 3324 1707 forma
3360 1654 3401 1706 °.
3438 1651 3547 1707 Sed

1977 1767 2076 1806 cur
2108 1752 2389 1821 suscepta?
2417 1759 2477 1805 ut
2519 1766 2630 1805 suae
2662 1758 2716 1804 te
2754 1748 2938 1819 gloriae
2963 1745 3299 1801 conformem
3324 1759 3550 1799 consor-

1976 1852 2197 1912 temque
2225 1842 2499 1898 redderet.
2533 1841 2591 1895 ld
2629 1839 2775 1911 quod
2809 1838 3102 1908 Apostolus
3129 1836 3395 1906 ejusmodi
3427 1848 3548 1891 ora-

1979 1935 2127 1991 tione
2158 1933 2318 1989 nobis
2348 1940 2605 1988 testatum
2630 1930 2760 1986 facit
2786 1947 2800 1983 :
2835 1949 2854 1980 ι
2891 1929 3107 1993 Nostra,
3135 1928 3229 1992 ait,
3259 1941 3551 1980 conversa-

1978 2026 2056 2080 tio
2073 2026 2128 2080 in
2149 2025 2304 2081 caelis
2323 2032 2426 2079 est.
2444 2023 2599 2080 Unde
2620 2024 2782 2077 etiam
2815 2021 3149 2076 Salvatorem
3171 2026 3550 2087 exspectamus

1976 2111 2266 2167 Dominum
2299 2112 2487 2168 Jesum
2521 2111 2825 2175 Christum,
2864 2110 2957 2179 qui
2994 2107 3317 2164 reformabit
3348 2120 3552 2174 corpus

1979 2205 2305 2261 humilitatis
2336 2213 2557 2268 nostrae,
2593 2202 2991 2274 configuratum
3032 2200 3251 2270 corpori
3286 2197 3551 2252 claritatis

1978 2312 2091 2351 sua:
2118 2297 2160 2351 ".
2192 2316 2210 2348 ι
2236 2295 2339 2362 Qui
2370 2296 2536 2366 igitur
2558 2294 2755 2349 servile
2785 2308 2983 2363 corpus
3011 2300 3206 2362 sponte
3231 2290 3547 2359 assumpsit,

1977 2403 2157 2458 neque
2191 2387 2342 2442 carni
2374 2386 2522 2441 uniri
2564 2385 2838 2440 ullatenus
2877 2382 3169 2446 recusavit,
3199 2380 3473 2450 quomodo
3505 2380 3553 2433 is

1979 2481 2208 2535 serviles
2230 2480 2591 2534 detrectasset
2613 2475 2930 2547 passiones?
2952 2473 3108 2539 Quod
3130 2472 3175 2525 si
3199 2471 3547 2533 detrectavit,

1979 2585 2241 2639 quorsum
2271 2567 2550 2636 patibilem
2574 2564 2714 2619 servi
2737 2566 2964 2616 formam
2994 2560 3269 2629 suscepit?
3293 2559 3399 2614 Sed
3430 2559 3552 2613 ideo

1979 2674 2089 2713 non
2120 2655 2412 2717 recusavit,
2436 2654 2562 2723 quia
2596 2659 2849 2721 suscepta
2881 2651 3023 2705 servi
3057 2650 3251 2715 forma,
3287 2650 3554 2705 obediens

1980 2747 2041 2802 fit
2064 2765 2077 2800 :
2104 2748 2151 2801 is
2180 2745 2275 2816 qui
2298 2753 2383 2799 est
2410 2745 2464 2798 in
2493 2744 2632 2799 ccelo
2659 2742 2986 2806 dominator,
3011 2742 3066 2795 in
3092 2742 3252 2797 terris
3274 2741 3448 2796 factus
3469 2748 3554 2797 est

1981 2839 2237 2895 subditus
2263 2856 2277 2892 :
2304 2837 2398 2907 qui
2423 2852 2659 2907 superne
2683 2843 2802 2890 erat
2820 2834 3011 2900 Filius,
3036 2834 3247 2890 inferne
3273 2834 3448 2889 factus
3470 2844 3554 2890 est

1980 2945 2149 3002 puer:
2179 2946 2304 2984 nam
2341 2939 2393 2984 te
2418 2929 2718 2999 prophetia:
2741 2928 2887 2982 illius
2920 2927 3208 2982 admoneo.
3232 2925 3373 2992 Quid
3405 2928 3553 2981 enim

316 2996 566 3097 qamsfac.
606 2997 671 3050 Τί
715 2999 843 3052 ἐϐόα
887 3001 916 3053 6
962 3002 1231 3072 μακάριος
1281 3004 1536 3070 Ἠσαῖαςς
1587 3024 1606 3057 ι
1665 3006 1879 3062 Παιδίον

1982 2996 2254 3076 clamabat
2282 2996 2476 3076 beatus
2506 2996 2672 3075 Isaias
2705 3020 2759 3073 ’ἲ
2794 3039 2812 3071 ι
2854 3020 2998 3075 Puer
3049 3027 3211 3073 natus
3249 3026 3334 3072 est
3371 3019 3553 3084 nobis,

315 3087 580 3159 ἐγεννήθη
609 3089 764 3158 ήμῖν,
808 3091 927 3155 υίὸς
962 3092 1059 3146 καὶ
1084 3091 1239 3162 ἐδόθη
1270 3094 1418 3162 ἡμῖν.
1455 3095 1521 3149 Τί
1551 3096 1687 3159 ἐστι,
1731 3114 1750 3147 ι
1788 3099 1882 3152 καὶ

1990 3111 2136 3166 illius
2157 3111 2321 3166 etiam
2339 3111 2500 3165 datus
2518 3118 2604 3165 est
2622 3109 2799 3164 nobis.
2828 3127 2846 3160 ι
2881 3108 3024 3174 Quid
3046 3107 3182 3162 illud
3197 3118 3313 3162 est:
3341 3127 3358 3157 ι
3378 3107 3555 3161 Etiam

316 3175 500 3248 ἑδόθης
540 3197 560 3229 ι
595 3180 670 3233 Ού
701 3181 862 3250 μόνον
890 3182 1179 3255 ἐγεννήθη,
1212 3183 1349 3238 ἀλλὰ
1380 3185 1474 3239 καὶ
1499 3186 1658 3258 ἐδόθη
1678 3206 1692 3218 ·
1718 3190 1747 3242 ό
1774 3188 1885 3261 γάρ

315 3266 394 3322 ὣν
429 3269 586 3340 ὲδόθη
608 3288 621 3302 ·
660 3290 679 3324 ι
717 3267 791 3327 Οῦ
825 3277 857 3344 ή
894 3276 1037 3347 ἀρχὴ
1077 3277 1307 3349 ἐγενήθη
1347 3279 1439 3332 ἐπὶ
1470 3282 1565 3335 τοῦ
1600 3281 1752 3352 ὤμου
1780 3285 1883 3337 αὑο

317 3359 433 3414 τοῦ.
474 3380 493 3413 ι
542 3361 609 3414 Τί
649 3364 798 3417 ἐστιν
838 3368 872 3437 ή
910 3367 1054 3440 ἀρχή
1083 3368 1177 3421 τοῦ
1212 3368 1348 3423 Θεοῦ
1386 3372 1561 3440 Λόγου
1588 3373 1884 3444 γενομένου

319 3450 643 3523 ἀνθρώπου;
688 3455 754 3509 Ἡ
790 3456 1120 3528 Ἐκκλησία*
1159 3461 1255 3514 κα)⁹
1299 3461 1461 3524 αὑτός
1494 3471 1521 3499 ο
1549 3464 1752 3532 ἐστινὴ
1791 3481 1886 3516 κε·-

321 3544 463 3616 φαλὴ
495 3545 593 3599 τοῦ
635 3547 888 3619 σώματος
935 3550 1035 3619 τῆς
1080 3551 1447 3620 Ἐκκλησίας·
1498 3551 1619 3615 πῶς
1652 3548 1746 3606 οῦν
1792 3554 1886 3606 ἐπὶ

319 3638 414 3692 τοῦ
434 3637 587 3707 ὤμου
616 3639 821 3712 ταύτην
845 3644 1004 3711 φορεί
1026 3658 1040 3705 ;
1074 3640 1148 3694 Τὸ
1181 3643 1644 3712 συντετριμμένον
1670 3644 1764 3697 ἐπὶ
1791 3644 1884 3699 τοῦ

320 3726 474 3796 ὤμου
506 3726 795 3796 βαστάζει·
828 3748 846 3780 ι
885 3723 960 3783 Οῦ
988 3731 1082 3783 καὶ
1120 3732 1153 3799 ἡ
1186 3732 1326 3802 ἀρχὴ
1361 3733 1453 3785 ἐπὶ.
1480 3734 1576 3788 τοῦ
1612 3735 1762 3807 ὤμου
1788 3737 1888 3791 αὑ-

319 3814 450 3869 τοῦ·
483 3816 581 3870 καὶ
604 3818 849 3870 καλεῖται
892 3816 952 3871 τὸ
978 3819 1150 3890 ὄνομα
1192 3821 1361 3876 αὑτοῦ
1405 3824 1649 3895 μεγάλης
1693 3825 1888 3896 βουλῆς

296 3906 594 3976 Ἄγγελος.
634 3925 653 3958 ι
688 3906 954 3960 Καλεϊται
995 3908 1052 3962 δὲ
1087 3909 1175 3964 διὰ
1220 3912 1320 3982 τὴν
1360 3915 1691 3986 οἰκονομίαν.
1727 3917 1793 3971 Τί
1828 3918 1886 3972 δέ

321 3996 439 4048 ἐστι
485 3996 567 4062 τὸ,
625 4013 645 4048 ι
671 3995 1004 4065 Σύμϐουλος,
1038 3998 1172 4063 Θεὸς
1226 4003 1467 4073 ἰσχυρὸς,
1510 4005 1882 4078 έξουσιαστής,

323 4085 506 4156 πατὴρ
540 4085 634 4140 τοῦ
682 4086 963 4158 μέλλοντος
1008 4091 1236 4159 αίῶνος;
1277 4092 1335 4148 '0
1360 4091 1452 4149 οῦν
1484 4095 1597 4151 ἄνω
1638 4097 1885 4163 ἐξουσια-

325 4172 477 4244 στής,
509 4176 661 4231 κάτω
690 4177 967 4249 ὑπήκοος*
997 4182 1027 4234 6
1057 4181 1169 4236 άνω
1198 4183 1348 4248 Υίδς,
1394 4185 1546 4240 κάτω
1586 4189 1829 4244 παιδίονο
1857 4194 1886 4246 6

321 4264 436 4320 άνω
468 4266 778 4339 θαυμαστὸς
804 4270 1127 4339 σύμϐουλος,
1175 4274 1326 4329 κάτω
1360 4275 1645 4348 ἄνθρωπος
1664 4296 1678 4310 ·
1717 4283 1746 4335 6
1774 4281 1885 4337 άνω

319 4354 452 4420 Θεὸς
485 4357 722 4429 ἰσχυρὸς,
756 4359 906 4414 κάτω
925 4361 1211 4431 ἄνθρωπος
1243 4366 1271 4419 6
1292 4364 1656 4439 ραπιζόμενός
1689 4388 1747 4424 τε
1788 4372 1881 4424 καὶ
1911 4369 1959 4427 D

320 4445 699 4519 ὑϐριζόμενος,
735 4452 831 4504 καὶ
862 4450 940 4521 τῷ
970 4454 1191 4524 σταυρῷ
1212 4456 1653 4527 προσηλωμένος,
1682 4462 1882 4517 καὶτὸν

318 4540 407 4595 διά
436 4541 629 4595 τούτου
656 4542 946 4615 δεξάμενος
974 4546 1203 4602 θάνατον
1228 4566 1242 4581 ·
1273 4550 1450 4605 πάντα
1469 4551 1579 4624 γὰρ
1594 4554 1767 4607 ταῦτα
1784 4557 1884 4626 τῆς

317 4630 411 4684 τοῦ
438 4632 624 4685 δούλου
649 4632 777 4688 ὄντα
812 4638 1046 4707 μορφῆς,
1079 4638 1381 4711 οὑδαμῶςή
1410 4641 1617 4711 ταύτην
1648 4644 1886 4701 λαϐοῦσα

319 4718 507 4809 θεότης
525 4721 815 4790 ἐξέκλινεν,
847 4726 935 4780 ἴνα
956 4726 1022 4779 δι’
1040 4728 1270 4782 ἑκάστου
1291 4729 1400 4783 τῶν
1416 4732 1537 4802 είρη
1548 4733 1721 4800 μένων
1751 4735 1884 4809 λύσῃ

322 4807 422 4876 μὲν
446 4811 580 4878 ἡμῖν
603 4812 670 4864 τά
706 4814 843 4883 πρὸς
858 4815 1145 4886 ’σωτηρίαν
1168 4816 1486 4890 κωλύματα,
1519 4822 1677 4887 ἀξίαν
1710 4824 1768 4879 δὲ
1788 4807 1887 4895 τῆς

317 4900 589 4970 τοσαύτης
624 4903 906 4969 κενώσεως
935 4905 1034 4977 τὴν
1066 4907 1386 4979 εὐεργεσίαν
1412 4913 1544 4984 ἡμῖν
1571 4915 1883 4989 χαρίσηται.

318 4989 432 5042 Οὑκ
466 4991 645 5046 ἀθετῶ
694 4995 791 5064 τὴν
842 4996 1005 5066 χάριν
1049 4998 1143 5053 τοῦ
1186 4999 1355 5055 Θεοῦ·
1396 5004 1457 5056 οὑ
1511 5008 1884 5078 παραιτοῦμαι

316 5083 490 5135 είπείν
508 5082 544 5137 3.
569 5085 776 5148 ἐκεῖνος
803 5087 1097 5158 ὑπέμεινεν
1132 5092 1271 5164 ὑπὲρ
1300 5093 1460 5164 ἐμοῦ.
1503 5097 1742 5170 Ἀπαθὴς
1772 5101 1881 5174 γὰρ

315 5176 392 5228 ὼν
423 5176 484 5230 οὑ
521 5180 898 5250 παρῃτήσατο,
932 5183 1068 5236 ἀλλά
1100 5183 1180 5255 τῷ
1209 5185 1437 5258 παθητῷ
1467 5192 1707 5262 συνάψας
1751 5197 1879 5250 ἑαυ-

319 5367 360 5399 “
376 5297 642 5399 ἐξὲξ)τί
668 5299 1001 5399 Il‘,916.“:ﬂl
1212 5305 1381 5399 Πωυί.Ι
1443 5308 1465 5340 ⁵
1486 5308 1724 5399 Philipp.
1764 5330 1821 5379 ιι,
1855 5316 1907 5372 7.

376 5367 584 5423 Coloss.
624 5384 665 5433 ι,
693 5368 779 5421 18.
860 5371 899 5401 ⁸⁸
922 5370 1024 5426 lsa.
1051 5388 1122 5437 Ix,
1147 5374 1197 5428 6.
1268 5367 1323 5407 δ’
1360 5376 1464 5432 lsa.
1494 5367 1645 5443 115,6:

1984 3203 2145 3258 datus
2173 3200 2290 3255 est?
2316 3220 2334 3252 ι
2364 3200 2483 3255 Νοη
2513 3200 2689 3254 solum
2720 3206 2880 3253 natus
2911 3204 3014 3261 est,
3043 3196 3139 3251 sed
3177 3195 3341 3252 etiam
3375 3195 3558 3252 datus.

1985 3294 2038 3348 Is
2071 3292 2217 3347 enim
2261 3290 2355 3361 qui
2382 3297 2486 3353 est,
2520 3290 2681 3343 datus
2703 3288 2807 3341 fuit
2837 3306 2848 3339 :
2883 3308 2900 3338 ι
2937 3288 3107 3357 Cujus
3148 3286 3439 3355 imperium
3475 3286 3556 3340 fa-

1984 3391 2132 3437 ctum
2163 3390 2248 3435 est
2271 3395 2438 3448 super
2465 3379 2756 3432 humerum
2782 3379 2900 3447 ejus
2940 3380 2981 3430 ⁹.
3017 3396 3034 3427 ι
3066 3378 3134 3430 Ει
3172 3377 3448 3446 quodnam
3474 3377 3559 3431 in»

1987 3470 2194 3524 carnali
2228 3470 2323 3523 Dei
2346 3468 2510 3523 Verbi
2541 3468 2829 3537 imperium
2853 3468 2970 3521 est?
3002 3467 3266 3522 Ecclesia.
3291 3467 3432 3534 Quid
3461 3485 3560 3524 au-

1985 3568 2094 3614 tem
2134 3560 2283 3628 ipse?
2304 3559 2480 3629 Caput
2506 3557 2752 3627 corporis
2793 3557 3050 3612 Ecclesiae
3084 3558 3146 3611 ιο.
3182 3558 3251 3612 At
3283 3559 3559 3627 quomodo

1986 3648 2120 3703 illud
2153 3663 2319 3718 super
2347 3649 2637 3701 humerum
2660 3646 2878 3716 portat?
2898 3644 3054 3712 Quod
3094 3648 3392 3701 contritum
3430 3662 3561 3701 con-

1986 3721 2411 3812 quassatumque
2455 3739 2652 3804 fuerat,
2688 3740 2743 3794 id
2773 3739 3023 3794 humeris
3057 3739 3371 3808 impositum
3404 3739 3561 3809 baju-

1986 3833 2079 3888 lat.
2111 3853 2128 3883 ι
2155 3831 2325 3902 Cujus
2341 3831 2631 3901 imperium
2647 3846 2812 3899 super
2834 3832 3122 3885 humerum
3141 3832 3260 3901 ejus
3284 3847 3297 3884 :
3322 3838 3379 3885 et
3400 3845 3561 3884 voca-

1985 3932 2077 3979 tur
2100 3939 2299 3979 nomen
2319 3925 2458 3995 ejus,
2486 3926 2664 3995 magni
2685 3922 2899 3977 consilii
2920 3922 3159 3993 Angelus
3188 3924 3249 3976 “.
3272 3942 3289 3973 )
3318 3922 3559 3977 Vocatur

1985 4024 2167 4080 autem
2207 4023 2430 4085 propter
2451 4015 2933 4085 dispensationem.
2961 4015 3101 4081 Quid
3129 4022 3311 4068 autem
3337 4014 3441 4068 sibi
3464 4029 3551 4067 vo-

1984 4106 2105 4160 lunt
2132 4123 2147 4160 :
2180 4125 2199 4157 ι
2227 4106 2606 4171 Consiliarius,
2632 4108 2776 4164 Deus
2814 4109 2994 4173 fortis,
3031 4107 3361 4169 dominator,
3395 4105 3557 4159 Pater

1984 4199 2155 4255 futuri
2178 4200 2362 4255 saeculi
2391 4200 2475 4253 “1'
2502 4219 2519 4251 ι
2548 4199 2819 4254 Nimirum
2844 4200 2936 4254 ille
2958 4213 3193 4269 superne
3222 4195 3555 4259 dominator,

1986 4291 2197 4347 inferne
2230 4292 2515 4347 subditus:
2549 4307 2787 4361 superne
2832 4291 3033 4355 Filius,
3065 4289 3328 4360 puerulus
3360 4288 3413 4342 in
3452 4296 3561 4342 ter-

1986 4384 2097 4449 ris;
2119 4398 2357 4453 superne
2377 4383 2717 4438 admirabilis
2736 4383 3102 4445 consiliarius,
3126 4381 3336 4436 infernc
3360 4381 3556 4445 homo;

1984 4490 2220 4545 superne
2263 4476 2410 4531 Deus
2444 4476 2632 4541 fortis,
2676 4475 2731 4529 in
2781 4475 2938 4529 terris
2983 4475 3148 4528 homo
3188 4473 3282 4543 qui
3316 4470 3561 4540 colaphis

1986 4565 2233 4630 caeditur,
2259 4565 2556 4637 ignominia
2575 4565 2829 4630 afﬁcitur,
2850 4565 3001 4620 cruci
3022 4564 3276 4635 alligitur,
3300 4570 3562 4616 mortem-

1987 4671 2094 4726 que
2120 4672 2217 4725 per
2247 4656 2393 4710 illam
2419 4656 2741 4727 perpetitur.
2780 4656 2916 4711 Nam
2951 4657 3066 4711 haec
3093 4656 3274 4710 omnia
3316 4653 3382 4708 ad
3416 4651 3560 4707 servi

1987 4744 2218 4799 formam
2244 4744 2576 4814 pertinentia
2597 4744 2749 4798 nullo
2777 4743 2941 4797 modo
2970 4743 3114 4796 Deus
3138 4740 3232 4810 qui
3257 4740 3404 4793 illam
3437 4752 3559 4791 sus-

1989 4841 2233 4903 ceperat,
2255 4832 2601 4899 detrectavit,
2626 4839 2689 4887 ut
2709 4847 2807 4902 per
2839 4829 3125 4900 quodlibet
3141 4828 3252 4896 jam
3284 4825 3559 4879 dictorum

1987 4941 2050 4981 ea
2071 4924 2453 4988 dcmoliretur,
2473 4940 2594 4994 qua:
2616 4924 2808 4979 salutis
2833 4922 2976 4976 viam
3000 4920 3157 4975 nobis
3177 4915 3556 4977 obstruebant,

1985 5016 2314 5086 dignamque
2337 5023 2492 5089 tanta
2522 5013 2896 5069 exinanitione
2930 5008 3345 5066 beneficentiam
3374 5005 3429 5059 in
3460 5019 3561 5058 nos

1984 5106 2413 5162 transfunderet.
2438 5104 2708 5175 Equidem
2735 5102 2831 5158 Dei
2858 5101 3084 5173 gratiam
3109 5115 3217 5154 non
3240 5096 3459 5168 abjicio.
3482 5094 3557 5149 Ea

1986 5216 2109 5272 quae
2144 5217 2264 5257 mea
2296 5216 2461 5257 causa
2485 5199 2728 5271 perferre
2755 5196 3079 5267 dedignatus
3100 5210 3207 5249 non
3232 5201 3337 5257 est,
3364 5191 3417 5245 in
3445 5205 3558 5244 mc-

2019 5319 2041 5352 '
2074 5319 2312 5390 Philipp.
2343 5335 2422 5385 ιιι,
2447 5316 2538 5384 20,
2597 5316 2689 5372 ιιι.
2787 5315 2810 5348 ⁸
2834 5315 2937 5371 lsa.
2974 5328 3048 5379 Ix,
3110 5311 3163 5367 6.
3275 5311 3297 5342 ’
3329 5302 3468 5363 Ibid.
3499 5307 3551 5362 9.

2787 5315 2810 5348 ⁸
2834 5315 2937 5371 lsa.
2974 5328 3048 5379 lx,
3110 5311 3163 5367 6.

1403 5490 1580 5547 Variae
1610 5494 1875 5552 lectiones
1905 5498 2114 5555 codicis
2148 5496 2507 5567 Seguieriani.

322 5612 327 5617 .
361 5569 433 5647 _i_
453 5568 831 5647 συνεκάλεσεν.
873 5642 897 5647 Α
934 5584 952 5621 1
985 5576 1210 5647 69616;
1238 5579 1363 5647 πρὸ.

311 5637 445 5694 αὑτδ
492 5639 811 5711 σύμμορφον
839 5642 935 5714 τῆς
977 5643 1132 5715 δόξης
1190 5637 1205 5642 ⁷
1254 5637 1509 5715 ηόῦτως.
1614 5661 1639 5690 ο
1680 5637 1929 5725 ἔξεστῘῇ

1464 5581 1489 5620 ¹ι
1530 5582 1596 5637 τά
1641 5586 1943 5655 ἀμφότερα.

2026 5585 2044 5627 ι
2106 5588 2231 5643 add.
2286 5603 2351 5642 ea:
2415 5587 2476 5642 L.
2536 5588 2625 5642 καὶ
2680 5588 2975 5659 σύμμορον.
3076 5594 3111 5621 ω
3162 5580 3410 5649 γενέσθαι
3458 5578 3549 5633 καὶ
