4048 6210
540 275 669 328 M71

1454 272 1677 328 ACACII
1718 269 2110 326 MELITENES
2147 270 2449 327 EI’ISCOPI
2494 269 2865 327 EPISTOLIE.

3653 272 3681 324 l
3700 270 3818 325 £72

535 386 688 442 dium
718 387 1043 457 depromere
1079 401 1190 440 non
1215 401 1428 439 vereor.
1455 385 1589 439 Nam
1615 385 1968 456 impassibilis
1991 399 2115 438 cor-

2221 381 2330 445 τὺν,
2348 381 2492 434 οὕτω
2506 382 2574 435 τὰ
2595 382 2736 452 ὑπὲρ
2761 381 2894 452 ἐμοῦ
2921 380 3137 446 ἐδέξατο
3161 380 3328 450 πάθη.
3357 381 3468 435 Οὐκ
3501 381 3822 452 ἀποστερῶ

535 478 896 548 pori-patihili
924 477 1279 545 semetipsum
1311 478 1668 546 coniungens,
1695 478 1976 547 passiones
2007 492 2116 532 non

463 576 469 602 ν’
535 566 830 629 recusavit,
859 565 955 620 sed
991 566 1184 621 salutis
1224 581 1358 621 mea:
1400 569 1573 637 gratia
1607 568 1870 622 sustinuit
1899 570 1961 620 ³³.
1988 568 2116 622 Dei-

533 670 724 724 param
767 655 1046 725 Virginem
1095 672 1162 712 eo
1204 657 1413 712 honore
1459 675 1567 712 non
1598 659 1774 728 privo,
1811 675 1976 730 quem
2002 660 2117 714 dis-

533 744 873 813 pensationis
913 747 1284 802 ministerium
1343 749 1583 818 gratuito
1643 749 1747 818 ipsi
1791 749 2112 818 impertivit.

534 835 774 900 Etenim,
799 837 1132 903 charissimi,
1169 839 1468 895 absurdum
1493 840 1678 905 fuerit,
1712 857 1933 896 erucem
1967 842 2120 913 igno—

533 927 847 993 miniosam,
881 945 1001 999 quae
1035 930 1316 986 Christum
1366 933 1635 1002 portavit,
1681 948 1806 988 cum
1852 933 2119 990 altaribus

533 1016 738 1071 Christi
796 1019 1235 1088 congloriﬁcari,
1303 1030 1467 1090 atque
1519 1023 1574 1075 in
1627 1023 1808 1078 fronte
1871 1025 2118 1080 ecclesiae

535 1110 916 1179 splendentem
963 1129 1263 1182 apparere;
1304 1130 1425 1168 eam
1467 1131 1598 1169 vero
1629 1131 1750 1185 qua:
1789 1116 1857 1169 ad
1905 1125 2118 1171 tantum

536 1201 867 1256 beneﬁcium
901 1202 1160 1258 deitatem
1194 1206 1456 1275 suscepit,
1487 1206 1729 1275 Deiparae
1765 1208 1973 1263 honore
2003 1209 2117 1278 pri-

535 1293 675 1347 vari.
698 1295 928 1364 Deipara
953 1296 1117 1366 igitur
1147 1306 1230 1351 est
1261 1307 1446 1352 sancta
1474 1299 1660 1368 Virgo.
1692 1300 1836 1354 Deus
1865 1301 2010 1354 enim
2035 1309 2119 1356 est

535 1381 629 1450 qui
653 1397 721 1436 ex
745 1398 809 1437 ea
837 1392 999 1438 natus
1020 1394 1122 1448 est,
1150 1399 1260 1438 non
1289 1385 1435 1452 quod
1463 1385 1680 1438 initium
1707 1393 1766 1438 ut
1789 1394 1936 1440 esset
1964 1402 2031 1440 ex
2053 1401 2117 1440 ca

537 1473 854 1542 sumpserit,
890 1474 983 1528 sed
1019 1474 1162 1544 quod
1197 1484 1256 1529 ut
1291 1475 1454 1529 homo
1483 1473 1658 1540 ﬁeret,
1689 1476 1955 1546 principia
1991 1476 2117 1531 inde

536 1562 804 1618 hauserit.
846 1564 924 1618 Ne
973 1565 1156 1634 igitur,
1199 1581 1231 1618 ο
1274 1565 1551 1630 hzeretice,
1589 1565 1970 1634 impunitatem
2017 1567 2116 1620 tibi

537 1653 850 1722 polliceare,
878 1654 1034 1721 quasi
1065 1654 1118 1706 in
1148 1654 1431 1709 hominem
1462 1655 1810 1724 blasphemas
1839 1671 2001 1711 voces
2025 1657 2119 1711 de-

2217 473 2320 541 τῆς
2351 473 2516 542 τιμῆς
2546 473 2645 542 τὴν
2697 473 2958 526 Θεοτόκον
2997 471 3291 541 Παρθένον,
3332 473 3400 542 ἣν
3433 473 3568 542 αὐτῇ
3620 474 3658 541 ἡ
3705 473 3822 540 τῆς

2217 563 2530 635 οἰκονομίας
2560 563 2834 633 ὑπηρεσία
2864 563 3208 633 κεχάρισται.
3241 565 3352 616 Καὶ
3379 565 3487 634 γὰρ
3518 567 3616 616 καὶ
3665 564 3810 616 ἆτο-

2219 671 2343 715 πον,
2382 656 2677 724 ἀγαπητοὶ,
2717 654 2950 725 σταυρὸν
2983 655 3081 724 μὲν
3109 655 3200 706 τὸν
3237 655 3562 726 ὲφύϐριστον
3591 655 3818 725 βαστά-

2221 761 2392 800 σαντα
2437 748 2550 809 τοῖς
2600 745 3013 816 θυσιαστηρίοις
3064 745 3299 815 Χριστοῦ
3351 747 3813 812 συνδοξὰζεσθαι,

2217 837 2312 890 καὶ
2343 838 2435 889 ἐπὶ
2496 837 2590 890 τοῦ
2647 836 2899 906 μετώπου
2951 838 3051 907 τῆς
3099 837 3393 907 ἐκκλησίας
3438 838 3816 906 ὲκλὰμποντα

2219 928 2529 996 φαίνεσθαι,
2559 929 2658 1000 τὴν
2686 929 2743 982 δὲ
2775 929 2872 982 ἐπὶ
2903 929 3140 1001 τοσαύτῃ
3171 929 3457 999 εὐεργεσίᾳ
3488 930 3816 999 δεξαμένην

2223 1019 2474 1090 θεότητα,
2509 1021 2607 1088 τῆς
2653 1020 2918 1074 Θεοτόκου
2961 1019 3400 1088 ἀποστερηθῆναι
3443 1020 3639 1088 τιμῆς.
3679 1020 3816 1072 Θεο-

2218 1111 2376 1174 τὸκος
2401 1107 2496 1164 οὖν
2527 1113 2562 1181 ἤ
2598 1111 2725 1179 ἁγία
2761 1109 3053 1181 Παρθένος.
3106 1109 3239 1172 θεὸς
3284 1109 3390 1180 γὰρ
3440 1111 3468 1162 ὁ
3513 1110 3574 1175 ἐξ
3624 1110 3810 1178 αὐτῆς

2223 1202 2456 1272 τεχθεὶς,
2493 1204 2592 1255 οὐκ
2627 1203 2836 1255 ἐκεῖθεν
2877 1203 2972 1254 τοῦ
3021 1198 3162 1253 εἶναι
3205 1202 3305 1267 τὴν
3358 1202 3534 1270 ἀρχὴν
3586 1201 3808 1258 λαϐὼν,

2219 1290 2360 1344 ἀλλὰ
2392 1290 2600 1343 ἐκεῖθεν
2633 1292 2732 1359 τὴν
2758 1291 2932 1361 ἀρχὴν
2982 1289 3086 1359 τῆς
3119 1289 3588 1360 ὲνανθρωπήσεως
3635 1291 3810 1355 δεξάο

2223 1398 2404 1451 μενος.
2455 1381 2546 1452 Μὴ
2603 1377 2696 1434 οὖν
2745 1381 3047 1450 ἀμέριμνος
3100 1379 3212 1447 ἔσο,
3262 1380 3529 1450 αἱρετικὲ,
3589 1381 3672 1442 ὡς
3727 1381 3810 1442 εἰς

2219 1473 2508 1543 ἄνθρωπον
2536 1472 2635 1535 τὰς
2668 1471 3016 1541 βλασφημίας
3049 1471 3324 1524 ἐκτείνων.
3362 1470 3476 1523 Οὐκ
3503 1470 3810 1539 ἄνθρωπός

2219 1564 2388 1623 ἐστιν,
2420 1565 2448 1615 ὁ
2478 1563 2582 1616 ὑπὸ
2618 1563 2710 1616 σοῦ
2736 1565 2817 1622 εἰς
2835 1563 2933 1631 τὴν
2962 1560 3056 1614 τοῦ
3095 1561 3282 1615 δούλου
3308 1561 3403 1614 καὶ
3424 1560 3521 1612 τοῦ
3556 1564 3803 1630 κτίσμα-

2218 1673 2311 1719 τος
2375 1655 2527 1720 τάξιν
2584 1655 2976 1725 καταγόμενος.
3031 1654 3124 1725 Μὴ
3160 1664 3187 1704 1³
3233 1653 3486 1722 ἀνορθοῦ,
3547 1654 3803 1716 Ἰουδαῖε,

537 1751 812 1812 torqueas.
849 1744 968 1797 Non
1009 1744 1156 1798 enim
1201 1744 1365 1798 homo
1412 1753 1516 1809 est,
1550 1762 1711 1814 quem
1745 1756 1803 1800 tu
1841 1747 1893 1800 in
1929 1762 2118 1803 servo-

2221 1748 2352 1800 ὡσεὶ
2381 1758 2409 1796 σι
2429 1747 2717 1816 ἄνθρωπον
2743 1747 2898 1816 ψιλὸν
2922 1745 3391 1815 σταυρώσας.ούχ
3418 1746 3562 1816 ὑπὲρ
3593 1747 3808 1816 ἀνθρὼ-

539 1851 660 1888 rum
703 1844 758 1889 ct
785 1845 1163 1890 creaturarum
1195 1837 1444 1890 ordinem
1477 1837 1684 1907 rejicis.
1716 1839 1793 1893 Ne
1832 1840 2114 1905 extollare,

535 1925 742 1988 Judme,
774 1924 1000 1994 perinde
1043 1940 1107 1979 ac
1133 1924 1177 1979 si
1211 1941 1419 1978 merum
1450 1926 1727 1980 hominem
1756 1928 2114 1984 cruciﬁxeris.

537 2017 656 2070 Non
685 2033 782 2085 pro
811 2033 951 2086 puro
994 2017 1215 2072 homine
1245 2017 1438 2072 beatus
1473 2018 1641 2072 David
1670 2019 1959 2089 indignans
1992 2035 2121 2076 con-

540 2121 624 2164 tra
655 2109 799 2162 illam
823 2118 1038 2178 gentem
1063 2110 1327 2164 exclamat
1355 2127 1367 2161 :
1403 2128 1420 2160 ι
1450 2108 1829 2165 Obscurentur
1856 2113 1999 2165 oculi
2027 2127 2120 2166 eo-

540 2213 662 2251 rum
703 2215 770 2252 ne
827 2201 1082 2264 videant,
1122 2209 1177 2255 ct
1231 2201 1454 2255 dorsum
1511 2217 1702 2255 eorum
1760 2217 1976 2271 semper
2032 2204 2118 2257 in-

537 2303 703 2342 curva
746 2289 808 2344 ιδ.
861 2309 878 2340 ι
927 2291 1046 2345 Non
1081 2291 1334 2346 concidat
1374 2291 1632 2346 Ecclesiae
1683 2291 1914 2357 ﬁducia,
1963 2293 2117 2362 quasi

537 2397 690 2451 spem
724 2397 876 2436 suam
917 2383 971 2437 in
1015 2383 1236 2438 homine
1272 2391 1484 2437 tantum
1526 2384 1806 2452 posuerit;
1832 2385 1926 2438 sed
1958 2385 2118 2440 beato

537 2474 706 2528 Paulo
751 2473 910 2528 ﬁdem
954 2474 1174 2539 habeat,
1227 2474 1322 2544 qui
1368 2474 1442 2527 ita
1485 2475 1561 2528 ait
1605 2492 1617 2527 :
1653 2493 1669 2524 ι
1709 2474 1765 2528 Si
1812 2476 2118 2530 secundum

537 2565 817 2619 hominem
845 2566 911 2620 ad
949 2565 1156 2621 bestias
1183 2566 1416 2636 pugnavi
1446 2566 1668 2636 Ephesi,
1699 2581 1820 2635 quae
1851 2567 1985 2620 mihi
2014 2567 2120 2620 uti-

537 2656 666 2712 litas
689 2658 768 2712 “‘l
798 2676 815 2708 ι
850 2656 971 2712 Νοιι
1005 2658 1307 2713 secundum
1339 2658 1638 2720 hominem,
1674 2673 1852 2727 neque
1889 2673 1989 2727 pro
2018 2657 2119 2711 ho-

537 2749 686 2803 mine
711 2750 858 2804 beati
896 2751 1127 2820 apostoli
1167 2751 1222 2803 in
1260 2750 1450 2820 plagis,
1477 2749 1532 2802 in
1567 2749 1903 2814 carceribus,
1935 2749 1990 2802 in
2022 2748 2118 2802 ﬁa-

538 2840 696 2909 gcllis
730 2841 1007 2910 propriam
1031 2841 1198 2895 vitam
1227 2840 1640 2909 insumpserunt
1667 2839 1708 2870 ¹⁴
1737 2859 1748 2892 :
1778 2855 1887 2891 non
1926 2854 2122 2892 secun-

538 2929 669 2983 dum
712 2929 1010 2993 hominem,
1045 2945 1223 2998 neque
1264 2945 1362 2998 pro
1393 2929 1614 2983 homine
1650 2927 1823 2982 sancti
1855 2936 2122 2998 martyres

539 3035 637 3089 per
686 3028 956 3074 terrarum
1004 3021 1195 3074 orbem
1243 3020 1444 3089 passim
1495 3021 1869 3079 decertantes,
1917 3021 2119 3074 concisi

539 3111 832 3180 atllictique
891 3121 1217 3182 praesentem
1267 3113 1446 3166 lucem
1500 3097 1869 3180 reliquerunt;
1925 3124 2116 3166 verum

539 3215 639 3268 pro
665 3201 894 3257 Domino
927 3211 1113 3258 nostro
1138 3218 1202 3258 ac
1235 3204 1379 3269 Deo;
1405 3203 1501 3273 qui
1530 3218 1654 3256 cum
1695 3205 1877 3258 omnia
1919 3205 2117 3259 saecula

537 3294 940 3361 antecessisset,
974 3297 1270 3351 novissime
1296 3295 1352 3350 in
1394 3296 1557 3352 terris
1585 3296 1736 3352 visus
1774 3305 1880 3361 est,
1905 3305 1960 3352 et
1991 3311 2117 3354 cum

540 3382 856 3440 hominibus
886 3394 1240 3442 conversatus
1269 3388 1334 3452 ",
1365 3396 1421 3442 et
1447 3395 1509 3442 ut
1535 3388 1654 3443 ovis
1686 3388 1755 3442 ad
1788 3389 2119 3444 occisionem

540 3472 739 3527 ductus
763 3483 849 3528 est
875 3475 938 3540 "‘,
965 3485 1022 3530 et
1049 3477 1208 3531 tertia
1233 3476 1323 3531 die
1341 3477 1710 3532 exsuscitatus
1731 3485 1836 3540 est,
1862 3485 1917 3532 et
1939 3477 1991 3530 in
2015 3492 2126 3531 ca:-

541 3563 655 3618 lum
715 3576 1064 3635 assumptus,
1139 3575 1196 3622 et
1252 3567 1568 3638 quingentis
1639 3567 1904 3622 fratribus
1963 3568 2124 3622 simul

541 3652 847 3719 visus",et
877 3657 932 3710 in
962 3669 1261 3728 conspectu
1295 3659 1691 3730 discipulorum
1716 3659 1772 3714 in
1803 3660 1972 3716 caelos
1997 3661 2126 3714 sub-

543 3745 704 3810 latus,
741 3747 886 3803 unde
914 3749 1079 3804 etiam
1103 3750 1234 3805 olim
1262 3751 1410 3806 haud
1437 3751 1688 3806 dissimili
1725 3752 1889 3807 modo
1929 3762 2125 3806 ventu-

541 3853 639 3892 rus
675 3838 744 3893 ad
784 3840 938 3896 vivos
968 3842 1130 3898 simul
1171 3859 1237 3898 ac
1277 3853 1524 3899 mortuos
1545 3843 1871 3914 iudicandos
1897 3845 1962 3897 ὀ.
1996 3843 2121 3898 Haec

539 3937 626 3981 est
657 3929 790 3984 ﬁdes
834 3941 1050 3998 nostra;
1076 3949 1242 4004 super
1277 3935 1383 3990 hoc
1423 3935 1845 3990 fundamentum
1874 3935 2120 4012 Ecclesia

539 4017 803 4074 aediﬁcata
830 4029 934 4086 est,
965 4023 1226 4078 adversus
1250 4039 1414 4092 quam
1443 4034 1617 4094 portae
1653 4024 1814 4079 inferi
1843 4040 1952 4079 non
1982 4041 2122 4095 prae—

543 4106 803 4163 valebunt
823 4111 887 4164 ²¹.
915 4111 1131 4166 Utinam
1155 4113 1353 4168 vestris
1379 4113 1638 4182 precibus
1658 4114 1906 4170 munitus
1930 4113 2121 4184 dignas

2221 1857 2324 1892 που
2361 1837 2518 1906 ψιλοῦ
2561 1837 2741 1906 ἀλγῶν
2769 1840 2797 1890 ὁ
2829 1837 3098 1907 μακάριος
3139 1835 3302 1888 Δαυῖδ
3345 1834 3474 1888 ἐϐόα
3525 1837 3671 1887 κατὰ
3707 1837 3803 1889 τοῦ

2219 1930 2406 1993 ἔθνους
2429 1929 2632 1998 λέγων·
2672 1948 2690 1980 ι
2748 1929 3190 1999 Σκοτισθήτωσαν
3233 1928 3283 1980 οἰ
3315 1927 3588 1997 ὀφθαλμοὶ
3616 1928 3803 1980 αὐτῶν

2218 2021 2309 2074 τοῦ
2359 2021 2432 2092 μὴ
2487 2020 2728 2090 βλέπειν,
2783 2021 2876 2073 καὶ
2918 2020 3010 2072 τὸν
3047 2018 3215 2072 νῶτον
3261 2017 3439 2071 αὐτῶν
3496 2018 3800 2082 διαπαντὸς

2220 2111 2566 2182 σύγκαμψον.
2607 2131 2625 2162 ι
2663 2112 2752 2180 Μὴ
2800 2110 3192 2165 καταπιπτέτω
3229 2111 3326 2180 τῆς
3368 2111 3704 2178 Ἐκκλησίας
3738 2113 3798 2162 τὺ

2219 2204 2497 2275 φρόνημα,
2528 2205 2603 2266 ὡς
2650 2205 2731 2266 εἰς
2761 2202 3050 2271 ἄνθρωπον
3081 2201 3240 2272 μόνον
3270 2200 3620 2270 ἐλπιζούσης,
3659 2202 3796 2254 ἁλὶ-ἆ

2219 2293 2488 2347 πειθέσθω
2520 2292 2597 2361 τῷ
2645 2292 2902 2363 μακαρίῳ
2947 2290 3146 2360 Παύλῳ
3196 2289 3442 2357 λέγοντι·
3482 2309 3500 2340 ι
3559 2293 3622 2343 Εἰ
3655 2292 3796 2343 κατά

2218 2383 2504 2453 ἄνθρωπον
2552 2383 2970 2453 ἐθηριομάχησα
3005 2383 3064 2435 ὲν
3103 2381 3336 2450 Ἐφέσῳ,
3374 2380 3427 2432 τί
3459 2398 3548 2449 μοι
3581 2381 3641 2432 τὸ
3671 2383 3795 2448 ὄφει

2219 2476 2308 2538 λος
2339 2485 2360 2512 ι’
2388 2493 2402 2540 ;
2443 2495 2462 2525 ι
2491 2476 2565 2528 Οὐ
2607 2475 2750 2529 κατὰ
2779 2473 3092 2545 ἄνθρωπον,
3121 2473 3243 2526 οὐδὲ
3262 2471 3405 2542 ὑπὲρ
3424 2471 3713 2542 ἀνθρώπου
3743 2473 3792 2523 οἱ

2222 2565 2484 2637 μακάριοι
2530 2565 2823 2619 ἀπόστολοι
2856 2566 2913 2618 ὲν
2943 2564 3202 2634 πληγαῖς,
3233 2563 3327 2615 καὶ
3363 2563 3653 2630 φυλακαῖς,
3695 2562 3793 2614 καὶ

2219 2659 2499 2728 αἰκισμοῖς
2536 2657 2636 2727 τὴν
2683 2655 2892 2710 ἑαυτῶν
2934 2655 3079 2726 ζωὴν
3111 2653 3529 2723 κατηνάλωσανο
3557 2653 3620 2704 οὐ
3648 2655 3792 2705 κατὰ

2220 2753 2526 2823 ἄνθρωπον,
2553 2752 2586 2821 ἢ
2619 2753 2758 2822 ὑπὲρ
2789 2749 3076 2822 ἀνθρώπου
3104 2749 3154 2801 οἰ
3176 2749 3320 2817 ἆγιοι
3347 2748 3620 2818 μάρτυρες
3649 2748 3788 2800 κατὰ

2223 2845 2402 2898 πᾶσαν
2451 2844 2552 2913 τὴν
2608 2842 2932 2913 οἰκουμένην
2987 2840 3341 2910 ἀθλήσαντες,
3395 2838 3453 2890 ὲν
3505 2841 3788 2905 κατατομῇ

2220 2934 2336 2988 τῶν,
2361 2934 2578 2988 οἰκείων
2603 2933 2785 3004 μελῶν
2817 2932 2911 2986 καὶ
2936 2928 3180 2984 κακώσει
3211 2930 3312 3000 τὴν
3338 2928 3620 2998 παροῦσαν
3649 2929 3793 2997 ζωὴν

2224 3026 2514 3082 κατέλιπον
2537 3040 2548 3052 ·
2583 3024 2722 3079 ἀλλὰ
2751 3025 2892 3095 ὑπὲρ
2925 3021 3018 3075 τοῦ
3056 3021 3263 3091 Κυρίου
3309 3021 3468 3091 ἡμῶν
3502 3019 3594 3073 καὶ
3634 3019 3790 3080 Θεοῦ,

2223 3118 2318 3171 τοῦ
2343 3117 2452 3188 πρὸ
2477 3115 2691 3170 αἰώνων
2707 3116 3070 3186 ὑπάρχοντος,
3093 3113 3190 3167 καί⁸
3222 3113 3360 3183 μετά
3384 3110 3557 3166 ταῦτα
3575 3112 3670 3163 ἐπὶ
3697 3112 3794 3180 τῆς

2227 3208 2330 3276 γῆς
2345 3207 2622 3276 ὀφθέντος,
2641 3207 2736 3259 καὶ
2759 3207 2872 3268 τοῖς
2899 3205 3208 3275 ἀνθρώποις
3238 3203 3793 3274 συναναστραφέντος,

2225 3301 2321 3355 καὶ
2345 3300 2421 3362 ὡς
2452 3299 2724 3370 πρόϐατον
2752 3299 2846 3351 ἐπὶ
2878 3300 3092 3369 σφαγὴν
3123 3297 3402 3368 ἀχθέντος,
3429 3297 3524 3352 καὶ
3546 3300 3613 3367 τῇ
3636 3297 3794 3367 τρίτῃ

2227 3390 2414 3463 ἡμ-έρᾳ
2441 3389 2800 3452 ἀναστάντος,
2829 3389 2925 3442 καὶ
2946 3391 3032 3452 -εἰς
3065 3389 3330 3460 οὐρανοὺς
3374 3387 3794 3457 ἀναληφθέντος,

2224 3485 2321 3537 καὶ
2353 3481 2732 3544 πεντακοσίοις
2761 3482 2846 3549 ἐφ’
2878 3481 3026 3545 ἅπαξ
3059 3492 3080 3519 ³
3117 3480 3396 3548 ὀφθέντος,
3426 3481 3518 3532 καὶ
3544 3481 3605 3532 ἐν
3636 3479 3795 3548 ὕψεσι

2223 3573 2332 3627 τῶν
2367 3572 2624 3645 μαθητῶν
2649 3574 2729 3635 εἰς
2751 3569 3017 3642 δῦρανοὺς
3045 3569 3384 3641 ἀναχθέντος,
3418 3568 3511 3622 καὶ
3542 3567 3618 3636 τῷ
3636 3566 3799 3638 αὐτῷ

2223 3665 2412 3736 τρόπῳ
2449 3663 2750 3736 ἐρχομένου
2793 3667 2974 3736 κρῖναι
3015 3663 3222 3728 ζῶντας
3255 3663 3349 3717 καὶ
3369 3659 3602 3730 νεκρούς.
3634 3658 3799 3723 Αὕτη

2225 3753 2384 3825 ἡμῶν
2417 3755 2450 3820 ἡ
2493 3754 2711 3817 πίστις·
2744 3754 2838 3806 ἐπὶ
2877 3752 3053 3823 τούτῳ
3085 3752 3166 3824 τῷ
3206 3752 3438 3822 θεμελίω
3473 3749 3795 3821 ᾠκοδομήθη

2227 3845 2261 3913 ἡ
2298 3844 2616 3914 Ἐκκλησία,
2644 3843 2740 3898 καί
2778 3843 2945 3898 πύλαι
2975 3843 3103 3914 ᾅδου
3142 3845 3202 3896 οὐ
3243 3841 3660 3912 κατισχύσουσιν
3694 3842 3796 3894 αὐ-

2226 3933 2347 4002 τῆς.
2393 3933 2609 3986 Γένοιτο
2640 3933 2697 3986 δὲ
2741 3934 2959 3987 πάντων
3006 3932 3160 4003 ὑμῶν
3196 3933 3380 4001 εὐχαῖς
3426 3931 3798 4000 φυλαχθέντας

2229 4024 2399 4094 ἡμᾶς,
2439 4022 2599 4088 δόξαν
2631 4023 2953 4093 ἀναπέμψαι
2977 4022 3054 4092 τῷ
3078 4022 3328 4092 παναγίῳ
3350 4021 3468 4092 Θεῷ
3491 4041 3503 4051 ·
3607 4023 3640 4089 ἡ
3670 4019 3799 4083 δόξα

2229 4116 2308 4178 εἰς
2329 4114 2455 4178 τοὺς
2483 4113 2691 4176 αἰῶνας
2719 4113 2827 4166 τῶν
2859 4112 3092 4166 αἰώνων.
3137 4113 3330 4182 Ἀμήν.

543 4201 870 4271 quandoque
893 4203 1082 4258 laudes
1113 4205 1462 4260 sanctissimo
1515 4207 1628 4261 Deo
1672 4205 1996 4276 depromere
2018 4206 2247 4261 valeam.
2272 4205 2373 4261 Cui
2404 4207 2475 4262 sit
2517 4205 2689 4276 gloria
2721 4206 2777 4260 in
2825 4206 3018 4260 saecula
3046 4205 3392 4259 szeeulorum.
3426 4214 3618 4255 amen.

541 4335 811 4351 ~—

1227 4435 1605 4526 Αἰ]Αοῐί
1702 4437 1782 4524 Μ
1809 4431 2394 4524 ELITENES
2467 4429 3132 4523 EPISTOLZE.

1988 4668 2326 4725 EPISTOLA
2364 4669 2404 4722 1.

1534 4779 1598 4818 ΑΒ
1635 4778 1892 4818 CYRILLUII
1926 4779 2328 4818 ALEXANDRINUM
2353 4774 2814 4815 ARCHIENSCOPUI.

550 4855 763 4928 (Exstat
801 4861 854 4914 in
889 4858 1147 4930 Synodico
1195 4857 1445 4913 adversus
1493 4856 1825 4929 Tragwdiam
1855 4859 2069 4923 Ircnazi,
2101 4875 2219 4930 cap.
2250 4858 2339 4922 85,
2369 4858 2508 4910 inter
2547 4853 2724 4924 Opera
2755 4854 3078 4918 Theodoreti,
3123 4855 3288 4924 infra,
3335 4863 3459 4909 tom.
3500 4852 3808 4927 LXXXIV.)

1992 5039 2327 5095 EPISTOLA
2365 5038 2429 5092 ll.

1458 5151 1522 5190 AD
1556 5149 1766 5188 EUMDEM
1790 5147 2001 5187 SCRIPTA
2027 5148 2150 5186 POS'I'
2182 5148 2418 5195 SYNODI‘DI
2451 5146 2631 5186 EPHESI
2667 5145 2906 5184 HABI'I'AM.

1890 5227 2014 5280 Vide
2037 5228 2185 5293 ibid.,
2214 5245 2332 5299 cap.
2359 5228 2481 5283 2l5.

628 5347 668 5377 ⁸³
692 5346 866 5401 Galat.
903 5364 960 5409 ιι.
999 5346 1089 5412 ειο,
1121 5347 1210 5400 21.

553 5431 632 5479 ιιι,
665 5416 749 5470 38.
815 5418 856 5447 ⁸³⁸
881 5418 981 5472 lsa.
1017 5433 1126 5482 un,
1153 5418 1203 5470 7.

1291 5346 1334 5378 "’*
1367 5343 1508 5398 Psal.
1546 5359 1725 5402 vam,
1753 5341 1842 5396 24.

1959 5343 2000 5372 ¹³
2107 5341 2235 5396 Cor.
2282 5359 2369 5404 xv,
2409 5343 2495 5397 5‘2.

1289 5415 1371 5470 "1
1400 5414 1526 5469 Cor.
1561 5430 1647 5476 xv,
1672 5412 1790 5466 4-6.
1867 5413 1912 5443 ¹⁰
1941 5411 2060 5465 Act.
2085 5427 2122 5476 ι,
2152 5413 2301 5467 9-H.

2614 5342 2657 5372 '°
2727 5340 2767 5394 11
2830 5340 2953 5395 Cor.
3008 5355 3078 5404 χι,
3129 5338 3198 5393 52
3277 5355 3430 5404 seqq.
3506 5339 3546 5370 "
3582 5339 3805 5396 Baruch

3277 5355 3430 5412 seqq.

2379 5414 2419 5443 ”
2445 5413 2633 5468 Matth.
2664 5427 2769 5475 xw,
2809 5411 2892 5466 18.

1633 5527 1807 5584 Varia:
1841 5528 2103 5583 lectiones
2136 5526 2340 5583 codicis
2372 5525 2737 5596 Seguicriani.

629 5651 654 5690 ι’
685 5641 778 5694 καί
809 5643 901 5713 μὴ.
978 5653 1005 5693 ιι
1035 5643 1127 5705 ὡς.
1222 5655 1240 5682 τ
1278 5644 1327 5696 τί
1355 5643 1412 5696 τὸ
1440 5642 1662 5712 ὅφελο;;
1743 5649 1765 5678 ³
1800 5641 2036 5711 ἐφάπαξ.
