  <div class='ocr_page' id='page_1' title='image "/cluster/home/n/w/nwhite01/storage/ocr_20150623/77/hvd.32044052822863/740.png"; bbox 0 0 4072 6210; ppageno 0'>
   <div class='ocr_carea' id='block_1_1' title="bbox 290 283 3475 349">
    <p class='ocr_par' dir='ltr' id='par_1_1' title="bbox 290 283 3475 349">
     <span class='ocr_line' id='line_1_1' title="bbox 290 283 3475 349; baseline -0.008 -1"><span class='ocrx_word' id='word_1_1' title='bbox 290 283 3475 349; x_wconf 50' lang='lat' dir='ltr'><strong>Ws“</strong></span> 
     </span>
    </p>
   </div>
   <div class='ocr_carea' id='block_1_2' title="bbox 879 299 3464 330">
    <p class='ocr_par' dir='ltr' id='par_1_2' title="bbox 879 299 3464 330">
     <span class='ocr_line' id='line_1_2' title="bbox 879 299 3464 330; baseline -0.012 15"><span class='ocrx_word' id='word_1_2' title='bbox 879 328 882 330; x_wconf 73' lang='grc'><em>’</em></span> <span class='ocrx_word' id='word_1_3' title='bbox 888 299 3464 330; x_wconf 43' lang='grc' dir='ltr'><strong>Μ-Μ-*ᾑ</strong></span> 
     </span>
    </p>
   </div>
   <div class='ocr_carea' id='block_1_3' title="bbox 1519 416 2263 466">
    <p class='ocr_par' dir='ltr' id='par_1_3' title="bbox 1519 416 2263 466">
     <span class='ocr_line' id='line_1_3' title="bbox 1519 416 2263 466; baseline -0.009 0"><span class='ocrx_word' id='word_1_4' title='bbox 1519 421 1685 466; x_wconf 78' lang='lat' dir='ltr'><strong>ANNO</strong></span> <span class='ocrx_word' id='word_1_5' title='bbox 1724 418 1949 465; x_wconf 75' lang='lat' dir='ltr'><strong>DOMINI</strong></span> <span class='ocrx_word' id='word_1_6' title='bbox 1989 416 2263 462; x_wconf 73' lang='lat' dir='ltr'><strong>CDXXXVI</strong></span> 
     </span>
    </p>
   </div>
   <div class='ocr_carea' id='block_1_4' title="bbox 1314 507 2457 793">
    <p class='ocr_par' dir='ltr' id='par_1_4' title="bbox 1314 507 2457 793">
     <span class='ocr_line' id='line_1_4' title="bbox 1314 507 2457 793; baseline -0.004 -33"><span class='ocrx_word' id='word_1_7' title='bbox 1314 507 2457 793; x_wconf 76' lang='lat' dir='ltr'><strong>BABBULAS</strong></span> 
     </span>
    </p>
   </div>
   <div class='ocr_carea' id='block_1_5' title="bbox 890 869 2905 1001">
    <p class='ocr_par' dir='ltr' id='par_1_5' title="bbox 890 869 2905 1001">
     <span class='ocr_line' id='line_1_5' title="bbox 890 869 2905 1001; baseline -0.008 -3"><span class='ocrx_word' id='word_1_8' title='bbox 890 876 1839 1000; x_wconf 87' lang='lat' dir='ltr'><strong>EDESSENUS</strong></span> <span class='ocrx_word' id='word_1_9' title='bbox 1950 869 2905 988; x_wconf 81' lang='lat' dir='ltr'><strong>EPISCOPUS.</strong></span> 
     </span>
    </p>
   </div>
   <div class='ocr_carea' id='block_1_6' title="bbox 1606 1187 2152 1279">
    <p class='ocr_par' dir='ltr' id='par_1_6' title="bbox 1606 1187 2152 1279">
     <span class='ocr_line' id='line_1_6' title="bbox 1606 1187 2152 1279; baseline -0.005 -2"><span class='ocrx_word' id='word_1_10' title='bbox 1606 1187 2152 1279; x_wconf 83' lang='lat' dir='ltr'><strong>NOTITIA.</strong></span> 
     </span>
    </p>
   </div>
   <div class='ocr_carea' id='block_1_7' title="bbox 1363 1334 2452 1406">
    <p class='ocr_par' dir='ltr' id='par_1_7' title="bbox 1363 1334 2452 1406">
     <span class='ocr_line' id='line_1_7' title="bbox 1363 1334 2452 1406; baseline -0.001 -14"><span class='ocrx_word' id='word_1_11' title='bbox 1363 1338 1559 1406; x_wconf 76' lang='lat' dir='ltr'><strong>(Oriens</strong></span> <span class='ocrx_word' id='word_1_12' title='bbox 1587 1334 1908 1397; x_wconf 83' lang='lat' dir='ltr'><strong>Christianus,</strong></span> <span class='ocrx_word' id='word_1_13' title='bbox 1930 1339 2050 1384; x_wconf 87' lang='lat' dir='ltr'><strong>tom.</strong></span> <span class='ocrx_word' id='word_1_14' title='bbox 2083 1335 2149 1397; x_wconf 90' lang='lat' dir='ltr'><strong>II,</strong></span> <span class='ocrx_word' id='word_1_15' title='bbox 2188 1339 2282 1389; x_wconf 90' lang='lat' dir='ltr'><strong>col.</strong></span> <span class='ocrx_word' id='word_1_16' title='bbox 2315 1338 2452 1403; x_wconf 77' lang='lat'><strong>959.)</strong></span> 
     </span>
    </p>
   </div>
   <div class='ocr_carea' id='block_1_8' title="bbox 342 1531 3532 1606">
    <p class='ocr_par' dir='ltr' id='par_1_8' title="bbox 342 1531 3532 1606">
     <span class='ocr_line' id='line_1_8' title="bbox 342 1531 3532 1606; baseline -0.002 -12"><span class='ocrx_word' id='word_1_17' title='bbox 342 1539 471 1594; x_wconf 90' lang='lat' dir='ltr'><strong>Post</strong></span> <span class='ocrx_word' id='word_1_18' title='bbox 501 1535 795 1606; x_wconf 75' lang='lat' dir='ltr'><strong>Diogenem</strong></span> <span class='ocrx_word' id='word_1_19' title='bbox 821 1534 889 1589; x_wconf 87' lang='lat' dir='ltr'><strong>ad</strong></span> <span class='ocrx_word' id='word_1_20' title='bbox 914 1532 1250 1589; x_wconf 88' lang='lat' dir='ltr'><strong>Edessenam</strong></span> <span class='ocrx_word' id='word_1_21' title='bbox 1279 1532 1464 1588; x_wconf 86' lang='lat' dir='ltr'><strong>sedem</strong></span> <span class='ocrx_word' id='word_1_22' title='bbox 1496 1542 1720 1589; x_wconf 84' lang='lat' dir='ltr'><strong>evectus</strong></span> <span class='ocrx_word' id='word_1_23' title='bbox 1749 1543 1834 1589; x_wconf 90' lang='lat' dir='ltr'><strong>est</strong></span> <span class='ocrx_word' id='word_1_24' title='bbox 1871 1532 2153 1589; x_wconf 82' lang='lat' dir='ltr'><strong>Rabbulas</strong></span> <span class='ocrx_word' id='word_1_25' title='bbox 2180 1549 2248 1588; x_wconf 88' lang='lat' dir='ltr'><strong>ex</strong></span> <span class='ocrx_word' id='word_1_26' title='bbox 2276 1531 2539 1587; x_wconf 93' lang='lat' dir='ltr'><strong>chronico</strong></span> <span class='ocrx_word' id='word_1_27' title='bbox 2568 1548 2721 1587; x_wconf 89' lang='lat' dir='ltr'><strong>num.</strong></span> <span class='ocrx_word' id='word_1_28' title='bbox 2747 1532 2809 1587; x_wconf 79' lang='grc'><strong>51</strong></span> <span class='ocrx_word' id='word_1_29' title='bbox 2847 1550 2860 1585; x_wconf 92' lang='lat'>:</span> <span class='ocrx_word' id='word_1_30' title='bbox 2891 1532 3045 1587; x_wconf 82' lang='lat' dir='ltr'><strong>Anno</strong></span> <span class='ocrx_word' id='word_1_31' title='bbox 3076 1534 3532 1604; x_wconf 77' lang='lat' dir='ltr'><strong>septingentesimo</strong></span> 
     </span>
    </p>
   </div>
   <div class='ocr_carea' id='block_1_9' title="bbox 276 1623 3535 1699">
    <p class='ocr_par' dir='ltr' id='par_1_9' title="bbox 276 1623 3535 1699">
     <span class='ocr_line' id='line_1_9' title="bbox 276 1623 3535 1699; baseline -0.003 -11"><span class='ocrx_word' id='word_1_32' title='bbox 276 1634 510 1688; x_wconf 81' lang='lat' dir='ltr'><strong>uicesimo</strong></span> <span class='ocrx_word' id='word_1_33' title='bbox 539 1629 691 1683; x_wconf 82' lang='lat' dir='ltr'><strong>tertio</strong></span> <span class='ocrx_word' id='word_1_34' title='bbox 724 1627 990 1683; x_wconf 85' lang='lat' dir='ltr'><strong>Rabbulas</strong></span> <span class='ocrx_word' id='word_1_35' title='bbox 1020 1627 1343 1683; x_wconf 82' lang='lat' dir='ltr'><strong>Edessenum</strong></span> <span class='ocrx_word' id='word_1_36' title='bbox 1374 1629 1728 1699; x_wconf 77' lang='lat' dir='ltr'><strong>episcopatum</strong></span> <span class='ocrx_word' id='word_1_37' title='bbox 1759 1630 2054 1699; x_wconf 74' lang='lat' dir='ltr'><strong>capessivit.</strong></span> <span class='ocrx_word' id='word_1_38' title='bbox 2096 1628 2194 1683; x_wconf 82' lang='lat' dir='ltr'><strong>Hic</strong></span> <span class='ocrx_word' id='word_1_39' title='bbox 2226 1628 2561 1699; x_wconf 77' lang='lat' dir='ltr'><strong>imperatoris</strong></span> <span class='ocrx_word' id='word_1_40' title='bbox 2577 1628 2730 1697; x_wconf 79' lang='lat' dir='ltr'><strong>jussu</strong></span> <span class='ocrx_word' id='word_1_41' title='bbox 2758 1626 3036 1695; x_wconf 69' lang='lat' dir='ltr'><strong>aediﬁcavit</strong></span> <span class='ocrx_word' id='word_1_42' title='bbox 3075 1626 3327 1696; x_wconf 76' lang='lat' dir='ltr'><strong>templum</strong></span> <span class='ocrx_word' id='word_1_43' title='bbox 3353 1623 3535 1682; x_wconf 82' lang='lat' dir='ltr'><strong>Sancti</strong></span> 
     </span>
    </p>
   </div>
   <div class='ocr_carea' id='block_1_10' title="bbox 279 1718 3534 1795">
    <p class='ocr_par' dir='ltr' id='par_1_10' title="bbox 279 1718 3534 1795">
     <span class='ocr_line' id='line_1_10' title="bbox 279 1718 3534 1795; baseline -0.002 -17"><span class='ocrx_word' id='word_1_44' title='bbox 279 1723 529 1795; x_wconf 77' lang='lat' dir='ltr'><strong>Stephani</strong></span> <span class='ocrx_word' id='word_1_45' title='bbox 553 1721 691 1792; x_wconf 80' lang='lat' dir='ltr'><strong>quod</strong></span> <span class='ocrx_word' id='word_1_46' title='bbox 720 1728 879 1775; x_wconf 86' lang='lat' dir='ltr'><strong>antea</strong></span> <span class='ocrx_word' id='word_1_47' title='bbox 903 1720 1086 1774; x_wconf 86' lang='lat' dir='ltr'><strong>domus</strong></span> <span class='ocrx_word' id='word_1_48' title='bbox 1110 1718 1327 1775; x_wconf 82' lang='lat' dir='ltr'><strong>Sabbati</strong></span> <span class='ocrx_word' id='word_1_49' title='bbox 1348 1720 1541 1790; x_wconf 78' lang='lat' dir='ltr'><strong>fuerat,</strong></span> <span class='ocrx_word' id='word_1_50' title='bbox 1567 1720 1621 1775; x_wconf 83' lang='lat' dir='ltr'><strong>id</strong></span> <span class='ocrx_word' id='word_1_51' title='bbox 1644 1729 1720 1775; x_wconf 87' lang='lat' dir='ltr'><strong>est</strong></span> <span class='ocrx_word' id='word_1_52' title='bbox 1742 1738 2014 1794; x_wconf 79' lang='lat' dir='ltr'><strong>synagoga</strong></span> <span class='ocrx_word' id='word_1_53' title='bbox 2034 1721 2360 1777; x_wconf 74' lang='lat' dir='ltr'><strong>Judozorum.</strong></span> <span class='ocrx_word' id='word_1_54' title='bbox 2384 1720 2577 1775; x_wconf 87' lang='lat' dir='ltr'><strong><em>Annus</em></strong></span> <span class='ocrx_word' id='word_1_55' title='bbox 2600 1720 2917 1775; x_wconf 67' lang='lat' dir='ltr'><strong>Graecorum</strong></span> <span class='ocrx_word' id='word_1_56' title='bbox 2945 1719 3048 1773; x_wconf 71' lang='lat'><strong>725</strong></span> <span class='ocrx_word' id='word_1_57' title='bbox 3076 1729 3159 1774; x_wconf 90' lang='lat' dir='ltr'><strong>est</strong></span> <span class='ocrx_word' id='word_1_58' title='bbox 3181 1719 3385 1774; x_wconf 87' lang='lat' dir='ltr'><strong>Christi</strong></span> <span class='ocrx_word' id='word_1_59' title='bbox 3410 1719 3534 1773; x_wconf 73' lang='grc'><strong>412.</strong></span> 
     </span>
    </p>
   </div>
   <div class='ocr_carea' id='block_1_11' title="bbox 280 1810 3536 1884">
    <p class='ocr_par' dir='ltr' id='par_1_11' title="bbox 280 1810 3536 1884">
     <span class='ocr_line' id='line_1_11' title="bbox 280 1810 3536 1884; baseline -0.001 -16"><span class='ocrx_word' id='word_1_60' title='bbox 280 1814 540 1869; x_wconf 68' lang='lat' dir='ltr'><strong>Rabbulai</strong></span> <span class='ocrx_word' id='word_1_61' title='bbox 572 1812 727 1868; x_wconf 88' lang='lat' dir='ltr'><strong>initia</strong></span> <span class='ocrx_word' id='word_1_62' title='bbox 757 1811 1153 1871; x_wconf 89' lang='lat' dir='ltr'><strong>describuntur</strong></span> <span class='ocrx_word' id='word_1_63' title='bbox 1186 1811 1242 1866; x_wconf 91' lang='lat' dir='ltr'><strong>in</strong></span> <span class='ocrx_word' id='word_1_64' title='bbox 1270 1812 1395 1868; x_wconf 73' lang='lat' dir='ltr'><strong>Vita</strong></span> <span class='ocrx_word' id='word_1_65' title='bbox 1430 1812 1603 1866; x_wconf 88' lang='lat' dir='ltr'><strong>sancti</strong></span> <span class='ocrx_word' id='word_1_66' title='bbox 1638 1813 1937 1868; x_wconf 82' lang='lat' dir='ltr'><strong>Alexandri</strong></span> <span class='ocrx_word' id='word_1_67' title='bbox 1980 1813 2268 1879; x_wconf 69' lang='lat' dir='ltr'><strong>Acmmeti,</strong></span> <span class='ocrx_word' id='word_1_68' title='bbox 2303 1830 2427 1884; x_wconf 66' lang='lat' dir='ltr'><strong>qua:</strong></span> <span class='ocrx_word' id='word_1_69' title='bbox 2454 1813 2648 1867; x_wconf 89' lang='lat' dir='ltr'><strong>Latine</strong></span> <span class='ocrx_word' id='word_1_70' title='bbox 2681 1813 2829 1868; x_wconf 88' lang='lat' dir='ltr'><strong>edita</strong></span> <span class='ocrx_word' id='word_1_71' title='bbox 2860 1820 2947 1867; x_wconf 86' lang='lat' dir='ltr'><strong>est</strong></span> <span class='ocrx_word' id='word_1_72' title='bbox 2986 1812 3131 1867; x_wconf 88' lang='lat' dir='ltr'><strong>inter</strong></span> <span class='ocrx_word' id='word_1_73' title='bbox 3167 1812 3301 1867; x_wconf 82' lang='lat' dir='ltr'><strong>Acta</strong></span> <span class='ocrx_word' id='word_1_74' title='bbox 3341 1811 3437 1867; x_wconf 88' lang='lat' dir='ltr'><strong>SS.</strong></span> <span class='ocrx_word' id='word_1_75' title='bbox 3468 1810 3536 1865; x_wconf 87' lang='lat' dir='ltr'><strong>ad</strong></span> 
     </span>
    </p>
   </div>
   <div class='ocr_carea' id='block_1_12' title="bbox 277 1889 3539 1993">
    <p class='ocr_par' dir='ltr' id='par_1_12' title="bbox 277 1889 3539 1993">
     <span class='ocr_line' id='line_1_12' title="bbox 277 1889 3539 1993; baseline -0.002 -29"><span class='ocrx_word' id='word_1_76' title='bbox 277 1908 421 1964; x_wconf 86' lang='lat' dir='ltr'><strong>diem</strong></span> <span class='ocrx_word' id='word_1_77' title='bbox 454 1908 522 1963; x_wconf 77' lang='grc'><strong>15</strong></span> <span class='ocrx_word' id='word_1_78' title='bbox 550 1908 821 1964; x_wconf 82' lang='lat' dir='ltr'><strong>Januarii.</strong></span> <span class='ocrx_word' id='word_1_79' title='bbox 848 1907 927 1962; x_wconf 88' lang='lat' dir='ltr'><strong>Ea</strong></span> <span class='ocrx_word' id='word_1_80' title='bbox 951 1906 1131 1962; x_wconf 77' lang='lat' dir='ltr'><strong>fertur</strong></span> <span class='ocrx_word' id='word_1_81' title='bbox 1155 1906 1470 1962; x_wconf 80' lang='lat' dir='ltr'><strong>Rabbulum</strong></span> <span class='ocrx_word' id='word_1_82' title='bbox 1507 1907 1622 1962; x_wconf 87' lang='lat' dir='ltr'><strong>sive</strong></span> <span class='ocrx_word' id='word_1_83' title='bbox 1660 1907 1993 1974; x_wconf 85' lang='lat' dir='ltr'><strong>Rabbulam,</strong></span> <span class='ocrx_word' id='word_1_84' title='bbox 2032 1908 2129 1980; x_wconf 88' lang='lat' dir='ltr'><strong>qui</strong></span> <span class='ocrx_word' id='word_1_85' title='bbox 2158 1889 2542 1993; x_wconf 38' lang='lat' dir='ltr'><strong>nescioOcujus</strong></span> <span class='ocrx_word' id='word_1_86' title='bbox 2574 1907 2727 1963; x_wconf 86' lang='lat' dir='ltr'><strong>urbis</strong></span> <span class='ocrx_word' id='word_1_87' title='bbox 2764 1905 3054 1977; x_wconf 61' lang='lat' dir='ltr'><strong>prafectus</strong></span> <span class='ocrx_word' id='word_1_88' title='bbox 3084 1914 3224 1970; x_wconf 88' lang='lat' dir='ltr'><strong>erat,</strong></span> <span class='ocrx_word' id='word_1_89' title='bbox 3250 1921 3314 1959; x_wconf 83' lang='lat' dir='ltr'><strong>ex</strong></span> <span class='ocrx_word' id='word_1_90' title='bbox 3348 1903 3539 1975; x_wconf 78' lang='lat' dir='ltr'><strong>gentili</strong></span> 
     </span>
    </p>
   </div>
   <div class='ocr_carea' id='block_1_13' title="bbox 276 1994 3540 2072">
    <p class='ocr_par' dir='ltr' id='par_1_13' title="bbox 276 1994 3540 2072">
     <span class='ocr_line' id='line_1_13' title="bbox 276 1994 3540 2072; baseline -0.002 -16"><span class='ocrx_word' id='word_1_91' title='bbox 276 1999 651 2056; x_wconf 88' lang='lat' dir='ltr'><strong>Christianum</strong></span> <span class='ocrx_word' id='word_1_92' title='bbox 690 1998 917 2064; x_wconf 83' lang='lat' dir='ltr'><strong>factum,</strong></span> <span class='ocrx_word' id='word_1_93' title='bbox 946 1998 1068 2054; x_wconf 89' lang='lat' dir='ltr'><strong>viso</strong></span> <span class='ocrx_word' id='word_1_94' title='bbox 1096 1997 1362 2054; x_wconf 88' lang='lat' dir='ltr'><strong>miraculo</strong></span> <span class='ocrx_word' id='word_1_95' title='bbox 1399 1998 1547 2070; x_wconf 92' lang='lat' dir='ltr'><strong>quod</strong></span> <span class='ocrx_word' id='word_1_96' title='bbox 1584 1999 1731 2056; x_wconf 86' lang='lat' dir='ltr'><strong>Deus</strong></span> <span class='ocrx_word' id='word_1_97' title='bbox 1767 2000 2065 2057; x_wconf 82' lang='lat' dir='ltr'><strong>Alexandri</strong></span> <span class='ocrx_word' id='word_1_98' title='bbox 2087 2001 2347 2072; x_wconf 88' lang='lat' dir='ltr'><strong>precibus</strong></span> <span class='ocrx_word' id='word_1_99' title='bbox 2377 2009 2635 2055; x_wconf 84' lang='lat' dir='ltr'><strong>exoratus</strong></span> <span class='ocrx_word' id='word_1_100' title='bbox 2670 1998 2941 2064; x_wconf 82' lang='lat' dir='ltr'><strong>ediderat,</strong></span> <span class='ocrx_word' id='word_1_101' title='bbox 2969 1999 3090 2068; x_wconf 86' lang='lat' dir='ltr'><strong>ejus</strong></span> <span class='ocrx_word' id='word_1_102' title='bbox 3122 2012 3180 2053; x_wconf 88' lang='lat' dir='ltr'><strong>se</strong></span> <span class='ocrx_word' id='word_1_103' title='bbox 3213 2012 3339 2051; x_wconf 89' lang='lat' dir='ltr'><strong>mox</strong></span> <span class='ocrx_word' id='word_1_104' title='bbox 3370 1994 3540 2049; x_wconf 85' lang='lat' dir='ltr'><strong>disci-</strong></span> 
     </span>
    </p>
   </div>
   <div class='ocr_carea' id='block_1_14' title="bbox 279 2085 3544 2162">
    <p class='ocr_par' dir='ltr' id='par_1_14' title="bbox 279 2085 3544 2162">
     <span class='ocr_line' id='line_1_14' title="bbox 279 2085 3544 2162; baseline -0.002 -17"><span class='ocrx_word' id='word_1_105' title='bbox 279 2090 443 2161; x_wconf 67' lang='lat' dir='ltr'><strong>plinae</strong></span> <span class='ocrx_word' id='word_1_106' title='bbox 464 2088 797 2153; x_wconf 88' lang='lat' dir='ltr'><strong>subdidisse,</strong></span> <span class='ocrx_word' id='word_1_107' title='bbox 824 2096 941 2143; x_wconf 90' lang='lat' dir='ltr'><strong>tum</strong></span> <span class='ocrx_word' id='word_1_108' title='bbox 965 2090 1141 2144; x_wconf 90' lang='lat' dir='ltr'><strong>altero</strong></span> <span class='ocrx_word' id='word_1_109' title='bbox 1168 2104 1387 2144; x_wconf 85' lang='lat' dir='ltr'><strong>rursum</strong></span> <span class='ocrx_word' id='word_1_110' title='bbox 1416 2096 1651 2160; x_wconf 88' lang='lat' dir='ltr'><strong>patrato,</strong></span> <span class='ocrx_word' id='word_1_111' title='bbox 1680 2091 2000 2162; x_wconf 56' lang='lat' dir='ltr'><strong>reipublicae</strong></span> <span class='ocrx_word' id='word_1_112' title='bbox 2026 2107 2228 2147; x_wconf 88' lang='lat' dir='ltr'><strong>munus</strong></span> <span class='ocrx_word' id='word_1_113' title='bbox 2258 2090 2405 2161; x_wconf 88' lang='lat' dir='ltr'><strong>quod</strong></span> <span class='ocrx_word' id='word_1_114' title='bbox 2436 2089 2680 2161; x_wconf 87' lang='lat' dir='ltr'><strong>gerebat,</strong></span> <span class='ocrx_word' id='word_1_115' title='bbox 2707 2088 3034 2159; x_wconf 82' lang='lat' dir='ltr'><strong>resignasse,</strong></span> <span class='ocrx_word' id='word_1_116' title='bbox 3067 2085 3225 2140; x_wconf 86' lang='lat' dir='ltr'><strong>uxori</strong></span> <span class='ocrx_word' id='word_1_117' title='bbox 3254 2085 3396 2139; x_wconf 89' lang='lat' dir='ltr'><strong>bona</strong></span> <span class='ocrx_word' id='word_1_118' title='bbox 3423 2097 3544 2154; x_wconf 71' lang='lat' dir='ltr'><strong>quae</strong></span> 
     </span>
    </p>
   </div>
   <div class='ocr_carea' id='block_1_15' title="bbox 276 2184 3547 2255">
    <p class='ocr_par' dir='ltr' id='par_1_15' title="bbox 276 2184 3547 2255">
     <span class='ocr_line' id='line_1_15' title="bbox 276 2184 3547 2255; baseline -0.001 -16"><span class='ocrx_word' id='word_1_119' title='bbox 276 2184 350 2239; x_wconf 85' lang='lat' dir='ltr'><strong>ab</strong></span> <span class='ocrx_word' id='word_1_120' title='bbox 372 2198 437 2240; x_wconf 91' lang='lat' dir='ltr'><strong>ea</strong></span> <span class='ocrx_word' id='word_1_121' title='bbox 463 2193 769 2255; x_wconf 88' lang='lat' dir='ltr'><strong>acceperat,</strong></span> <span class='ocrx_word' id='word_1_122' title='bbox 809 2184 1138 2250; x_wconf 88' lang='lat' dir='ltr'><strong>restituisse,</strong></span> <span class='ocrx_word' id='word_1_123' title='bbox 1175 2185 1502 2255; x_wconf 89' lang='lat' dir='ltr'><strong>ﬁliabusque</strong></span> <span class='ocrx_word' id='word_1_124' title='bbox 1528 2188 1665 2254; x_wconf 87' lang='lat' dir='ltr'><strong>suis,</strong></span> <span class='ocrx_word' id='word_1_125' title='bbox 1701 2203 1891 2244; x_wconf 90' lang='lat' dir='ltr'><strong>servos</strong></span> <span class='ocrx_word' id='word_1_126' title='bbox 1914 2189 2046 2244; x_wconf 88' lang='lat' dir='ltr'><strong>item</strong></span> <span class='ocrx_word' id='word_1_127' title='bbox 2081 2203 2210 2244; x_wconf 90' lang='lat' dir='ltr'><strong>suos</strong></span> <span class='ocrx_word' id='word_1_128' title='bbox 2246 2187 2504 2243; x_wconf 85' lang='lat' dir='ltr'><strong>libertate</strong></span> <span class='ocrx_word' id='word_1_129' title='bbox 2533 2185 2766 2241; x_wconf 88' lang='lat' dir='ltr'><strong>donasse</strong></span> <span class='ocrx_word' id='word_1_130' title='bbox 2796 2201 2810 2238; x_wconf 86' lang='lat'><strong>:</strong></span> <span class='ocrx_word' id='word_1_131' title='bbox 2841 2198 3088 2249; x_wconf 89' lang='lat' dir='ltr'><strong>uxorem,</strong></span> <span class='ocrx_word' id='word_1_132' title='bbox 3119 2189 3398 2236; x_wconf 86' lang='lat' dir='ltr'><strong>annuente</strong></span> <span class='ocrx_word' id='word_1_133' title='bbox 3431 2194 3547 2235; x_wconf 86' lang='lat' dir='ltr'><strong>ma-</strong></span> 
     </span>
    </p>
   </div>
   <div class='ocr_carea' id='block_1_16' title="bbox 281 2273 3547 2348">
    <p class='ocr_par' dir='ltr' id='par_1_16' title="bbox 281 2273 3547 2348">
     <span class='ocr_line' id='line_1_16' title="bbox 281 2273 3547 2348; baseline -0.002 -18"><span class='ocrx_word' id='word_1_134' title='bbox 281 2275 410 2341; x_wconf 87' lang='lat' dir='ltr'><strong>rito,</strong></span> <span class='ocrx_word' id='word_1_135' title='bbox 437 2276 494 2330; x_wconf 90' lang='lat' dir='ltr'><strong>in</strong></span> <span class='ocrx_word' id='word_1_136' title='bbox 518 2277 912 2332; x_wconf 88' lang='lat' dir='ltr'><strong>monasterium</strong></span> <span class='ocrx_word' id='word_1_137' title='bbox 939 2277 1087 2348; x_wconf 90' lang='lat' dir='ltr'><strong>quod</strong></span> <span class='ocrx_word' id='word_1_138' title='bbox 1115 2279 1408 2345; x_wconf 80' lang='lat' dir='ltr'><strong>exstruxit,</strong></span> <span class='ocrx_word' id='word_1_139' title='bbox 1454 2294 1561 2335; x_wconf 86' lang='lat' dir='ltr'><strong>una</strong></span> <span class='ocrx_word' id='word_1_140' title='bbox 1607 2296 1735 2337; x_wconf 90' lang='lat' dir='ltr'><strong>cum</strong></span> <span class='ocrx_word' id='word_1_141' title='bbox 1760 2280 1980 2337; x_wconf 88' lang='lat' dir='ltr'><strong>ﬁliabus</strong></span> <span class='ocrx_word' id='word_1_142' title='bbox 2000 2288 2057 2337; x_wconf 89' lang='lat' dir='ltr'><strong>et</strong></span> <span class='ocrx_word' id='word_1_143' title='bbox 2084 2280 2301 2336; x_wconf 84' lang='lat' dir='ltr'><strong>ancillis</strong></span> <span class='ocrx_word' id='word_1_144' title='bbox 2326 2279 2442 2334; x_wconf 90' lang='lat' dir='ltr'><strong>Deo</strong></span> <span class='ocrx_word' id='word_1_145' title='bbox 2472 2276 2751 2340; x_wconf 88' lang='lat' dir='ltr'><strong>serviisse,</strong></span> <span class='ocrx_word' id='word_1_146' title='bbox 2774 2290 2901 2331; x_wconf 91' lang='lat' dir='ltr'><strong>cum</strong></span> <span class='ocrx_word' id='word_1_147' title='bbox 2930 2274 3022 2328; x_wconf 92' lang='lat' dir='ltr'><strong>ille</strong></span> <span class='ocrx_word' id='word_1_148' title='bbox 3052 2273 3274 2328; x_wconf 84' lang='lat' dir='ltr'><strong>interim</strong></span> <span class='ocrx_word' id='word_1_149' title='bbox 3299 2284 3547 2326; x_wconf 90' lang='lat' dir='ltr'><strong>eremum</strong></span> 
     </span>
    </p>
   </div>
   <div class='ocr_carea' id='block_1_17' title="bbox 282 2365 3547 2442">
    <p class='ocr_par' dir='ltr' id='par_1_17' title="bbox 282 2365 3547 2442">
     <span class='ocr_line' id='line_1_17' title="bbox 282 2365 3547 2442; baseline -0.001 -23"><span class='ocrx_word' id='word_1_150' title='bbox 282 2366 552 2436; x_wconf 90' lang='lat' dir='ltr'><strong>petiisset.</strong></span> <span class='ocrx_word' id='word_1_151' title='bbox 592 2366 722 2423; x_wconf 92' lang='lat' dir='ltr'><strong>Post</strong></span> <span class='ocrx_word' id='word_1_152' title='bbox 751 2382 904 2434; x_wconf 88' lang='lat' dir='ltr'><strong>vero,</strong></span> <span class='ocrx_word' id='word_1_153' title='bbox 937 2366 1213 2424; x_wconf 86' lang='lat' dir='ltr'><strong>Edessena</strong></span> <span class='ocrx_word' id='word_1_154' title='bbox 1253 2370 1383 2425; x_wconf 90' lang='lat' dir='ltr'><strong>sede</strong></span> <span class='ocrx_word' id='word_1_155' title='bbox 1414 2379 1635 2442; x_wconf 84' lang='lat' dir='ltr'><strong>pastore</strong></span> <span class='ocrx_word' id='word_1_156' title='bbox 1662 2373 1909 2440; x_wconf 76' lang='lat' dir='ltr'><strong>viduata,</strong></span> <span class='ocrx_word' id='word_1_157' title='bbox 1937 2374 2005 2430; x_wconf 89' lang='lat' dir='ltr'><strong>ab</strong></span> <span class='ocrx_word' id='word_1_158' title='bbox 2036 2373 2292 2428; x_wconf 89' lang='lat' dir='ltr'><strong>universa</strong></span> <span class='ocrx_word' id='word_1_159' title='bbox 2321 2371 2544 2427; x_wconf 85' lang='lat' dir='ltr'><strong>civitate</strong></span> <span class='ocrx_word' id='word_1_160' title='bbox 2568 2367 3070 2437; x_wconf 89' lang='lat' dir='ltr'><strong>circumvicinaque</strong></span> <span class='ocrx_word' id='word_1_161' title='bbox 3103 2365 3325 2436; x_wconf 81' lang='lat' dir='ltr'><strong>regione</strong></span> <span class='ocrx_word' id='word_1_162' title='bbox 3354 2371 3547 2434; x_wconf 89' lang='lat' dir='ltr'><strong>postu-</strong></span> 
     </span>
    </p>
   </div>
   <div class='ocr_carea' id='block_1_18' title="bbox 285 2455 3552 2538">
    <p class='ocr_par' dir='ltr' id='par_1_18' title="bbox 285 2455 3552 2538">
     <span class='ocr_line' id='line_1_18' title="bbox 285 2455 3552 2538; baseline -0 -27"><span class='ocrx_word' id='word_1_163' title='bbox 285 2457 429 2512; x_wconf 86' lang='lat' dir='ltr'><strong>latus</strong></span> <span class='ocrx_word' id='word_1_164' title='bbox 451 2466 536 2514; x_wconf 89' lang='lat' dir='ltr'><strong>est</strong></span> <span class='ocrx_word' id='word_1_165' title='bbox 562 2458 874 2530; x_wconf 90' lang='lat' dir='ltr'><strong>episcopus,</strong></span> <span class='ocrx_word' id='word_1_166' title='bbox 912 2475 1147 2531; x_wconf 88' lang='lat' dir='ltr'><strong>moxque</strong></span> <span class='ocrx_word' id='word_1_167' title='bbox 1176 2462 1377 2520; x_wconf 80' lang='lat' dir='ltr'><strong>divinae</strong></span> <span class='ocrx_word' id='word_1_168' title='bbox 1409 2465 1742 2536; x_wconf 83' lang='lat' dir='ltr'><strong>cognitionis</strong></span> <span class='ocrx_word' id='word_1_169' title='bbox 1782 2466 2045 2538; x_wconf 86' lang='lat' dir='ltr'><strong>magister</strong></span> <span class='ocrx_word' id='word_1_170' title='bbox 2083 2480 2205 2520; x_wconf 88' lang='lat' dir='ltr'><strong>esse</strong></span> <span class='ocrx_word' id='word_1_171' title='bbox 2243 2464 2420 2520; x_wconf 81' lang='lat' dir='ltr'><strong>factus</strong></span> <span class='ocrx_word' id='word_1_172' title='bbox 2457 2461 2684 2527; x_wconf 90' lang='lat' dir='ltr'><strong>dicitur,</strong></span> <span class='ocrx_word' id='word_1_173' title='bbox 2717 2478 2829 2516; x_wconf 89' lang='lat' dir='ltr'><strong>non</strong></span> <span class='ocrx_word' id='word_1_174' title='bbox 2869 2462 3045 2516; x_wconf 91' lang='lat' dir='ltr'><strong>solum</strong></span> <span class='ocrx_word' id='word_1_175' title='bbox 3087 2457 3256 2528; x_wconf 78' lang='lat' dir='ltr'><strong>Syris,</strong></span> <span class='ocrx_word' id='word_1_176' title='bbox 3295 2455 3552 2510; x_wconf 86' lang='lat' dir='ltr'><strong>Armenis</strong></span> 
     </span>
    </p>
   </div>
   <div class='ocr_carea' id='block_1_19' title="bbox 286 2548 3550 2631">
    <p class='ocr_par' dir='ltr' id='par_1_19' title="bbox 286 2548 3550 2631">
     <span class='ocr_line' id='line_1_19' title="bbox 286 2548 3550 2631; baseline -0.001 -27"><span class='ocrx_word' id='word_1_177' title='bbox 286 2564 350 2606; x_wconf 88' lang='lat' dir='ltr'><strong>ac</strong></span> <span class='ocrx_word' id='word_1_178' title='bbox 372 2551 575 2617; x_wconf 85' lang='lat' dir='ltr'><strong>Persis,</strong></span> <span class='ocrx_word' id='word_1_179' title='bbox 613 2552 708 2607; x_wconf 90' lang='lat' dir='ltr'><strong>sed</strong></span> <span class='ocrx_word' id='word_1_180' title='bbox 749 2554 846 2610; x_wconf 92' lang='lat' dir='ltr'><strong>toti</strong></span> <span class='ocrx_word' id='word_1_181' title='bbox 885 2554 1002 2611; x_wconf 87' lang='lat' dir='ltr'><strong>fere</strong></span> <span class='ocrx_word' id='word_1_182' title='bbox 1046 2556 1166 2612; x_wconf 88' lang='lat' dir='ltr'><strong>orbi</strong></span> <span class='ocrx_word' id='word_1_183' title='bbox 1200 2567 1493 2614; x_wconf 85' lang='lat' dir='ltr'><strong>terrarum.</strong></span> <span class='ocrx_word' id='word_1_184' title='bbox 1525 2559 1721 2615; x_wconf 87' lang='lat' dir='ltr'><strong>Erecta</strong></span> <span class='ocrx_word' id='word_1_185' title='bbox 1755 2561 1868 2631; x_wconf 87' lang='lat' dir='ltr'><strong>jam</strong></span> <span class='ocrx_word' id='word_1_186' title='bbox 1903 2560 2035 2615; x_wconf 91' lang='lat' dir='ltr'><strong>olim</strong></span> <span class='ocrx_word' id='word_1_187' title='bbox 2063 2560 2281 2616; x_wconf 82' lang='lat' dir='ltr'><strong>Edessae</strong></span> <span class='ocrx_word' id='word_1_188' title='bbox 2325 2567 2447 2614; x_wconf 89' lang='lat' dir='ltr'><strong>erat</strong></span> <span class='ocrx_word' id='word_1_189' title='bbox 2478 2557 2714 2627; x_wconf 73' lang='lat' dir='ltr'><strong>Syriacae</strong></span> <span class='ocrx_word' id='word_1_190' title='bbox 2756 2553 2976 2608; x_wconf 87' lang='lat' dir='ltr'><strong>dialecti</strong></span> <span class='ocrx_word' id='word_1_191' title='bbox 3011 2550 3198 2606; x_wconf 79' lang='lat' dir='ltr'><strong>schola</strong></span> <span class='ocrx_word' id='word_1_192' title='bbox 3238 2551 3294 2604; x_wconf 90' lang='lat' dir='ltr'><strong>in</strong></span> <span class='ocrx_word' id='word_1_193' title='bbox 3326 2548 3550 2603; x_wconf 89' lang='lat' dir='ltr'><strong>urbium</strong></span> 
     </span>
    </p>
   </div>
   <div class='ocr_carea' id='block_1_20' title="bbox 293 2642 3549 2721">
    <p class='ocr_par' dir='ltr' id='par_1_20' title="bbox 293 2642 3549 2721">
     <span class='ocr_line' id='line_1_20' title="bbox 293 2642 3549 2721; baseline 0.001 -25"><span class='ocrx_word' id='word_1_194' title='bbox 293 2643 598 2698; x_wconf 89' lang='lat' dir='ltr'><strong>vicinarum</strong></span> <span class='ocrx_word' id='word_1_195' title='bbox 627 2647 997 2714; x_wconf 91' lang='lat' dir='ltr'><strong>commodum,</strong></span> <span class='ocrx_word' id='word_1_196' title='bbox 1035 2649 1102 2704; x_wconf 93' lang='lat' dir='ltr'><strong>ad</strong></span> <span class='ocrx_word' id='word_1_197' title='bbox 1136 2666 1299 2720; x_wconf 90' lang='lat' dir='ltr'><strong>quam</strong></span> <span class='ocrx_word' id='word_1_198' title='bbox 1331 2650 1433 2705; x_wconf 91' lang='lat' dir='ltr'><strong>viri</strong></span> <span class='ocrx_word' id='word_1_199' title='bbox 1466 2651 1746 2721; x_wconf 86' lang='lat' dir='ltr'><strong>principes</strong></span> <span class='ocrx_word' id='word_1_200' title='bbox 1770 2660 1826 2705; x_wconf 90' lang='lat' dir='ltr'><strong>et</strong></span> <span class='ocrx_word' id='word_1_201' title='bbox 1850 2651 2153 2719; x_wconf 85' lang='lat' dir='ltr'><strong>locupletes</strong></span> <span class='ocrx_word' id='word_1_202' title='bbox 2192 2649 2285 2702; x_wconf 87' lang='lat' dir='ltr'><strong>alii</strong></span> <span class='ocrx_word' id='word_1_203' title='bbox 2313 2648 2453 2701; x_wconf 87' lang='lat' dir='ltr'><strong>ﬁlios</strong></span> <span class='ocrx_word' id='word_1_204' title='bbox 2496 2660 2627 2700; x_wconf 91' lang='lat' dir='ltr'><strong>suos</strong></span> <span class='ocrx_word' id='word_1_205' title='bbox 2654 2644 3016 2698; x_wconf 87' lang='lat' dir='ltr'><strong>institutionis</strong></span> <span class='ocrx_word' id='word_1_206' title='bbox 3036 2643 3211 2714; x_wconf 88' lang='lat' dir='ltr'><strong>gratia</strong></span> <span class='ocrx_word' id='word_1_207' title='bbox 3238 2642 3549 2699; x_wconf 87' lang='lat' dir='ltr'><strong>mittebant.</strong></span> 
     </span>
    </p>
   </div>
   <div class='ocr_carea' id='block_1_21' title="bbox 292 2735 3551 2809">
    <p class='ocr_par' dir='ltr' id='par_1_21' title="bbox 292 2735 3551 2809">
     <span class='ocr_line' id='line_1_21' title="bbox 292 2735 3551 2809; baseline 0.001 -20"><span class='ocrx_word' id='word_1_208' title='bbox 292 2735 569 2791; x_wconf 82' lang='lat' dir='ltr'><strong>Rabbulas</strong></span> <span class='ocrx_word' id='word_1_209' title='bbox 600 2753 736 2793; x_wconf 88' lang='lat' dir='ltr'><strong>vero</strong></span> <span class='ocrx_word' id='word_1_210' title='bbox 766 2739 1055 2808; x_wconf 80' lang='lat' dir='ltr'><strong>gentilium</strong></span> <span class='ocrx_word' id='word_1_211' title='bbox 1095 2741 1302 2795; x_wconf 90' lang='lat' dir='ltr'><strong>liberos</strong></span> <span class='ocrx_word' id='word_1_212' title='bbox 1341 2742 1408 2794; x_wconf 92' lang='lat' dir='ltr'><strong>ad</strong></span> <span class='ocrx_word' id='word_1_213' title='bbox 1450 2756 1508 2794; x_wconf 89' lang='lat' dir='ltr'><strong>se</strong></span> <span class='ocrx_word' id='word_1_214' title='bbox 1548 2740 1636 2793; x_wconf 92' lang='lat' dir='ltr'><strong>bis</strong></span> <span class='ocrx_word' id='word_1_215' title='bbox 1665 2741 1892 2809; x_wconf 87' lang='lat' dir='ltr'><strong>singulis</strong></span> <span class='ocrx_word' id='word_1_216' title='bbox 1932 2738 2221 2793; x_wconf 89' lang='lat' dir='ltr'><strong>mensibus</strong></span> <span class='ocrx_word' id='word_1_217' title='bbox 2262 2736 2601 2801; x_wconf 88' lang='lat' dir='ltr'><strong>accersebat,</strong></span> <span class='ocrx_word' id='word_1_218' title='bbox 2631 2752 2771 2806; x_wconf 90' lang='lat' dir='ltr'><strong>quos</strong></span> <span class='ocrx_word' id='word_1_219' title='bbox 2801 2736 3049 2791; x_wconf 80' lang='lat' dir='ltr'><strong>veritatis</strong></span> <span class='ocrx_word' id='word_1_220' title='bbox 3074 2736 3258 2790; x_wconf 83' lang='lat' dir='ltr'><strong>verbis</strong></span> <span class='ocrx_word' id='word_1_221' title='bbox 3284 2736 3551 2792; x_wconf 87' lang='lat' dir='ltr'><strong>erudiret.</strong></span> 
     </span>
    </p>
   </div>
   <div class='ocr_carea' id='block_1_22' title="bbox 291 2826 3552 2899">
    <p class='ocr_par' dir='ltr' id='par_1_22' title="bbox 291 2826 3552 2899">
     <span class='ocr_line' id='line_1_22' title="bbox 291 2826 3552 2899; baseline 0 -17"><span class='ocrx_word' id='word_1_222' title='bbox 291 2827 347 2883; x_wconf 76' lang='grc' dir='ltr'><strong>ιιι</strong></span> <span class='ocrx_word' id='word_1_223' title='bbox 382 2829 527 2898; x_wconf 90' lang='lat' dir='ltr'><strong>quod</strong></span> <span class='ocrx_word' id='word_1_224' title='bbox 572 2828 700 2882; x_wconf 90' lang='lat' dir='ltr'><strong>totis</strong></span> <span class='ocrx_word' id='word_1_225' title='bbox 727 2828 948 2899; x_wconf 88' lang='lat' dir='ltr'><strong>triginta</strong></span> <span class='ocrx_word' id='word_1_226' title='bbox 983 2830 1143 2882; x_wconf 90' lang='lat' dir='ltr'><strong>annis</strong></span> <span class='ocrx_word' id='word_1_227' title='bbox 1170 2828 1347 2899; x_wconf 89' lang='lat' dir='ltr'><strong>egisse</strong></span> <span class='ocrx_word' id='word_1_228' title='bbox 1376 2828 1580 2882; x_wconf 88' lang='lat' dir='ltr'><strong>dicitur</strong></span> <span class='ocrx_word' id='word_1_229' title='bbox 1618 2828 1677 2882; x_wconf 89' lang='lat' dir='ltr'><strong>in</strong></span> <span class='ocrx_word' id='word_1_230' title='bbox 1720 2828 1776 2883; x_wconf 92' lang='lat' dir='ltr'><strong>S.</strong></span> <span class='ocrx_word' id='word_1_231' title='bbox 1808 2826 2107 2883; x_wconf 83' lang='lat' dir='ltr'><strong>Alexandri</strong></span> <span class='ocrx_word' id='word_1_232' title='bbox 2144 2827 2285 2882; x_wconf 84' lang='lat' dir='ltr'><strong>Vita.</strong></span> <span class='ocrx_word' id='word_1_233' title='bbox 2317 2827 2522 2882; x_wconf 79' lang='lat' dir='ltr'><strong>Verum</strong></span> <span class='ocrx_word' id='word_1_234' title='bbox 2556 2842 2668 2882; x_wconf 91' lang='lat' dir='ltr'><strong>non</strong></span> <span class='ocrx_word' id='word_1_235' title='bbox 2706 2833 2788 2881; x_wconf 88' lang='lat' dir='ltr'><strong>tot</strong></span> <span class='ocrx_word' id='word_1_236' title='bbox 2826 2826 2916 2882; x_wconf 91' lang='lat' dir='ltr'><strong>ille</strong></span> <span class='ocrx_word' id='word_1_237' title='bbox 2945 2826 3104 2881; x_wconf 90' lang='lat' dir='ltr'><strong>annis</strong></span> <span class='ocrx_word' id='word_1_238' title='bbox 3137 2842 3363 2896; x_wconf 87' lang='lat' dir='ltr'><strong>prorsus</strong></span> <span class='ocrx_word' id='word_1_239' title='bbox 3390 2828 3552 2894; x_wconf 88' lang='lat' dir='ltr'><strong>sedit,</strong></span> 
     </span>
    </p>
   </div>
   <div class='ocr_carea' id='block_1_23' title="bbox 295 2920 3560 2993">
    <p class='ocr_par' dir='ltr' id='par_1_23' title="bbox 295 2920 3560 2993">
     <span class='ocr_line' id='line_1_23' title="bbox 295 2920 3560 2993; baseline 0.001 -18"><span class='ocrx_word' id='word_1_240' title='bbox 295 2920 388 2975; x_wconf 88' lang='lat' dir='ltr'><strong>sed</strong></span> <span class='ocrx_word' id='word_1_241' title='bbox 416 2921 617 2993; x_wconf 83' lang='lat' dir='ltr'><strong>viginti</strong></span> <span class='ocrx_word' id='word_1_242' title='bbox 648 2921 828 2977; x_wconf 90' lang='lat' dir='ltr'><strong>tribus</strong></span> <span class='ocrx_word' id='word_1_243' title='bbox 852 2922 1138 2977; x_wconf 80' lang='lat' dir='ltr'><strong>duntaxat.</strong></span> <span class='ocrx_word' id='word_1_244' title='bbox 1173 2922 1294 2988; x_wconf 83' lang='lat' dir='ltr'><strong>Quo</strong></span> <span class='ocrx_word' id='word_1_245' title='bbox 1326 2930 1574 2993; x_wconf 88' lang='lat' dir='ltr'><strong>tempore</strong></span> <span class='ocrx_word' id='word_1_246' title='bbox 1603 2922 1891 2978; x_wconf 88' lang='lat' dir='ltr'><strong>Nestorius</strong></span> <span class='ocrx_word' id='word_1_247' title='bbox 1918 2921 2396 2992; x_wconf 85' lang='lat' dir='ltr'><strong>Constantinopoli</strong></span> <span class='ocrx_word' id='word_1_248' title='bbox 2427 2921 2768 2992; x_wconf 89' lang='lat' dir='ltr'><strong>impietatem</strong></span> <span class='ocrx_word' id='word_1_249' title='bbox 2795 2922 3103 2993; x_wconf 85' lang='lat' dir='ltr'><strong>propalavit</strong></span> <span class='ocrx_word' id='word_1_250' title='bbox 3132 2938 3306 2988; x_wconf 88' lang='lat' dir='ltr'><strong>suam,</strong></span> <span class='ocrx_word' id='word_1_251' title='bbox 3337 2923 3560 2979; x_wconf 81' lang='lat' dir='ltr'><strong>Rabbu-</strong></span> 
     </span>
    </p>
   </div>
   <div class='ocr_carea' id='block_1_24' title="bbox 296 3006 3557 3086">
    <p class='ocr_par' dir='ltr' id='par_1_24' title="bbox 296 3006 3557 3086">
     <span class='ocr_line' id='line_1_24' title="bbox 296 3006 3557 3086; baseline 0.002 -21"><span class='ocrx_word' id='word_1_252' title='bbox 296 3009 377 3067; x_wconf 88' lang='lat' dir='ltr'><strong>las</strong></span> <span class='ocrx_word' id='word_1_253' title='bbox 403 3027 531 3067; x_wconf 91' lang='lat' dir='ltr'><strong>cum</strong></span> <span class='ocrx_word' id='word_1_254' title='bbox 566 3013 776 3069; x_wconf 81' lang='lat' dir='ltr'><strong>Joanne</strong></span> <span class='ocrx_word' id='word_1_255' title='bbox 814 3013 1161 3069; x_wconf 90' lang='lat' dir='ltr'><strong>Antiocheno</strong></span> <span class='ocrx_word' id='word_1_256' title='bbox 1190 3022 1247 3068; x_wconf 89' lang='lat' dir='ltr'><strong>et</strong></span> <span class='ocrx_word' id='word_1_257' title='bbox 1271 3014 1645 3070; x_wconf 88' lang='lat' dir='ltr'><strong>Orientalibus</strong></span> <span class='ocrx_word' id='word_1_258' title='bbox 1682 3006 1805 3069; x_wconf 84' lang='lat' dir='ltr'><strong>aliis</strong></span> <span class='ocrx_word' id='word_1_259' title='bbox 1832 3014 2112 3085; x_wconf 85' lang='lat' dir='ltr'><strong>Ephesum</strong></span> <span class='ocrx_word' id='word_1_260' title='bbox 2143 3029 2253 3085; x_wconf 91' lang='lat' dir='ltr'><strong>quo</strong></span> <span class='ocrx_word' id='word_1_261' title='bbox 2290 3013 2533 3086; x_wconf 79' lang='lat' dir='ltr'><strong>synodus</strong></span> <span class='ocrx_word' id='word_1_262' title='bbox 2582 3014 2854 3085; x_wconf 85' lang='lat' dir='ltr'><strong>generalis</strong></span> <span class='ocrx_word' id='word_1_263' title='bbox 2883 3014 3198 3085; x_wconf 84' lang='lat' dir='ltr'><strong>cogebatur,</strong></span> <span class='ocrx_word' id='word_1_264' title='bbox 3235 3014 3421 3081; x_wconf 87' lang='lat' dir='ltr'><strong>venit;</strong></span> <span class='ocrx_word' id='word_1_265' title='bbox 3459 3015 3557 3070; x_wconf 88' lang='lat' dir='ltr'><strong>sed</strong></span> 
     </span>
    </p>
   </div>
   <div class='ocr_carea' id='block_1_25' title="bbox 294 3102 3563 3183">
    <p class='ocr_par' dir='ltr' id='par_1_25' title="bbox 294 3102 3563 3183">
     <span class='ocr_line' id='line_1_25' title="bbox 294 3102 3563 3183; baseline 0.002 -21"><span class='ocrx_word' id='word_1_266' title='bbox 294 3105 490 3162; x_wconf 88' lang='lat' dir='ltr'><strong>Joanni</strong></span> <span class='ocrx_word' id='word_1_267' title='bbox 520 3102 749 3179; x_wconf 83' lang='lat' dir='ltr'><strong>ejusque</strong></span> <span class='ocrx_word' id='word_1_268' title='bbox 776 3108 944 3165; x_wconf 89' lang='lat' dir='ltr'><strong>sociis</strong></span> <span class='ocrx_word' id='word_1_269' title='bbox 974 3110 1212 3180; x_wconf 89' lang='lat' dir='ltr'><strong>primum</strong></span> <span class='ocrx_word' id='word_1_270' title='bbox 1241 3110 1549 3177; x_wconf 67' lang='lat' dir='ltr'><strong>adhaerens,</strong></span> <span class='ocrx_word' id='word_1_271' title='bbox 1572 3110 1902 3180; x_wconf 86' lang='lat' dir='ltr'><strong>quibusdam</strong></span> <span class='ocrx_word' id='word_1_272' title='bbox 1931 3124 2123 3165; x_wconf 90' lang='lat' dir='ltr'><strong>eorum</strong></span> <span class='ocrx_word' id='word_1_273' title='bbox 2153 3111 2323 3182; x_wconf 90' lang='lat' dir='ltr'><strong>gestis</strong></span> <span class='ocrx_word' id='word_1_274' title='bbox 2350 3111 2682 3183; x_wconf 83' lang='lat' dir='ltr'><strong>suﬁragatus</strong></span> <span class='ocrx_word' id='word_1_275' title='bbox 2710 3120 2814 3177; x_wconf 91' lang='lat' dir='ltr'><strong>est,</strong></span> <span class='ocrx_word' id='word_1_276' title='bbox 2840 3128 2871 3166; x_wconf 90' lang='lat' dir='ltr'><strong>a</strong></span> <span class='ocrx_word' id='word_1_277' title='bbox 2899 3111 3141 3183; x_wconf 87' lang='lat' dir='ltr'><strong>legitima</strong></span> <span class='ocrx_word' id='word_1_278' title='bbox 3175 3110 3383 3182; x_wconf 84' lang='lat' dir='ltr'><strong>synodo</strong></span> <span class='ocrx_word' id='word_1_279' title='bbox 3409 3125 3563 3169; x_wconf 85' lang='lat' dir='ltr'><strong>sece-</strong></span> 
     </span>
    </p>
   </div>
   <div class='ocr_carea' id='block_1_26' title="bbox 286 3200 3563 3277">
    <p class='ocr_par' dir='ltr' id='par_1_26' title="bbox 286 3200 3563 3277">
     <span class='ocr_line' id='line_1_26' title="bbox 286 3200 3563 3277; baseline 0.002 -21"><span class='ocrx_word' id='word_1_280' title='bbox 286 3200 452 3257; x_wconf 87' lang='lat' dir='ltr'><strong>dens.</strong></span> <span class='ocrx_word' id='word_1_281' title='bbox 493 3202 616 3258; x_wconf 85' lang='lat' dir='ltr'><strong>Mox</strong></span> <span class='ocrx_word' id='word_1_282' title='bbox 643 3217 796 3267; x_wconf 91' lang='lat' dir='ltr'><strong>vero,</strong></span> <span class='ocrx_word' id='word_1_283' title='bbox 832 3218 1023 3258; x_wconf 89' lang='lat' dir='ltr'><strong>errore</strong></span> <span class='ocrx_word' id='word_1_284' title='bbox 1058 3203 1266 3274; x_wconf 86' lang='lat' dir='ltr'><strong>agnito,</strong></span> <span class='ocrx_word' id='word_1_285' title='bbox 1291 3203 1362 3258; x_wconf 90' lang='lat' dir='ltr'><strong>ab</strong></span> <span class='ocrx_word' id='word_1_286' title='bbox 1390 3204 1473 3258; x_wconf 90' lang='lat' dir='ltr'><strong>eis</strong></span> <span class='ocrx_word' id='word_1_287' title='bbox 1495 3202 1746 3266; x_wconf 90' lang='lat' dir='ltr'><strong>descivit,</strong></span> <span class='ocrx_word' id='word_1_288' title='bbox 1783 3201 2122 3267; x_wconf 88' lang='lat' dir='ltr'><strong>Nestorium,</strong></span> <span class='ocrx_word' id='word_1_289' title='bbox 2150 3202 2286 3273; x_wconf 89' lang='lat' dir='ltr'><strong>quin</strong></span> <span class='ocrx_word' id='word_1_290' title='bbox 2316 3204 2484 3259; x_wconf 88' lang='lat' dir='ltr'><strong>etiam</strong></span> <span class='ocrx_word' id='word_1_291' title='bbox 2517 3205 2868 3261; x_wconf 90' lang='lat' dir='ltr'><strong>Theodorum</strong></span> <span class='ocrx_word' id='word_1_292' title='bbox 2898 3205 3364 3275; x_wconf 79' lang='lat' dir='ltr'><strong>Mopsuestenum,</strong></span> <span class='ocrx_word' id='word_1_293' title='bbox 3392 3223 3420 3262; x_wconf 92' lang='lat' dir='ltr'><strong>a</strong></span> <span class='ocrx_word' id='word_1_294' title='bbox 3451 3222 3563 3277; x_wconf 83' lang='lat' dir='ltr'><strong>quo</strong></span> 
     </span>
    </p>
   </div>
   <div class='ocr_carea' id='block_1_27' title="bbox 296 3291 3562 3367">
    <p class='ocr_par' dir='ltr' id='par_1_27' title="bbox 296 3291 3562 3367">
     <span class='ocr_line' id='line_1_27' title="bbox 296 3291 3562 3367; baseline 0.003 -23"><span class='ocrx_word' id='word_1_295' title='bbox 296 3291 426 3345; x_wconf 88' lang='lat' dir='ltr'><strong>mali</strong></span> <span class='ocrx_word' id='word_1_296' title='bbox 472 3292 624 3348; x_wconf 90' lang='lat' dir='ltr'><strong>labes</strong></span> <span class='ocrx_word' id='word_1_297' title='bbox 662 3302 783 3348; x_wconf 88' lang='lat' dir='ltr'><strong>orta</strong></span> <span class='ocrx_word' id='word_1_298' title='bbox 820 3302 959 3358; x_wconf 87' lang='lat' dir='ltr'><strong>erat,</strong></span> <span class='ocrx_word' id='word_1_299' title='bbox 994 3293 1352 3364; x_wconf 86' lang='lat' dir='ltr'><strong>proscindere</strong></span> <span class='ocrx_word' id='word_1_300' title='bbox 1390 3309 1503 3348; x_wconf 89' lang='lat' dir='ltr'><strong>non</strong></span> <span class='ocrx_word' id='word_1_301' title='bbox 1537 3295 1825 3352; x_wconf 89' lang='lat' dir='ltr'><strong>dubitavit.</strong></span> <span class='ocrx_word' id='word_1_302' title='bbox 1870 3297 2108 3354; x_wconf 84' lang='lat' dir='ltr'><strong>Joannes</strong></span> <span class='ocrx_word' id='word_1_303' title='bbox 2147 3297 2548 3362; x_wconf 90' lang='lat' dir='ltr'><strong>Antiochenus,</strong></span> <span class='ocrx_word' id='word_1_304' title='bbox 2592 3304 2785 3351; x_wconf 89' lang='lat' dir='ltr'><strong>coacto</strong></span> <span class='ocrx_word' id='word_1_305' title='bbox 2824 3295 3139 3351; x_wconf 89' lang='lat' dir='ltr'><strong>Osrhoenes</strong></span> <span class='ocrx_word' id='word_1_306' title='bbox 3177 3296 3562 3367; x_wconf 88' lang='lat' dir='ltr'><strong>episcoporum</strong></span> 
     </span>
    </p>
   </div>
   <div class='ocr_carea' id='block_1_28' title="bbox 296 3380 3563 3462">
    <p class='ocr_par' dir='ltr' id='par_1_28' title="bbox 296 3380 3563 3462">
     <span class='ocr_line' id='line_1_28' title="bbox 296 3380 3563 3462; baseline 0.004 -25"><span class='ocrx_word' id='word_1_307' title='bbox 296 3384 553 3449; x_wconf 88' lang='lat' dir='ltr'><strong>concilio,</strong></span> <span class='ocrx_word' id='word_1_308' title='bbox 581 3380 1020 3443; x_wconf 82' lang='lat' dir='ltr'><strong>animadvertere</strong></span> <span class='ocrx_word' id='word_1_309' title='bbox 1059 3387 1116 3443; x_wconf 90' lang='lat' dir='ltr'><strong>in</strong></span> <span class='ocrx_word' id='word_1_310' title='bbox 1146 3388 1453 3443; x_wconf 84' lang='lat' dir='ltr'><strong>Rabbulam</strong></span> <span class='ocrx_word' id='word_1_311' title='bbox 1490 3392 1799 3461; x_wconf 89' lang='lat' dir='ltr'><strong>proposuit,</strong></span> <span class='ocrx_word' id='word_1_312' title='bbox 1828 3393 1977 3462; x_wconf 92' lang='lat' dir='ltr'><strong>quod</strong></span> <span class='ocrx_word' id='word_1_313' title='bbox 2007 3402 2189 3448; x_wconf 89' lang='lat' dir='ltr'><strong>tamen</strong></span> <span class='ocrx_word' id='word_1_314' title='bbox 2218 3392 2446 3446; x_wconf 88' lang='lat' dir='ltr'><strong>minime</strong></span> <span class='ocrx_word' id='word_1_315' title='bbox 2478 3393 2752 3462; x_wconf 56' lang='lat' dir='ltr'><strong>praestitit.</strong></span> <span class='ocrx_word' id='word_1_316' title='bbox 2785 3392 2934 3457; x_wconf 85' lang='lat' dir='ltr'><strong>Post,</strong></span> <span class='ocrx_word' id='word_1_317' title='bbox 2968 3391 3175 3447; x_wconf 88' lang='lat' dir='ltr'><strong>sancita</strong></span> <span class='ocrx_word' id='word_1_318' title='bbox 3209 3408 3342 3461; x_wconf 85' lang='lat' dir='ltr'><strong>pace</strong></span> <span class='ocrx_word' id='word_1_319' title='bbox 3367 3394 3563 3449; x_wconf 84' lang='lat' dir='ltr'><strong>Antio-</strong></span> 
     </span>
    </p>
   </div>
   <div class='ocr_carea' id='block_1_29' title="bbox 290 3477 3565 3554">
    <p class='ocr_par' dir='ltr' id='par_1_29' title="bbox 290 3477 3565 3554">
     <span class='ocr_line' id='line_1_29' title="bbox 290 3477 3565 3554; baseline 0.003 -24"><span class='ocrx_word' id='word_1_320' title='bbox 290 3477 529 3531; x_wconf 79' lang='lat' dir='ltr'><strong>chenam</strong></span> <span class='ocrx_word' id='word_1_321' title='bbox 560 3478 704 3534; x_wconf 89' lang='lat' dir='ltr'><strong>inter</strong></span> <span class='ocrx_word' id='word_1_322' title='bbox 731 3489 788 3535; x_wconf 90' lang='lat' dir='ltr'><strong>et</strong></span> <span class='ocrx_word' id='word_1_323' title='bbox 811 3481 1235 3537; x_wconf 87' lang='lat' dir='ltr'><strong>Alexandrinam</strong></span> <span class='ocrx_word' id='word_1_324' title='bbox 1265 3480 1590 3548; x_wconf 87' lang='lat' dir='ltr'><strong>Ecclesiam,</strong></span> <span class='ocrx_word' id='word_1_325' title='bbox 1632 3483 1882 3539; x_wconf 80' lang='lat' dir='ltr'><strong>Andreas</strong></span> <span class='ocrx_word' id='word_1_326' title='bbox 1919 3484 2340 3549; x_wconf 86' lang='lat' dir='ltr'><strong>Samosatensis,</strong></span> <span class='ocrx_word' id='word_1_327' title='bbox 2366 3484 2461 3554; x_wconf 90' lang='lat' dir='ltr'><strong>qui</strong></span> <span class='ocrx_word' id='word_1_328' title='bbox 2501 3483 2766 3539; x_wconf 71' lang='lat' dir='ltr'><strong>Rabbulae</strong></span> <span class='ocrx_word' id='word_1_329' title='bbox 2794 3483 2910 3549; x_wconf 91' lang='lat' dir='ltr'><strong>diu,</strong></span> <span class='ocrx_word' id='word_1_330' title='bbox 2937 3493 2999 3538; x_wconf 95' lang='lat' dir='ltr'><strong>ut</strong></span> <span class='ocrx_word' id='word_1_331' title='bbox 3032 3492 3088 3537; x_wconf 91' lang='lat' dir='ltr'><strong>et</strong></span> <span class='ocrx_word' id='word_1_332' title='bbox 3123 3483 3435 3539; x_wconf 71' lang='lat' dir='ltr'><strong>concordia:</strong></span> <span class='ocrx_word' id='word_1_333' title='bbox 3465 3483 3565 3540; x_wconf 88' lang='lat' dir='ltr'><strong>ad-</strong></span> 
     </span>
    </p>
   </div>
   <div class='ocr_carea' id='block_1_30' title="bbox 299 3566 3562 3653">
    <p class='ocr_par' dir='ltr' id='par_1_30' title="bbox 299 3566 3562 3653">
     <span class='ocr_line' id='line_1_30' title="bbox 299 3566 3562 3653; baseline 0.005 -37"><span class='ocrx_word' id='word_1_334' title='bbox 299 3573 551 3620; x_wconf 84' lang='lat' dir='ltr'><strong>versatus</strong></span> <span class='ocrx_word' id='word_1_335' title='bbox 577 3566 788 3634; x_wconf 64' lang='lat' dir='ltr'><strong>fuerat,</strong></span> <span class='ocrx_word' id='word_1_336' title='bbox 829 3583 955 3623; x_wconf 89' lang='lat' dir='ltr'><strong>cum</strong></span> <span class='ocrx_word' id='word_1_337' title='bbox 992 3585 1060 3625; x_wconf 87' lang='lat' dir='ltr'><strong>eo</strong></span> <span class='ocrx_word' id='word_1_338' title='bbox 1104 3571 1510 3636; x_wconf 88' lang='lat' dir='ltr'><strong>reconciliatus,</strong></span> <span class='ocrx_word' id='word_1_339' title='bbox 1548 3572 1728 3640; x_wconf 88' lang='lat' dir='ltr'><strong>palam</strong></span> <span class='ocrx_word' id='word_1_340' title='bbox 1772 3573 2113 3643; x_wconf 89' lang='lat' dir='ltr'><strong>gloriabatur</strong></span> <span class='ocrx_word' id='word_1_341' title='bbox 2150 3589 2210 3629; x_wconf 87' lang='lat' dir='ltr'><strong>se</strong></span> <span class='ocrx_word' id='word_1_342' title='bbox 2250 3589 2377 3630; x_wconf 91' lang='lat' dir='ltr'><strong>cum</strong></span> <span class='ocrx_word' id='word_1_343' title='bbox 2418 3573 2570 3630; x_wconf 83' lang='lat' dir='ltr'><strong>Sixto</strong></span> <span class='ocrx_word' id='word_1_344' title='bbox 2611 3575 2878 3653; x_wconf 83' lang='lat' dir='ltr'><strong>Romano,</strong></span> <span class='ocrx_word' id='word_1_345' title='bbox 2922 3574 3125 3646; x_wconf 84' lang='lat' dir='ltr'><strong>Cyrillo</strong></span> <span class='ocrx_word' id='word_1_346' title='bbox 3171 3574 3562 3645; x_wconf 89' lang='lat' dir='ltr'><strong>Alexandrino,</strong></span> 
     </span>
    </p>
   </div>
   <div class='ocr_carea' id='block_1_31' title="bbox 299 3654 3569 3735">
    <p class='ocr_par' dir='ltr' id='par_1_31' title="bbox 299 3654 3569 3735">
     <span class='ocr_line' id='line_1_31' title="bbox 299 3654 3569 3735; baseline 0.004 -27"><span class='ocrx_word' id='word_1_347' title='bbox 299 3654 630 3712; x_wconf 83' lang='lat' dir='ltr'><strong>Maximiano</strong></span> <span class='ocrx_word' id='word_1_348' title='bbox 671 3657 1303 3731; x_wconf 87' lang='lat' dir='ltr'><strong>Constantinopolitano,</strong></span> <span class='ocrx_word' id='word_1_349' title='bbox 1332 3670 1389 3717; x_wconf 90' lang='lat' dir='ltr'><strong>et</strong></span> <span class='ocrx_word' id='word_1_350' title='bbox 1430 3663 1682 3719; x_wconf 86' lang='lat' dir='ltr'><strong>Rabbula</strong></span> <span class='ocrx_word' id='word_1_351' title='bbox 1714 3664 1996 3720; x_wconf 87' lang='lat' dir='ltr'><strong>Edesseno</strong></span> <span class='ocrx_word' id='word_1_352' title='bbox 2036 3665 2464 3721; x_wconf 90' lang='lat' dir='ltr'><strong>communicare.</strong></span> <span class='ocrx_word' id='word_1_353' title='bbox 2510 3664 2667 3732; x_wconf 86' lang='lat' dir='ltr'><strong>Quod</strong></span> <span class='ocrx_word' id='word_1_354' title='bbox 2695 3680 2762 3719; x_wconf 88' lang='lat' dir='ltr'><strong>ex</strong></span> <span class='ocrx_word' id='word_1_355' title='bbox 2790 3680 2910 3735; x_wconf 88' lang='lat' dir='ltr'><strong>cap.</strong></span> <span class='ocrx_word' id='word_1_356' title='bbox 2957 3666 3010 3731; x_wconf 93' lang='lat'><strong>7,</strong></span> <span class='ocrx_word' id='word_1_357' title='bbox 3041 3666 3127 3732; x_wconf 78' lang='lat' dir='ltr'><strong>l5,</strong></span> <span class='ocrx_word' id='word_1_358' title='bbox 3164 3667 3255 3732; x_wconf 77' lang='lat'><strong>25,</strong></span> <span class='ocrx_word' id='word_1_359' title='bbox 3284 3666 3374 3733; x_wconf 71' lang='grc'><strong>45,</strong></span> <span class='ocrx_word' id='word_1_360' title='bbox 3404 3667 3473 3720; x_wconf 66' lang='grc'>44</span> <span class='ocrx_word' id='word_1_361' title='bbox 3508 3674 3569 3722; x_wconf 91' lang='lat' dir='ltr'><strong>et</strong></span> 
     </span>
    </p>
   </div>
   <div class='ocr_carea' id='block_1_32' title="bbox 301 3746 3568 3832">
    <p class='ocr_par' dir='ltr' id='par_1_32' title="bbox 301 3746 3568 3832">
     <span class='ocr_line' id='line_1_32' title="bbox 301 3746 3568 3832; baseline 0.004 -30"><span class='ocrx_word' id='word_1_362' title='bbox 301 3746 405 3803; x_wconf 71' lang='grc'><strong>106</strong></span> <span class='ocrx_word' id='word_1_363' title='bbox 432 3748 773 3805; x_wconf 88' lang='lat' dir='ltr'><strong>collectionis</strong></span> <span class='ocrx_word' id='word_1_364' title='bbox 798 3766 866 3806; x_wconf 88' lang='lat' dir='ltr'><strong>ex</strong></span> <span class='ocrx_word' id='word_1_365' title='bbox 895 3754 1160 3824; x_wconf 72' lang='lat' dir='ltr'><strong>tragmdia</strong></span> <span class='ocrx_word' id='word_1_366' title='bbox 1185 3754 1377 3810; x_wconf 69' lang='lat' dir='ltr'><strong>Irenazi</strong></span> <span class='ocrx_word' id='word_1_367' title='bbox 1409 3755 1563 3822; x_wconf 84' lang='lat' dir='ltr'><strong>Tyrii</strong></span> <span class='ocrx_word' id='word_1_368' title='bbox 1600 3766 1941 3828; x_wconf 90' lang='lat' dir='ltr'><strong>compertum</strong></span> <span class='ocrx_word' id='word_1_369' title='bbox 1976 3758 2055 3813; x_wconf 89' lang='lat' dir='ltr'><strong>ﬁt.</strong></span> <span class='ocrx_word' id='word_1_370' title='bbox 2084 3758 2167 3814; x_wconf 91' lang='lat' dir='ltr'><strong>Ad</strong></span> <span class='ocrx_word' id='word_1_371' title='bbox 2201 3758 2510 3815; x_wconf 82' lang='lat' dir='ltr'><strong>Rabbulam</strong></span> <span class='ocrx_word' id='word_1_372' title='bbox 2541 3765 2760 3815; x_wconf 84' lang='lat' dir='ltr'><strong>exstant</strong></span> <span class='ocrx_word' id='word_1_373' title='bbox 2785 3760 2966 3830; x_wconf 88' lang='lat' dir='ltr'><strong>magni</strong></span> <span class='ocrx_word' id='word_1_374' title='bbox 2993 3758 3180 3832; x_wconf 84' lang='lat' dir='ltr'><strong>Cyrilli</strong></span> <span class='ocrx_word' id='word_1_375' title='bbox 3210 3759 3476 3830; x_wconf 65' lang='lat' dir='ltr'><strong>epistolae,</strong></span> <span class='ocrx_word' id='word_1_376' title='bbox 3501 3773 3568 3816; x_wconf 86' lang='lat' dir='ltr'><strong>ac</strong></span> 
     </span>
    </p>
   </div>
   <div class='ocr_carea' id='block_1_33' title="bbox 303 3838 3568 3925">
    <p class='ocr_par' dir='ltr' id='par_1_33' title="bbox 303 3838 3568 3925">
     <span class='ocr_line' id='line_1_33' title="bbox 303 3838 3568 3925; baseline 0.004 -33"><span class='ocrx_word' id='word_1_377' title='bbox 303 3838 568 3895; x_wconf 79' lang='lat' dir='ltr'><strong>Rabhula:</strong></span> <span class='ocrx_word' id='word_1_378' title='bbox 601 3840 668 3895; x_wconf 92' lang='lat' dir='ltr'><strong>ad</strong></span> <span class='ocrx_word' id='word_1_379' title='bbox 703 3840 989 3913; x_wconf 85' lang='lat' dir='ltr'><strong>Cyrillum.</strong></span> <span class='ocrx_word' id='word_1_380' title='bbox 1019 3843 1135 3910; x_wconf 89' lang='lat' dir='ltr'><strong>Qua</strong></span> <span class='ocrx_word' id='word_1_381' title='bbox 1174 3843 1548 3901; x_wconf 89' lang='lat' dir='ltr'><strong>sollicitudine</strong></span> <span class='ocrx_word' id='word_1_382' title='bbox 1578 3862 1721 3903; x_wconf 73' lang='lat' dir='ltr'><strong>verae</strong></span> <span class='ocrx_word' id='word_1_383' title='bbox 1759 3846 1885 3903; x_wconf 88' lang='lat' dir='ltr'><strong>ﬁdei</strong></span> <span class='ocrx_word' id='word_1_384' title='bbox 1910 3848 2288 3925; x_wconf 76' lang='lat' dir='ltr'><strong>sinceritatem</strong></span> <span class='ocrx_word' id='word_1_385' title='bbox 2324 3849 2535 3904; x_wconf 88' lang='lat' dir='ltr'><strong>servari</strong></span> <span class='ocrx_word' id='word_1_386' title='bbox 2563 3849 2813 3910; x_wconf 81' lang='lat' dir='ltr'><strong>curabat.</strong></span> <span class='ocrx_word' id='word_1_387' title='bbox 2842 3865 2948 3905; x_wconf 91' lang='lat' dir='ltr'><strong>una</strong></span> <span class='ocrx_word' id='word_1_388' title='bbox 2974 3866 3099 3905; x_wconf 92' lang='lat' dir='ltr'><strong>cum</strong></span> <span class='ocrx_word' id='word_1_389' title='bbox 3125 3851 3325 3906; x_wconf 89' lang='lat' dir='ltr'><strong>Acacio</strong></span> <span class='ocrx_word' id='word_1_390' title='bbox 3355 3849 3568 3906; x_wconf 86' lang='lat' dir='ltr'><strong>Melite—</strong></span> 
     </span>
    </p>
   </div>
   <div class='ocr_carea' id='block_1_34' title="bbox 292 3932 3569 4015">
    <p class='ocr_par' dir='ltr' id='par_1_34' title="bbox 292 3932 3569 4015">
     <span class='ocr_line' id='line_1_34' title="bbox 292 3932 3569 4015; baseline 0.005 -34"><span class='ocrx_word' id='word_1_391' title='bbox 292 3932 460 3988; x_wconf 63' lang='lat' dir='ltr'><strong>,nensi</strong></span> <span class='ocrx_word' id='word_1_392' title='bbox 499 3932 756 3990; x_wconf 89' lang='lat' dir='ltr'><strong>Armenis</strong></span> <span class='ocrx_word' id='word_1_393' title='bbox 804 3936 1020 3993; x_wconf 89' lang='lat' dir='ltr'><strong>litteras</strong></span> <span class='ocrx_word' id='word_1_394' title='bbox 1052 3937 1207 3994; x_wconf 91' lang='lat' dir='ltr'><strong>dedit</strong></span> <span class='ocrx_word' id='word_1_395' title='bbox 1245 3939 1313 3995; x_wconf 91' lang='lat' dir='ltr'><strong>de</strong></span> <span class='ocrx_word' id='word_1_396' title='bbox 1352 3956 1462 3995; x_wconf 89' lang='lat' dir='ltr'><strong>non</strong></span> <span class='ocrx_word' id='word_1_397' title='bbox 1504 3942 1756 4014; x_wconf 86' lang='lat' dir='ltr'><strong>legendis</strong></span> <span class='ocrx_word' id='word_1_398' title='bbox 1793 3942 2067 3999; x_wconf 89' lang='lat' dir='ltr'><strong>Theodori</strong></span> <span class='ocrx_word' id='word_1_399' title='bbox 2112 3944 2482 4015; x_wconf 83' lang='lat' dir='ltr'><strong>Mopsuesteni</strong></span> <span class='ocrx_word' id='word_1_400' title='bbox 2532 3946 2927 4001; x_wconf 86' lang='lat' dir='ltr'><strong>voluminibus.</strong></span> <span class='ocrx_word' id='word_1_401' title='bbox 2971 3942 3148 4009; x_wconf 89' lang='lat' dir='ltr'><strong>Obiit,</strong></span> <span class='ocrx_word' id='word_1_402' title='bbox 3187 3959 3256 3999; x_wconf 86' lang='lat' dir='ltr'><strong>ex</strong></span> <span class='ocrx_word' id='word_1_403' title='bbox 3304 3942 3569 3999; x_wconf 87' lang='lat' dir='ltr'><strong>chronico</strong></span> 
     </span>
    </p>
   </div>
   <div class='ocr_carea' id='block_1_35' title="bbox 301 4022 3571 4106">
    <p class='ocr_par' dir='ltr' id='par_1_35' title="bbox 301 4022 3571 4106">
     <span class='ocr_line' id='line_1_35' title="bbox 301 4022 3571 4106; baseline 0.003 -29"><span class='ocrx_word' id='word_1_404' title='bbox 301 4022 605 4091; x_wconf 87' lang='lat' dir='ltr'><strong>Edesseno,</strong></span> <span class='ocrx_word' id='word_1_405' title='bbox 628 4043 782 4082; x_wconf 90' lang='lat' dir='ltr'><strong>num.</strong></span> <span class='ocrx_word' id='word_1_406' title='bbox 813 4027 902 4094; x_wconf 84' lang='lat'><strong>59,</strong></span> <span class='ocrx_word' id='word_1_407' title='bbox 932 4046 1071 4083; x_wconf 89' lang='lat' dir='ltr'><strong>anno</strong></span> <span class='ocrx_word' id='word_1_408' title='bbox 1095 4032 1551 4103; x_wconf 81' lang='lat' dir='ltr'><strong>septingentesimo</strong></span> <span class='ocrx_word' id='word_1_409' title='bbox 1578 4034 1982 4106; x_wconf 81' lang='lat' dir='ltr'><strong>quadragesimo</strong></span> <span class='ocrx_word' id='word_1_410' title='bbox 2017 4043 2183 4101; x_wconf 71' lang='lat' dir='ltr'><strong>sexto,</strong></span> <span class='ocrx_word' id='word_1_411' title='bbox 2208 4034 2292 4090; x_wconf 84' lang='lat' dir='ltr'><strong>die</strong></span> <span class='ocrx_word' id='word_1_412' title='bbox 2317 4036 2350 4090; x_wconf 89' lang='lat'><strong>8</strong></span> <span class='ocrx_word' id='word_1_413' title='bbox 2375 4038 2567 4091; x_wconf 83' lang='lat' dir='ltr'><strong>mensis</strong></span> <span class='ocrx_word' id='word_1_414' title='bbox 2600 4036 2700 4101; x_wconf 81' lang='lat' dir='ltr'><strong>Ab,</strong></span> <span class='ocrx_word' id='word_1_415' title='bbox 2726 4035 2842 4091; x_wconf 89' lang='lat' dir='ltr'><strong>sive</strong></span> <span class='ocrx_word' id='word_1_416' title='bbox 2867 4035 3121 4106; x_wconf 85' lang='lat' dir='ltr'><strong>Augusti,</strong></span> <span class='ocrx_word' id='word_1_417' title='bbox 3153 4033 3397 4103; x_wconf 86' lang='lat' dir='ltr'><strong>adeoque</strong></span> <span class='ocrx_word' id='word_1_418' title='bbox 3424 4045 3571 4088; x_wconf 81' lang='lat' dir='ltr'><strong>armo</strong></span> 
     </span>
    </p>
   </div>
   <div class='ocr_carea' id='block_1_36' title="bbox 292 4116 3573 4199">
    <p class='ocr_par' dir='ltr' id='par_1_36' title="bbox 292 4116 3573 4199">
     <span class='ocr_line' id='line_1_36' title="bbox 292 4116 3573 4199; baseline 0.003 -28"><span class='ocrx_word' id='word_1_419' title='bbox 292 4116 509 4172; x_wconf 79' lang='lat' dir='ltr'><strong>Christi</strong></span> <span class='ocrx_word' id='word_1_420' title='bbox 533 4118 638 4174; x_wconf 72' lang='grc'><strong>456</strong></span> <span class='ocrx_word' id='word_1_421' title='bbox 661 4136 673 4172; x_wconf 91' lang='lat'><strong>:</strong></span> <span class='ocrx_word' id='word_1_422' title='bbox 699 4120 984 4177; x_wconf 87' lang='lat' dir='ltr'><strong>enimvero</strong></span> <span class='ocrx_word' id='word_1_423' title='bbox 1008 4122 1290 4179; x_wconf 82' lang='lat' dir='ltr'><strong>Rabbulas</strong></span> <span class='ocrx_word' id='word_1_424' title='bbox 1318 4140 1464 4180; x_wconf 90' lang='lat' dir='ltr'><strong>anno</strong></span> <span class='ocrx_word' id='word_1_425' title='bbox 1491 4125 1596 4182; x_wconf 74' lang='lat'><strong>455</strong></span> <span class='ocrx_word' id='word_1_426' title='bbox 1623 4126 1679 4181; x_wconf 93' lang='lat' dir='ltr'><strong>in</strong></span> <span class='ocrx_word' id='word_1_427' title='bbox 1704 4126 1844 4181; x_wconf 86' lang='lat' dir='ltr'><strong>vivis</strong></span> <span class='ocrx_word' id='word_1_428' title='bbox 1865 4134 2147 4196; x_wconf 90' lang='lat' dir='ltr'><strong>superstes</strong></span> <span class='ocrx_word' id='word_1_429' title='bbox 2167 4136 2307 4194; x_wconf 90' lang='lat' dir='ltr'><strong>erat,</strong></span> <span class='ocrx_word' id='word_1_430' title='bbox 2335 4144 2445 4199; x_wconf 91' lang='lat' dir='ltr'><strong>quo</strong></span> <span class='ocrx_word' id='word_1_431' title='bbox 2474 4142 2672 4199; x_wconf 90' lang='lat' dir='ltr'><strong>nempe</strong></span> <span class='ocrx_word' id='word_1_432' title='bbox 2697 4126 2972 4183; x_wconf 90' lang='lat' dir='ltr'><strong>Theodori</strong></span> <span class='ocrx_word' id='word_1_433' title='bbox 3003 4125 3372 4195; x_wconf 86' lang='lat' dir='ltr'><strong>Mopsuesteni</strong></span> <span class='ocrx_word' id='word_1_434' title='bbox 3398 4124 3573 4181; x_wconf 91' lang='lat' dir='ltr'><strong>libros</strong></span> 
     </span>
    </p>
   </div>
   <div class='ocr_carea' id='block_1_37' title="bbox 302 4207 3570 4293">
    <p class='ocr_par' dir='ltr' id='par_1_37' title="bbox 302 4207 3570 4293">
     <span class='ocr_line' id='line_1_37' title="bbox 302 4207 3570 4293; baseline 0.003 -30"><span class='ocrx_word' id='word_1_435' title='bbox 302 4207 531 4265; x_wconf 58' lang='lat' dir='ltr'><strong>haresis</strong></span> <span class='ocrx_word' id='word_1_436' title='bbox 573 4213 886 4269; x_wconf 89' lang='lat' dir='ltr'><strong>accusabat.</strong></span> <span class='ocrx_word' id='word_1_437' title='bbox 914 4214 1259 4273; x_wconf 79' lang='lat' dir='ltr'><strong>&#39;Theodorus</strong></span> <span class='ocrx_word' id='word_1_438' title='bbox 1288 4217 1499 4274; x_wconf 74' lang='lat' dir='ltr'><strong>Lector</strong></span> <span class='ocrx_word' id='word_1_439' title='bbox 1538 4219 1846 4274; x_wconf 83' lang='lat' dir='ltr'><strong>Rabbulam</strong></span> <span class='ocrx_word' id='word_1_440' title='bbox 1887 4228 2015 4274; x_wconf 91' lang='lat' dir='ltr'><strong>ante</strong></span> <span class='ocrx_word' id='word_1_441' title='bbox 2055 4219 2268 4276; x_wconf 88' lang='lat' dir='ltr'><strong>obitum</strong></span> <span class='ocrx_word' id='word_1_442' title='bbox 2308 4220 2486 4277; x_wconf 91' lang='lat' dir='ltr'><strong>oculis</strong></span> <span class='ocrx_word' id='word_1_443' title='bbox 2524 4230 2745 4293; x_wconf 89' lang='lat' dir='ltr'><strong>captum</strong></span> <span class='ocrx_word' id='word_1_444' title='bbox 2786 4219 2957 4276; x_wconf 80' lang='lat' dir='ltr'><strong>fuisse</strong></span> <span class='ocrx_word' id='word_1_445' title='bbox 2997 4217 3184 4290; x_wconf 91' lang='lat' dir='ltr'><strong>prodit</strong></span> <span class='ocrx_word' id='word_1_446' title='bbox 3218 4225 3275 4274; x_wconf 91' lang='lat' dir='ltr'><strong>et</strong></span> <span class='ocrx_word' id='word_1_447' title='bbox 3310 4230 3517 4275; x_wconf 83' lang='lat' dir='ltr'><strong>caecum</strong></span> <span class='ocrx_word' id='word_1_448' title='bbox 3552 4231 3570 4273; x_wconf 92' lang='lat'><strong>:</strong></span> 
     </span>
    </p>
   </div>
   <div class='ocr_carea' id='block_1_38' title="bbox 310 4297 1299 4379">
    <p class='ocr_par' dir='ltr' id='par_1_38' title="bbox 310 4297 1299 4379">
     <span class='ocr_line' id='line_1_38' title="bbox 310 4297 1299 4379; baseline 0.009 -26"><span class='ocrx_word' id='word_1_449' title='bbox 310 4297 651 4368; x_wconf 77' lang='grc' dir='ltr'>Ῥαὸὗουλᾶς</span> <span class='ocrx_word' id='word_1_450' title='bbox 682 4303 944 4376; x_wconf 79' lang='grc' dir='ltr'><strong>Ἐδέσσης</strong></span> <span class='ocrx_word' id='word_1_451' title='bbox 978 4307 1180 4376; x_wconf 81' lang='grc' dir='ltr'>τυφλὸς</span> <span class='ocrx_word' id='word_1_452' title='bbox 1212 4303 1299 4379; x_wconf 77' lang='grc' dir='ltr'><strong>ἦν.</strong></span> 
     </span>
    </p>
   </div>
   <div class='ocr_carea' id='block_1_39' title="bbox 357 4455 3533 4486">
    <p class='ocr_par' dir='ltr' id='par_1_39' title="bbox 357 4455 3533 4486">
     <span class='ocr_line' id='line_1_39' title="bbox 357 4455 3533 4486; baseline 0.002 -10"><span class='ocrx_word' id='word_1_453' title='bbox 357 4455 3533 4486; x_wconf 54' lang='lat' dir='ltr'><strong>mw</strong></span> 
     </span>
    </p>
   </div>
   <div class='ocr_carea' id='block_1_40' title="bbox 287 4470 294 4497">
    <p class='ocr_par' dir='ltr' id='par_1_40' title="bbox 287 4470 294 4497">
     <span class='ocr_line' id='line_1_40' title="bbox 287 4470 294 4497; baseline 0 0"><span class='ocrx_word' id='word_1_454' title='bbox 287 4470 294 4497; x_wconf 65' lang='grc' dir='ltr'><strong>ε</strong></span> 
     </span>
    </p>
   </div>
   <div class='ocr_carea' id='block_1_41' title="bbox 836 4584 3039 4684">
    <p class='ocr_par' dir='ltr' id='par_1_41' title="bbox 836 4584 3039 4684">
     <span class='ocr_line' id='line_1_41' title="bbox 836 4584 3039 4684; baseline 0.002 -11"><span class='ocrx_word' id='word_1_455' title='bbox 836 4584 1417 4676; x_wconf 66' lang='lat' dir='ltr'><strong>RABBULE</strong></span> <span class='ocrx_word' id='word_1_456' title='bbox 1492 4587 2083 4681; x_wconf 84' lang='lat' dir='ltr'><strong>EPISTOLA</strong></span> <span class='ocrx_word' id='word_1_457' title='bbox 2150 4592 2300 4681; x_wconf 91' lang='lat' dir='ltr'><strong>AD</strong></span> <span class='ocrx_word' id='word_1_458' title='bbox 2372 4590 3039 4684; x_wconf 81' lang='lat' dir='ltr'><strong>CYRILLUM.</strong></span> 
     </span>
    </p>
   </div>
   <div class='ocr_carea' id='block_1_42' title="bbox 788 4757 3121 4830">
    <p class='ocr_par' dir='ltr' id='par_1_42' title="bbox 788 4757 3121 4830">
     <span class='ocr_line' id='line_1_42' title="bbox 788 4757 3121 4830; baseline 0.002 -22"><span class='ocrx_word' id='word_1_459' title='bbox 788 4760 957 4809; x_wconf 72' lang='lat' dir='ltr'><strong>Exstat</strong></span> <span class='ocrx_word' id='word_1_460' title='bbox 976 4757 1026 4809; x_wconf 82' lang='lat' dir='ltr'><strong>in</strong></span> <span class='ocrx_word' id='word_1_461' title='bbox 1044 4759 1290 4824; x_wconf 83' lang='lat' dir='ltr'><strong>Synodico</strong></span> <span class='ocrx_word' id='word_1_462' title='bbox 1317 4760 1588 4823; x_wconf 83' lang='lat' dir='ltr'><strong>Cnsinensi,</strong></span> <span class='ocrx_word' id='word_1_463' title='bbox 1613 4776 1722 4827; x_wconf 87' lang='lat' dir='ltr'><strong>cap.</strong></span> <span class='ocrx_word' id='word_1_464' title='bbox 1744 4763 1838 4814; x_wconf 76' lang='lat'><strong>200</strong></span> <span class='ocrx_word' id='word_1_465' title='bbox 1862 4762 1988 4816; x_wconf 81' lang='lat' dir='ltr'><strong>inter</strong></span> <span class='ocrx_word' id='word_1_466' title='bbox 2013 4764 2174 4829; x_wconf 87' lang='lat' dir='ltr'><strong>Opera</strong></span> <span class='ocrx_word' id='word_1_467' title='bbox 2199 4763 2514 4827; x_wconf 77' lang='lat' dir='ltr'><strong>Theodoreti,</strong></span> <span class='ocrx_word' id='word_1_468' title='bbox 2538 4763 2687 4830; x_wconf 77' lang='lat' dir='ltr'><strong>infra,</strong></span> <span class='ocrx_word' id='word_1_469' title='bbox 2708 4769 2824 4816; x_wconf 87' lang='lat' dir='ltr'><strong>tom.</strong></span> <span class='ocrx_word' id='word_1_470' title='bbox 2854 4762 3121 4815; x_wconf 71' lang='lat' dir='ltr'><strong>LXXXIV.</strong></span> 
     </span>
    </p>
   </div>
   <div class='ocr_carea' id='block_1_43' title="bbox 816 5005 3064 5130">
    <p class='ocr_par' dir='ltr' id='par_1_43' title="bbox 816 5005 3064 5130">
     <span class='ocr_line' id='line_1_43' title="bbox 816 5005 3064 5130; baseline 0.003 -13"><span class='ocrx_word' id='word_1_471' title='bbox 816 5005 1509 5120; x_wconf 65' lang='lat' dir='ltr'><strong>RABBULZE</strong></span> <span class='ocrx_word' id='word_1_472' title='bbox 1590 5008 2272 5125; x_wconf 86' lang='lat' dir='ltr'><strong>EDESSENI</strong></span> <span class='ocrx_word' id='word_1_473' title='bbox 2354 5012 3064 5130; x_wconf 89' lang='lat' dir='ltr'><strong>CANONES.</strong></span> 
     </span>
    </p>
   </div>
   <div class='ocr_carea' id='block_1_44' title="bbox 315 5183 3584 5255">
    <p class='ocr_par' dir='ltr' id='par_1_44' title="bbox 315 5183 3584 5255">
     <span class='ocr_line' id='line_1_44' title="bbox 315 5183 3584 5255; baseline 0.002 -23"><span class='ocrx_word' id='word_1_474' title='bbox 315 5183 582 5255; x_wconf 55' lang='lat' dir='ltr'><strong>(Ecclesia?</strong></span> <span class='ocrx_word' id='word_1_475' title='bbox 618 5184 943 5255; x_wconf 76' lang='lat' dir='ltr'><strong>Antiochense</strong></span> <span class='ocrx_word' id='word_1_476' title='bbox 984 5186 1219 5255; x_wconf 76' lang='lat' dir='ltr'><strong>Syrorum</strong></span> <span class='ocrx_word' id='word_1_477' title='bbox 1262 5186 1599 5255; x_wconf 62' lang='lat' dir='ltr'><strong>Nomocanon,</strong></span> <span class='ocrx_word' id='word_1_478' title='bbox 1642 5202 1669 5238; x_wconf 87' lang='lat' dir='ltr'><strong>a</strong></span> <span class='ocrx_word' id='word_1_479' title='bbox 1707 5188 1949 5252; x_wconf 85' lang='lat' dir='ltr'><strong>Gregorio</strong></span> <span class='ocrx_word' id='word_1_480' title='bbox 1993 5190 2366 5255; x_wconf 81' lang='lat' dir='ltr'><strong>Ahulpharagio</strong></span> <span class='ocrx_word' id='word_1_481' title='bbox 2406 5193 2740 5255; x_wconf 79' lang='lat' dir='ltr'><strong>Bar-Hebrteo</strong></span> <span class='ocrx_word' id='word_1_482' title='bbox 2781 5192 2987 5255; x_wconf 74' lang='lat' dir='ltr'><strong>Syrisce</strong></span> <span class='ocrx_word' id='word_1_483' title='bbox 3023 5189 3342 5255; x_wconf 68' lang='lat' dir='ltr'><strong>compositus,</strong></span> <span class='ocrx_word' id='word_1_484' title='bbox 3372 5195 3424 5240; x_wconf 82' lang='lat' dir='ltr'><strong>et</strong></span> <span class='ocrx_word' id='word_1_485' title='bbox 3447 5205 3472 5241; x_wconf 86' lang='lat' dir='ltr'><strong>a</strong></span> <span class='ocrx_word' id='word_1_486' title='bbox 3495 5190 3584 5239; x_wconf 92' lang='lat' dir='ltr'><strong>Jo-</strong></span> 
     </span>
    </p>
   </div>
   <div class='ocr_carea' id='block_1_45' title="bbox 313 5206 3580 5388">
    <p class='ocr_par' dir='ltr' id='par_1_45' title="bbox 313 5206 3580 5388">
     <span class='ocr_line' id='line_1_45' title="bbox 315 5206 3580 5255; baseline 0.002 -23"><span class='ocrx_word' id='word_1_487' title='bbox 315 5206 582 5241; x_wconf 62' lang='grc' dir='ltr'><strong>μιπιεδιω</strong></span> <span class='ocrx_word' id='word_1_488' title='bbox 618 5206 943 5235; x_wconf 67' lang='grc' dir='ltr'><strong>Αιιιιυυιιιςιιω</strong></span> <span class='ocrx_word' id='word_1_489' title='bbox 984 5206 1219 5248; x_wconf 68' lang='lat' dir='ltr'><strong>ayrorum</strong></span> <span class='ocrx_word' id='word_1_490' title='bbox 1262 5206 1599 5249; x_wconf 75' lang='lat' dir='ltr'><strong>nomocanou,</strong></span> <span class='ocrx_word' id='word_1_491' title='bbox 1642 5206 1669 5238; x_wconf 84' lang='lat' dir='ltr'><strong>a</strong></span> <span class='ocrx_word' id='word_1_492' title='bbox 1707 5206 1949 5252; x_wconf 77' lang='lat' dir='ltr'><strong>bregorlo</strong></span> <span class='ocrx_word' id='word_1_493' title='bbox 1993 5206 2279 5255; x_wconf 68' lang='lat' dir='ltr'><strong>nnulpnara</strong></span> <span class='ocrx_word' id='word_1_494' title='bbox 2334 5206 2366 5242; x_wconf 92' lang='grc' dir='ltr'>ο</span> <span class='ocrx_word' id='word_1_495' title='bbox 2409 5206 2740 5244; x_wconf 62' lang='lat' dir='ltr'><strong>nar-uenae</strong></span> <span class='ocrx_word' id='word_1_496' title='bbox 2781 5206 2984 5254; x_wconf 72' lang='lat' dir='ltr'><strong>syriaco</strong></span> <span class='ocrx_word' id='word_1_497' title='bbox 3023 5206 3342 5255; x_wconf 72' lang='lat' dir='ltr'><strong>eomposrtus,</strong></span> <span class='ocrx_word' id='word_1_498' title='bbox 3372 5206 3580 5241; x_wconf 72' lang='lat' dir='ltr'><strong>etaso—</strong></span> 
     </span>
     <span class='ocr_line' id='line_1_46' title="bbox 313 5206 3580 5388; baseline 0.003 -94"><span class='ocrx_word' id='word_1_499' title='bbox 313 5247 489 5369; x_wconf 46' lang='lat' dir='ltr'><strong>ﬁgit;</strong></span> <span class='ocrx_word' id='word_1_500' title='bbox 510 5249 723 5388; x_wconf 36' lang='lat'><strong>31:39:10</strong></span> <span class='ocrx_word' id='word_1_501' title='bbox 761 5248 1033 5298; x_wconf 81' lang='lat' dir='ltr'><strong>Assemano</strong></span> <span class='ocrx_word' id='word_1_502' title='bbox 1075 5247 1127 5297; x_wconf 89' lang='lat' dir='ltr'><strong>in</strong></span> <span class='ocrx_word' id='word_1_503' title='bbox 1180 5248 1402 5298; x_wconf 85' lang='lat' dir='ltr'><strong>Latinam</strong></span> <span class='ocrx_word' id='word_1_504' title='bbox 1444 5248 1664 5314; x_wconf 83' lang='lat' dir='ltr'><strong>linguam</strong></span> <span class='ocrx_word' id='word_1_505' title='bbox 1702 5264 1988 5302; x_wconf 86' lang='lat' dir='ltr'><strong>conversus.</strong></span> <span class='ocrx_word' id='word_1_506' title='bbox 2022 5254 2168 5315; x_wconf 83' lang='lat' dir='ltr'><strong>Apud</strong></span> <span class='ocrx_word' id='word_1_507' title='bbox 2212 5206 2334 5316; x_wconf 51' lang='lat' dir='ltr'><strong>Mai1</strong></span> <span class='ocrx_word' id='word_1_508' title='bbox 2350 5252 2537 5318; x_wconf 80' lang='lat' dir='ltr'><strong>Script.</strong></span> <span class='ocrx_word' id='word_1_509' title='bbox 2584 5261 2677 5308; x_wconf 82' lang='lat' dir='ltr'><strong>vet.</strong></span> <span class='ocrx_word' id='word_1_510' title='bbox 2717 5268 2843 5306; x_wconf 85' lang='lat' dir='ltr'><strong>nova</strong></span> <span class='ocrx_word' id='word_1_511' title='bbox 2881 5253 3100 5317; x_wconf 63' lang='lat' dir='ltr'><strong>Coacon,</strong></span> <span class='ocrx_word' id='word_1_512' title='bbox 3132 5260 3252 5305; x_wconf 88' lang='lat' dir='ltr'><strong>tom.</strong></span> <span class='ocrx_word' id='word_1_513' title='bbox 3286 5253 3344 5315; x_wconf 84' lang='lat' dir='ltr'><strong>X,</strong></span> <span class='ocrx_word' id='word_1_514' title='bbox 3369 5258 3494 5317; x_wconf 80' lang='lat' dir='ltr'><strong>part.</strong></span> <span class='ocrx_word' id='word_1_515' title='bbox 3524 5266 3580 5313; x_wconf 85' lang='grc' dir='ltr'><strong>ιι,</strong></span> 
     </span>
    </p>
   </div>
   <div class='ocr_carea' id='block_1_46' title="bbox 340 4891 3564 4920">
    <p class='ocr_par' dir='ltr' id='par_1_46' title="bbox 340 4891 3564 4920">
     <span class='ocr_line' id='line_1_47' title="bbox 340 4891 3564 4920; baseline 0.002 -11"><span class='ocrx_word' id='word_1_516' title='bbox 340 4891 3564 4920; x_wconf 50' lang='lat' dir='ltr'><strong>Mm</strong></span> 
     </span>
    </p>
   </div>
   <div class='ocr_carea' id='block_1_47' title="bbox 466 5527 3582 5613">
    <p class='ocr_par' dir='ltr' id='par_1_47' title="bbox 466 5527 3582 5613">
     <span class='ocr_line' id='line_1_48' title="bbox 466 5527 3582 5613; baseline 0 -30"><span class='ocrx_word' id='word_1_517' title='bbox 466 5528 539 5584; x_wconf 84' lang='lat' dir='ltr'><strong>De</strong></span> <span class='ocrx_word' id='word_1_518' title='bbox 568 5532 832 5601; x_wconf 81' lang='lat' dir='ltr'><strong>primitiis,</strong></span> <span class='ocrx_word' id='word_1_519' title='bbox 854 5534 1289 5592; x_wconf 80' lang='lat' dir='ltr'><strong>benedictionibus</strong></span> <span class='ocrx_word' id='word_1_520' title='bbox 1312 5547 1360 5591; x_wconf 86' lang='lat' dir='ltr'><strong>et</strong></span> <span class='ocrx_word' id='word_1_521' title='bbox 1386 5538 1750 5613; x_wconf 83' lang='lat' dir='ltr'><strong>eleemosynis.</strong></span> <span class='ocrx_word' id='word_1_522' title='bbox 2005 5543 2264 5613; x_wconf 89' lang='lat' dir='ltr'><strong>episcopo</strong></span> <span class='ocrx_word' id='word_1_523' title='bbox 2286 5542 2510 5608; x_wconf 78' lang='lat' dir='ltr'><strong>faciant,</strong></span> <span class='ocrx_word' id='word_1_524' title='bbox 2528 5548 2585 5596; x_wconf 88' lang='lat' dir='ltr'><strong>et</strong></span> <span class='ocrx_word' id='word_1_525' title='bbox 2618 5553 2728 5593; x_wconf 90' lang='lat' dir='ltr'><strong>non</strong></span> <span class='ocrx_word' id='word_1_526' title='bbox 2752 5536 3000 5593; x_wconf 85' lang='lat' dir='ltr'><strong>indicant</strong></span> <span class='ocrx_word' id='word_1_527' title='bbox 3013 5535 3273 5592; x_wconf 87' lang='lat' dir='ltr'><strong>collectas</strong></span> <span class='ocrx_word' id='word_1_528' title='bbox 3303 5527 3582 5587; x_wconf 73' lang='lat' dir='ltr'><strong>saeculari-</strong></span> 
     </span>
    </p>
   </div>
   <div class='ocr_carea' id='block_1_48' title="bbox 395 5620 3580 5704">
    <p class='ocr_par' dir='ltr' id='par_1_48' title="bbox 395 5620 3580 5704">
     <span class='ocr_line' id='line_1_49' title="bbox 395 5620 3580 5704; baseline -0.001 -29"><span class='ocrx_word' id='word_1_529' title='bbox 395 5620 471 5675; x_wconf 87' lang='lat' dir='ltr'><strong>Ex</strong></span> <span class='ocrx_word' id='word_1_530' title='bbox 503 5622 587 5690; x_wconf 90' lang='lat' dir='ltr'><strong>iis,</strong></span> <span class='ocrx_word' id='word_1_531' title='bbox 616 5639 737 5696; x_wconf 77' lang='lat' dir='ltr'><strong>qua:</strong></span> <span class='ocrx_word' id='word_1_532' title='bbox 769 5635 896 5699; x_wconf 82' lang='lat' dir='ltr'><strong>sunt</strong></span> <span class='ocrx_word' id='word_1_533' title='bbox 934 5627 1212 5694; x_wconf 65' lang='lat' dir='ltr'><strong>Ecclesiae,</strong></span> <span class='ocrx_word' id='word_1_534' title='bbox 1246 5631 1553 5704; x_wconf 76' lang='lat' dir='ltr'><strong>presbyteri</strong></span> <span class='ocrx_word' id='word_1_535' title='bbox 1585 5634 1899 5690; x_wconf 84' lang='lat' dir='ltr'><strong>convivium</strong></span> <span class='ocrx_word' id='word_1_536' title='bbox 2007 5634 2112 5689; x_wconf 84' lang='lat' dir='ltr'><strong>bus</strong></span> <span class='ocrx_word' id='word_1_537' title='bbox 2131 5634 2233 5690; x_wconf 91' lang='lat' dir='ltr'><strong>sub</strong></span> <span class='ocrx_word' id='word_1_538' title='bbox 2257 5634 2478 5689; x_wconf 89' lang='lat' dir='ltr'><strong>nomine</strong></span> <span class='ocrx_word' id='word_1_539' title='bbox 2498 5631 2762 5704; x_wconf 87' lang='lat' dir='ltr'><strong>episcopi,</strong></span> <span class='ocrx_word' id='word_1_540' title='bbox 2793 5628 3014 5702; x_wconf 87' lang='lat' dir='ltr'><strong>quando</strong></span> <span class='ocrx_word' id='word_1_541' title='bbox 3030 5628 3096 5684; x_wconf 93' lang='lat' dir='ltr'><strong>ad</strong></span> <span class='ocrx_word' id='word_1_542' title='bbox 3133 5628 3281 5698; x_wconf 86' lang='lat' dir='ltr'><strong>ipsos</strong></span> <span class='ocrx_word' id='word_1_543' title='bbox 3310 5621 3580 5697; x_wconf 82' lang='lat' dir='ltr'><strong>procedit.</strong></span> 
     </span>
    </p>
   </div>
  </div>
