4048 6210
549 236 688 293 M75

1116 344 1193 399 De
1230 345 1525 399 mconomis.

619 439 920 496 Saeculares
968 452 1078 493 non
1124 437 1235 490 sint
1284 434 1577 500 (economi,
1614 433 1725 488 nisi
1769 433 1863 488 ubi
1894 446 2005 488 non
2040 442 2125 488 est

548 532 857 602 presbyter,
886 538 982 584 aut
1007 528 1294 583 diaconus.

1070 640 1148 693 De
1180 641 1318 693 vasis
1352 638 1562 693 altaris.

620 731 815 785 Nullus
862 731 1170 801 presbyter,
1205 738 1300 783 aut
1352 730 1618 784 diaconus
1672 728 1870 784 audeat
1921 742 2126 799 ponere

551 836 680 875 vasa
724 821 951 890 profana
997 836 1122 875 cum
1166 820 1313 874 vasis
1357 820 1713 874 sanctilicatis
1754 819 1809 873 in
1855 834 2004 884 arca,
2034 827 2129 873 aut

554 912 839 981 paradisco
874 912 1028 983 (cella
1060 912 1326 980 sacrarii).

700 1023 776 1076 De
810 1023 1161 1076 anathemati:
1195 1021 1448 1074 altarium
1481 1035 1597 1089 qua:
1629 1027 2024 1074 consecrantur.

631 1115 686 1169 Si
717 1122 935 1169 exstent
959 1112 1162 1166 alicubi
1192 1112 1435 1180 reliquiae
1476 1112 1665 1181 templi
1688 1112 1893 1176 idoiici,
1921 1112 2126 1173 statim,

558 1207 604 1262 si
634 1207 749 1260 fieri
788 1204 981 1274 possit,
1012 1203 1369 1266 snbruantur,
1402 1211 1458 1255 et
1481 1203 1535 1256 in
1568 1196 1869 1257 Ec'clesiam
1899 1218 2129 1257 conver-

560 1304 765 1359 tantur,
806 1295 850 1349 si
900 1294 1135 1348 ecclesia
1177 1292 1443 1347 aadificata
1488 1308 1599 1346 non
1643 1293 1830 1348 fuerit.
1875 1292 2132 1348 Ecclesia:

560 1393 742 1439 autem
783 1382 1083 1446 aedificata,
1131 1382 1480 1447 dealbentur,
1516 1391 1571 1436 et
1609 1382 1721 1436 sint
1760 1382 1817 1436 in
1854 1381 1963 1436 illis
1996 1396 2132 1436 con-

562 1473 678 1527 chzn
718 1472 818 1542 (l).
854 1480 910 1525 et
944 1471 1103 1524 atria.

664 1584 1055 1639 Admonitiones
1082 1584 1221 1636 circa
1249 1584 1593 1653 sumptionem
1623 1584 2009 1654 mysteriorum.

635 1670 958 1726 Sacerdotes
998 1687 1066 1726 ne
1117 1671 1251 1725 dent
1292 1671 1625 1725 oblationem
1672 1672 1917 1736 tentatis,
1960 1678 2021 1724 ut
2048 1687 2137 1726 res

566 1772 767 1817 sancta:
790 1778 897 1816 non
921 1762 1228 1816 adiciantur
1251 1762 1629 1816 irreverentia.

634 1871 711 1925 De
748 1873 1144 1927 transmissione
1172 1873 1543 1953 mysteriorum
1580 1880 1630 1926 et
1663 1874 2069 1928 contrectatione

1222 1957 1475 2011 ipsorum.

636 2031 808 2086 Nemo
860 2032 1279 2102 prcsbyteratu,
1349 2040 1443 2085 aut
1500 2032 1792 2088 diaconatu
1844 2033 2140 2089 destitutus

568 2123 767 2177 audeat
795 2123 1125 2177 oblationem
1161 2122 1370 2177 homini
1400 2122 1551 2177 dare.

644 2215 968 2286 Presbyteri,
997 2224 1053 2269 et
1088 2215 1325 2280 diaconi,
1354 2215 1451 2284 qui
1489 2216 1623 2270 dant
1659 2216 2139 2283 sanctiﬁcationes,

572 2320 682 2360 non
709 2306 913 2360 idcirco
937 2307 1202 2374 recipiant
1231 2306 1457 2361 donum.

918 2396 996 2451 De
1027 2397 1352 2468 negligentiis
1385 2400 1790 2453 occurrentibus.

643 2510 1052 2580 Fragmentum,
1083 2511 1230 2579 quod
1263 2511 1411 2565 cadit
1454 2511 1523 2566 de
1561 2526 1792 2581 corpore
1828 2521 2018 2567 sancto
2047 2529 2143 2568 su-

573 2616 673 2672 per
713 2610 947 2665 terram,
978 2610 1233 2677 accurate
1281 2614 1582 2671 quaeratur,
1624 2611 1682 2658 et
1727 2604 1773 2657 si
1807 2603 2141 2669 inveniatur,

570 2691 830 2747 eradatur
855 2691 1008 2746 locus
1031 2693 1169 2762 ejus,
1201 2692 1246 2747 si
1275 2701 1486 2748 terreus
1528 2694 1619 2758 sit,
1646 2702 1703 2748 et
1729 2695 1844 2765 ipsa
1880 2695 1971 2749 illa
2002 2704 2146 2751 terra

571 2798 714 2854 aqua
740 2783 1127 2848 confundatur,
1151 2794 1208 2838 et
1230 2786 1446 2839 hanana
1473 2784 1548 2855 (2)
1573 2786 1735 2840 detur
1768 2786 2024 2842 fidelibus
2050 2806 2062 2841 :
2090 2796 2148 2842 et

574 2875 620 2930 si
644 2890 751 2929 non
775 2875 1105 2939 inveniatur,
1133 2875 1386 2930 similiter
1410 2877 1686 2946 scalpatur
1706 2878 1882 2942 locus,
1913 2890 1973 2932 ut
2007 2878 2149 2933 dixi—

572 2983 718 3025 mus.
748 2966 953 3020 Eodem
984 2966 1169 3031 modo,
1197 2976 1253 3021 ct
1292 2967 1338 3022 si
1371 2983 1401 3022 e
1432 2969 1697 3039 sanguine
1733 2970 2058 3035 effunditur,
2099 2971 2143 3025 si

573 3055 826 3128 lapideus
850 3057 922 3111 sit
951 3057 1125 3121 locus,
1151 3057 1418 3112 carbones
1444 3060 1964 3129 superimponantur
1988 3061 2061 3117 ei.

1170 3171 1247 3225 De
1280 3173 1536 3225 oratione.

648 3281 772 3338 Sint
815 3292 1230 3354 perseverantes
1271 3284 1329 3340 in
1370 3286 1639 3350 oratione,
1669 3294 1726 3342 et
1764 3287 2053 3359 diligentes
2090 3288 2145 3343 in

577 3373 887 3430 ministerio
910 3391 1101 3431 omnes
1124 3376 1220 3441 ﬁlii
1245 3377 1526 3440 Ecclesiae.
1544 3393 1647 3434 nec
1668 3387 1884 3435 cessent
1904 3380 1973 3435 ab
1998 3380 2150 3436 horis

577 3466 887 3521 orationum
915 3476 973 3522 et
993 3469 1328 3537 psalmorum
1354 3481 1516 3524 nocte
1538 3479 1595 3524 et
1621 3469 1734 3525 die.

1037 3577 1109 3633 De
1137 3585 1270 3632 coetu
1296 3582 1691 3635 monachorum.

650 3690 899 3745 Monachi
940 3692 1135 3747 inclusi
1190 3692 1455 3748 duntaxat
1503 3693 1755 3750 nutriant
1798 3695 2052 3765 capillos,
2093 3707 2153 3752 et

580 3782 727 3838 ferro
761 3784 1079 3839 induantur.

652 3874 902 3929 Monachi
942 3875 1273 3940 visitatores,
1304 3885 1363 3930 et
1395 3891 1586 3932 omnes
1623 3874 1822 3931 fratres
1846 3883 1998 3932 extra
2031 3866 2169 3932 mo-°

584 3965 839 4029 nasteria,
876 3975 1057 4021 vestes
1086 3966 1269 4036 nigras
1303 3982 1370 4021 ex
1407 3966 1533 4035 pilis
1561 3982 1669 4021 non
1710 3967 1942 4023 induant
1968 3968 2066 4040 (5),
2092 3979 2155 4025 ut

583 4070 694 4109 non
718 4056 1087 4125 vilipendatur
1114 4055 1291 4109 honor
1317 4055 1631 4111 schematis.

654 4144 824 4198 Nemo
854 4144 1115 4213 suscipiat
1145 4143 1391 4207 fratrem,
1426 4145 1521 4212 qui
1553 4144 1752 4215 migrat
1779 4145 1847 4201 de
1877 4157 2152 4204 monaste-

584 4236 668 4290 rio
696 4237 749 4290 in
780 4235 1192 4301 monasterium,
1220 4236 1323 4290 nisi
1350 4245 1538 4308 rogatu
1572 4239 1813 4308 prazfecti
1841 4240 2009 4310 priori
2040 4258 2155 4297 mo-

584 4326 845 4381 nasterio.

655 4414 974 4477 Monachus,
1005 4414 1099 4484 qui
1142 4414 1429 4487 presbyter
1467 4432 1579 4471 non
1611 4418 1703 4484 sit,
1736 4427 1831 4473 aut
1864 4418 2150 4486 diaconus,
2186 4398 2228 4454 θ

585 4519 695 4558 non
721 4504 920 4557 audeat
946 4504 1344 4559 Eucharistlam
1375 4508 1677 4578 porrigere.

656 4595 904 4649 Monachi
939 4611 1009 4649 ne
1049 4611 1215 4665 pagos
1248 4597 1522 4666 urbesque
1558 4599 1787 4665 adeant,
1829 4600 1924 4655 sed
1963 4600 2152 4665 visita-

587 4696 735 4741 tores
776 4686 1084 4741 duntaxat:
1115 4687 1265 4757 iique
1309 4689 1364 4743 in
1408 4690 1661 4756 ecclesia,
1688 4706 1784 4746 aut
1824 4693 2155 4747 monasterio

586 4779 832 4842 sedeant,
873 4789 931 4835 et
965 4788 1396 4846 commorentur,
1451 4798 1628 4852 neque
1683 4799 1782 4853 per
1823 4784 2017 4840 domos
2065 4801 2156 4838 va-

586 4883 806 4941 gentur.

657 4962 907 5018 Monachi
941 4964 1175 5019 multum
1205 4965 1401 5021 vinum
1421 4984 1530 5023 non
1561 4968 1773 5035 bibant,
1801 4986 1872 5025 ne
1902 4971 2159 5043 blasphe-

586 5060 760 5108 ment.
804 5054 1054 5110 Monachi
1089 5058 1489 5126 possessionem
1534 5060 1741 5126 ovium,
1767 5071 1862 5117 aut
1890 5078 2156 5133 equorum

587 5160 700 5201 non
746 5147 1094 5215 possideant,
1149 5151 1246 5206 sed
1289 5152 1464 5207 solum
1510 5152 1712 5216 asinos,
1758 5162 1814 5207 et
1856 5163 2041 5209 tauros
2089 5155 2157 5209 ad

590 5238 883 5294 arandum.

660 5409 737 5551 (lg
780 5413 840 5467 In
876 5416 1141 5485 margine,
1174 5419 1227 5500 id
1261 5428 1373 5482 est,
1410 5420 1497 5473 ubi
1526 5422 1768 5503 coquitur
1792 5433 1943 5478 :cata.

682 5480 718 5533 2
762 5481 817 5536 Id
839 5492 943 5546 est,
968 5497 1066 5551 pro
1090 5498 1260 5551 gratia
1281 5500 1336 5544 et
1358 5491 1648 5547 clementia
1664 5493 1943 5550 obtinend:

762 5481 817 5536 Id
839 5492 943 5557 est,
968 5481 1066 5554 pro
1090 5488 1260 5557 gratia
1281 5500 1336 5544 et
1358 5481 1648 5547 Clementia
1664 5493 1963 5550 obtinenda
1983 5509 2160 5553 massa

593 5547 689 5616 illa
717 5547 1046 5624 porrigatur.

1464 227 1800 286 RABBULAE
1841 224 2173 284 EDESSENI
2241 225 2545 284 EPISCOPI
2584 226 2917 287 CANONES.

3660 231 3839 286 {576

2153 352 2197 407 Α
2296 340 2495 395 Libros
2537 350 2827 396 extraneos
2864 357 2976 396 non
3024 340 3263 397 habeant
3312 341 3368 396 in
3411 344 3833 409 monasteriis,

2226 448 2407 503 neque
2438 441 2681 503 qumstus
2702 448 2771 487 ex
2802 433 3083 503 emptione
3111 449 3175 488 ac
3197 434 3532 489 venditione.

2296 526 2466 581 Nemo
2496 542 2561 581 ex
2597 526 2862 582 fratribus
2907 526 3208 596 quidquam
3230 526 3336 581 sibi
3360 528 3655 597 proprium
3679 542 3833 597 pos-

2152 638 2155 647 ι
2228 617 2424 682 sideat,
2462 618 2555 673 sed
2588 619 2768 674 omnia
2794 618 3110 674 communia
3141 620 3273 685 sint,
3308 630 3365 675 et
3392 620 3494 675 sub
3518 628 3829 690 potestate

2227 709 2468 778 praefecti
2503 711 2856 765 monasterio.

2300 799 2595 856 Praefectus
2625 800 2959 857 monasterio
2995 817 3066 856 ne
3104 800 3369 856 fratribus
3402 800 3721 871 permittat,
3759 808 3833 854 ut

2228 892 2665 962 consanguineos
2719 892 2956 957 adeant,
3013 908 3083 948 ne
3151 893 3438 962 colloquiis
3487 892 3657 946 vanis
3727 908 3830 947 re-

2230 982 2503 1037 laxentur.

2300 1072 2378 1125 Ne
2414 1071 2747 1128 infirmitatis
2776 1087 2939 1127 causa
2980 1070 3233 1125 monachi
3267 1069 3578 1139 relinquant
3619 1084 3830 1125 ceno-

2229 1163 2322 1217 bia
2375 1179 2494 1226 sua,
2539 1172 2595 1217 et
2640 1178 2738 1232 per
2789 1162 3038 1217 civitates
3090 1177 3155 1215 ac
3204 1162 3322 1215 loca
3373 1168 3682 1230 vagentur,
3722 1161 3826 1215 sed

2232 1255 2541 1309 sustineant
2573 1255 2852 1324 angustias
2885 1262 3111 1326 propter
3135 1254 3424 1307 Dominum
3458 1263 3752 1308 nostrum.

2301 1345 2473 1399 Nemo
2507 1346 2736 1399 fratrum
2786 1346 3086 1400 solitariam
3123 1345 3290 1399 vitam
3325 1344 3509 1410 ducat,
3543 1344 3659 1400 nisi
3703 1344 3826 1406 ille,

2233 1436 2393 1505 cujus
2427 1452 2595 1505 opera
2628 1436 2721 1490 diu
2759 1436 2986 1506 probata
3019 1435 3205 1490 fuerit.

2304 1525 2604 1580 Praefectus
2638 1526 2971 1581 monasterio
3003 1525 3372 1580 constituatur
3406 1524 3518 1590 ille,
3551 1524 3653 1595 qui
3695 1540 3829 1596 pos-

2235 1616 2309 1670 sit
2343 1616 2651 1686 gubernare
2683 1615 3103 1670 fraternitatem.

2167 1684 2208 1737 B
2306 1684 2619 1778 Presbyteri
2682 1716 2737 1761 et
2808 1706 3025 1760 diaconi
3092 1706 3346 1760 monachi
3413 1714 3645 1775 possunt
3716 1706 3830 1761 mi-

2237 1799 2475 1854 nistrare
2505 1800 2662 1870 jussu
2704 1800 2949 1870 episcopi
2995 1799 3051 1854 in
3091 1799 3247 1864 locis,
3295 1799 3351 1853 in
3376 1799 3583 1868 quibus
3622 1799 3825 1857 clerici

2238 1907 2348 1947 non
2383 1898 2529 1946 sunt.

2310 1986 2481 2048 Arcze,
2517 1986 2574 2037 in
2620 1980 2823 2052 quibus
2870 1982 3124 2038 monachi
3164 1982 3527 2052 sepeliuntur,
3568 1982 3627 2036 in
3672 1990 3823 2037 terra

2240 2075 2515 2129 condantu
2526 2092 2570 2127 r.

2312 2166 2610 2221 Praefectus
2642 2165 2996 2230 monasterio,
3022 2181 3145 2220 cum
3184 2165 3420 2229 decedit,
3452 2164 3659 2222 fratres
3692 2181 3819 2223 eum

2242 2256 2510 2326 sepeliant
2542 2272 2668 2311 cum
2704 2256 2945 2320 silentio,
2981 2263 3037 2310 et
3070 2271 3179 2310 non
3218 2265 3623 2328 congregemur
3644 2273 3817 2315 saecu-

2242 2347 2387 2402 lares
2418 2347 2485 2402 ad
2522 2349 2642 2418 ejus
2673 2346 2884 2401 funeris
2918 2361 3190 2416 pompam.

2314 2459 2586 2525 Monachi,
2621 2468 2677 2513 et
2710 2458 2976 2514 moniales
2998 2475 3067 2515 ne
3091 2460 3406 2516 cohabitent
3428 2477 3556 2518 cum
3584 2460 3819 2519 secula.

2244 2551 2416 2607 ribus.

2316 2664 2615 2721 Saeculares
2650 2681 2717 2722 ne
2753 2667 3208 2724 sustentationem
3241 2669 3585 2739 corporalem
3628 2684 3827 2725 mona-

2246 2757 2476 2812 chorum
2509 2757 2803 2829 negligant.

2316 2861 2573 2918 Mulieres
2618 2863 2760 2918 iutra
2807 2867 2955 2920 fores
3003 2869 3463 2924 monasteriorum
3514 2885 3587 2925 ne
3639 2870 3822 2944 ingreb

2247 2947 2492 3003 dia’ntur.

2174 3034 2217 3092 ο
2322 3057 2604 3125 Moniales,
2628 3076 2751 3143 qua:
2784 3062 2838 3117 in
2885 3064 3118 3120 urbibus
3148 3067 3408 3138 pagisque
3441 3077 3592 3125 sunt.
3624 3069 3671 3125 si
3708 3085 3818 3127 non

2248 3147 2488 3202 habeant
2520 3153 2935 3216 monasterium,
2961 3161 3056 3206 aut
3087 3154 3397 3208 cmnobium
3431 3153 3507 3225 (ὃ)
3540 3170 3817 3217 sororum.

2246 3236 2370 3292 duae
2401 3239 2564 3294 simul
2599 3240 2828 3297 sedeant
2863 3242 2919 3296 in
2957 3258 3065 3298 una
3102 3243 3287 3310 domo,
3319 3254 3373 3300 et
3406 3247 3566 3301 simul
3589 3254 3725 3304 eant
3751 3246 3818 3302 ad

2248 3331 2558 3386 ecclesiam.

2321 3442 2570 3499 Monachi
2602 3444 2842 3515 psalmos
2871 3446 3087 3514 dicant,
3105 3456 3162 3517 et
3195 3449 3451 3505 moniales
3479 3450 3647 3505 etiam
3678 3466 3818 3508 can-

2253 3534 2378 3589 lica.

2321 3647 2593 3711 Monacbi,
2628 3655 2685 3702 et
2728 3647 2996 3705 moniales
3052 3649 3220 3706 horas
3267 3665 3481 3722 precum
3523 3649 3822 3722 impleant,

2250 3737 2598 3809 psalmosque
2633 3738 2873 3795 recitent
2902 3739 2998 3795 diu
3034 3749 3332 3812 noctuque.

2324 3853 2646 3916 Saecularis,
2710 3855 2805 3925 qui
2840 3855 3007 3910 filiam
3062 3856 3287 3912 hederis
3339 3854 3664 3929 (monialem)
3707 3856 3819 3915 sibi

2253 3941 2691 4012 desponsaverit,
2726 3944 3243 4002 anathematizctur.

2321 4055 2592 4123 Monachi,
2628 4068 2685 4113 et
2726 4060 3013 4125 moniales,
3046 4061 3140 4130 qui
3186 4061 3409 4117 schema
3446 4069 3671 4125 exuunt,
3701 4077 3823 4132 pm-

2253 4146 2545 4202 nitentiam
2592 4159 2787 4220 agant,
2842 4151 3088 4221 alioquin
3141 4152 3671 4209 anathematizentur
3712 4169 3817 4209 una

2255 4253 2381 4293 cum
2418 4255 2610 4294 eorum
2639 4240 2915 4308 affinibus,
2951 4243 2999 4298 si
3034 4243 3169 4314 ipsis
3186 4244 3568 4325 consentiant.

2326 4351 2521 4407 Mulier
2551 4362 2743 4425 nupta,
2778 4355 2985 4425 absque
3030 4357 3214 4412 mariti
3247 4358 3331 4413 sui
3377 4356 3679 4427 voluntate,
3709 4372 3821 4413 non

2257 4443 2519 4513 suscipiat
2569 4444 2968 4501 institutionem
3025 4448 3467 4521 (monasticam),
3518 4464 3693 4520 neque
3736 4450 3823 4503 vir

2258 4532 2466 4602 absque
2499 4535 2783 4590 voluntate
2817 4537 3064 4607 conjugis
3099 4553 3230 4593 suae.

2331 4643 2578 4699 Monachi
2614 4645 2732 4701 sine
2765 4646 3110 4720 presbytero,
3154 4656 3212 4704 et
3262 4648 3530 4705 moniales
3558 4646 3678 4705 sine
3705 4646 3821 4701 dia-

2259 4737 2493 4802 conissa,
2515 4753 2585 4793 ne
2620 4746 2850 4809 pergant
2879 4739 2945 4795 ad
2980 4755 3231 4811 synaxes.

2331 4849 2634 4905 Hmreticus
2678 4865 2747 4905 ne
2794 4850 2984 4906 sedeat
3015 4852 3069 4906 in
3106 4861 3294 4909 nostro
3334 4853 3684 4921 monasterio,
3728 4868 3824 4908 ne-

2259 4958 2366 5012 que
2401 4942 2628 4998 accedat
2664 4942 2733 4998 ad
2771 4958 2860 4999 res
2894 4943 3283 5001 sanctificatas.

2331 5052 2582 5108 Monachi
2606 5068 2675 5108 ne
2699 5032 2998 5109 ascendant
3022 5052 3091 5108 ad
3114 5052 3319 5125 gradus
3346 5055 3558 5110 altaris.

2327 5164 2575 5219 Monachi
2612 5174 2669 5220 et
2705 5166 2971 5221 moniales
3015 5166 3084 5221 ab
3131 5183 3233 5223 usu
3278 5167 3459 5223 carnis
3493 5166 3821 5227 abstineant.

2257 5256 2386 5311 vino
2426 5266 2611 5311 autem
2655 5258 2871 5313 modico
2906 5268 3137 5329 propter
3173 5259 3543 5316 inﬁrmitatem
3584 5267 3824 5314 utantur.

2340 5430 2416 5499 ('5)
2440 5428 2500 5483 ln
2516 5432 2782 5500 margine,
2801 5433 2855 5488 id
2875 5442 2960 5489 est
2980 5434 3203 5490 schema
3223 5435 3566 5492 sacularium
3582 5433 3832 5500 induant.

2267 5509 2565 5574 autvestes
2585 5502 2739 5574 albas
2765 5503 2950 5558 laneas
2970 5504 3176 5574 absque
3197 5506 3436 5562 cucullo.

2339 5568 2415 5641 (Δ)
2453 5569 2511 5624 In
2544 5572 2788 5645 margine
2819 5574 3039 5630 arabice
3072 5568 3275 5647 legitur
3296 5573 3557 5649 (cellam).
