4048 6210
304 262 3494 322 Μ
1267 289 2790 308 mm

1593 454 1763 499 ANNO
1806 455 2018 499 DOMIN!
2059 455 2224 499 CDXL

1324 637 2501 850 FIRMUS

604 1008 1329 1124 C/ESARE/E
1417 1007 2358 1124 CAPPADOCIIE
2426 1013 3193 1136 EPISCOPUS

1646 1377 2178 1469 NOTITIAL

1117 1567 1379 1628 (GM.me
1408 1569 1633 1620 Veterum
1663 1570 1864 1619 Patrum
1889 1571 2140 1635 Btblioth.,
2166 1578 2284 1623 tom.
2313 1575 2395 1636 IX,
2424 1589 2471 1638 p.
2497 1579 2666 1641 κιαι.)

359 1853 401 1910 1.
429 1855 559 1910 Post
591 1855 900 1910 llelladium
930 1857 1105 1911 sancti
1127 1856 1308 1913 Basilii
1337 1875 1736 1928 successorem,
1768 1879 1858 1919 se-
1885 1869 1931 1926 Α
1960 1866 2278 1924 damnatum
2314 1871 2650 1939 Nestorium,
2692 1882 2817 1930 ante
2856 1884 3036 1930 tamen
3087 1891 3249 1945 quam
3293 1873 3537 1929 celebra-

276 1946 412 2002 dem
463 1947 851 2003 Caesariensem
892 1949 948 2002 in
993 1950 1336 2021 Cappadocia
1395 1952 1684 2008 obtinuere
1714 1955 1858 2010 Pha-

287 2039 489 2094 retrius
522 2049 577 2094 et
619 2039 940 2106 Archelaus,
977 2043 1284 2098 clarissimo
1321 2044 1621 2100 Muratorio
1654 2045 1860 2102 incom-

286 2133 426 2202 perti
465 2133 562 2202 (a).
590 2133 657 2188 Et
686 2134 889 2202 prioris
914 2135 1136 2204 quidem
1169 2135 1422 2189 meminit
1447 2145 1669 2192 sanctus
1689 2139 1857 2194 Joan-

284 2237 384 2276 nes
406 2222 833 2293 Chrysostomus
855 2225 951 2294 (b),
980 2225 1304 2295 posterioris
1323 2241 1454 2280 vero
1485 2227 1713 2282 Photius
1742 2229 1808 2299 (ε)
1839 2246 1854 2296 ;

276 2322 346 2367 ut
380 2324 573 2369 auctor
623 2323 708 2370 est
757 2315 843 2369 vir
887 2317 1084 2372 doctus
1132 2317 1228 2389 (d).
1277 2319 1544 2375 Archelao
1577 2320 1759 2390 itaque
1800 2322 1855 2377 in

282 2405 540 2459 Ecclesia:
561 2405 912 2462 Caesariensis
927 2409 1193 2479 regimine
1215 2411 1506 2465 successsit
1531 2412 1766 2477 Firmus,
1788 2415 1856 2470 de

279 2511 390 2563 quo
438 2495 598 2550 nobis
646 2511 847 2551 sermo.
900 2499 1110 2553 Floruit
1153 2500 1496 2569 potissimum
1528 2501 1617 2557 hic
1656 2505 1854 2572 prwsul

280 2586 504 2641 hmrcsis
543 2588 885 2642 Nestoriana:
913 2598 1255 2659 tempestate,
1275 2592 1504 2662 ejusque
1540 2609 1737 2648 nomen
1762 2609 1854 2649 ce-

272 2679 431 2732 lebre
472 2679 705 2732 habetur
731 2679 787 2733 in
826 2680 978 2735 Actis
1013 2683 1232 2736 concilii
1270 2683 1552 2752 Ephesini,
1584 2687 1741 2754 cujus
1763 2686 1858 2738 de-

268 2769 443 2823 cretis
481 2769 646 2822 modo
675 2779 894 2838 quarto,
924 2772 1088 2825 modo
1115 2781 1270 2826 sexto
1307 2774 1428 2827 loco
1463 2773 1854 2842 subscripsisse

276 2858 599 2928 perhibetur
620 2859 711 2930 (e).
733 2859 794 2913 ln
817 2859 1053 2914 adventu
1078 2861 1380 2932 legatorum
1403 2862 1683 2918 lecstini
1703 2880 1857 2934 papa:

274 2949 344 3004 ad
397 2949 543 3005 idem
589 2951 909 3016 concilium,
953 2951 1021 3006 de
1058 2953 1127 3008 iis
1149 2969 1269 3022 qua:
1297 2954 1349 3008 in
1382 2955 1477 3008 illo
1512 2966 1701 3012 essent
1732 2967 1854 3012 acta

268 3059 342 3098 ex
384 3044 704 3114 praescripto
735 3044 1043 3101 litterarum
1091 3031 1336 3118 ejusdem
1381 3049 1616 3104 Romani
1667 3055 1854 3122 ponti-

277 3135 395 3191 ﬁcis
457 3146 642 3193 noster
705 3137 1056 3194 Caesariensis
1111 3140 1405 3211 episcopus
1455 3157 1552 3199 cos
1613 3145 1854 3201 reddidit

267 3228 542 3284 certiores
578 3225 662 3299 (Γ).
712 3229 841 3283 Post
868 3229 984 3285 haec
1009 3230 1190 3300 ipsum
1217 3247 1246 3286 a
1274 3232 1530 3288 Patribus
1560 3234 1852 3305 Ephesinis

274 3331 401 3371 cum
439 3332 535 3372 sex
561 3319 684 3374 aliis
707 3319 982 3390 episcopis
1005 3320 1314 3393 delegatum
1335 3324 1609 3390 novimus,
1636 3335 1698 3381 ut
1724 3326 1851 3382 ﬁdei

275 3424 494 3465 causam
517 3421 704 3482 ageret
725 3411 870 3482 apud
893 3413 1265 3470 Theodosium
1289 3426 1585 3488 augustum
1609 3419 1706 3488 (g).
1734 3418 1851 3484 Qua

277 3501 348 3556 de
381 3518 438 3557 re
459 3502 663 3560 videsis
691 3503 1102 3561 Tillemontium
1143 3507 1243 3577 (h).
1273 3507 1349 3560 Ea
1376 3517 1602 3576 propter
1633 3509 1748 3562 sive
1779 3509 1851 3562 ob

273 3593 418 3650 lianc
450 3594 800 3665 legationem,
849 3597 966 3652 sive
994 3597 1068 3652 ob
1110 3597 1214 3650 alia
1254 3597 1517 3665 prmclara
1542 3597 1765 3652 virtutis
1797 3608 1853 3654 et

272 3687 598 3741 constantiae
665 3686 966 3757 specimina
1032 3701 1154 3754 quae
1213 3685 1477 3742 adversus
1535 3686 1850 3743 Nestorium

272 3776 450 3832 edidit
493 3774 586 3831 hic
629 3776 983 3832 Caesariensis
1015 3775 1267 3840 antistes,
1308 3776 1571 3848 deinceps
1593 3779 1850 3836 Tarsensi

267 3867 622 3922 orientalium
667 3876 942 3922 conventu
984 3867 1350 3938 cui'praaerat
1382 3869 1622 3924 Joannes
1657 3869 1854 3925 Antio-

271 3959 504 4021 chenus,
543 3958 830 4027 depositus
872 3959 1062 4024 fuisse,
1100 3958 1232 4015 licet
1263 3959 1421 4015 irrito
1444 3942 1666 4027 conatu',
1702 3977 1850 4016 com-

267 4048 504 4117 peritur.
532 4049 656 4103 llaec
677 4047 890 4118 aliaque
911 4063 1132 4120 passum
1147 4065 1269 4106 esse
1287 4059 1535 4106 nostrum
1556 4054 1848 4122 praesulem

267 4137 602 4193 acerrimum
629 4139 755 4195 ﬁdei
788 4152 1255 4214 pr0pugnatorem
1277 4144 1346 4198 ab
1366 4144 1639 4200 haeretica:
1663 4146 1849 4216 pravi-

267 4231 401 4286 tatis
453 4233 716 4302 patronis,
765 4243 930 4290 testes
966 4236 1167 4291 adsunt
1200 4237 1410 4307 aliquot
1438 4237 1684 4308 epistolae
1705 4239 1849 4294 inter

249 4313 363 4378 'eas
408 4324 750 4392 complures,
811 4342 946 4395 quas
1000 4327 1213 4396 primus
1263 4327 1439 4383 edidit
1499 4329 1846 4386 Christianus

267 4414 457 4485 Lupus
487 4414 571 4486 (i),
605 4414 805 4471 deinde
833 4416 1134 4472 Garnerius
1161 4419 1249 4489 (j),
1282 4428 1560 4492 postremo
1587 4421 1846 4476 emenda-

1961 1971 2115 2016 retur
2156 1963 2396 2034 synodus
2445 1964 2741 2035 Ephesina,
2795 1966 2954 2035 plura
2993 1965 3046 2018 in
3078 1966 3198 2035 ejus
3222 1964 3438 2018 laudem
3467 1965 3536 2019 ad

1959 2052 2138 2124 ipsum
2189 2055 2486 2125 scripserat
2532 2056 2771 2112 Joannes
2825 2057 2915 2111 ille
2961 2055 3339 2111 Antiochcnus
3375 2057 3537 2124 cujus

1961 2143 2125 2198 modo
2146 2146 2518 2211 meminimus,
2546 2146 2698 2201 hisce
2719 2147 2903 2201 verbis
2929 2147 2989 2218 (Ι)
3017 2165 3028 2199 :
3055 2147 3278 2216 Affectus
3303 2147 3532 2216 quidem,

1958 2233 2056 2297 ait,
2084 2235 2174 2304 qui
2189 2235 2472 2289 secundum
2496 2236 2661 2290 Deum
2690 2247 2785 2302 est,
2810 2245 3042 2308 tempore
3067 2238 3225 2290 nescit
3250 2239 3531 2308 exstingui,

1959 2342 2052 2379 nec
2080 2335 2246 2397 potest
2279 2329 2743 2399 quomodocunque
2771 2331 3057 2399 corrumpi.
3097 2329 3242 2384 Unde
3278 2337 3380 2383 tua:
3412 2328 3535 2381 reli-

1959 2417 2214 2486 giositatis
2245 2433 2500 2470 memores
2531 2433 2918 2488 permanemus,
2972 2419 3060 2487 qui
3110 2435 3275 2487 parvo
3327 2417 3532 2486 quidem

1959 2515 2190 2577 tempore
2231 2509 2287 2560 in
2316 2507 2776 2576 ConstantinOpoli
2801 2510 2902 2559 tuis
2934 2507 3174 2559 amicitiis
3205 2506 3528 2575 [ovebamur,

1958 2600 2162 2652 uirtutis
2213 2615 2334 2650 vero
2383 2608 2486 2649 tua'
2534 2598 2946 2665 experimentum
2996 2604 3229 2664 tempore
3255 2594 3531 2665 prolixiori

1956 2689 2291 2755 sumpsimus.
2324 2685 2528 2738 Praeter
2561 2685 2693 2738 alios
2721 2687 2857 2738 enim
2881 2687 2934 2738 in
2958 2686 3428 2740 cohabitationibus
3477 2703 3528 2740 es

1955 2777 2154 2840 suavis,
2205 2784 2252 2827 et
2291 2775 2591 2829 uidentibus
2632 2785 2680 2830 te
2725 2776 3077 2830 humilitatem
3123 2795 3240 2831 cum
3269 2779 3529 2831 suavitate

1957 2874 2197 2936 prwstas.
2226 2865 2363 2919 Dum
2387 2883 2506 2920 vero
2531 2867 2881 2922 humilitatem
2911 2870 3151 2934 sectaris,
3177 2868 3407 2923 excelsas
3434 2873 3529 2924 ha-

1956 2958 2042 3011 bes
2091 2959 2451 3029 cogitationes.
2483 2958 2585 3014 Sed
2629 2961 2693 3013 de
2719 2962 2796 3014 his
2827 2962 3035 3031 quidem
3066 2962 3316 3016 hactenus
3345 2962 3523 3027 habes,

1957 3052 2006 3097 et
2029 3044 2220 3098 dictum
2245 3047 2311 3099 sit
2336 3063 2352 3098 :
2379 3047 2577 3101 excedit
2599 3049 2738 3102 enim
2761 3049 2884 3120 styli
2909 3049 3202 3120 epistolaris
3225 3067 3526 3106 mensuram

1955 3135 2207 3189 virtutum
2262 3143 2476 3190 tuarum
2515 3139 2888 3194 dinumeratio.
2930 3140 3056 3195 Haec
3104 3157 3232 3196 vere
3280 3142 3524 3211 quidem,

1884 3205 1926 3260 Β
1955 3227 2050 3282 sed
2073 3227 2323 3294 subdole,
2357 3228 2424 3283 ad
2455 3229 2699 3286 Firmum
2725 3232 2923 3301 praesul
2950 3205 3346 3297 Antioclienus,
3381 3242 3441 3288 ut
3461 3205 3528 3288 cr

1953 3319 2169 3389 reliquo
2214 3321 2459 3389 epistolae
2492 3330 2749 3375 contextu
2787 3322 3140 3390 intelligimus
3175 3342 3186 3375 :
3224 3339 3333 3392 quo
3370 3325 3526 3379 vidc-

1951 3408 2081 3461 licet
2123 3409 2242 3476 ejus
2273 3408 2516 3461 animum
2548 3409 2829 3472 deliniret,
2869 3416 3033 3478 atque
3063 3410 3129 3464 ad
3158 3411 3394 3464 Nestorii
3425 3427 3524 3480 pa-

1952 3499 2246 3553 trocinium
2263 3499 2671 3567 suscipiendum
2693 3499 2956 3554 alliceret.
2972 3500 3174 3554 Verum
3195 3500 3359 3554 nullis
3373 3501 3526 3555 blan-

1951 3590 2105 3645 ditiis
2156 3592 2496 3659 interceptus
2539 3591 2816 3660 nullisque
2865 3597 3020 3645 actus
3055 3591 3311 3645 versutiis
3339 3600 3526 3645 noster

1949 3683 2200 3747 antistes,
2223 3683 2277 3736 in
2303 3683 2586 3738 catholicae
2614 3682 2741 3739 fidei
2775 3681 3095 3737 defensione
3122 3681 3525 3752 imperterritus

1949 3784 2006 3829 et
2047 3775 2346 3829 immobilis
2387 3774 2655 3830 constitit.
2692 3773 2811 3828 Alia
2845 3774 2898 3828 in
2934 3781 3192 3844 promptu
3231 3773 3524 3842 habemus,

1949 3882 2072 3936 qua:
2115 3866 2182 3920 de
2211 3866 2394 3920 Firmo
2441 3868 2668 3938 ejusque
2712 3865 2992 3936 praeclaris
3028 3866 3194 3936 gestis
3220 3865 3400 3920 adhuc
3435 3865 3524 3920 di-

1949 3955 2124 4012 cenda
2156 3967 2551 4027 superessent:
2593 3969 2668 4022 at,
2711 3973 2835 4012 cum
2879 3973 2989 4011 non
3034 3957 3145 4011 sint
3187 3957 3351 4027 hujus
3393 3958 3523 4019 loci,

1949 4047 2169 4103 aliunde
2195 4048 2488 4118 repetenda
2511 4049 2858 4103 dimittimus.
2884 4048 3210 4119 Supremum
3229 4048 3371 4102 diem
3385 4049 3524 4104 obiit

1950 4139 2040 4193 hic
2065 4137 2414 4194 Caesariensis
2431 4140 2652 4209 praesul,
2673 4148 2733 4194 ut
2756 4155 2821 4193 ex
2844 4138 3068 4194 Socrate
3093 4139 3380 4193 erudimur
3400 4139 3518 4211 (ιη),

1949 4246 2071 4286 cum
2105 4231 2458 4286 Theodosius
2489 4231 2684 4286 Junior
2723 4232 3024 4301 imperator
3055 4231 3328 4286 decimum
3354 4232 3522 4301 septi-

1949 4338 2098 4376 mum
2129 4322 2474 4376 consulatum
2504 4329 2739 4393 gereret,
2773 4322 2898 4393 περὶ
2923 4321 3020 4391 τὴν
3050 4323 3520 4392 ἑπτακαιδεκάτην

1950 4413 2216 4466 ὑπατείαν
2240 4413 2337 4466 τοῦ
2379 4413 2660 4484 βασιλέως,
2686 4411 2741 4465 id
2775 4420 2860 4467 est
2889 4428 3034 4466 anno
3069 4428 3374 4476 ccccxxxrx,
3408 4428 3520 4482 quo

267 4507 438 4562 tiores
461 4507 713 4562 Baluzius
735 4525 750 4574 ;
775 4523 843 4561 ex
877 4510 1034 4580 cujus
1069 4520 1357 4579 preptcrea
1377 4510 1636 4581 Synodico
1657 4511 1843 4565 adver-
1870 4540 1911 4597 ο
1946 4506 2171 4576 quidem
2225 4513 2468 4575 tempore
2505 4505 2754 4597 Proclusi
2778 4503 3253 4597 Constantinopoli
3287 4504 3519 4559 Thalas-

263 4613 353 4651 sus
385 4597 716 4668 Tragoediam
740 4597 930 4653 Irenwi
949 4599 1260 4655 Nestoriani
1284 4601 1502 4656 easdem
1531 4601 1621 4656 hic
1644 4602 1841 4657 subtus
1884 4595 1897 4597 ⁷
1944 4599 2088 4653 sium
2118 4599 2238 4669 ejus
2265 4611 2638 4652 successorem
2660 4595 2956 4651 ordinavit.

263 4687 590 4743 adnotamus
624 4688 718 4759 (lc).

333 4777 406 4832 ll.
442 4777 512 4831 At
536 4795 669 4835 vero
690 4781 942 4850 quamvis
985 4779 1246 4836 adversus
1298 4781 1543 4835 Firmum
1586 4781 1724 4837 adeo
1756 4781 1839 4835 in-

262 4867 418 4923 fenso
471 4872 656 4926 animo
705 4883 892 4928 essent
942 4870 1248 4928 Orientales
1294 4873 1379 4927 vel
1423 4873 1658 4928 maxime
1708 4880 1832 4943 post

336 5093 412 5169 _(b)_
455 5093 628 5169 Joan._
667 5094 861 5167 Chrys.
907 5097 1068 5169 epist.
1108 5093 1194 5160 1ι1”ν
1234 5095 1565 5169 AdLOlymp.
1606 5105 1662 5152 et
1703 5095 1829 5169 294,

259 5161 555 5217 Ad‘Paean.
591 5163 730 5234 Opp.
767 5161 897 5220 tom.
937 5161 1026 5233 Ill,
1063 5182 1218 5238 pagg.
1270 5165 1372 5222 595
1410 5161 1467 5222 et
1512 5161 1646 5232 Ἰ714,
1695 5167 1828 5222 edit.

259 5245 388 5285 nov.
421 5233 593 5288 Paris.

257 5302 638 5428 magnast,
688 5305 826 5360 Bibl.
859 5306 979 5362 cod.
1012 5307 1100 5374 δι,
1127 5323 1181 5378 ρ.
1207 5308 1296 5375 40,
1320 5307 1423 5363 sub
1447 5307 1541 5362 lin.
1569 5308 1704 5364 edit.
1728 5306 1832 5364 Ge-

329 5442 405 5581 ξά)
431 5443 694 5514 Lequlen.
721 5445 815 5500 0r.
848 5446 1040 5502 Christ.
1083 5458 1216 5503 tom.
1247 5449 1289 5513 l,
1323 5465 1376 5519 p.
1400 5449 1524 5502 574.

351 5512 399 5581 ε)
428 5513 584 5569 Cone.
607 5516 826 5581 Ephes.,
852 5521 970 5572 Act.
1001 5520 1053 5581 1,
1085 5535 1137 5581 p.
1165 5520 1268 5575 995
1295 5529 1352 5575 et
1379 5520 1524 5574 1077

329 5512 399 5581 (e)
428 5512 584 5569 (anc.
607 5516 826 5587 Ephes.,
852 5521 970 5572 Act.
1001 5520 1053 5586 1,
1085 5535 1137 5589 p.
1165 5512 1352 5575 993e't
1379 5520 1536 5583 1077,
1566 5528 1698 5574 tom.
1753 5517 1823 5574 lll

253 5579 411 5638 Cone.
442 5584 578 5640 edit.
600 5587 734 5642 Ven.
761 5587 929 5642 Labb.

333 5019 388 5093 (a
445 5023 641 5078 Murat.
664 5024 912 5079 Anecdot.
945 5025 1136 5088 Grazc.,
1167 5042 1220 5096 p.
1248 5025 1374 5080 278.

336 5021 416 5216 (li
455 5093 612 5148 Joan.
667 5094 861 5167 Chrys.
907 5097 1068 5216 epist.
1108 5097 1194 5160 M,
1234 5097 1316 5149 Ad
1355 5098 1374 5152 ι

333 5162 342 5214 l
417 5179 555 5216 (ean.
591 5163 730 5216 Ono.
767 5175 897 5216 toni.
961 5167 1026 5216 ll.
1063 5182 1218 5216 narra.
1270 5165 1372 5216 595

2016 4688 2107 4747 IlI.
2151 4689 2306 4758 Quod
2352 4706 2486 4745 vero
2523 4697 2736 4761 spectat
2763 4687 2833 4743 ad
2868 4687 3039 4742 Firmi
3069 4687 3375 4741 litterarum
3403 4700 3520 4739 mo-

1944 4791 2223 4847 nimenta,
2280 4781 2576 4836 dolendum
2628 4781 2912 4849 enimvero
2951 4778 3113 4833 nobis
3157 4785 3345 4846 erepta
3393 4791 3517 4831 esse

1939 4888 2061 4942 quae
2090 4879 2272 4927 tantus
2301 4871 2386 4926 vir
2422 4887 2522 4941 pro
2545 4871 2630 4926 sui
2651 4871 2896 4925 muneris
2919 4869 3130 4924 ratione
3159 4869 3228 4922 ad
3260 4867 3518 4922 Ecclesia:

2015 5026 2078 5097 (l)
2106 5025 2264 5097 Cone.
2291 5026 2506 5097 Ephes.,
2533 5025 2742 5097 Act.i‘2,
2769 5041 2824 5094 p.
2858 5024 3016 5079 1148.

2035 5096 2088 5167 g)
2122 5096 2285 5159 una,
2314 5098 2434 5151 Act.
2465 5096 2767 5167 6,913.15
2792 5110 2945 5167 seqq.

2032 5165 2085 5237 ii)
2121 5167 2335 5237 Tillem.
2364 5175 2495 5221 tom.
2523 5165 2659 5229 XIV,
2687 5182 2742 5237 p.
2769 5165 3052 5237 4707seqq.

2034 5182 2085 5237 η)
2121 5182 2335 5222 'nuem.
2364 5182 2495 5221 tom.
2525 5182 2742 5290 AlV,l|'b.
2769 5182 2872 5219 4m
2899 5182 3052 5235 seqq.

2034 5238 2071 5304 i)
2103 5237 2240 5306 Lup.
2271 5236 2409 5306 Opp.
2444 5246 2575 5290 tom.
2607 5237 2672 5290 Vl
2705 5277 2718 5299 ,
2746 5252 2801 5304 p.
2838 5236 2905 5288 15
2929 5250 3085 5305 seqq.

2015 5304 2076 5376 (j)
2105 5304 2334 5361 Garnerl
2359 5304 2586 5361 'Auctar.
2614 5323 2734 5376 app.
2760 5304 3056 5367 Theodor,
3074 5304 3257 5376 μεμε)
3278 5319 3436 5376 seqq.

2013 5371 2085 5445 ('Ir)
2132 5375 2334 5446 Synod.
2382 5377 2506 5429 adv.
2551 5371 2710 5445 Trag.
2759 5376 2900 5430 lren.
2956 5371 3111 5446 capp.
3141 5375 3230 5438 38,
3262 5371 3504 5442 66,136,

1938 5436 2031 5500 Ml
2067 5436 2126 5501 et
2152 5436 2250 5500 ΞΜ
2281 5463 2296 5512 ;
2332 5456 2463 5501 tom.
2489 5447 2554 5500 IV
2575 5436 2809 5509 Concil.,
2837 5461 2891 5515 p.
2927 5436 3037 5499 255'
3051 5436 3204 5514 s'eqq.

2007 5516 2241 5586 (l)_lbid.
2273 5532 2391 5586 cap.
2414 5517 2466 5576 4,
2494 5532 2546 5579 ρ.
2575 5517 2699 5570 257.
2740 5531 2789 5570 c.

2005 5583 2100 5657 (in)
2127 5583 2352 5641 Socratf
2379 5586 2510 5640 Ilist.
2548 5586 2694 5651 eccl.,
2728 5587 2826 5640 lib.
2851 5601 2943 5650 vn,
2967 5600 3085 5656 cap.
3116 5583 3205 5642 18.
