4048 6210
634 254 772 306 1479

1744 239 1932 296 FIRMI
1968 237 2441 295 CJESARIENSIS
2477 238 2779 295 EPISCOPI

3771 236 3935 297 1480

633 366 938 421 doctrinam
962 361 1411 433 propugnandam
1429 356 1972 427 confirmandamque
1988 355 2206 426 scriptis
2234 360 2276 415 A
2373 355 2611 428 Cyrillus
2632 357 2924 427 episcopus
2946 355 3171 428 (Alex.),
3202 371 3382 412 xxxw.

634 454 827 524 procul
852 453 1019 506 dubio
1048 449 1403 520 consignarit.
1428 448 1586 503 Nunc
1612 454 1822 501 tantum
1860 448 1979 517 ejus
2002 446 2209 515 episto:

636 547 704 600 lis
736 561 833 598 xnv
863 543 1118 604 fruimur,
1160 556 1393 610 quarum
1425 538 1662 593 lectione
1695 535 2086 606 comperimus,
2125 533 2207 588 in-

637 636 757 705 quit
801 635 887 687 vir
921 632 1174 688 eruditus
1199 632 1301 701 (n).
1334 630 1577 684 Firmum
1608 634 1668 682 ut
1700 626 2012 682 litterarum
2043 623 2205 681 Chri-

636 722 959 784 stianarum,
988 719 1062 773 ita
1084 729 1140 774 et
1169 720 1511 774 saacularium
1534 717 1764 772 scientia
1793 714 2081 770 claruisse.
2099 713 2208 769 llas

634 828 765 866 vero
795 812 1058 881 epistolas
1097 827 1164 865 ex
1202 819 1421 865 vetusto
1460 810 1651 865 codice
1691 807 2041 862 bibliothecae
2072 805 2206 860 Am-

636 905 904 958 brosiante
951 903 1259 971 descriptas
1302 917 1367 957 ac
1419 901 1614 955 Latine
1663 899 1909 954 redditas
1954 898 2207 967 notisque

635 996 955 1059 illustratus,
1001 994 1210 1049 Patavii
1251 992 1527 1063 evnlgavit
1578 989 1685 1046 hoc
1731 991 1933 1046 saeculo
1979 989 2208 1043 ineunte

636 1088 697 1142 V.
749 1086 810 1140 C.
854 1085 1166 1140 Ludovicus
1196 1084 1466 1139 Antonius
1491 1082 1825 1137 Muratorius
1849 1080 1943 1151 (ο).
1969 1081 2044 1134 De
2081 1080 2208 1149 qui-

637 1177 740 1231 bus
770 1176 824 1229 in
860 1176 1269 1247 Prolegomenis
1299 1175 1414 1228 hmc
1465 1173 1631 1227 habet
1670 1190 1682 1225 :
1739 1191 1757 1223 ι
1794 1172 2039 1226 Firmum
2082 1170 2204 1239 epi-

635 1283 863 1337 scopum
917 1267 1309 1322 Cwsaricnsem
1356 1266 1413 1319 in
1463 1280 1655 1318 eorum
1692 1263 1861 1317 fastos
1899 1262 1993 1332 qui
2020 1262 2204 1331 aliqua

633 1358 965 1413 eruditionis
1026 1373 1137 1412 sua:
1192 1356 1530 1411 monimenta
1582 1353 1821 1423 posteris
1873 1352 2203 1416 mandarint,

634 1450 865 1517 primus,
912 1448 1059 1518 quod
1096 1448 1285 1510 sciam,
1318 1447 1515 1500 infero.
1557 1446 1637 1499 En
1665 1447 1785 1516 ejus
1805 1445 2052 1514 epistolae
2079 1462 2201 1506 va.

633 1555 744 1612 non
787 1540 960 1594 multo
1004 1540 1226 1608 quidem
1275 1554 1462 1593 rerum
1508 1537 1776 1607 pondere,
1815 1538 1914 1591 sed
1947 1537 2207 1590 familiari

634 1630 905 1701 elegantia
933 1628 1422 1684 commendabiles.
1473 1628 1718 1683 Brevitas
1755 1630 1811 1683 in
1858 1630 1940 1684 eis
1985 1637 2209 1699 praestat

2376 445 2673 517 Cytherius
2706 448 2972 517 saphista,
3006 464 3066 503 ιι.

2378 538 2566 593 Daniel
2593 538 2905 609 episcopus,
2930 555 3056 593 xui.

2379 627 2631 694 Didnius,
2658 646 2751 684 vn.

2379 719 2753 784 Dometianus,
2774 733 2963 775 χχχιιι.
3052 788 3069 801 _

2379 808 2656 874 Ecdicius,
2681 826 2846 864 χχχιι.

2379 901 2688 956 Evandrius
2720 901 3032 972 episcopus,
3063 918 3151 968 xv,
3185 919 3363 959 xxxiv.

2382 992 2720 1057 Eleusinius,
2746 1010 2894 1048 χχχι.

2379 1084 2647 1153 Eupnius,
2668 1101 2753 1139 χι..

2378 1173 2750 1240 Eustrathius,
2786 1191 2943 1229 χχχιχ
2969 1192 2984 1240 ;
3019 1190 3223 1241 comes,
3247 1192 3321 1229 ιιι.

2378 1266 2696 1332 Eutherius,
2718 1282 2870 1323 χχιιι.

2383 1356 2717 1423 Florentius,
2755 1374 2899 1412 χχιχ.

2378 1448 2675 1504 Gerontius
2697 1450 3004 1521 presbyter,
3037 1467 3090 1504 x.

2379 1538 2604 1594 Gcssius
2624 1540 3008 1605 scholasticus,
3032 1557 3103 1595 vi.

2382 1630 2559 1695 Helio,
2584 1647 2764 1685 χχχιιι.

636 1736 701 1775 ac
737 1721 998 1784 eruditio,
1039 1730 1204 1789 prout
1247 1728 1634 1790 argumentum
1679 1728 1735 1773 et
1766 1734 1961 1774 eorum
2002 1728 2211 1788 tempo—
2240 1708 2283 1763 Β
2384 1723 2683 1787 llclladius,
2713 1740 2809 1789 χιι,
2833 1739 2956 1779 χχνι
2985 1742 3000 1789 ;
3028 1724 3340 1795 episcopus,
3366 1740 3468 1779 xu.

638 1828 759 1866 rum
808 1811 1147 1867 consuetudo
1178 1812 1456 1882 poscebat.
1505 1810 1770 1881 Quodque
1800 1826 1908 1866 non
1951 1809 2104 1880 parvi
2126 1809 2210 1866 fa-

636 1904 915 1969 ciendum,
953 1904 1042 1959 hic
1083 1905 1275 1959 saltem
1312 1905 1494 1976 legere
1530 1905 1679 1970 licet,
1717 1903 1814 1974 qui
1853 1919 2055 1969 mores,
2090 1920 2212 1975 quae

634 1996 812 2052 oﬂicia
856 1997 1007 2052 inter
1054 1996 1351 2052 familiares
1391 1998 1524 2052 olim
1575 2006 1784 2062 essent,
1832 1998 2041 2053 nostris
2081 2012 2211 2053 sane

637 2105 905 2158 perquam
936 2090 1153 2144 similia.
1182 2088 1536 2159 Conscriptas
1555 2090 1675 2160 pari
1704 2090 1973 2146 brevitate
2002 2090 2210 2160 episto-

638 2184 720 2232 las
763 2178 1063 2233 familiares
1094 2179 1241 2249 apud
1283 2180 1423 2234 alios
1460 2178 1680 2236 Grzecos
1729 2181 2030 2251 scriptores
2062 2181 2212 2235 inve-

637 2270 777 2333 nias,
809 2270 999 2339 quales
1043 2279 1264 2324 sanctus
1304 2269 1599 2341 Gregorius
1639 2272 2036 2336 Nazianzenus,
2091 2287 2215 2327 san-

637 2371 759 2417 ctus
823 2364 1067 2419 Isidorus
1126 2366 1435 2431 Pelusiota,
1493 2374 1713 2421 sanctus
1765 2366 1954 2431 Nilus,
2012 2374 2069 2421 ut
2129 2380 2215 2419 re-

637 2453 820 2523 liquos
876 2457 1145 2510 omittam.
1181 2477 1197 2509 ι
1281 2458 1408 2512 Haec
1478 2456 1564 2510 vir
1619 2456 2005 2521 doctissimus,
2056 2456 2215 2526 cujus

639 2543 939 2599 editionem
987 2546 1057 2600 ad
1100 2548 1362 2602 amussim
1405 2547 1795 2616 expressimus.
1830 2547 2061 2602 Nomina
2083 2561 2214 2602 vero

640 2648 833 2689 eorum
868 2637 935 2691 ad
972 2653 1112 2707 quos
1142 2638 1363 2709 scripsit
1395 2639 1635 2703 Firmus,
1681 2649 1846 2710 prout
1878 2654 1943 2695 ea
1986 2639 2215 2711 digessit

640 2727 927 2783 Fabricius
952 2732 1052 2799 (p),
1087 2729 1178 2784 hic
1213 2730 1556 2801 subjicimus.

711 2818 946 2873 Aeacius
969 2821 1283 2891 episcopus,
1315 2822 1479 2891 epist.
1502 2839 1614 2890 χιχ,
1651 2839 1809 2878 xxxv.

710 2909 974 2975 Achilles,
1009 2927 1048 2965 ι.

711 2997 937 3068 Alypius
959 3000 1409 3072 chorepiscopus,
1430 3012 1489 3058 λγ.

710 3088 1005 3144 Armenius
1036 3092 1331 3159 archiater,
1362 3111 1476 3149 χιιι.

711 3178 927 3234 Atticus
953 3182 1265 3253 episcopus,
1304 3202 1414 3241 xm.

713 3270 989 3333 Ausonius
1012 3277 1319 3348 presbyter,
1349 3295 1421 3333 χι.

711 3365 870 3421 Chilo
902 3368 1216 3439 episcopus,
1242 3386 1385 3424 xxiv.

712 3458 1083 3523 Colossianus,
1112 3477 1256 3515 χχιιι.

711 3544 982 3617 Cynegius
1003 3564 1207 3606 comes.
1238 3566 1311 3607 tv.

742 3702 793 3769 η)
817 3701 1080 3773 chuien.
1104 3702 1142 3757 l.
1167 3718 1215 3757 c.
1242 3718 1295 3773 p.
1319 3702 1442 3757 475.

742 3702 793 3769 η)
817 3701 1080 3771 Lequien.
1104 3702 1142 3757 l.
1167 3718 1215 3757 c.
1242 3718 1295 3773 p.
1319 3702 1442 3757 475.

716 3700 789 3843 ἒιλ)
831 3771 1091 3827 Muralor.
1149 3773 1396 3827 Anccdot.
1448 3770 1615 3829 (ἔατε.
1682 3785 1733 3841 p.
1769 3768 2025 3835 281-524,
2071 3770 2206 3826 edit.

2384 1813 2661 1879 lnachius,
2706 1830 2833 1871 xun
2868 1824 2925 1871 et
2957 1830 3099 1881 xuv,
3140 1817 3247 1870 nisi
3277 1816 3549 1885 posterior
3578 1818 3804 1887 potius
3840 1840 3918 1878 re-

2313 1904 2600 1973 sponsoria
2650 1904 2723 1959 sit
2767 1904 2836 1961 ad
2880 1906 3159 1975 priorem;
3199 1907 3383 1976 itaque
3430 1907 3499 1963 ab
3547 1909 3809 1967 [naebio
3855 1914 3914 1966 ad

2315 1995 2583 2059 Firmum,
2620 2011 2732 2051 non
2755 2010 2787 2051 a
2821 1996 3006 2053 Firmo
3038 1997 3107 2053 ad
3132 1999 3415 2054 Inachium
3443 2001 3685 2071 scripta.

2386 2086 2650 2153 Isidorus,
2701 2103 2825 2143 χχχ.
2880 2088 3039 2144 Hunc
3085 2104 3198 2144 non
3249 2088 3526 2148 diversum
3569 2093 3860 2164 suspicor
3886 2114 3910 2150 ε

2315 2177 2612 2235 Pelusiota.

2388 2271 2619 2337 Lausus,
2650 2288 2724 2337 ιχ,
2765 2288 2853 2327 χχ.
2898 2273 2915 2293 ⁸
2960 2272 3108 2328 Idem
3145 2273 3286 2330 forte
3309 2291 3435 2331 cum
3456 2292 3543 2341 eo,
3579 2279 3684 2333 cui
3722 2280 3905 2336 Theo-

2314 2361 2481 2418 dotus
2502 2362 3012 2434 Ancyranus-libros
3031 2380 3124 2419 sea;
3153 2375 3336 2419 contra
3359 2366 3671 2422 Nestorium
3703 2371 3904 2427 inscri-

2316 2453 2425 2522 psit
2460 2471 2473 2507 :
2506 2463 2567 2508 ut
2591 2454 2830 2508 diximus
2854 2454 2910 2509 in
2932 2454 3189 2511 Theodoto
3223 2458 3524 2529 Ancyram,
3560 2476 3771 2530 supra.

2383 2545 2649 2601 Leontius
2669 2547 2982 2616 episcopus,
3019 2564 3198 2603 xxxvi.

2383 2635 2686 2710 Olympius,
2712 2654 2873 2693 χχιιι.
2899 2638 3075 2711 Hujus
3102 2639 3453 2709 prudentiam
3477 2641 3893 2712 eloquentiam-

2316 2745 2425 2799 que
2451 2744 2559 2798 qua
2583 2729 3009 2786 Themistoclem
3034 2746 3099 2786 ac
3119 2732 3387 2786 Periclem
3421 2742 3675 2802 superet,
3718 2735 3899 2793 laudat

2318 2822 2536 2878 Firmus
2557 2823 2788 2892 epistola
2812 2839 2926 2889 vm,
2950 2823 3033 2879 Ad
3053 2825 3283 2879 Atticum
3308 2826 3629 2897 episcopum.

2389 2916 2686 2986 Pergamus
2707 2916 3154 2986 chorepiscopus,
3179 2932 3298 2971 xcv.

2390 3006 2653 3070 Pliethas,
2685 3004 2944 3075 Πλιήοας,
2965 3022 3074 3061 χχι.

2391 3098 2731 3161 Soterichus,
2776 3113 2904 3152 χχιι.

2390 3186 2727 3252 Thalassius,
2764 3202 2873 3242 xvi.
2905 3190 2919 3206 '
2952 3186 3121 3241 Firmi
3148 3186 3287 3242 forte
3320 3186 3379 3241 in
3405 3186 3742 3258 episcopatu
3782 3206 3899 3246 sub

2318 3293 2522 3334 CCSSOI‘.

2392 3364 2709 3421 Theodotus
2732 3366 3050 3436 episcOpus,
3076 3383 3205 3422 χχιι.
3234 3371 3251 3389 ⁶
3285 3368 3446 3424 Forte
3476 3368 3835 3437 Ancyranus.

2391 3457 2645 3512 Valerius
2662 3457 2975 3528 episcopus,
3001 3474 3219 3515 xxxvm.

2392 3548 2745 3615 Volusianus,
2770 3566 2891 3605 xxv.

2330 3702 2516 3757 Patav.
2553 3702 2711 3757 1709.

2387 3773 2463 3842 (p)
2499 3773 2710 3827 Fabric.
2744 3770 2877 3828 Bibl.
2911 3770 3025 3839 Cn,
3056 3779 3187 3828 tom.
3228 3770 3338 3839 ΠΙ,
3370 3788 3421 3844 p.
3455 3772 3560 3827 ΗΞ
3584 3788 3752 3845 seqq.
