4048 6210
310 253 445 309 N89

1755 249 2129 308 EPISTOUB.

3418 256 3557 313 “90

319 371 560 441 Ὀρφέως
587 369 758 442 λύραν
791 355 946 452 ἄγειν
972 371 1339 442 ἐπιστάμενον
1379 370 1514 443 πρὸς
1545 369 1737 424 ἑαυτὸν
1762 369 1876 440 ἤθει

1987 376 2204 423 ametur
2233 367 2490 440 dignum,
2537 368 2738 436 virum,
2771 369 3012 440 inquam,
3050 377 3144 425 aut
3193 369 3410 424 unicum
3460 378 3556 425 aut

309 466 401 518 καὶ
430 462 574 533 λόγῳ
604 463 731 527 τοὺς
762 463 1190 534 ἐντυγχάνοντας
1211 480 1226 494 ·
1262 463 1404 536 πλὴν
1435 465 1517 518 ὅτι
1559 463 1752 534 ἐκείνῳ
1790 464 1889 534 μὲν

306 555 437 625 ἀνχιρι
473 555 569 608 τοῦ
605 554 798 624 μέλους
842 554 916 609 τὰ
953 555 1053 628 τῆς
1097 555 1409 625 φιλοτιμίας
1451 551 1542 627 ἦν,
1575 556 1668 610 καὶ
1710 555 1886 626 τούτῳ

307 646 516 715 θέλγων
571 647 789 716 κατεῖχε
843 647 970 708 τοὺς
1019 647 1422 718 πλησιάζοντας
1441 663 1456 678 ο
1516 648 1648 717 ὑμῖν
1691 647 1749 701 δὲ
1791 648 1888 700 καὶ

307 732 458 800 οἶκος
489 735 817 806 περιφανὴς,
843 737 940 790 καὶ
964 737 1212 807 δαπάνης
1241 737 1449 807 πλῆθος
1476 738 1883 809 χορηγούμενον

305 829 418 890 τοῖς
445 827 741 898 δεομένοις,
771 828 875 882 καὶ
907 829 1085 884 πάντα
1133 829 1375 895 πλείονα,
1401 830 1443 899 ἢ
1463 831 1564 883 ὅσα
1590 830 1658 884 ἃν
1708 833 1883 885 εἰπεῖν

305 917 388 980 είς
429 915 746 986 φιλοτιμίαν
783 917 943 987 λόγος
975 918 1254 989 ἀρκέσειε.
1287 918 1508 988 Ταύτην
1537 918 1602 989 δὴ
1631 918 1733 988 τὴν
1760 919 1885 989 σχέο

306 1023 391 1058 σιν
414 1007 510 1060 καὶ
537 1008 676 1080 πρὸς
705 1009 944 1074 ἀπόντας
972 1010 1118 1080 ἔχειν
1155 1011 1478 1081 παρακαλῶ,
1519 1012 1614 1065 καὶ
1638 1011 1724 1066 διά
1749 1014 1884 1083 μνή-

305 1110 414 1163 μης
452 1094 599 1165 ἔχειν
639 1098 808 1168 ἡμᾶς,
846 1099 942 1153 καὶ
971 1098 1278 1165 δεξιοῦσθαι
1320 1101 1671 1172 γράμμασιν,
1707 1102 1783 1167 ὡς
1815 1104 1884 1157 ἂν

303 1185 530 1257 ἔχοιμεν
557 1188 742 1243 ἀδόλου
771 1190 950 1260 φιλίας
975 1191 1208 1274 ἐνέχυρα
1237 1193 1338 1256 τὰς
1369 1192 1680 1258 ἐπιστολάς.

1987 475 2098 530 prae
2121 461 2266 527 aliis,
2296 476 2407 515 non
2445 461 2606 516 aliter
2631 476 2794 530 quam
2834 459 3084 530 Orpheus
3134 461 3270 532 lyra,
3300 459 3555 514 trahendi

1983 553 2222 621 peritum
2247 553 2314 606 ad
2341 569 2399 608 se
2441 553 2692 608 moribus
2727 560 2784 607 et
2810 565 3093 617 sermone,
3131 551 3254 606 illos
3292 551 3387 620 qui
3436 551 3557 620 ejus

1983 644 2386 700 consuetudine
2409 644 2756 699 delectantur
2777 659 2808 697 :-
2821 642 2929 697 nisi
2959 641 3106 712 quod
3130 641 3350 711 Orpheo
3383 655 3558 710 usque

1982 735 2051 792 ad
2085 735 2320 790 canendi
2350 735 2644 791 artiﬁcium
2683 735 2862 790 honor
2885 743 2942 790 et
2986 733 3159 805 gloria
3185 733 3357 796 stetit,
3380 747 3558 801 eoque

1981 834 2144 896 pacto
2185 827 2253 881 ad
2297 841 2356 882 se
2387 825 2716 882 accedentes
2747 824 3061 891 mulcendo,
3116 822 3222 878 sibi
3270 821 3556 876 devinxit:

1981 920 2088 975 tibi
2109 934 2242 974 vero
2268 927 2356 975 est
2377 926 2434 974 et
2458 918 2747 989 splendida
2795 917 3014 984 domus,
3047 924 3104 973 et
3149 913 3558 985 impendiorum

1979 1011 2308 1082 magnitude
2336 1019 2561 1080 erogata
2599 1010 2655 1064 in
2687 1024 2981 1080 pauperes,
3005 1018 3064 1065 et
3096 1009 3202 1063 alia
3233 1008 3392 1078 plura
3427 1019 3561 1059 sane

1977 1119 2142 1174 quam
2171 1111 2235 1157 ut
2277 1117 2343 1157 ea
2370 1101 2426 1156 in
2475 1101 2741 1155 honorem
2797 1109 2950 1154 tuum
2998 1098 3287 1168 complecti
3325 1095 3561 1152 dicendo

1979 1193 2277 1265 possimus.
2323 1190 2481 1246 llunc
2505 1197 2691 1245 autem
2726 1189 2979 1244 habitum
3018 1189 3388 1257 aﬁ'ectumque
3429 1189 3558 1255 erga

302 1279 559 1338 absentes
586 1298 805 1354 quoque
833 1295 894 1340 ut
949 1301 1136 1341 serves
1169 1301 1322 1356 rogo,
1359 1295 1416 1341 et
1457 1295 1517 1342 ut
1555 1288 1880 1344 memoriam
1921 1286 2098 1346 nostri
2157 1285 2362 1351 foveas,
2394 1283 2738 1354 dulciterque
2800 1298 2902 1354 per
2937 1281 3149 1341 litteras
3193 1295 3296 1336 nos
3330 1281 3558 1348 salutes,

303 1367 378 1428 ita
409 1379 469 1427 ut
516 1371 744 1430 sincerae
765 1374 1022 1431 amicitiae
1043 1384 1245 1432 nostra:
1264 1376 1493 1449 pignora
1516 1377 1734 1436 litteras
1762 1379 2085 1436 habeamus.

557 1551 614 1609 ι’.
654 1551 994 1624 meamne
1027 1555 1476 1628 ΠΡΕΣΒΥΤΕΡῼ
1497 1556 1635 1628 (ιδ).

375 1664 580 1736 Συχνδν
606 1665 707 1738 ἢδη
739 1667 928 1738 χρόνον
957 1665 1381 1738 ἀπολειφθεῖσαν
1417 1669 1519 1740 τῆς
1551 1667 1762 1734 πόλεως
1781 1669 1883 1741 τὴν

305 1754 411 1826 σὴν
434 1755 745 1810 θεοσέϐειαν
784 1757 900 1812 έδεί
931 1761 1186 1831 παρεῖναι
1218 1761 1286 1832 τῇ
1329 1761 1522 1833 πρώτῃ
1559 1760 1652 1816 καὶ
1683 1778 1884 1834 μυστι-

306 1848 524 1918 κωτάτη
557 1847 667 1901 τῶν
698 1849 921 1918 ἑορτῶν.
966 1850 1123 1906 Ἐπεὶ
1139 1851 1220 1916 δὲ,
1247 1853 1561 1925 ἀρρωστίας
1597 1853 1722 1924 ἄρτι
1743 1871 1882 1909 παυς

304 1938 572 2008 σαμένης,
609 1939 994 1995 ύπολέλειπταί
1027 1960 1110 2007 τις
1149 1943 1442 2015 ἐνοχλοῦσα
1481 1944 1768 2016 λεπτότης,
1805 1946 1882 2010 ὡς

304 2029 528 2097 ἔμαθον,
604 2030 888 2086 ἀναλαϐὼν
937 2034 1134 2088 σαυτὸν
1197 2035 1491 2105 ἀφικέσθαι
1548 2036 1685 2108 πρὸς
1731 2039 1882 2109 ἡμᾶς

307 2120 630 2188 σπούδασον,
671 2123 894 2195 πληρῶν
931 2128 999 2196 τῇ
1046 2125 1342 2198 Ἐκκλησία
1390 2126 1450 2180 τδ
1497 2126 1741 2199 ὄφλημα,
1793 2129 1883 2184 ίνα

309 2213 386 2281 μὴ
424 2211 624 2283 δεηθῇς
663 2215 758 2267 καὶ
801 2215 1058 2288 δευτέρας
1097 2218 1407 2290 φιλοτιμίας
1454 2221 1536 2283 είς
1581 2220 1881 2291 θεραπείαν

307 2302 408 2370 τῆς
433 2303 786 2374 ἀπολείψεως.
821 2307 902 2361 Τὰ
931 2307 986 2361 δὲ
1011 2309 1388 2365 ἀποσταλέντα
1425 2310 1754 2382 ἐδεξάμεθα,
1786 2312 1882 2366 καί⁵

304 2393 402 2448 τοῦ
436 2395 691 2467 πλήθους,
731 2397 826 2451 καὶ
858 2398 952 2452 τοῦ
1010 2389 1276 2470 μεγέθους
1313 2401 1706 2472 θαυμάζοντες,
1743 2404 1880 2476 πέρι

305 2485 464 2550 δίκας
489 2487 778 2558 τέτταρας,
805 2490 934 2560 ὃλην
957 2490 1224 2562 ξυνωρίδα
1258 2491 1474 2560 πώλων,
1505 2495 1602 2548 καὶ
1622 2495 1751 2560 συὸς
1771 2496 1882 2550 τῶν

303 2574 658 2630 κατοικιδίων¹
696 2579 1008 2650 ήμιτόμιον,
1049 2580 1236 2635 ἰκανὸν
1273 2583 1370 2636 καὶ
1408 2584 1616 2654 ἀγρίων
1661 2587 1882 2657 νικῆσαι

303 2667 554 2738 μέγεθος,
582 2669 682 2722 ὅσα
712 2669 818 2741 χρὴ
846 2670 924 2742 τῷ
953 2674 1238 2744 πράγματι
1279 2675 1583 2741 πείθεσθαι,
1624 2677 1720 2730 καὶ
1749 2679 1882 2733 στά-

304 2775 434 2829 μνον
460 2758 605 2813 οἴνου
633 2760 843 2815 πολιοῦ.
889 2763 1049 2818 Ἀλλά
1068 2765 1212 2818 πόσα
1235 2764 1408 2819 ταῦτα
1428 2765 1563 2838 πρὸς
1579 2766 1881 2836 ἀναγκαίαν

304 2849 463 2924 φίλου
501 2852 791 2928 συντυχίαν
825 2854 1205 2925 μετρούμενα;

607 3184 710 3240 IA'.
750 3184 1050 3256 ΑΥΣΟΝΙῼ
1084 3185 1557 3259 ΠΡΕΣΒΥΤΕΡῼ.

384 3317 477 3373 Ἕν
498 3317 611 3381 τοῖς
636 3315 815 3382 ἄλλοις
845 3316 907 3371 τὸ
943 3316 1144 3390 μέτρον
1186 3317 1431 3389 ἄριστον,
1452 3321 1512 3374 ὲν
1548 3319 1607 3375 δὲ
1633 3321 1701 3393 τῇ
1730 3321 1870 3392 ἀγά-

302 3425 382 3483 πῃ
408 3409 438 3463 ὁ
464 3409 526 3462 τὸ
554 3408 736 3462 πλεῖον
753 3408 913 3479 ἔχων,
936 3406 1367 3481 θεοφιλέστερος.
1391 3411 1576 3477 Δεῖξον
1599 3407 1694 3465 οῦν
1718 3412 1882 3466 οὕτω·

300 3501 641 3572 διακείμενος
670 3501 802 3573 περὶ
831 3502 1000 3573 ἡμᾶς.
1037 3501 1133 3556 καὶ
1166 3501 1605 3572 ύπερευχόμενος
1644 3500 1754 3566 ἀεὶ,
1785 3503 1881 3556 καὶ

302 3591 529 3662 γράφων
571 3590 854 3653 πολλάκις,
895 3591 984 3642 ἵνα
1016 3588 1116 3658 τῆς
1147 3586 1488 3655 ἀπολείψεως
1586 3585 1716 3657 παρ’
1746 3587 1880 3658 ἡμῖν

300 3682 382 3747 είς
410 3679 762 3752 παραμυθίαν
783 3678 852 3732 τά
889 3676 1216 3747 γράμματα.

785 3806 886 3862 IB'.
930 3802 1220 3875 ΕΛΛΑΔΙῼ
1244 3803 1379 3876 (ιι).

381 3925 480 3981 Ἐκ
519 3923 785 3997 χειμῶνος
838 3920 931 3976 καὶ
966 3911 1262 3990 τρικυμίας
1300 3918 1544 3991 γαλήνην
1581 3915 1748 3985 ἐῖδον,
1779 3921 1875 3975 καὶ

300 4017 406 4088 ήμέ
415 4033 512 4087 ραν
539 4015 623 4083 (τὸ
647 4011 742 4066 τοῦ
763 4009 944 4083 λόγου)
970 4012 1169 4082 λευκὴν
1193 4011 1330 4080 (15),
1389 4010 1762 4065 ἀνασεσῶσθαι
1807 4013 1873 4067 ὲκ

299 4105 401 4176 τῆς
429 4103 682 4177 msh-sev
712 4103 878 4157 πλοῦν
900 4101 1109 4176 πλάνης
1139 4101 1238 4172 τὴν
1265 4100 1743 4174 μεγαλοπρέπειάν
1773 4119 1869 4157 σου

2287 1553 2356 1609 Χ.
2398 1552 2749 1610 GERONTIO
2790 1551 3261 1610 PRESBYTERO.

2048 1665 2187 1722 Cum
2217 1667 2395 1721 multo
2428 1665 2542 1739 jam
2574 1675 2820 1737 tempore
2846 1667 3024 1737 pietas
3051 1673 3144 1720 tua
3181 1665 3250 1720 ab
3281 1665 3418 1720 urbe
3460 1663 3558 1719 ab-

1980 1755 2170 1824 fuerit,
2201 1773 2301 1827 par
2328 1767 2451 1813 erat
2483 1767 2544 1812 ut
2571 1757 2638 1813 ad
2673 1755 2877 1813 festum
2910 1757 3057 1813 diem
3106 1756 3414 1822 adveniret,
3459 1755 3555 1825 qui

1980 1849 2194 1918 primus
2216 1857 2302 1904 est
2329 1849 2576 1904 omnium
2624 1859 2682 1906 et
2708 1864 2874 1919 supra
2919 1864 3114 1905 omnes
3152 1848 3415 1904 abundat.
3448 1844 3556 1902 Sed

1981 1948 2292 2010 postquam,
2345 1940 2661 1996 inﬁrmitate
2694 1956 2842 1996 nunc
2885 1941 3063 1996 solum
3120 1947 3394 2004 cessante,
3434 1953 3555 1992 mo-

1980 2034 2118 2089 lesta
2155 2034 2427 2104 quaedam,
2456 2043 2518 2090 ut
2542 2033 2754 2104 accepi,
2808 2033 3004 2089 relicta
3045 2032 3146 2088 tibi
3188 2042 3275 2089 est
3313 2033 3564 2103 macies;

1981 2125 2144 2181 simul
2171 2142 2236 2182 ac
2265 2136 2317 2181 te
2349 2126 2529 2198 ipsum
2561 2125 2843 2191 refeceris,
2877 2140 3011 2182 cura
3038 2134 3100 2182 ut
3130 2125 3199 2182 ad
3219 2141 3320 2180 nos
3365 2140 3554 2180 rever-

1981 2218 2138 2281 taris,
2157 2216 2302 2288 quod
2319 2217 2582 2274 Ecclesiae
2605 2217 2777 2274 debes
2798 2217 3054 2289 implens,
3069 2233 3139 2272 ne
3167 2217 3342 2276 altero
3366 2231 3561 2276 careas

1982 2307 2214 2375 honore,
2263 2317 2429 2380 atque
2483 2318 2544 2365 ut
2598 2308 2919 2366 diuturnam
2960 2323 3182 2382 repares
3223 2307 3552 2365 absentiam.

1981 2398 2059 2454 Ea
2084 2414 2218 2454 vero
2244 2415 2368 2469 qua:
2397 2399 2466 2455 ad
2502 2416 2605 2456 nos
2648 2399 2874 2467 misisti,
2924 2400 3240 2470 accepimus
3282 2415 3393 2454 non
3437 2399 3557 2456 sine

1982 2488 2156 2559 copia-3
2181 2497 2239 2544 et
2269 2490 2670 2562 magnitudinis
2693 2491 3083 2550 admiratione.
3104 2504 3301 2558 nempe
3317 2500 3558 2558 quatuor

1981 2578 2256 2648 perdices,
2304 2581 2581 2648 pullorum
2631 2581 2962 2650 equinorum
3005 2595 3108 2650 par
3152 2581 3461 2651 integrum,
3498 2589 3558 2636 et

1981 2668 2098 2723 suis
2154 2684 2186 2722 e
2243 2669 2675 2726 domesticorum
2725 2683 2889 2743 grege
2929 2672 3257 2738 dimidium,
3296 2672 3443 2744 quod
3499 2683 3558 2728 et
3663 2701 3674 2710 -

1981 2755 2285 2828 agrestium
2305 2758 2558 2816 vinceret
2588 2761 3047 2832 magnitudinem,
3073 2772 3342 2834 quantum
3364 2780 3424 2820 re
3437 2765 3555 2835 ipsa

1979 2848 2166 2905 videre
2195 2860 2300 2918 est,
2328 2858 2386 2908 et
2428 2853 2634 2909 veteris
2657 2854 2772 2908 vini
2813 2855 3160 2925 amphoram.
3185 2856 3300 2928 Sed
3347 2866 3555 2928 quanta

1983 2939 2099 2996 hzec
2122 2951 2272 3008 sunt,
2297 2943 2344 3000 si
2371 2943 2438 2999 ad
2462 2945 2626 3002 amici
2646 2947 3112 3005 necessitudinem
3129 2949 3554 3022 convictumque

1981 3031 2308 3091 metiamur?

2295 3185 2388 3243 XI.
2419 3186 2720 3248 AUSONIO
2757 3189 3234 3253 PRESBYTERO.

2051 3323 2112 3377 in
2141 3324 2374 3394 reliquis
2405 3326 2576 3384 rebus
2598 3338 2863 3384 mensura
2887 3331 3130 3400 optima;
3159 3343 3216 3388 at
3265 3335 3324 3390 in
3359 3353 3558 3395 amore

1975 3412 2072 3482 qui
2090 3413 2214 3481 plus
2239 3414 2426 3479 habet,
2476 3417 2592 3472 Deo
2636 3419 2845 3489 gratior
2867 3429 2973 3476 est.
3004 3422 3081 3478 Te
3128 3424 3296 3495 igitur
3321 3430 3567 3489 ostende.

1975 3501 2053 3557 ita
2073 3518 2203 3574 erga
2229 3520 2332 3560 nos
2353 3505 2616 3562 affectum
2637 3524 2781 3575 esse,
2817 3518 2877 3566 et
2916 3511 3094 3569 fausta
3134 3531 3354 3587 semper
3389 3521 3564 3577 nobis

1975 3594 2272 3664 precando,
2296 3605 2356 3650 et
2378 3611 2520 3668 saepe
2541 3599 2860 3670 scribendo,
2887 3612 2948 3660 ut
2974 3605 3269 3678 disjunctis
3287 3610 3560 3675 solam

1975 3683 2138 3741 nobis
2158 3686 2409 3757 epistola:
2433 3690 2735 3761 praebeant.
2841 3711 2848 3718 ι

2501 3819 2612 3875 Xll.
2653 3819 3016 3880 HELLADIO.

2050 3925 2181 3982 Post
2201 3943 2400 3986 saevam
2441 3931 2742 4002 procellam
2785 3930 3125 4005 ductumque
3159 3935 3553 4006 decumam.

1980 4019 2440 4088 tranquillitatem
2468 4021 2724 4095 diemque
2748 4023 2834 4094 (ut
2871 4034 2960 4081 est
3003 4026 3062 4082 in
3101 4028 3319 4100 adagio)
3362 4033 3550 4089 album

1979 4110 2192 4180 aspexi,
2224 4111 2322 4168 ubi
2347 4113 2621 4184 intellexi,
2651 4115 3114 4188 magniﬁcentiam
3136 4127 3300 4190 utam
3327 4139 3376 4180 ο.
3396 4125 3552 4188 πενίας

1411 4277 1565 4335 LUD.
1605 4278 1765 4334 ANT.
1809 4281 2196 4342 MURATORII
2232 4288 2462 4346 NOTE.

296 4465 407 4525 vita
436 4482 500 4523 ac
521 4467 690 4525 uestis

296 4482 407 4525 Vita
436 4482 500 4523 ac
521 4482 690 4540 gesus
714 4482 1056 4591 perscripsit,
1083 4482 1228 4520 unae
1250 4482 1305 4520 et
1331 4482 1576 4521 mstoruz
1598 4482 1872 4524 haustam:

295 4553 498 4593 nomen
516 4539 658 4592 libro
679 4537 713 4591 il
739 4536 1112 4607 iimpositum.
1131 4535 1295 4591 Certe
1316 4535 1874 4607 iisdem_lemporibus

296 4609 526 4663 florebat
553 4607 768 4661 Firmus
792 4605 998 4661 noster.
1034 4605 1248 4661 Lausus
1280 4618 1430 4671 vero,
1457 4605 1524 4659 ad
1552 4605 1714 4675 quem
1749 4608 1872 4662 Pal-

295 4679 476 4748 ladius
504 4677 721 4739 scribit,
761 4676 846 4748 vir
884 4675 1118 4748 illustris
1145 4684 1201 4729 et
1234 4691 1391 4730 sacro
1430 4675 1692 4748 cubiculo,
1725 4693 1874 4748 prae-

295 4744 474 4803 fectus
493 4755 646 4813 erat;
671 4761 794 4813 quae
822 4745 1002 4799 Lauso
1029 4745 1120 4799 hic
1141 4755 1442 4800 memorato
1467 4744 1763 4800 convenire
1789 4747 1872 4800 vi-

295 4815 444 4938 d'eals.
479 4817 622 4940 lirzfaa
648 4815 718 4870 ad
746 4815 1001 4871 eumdem
1050 4815 1421 4886 conscriptam
1465 4815 1708 4886 reperies
1753 4815 1874 4886 epi-

295 4900 321 4938 s
347 4900 381 4937 o
407 4901 493 4939 am
603 4927 614 4938 .

294 4892 493 4939 stolam
527 4892 614 4939 20.

367 4954 478 5026 (l5)
523 4955 827 5009 Absentem
886 4952 1249 5026 Gerontium,
1312 4953 1697 5026 presbyterum
1751 4953 1864 5026 ‘sibi

293 5024 622 5095 subjectum,
676 5036 969 5095 postquam
1017 5023 1086 5078 ad
1146 5022 1356 5095 festum
1402 5022 1580 5090 diem,
1615 5022 1863 5078 omnium

295 5092 1390 5178 sanetissimum"accedereaagr'itudiuis
1447 5109 1612 5178 causa
1672 5095 1867 5178 nequi-

293 5172 469 5227 verat,
510 5165 669 5217 novis
702 5163 904 5219 litteris
951 5165 1035 5218 sui
1096 5162 1258 5218 cilicii
1291 5162 1714 5218 commonefacit
1748 5162 1866 5217 Fir-

293 5248 437 5296 mus,
462 5233 807 5302 duleiterquc
843 5234 909 5288 ad
933 5232 1410 5302 redituminvitat.
1441 5232 1579 5287 llinc
1621 5233 1763 5302 dona
1793 5232 1863 5290 ab

295 5301 389 5372 illo
413 5303 479 5356 ad
507 5318 565 5355 se
589 5301 905 5357 transmissa
933 5301 1248 5372 singulatim
1273 5309 1526 5356 recenset
1559 5316 1622 5355 ac
1651 5301 1859 5356 laudat.

293 5371 396 5424 Per
429 5373 572 5443 diem
606 5373 777 5426 sacris
792 5371 1068 5443 mysteriis
1105 5387 1272 5443 supra
1296 5386 1498 5443 omnes
1541 5371 1765 5441 plenum
1789 5372 1863 5426 si-

293 5442 535 5509 gniﬁcari
566 5451 697 5511 puto
723 5440 937 5496 sacrum
975 5441 1258 5496 Paschalis
1277 5440 1442 5494 diem.

371 5512 479 5578 (li)
510 5509 759 5565 llelladio
804 5511 997 5564 illustri
1060 5511 1202 5576 viro,
1253 5511 1399 5579 quod
1451 5509 1857 5579 navigationem

293 5580 668 5636 difﬁcillimam
703 5581 1020 5644 absolverit,
1054 5581 1271 5635 Firmus
1301 5581 1624 5650 gratulatur,
1661 5589 1717 5634 et
1745 5581 1859 5634 Cae—

295 5650 622 5708 sariensium
651 5651 932 5733 publicam
961 5666 1076 5706 rem
1133 5650 1497 5706 commendat.
1549 5650 1722 5720 Rogat
1757 5666 1857 5705 au-

751 4464 1056 4550 erscripsit,
1083 4464 1228 4550 un‘de
1245 4464 1576 4550 οιμίξιοιοίιε
1598 4452 1872 4550 Ιιαιιδξᾳόω
1905 4479 1947 4533 1)
1977 4483 2110 4539 tem,
2146 4484 2207 4530 ut
2238 4478 2540 4550 provincia:
2573 4478 2685 4550 jam
2719 4478 2851 4550 dira,
2868 4478 3009 4544 fame
3036 4480 3342 4537 laborantis
3379 4484 3546 4543 mise.

1975 4554 2184 4622 rentur,
2210 4547 2530 4622 minuatque
2571 4547 2810 4622 militum
2833 4549 3135 4620 impensas,
3172 4567 3357 4622 neque
3401 4555 3548 4616 sinat

1968 4615 2274 4670 exercitum
2311 4615 2455 4673 illac'
2474 4618 2746 4682 transiret

2045 4685 2159 4761 (15)
2206 4685 2446 4761 Ἡμέραν
2479 4687 2859 4761 ,λευκήνηυιὶ-
2902 4689 3196 4761 Erasmus.
3214 4689 3273 4750 in
3323 4689 3547 4761 Magiis

1971 4753 2248 4820 monebat,
2277 4753 2439 4830 'a‘tbgtv
2455 4757 2563 4812 dies
2588 4753 2692 4830 pro
2711 4758 2899 4830 felici,
2920 4758 3044 4830 laeto
3078 4758 3370 4830 faustaque
3399 4753 3544 4830 apud

1972 4832 2190 4896 veteres
2211 4825 2628 4896 accipiebaturl‘,
2666 4828 2996 4896 Plutarchus
3029 4828 3085 4890 in
3127 4825 3367 4884 Pericle:
3411 4825 3542 4894 τόὺς

1973 4893 2032 4970 έν
2077 4893 2452 4970 εὐπαθείαις*
2477 4898 2589 4970 τισὶ
2641 4893 2967 4970 γενομένους
2991 4937 3007 4960 ,
3063 4899 3265 4969 λευκὴν
3295 4893 3536 4970 ,ἡμέραν

1973 4963 2454 5040 ἐκείνη-ι-ἀπο-τοῦ
2494 4963 2942 5040 lauaeﬁ‘xuduou
2952 4963 3414 5040 προσαγορεύειν,
3431 4963 3539 5024 ’θοις

1971 5033 2061 5109 qui
2091 5034 2146 5086 in
2178 5033 2376 5109 deliciis
2391 5033 2858 5109 jucundeuivuui,
2887 5033 3066 5109 albu'm
3107 5033 3246 5106 cuni.
3269 5033 3406 5094 diem
3443 5057 3540 5093 no-

1973 5102 2180 5183 minare
2211 5121 2245 5156 a
2280 5102 2404 5183 [‘abe
2430 5103 2578 5183 alga.
2614 5105 2808 5183 Adagii
2842 5107 2996 5183 origo
3023 5115 3110 5162 est
3133 5125 3163 5183 a_
3186 5102 3540 5183 Pericle,_qui

1969 5169 2400 5234 Atheniensibus
2417 5169 2558 5239 suis,
2596 5169 2988 5231 dum'Samios
3025 5177 3334 5234 arctissime
3390 5169 3539 5236 elisi-

1969 5239 2188 5319 derent,
2223 5242 2284 5319 in
2310 5252 2444 5319 octo
2479 5253 2686 5319 turmas
2731 5244 3038 5319 dispertitis
3085 5248 3440 5319 praescripsit,
3477 5258 3539 5304 ut

1969 5311 2082 5373 cui,
2128 5311 2376 5387 sortibus
2413 5312 2616 5387 ductis,
2653 5311 2886 5387 candida
2915 5316 3037 5371 faba
3067 5311 3435 5387 contingeret,
3473 5319 3537 5372 li-

1963 5387 2117 5459 ceret
2143 5372 2210 5434 eo
2240 5372 2475 5459 die_otio
2497 5372 2866 5459 _et_conviviis
2897 5401 3121 5459 cperam
3163 5372 3320 5451 dare,
3369 5372 3537 5459 caste-

1964 5451 2040 5527 ris
2065 5451 2459 5520 pugnantibus.
2494 5452 2662 5512 Silius
2707 5451 2950 5526 quoque
2984 5455 3204 5514 ltalicus
3253 5458 3539 5527 usurpavit

1962 5534 2015 5571 ΙΙ]
2047 5534 2114 5573 00
2143 5535 2339 5574 νθῐειιε

2137 5630 2196 5687 Si
2227 5639 2438 5688 current
2471 5631 2682 5706 albiquc
2714 5635 2822 5690 dies
2857 5636 3099 5709 horaeque
3130 5653 3347 5702 serena.
