4048 6210
334 217 471 275 M99

1779 227 2152 286 EPISTOLE.

3439 247 3583 306 H93

332 334 393 385 ἐν
429 335 495 404 τῇ
546 332 702 387 πόλει
747 334 1001 400 γενέσθαι
1053 334 1440 407 περίϐλεπτος,
1469 338 1644 413 δῶρον
1684 342 1783 412 τῆς
1813 344 1902 414 σῆς

2015 347 2322 403 maritimos
2357 360 2668 420 superaret,
2699 360 2755 407 et
2791 368 2822 407 a
2865 354 3078 412 civibus
3108 361 3363 416 omnibus
3395 367 3579 434 suspi-

332 426 414 492 είς
442 427 589 498 ἡμᾶς
613 426 923 496 φιλοτιμίας
941 425 1112 492 ἄξιον.

930 628 1016 683 K'.
1051 629 1300 701 ΔΑΥΣῼ.

405 737 530 800 Τοῖς
559 737 848 808 συντυχίας
873 739 1074 810 ἐρῶσιν
1100 740 1258 813 litavi)
1293 742 1388 796 καὶ
1428 738 1580 812 ἡδεῖα
1607 742 1715 796 τῶν
1727 761 1908 816 γραμ-

337 828 520 900 μάτων
552 827 757 897 γίνεται
788 830 992 901 ὁμιλία,
1033 833 1161 886 ὅταν
1196 832 1376 904 πολλῷ
1409 831 1487 904 τῷ
1516 833 1664 905 μέσῳ
1687 834 1908 904 διαστή-

337 936 464 990 ματι
491 919 696 990 τύχωσι
739 921 1118 993 χωριζόμενοι.
1185 925 1252 977 Ὀ
1294 924 1358 995 δὴ
1384 924 1480 979 καὶ
1527 925 1648 994 ἐμοὶ
1689 926 1782 979 ἐπὶ
1806 926 1907 996 τῆς

334 1007 607 1079 ὑμετέρας
665 1011 977 1085 συμϐέϐηκε
1027 1015 1526 1087 μεγαλοπρεπείας.
1594 1017 1908 1088 Ἐφιέμενος

332 1099 443 1169 γὰρ
471 1101 572 1170 τῆς
621 1105 906 1169 συνουσίας
945 1106 1044 1177 τῆς
1073 1107 1344 1179 ὑμετέρας
1377 1107 1621 1179 ἐπέθηκα
1651 1107 1750 1178 τὴν
1783 1111 1907 1163 ἐπι-

331 1193 544 1264 στολὴν,
575 1195 806 1250 ἐπινοῶν
835 1197 1087 1252 ἐντεῦθεν
1119 1198 1340 1270 ἐμαυτῷ
1359 1200 1457 1269 τῆς
1479 1199 1772 1270 ἐπιθυμίας
1801 1218 1906 1255 πα-

331 1287 600 1358 ραψυχήν.
634 1290 694 1341 Et
724 1285 816 1342 οὗν
847 1290 996 1362 παρὰ
1022 1293 1089 1362 τῇ
1117 1291 1511 1363 θαυμασιότητι
1546 1291 1700 1362 ὑμῶν
1727 1293 1905 1346 τοιοῦ-

326 1392 421 1440 τος
446 1378 574 1448 περὶ
598 1379 757 1450 ἡμῶν
785 1381 814 1433 ό
835 1381 993 1450 λόγος
1014 1421 1029 1445 ,
1053 1382 1370 1447 διατελεῖτε,
1407 1384 1503 1436 καὶ
1540 1401 1607 1452 με
1616 1401 1720 1454 μνη
1731 1385 1902 1455 μένοι,

328 1468 425 1520 καὶ
469 1470 792 1539 γράφοντες·
833 1471 1022 1544 ἐπειδὴ
1071 1474 1284 1538 τούτοις
1315 1472 1574 1540 αὔξεσθαι
1607 1475 1757 1545 φιλία
1807 1476 1905 1531 πέ-

327 1575 520 1628 φυκεν.

889 1675 1022 1728 κεν.
1055 1675 1338 1748 ΠΛΙΗΘᾼ.

403 1777 473 1834 ’0
503 1782 616 1844 τοῖς
661 1781 1060 1854 δανειζομένοις
1095 1785 1183 1838 διὰ
1211 1784 1405 1839 πενίαν
1444 1785 1673 1854 γίνεται,
1697 1787 1758 1841 τὸ
1790 1789 1904 1852 τοῖς

329 1873 568 1944 πρώτοις
610 1875 921 1946 ὀφλήμασιν
973 1879 1271 1933 ἐπιτιθέναι
1326 1879 1420 1934 καὶ
1451 1879 1700 1952 δεύτερα,
1748 1881 1905 1934 τοῦτο

328 1963 497 2032 κάμοὶ
527 1965 644 2019 νυνὶ
690 1964 779 2018 διὰ
807 1965 904 2037 τὴν
931 1967 1239 2038 ἀρρωστίαν
1280 1967 1617 2038 συμϐέϐηκε,
1648 1968 1742 2021 καὶ
1771 1967 1906 2038 πρό-

327 2069 486 2124 τερον
509 2056 611 2125 τῆς
653 2057 941 2127 συντυχίας
968 2057 1407 2128 διαμαρτάνοντι,
1458 2059 1554 2112 καὶ
1590 2058 1685 2114 νῦν
1717 2060 1776 2113 οὐ
1816 2059 1906 2113 δυ-

327 2145 542 2217 νηθέντι
573 2147 664 2200 τὸν
713 2148 811 2218 τῆς
845 2148 1153 2220 ὁδοιπορίας
1184 2150 1482 2222 ὑποστῆναι
1515 2150 1704 2205 κόπον.
1744 2151 1906 2206 Ἀλλὰ

329 2238 639 2306 συγγνῶναι
683 2242 716 2311 ἠ
779 2240 1221 2311 μεγαλοπρέπειά
1274 2257 1367 2293 σου
1399 2241 1785 2308 καταξιώσασα
1813 2243 1907 2297 καὶ

330 2331 553 2401 μνήμης
584 2332 733 2402 ἡμᾶς
763 2330 1016 2398 ἀξιούτω,
1051 2332 1146 2384 καὶ
1189 2332 1512 2403 γράμμασιν
1559 2333 1903 2404 ἅμειψάσθω,

327 2418 417 2474 ινα
440 2421 516 2491 μὴ
544 2421 646 2491 τὴν
681 2421 866 2491 φιλίαν
900 2423 1000 2493 τῆς
1045 2421 1383 2493 ἀπολείψεως
1424 2423 1746 2496 ἀμαυρώσει
1773 2424 1907 2497 χρό-

325 2525 436 2574 νος.

569 2642 699 2699 KB’.
762 2644 1072 2716 ΘΕΟΔΟΤῼ
1117 2647 1469 2720 ΕΠῘΣΚΟΠῼ
1495 2647 1634 2719 (25).

395 2751 508 2806 Καὶ
521 2752 622 2824 τὴν
640 2753 886 2822 γλῶτταν
918 2755 1361 2826 Ἐλληνισμένον,
1386 2756 1484 2809 καὶ
1502 2756 1667 2826 ἤθους
1689 2753 1910 2825 μετριό-

325 2857 454 2914 τητι
480 2843 784 2915 χρώμενον,
807 2845 1136 2915 εὐπατρίδην
1161 2862 1222 2898 τε
1247 2845 1398 2913 ὅντα,
1423 2847 1517 2900 καὶ
1540 2846 1756 2910 πολλοῖς
1774 2846 1904 2918 τρό-

330 2951 456 2999 ποις
482 2935 767 2988 δεικνύντα
799 2936 898 3007 τῆς
927 2935 1207 3004 εὐγενείας
1233 2937 1529 3008 τεκμήρια,
1557 2937 1622 2990 ἐκ
1642 2937 1742 3008 τῆς
1762 2937 1906 3008 ἑῴας

2010 447 2259 506 ceretur;
2295 457 2497 498 munus
2528 452 2623 498 tuo
2647 445 2704 499 in
2725 460 2830 501 nos
2875 449 3060 504 studio
3089 459 3146 504 et
3187 453 3576 512 benevolentia

2009 530 2257 602 dignum.

2603 647 2723 704 XX.
2764 601 3007 709 bAUSO.

2076 758 2150 815 Iis
2181 757 2276 830 qui
2311 760 2626 817 conversari
2677 777 2863 818 coram
2911 764 3165 834 cupiunt,
3202 769 3494 836 succurrit,
3522 781 3583 828 et

2008 851 2168 907 dulce
2194 861 2279 907 est
2303 869 2399 922 per
2422 853 2638 909 litteras
2673 855 2932 926 colloqui,
2959 871 3085 911 cum
3112 857 3274 930 longo
3308 869 3608 917 terrarum-

2008 941 2185 1012 spatio
2209 951 2337 996 sunt
2363 941 2506 996 inter
2526 957 2585 998 se
2604 941 2884 1014 disjuncti.
2916 945 3066 1001 Idem
3093 962 3260 1016 porro
3287 948 3422 1002 mihi
3451 965 3585 1021 erga

2006 1033 2470 1103 magniﬁcentiam
2499 1045 2736 1090 vestram
2765 1036 2982 1092 accidit.
3017 1037 3316 1110 Enimvero
3343 1040 3586 1111 colloqui

2005 1121 2292 1177 vobiscum
2344 1123 2685 1192 desiderans,
2714 1125 3002 1196 epistolam
3051 1129 3120 1183 ad
3166 1144 3266 1186 vos
3304 1129 3453 1197 dedi,
3491 1145 3581 1186 ra-

2009 1214 2213 1270 tionem
2243 1217 2557 1287 excogitans
2589 1234 2695 1288 qua
2733 1218 3068 1275 desiderium
3092 1221 3198 1277 hoc
3222 1238 3405 1277 meum
3434 1222 3583 1277 leva-

2007 1321 2146 1362 rem.
2173 1306 2330 1373 Quod
2369 1309 2413 1363 si
2440 1325 2469 1364 a
2505 1309 2850 1367 miriﬁccntia
2882 1323 3066 1369 vestra
3102 1314 3171 1370 de
3198 1315 3358 1370 nobis
3387 1315 3584 1385 bujus~

2005 1400 2153 1456 modi
2205 1401 2346 1456 ratio
2396 1401 2662 1468 habetur,
2708 1403 3010 1460 identidem
3063 1406 3235 1462 nostri
3287 1422 3581 1475 memores.

2005 1493 2232 1551 scribite
2269 1513 2282 1548 :
2319 1494 2408 1550 bis
2439 1496 2587 1549 enim
2620 1495 2863 1550 amicitia
2897 1495 3085 1567 augeri
3117 1496 3278 1554 solet.

2500 1669 2643 1726 XXI.
2683 1670 3023 1728 PLIETILE.

2075 1783 2232 1852 Quod
2295 1784 2476 1840 fenori
2541 1784 2942 1855 accipientibus
3001 1792 3228 1856 propter
3284 1793 3581 1856 egestatem

2005 1877 2302 1932 usuvenire
2329 1877 2490 1942 solet,
2516 1885 2578 1931 ut
2596 1893 2792 1947 nempe
2818 1876 3019 1932 debitis
3043 1876 3321 1946 prioribus
3343 1877 3584 1932 secunda

2005 1968 2300 2039 adjiciant;
2359 1969 2505 2022 idem
2556 1983 2705 2023 nunc
2755 1969 2891 2022 mihi
2942 1977 3166 2038 propter
3209 1966 3582 2022 inﬁrmitatem

2004 2059 2254 2128 corporis
2283 2059 2503 2124 accidit,
2529 2066 2591 2114 ut
2625 2073 2953 2130 congressus
2981 2068 3145 2129 atque
3186 2058 3444 2127 colloquii
3488 2073 3585 2127 spe

2005 2160 2164 2206 antea
2204 2151 2519 2215 frustratus,
2554 2167 2702 2206 nunc
2747 2151 2962 2206 itineris
3002 2151 3244 2224 laborem
3287 2149 3433 2204 ferre
3470 2164 3581 2224 non

2006 2258 2243 2313 possem.
2288 2242 2396 2298 Sed
2434 2242 2569 2296 mihi
2607 2243 2824 2298 veniam
2870 2241 3001 2297 dare
3043 2240 3447 2312 magniﬁcentia
3490 2248 3582 2294 tua

2005 2332 2282 2404 dignetur,
2317 2343 2429 2388 neu
2468 2335 2734 2389 memoria
2772 2342 2983 2389 tantum
3026 2349 3122 2388 sua
3152 2332 3345 2402 dignos
3373 2346 3476 2386 nos
3502 2330 3581 2384 fa-

2005 2424 2180 2488 ciens,
2213 2423 2308 2480 sed
2348 2433 2542 2480 mutuo
2573 2425 2882 2480 litterarum
2911 2424 3089 2480 oﬁicio
3123 2421 3482 2490 respondens,
3513 2436 3583 2476 ne

2006 2516 2305 2573 amicitiam
2340 2525 2559 2588 tempus
2595 2532 2706 2586 quo
2740 2517 3023 2579 absumus,
3055 2513 3335 2568 obliteret.

2324 2639 2491 2696 XXII.
2527 2641 2897 2698 THEODOTO
2933 2641 3286 2700 EPISCOPO.

2070 2751 2148 2806 Et
2194 2749 2380 2821 lingua
2418 2751 2608 2808 Graeca
2651 2753 2823 2823 probe
2858 2753 3210 2819 instructum,
3240 2761 3298 2809 et
3335 2750 3586 2810 moribus

2008 2842 2477 2897 modestissimum
2529 2859 2594 2899 ac
2635 2861 3001 2915 generosum,
3057 2847 3354 2918 multisque
3407 2847 3586 2901 modis

2009 2935 2314 2990 nobilitatis
2349 2946 2501 2992 certa
2537 2937 2689 3009 signa
2711 2939 3116 3005 ostendentem,
3139 2940 3210 2996 ab
3234 2939 3461 2996 Oriente
3485 2954 3585 2995 ve-

328 3026 535 3098 ῆκοντα
557 3027 707 3080 τόνδε
740 3027 901 3090 αὐτός
945 3045 1004 3082 τε
1054 3027 1398 3098 ὑπεδεξάμην
1429 3027 1568 3100 μετὰ
1599 3028 1902 3100 μαρτυρίας

2008 3026 2251 3081 nientem
2301 3026 2498 3094 istum,
2543 3044 2652 3084 non
2696 3030 2874 3085 solum
2922 3030 3040 3100 ipse
3083 3032 3323 3104 hospitio
3369 3033 3586 3101 excepi,

325 3118 436 3172 τῶν
465 3119 646 3172 ἐκεῖσε
678 3120 1014 3183 ἐπισκόπων,
1041 3119 1134 3172 καὶ
1155 3121 1220 3190 τῇ
1244 3119 1481 3191 ὀσιότητί
1500 3137 1592 3174 σου
1612 3121 1904 3190 συνίστημι

325 3209 420 3264 ἐπὶ
457 3210 556 3280 τὴν
612 3209 854 3280 μεγάλην
896 3209 1197 3263 σπεύδοντα
1243 3210 1416 3272 πόλιν,
1455 3210 1542 3263 ἵνα
1573 3210 1700 3263 ἰδεῖν
1741 3208 1903 3263 αὐτὸν

326 3301 668 3367 καταξιώσας
704 3304 968 3374 εὐμενῶς,
1003 3305 1099 3358 καὶ
1125 3303 1200 3367 ὡς
1229 3306 1294 3375 τῇ
1335 3302 1616 3376 θεοσεϐείᾳ
1649 3320 1744 3358 σου
1777 3303 1904 3358 σύνο

324 3393 478 3466 ηθες,
511 3394 908 3467 εὐπετεστέραν
931 3394 1082 3467 αὐτῴ
1109 3396 1340 3468 ποιήσῃς
1367 3393 1466 3466 τὴν
1503 3395 1596 3447 ἐπὶ
1621 3395 1734 3458 τοῖς
1768 3410 1902 3464 προσ

327 3488 603 3558 κειμένοις
636 3488 776 3542 ὁδόν.

869 3703 997 3756 ιιι-ο.
1031 3701 1352 3773 ΕΥΘΗΡΙῼ.

396 3816 653 3887 Χρὴστης
675 3816 787 3869 τισὶ
807 3814 917 3868 τῶν
947 3814 1052 3866 ὐπὸ
1084 3813 1181 3883 τὴν
1212 3813 1522 3868 θεοσέϐειάν
1553 3831 1647 3868 σου
1679 3814 1904 3885 γέγονεν

323 3909 356 3964 ὁ
387 3909 554 3974 δεῖνα,
616 3910 711 3962 καὶ
765 3907 971 3961 τούτων
1013 3905 1190 3977 τυχὼν
1240 3907 1574 3977 ἀγνωμόνων
1624 3907 1746 3961 ἀντὶ
1793 3909 1903 3961 τῶν

325 4003 624 4071 χρημάτων
652 3999 805 4063 δίκας
839 3998 952 4070 ἔχει
971 3999 1067 4053 καὶ
1086 3999 1407 4070 πράγματα.
1429 3992 1530 4052 Ὧν
1550 3999 1713 4054 ἕνεκα
1741 4001 1906 4071 πρόσ-

323 4107 464 4142 εισιν
520 4090 778 4144 ίκετεύων
814 4091 924 4144 τῶν
972 4091 1196 4144 δικαίων
1249 4093 1454 4161 τυχεῖν.
1507 4091 1745 4156 Τούτους
1787 4110 1904 4146 συν-

324 4179 579 4251 ελαθῆναι
612 4181 748 4252 πρὸς
799 4181 1217 4252 εὐγνωμοσύνην
1264 4180 1574 4234 κελευσάτω
1611 4183 1644 4252 ἡ
1689 4183 1905 4254 όσιότης

326 4289 442 4336 σου,
478 4273 610 4342 ἡμῖν
659 4289 720 4325 τε
773 4272 1129 4344 χαριζομένη,
1175 4273 1394 4328 καὶτὸν
1446 4273 1537 4327 ἐπὶ
1586 4273 1667 4345 τῷ
1709 4273 1903 4346 δικαίῳ

318 4349 560 4418 ἆνύουσα
587 4364 808 4436 δρόμον.
1309 4373 1318 4387 ί

2007 3133 2197 3173 eorum
2231 3119 2326 3189 qui
2367 3119 2480 3175 illic
2521 3130 2650 3176 sunt
2691 3122 3076 3193 episcoporum
3110 3124 3426 3180 testimonio
3459 3140 3584 3178 mu-

2006 3211 2204 3276 nitum,
2238 3227 2434 3267 verum
2458 3221 2514 3267 et
2539 3211 2816 3269 sanctitati
2848 3220 2952 3267 tute
2977 3213 3303 3269 commendo
3327 3211 3585 3268 festinan-

2006 3311 2119 3359 tem
2153 3303 2221 3357 ad
2263 3318 2514 3372 magnam
2561 3303 2779 3367 urbem,
2820 3310 2882 3355 ut
2911 3311 2968 3356 et
3007 3304 3188 3372 ipsum
3222 3305 3457 3374 benigne
3491 3304 3578 3358 di-

2004 3393 2187 3462 gneris
2233 3393 2505 3461 accipere,
2539 3401 2724 3460 atque,
2756 3392 2837 3446 uti
2875 3391 3066 3461 pietati
3110 3401 3217 3446 tua:
3257 3401 3580 3447 consuetum

2005 3498 2070 3536 ac
2101 3481 2371 3536 familiare
2399 3490 2504 3544 est,
2531 3481 2636 3550 ipsi
2665 3481 2733 3536 ad
2762 3497 2826 3536 ea
2855 3497 2980 3552 quae
3017 3481 3124 3538 sibi
3161 3482 3467 3554 proposuit,
3497 3481 3584 3538 fa-

2005 3572 2255 3630 ciliorem
2277 3572 2422 3626 viam
2456 3579 2662 3627 struas.

2487 3702 2678 3760 XXIII.
2720 3702 3093 3761 EUTIIERIO.

2078 3815 2451 3882 Quorumdam
2486 3817 2580 3888 qui
2625 3817 2815 3887 pietati
2857 3824 2964 3871 tua:
3006 3813 3242 3886 subjecti
3274 3822 3422 3881 sunt,
3457 3830 3582 3872 cre-

2005 3908 2152 3964 ditor
2198 3907 2422 3979 quidam
2466 3917 2551 3964 est
2596 3908 2794 3974 factus,
2838 3918 3003 3978 atque
3054 3907 3156 3962 hos
3197 3907 3439 3979 ingratos
3475 3904 3580 3961 sibl

2005 3999 2311 4064 oﬁ‘endens,
2338 4015 2440 4070 pro
2482 4001 2724 4054 nummis
2756 4000 2882 4056 lites
2915 4009 2972 4055 et
2997 4000 3305 4055 molestiam
3343 4001 3450 4056 sibi
3491 4017 3582 4056 rc-

2007 4093 2173 4147 tribui
2213 4093 2384 4148 videt.
2426 4093 2633 4148 llorum
2676 4109 2840 4148 causa
2883 4093 2951 4147 ad
2984 4109 3082 4148 vos
3124 4091 3332 4147 accedit
3372 4091 3580 4162 suppli-

2004 4200 2156 4249 cans,
2191 4193 2252 4238 ut
2290 4184 2381 4254 jus
2431 4184 2685 4240 obtinere
2730 4183 2925 4255 possit.
2969 4184 3078 4239 Eos
3121 4183 3287 4254 igitur
3327 4180 3580 4252 compelli

2004 4275 2073 4331 ad
2107 4276 2419 4346 :equitatem
2454 4275 2646 4348 jubeat
2684 4276 2944 4331 sanctitas
2975 4284 3088 4341 tua,
3117 4291 3205 4330 me
3234 4287 3582 4344 summopere

1929 4361 1980 4420 ι)
2005 4368 2112 4424 sibi
2141 4369 2465 4424 devinctum
2491 4377 2549 4424 et
2566 4368 2794 4440 justitia:
2816 4382 3040 4423 cursum
3066 4366 3407 4438 expeditum.

1369 4526 1375 4530 ’
1417 4542 1575 4599 LUD.
1613 4543 1774 4598 ANT.
1815 4542 2200 4600 MUBATORII
2232 4539 2460 4598 NOTAE.

396 4701 507 4780 (ἓξ)
535 4699 834 4780 Theodoto
865 4699 1130 4780 episcopo
1167 4697 1459 4780 quemdam
1491 4698 1714 4780 Firmus
1749 4715 1901 4780 com-

325 4769 549 4827 mendat
583 4786 649 4825 ex
687 4769 921 4825 Oriente
960 4769 1308 4834 venientem,
1350 4777 1411 4824 ut
1454 4769 1504 4824 ei
1552 4769 1622 4823 sit
1667 4779 1899 4838 praesto,

328 4841 769 4910 benevolumque
798 4840 1163 4904 seexltibeat,
1215 4848 1379 4910 atque
1429 4840 1550 4909 ejus
1604 4839 1822 4910 negotia
1846 4840 1903 4893 in

326 4911 453 4965 urbe
481 4908 877 4979 magna‘juvet,
914 4911 1020 4965 hoc
1053 4919 1152 4979 est,
1165 4918 1259 4963 aut
1291 4908 1770 4978 Constantinopoli,
1806 4916 1906 4964 aut

322 4978 630 5036 Antiochiae.
681 4978 763 5034 Ab
813 4980 1085 5050 episwpis
1127 4978 1502 5050 Orientalibus
1535 4978 1798 5046 epistolas
1832 4979 1902 5033 ad

325 5051 568 5104 Firmum
602 5050 801 5104 tulerat
838 5048 950 5112 ille,
991 5063 1187 5117 nempe
1230 5048 1430 5102 litteras
1484 5050 1762 5117 formatas,
1800 5064 1900 5118 per

323 5137 460 5199 quas
491 5120 674 5199 clerici
703 5121 768 5199 iu
789 5120 926 5173 alias
956 5119 1220 5199 dimceses
1252 5118 1550 5199 profecturi
1681 5118 1897 5199 episco-

325 5194 408 5258 pis
427 5190 543 5243 suis
565 5189 986 5252 muniebantur,
1019 5189 1093 5242 ita
1118 5197 1227 5242 uta
1253 5188 1480 5257 reliquis
1505 5188 1765 5258 Ecclesiis
1787 5203 1896 5242 non

323 5257 389 5322 ad
416 5259 859 5313 communionem
895 5266 1105 5312 tantum
1137 5273 1418 5312 sacrorum
1448 5257 1894 5322 admitterentur,

323 5329 419 5390 sed
462 5329 648 5391 etiam,
678 5328 772 5382 ubi
814 5328 1111 5382 necessitas
1148 5335 1418 5396 posceret,
1445 5328 1785 5396 juvarentur.
1822 5327 1896 5381 De

324 5398 519 5452 harum
570 5399 928 5467 epistularum
975 5398 1084 5452 ritu
1134 5397 1519 5452 ecclesiastica:
1565 5397 1898 5467 eruditionis

322 5469 565 5523 cultores
589 5466 746 5537 plura
775 5467 1068 5522 tradidere.
1097 5467 1514 5537 Animadvertas
1541 5466 1897 5537 ctiaupjintcr

326 5539 488 5608 nujus
539 5534 728 5594 clerici
786 5537 984 5608 (talem
1040 5535 1188 5608 enim
1231 5551 1358 5589 eum
1410 5536 1576 5608 fuisse
1623 5534 1894 5608 arbitror)

324 5605 517 5664 laudes
541 5606 848 5678 computari
872 5606 1078 5679 Graeca:
1120 5606 1318 5677 linguae
1345 5607 1618 5677 peritiam.
1649 5605 1895 5661 Fortasse

2001 4697 2128 4753 inde
2163 4697 2439 4764 veniebat,
2460 4695 2556 4752 ubi
2585 4696 2832 4751 Graecum
2859 4696 3059 4752 idioma
3081 4711 3190 4751 non
3222 4703 3344 4751 erat
3367 4694 3423 4749 in
3454 4709 3579 4757 usu.

2001 4779 2098 4823 aut
2147 4767 2240 4821 ubi
2289 4768 2459 4821 moris
2499 4783 2607 4820 non
2655 4776 2774 4820 erat
2823 4777 2971 4822 recte
3013 4767 3165 4836 loqui
3208 4764 3578 4836 Graecanicam

2001 4839 2262 4908 linguam.
2306 4837 2373 4891 At
2399 4837 2537 4908 Aquis
2563 4836 2658 4901 ille
2696 4836 3014 4908 Theodotus
3035 4833 3583 4908 _episcopus?_Firm_o

2001 4908 2057 4962 in
2086 4903 2353 4962 'humanis
2388 4903 2636 4968 ﬂorente,
2669 4907 2854 4974 plures
2894 4903 3142 4974 ejusdem
3181 4903 3582 4974 nominisepi‘

2001 4978 2152 5047 scopi
2184 4977 2359 5039 fuere,
2385 4977 2644 5047 nimirum
2673 4973 2982 5047 Antiochus,
3013 4976 3237 5047 Ancyra:
3257 4976 3312 5028 in
3338 4973 3574 5047 Galatia,

2005 5042 2166 5117 Myso:
2201 5056 2257 5101 et
2288 5047 2469 5117 Nyssa!
2493 5042 3212 5117 repiseopi._Antioehenum
3262 5051 3441 5117 tamen
3487 5042 3577 5096 hic

2006 5113 2300 5187 signiﬁcari
2322 5113 2356 5187 ,ί
2388 5116 2502 5170 veri
2542 5113 2703 5168 mihi
2728 5115 2970 5187 videtur
3003 5115 3202 5179 simile,
3220 5113 3478 5187 _quippc,_
3516 5121 3576 5166 ut

2004 5183 2239 5251 aiebam,
2276 5186 2377 5241 sub
2417 5201 2623 5254 magna:
2652 5185 2794 5254 urbis
2825 5185 3048 5240 nomine
3081 5193 3178 5239 aut
3205 5183 3576 5254 Constantiaca-

2005 5256 2187 5327 polim,
2222 5264 2318 5310 aut
2346 5251 2675 5327 Antiochiam
2707 5253 2922 5327 Firmus
2949 5256 3142 5324 procul
3163 5251 3570 5327 dubio_intelli-

2003 5320 2098 5396 gn.
2132 5327 2467 5396 Postremam
2503 5324 2696 5378 urbem
2737 5320 3062 5396 Theodotus
3089 5321 3386 5396 episcopali
3418 5320 3567 5396 virga

2003 5390 2244 5462 regebat.
2280 5395 2338 5448 In
2374 5394 2560 5462 priore
2596 5409 2747 5456 vero,
2774 5408 2898 5448 cum
2929 5394 2993 5447 Α.
3022 5393 3084 5449 C.
3123 5390 3249 5457 λεδ,
3277 5390 3568 5462 concilium

2003 5481 2032 5519 a
2069 5461 2310 5520 Sisinnio
2342 5461 2943 5531 Constantinopolitano
2975 5464 3234 5532 episcopo
3266 5461 3570 5532 celebrare-

2005 5544 2112 5596 tur,
2145 5543 2201 5589 et
2231 5535 2350 5604 ipse
2366 5532 2568 5604 adfuit,
2603 5528 2741 5604 teste
2782 5532 2976 5589 Photio
3009 5528 3110 5590 eod
3146 5528 3238 5600 in,
3262 5539 3318 5586 ct
3344 5528 3566 5598 Baluzio

2003 5606 2058 5661 in
2089 5601 2468 5675 Nova—collect,
2502 5601 2860 5658 conciliorum.
