4048 6210
490 220 636 280 N99-

832 329 1022 388 XXIV.
1061 327 1340 387 CHILONI
1377 321 1726 382 EPISCOPO.

556 449 728 504 Nobis
770 447 1017 518 profecto
1043 459 1143 514 per
1168 441 1458 512 epistolam
1483 455 1581 496 ver
1613 440 1697 511 (ut
1725 447 1812 495 est
1847 437 1903 494 ln
1941 451 2068 508 pro-

486 538 702 609 verbio)
755 535 1066 600 adduxisti,
1116 549 1226 588 non
1279 533 1457 613 solum
1513 547 1714 602 corpus
1761 531 1968 602 frigore
2011 537 2071 586 et

489 629 720 684 horrore
769 626 1046 688 liberans,
1095 622 1190 677 sed
1245 621 1414 677 etiam
1459 635 1556 675 cor
1596 620 1832 676 feliciter
1880 620 2070 675 levans

487 715 800 770 vehementi
833 714 1020 768 dolore
1043 728 1235 768 eorum
1267 727 1389 782 quae
1416 710 1554 764 mihi
1579 710 1890 765 renuntiata
1916 718 2068 775 sunt,

487 818 850 874 oppressum,
915 813 1173 874 tanquam
1239 803 1548 874 periculum
1625 801 1730 858 sibi
1797 802 2070 858 bonorum

487 895 737 950 omnium
782 895 1146 966 impenderet.
1188 895 1394 950 Verum
1423 893 1644 964 quando
1682 893 1776 965 qui
1815 894 2070 966 benigni—

489 993 659 1038 tatem
704 999 860 1039 suam
906 984 1341 1056 uniuscujusque
1394 979 1620 1039 utilitati
1671 983 2068 1052 accommodat,

490 1076 539 1130 is
582 1076 718 1130 mihi
761 1076 1039 1147 praestitit,
1069 1081 1130 1131 ut
1157 1093 1187 1132 e
1213 1077 1405 1132 morbo
1444 1093 1638 1132 rursus
1673 1091 1974 1142 recrearer,
2015 1083 2072 1132 et

489 1167 725 1230 litteras,
755 1175 814 1220 ut
840 1181 939 1236 par
964 1174 1105 1231 erat,
1141 1166 1350 1232 darem,
1388 1167 1444 1220 in
1486 1181 1737 1236 magnam
1770 1181 1924 1236 spem
1971 1165 2070 1220 ad-

491 1257 693 1312 ductus
728 1273 871 1321 sum,
912 1257 1030 1313 fore
1070 1266 1130 1312 ut
1167 1259 1352 1313 omnia
1391 1258 1526 1312 mihi
1556 1258 1624 1312 ad
1656 1267 1846 1314 votum
1884 1273 2074 1315 succe-

490 1349 626 1404 dant
670 1358 960 1420 postquam
991 1350 1108 1405 haec
1136 1366 1256 1403 sum
1285 1358 1592 1406 assecutus.

950 1437 1114 1494 XXV.
1154 1436 1564 1494 VOLUSIANO.

562 1552 793 1608 Plurimi
834 1553 1058 1624 quidem
1100 1553 1272 1624 inepti
1314 1569 1408 1610 eas
1445 1554 1554 1610 sibi
1585 1568 1719 1625 opes
1752 1565 2074 1628 procurant,

1600 206 1793 266 FIRMI
1826 193 2298 264 CAESABIENSIS
2334 197 2644 258 EPISCOPI

2092 322 2142 380 Δ

3609 197 3781 255 H90

2540 312 2668 366 κΔο.
2704 309 2941 365 xnum
2969 308 3352 380 amasene.

2251 423 2522 494 Ἀτεχνιῖις
2563 425 2698 495 ήμῖν
2749 423 2850 492 ἔαρ
2895 423 2985 478 διὰ
3037 422 3138 492 τῆς
3183 419 3476 491 ἐπιστολῆς
3515 421 3604 491 (τὸ
3653 421 3767 475 τοῦ

2167 515 2350 587 λόγου)
2393 516 2735 590 πεποίηκας,
2783 515 2935 578 ἀνεὶς
2978 515 3194 585 κρυμοῦ
3232 516 3327 568 καὶ
3363 515 3570 586 φρίκης
3598 516 3668 569 οὗ
3698 515 3775 570 τὸ,

2170 607 2333 678 σῶμα
2373 608 2556 678 μόνον,
2582 607 2718 661 ἀλλὰ
2749 607 2844 662 καὶ
2874 607 2976 677 τὴν
3000 606 3230 676 καρδίαν
3261 607 3403 660 οὓτω
3427 592 3770 676 πεπιλημέ-

2168 715 2268 768 νην
2309 697 2414 751 ὑπὸ
2446 697 2543 768 τῆς
2589 697 2698 750 τῶν
2731 696 3198 766 ἀπαγγελθέντων
3248 697 3446 768 λύπης,
3487 697 3569 759 ὡς
3621 697 3771 765 περὶ

2173 789 2391 844 πάντων
2416 788 2515 860 ἠδη
2555 788 2661 842 τῶν
2691 788 2914 858 ἀγαθῶν
2943 787 3382 843 κινδυνεύουσαν.
3427 787 3566 840 Ἀλλ’
3607 789 3773 840 taut-

2169 881 2233 953 δὴ
2263 883 2292 936 ό
2323 881 2424 952 τήν
2454 879 2650 935 ἑαυτοῦ
2684 880 3094 952 φιλανθρωπίαν
3123 883 3248 948 ταῖς
3270 881 3502 938 ἑκάστου
3541 880 3772 952 χρείαις

2171 969 2481 1042 ἐπιμετριῖω
2511 969 2709 1024 ἔδωκεν
2750 969 3058 1041 ἀνασφῆλαι
3085 970 3184 1040 τῆς
3222 969 3532 1042 ἀρρωστίας
3563 969 3769 1034 πάλιν,

2171 1060 2266 1115 καὶ
2299 1060 2568 1118 ἐπιθεῖναι
2605 1061 2914 1132 γράμματα
2956 1061 3260 1130 πρέποντα,
3292 1059 3500 1132 ἀγαθῆς
3535 1060 3774 1123 ἐλπίδος

2171 1153 2565 1226 πεπλήρωμαι,
2598 1154 2674 1218 ὡς
2698 1153 2915 1208 πάντων
2957 1171 3048 1224 μοι
3080 1154 3493 1227 καταρρεόντων
3522 1169 3770 1225 προκει-

2175 1244 2417 1316 σομένων
2437 1284 2452 1313 ,
2487 1244 2673 1317 ἐπειδὴ
2705 1245 2909 1299 τούτων
2942 1244 3225 1315 ἐπέτυχον.

2623 1445 2758 1500 KE'.
2795 1444 3297 1516 ΟΥΟΛΟΥΣΙΑΝῼ.

2245 1557 2373 1620 Τοῖς
2417 1556 2516 1627 μὲν
2539 1555 2753 1620 πολλοῖς
2781 1557 2891 1613 τῶν
2923 1557 3301 1629 ἀπειροκάλων
3345 1559 3376 1612 ό
3411 1558 3470 1612 ἐν
3505 1558 3782 1632 χρήμασι

493 1660 618 1714 qua:
665 1643 722 1698 in
766 1645 1018 1714 pecuniis
1041 1644 1160 1699 sita
1184 1654 1316 1701 sunt
1350 1663 1365 1701 :
1399 1663 1502 1718 ego
1528 1663 1662 1704 vero
1690 1664 1792 1720 pro
1830 1652 2081 1720 pecuniis

2190 1647 2548 1714 σπουδάζεται
2589 1648 2839 1713 πλοῦτος·
2864 1650 2991 1721 ἐμοὶ
3016 1651 3072 1704 δὲ
3099 1651 3220 1704 ἀντὶ
3248 1651 3548 1724 χρημάτων
3582 1653 3633 1705 οἱ
3665 1652 3772 1723 φί-

495 1739 723 1794 amicos.
754 1738 932 1807 Atque
973 1737 1181 1808 Optime
1221 1739 1471 1811 intelligo
1514 1753 1610 1796 vos
1650 1741 1788 1798 mihi
1826 1743 2078 1798 utiliores

496 1844 620 1884 esse
652 1844 816 1900 quam
865 1829 1131 1885 divitibus
1165 1832 1427 1900 pecunias
1467 1849 1481 1886 :
1521 1832 1728 1888 etenim
1760 1833 2080 1890 dulcissimo

497 1918 629 1975 huic
670 1919 1003 1976 adolescenti
1048 1919 1195 1991 apud
1244 1921 1652 1978 mirificentiam
1696 1931 1846 1978 tuam
1890 1925 2080 1995 perfu-

498 2009 647 2079 gium
682 2010 988 2080 praebuisti.
1024 2011 1093 2066 Et
1131 2011 1281 2066 nulla
1315 2027 1448 2069 sane
1492 2027 1580 2068 me
1613 2029 1766 2081 cura,
1808 2014 1921 2072 ﬁlio
1958 2032 2082 2086 per-

498 2115 627 2172 egre
676 2100 937 2168 abeunte,
980 2103 1277 2158 sollicitum
1326 2103 1542 2172 habuit,
1585 2115 1874 2177 postquam
1927 2107 2082 2164 illum

499 2191 865 2247 moderationi
925 2201 1032 2274 tuas
1089 2196 1508 2264 commendavi;
1570 2199 1840 2269 siquidem
1892 2209 2084 2271 aperte

500 2283 653 2348 novi,
693 2291 952 2352 quantam
1010 2286 1257 2341 omnium
1314 2304 1506 2344 curam
1566 2305 1716 2348 esses
1769 2293 2083 2362 habiturus,

501 2383 765 2430 consueta
799 2374 1138 2432 humanitate
1167 2377 1321 2432 illum
1353 2396 1514 2436 manu
1545 2384 1774 2450 ducens,
1813 2393 1870 2441 et
1903 2403 2088 2444 mores

502 2466 796 2538 castigans,
825 2478 877 2523 et
913 2469 1246 2526 adolescenti
1279 2473 1432 2529 velut
1458 2476 1628 2531 altera
1663 2479 1840 2547 patria
1865 2479 2082 2536 factus:

501 2573 630 2613 cum
673 2558 780 2615 hoc
824 2560 922 2615 tibi
968 2559 1309 2632 propositum
1355 2565 1445 2631 sit,
1477 2582 1588 2621 non
1629 2567 1929 2625 familiares
1961 2579 2085 2625 tan-

504 2657 644 2714 tum,
679 2650 778 2706 sed
809 2668 1167 2724 quoscunque
1199 2656 1360 2722 alios,
1390 2657 1484 2727 qui
1515 2666 1568 2714 te
1597 2661 1955 2728 conveniunt,
1986 2662 2086 2720 be-

503 2739 719 2798 neﬂciis
747 2742 985 2802 allicere.

999 2840 1190 2897 XXVI.
1231 2841 1598 2898 HELLADlO.

2181 1741 2282 1798 λοι.
2317 1741 2424 1796 Καὶ
2456 1737 2574 1796 οἶδα
2612 1742 2794 1796 πλεῖον
2835 1743 2990 1814 ὑμῶν
3020 1743 3396 1816 ἀωνάμενος,
3438 1743 3548 1814 ῆοί
3590 1745 3772 1798 εὐπο-

2185 1832 2405 1906 ροῦντες
2448 1833 2543 1887 τοῦ
2582 1833 2834 1889 πλούτουο
2885 1834 2964 1906 τῷ
2999 1853 3062 1889 τε
3096 1835 3204 1907 γὰρ
3255 1836 3578 1908 γλυκυτάτω
3619 1836 3772 1907 τῷδε

2181 1924 2280 1996 τὴν
2310 1927 2462 1996 παρὰ
2487 1927 2554 1997 τῇ
2591 1925 2988 1998 θαυμασιότητί
3021 1943 3116 1980 σου
3145 1927 3387 1990 δέδωκας
3407 1928 3771 1998 καταφυγήν.

2184 2017 2295 2072 κει
2323 2017 2497 2082 οὐδὲν,
2529 2017 2940 2088 ἀποδημοῦντος
2967 2017 3060 2072 τοῦ
3083 2017 3277 2071 τέκνου
3304 2018 3662 2088 πεφρόντικα,
3691 2021 3774 2090 τῇ

2186 2112 2254 2181 σῇ
2281 2110 2598 2182 κοσμιότητι
2641 2109 3044 2186 παραθέμενος,
3072 2110 3168 2164 καὶ
3189 2110 3434 2181 ἀκριϐῶς
3472 2110 3650 2177 εἰδὼς,
3684 2111 3771 2175 ὡς

2184 2202 2404 2256 πάντων
2433 2199 2741 2272 ἐπιμελήσῃ
2767 2200 2857 2265 διὰ
2887 2201 3232 2272 χρηστότητα
3258 2201 3638 2272 χειραγωγῶν,
3665 2204 3779 2256 καὶ

2185 2290 2246 2346 τὸ
2271 2286 2403 2362 ἦθος
2445 2290 2743 2362 ῥυθμίζων,
2777 2291 2873 2344 καὶ
2915 2290 3036 2344 ἀντὶ
3065 2290 3324 2361 πατρίδος
3357 2289 3437 2360 τῷ
3483 2289 3588 2361 νέῳ
3616 2291 3773 2358 11.16—

2189 2399 2370 2453 μενος.
2413 2381 2628 2454 Ἐπειδή
2675 2399 2760 2435 σοι
2802 2381 3004 2445 σκοπὸς
3037 2381 3097 2436 ού
3127 2383 3254 2446 τοὺς
3292 2382 3526 2446 οἰκείους
3577 2383 3774 2452 μόνον,

2186 2473 2323 2527 ἀλλὰ
2359 2474 2454 2527 καὶ
2485 2474 2612 2537 τοὺς
2641 2471 2888 2528 ὁπωσοῦν
2919 2474 3000 2536 είς
3031 2471 3222 2540 λόγους
3255 2472 3581 2544 ἐληλυθότας
3614 2473 3765 2544 εὐερ-

2186 2581 2385 2635 γετειν.

2712 2847 2858 2914 κεῖν.
2925 2847 3243 2917 ΕΛΔΛΔΙῼ.

577 2950 637 3007 Si
667 2953 926 3008 omnibus
962 2955 1325 3027 contingeret,
1365 2955 1555 3011 talium
1598 2955 1844 3012 virorum
1892 2957 2084 3013 amici-

2260 2956 2324 3010 El
2351 2943 2568 3012 πάντων
2596 2950 2666 3027 ἦν
2704 2955 2964 3010 τοιούτων
2996 2958 3077 3021 είς
3107 2955 3290 3026 φιλίαν
3341 2956 3725 3026 ἐπιτυγχάνειν
3751 2997 3772 3020 ,

507 3043 639 3098 tiam
669 3045 964 3116 consequi,
995 3046 1152 3101 facile
1173 3063 1304 3103 sane
1327 3049 1395 3103 ad
1426 3049 1738 3119 primmvam
1763 3050 2088 3121 simplicita-

507 3143 620 3188 tem
655 3135 784 3190 vita:
812 3137 1032 3206 negotia
1076 3138 1344 3203 redirent,
1375 3140 1716 3211 benignitate
1748 3150 1912 3211 atque
1949 3143 2089 3196 ami-

508 3224 641 3279 citia
682 3225 850 3281 rebus
891 3227 1150 3282 omnibus
1200 3227 1622 3286 interveniente.
1669 3229 1738 3286 Et
1769 3239 1828 3286 tu
1867 3232 2087 3302 quidem

509 3328 614 3370 nos
638 3317 845 3372 amicos
877 3325 1137 3388 tanquam
1169 3319 1222 3375 in
1251 3319 1392 3376 filios
1420 3321 1716 3392 adoptasti,
1739 3333 1796 3378 et
1826 3331 2094 3394 perpetuo

510 3407 686 3463 nostri
725 3409 1058 3476 recordaris,
1093 3419 1151 3468 et
1172 3411 1240 3468 de
1264 3413 1426 3468 nobis
1457 3414 1695 3486 benigne
1727 3414 1944 3482 scribis,
1973 3429 2094 3470 om-

510 3497 716 3569 niaque
748 3499 884 3556 facis
915 3517 1256 3576 quamcunque
1284 3521 1555 3577 germanae
1585 3506 1974 3564 familiaritatis
2006 3508 2095 3561 in-

511 3588 659 3645 dicia
699 3601 829 3648 sunt
871 3603 1036 3665 atque
1077 3606 1422 3667 argumenta.
1456 3599 1567 3654 Pro
1606 3598 1693 3652 his
1721 3599 1889 3670 igitur
1921 3615 1952 3653 a
1983 3597 2096 3652 Deo

511 3682 604 3737 cui
660 3682 892 3740 honesta
950 3686 1202 3756 placent,
1257 3689 1464 3759 accipis
1505 3689 1561 3744 in
1601 3689 1873 3744 bonorum
1913 3690 2096 3744 fructu

511 3775 1046 3844 remunerationem;
1077 3794 1107 3832 a
1123 3779 1281 3834 nobis
1307 3794 1436 3835 vero
1463 3781 1764 3851 gratiarum
1779 3779 2051 3835 actionem
2078 3796 2094 3834 :

513 3878 627 3918 non
665 3865 814 3919 enim
857 3875 983 3921 vota
1035 3867 1473 3934 intermittimus,
1506 3877 1567 3923 ut
1610 3884 1736 3923 cum
1783 3867 2098 3938 hujusmodi

516 3953 590 4012 sit
632 3955 1037 4026 magniﬁcentia
1085 3969 1199 4025 tua,
1233 3974 1296 4013 ea
1346 3959 1646 4031 majoribus
1693 3958 1751 4013 in
1801 3958 1930 4029 dies
1967 3973 2098 4029 pro-

515 4043 818 4112 gressibus,
849 4047 902 4101 in
943 4057 1192 4103 nostrum
1227 4057 1282 4104 et
1316 4049 1370 4103 in
1395 4049 1586 4121 patria:
1621 4048 1970 4106 commodum
1999 4064 2100 4106 att-

517 4142 740 4204 gcatur.

1009 4229 1222 4288 XXVII.
1263 4231 1584 4290 OLYMPIO.

589 4335 858 4403 Quoniam
915 4341 1112 4398 littera:
1166 4345 1475 4414 prudentiae
1527 4355 1634 4404 tua:
1681 4349 1986 4408 honorifica
2037 4329 2172 4412 etD

520 4415 781 4493 praeclara
809 4428 876 4482 de
905 4445 990 4484 me
1022 4447 1133 4501 pra:
1158 4448 1216 4488 se
1240 4433 1469 4499 ferrent,
1501 4435 1704 4492 factum
1730 4449 1834 4505 est,
1861 4449 1922 4496 ut
1949 4443 2098 4499 desi-

2194 3047 2392 3120 ρᾳδίως
2438 3050 2508 3102 ἂν
2556 3047 2636 3117 τῷ
2682 3047 2780 3118 βίῳ
2826 3049 2907 3111 είς
2953 3046 3054 3119 τὴν
3083 3046 3354 3119 προτέραν
3380 3046 3657 3118 ἁπλότητα
3677 3047 3773 3100 ἐπα

2189 3139 2390 3210 ανῆλθε
2417 3138 2484 3193 τὰ
2529 3140 2850 3210 πράγματα,
2875 3139 3239 3210 χρηστότητος
3281 3139 3375 3193 καὶ
3403 3138 3584 3209 φιλίας
3615 3154 3776 3208 μεσι-

2188 3233 2453 3303 τευούσης
2477 3236 2587 3296 τοῖς
2623 3232 2936 3303 πράγμασι.
2973 3232 3083 3285 Kal
3111 3231 3219 3302 γὰρ
3243 3233 3484 3302 ἐποιήσω
3513 3233 3660 3300 ἡμᾶς
3686 3231 3773 3293 είς

2191 3325 2386 3388 παῖδας
2408 3325 2618 3394 φίλους,
2652 3325 2746 3376 καὶ
2779 3323 3041 3387 διατελεῖς
3070 3322 3418 3394 μεμνημένος
3432 3339 3492 3377 τε
3520 3324 3613 3376 καὶ
3634 3323 3776 3392 γρά-

2195 3435 2309 3488 φων
2338 3418 2466 3489 περὶ
2488 3415 2645 3486 ἡμῶν
2671 3413 2841 3481 δεξιὰ,
2878 3415 2978 3469 καὶ
3005 3415 3174 3470 ποιῶν
3203 3415 3304 3468 ὅσα
3330 3414 3557 3485 γνησίας
3585 3414 3776 3484 φιλίας

2193 3511 2314 3563 ἐστὶ
2342 3509 2722 3579 γνωρίσματα.
2764 3506 2980 3560 Τούτων
3011 3507 3108 3577 μὲν
3133 3502 3229 3561 οὖν
3260 3507 3482 3560 αὐτόθεν
3521 3507 3668 3575 ἔχεις
3705 3509 3772 3558 ἐν

2193 3604 2263 3672 τῇ
2285 3601 2396 3653 τῶν
2428 3599 2607 3653 καλῶν
2637 3597 2937 3652 ἀπολαύσει
2982 3597 3135 3668 παρὰ
3161 3599 3258 3651 τοῦ
3287 3599 3356 3652 τὰ
3390 3597 3522 3651 καλὰ
3555 3595 3760 3650 ἀποδο-

2194 3693 2427 3764 χομένου
2445 3691 2580 3745 Θεοῦ
2606 3691 2706 3763 τὴν
2724 3689 2982 3762 ἀμοιϐὴν,
3000 3691 3151 3761 παρὰ
3177 3689 3239 3747 δι
3265 3690 3418 3760 ἡμῶν
3445 3687 3538 3760 τὴν
3564 3687 3756 3758 ὁμολο-

2194 3785 2321 3854 γίαν
2354 3784 2454 3854 τῆς
2488 3785 2729 3855 χάριτος.
2763 3783 2839 3838 Οὐ
2886 3781 2996 3855 γὰρ
3023 3781 3455 3852 διαλιμπάνομεν
3484 3779 3768 3851 εὐχόμενοι

2195 3875 2451 3947 τοιαύτην
2479 3871 2644 3939 οὖσαν
2674 3874 2772 3947 τὴν
2802 3873 2900 3947 σὴν
2923 3872 3402 3945 μεγαλοπρέπειαν
3430 3871 3521 3926 ἐπὶ
3558 3871 3778 3945 μείζοσι

2198 3969 2503 4040 προκοπατς
2534 3964 2816 4036 αὔξεσθαι,
2841 3967 2976 4038 ἡμῖν
3003 3982 3064 4020 τε
3097 3965 3192 4020 καὶ
3212 3963 3458 4037 πατρίδι.

2659 4227 2789 4286 KZ'.
2819 4230 3131 4303 ΟΛΥΜΠΙῼ
3183 4227 3318 4301 (ει).

2282 4344 2608 4416 Ἐπιθυμίας
2658 4344 2994 4416 ὑπέκκαυμα
3039 4361 3131 4414 μοι
3173 4342 3400 4413 γέγοναν
3441 4341 3512 4397 τὰ
3539 4341 3640 4413 τῆς
3675 4343 3780 4413 σῆς

2193 4442 2504 4513 λογιότητος
2533 4438 2861 4511 γράμματα,
2886 4435 3145 4500 ἐπίδειξίν
3188 4451 3248 4489 τε
3281 4433 3595 4504 φιλοτιμίας
3621 4434 3779 4504 ἔχον·

519 4512 737 4569 dcrium
770 4517 934 4573 simul
974 4528 1032 4575 et
1073 4521 1410 4592 voluptatem
1459 4525 1596 4582 mihi
1639 4531 1974 4599 pepererint.
2008 4535 2089 4590 Et-

2195 4551 2286 4601 τα,
2308 4512 2405 4588 καί
2433 4531 2787 4604 παρεχόμενα
2821 4530 2937 4592 τοῖς
2964 4529 3074 4591 σοῖς
3107 4526 3540 4599 ἐνευφρανθῆναι
3563 4525 3772 4588 καλοῖς.

521 4606 672 4660 enim
705 4611 891 4665 nescio
919 4627 1030 4680 quo
1056 4623 1216 4682 pacto
1253 4615 1338 4669 his
1373 4616 1504 4670 dum
1547 4620 1913 4689 permulceor,
1944 4625 2102 4681 oblc-

523 4706 663 4761 ctor,
686 4709 743 4754 et
769 4701 899 4757 licet
928 4703 1141 4769 irrisus,
1168 4706 1274 4760 mei
1301 4707 1626 4763 comoediam
1657 4712 1854 4780 probo.
1895 4715 2099 4770 Verum

523 4803 650 4843 cum
677 4791 813 4846 mihi
839 4797 1156 4852 earumdem
1188 4800 1684 4857 communicatione
1711 4803 1951 4860 Atticum
1991 4809 2099 4864 mel

526 4884 853 4950 gustandum
873 4887 1196 4956 praebueris,
1230 4889 1376 4957 vide,
1412 4907 1616 4962 quaso,
1653 4909 1724 4950 ne
1760 4895 1830 4951 ab
1869 4897 1938 4952 iis
1973 4898 2100 4968 qui-

528 4969 634 5027 bus
663 4985 731 5028 cx
757 4978 1154 5034 consuetudine
1185 4974 1400 5050 copiam
1427 4981 1605 5039 fecisti
1628 4983 1850 5040 fruendi
1881 4987 2103 5056 optimis

2199 4624 2309 4679 Kal
2338 4624 2448 4694 γάρ
2485 4640 2602 4686 πως
2646 4621 2740 4674 ἐπὶ
2769 4622 2884 4684 τοῖς
2925 4617 3189 4681 τοιούτοις
3223 4618 3426 4688 ἥδομαι
3454 4616 3775 4686 τωθαζόμε-

2205 4733 2316 4782 νος,
2348 4714 2442 4769 καὶ
2466 4714 2570 4786 τὴν
2603 4711 2897 4784 κωμῳδίαν
2921 4709 3132 4764 ἐπαινῶ
3161 4709 3251 4764 διὰ
3279 4707 3458 4764 τοῦτο.
3486 4707 3696 4770 rma;
3717 4707 3776 4760 δὲ

2207 4807 2354 4878 ἡμᾶς
2402 4803 2649 4859 Ἀττικοῦ
2687 4801 2903 4873 μέλιτος
2924 4801 3026 4872 τῆς
3051 4799 3140 4855 διὰ
3166 4799 3273 4853 τῶν
3293 4798 3634 4871 γραμμάτων
3655 4797 3780 4868 ὁμι-

2205 4897 2346 4960 λίας,
2383 4897 2576 4950 σκόπει
2615 4889 2964 4964 προστιθέναι
3014 4893 3126 4954 τοῖς
3158 4889 3582 4961 πεπειραμένοις
3610 4881 3690 4941 ὧν
3712 4889 3780 4941 ἐκ

2209 4985 2496 5056 συνηθείας
2518 4984 2755 5046 δέδωκας
2777 4980 3070 5037 ἀπολαύειν
3086 4981 3161 5046 ὥς
3180 4981 3243 5035 τό
3260 4995 3326 5051 γε
3346 4978 3651 5051 στερείσθαι
3665 4978 3784 5034 τῶν

1623 5139 1781 5197 LUD.
1820 5141 1979 5197 ΑΝΤ.
2021 5141 2403 5200 MURATORH
2441 5138 2668 5198 NOTJE.

605 5277 714 5349 (24)
753 5279 998 5339 Obscura
1031 5284 1166 5338 mihi
1208 5286 1460 5354 epistola,
1495 5287 1582 5343 cui
1622 5287 1798 5342 lucem
1834 5289 1964 5344 dare
1999 5305 2106 5345 una

533 5354 748 5426 poterat
783 5354 1098 5426 p_r_aecedcns
1129 5355 1384 5426 Olympii,
1415 5357 1511 5412 sed
1544 5374 1575 5413 a
1606 5359 1765 5413 nobis
1801 5358 2110 5414 desiderata

534 5417 796 5496 cpistola:
808 5420 922 5476 Hoc
944 5417 1536 5496 tamenarguinentum
1565 5442 1684 5482 esse
1709 5428 1953 5483 videtur:
1973 5428 2110 5484 Cum

535 5482 1103 5566 ΟὶγιῐιρίιιειιιιιιιιιιῐιΔ
1139 5482 1414 5566 laudasset
1454 5513 1552 5566 per
1589 5482 2111 5564 litterasiFirm'um,

2207 5287 2523 5344 aitFirmus
2543 5286 2637 5356 καὶ
2675 5286 2771 5356 τὴν
2810 5282 3532 5356 κωμῳδίανηέπαινῷηςιοη
3561 5296 3782 5356 sensum

2208 5359 2357 5413 hunc
2385 5373 2483 5426 per
2515 5351 3153 5426 conjecturam'reddidi,
3179 5354 3335 5426 quasi
3363 5351 3512 5426 dicat
3541 5369 3553 5404 :
3583 5351 3785 5426 Quam.

2209 5429 2292 5484 vis
2341 5420 2421 5482 to't
2471 5420 2663 5507 parum
2706 5426 2878 5507 :cquis
2917 5425 3173 5507 laudibus
3197 5420 3273 5507 ac
3308 5422 3501 5504 festiva
3535 5420 3784 5507 oratione

2212 5514 2298 5552 me
2337 5491 2597 5566 exagitcs,
2631 5491 2789 5564 quasi
2827 5495 3156 5566 comoediam
3205 5495 3405 5566 deumc
3433 5491 3782 5566 __instit_ucns;

543 5554 802 5638 rescribit
832 5557 943 5638 hic,
980 5561 1280 5619 modestius
1303 5565 1376 5638 de
1413 5554 1474 5622 se
1505 5567 1918 5638 ipsosentiens,
1942 5578 1998 5623 ct
2035 5554 2116 5624 tot
2213 5554 2593 5638 nihilominus
2627 5554 2955 5623 c’omwdiam
3001 5563 3316 5637 hujusmodi
3371 5560 3506 5618 mihi
3567 5560 3785 5630 placem

542 5623 734 5678 laudes
760 5625 899 5695 jocis
932 5623 1256 5699 'acccnsens,
1295 5623 1587 5705 jocaturet
1631 5637 1767 5708 ipsc.
1807 5623 1944 5695 Cum
1983 5653 2115 5711 ergo
2213 5629 2450 5692 libenter
2489 5636 2688 5692 fateor.
