4048 6210
305 235 436 293 1501

1740 224 2119 286 εριετοιιε.

3426 232 3566 293 1509

304 343 559 417 χρηστῶν
609 342 748 414 μετὰ
795 341 893 414 τὴν
941 343 1138 412 πεῖραν
1173 343 1288 406 τοῖς
1341 309 1883 414 ἀπολιμπανομένοις

2004 341 2174 409 -ebus,
2207 342 2252 400 si
2294 353 2585 415 postquam
2630 358 2723 400 eas
2765 345 3056 416 degustare
3104 352 3412 414 creperum,
3449 343 3567 400 adi-

303 438 530 504 τούτων,
559 436 876 510 βαρύτερον.
919 437 982 490 El
1005 435 1062 490 δὲ
1091 435 1306 506 τρυφῆς
1337 435 1478 490 δέοιο
1516 435 1722 506 σεμνῆς
1755 433 1887 488 ταύ-

305 545 405 600 την
424 531 544 592 ταῖς
571 526 841 595 εὐλογίαις
860 526 1354 600 ἐπικρυπτόμενος,
1375 527 1472 580 καὶ
1488 526 1596 580 τῶν
1626 524 1888 598 πραγμά-

304 636 414 672 των
445 618 745 691 φροντίζων
790 616 1014 672 ἔλαττον
1055 617 1134 689 τῷ
1163 617 1432 689 ἀγαπητῷ
1473 617 1610 688 τῷδε
1657 616 1756 687 τὴν
1794 615 1888 670 ἐπὶ

305 712 423 782 τοῖς,
450 708 687 778 φθάσασι
716 707 1072 778 λογισάμενος
1105 706 1397 778 ῥᾳθυμίαν,
1426 705 1722 774 ἀνάμεινον
1751 702 1885 774 παρ’

308 800 466 871 ἡμῶν
495 799 592 870 τὴν
621 800 716 852 ἐπὶ
747 801 862 863 τοῖς
884 798 1164 868 ἐχομένοις
1190 798 1499 868 διόρθωσιν.
1532 797 1756 860 Πάντως
1779 794 1888 865 γὰρ

306 891 407 943 οὐκ
425 888 588 960 ἐλαίῳ
635 889 831 960 μόνον,
880 889 1018 943 ἀλλὰ
1065 889 1163 944 καλ⁹
1219 888 1415 961 μύροις
1465 885 1757 958 ἅλείψομεν
1811 887 1888 951 ὡς

319 980 573 1053 ’Δττικὴν
596 980 766 1052 ὄρνιν¹
789 980 886 1035 καὶ
907 979 1200 1051 ὁμοφόριον
1228 980 1368 1049 (25).

873 1092 1011 1147 κη’.
1053 1091 1316 1145 ΗΛίΩΝι.

387 1197 478 1263 Ὦς
504 1201 617 1264 τοῖς
637 1199 869 1268 διψῶσιν
901 1202 998 1273 ἡδὺ
1027 1201 1237 1270 γίνεται
1263 1201 1326 1256 τὸ
1358 1200 1543 1266 ποτὸν,
1574 1199 1748 1264 οὕτως
1776 1201 1890 1264 τοῖς

311 1292 602 1362 συντυχίας
634 1293 803 1364 ἐρῶσι
850 1294 910 1347 τὺ
951 1294 1214 1364 γράφειν,
1245 1295 1371 1348 ὅταν
1418 1293 1623 1364 ταύτης
1663 1293 1889 1346 κατόπιν

308 1382 586 1452 ἔρχονται.
623 1381 794 1452 Κάγὼ
822 1384 1002 1438 τοίνυν
1049 1383 1420 1447 ὲπιτείναντός
1453 1402 1544 1453 μοι
1574 1384 1672 1454 τὴν
1701 1383 1890 1435 ἐπιου-

312 1475 442 1545 μίαν
486 1472 582 1527 τοῦ
629 1473 730 1544 τῆς
775 1473 1115 1543 ἀπολείψεως
1159 1474 1378 1545 χρόνου,
1433 1473 1687 1544 ἁσμένως
1725 1469 1889 1544 ἦλθον

308 1566 405 1618 ἐπὶ
431 1564 500 1618 τά
528 1565 852 1636 γράμματα,
895 1564 972 1628 ὡς
1001 1563 1068 1619 δι’
1108 1564 1289 1618 αὐτῶν
1325 1567 1391 1636 τῇ
1444 1563 1890 1634 μεγαλοπρεπείᾳ

1993 445 2232 500 mantur,
2257 452 2446 492 earum
2480 435 2680 492 deinde
2728 435 2962 508 privatio
3005 435 3291 492 molestius
3332 433 3564 491 feratur.

1990 526 2146 593 Quod
2174 527 2220 582 si
2253 528 2396 583 serio
2415 528 2588 599 iocari
2621 527 2678 582 in
2720 527 2904 582 animo
2933 526 3024 592 sit,
3051 536 3106 581 et
3139 527 3242 581 hos
3267 526 3422 597 jocos
3463 526 3565 582 be-

1990 617 2397 674 nedictionibus
2424 619 2688 685 occultas,
2715 618 2917 674 dilecto
2949 603 3038 672 isti
3072 617 3142 673 ob
3171 632 3235 672 ea
3273 633 3393 688 quae
3421 633 3565 687 pra:-

1989 722 2226 770 cessere,
2259 708 2645 779 negligentiam
2688 707 3000 778 imputans;
3040 721 3072 759 a
3106 705 3268 760 nobis
3307 705 3568 775 deinceps

1989 800 2432 856 emendationem
2479 808 2736 871 exspecta
2771 816 2784 852 :
2821 799 3047 854 omnino
3094 798 3241 854 enim
3290 812 3399 851 non
3443 797 3567 851 oleo

1991 899 2226 956 tantum,
2259 890 2355 946 sed
2399 900 2456 946 et
2498 891 2811 962 unguentis,
2839 900 3097 960 tanquam
3133 887 3368 944 Atticam
3411 901 3567 942 avem

1989 991 2048 1039 et
2075 982 2526 1039 contubernalem
2567 981 2820 1036 linemus.

2495 1093 2732 1152 XXVIII.
2774 1093 3071 1150 HELIONI.

2063 1208 2134 1264 Ut
2179 1204 2500 1262 sitientibus
2539 1205 2718 1264 dulcis
2751 1214 2836 1262 est
2876 1213 3059 1276 potus,
3085 1204 3165 1260 ita
3208 1203 3278 1259 iis
3311 1201 3406 1274 qui
3431 1216 3566 1257 con—

1990 1315 2239 1372 gressum
2279 1300 2585 1355 amicorum
2624 1306 2892 1368 expetunt
2936 1298 3200 1364 scribere,
3234 1295 3454 1368 quando
3497 1295 3568 1350 ab

1992 1390 2061 1447 iis
2089 1391 2281 1446 abesse
2315 1401 2605 1462 coguntur.
2635 1391 2810 1462 Igitur
2842 1396 2899 1445 et
2928 1403 3051 1460 ego,
3081 1388 3399 1443 intendente
3429 1386 3567 1456 mihi

1993 1478 2256 1534 absentia:
2319 1488 2566 1548 tempore
2626 1476 3017 1548 cupiditatem,
3075 1474 3438 1530 libentissime
3499 1472 3567 1527 ad

1992 1570 2347 1625 scribendum
2399 1587 2486 1626 me
2532 1570 2776 1635 contuli,
2826 1569 2984 1638 quasi
3035 1583 3132 1638 per
3179 1568 3392 1622 litteras
3441 1580 3568 1620 cum

312 1672 406 1707 σου
458 1655 670 1726 μέλλων
711 1653 1082 1719 ὲντεύξασθαι’
1131 1654 1381 1709 ἀπαιτῶν
1421 1653 1482 1706 τὸ
1516 1654 1712 1707 αὐτίκα
1740 1655 1889 1723 ἡμᾶς

2004 1661 2400 1733 magniﬁcentia
2455 1670 2546 1716 tua
2597 1660 2992 1716 collocuturus.
3038 1657 3208 1728 Exige
3257 1665 3460 1720 autem,
3511 1665 3572 1710 ut

308 1745 663 1817 ἀντιγράφοις
695 1745 1052 1818 ἀμείψασθαι·
1079 1745 1106 1800 δ
1129 1748 1306 1799 ποιεῖν
1331 1747 1575 1814 συνήθως
1605 1746 1884 1810 καταξίου,

307 1835 457 1902 ὅπως
490 1835 636 1907 ἔχεις
669 1835 797 1908 περὶ
827 1837 994 1908 ἡμᾶς,
1032 1835 1208 1907 δηλῶν
1240 1837 1352 1900 τοῖς
1386 1835 1725 1907 πράγμασιν.

727 2045 861 2102 Ke'.
901 2042 1291 2114 ΦΛΩΡΕΝΤΙῼ
1330 2041 1466 2113 (26).

380 2158 496 2232 Τὴν
522 2158 659 2232 πρὸς
706 2158 864 2224 ἀξίαν
913 2156 1014 2226 τῆς
1055 2154 1156 2226 σῆς
1203 2153 1679 2225 μεγαλοπρεπείας
1724 2153 1890 2225 τιμὴν

309 2250 454 2322 ὑπὲρ
475 2249 578 2322 τὴν
612 2249 850 2321 ἐμαυτοῦ
874 2247 1231 2319 λογισάμενος
1269 2245 1521 2316 δύναμιν,
1549 2245 1643 2300 ἐπὶ
1673 2247 1774 2316 τήν
1807 2263 1892 2300 σοι

313 2342 478 2413 φίλην
509 2341 602 2396 τοῦ
638 2342 830 2411 Πάσχα
874 2338 1186 2408 κατέφυγον
1214 2337 1430 2410 ἑορτήν,
1466 2337 1535 2391 τὰ
1564 2337 1660 2391 ἐπὶ
1687 2337 1893 2408 ταύτης

316 2431 562 2504 σύμϐολα
599 2432 854 2503 δεχθῆναι
899 2433 1032 2501 παρ’
1071 2429 1231 2501 ἡμῶν
1277 2431 1356 2492 είς
1407 2429 1571 2500 τιμὴν
1609 2429 1704 2482 τοῦ
1747 2429 1890 2482 οείου

313 2521 669 2594 παρακαλῶν.
713 2525 779 2574 "A
821 2517 1218 2592 προσδέξασθαι
1253 2519 1392 2572 αἰδοῖ
1419 2519 1519 2589 τῆς
1549 2519 1690 2591 ὑπὲρ
1731 2519 1892 2590 ἡμῶν

313 2608 741 2685 πρεσϐευούσης.
797 2611 1248 2682 Καταδεξάμενος
1292 2611 1351 2666 δὲ
1403 2611 1614 2674 ἀντίδος
1657 2612 1792 2679 ἡμῖν
1833 2609 1895 2663 τὸ

315 2705 585 2776 διηνεκῶς
615 2705 760 2776 ἔχειν
787 2703 884 2758 ἐπὶ
923 2705 1169 2775 μνήμην,
1201 2706 1348 2774 ἡμᾶς
1389 2703 1677 2771 φιλούντας
1720 2702 1893 2770 φιλεῖν

319 2790 612 2858 καταξιῶν.

882 2968 961 3023 A'.
1039 2967 1330 3040 rmore.

388 3079 500 3136 Kal
533 3079 639 3135 τίνι
690 3081 760 3136 ἂν
816 3081 1018 3153 μᾶλλον
1058 3080 1170 3152 (27)
1206 3081 1450 3154 ἥρμοσεν
1495 3080 1596 3154 τὴν
1631 3078 1757 3152 περὶ
1796 3079 1898 3152 τῆς

321 3171 476 3244 ίερᾶς
504 3169 784 3243 τραπέζης
812 3172 1074 3241 ἀγγελίαν
1101 3172 1234 3242 ἡμῖν
1255 3172 1362 3244 πρὸ
1387 3172 1484 3227 τού
1508 3171 1603 3226 σοῦ
1635 3174 1900 3245 μεγέθους

321 3261 691 3334 χαρίσασθαι;
738 3259 834 3326 Τίς
867 3262 924 3316 δὲ
962 3257 1237 3328 τοσοῦτος,
1277 3263 1310 3334 ἢ
1351 3261 1517 3335 ἄνδρα
1551 3263 1832 3334 σεμνῦναι,
1864 3265 1897 3335 ἢ

320 3350 608 3404 ἐπαινέσαι
651 3350 872 3423 τρόπον,
923 3351 1018 3404 καὶ
1053 3352 1268 3424 ἑταῖρον
1306 3353 1439 3425 ἡμῖν
1488 3353 1709 3424 ποιῆσαι
1765 3354 1903 3424 πρὸς

320 3441 415 3494 τοῦ
443 3441 719 3513 γνωρίμου
749 3442 841 3496 τὸν
869 3431 1031 3497 καλόν
1070 3461 1130 3497 τε
1171 3445 1266 3498 καὶ
1307 3444 1510 3514 ἀγαθὸν
1549 3444 1831 3509 Κάνδιτον,
1862 3443 1895 3514 ἦ

322 3531 352 3583 ὁ
397 3530 595 3602 ῥᾳδίως
622 3531 915 3603 δυνάμενος
958 3536 1071 3597 τοῖς
1119 3537 1334 3604 μικροῖς
1373 3531 1710 3603 περιτιθέναι
1739 3533 1900 3603 μέγε-

324 3620 450 3688 θοςς
497 3623 637 3693 Ἐγὼ
667 3624 725 3678 δὲ
772 3625 960 3695 ἡσθεὶς
984 3625 1086 3691 τὴν
1117 3623 1259 3676 κατὰ
1290 3624 1389 3693 τὴν
1431 3623 1582 3691 ἱεράν
1619 3623 1901 3691 τράπεζαν

327 3715 637 3786 ἔπιτυχίαν,
665 3715 785 3770 οὐδὲ
818 3717 992 3769 εἰπεῖν
1021 3714 1150 3783 ἐγω,
1170 3715 1294 3771 ὅσον
1324 3716 1498 3786 ἥσθην
1525 3718 1589 3788 τῇ
1620 3717 1902 3792 ὲπιστολῇυ

1922 3014 1969 3076 C

1994 1753 2282 1809 confestim
2332 1753 2494 1808 nobis
2536 1751 2892 1808 rescribendo
2940 1760 3191 1806 mutuum
3247 1734 3565 1818 rependas:

1993 1845 2141 1915 quod
2183 1844 2364 1900 facere
2393 1860 2494 1915 pro
2518 1859 2670 1900 more
2703 1851 2796 1897 tuo
2821 1858 2890 1899 ne
2919 1841 3234 1912 dedignere,
3271 1851 3332 1894 ut
3363 1856 3420 1895 re
3452 1841 3568 1910 ipsa

1993 1938 2173 2007 palam
2197 1937 2387 2002 facias,
2413 1935 2688 2006 quomodo
2716 1949 2848 2006 erga
2879 1949 2979 1988 nos
3006 1932 3236 1989 allectus
3261 1931 3357 1986 sis.
3421 1921 3423 1924 ⁴

2455 2050 2648 2105 XXIX.
2689 2045 3101 2105 FLORE‘NTIO.

2067 2161 2192 2219 Tibi
2245 2164 2471 2234 dignum
2513 2162 2919 2234 magniﬁcentia
2958 2166 3052 2214 tua
3102 2158 3369 2214 honorem
3409 2172 3439 2210 ο
3483 2170 3573 2212 me

1998 2253 2168 2308 tribui
2218 2268 2327 2307 non
2370 2267 2532 2322 posse
2586 2259 2870 2321 reputans,
2916 2247 2986 2303 ad
3034 2245 3418 2303 charissimum
3469 2244 3571 2299 tibi

1995 2345 2198 2400 festum
2225 2344 2504 2400 Pascbatis
2526 2343 2673 2398 diem
2695 2340 3008 2412 perfugium
3037 2337 3229 2404 habui,
3255 2338 3570 2398 obsecrans,

1999 2445 2059 2491 ut
2094 2435 2342 2508 symbola
2373 2450 2495 2504 quae
2521 2434 2577 2489 in
2609 2435 2704 2489 illo
2736 2431 2874 2486 ﬁunt
2894 2432 2960 2485 ad
2993 2432 3256 2484 honorem
3295 2426 3570 2490 Numinis,

1999 2543 2030 2582 a
2072 2527 2234 2582 nobis
2283 2526 2570 2595 suscipias.
2609 2525 2735 2578 Haec
2785 2522 2953 2590 igitur
3007 2526 3325 2573 reverenter
3363 2516 3570 2586 accipe,

1999 2618 2089 2673 die
2115 2617 2221 2671 hoc
2241 2617 2382 2669 festo
2403 2629 2501 2683 pro
2524 2613 2684 2666 nobis
2706 2612 2850 2681 apud
2878 2618 2929 2666 te
2951 2610 3280 2680 legationem
3310 2607 3570 2662 obeunte.

1997 2705 2103 2760 Ubi
2137 2719 2268 2757 vero
2305 2701 2605 2771 acceperis,
2636 2701 2688 2755 id
2722 2701 2882 2754 nobis
2916 2699 3178 2770 repende,
3209 2707 3272 2752 ut
3310 2704 3574 2768 perpetuo

1999 2793 2174 2849 nostri
2220 2793 2296 2850 sis
2342 2807 2576 2857 memor,
2612 2807 2822 2862 nosque
2855 2791 2934 2847 tui
2971 2795 3222 2846 amantes
3267 2803 3450 2844 amare
3490 2785 3575 2842 di-

1999 2885 2204 2958 gneris.
2288 2898 2298 2906 ’

2528 2973 2697 3030 XXX.
2737 2971 3030 3030 ISIDORO.

2064 3086 2135 3146 Et
2157 3101 2451 3157 quemnam
2480 3086 2604 3156 plus
2629 3085 2923 3149 decuisset,
2949 3099 3111 3155 quam
3141 3082 3577 3154 magnitudinem

1997 3186 2148 3233 tuam
2207 3176 2276 3231 de
2323 3191 2479 3231 sacra
2537 3191 2725 3232 mensa
2779 3175 3038 3229 nuntium
3091 3173 3359 3230 mittendo
3419 3172 3579 3228 nobis

1997 3267 2333 3340 gratiﬁcari?
2357 3266 2494 3333 Quis
2513 3277 2776 3336 przeterea
2801 3266 2924 3319 talis
2944 3281 3007 3320 ac
3029 3274 3214 3320 tantus
3233 3280 3353 3318 esse
3378 3272 3577 3334 potest,

2001 3360 2089 3413 vel
2118 3359 2175 3412 in
2198 3356 2424 3412 homine
2456 3353 2890 3418 cohonestando,
2915 3355 3001 3409 vel
3033 3355 3090 3407 in
3119 3354 3293 3424 ipsius
3330 3355 3580 3410 moribus

2003 3445 2475 3510 commcndandis,
2511 3445 2643 3499 dum
2676 3443 2968 3498 Canditum
3003 3443 3184 3498 virum
3224 3451 3386 3498 antea
3423 3445 3578 3514 igno-
3627 3481 3629 3483 ι

2005 3548 2146 3602 tum,
2189 3537 2288 3591 sed
2330 3537 2625 3592 honestum
2667 3550 2730 3590 ac
2774 3534 3041 3604 probum,
3082 3535 3327 3589 amicitia
3371 3535 3578 3605 jungis,

2007 3645 2172 3700 quam
2215 3629 2312 3698 qui
2348 3629 2502 3682 nullo
2540 3627 2760 3699 negotio
2806 3635 2986 3696 potest
3029 3627 3212 3697 parvis
3253 3625 3584 3698 magnitudi-

2009 3735 2136 3776 nem
2176 3719 2510 3775 conciliare?
2551 3719 2665 3790 Ego
2708 3733 2860 3784 vero,
2899 3726 3188 3789 postquam
3236 3717 3304 3774 iis
3352 3734 3474 3788 qum
3513 3719 3582 3773 ad

1425 3838 1580 3902 LUD.
1620 3847 1781 3904 ANT.
1822 3849 2208 3908 MURATORII
2245 3849 2472 3906 NOTAE.

401 3960 512 4032 (25)
547 3956 866 4032 eum“
893 3956 970 4032 ὡς
996 3957 1250 4032 Ἀῖτικὴν
1270 3958 1441 4032 ὅρνικι
1471 3959 1568 4032 uel
1590 3960 1904 4032 ὁμοφόριονο

327 4026 531 4100 ln'ms'.
561 4026 925 4100 codiceth
958 4026 1034 4082 ita
1075 4026 1335 4100 leguntur
1376 4026 1744 4100 ἀλειψαμένῶς
1770 4026 1910 4086 ’Ἄτ-

331 4099 489 4170 τικὴν
521 4099 701 4170 ὃρμιν,
735 4104 843 4151 etc.
887 4096 1154 4168 Corrupta
1189 4098 1356 4153 verba
1402 4096 1591 4170 aliqud
1619 4104 1910 4170 restituere

371 4169 494 4222 acto
554 4169 788 4223 conatus
843 4181 964 4222 sum
994 4207 1009 4232 ,
1059 4183 1373 4237 quanquam
1432 4169 1564 4238 quid
1613 4169 1720 4225 sibi
1779 4171 1914 4226 velit

355 4241 374 4256 Ἃ

379 4239 586 4301 irmus,
636 4252 746 4308 non
799 4247 1109 4308 assecutum
1151 4253 1239 4292 me
1287 4253 1409 4308 esse
1452 4239 1730 4308 proﬁtear.
1769 4241 1910 4296 Num

2004 3963 2111 4020 viri
2127 3963 2362 4033 alicujus
2376 3970 2461 4018 est
2477 3961 2700 4034 nomen)
2716 3961 2784 4017 ad
2806 3961 3314 4034 Firmumlsidorns
3335 3963 3582 4034 miserat,

2005 4031 2286 4102 simulque
2327 4033 2570 4103 muneris
2614 4031 2689 4087 ac'
2726 4031 3137 4103 nuntiiilaudes
3181 4031 3584 4103 elegantissime

2006 4103 2396 4173 descripserat.
2427 4102 2585 4158 Nunc
2614 4103 2868 4157 rescribit
2890 4102 3140 4173 Firmus,
3154 4102 3287 4173 cum
3320 4103 3586 4172 eloquen-

2008 4174 2162 4238 tiam,
2187 4172 2302 4227 tum
2344 4173 2659 4228 comitatem
2697 4172 2966 4227 mittentis
3001 4172 3287 4226 extollens.
3329 4173 3586 4242 Epistolze

2008 4250 2195 4299 tamen
2235 4251 2447 4298 textum
2487 4259 2597 4297 non
2640 4257 2827 4298 carere
2863 4242 3080 4296 mendis
3117 4242 3388 4310 suspicor.
3427 4245 3583 4309 Quod

332 4309 507 4382 Attica
530 4309 646 4379 apis
667 4307 762 4362 hic
781 4307 1300 4382 intelligenda,_qu:e
1320 4307 1541 4382 dicendi
1553 4308 1742 4382 forma
1760 4311 1911 4382 apud
1947 4362 1985 4382 η
2011 4323 2094 4368 est
2126 4314 2194 4368 ad
2226 4312 2805 4382 lsidorum,.episcopi
2837 4311 3060 4382 quidem
3094 4307 3314 4382 nomine
3338 4307 3464 4382 noni
3487 4315 3585 4368 do-

335 4362 591 4451 antiquoé
620 4386 881 4447 usurpata
907 4362 1011 4451 est,
1040 4386 1101 4431 ut
1135 4362 1315 4451 Attica
1347 4362 1606 4451 facundia
1633 4362 1911 4451 significa:
1944 4362 1987 4418 υ
2013 4362 2208 4449 natur“;
2228 4362 2626 4438 ‘5iiairhéii”e6’
2638 4362 2872 4436 limen-8
2885 4362 3582 4451 ῗίίὶιὲὶιίξἧίὶίἔτῗρὂεξίὶ,

337 4446 687 4521 ιςθιυίῖξΐιιιη
711 4446 1066 4521 sensusforet
1089 4446 1190 4521 :__Si
1211 4462 1511 4521 pergesme
1540 4446 1784 4521 laudare,
1808 4465 1911 4521 ego

336 4518 649 4642 gaeund‘iam
686 4525 836 4572 tuam
873 4516 1222 4573 uberioribus
1250 4516 1502 4573 laudibus
1533 4519 1820 4592 aggrediar
1845 4516 1915 4576 ac

365 4605 396 4642 a
425 4604 520 4642 ura
561 4604 616 4641 ο.

335 4597 616 4644 saturabo.

413 4658 522 4725 (26)
561 4657 643 4712 Ad
694 4655 1032 4711 Florentium
1097 4656 1368 4712 illustrem
1413 4659 1595 4713 virum
1651 4659 1916 4715 nonnulla

337 4728 510 4783 mittit
534 4742 784 4790 munera,
815 4741 1012 4794 nempe
1040 4726 1296 4796 symbola,
1324 4743 1448 4796 quae
1483 4730 1714 4784 solemni
1743 4731 1917 4785 sancti

340 4797 641 4868 Pascbatisi
665 4796 976 4868 dieiperagi
1017 4797 1286 4851 solebant.
1323 4796 1691 4868 Symbolorum
1734 4809 1917 4854 autem

341 4867 565 4948 nomine
603 4867 796 4952 Grfeci.
818 4867 1004 4949 Patres
1049 4875 1161 4920 tum
1197 4867 1707 4952 sacramentazluni
1741 4870 1918 4952 ipsam

342 4938 616 5010 praecipue
643 4936 831 4990 altaris
857 4936 1203 5010 incruentam
1237 4936 1473 4991 hostiam
1509 4939 1640 4993 olim
1669 4936 1920 5010 designa-

341 5005 636 5077 verefliic
673 5013 866 5077 tamen
898 5006 1128 5077 eulogias
1165 5005 1478 5077 (SI-meorum
1521 5023 1673 5063 more
1713 5005 1921 5077 signiﬁ—

342 5076 480 5139 cari,
509 5084 722 5130 certum
754 5075 1298 5146 arbitror,'videlicet
1325 5088 1420 5131 aut
1441 5077 1624 5132 edulia
1647 5075 1916 5146 quaedam,

344 5153 440 5216 aut
469 5147 573 5199 alia
611 5145 922 5216 huiusmodi
955 5161 984 5198 a
1014 5146 1299 5200 sacerdote
1353 5148 1593 5216 paschali
1633 5145 1723 5201 die
1754 5148 1920 5201 bene-

343 5215 522 5280 dicta;
566 5215 722 5286 cujus
755 5216 850 5286 rei
872 5216 1103 5286 vestigia
1121 5216 1332 5286 nostris
1355 5215 1423 5271 in
1460 5218 1710 5273 ecclesiis
1742 5218 1921 5272 adhuc

342 5283 652 5420 iugcpgtgg.
683 5285 803 5406 ἐν)το
830 5284 867 5338 θ.
913 5283 1326 5356 προσδέξασθαι,
1361 5286 1591 5342 fortasse
1627 5288 1915 5358 legendum

643 5373 676 5406 α
749 5396 761 5408 .

411 5371 761 5408 ποοσοεεασο.

417 5373 452 5406 π
519 5371 761 5420 σοεςασο.

417 5371 529 5494 (ᾖ)
579 5423 720 5490 Quid
769 5423 875 5478 sibi
917 5423 1146 5494 velitin
1195 5424 1359 5493 huius
1399 5426 1644 5494 epistolae
1690 5425 1918 5481 exordio

351 5491 590 5556 Firmus,
631 5495 880 5548 divinare
924 5493 1129 5548 nescio.
1173 5491 1553 5549 Fortasse—hic
1590 5511 1785 5549 sensus
1815 5506 1917 5550 est.

351 5560 635 5644 Eulogium
666 5564 927 5644 aliquam,
955 5562 1011 5616 id
1045 5571 1131 5618 est
1149 5578 1371 5644 "munus
1412 5565 1638 5644 aliquod
1664 5566 1725 5644 in
1767 5580 1920 5644 sacra

354 5631 542 5688 menSa
581 5631 961 5701 benedictum,
1007 5648 1106 5703 per
1145 5631 1436 5690 Canditum
1475 5631 1769 5706 (siquidem
1816 5634 1922 5691 hoc

2017 4462 2133 4523 tum
2174 4453 2323 4523 quod
2357 4450 2589 4522 eulogia:
2633 4451 2703 4506 ad
2744 4449 3250 4523 Eirmumimisgrit,
3291 4449 3404 4523 tum
3437 4451 3585 4523 quod

2013 4519 2234 4579 Firmus
2254 4523 2425 4577 Deum
2451 4519 2626 4590 rogat,
2657 4528 2717 4574 ut
2750 4521 2904 4574 illum
2935 4522 3057 4582 ταῖς
3086 4519 3435 4590 Ἐκκλησίαις
3456 4519 3586 4574 ἑαυ-

2012 4593 2142 4658 τοῦ,
2198 4593 2305 4645 suis
2352 4587 2617 4656 Ecclesia,
2644 4590 2974 4645 incolumem
3021 4595 3220 4644 servet.
3274 4587 3387 4658 lmo
3433 4590 3586 4646 illum

2014 4661 2421 4716 commilitonem
2462 4661 2675 4725 bonum,
2701 4669 2759 4714 et
2797 4659 3111 4729 προστάτην
3141 4657 3587 4729 ἀκαταγώνιστον

2015 4733 2272 4802 appellat,
2306 4729 2454 4802 quod
2497 4730 2675 4802 etiam!
2704 4726 3074 4802 interpretari
3103 4727 3275 4802 possit
3313 4726 3588 4802 praesidem

2015 4797 2563 4873 iiieprgheﬁibilem,
2591 4797 2961 4873 Nihilominus
3017 4811 3142 4873 cum
3194 4797 3327 4873 hinc"
3357 4797 3588 4866 epistola

2017 4865 2210 4925 referri
2233 4871 2398 4926 etiam
2422 4871 2596 4939 possit
2618 4869 2684 4924 ad
2708 4868 2974 4939 lsidorum
2998 4866 3175 4920 virum
3198 4865 3585 4939 clarissimum,

2015 4941 2110 5009 qui
2141 4941 2319 5010 primo
2349 4935 2637 5010 praefectus
2668 4937 2946 5010 praetorio,
2982 4944 3099 4989 tum
3139 4935 3331 4990 consul
3369 4937 3589 5010 ordina-

2015 5003 2158 5075 rius;
2183 5010 2247 5065 A.
2280 5003 2504 5074 (3.136,
2533 5003 2755 5073 fuitfut
2786 5023 2854 5062 ex
2879 5003 3268 5075 imperatorum
3304 5007 3588 5075 sanctione

2016 5072 2208 5134 contra
2240 5072 2552 5149 Nestorium
2595 5072 2761 5149 patet,
2801 5083 2902 5149 aut
2937 5072 3002 5128 ad
3039 5072 3177 5149 aiios
3212 5073 3397 5149 saeculi
3430 5075 3590 5149 prin-

2018 5091 2208 5134 contra
2242 5091 2552 5134 Hesternum
2595 5091 2761 5149 patet,
2807 5091 2902 5129 aut
2937 5091 3002 5128 aa
3039 5091 3177 5126 auos
3212 5091 3397 5128 saacuu
3430 5091 3474 5196 lp

2018 5150 2168 5221 cipes
2192 5149 2346 5221 viros
2369 5166 2382 5202 :
2407 5147 2482 5202 nil
2509 5147 2646 5221 certi
2670 5147 2770 5221 hac
2799 5145 2854 5198 in
2877 5159 2940 5221 re
2966 5143 3216 5221 proferre
3239 5143 3399 5221 nobis
3427 5145 3474 5221 _i«

2017 5211 2088 5274 ρι’
2108 5218 2406 5282 praesertim
2428 5233 2553 5273 cum
2579 5216 2847 5271 lsidorum
2877 5211 3042 5268 istum
3067 5211 3333 5282 vocabulo
3361 5212 3454 5282 τοῦ
3498 5230 3592 5282 με-

2024 5236 2074 5274 [ξι
2146 5236 2406 5274 rmscrttm
2428 5236 2553 5273 cum
2580 5236 2847 5271 lSluorum
2878 5236 3042 5268 [Sluul
3070 5236 3333 5267 VUCiluulU
3361 5236 3454 5265 του
3498 5236 3592 5282 με·

2024 5236 2245 5356 γέθῐους,
2297 5288 2354 5342 h.
2401 5302 2451 5342 e.
2507 5285 2880 5356 magnitudinis
2931 5281 3248 5356 compellet,
3302 5281 3593 5356 episcopos

2023 5350 2156 5413 vero
2197 5350 2482 5412 nominare
2531 5350 2702 5410 soleat
2746 5353 2905 5408 titulo
2944 5350 3268 5415 Θεοσεὸειας,
3313 5361 3407 5408 aut
3448 5350 3591 5404 ὁσιό-

2023 5445 2202 5497 τητος.
2229 5427 2439 5482 scilicet
2461 5427 2667 5496 pietalis
2693 5432 2789 5478 aut
2808 5422 3123 5476 sanctitatis.
3147 5419 3417 5474 Nimirum
3441 5419 3593 5542 vige-

2028 5498 2124 5542 hnt
2157 5497 2310 5542 nlim-
2351 5512 2459 5542 nnn
2509 5510 2670 5542 secus
2713 5507 2776 5542 ac
2816 5490 3458 5542 lmdie.’annellationum
3542 5487 3588 5541 i-

2028 5490 2124 5552 bat
2157 5490 2311 5562 olim,
2351 5490 2471 5550 non'
2509 5510 2670 5549 secus
2713 5507 2776 5547 ac
2816 5490 3458 5562 hodie,’_appellationum
3503 5490 3588 5542 di-

2027 5557 2307 5633 versitas,
2347 5565 2551 5636 quibus
2607 5562 2948 5620 indicabatur
2996 5557 3245 5618 diversus
3304 5559 3589 5617 hominum

2028 5636 2227 5708 gradus
2255 5653 2321 5693 ac
2344 5650 2563 5693 munus.

3453 5145 3588 5209 icet;
3667 5154 3672 5162 ‘
