4048 6210
488 263 629 319 1505
1612 248 1801 306 FlRMl
1840 242 2307 303 CESARIENSIS
2345 242 2651 301 EPISCOPI
3516 304 3528 313 ‘
3606 231 3745 289 15M

488 391 701 435 sacram
751 372 1032 445 pertinent
1079 382 1342 433 mensam,
1381 381 1505 421 cum
1560 363 1926 420 delectatione
1973 377 2067 433 ga-

2187 363 2348 433 αύρου
2382 377 2442 413 τε
2482 357 2591 427 γὰρ
2612 352 2724 418 ὖζει
2770 346 3103 411 παιδεὺσεως
3163 346 3454 415 Ἀττικῆς,
3504 344 3600 398 καὶ
3630 346 3747 399 λει-

487 471 640 525 visus
688 482 831 531 sum,
870 463 1147 533 explicare
1191 458 1325 515 satis
1376 471 1614 527 nequeo,
1652 464 1914 525 quantam
1964 468 2063 508 vo-

2187 455 2355 524 ).t‘bvoc;
2387 451 2637 521 μιμεῖται
2681 443 2876 505 κάλλος
2909 436 3043 511 ἦρος
3080 437 3200 510 ὥρᾳ
3246 436 3558 507 σύμμικτον
3588 437 3747 508 Χάριν

486 565 752 634 luptatem
788 526 1205 613 mihi-attulerit
1250 550 1484 622 epistola
1524 559 1619 604 tua
1649 567 1662 602 :
1692 548 1783 603 illa
1826 536 1973 602 enim
2009 553 2065 601 et

2187 549 2283 609 ταῖς
2340 544 2526 614 ὄψεσιν
2573 535 3004 607 ὑπογράφοντος.
3063 528 3463 599 Ἐπαλήλιπται
3508 526 3565 579 δέ
3610 528 3744 580 αὐτῦ·

488 616 794 721 disciplinae
824 647 1018 703 Atticae
1054 616 1407 714 fragraniiam
1443 640 1673 705 redolet,
1700 647 1756 694 et
1788 638 1929 709 prati
1967 652 2063 691 ve-

2187 637 2258 690 ιαὶ
2289 631 2512 705 χρυσοῦ·
2540 630 2601 683 τὸ
2632 628 2741 698 γὰρ
2770 626 2871 695 τῆς
2899 621 3097 688 λέξεως
3129 619 3347 689 εὐγενὲς
3369 616 3516 721 οὕτω
3550 618 3744 687 μᾶλλον

487 749 763 797 nustatcm
808 738 1076 801 imitatur,
1126 750 1294 789 verna
1344 738 1667 803 tempestate
1717 730 2065 801 omnigenam

2187 725 2407 789 ;ίκὰζειν
2442 722 2657 793 ἔχομεν.
2682 715 2935 771 Τοιοῦτον
2959 714 3014 766 δέ
3046 730 3105 765 σε
3135 710 3263 763 εντα
3296 710 3325 762 ὁ
3352 706 3616 778 ἡμέτερος
3649 724 3745 775 φυο

489 831 715 902 gratiam
747 829 992 898 aspectui
1045 798 1408 897 subjicientis.
1445 798 1585 879 Illita
1616 832 1797 878 autem
1848 798 1965 891 ipsa
2012 827 2067 875 et

2187 817 2350 871 .dttron
2388 812 2579 883 Σωτὴρ
2620 812 2742 872 ταῖς
2799 805 2993 860 ἐαυτοῦ
3053 800 3403 872 Ἐκκλησίαις
3460 798 3748 871 σύμμαχον

488 937 624 976 auro
676 920 811 986 fuit;
861 919 1065 974 etenim
1114 916 1375 971 dictionis
1420 914 1765 969 nobilitatem
1820 913 1922 965 hac
1973 924 2069 964 ve-

2166 907 2368 977 ἀγαθὸν
2412 908 2506 957 καὶ
2546 898 2858 974 προστάτην
2885 894 3357 964 ἀκαταγώνιστον.

490 1012 610 1066 rius
646 1011 880 1082 imagine
924 1009 1231 1079 exprimere
1278 1021 1591 1078 possumus.
1629 1004 1705 1059 Te
1752 1017 1905 1065 vero,
1943 1016 2069 1056 cum
2108 997 2423 1070 huiusmodi
2449 995 2548 1061 sis,
2575 991 2910 1049 incolumem
2938 987 3054 1044 suis
3114 992 3295 1042 servet
3330 979 3592 1037 Ecclesiis
3616 982 3749 1039 Ser-

487 1110 649 1157 vator
671 1111 884 1167 noster,
915 1099 1350 1155 commilitonem
1383 1105 1534 1151 certe
1559 1096 1823 1151 eximium
1860 1094 2170 1162 ducemque
2206 1089 2495 1145 invictum.

964 1212 1158 1267 XXXI.
1202 1210 1586 1267 ELEUSINIO.

560 1327 749 1383 Militis
783 1327 1120 1381 alacritatem
1158 1340 1279 1395 quae
1312 1324 1366 1378 in
1398 1324 1517 1392 ipso
1549 1321 1729 1377 oilieio
1756 1327 2068 1390 praestatur,

492 1420 978 1474 commendaturus
1026 1415 1319 1479 Homerus,
1354 1431 1538 1485 regem
1588 1407 1824 1477 induitit,
1859 1410 1953 1482 qui
2003 1409 2072 1464 ad

494 1514 673 1582 ipsum
704 1511 935 1565 militem
961 1511 1070 1581 jam
1099 1509 1155 1562 in
1188 1516 1425 1579 pugnam
1453 1514 1840 1577 properantem
1878 1503 2077 1559 exhor-

495 1605 759 1659 tationem
791 1602 1096 1657 adhiberet.
1122 1600 1235 1671 Ego
1258 1614 1391 1655 vero
1417 1598 1697 1669 sapientiae
1721 1605 1826 1652 tua:
1850 1604 2073 1651 cuncta-

2669 1220 2797 1275 AA'.
2843 1216 3230 1290 ΕΛΕΥΣΙΝΙῼ.

2241 1334 2581 1408 Στρατιὼτου
2612 1333 2674 1387 τὸ
2706 1333 2987 1405 πρόθυμον
3026 1332 3210 1396 αὐτοῖς
3242 1330 3423 1402 ἔργοις
3453 1330 3743 1394 ἀποδειξά-

2174 1445 2335 1501 μενος
2364 1427 2613 1497 Ὅμηρος
2659 1424 2770 1493 (28)
2808 1423 3067 1495 ἐποίησεν
3095 1424 3185 1477 τὸν
3229 1423 3453 1494 βασιλέα
3488 1425 3614 1485 τοὺς
3649 1442 3751 1476 πα·

2178 1517 2545 1592 ρακλητικοὺς
2585 1515 2734 1587 αὐτῷ
2761 1515 2900 1587 πρὸς
2948 1516 3075 1578 τοὺς
3109 1515 3327 1583 ἀγῶνας
3351 1514 3634 1568 σπεύδοντι
3659 1516 3751 1568 ἐνο

2178 1610 2379 1665 διδόναι
2423 1608 2635 1677 λόγους.
2689 1604 2845 1677 ’1ἓέμοῖ¹
2892 1604 2950 1659 δὲ
2986 1605 3123 1676 πρὸς
3157 1604 3258 1675 τὴν
3303 1604 3403 1675 τῆς
3446 1604 3756 1674 λογιότητός

496 1698 703 1752 tionem
760 1712 859 1767 per
915 1695 1175 1765 epistolas
1232 1692 1475 1749 excitare
1535 1690 1757 1746 decrevi
1816 1687 2072 1744 :etenim

2187 1720 2277 1757 σου
2312 1700 2571 1773 μέλλησιν
2612 1698 2940 1769 ἐγράφησαν
2972 1697 3028 1750 αἱ
3069 1695 3370 1761 ἐπιστολαὶ,
3412 1696 3600 1767 ἐπειδὴ
3632 1697 3758 1760 τοὺς

496 1797 741 1845 amantes
784 1803 849 1842 ac
889 1786 1268 1843 desiderantes
1306 1798 1416 1839 uno
1445 1782 1536 1838 die
1571 1795 1881 1846 senescere,
1914 1788 2074 1835 vetus

497 1881 575 1935 ait
605 1880 866 1945 verbum;
915 1894 1061 1933 nunc
1102 1886 1284 1933 autem
1320 1892 1429 1931 non
1467 1875 1585 1930 dies
1625 1881 1860 1937 tantum,
1886 1873 1983 1928 sed
2021 1881 2076 1932 et

494 1986 670 2026 annos
700 1970 943 2041 integros
988 1984 1278 2024 numerare
1316 1982 1609 2038 possumus
1637 1967 1748 2037 jam
1789 1972 2074 2035 exspecta-

497 2061 648 2116 tione
691 2060 936 2115 distenti.
980 2058 1135 2126 Quod
1172 2060 1218 2115 si
1261 2058 1577 2128 aliquando,
1607 2058 1738 2114 licet
1773 2071 1918 2122 sero,
1944 2056 2077 2112 ell'e-

495 2162 619 2207 etus
644 2161 1047 2221 consequatur,
1084 2152 1138 2207 id
1171 2152 1306 2206 satis
1330 2150 1437 2206 erit
1464 2151 1530 2205 ad
1557 2166 1752 2206 curam
1783 2149 2079 2220 praeteritae

497 2241 867 2298 distentionis.
926 2242 1023 2297 Sin
1070 2252 1256 2298 autem
1311 2244 1369 2297 in
1422 2257 1579 2297 mora
1616 2239 2077 2312 perseveraveris,

496 2335 623 2390 vide
660 2350 731 2389 ne
776 2334 845 2389 iis
888 2334 1047 2391 malis
1081 2334 1405 2397 atliciamur,
1434 2349 1557 2403 quae
1578 2344 1707 2389 sunt
1739 2333 1795 2387 in
1828 2331 2024 2403 adagio
2060 2348 2076 2386 :

498 2424 784 2494 promissis
812 2425 1041 2480 enutriti
1068 2431 1125 2479 et
1156 2424 1299 2478 fame
1324 2423 1527 2479 enecti.

1013 2534 1230 2588 XXXII.
1266 2532 1555 2589 ECDICIO.

572 2646 935 2718 lnterroganti
982 2648 1201 2703 cuidam
1243 2646 1637 2713 Alexandrum,
1681 2644 1907 2700 ubinam
1961 2644 2082 2716 ejus

502 2739 709 2794 divitiae
736 2739 936 2806 forent,
970 2734 1178 2795 amicos
1216 2739 1267 2796 ei
1311 2754 1407 2794 rex
1448 2737 1711 2803 ostendit,
1745 2752 1875 2793 suos
1898 2736 1954 2791 in
1997 2736 2083 2790 his

503 2833 792 2887 thesauros
837 2847 956 2887 esse
1007 2832 1341 2904 signiﬁcans.
1386 2831 1481 2885 Ille
1534 2830 1980 2901 quidemdives,
2023 2835 2085 2883 ut

502 2938 605 2993 par
629 2933 714 2978 est
735 2938 856 2977 esse
889 2938 1092 2992 regem,
1119 2922 1411 2977 videbatur
1432 2922 1752 2977 adhibuisse
1778 2922 1833 2976 in
1857 2936 2084 2990 respon-

504 3013 659 3068 sione
716 3014 1212 3069 dissimulationem
1258 3029 1271 3065 :
1326 3012 1465 3067 mihi
1524 3029 1655 3069 vero
1713 3014 1812 3068 has
1869 3021 2082 3067 tantum

2180 1794 2483 1857 ποθοῦντας
2528 1794 2588 1846 ἐν
2620 1791 2808 1862 ἡμέρα
2854 1790 3159 1862 γηράσκειν
3204 1790 3233 1843 ὁ
3279 1788 3510 1852 παλαιὸς
3538 1788 3757 1860 κατέχει

2181 1887 2361 1954 λόγος·
2407 1883 2641 1939 ἐνταῦθα
2696 1883 2755 1936 δὲ
2791 1883 2889 1952 οὑχ
2940 1882 3157 1952 ἡμέρας
3217 1881 3416 1951 μόνον,
3468 1880 3601 1934 ἀλλὰ
3665 1879 3760 1933 καὶ

2182 1976 2464 2036 ἐνιαυτοὺς
2509 1975 2665 2038 ὅλους
2716 1972 2971 2045 ἀριθμεῖν
3011 1972 3127 2025 ἐστι
3176 1970 3656 2043 παρατεινομένοις
3690 1973 3759 2041 τῇ

2184 2068 2502 2139 προσδοκίᾳ.
2532 2067 2595 2120 El
2636 2060 2730 2119 οὖν
2766 2063 3194 2133 ἐπακολουθήσει
3228 2064 3284 2125 ἐς
3318 2060 3416 2131 ὀψὲ
3461 2059 3589 2130 γοῦν
3626 2078 3761 2114 ποτε

2183 2161 2245 2215 τδ
2277 2160 2461 2231 ἔργον,
2498 2159 2720 2229 ἀρκέσει
2766 2159 2847 2221 είς
2903 2154 3201 2228 θεραπείαν
3248 2154 3348 2223 τῆς
3384 2152 3761 2223 προλαΰοὺσης

2184 2248 2571 2320 παρατάσεως.
2603 2248 2667 2300 Et
2699 2246 2758 2300 δὲ
2786 2244 3086 2314 ἐπιμένοις,
3129 2242 3203 2314 μὴ
3232 2241 3302 2295 τὰ
3330 2242 3428 2312 τῆς
3464 2241 3761 2310 παροιμίας

2184 2340 2479 2411 πάθοιμεψ
2521 2337 2878 2408 ἐπαγγελίαις
2908 2334 3256 2408 τρεφόμενοι,
3282 2333 3377 2387 καὶ
3410 2331 3763 2405 συπριὸόμε-

2184 2453 2267 2492 vet
2299 2437 2378 2507 τῷ
2404 2435 2455 2488 λι
2463 2432 2569 2505 μῷ.

2743 2540 2867 2596 ΛΒ’.
2895 2537 3198 2607 sumo.

2270 2652 2675 2726 Ἐρωτήσαντός
2711 2669 2856 2715 τινος
2904 2649 2998 2706 τὸν
3054 2648 3420 2721 Ἀλέξανδρον,
3454 2646 3583 2701 ὅπου
3614 2646 3764 2717 αὖτῷ

2189 2750 2273 2819 εῐη
2308 2747 2376 2802 τὰ
2427 2747 2708 2818 χρήματα,
2744 2744 2832 2798 ὅδε
2876 2743 3005 2806 τοὺς
3031 2741 3219 2811 φίλους
3266 2738 3417 2808 αὑτῷ
3460 2736 3760 2805 ὑπέδειξεν,

2188 2843 2246 2895 ἐν
2259 2840 2469 2903 τούτοις
2483 2834 2621 2893 εἶναι
2641 2838 2860 2911 μηνύων
2882 2836 3007 2899 τοὺς
3028 2831 3357 2905 Θησαυρούς.
3375 2831 3625 2901 Κάκεξνῳ
3656 2832 3759 2901 μὲν

2188 2935 2299 3006 γὰρ
2337 2933 2676 2996 πλουτοῦντι,
2696 2927 2783 2985 οἷα
2811 2932 2891 2985 δεῖ
2932 2928 3043 3002 [δή]
3074 2929 3302 2999 βασιλεῖ,
3329 2926 3449 2980 κατ’
3482 2924 3765 2994 εἰρωνείαν

2190 3027 2365 3081 ἐδόκει
2391 3026 2425 3098 ἡ
2458 3024 2748 3095 ἀπόκρισις
2777 3021 3127 3092 γεγενῆσθαι·
3168 3018 3293 3090 ἐμοὶ
3321 3019 3375 3072 δὲ
3403 3017 3565 3071 τοῦτο
3602 3015 3765 3086 μόνον

504 3101 807 3171 possidenti
865 3100 1107 3164 divitias,
1142 3110 1199 3153 et
1250 3101 1412 3156 unice
1460 3102 1517 3154 in
1559 3101 1752 3155 amicis
1802 3102 2082 3172 glorianti,

2190 3118 2367 3188 ἔχοντι
2394 3117 2603 3188 χρῆμα,
2639 3114 2734 3168 καὶ
2766 3114 2859 3166 ἐπὶ
2882 3115 2994 3175 τοῖς
3023 3110 3196 3181 φίλοις
3223 3109 3527 3183 φρονοῦντι,
3552 3107 3642 3161 καὶ
3660 3108 3765 3176 τὴν

505 3208 616 3247 una
660 3200 745 3246 est
784 3209 914 3247 cura
957 3205 1314 3262 cognoscere,
1349 3200 1551 3262 quanta
1592 3193 1660 3247 ab
1700 3194 1838 3262 ipsis
1876 3194 2085 3248 utilitas

504 3282 811 3355 proveniat,
837 3292 893 3338 et
917 3291 1184 3352 quantum
1206 3283 1291 3338 ba;
1312 3284 1541 3353 reliquis
1569 3283 1774 3338 divitia:
1803 3290 2080 3353 praestent.

505 3376 633 3431 Hmc
673 3376 820 3430 enim
868 3377 982 3430 sola
1026 3376 1301 3446 possessio
1344 3384 1446 3441 est,
1482 3392 1605 3446 qua:
1643 3392 1745 3432 nec
1791 3376 1845 3430 vi
1893 3374 2082 3445 diripi,

504 3481 610 3521 nec
650 3475 897 3537 tempore
941 3468 1155 3522 absumi
1198 3476 1400 3538 potest,
1430 3484 1661 3538 qumque
1699 3468 1846 3523 inter
1877 3467 2085 3537 probos

508 3556 675 3622 viros,
709 3559 959 3626 quamvis
1002 3559 1250 3613 locorum
1294 3559 1583 3614 intervallo
1622 3558 1948 3629 disjuuetos,
1987 3573 2086 3628 per

508 3645 724 3701 litteras
753 3656 1002 3717 augetur.

938 3759 1180 3819 XXXIII.
1217 3759 1638 3817 DOMETIANO.

582 3868 818 3923 Tantum
848 3870 1069 3940 quidem
1101 3871 1298 3927 littera:
1337 3883 1538 3928 nostrae
1574 3873 1917 3929 testabantur
1952 3888 2085 3943 pru-

511 3960 712 4015 dentia:
756 3970 882 4025 tum,
922 3972 1187 4032 quantum
1224 3963 1303 4019 rei
1345 3966 1526 4020 exitus
1564 3963 1963 4035 comprobavit.
1999 3964 2087 4019 Si-

512 4052 627 4106 mul
671 4068 736 4108 ac
779 4054 924 4108 enim
975 4062 1026 4110 te
1077 4056 1389 4123 ostendisti,
1428 4058 1575 4112 illico
1619 4057 1949 4113 adversariis
1988 4054 2088 4111 de-

515 4142 754 4208 bellatis,
789 4161 1068 4215 regressus
1099 4162 1180 4212 es,
1214 4147 1483 4204 illustrius
1517 4165 1613 4205 eos
1645 4147 1893 4213 vincens,
1924 4164 2087 4218 quam

2190 3208 2289 3262 ἀπ’
2318 3207 2498 3261 αὐτῶν
2544 3206 2733 3278 χρείαν
2769 3205 2966 3258 εἰδέναι
2999 3202 3280 3274 ἐπιμελὲς,
3308 3202 3403 3254 καὶ
3426 3201 3549 3254 ὅσον
3581 3198 3765 3251 πλεῖον

2189 3297 2271 3359 εἰς
2304 3295 2603 3366 χρημάτων
2630 3293 2968 3365 περιουσίαν
3006 3292 3168 3363 μόνον
3197 3292 3305 3362 γὰρ
3338 3290 3520 3359 κτῆμα
3543 3288 3761 3350 ἄσυλον,

2194 3388 2334 3458 μήτε
2368 3385 2545 3457 χρόνῳ
2574 3385 2996 3457 μαραινόμενον,
3030 3384 3127 3437 καὶ
3179 3386 3239 3437 ἐν
3278 3385 3396 3446 ταῖς
3446 3378 3765 3447 ἀπολείψεσι

2188 3481 2304 3542 τοῖς
2338 3477 2646 3542 σπουδαίοις
2674 3476 2764 3531 διὰ
2793 3477 2905 3531 τῶν
2930 3475 3275 3548 γραμμάτων
3303 3474 3612 3545 αὐξόμενον.

2601 3758 2725 3813 1m.
2778 3755 3176 3827 ΔΟΜΕΤΙΑΝῼ
3218 3754 3352 3827 (29).

2262 3872 2457 3928 Καίτοι
2502 3869 2758 3924 τοσοῦτον
2799 3865 3243 3940 προσεμαρτύρει
3271 3865 3338 3934 τῇ
3369 3861 3641 3931 λογιότητι
3664 3878 3765 3913 σου

2189 3964 2260 4019 τὰ
2289 3964 2532 4035 ἡμέτερα
2569 3962 2895 4031 γράμματα,
2937 3960 3061 4012 ὅσον
3094 3959 3127 4029 ἡ
3156 3956 3251 4010 τοῦ
3279 3956 3602 4026 πράγματος
3628 3952 3766 4005 ἐδει-

2193 4056 2281 4123 ξεν
2315 4054 2561 4116 ἐκϐασις.
2606 4051 2775 4121 Ὀμοῦ
2797 4068 2856 4103 τε
2889 4050 2999 4121 γὰρ
3027 4048 3253 4119 ἐφάνης,
3282 4048 3377 4100 καὶ
3401 4043 3760 4117 τροπωσόῳε-

2190 4163 2278 4211 νος
2299 4147 2426 4209 τοὺς
2446 4143 2719 4207 ἐναντίους
2755 4141 3120 4212 ὑπέστρεψας,
3166 4138 3590 4208 ἐπιφανέστερον
3615 4133 3766 4204 νική-

513 4233 728 4291 Pelides
762 4236 908 4305 apud
947 4236 1245 4293 Homerum
1295 4240 1578 4311 Trojanos.
1623 4239 1717 4294 Sin
1755 4250 1940 4295 autem
1981 4238 2082 4294 tuis

2193 4236 2386 4306 σας,”’ῆ
2423 4237 2453 4289 ὁ
2508 4231 2606 4287 τοῦ
2659 4231 2886 4302 Πηλέως
2926 4229 3058 4300 παρ’
3099 4229 3325 4300 Ὁμήρῳ
3362 4228 3492 4290 τοὺς
3541 4223 3766 4295 Τρῶας.

1604 4394 1758 4451 LUD.
1800 4394 1959 4449 ANT.
2000 4390 2383 4449 MURATORlI
2422 4384 2647 4444 ΝΟΤΕ.

585 4501 1044 4583 (εβλιηῄορίειοιιε
1073 4504 1301 4583 εδει)ςάἱο
1319 4505 1387 4559 ad
1421 4505 1619 4561 Iliados
1642 4506 1740 4561 lib.
1769 4522 1843 4572 iv,
1869 4506 1921 4575 ᾗ.
1960 4504 2085 4571 251,
2121 4505 2164 4560 D
2192 4499 2446 4583 Proinde.
2469 4497 2829 4583 conqueritur
2875 4493 3117 4583 ﬁrmus,
3147 4494 3317 4583 quod
3333 4511 3473 4583 non‘
3646 4503 3770 4551 tan-

514 4572 739 4642 respieit
769 4572 1009 4638 Firmus,
1042 4573 1136 4629 ubi
1168 4575 1540 4645 Agamemnon
1575 4594 1589 4629 :

584 4663 693 4737 ρῦς
732 4662 1183 4737 μὲνλσπεύδοντας
1210 4666 1309 4719 ῐδοι
1340 4665 1561 4720 Δαναῶν
1589 4666 1949 4737 ταχυπώλων,

584 4736 725 4798 Τοὺς
759 4734 905 4802 μάλα
930 4735 1270 4806 θαρσύνεσκε
1294 4734 1703 4808 παριστάμενος
1733 4737 2012 4792 ἐπέεσσιν.

584 4823 723 4890 Quos
771 4826 980 4897 quidem
1024 4839 1362 4897 properantes
1404 4828 1611 4882 vidisset
1653 4828 1965 4882 Danaorum
2004 4845 2087 4883 ce-

515 4894 649 4949 leres
689 4894 841 4965 equos
872 4894 1191 4964 habeﬁtium,
1221 4929 1287 4939 ——
1310 4897 1417 4954 Hos
1455 4897 1608 4953 valde
1651 4899 1961 4953 hortabatur
2000 4915 2087 4954 as-

512 4967 697 5019 sistens
729 4965 912 5019 verbis.

513 5035 717 5089 Contra
753 5051 885 5089 vero
911 5036 1251 5091 Eleusinium
1290 5038 1357 5092 ad
1389 5053 1447 5093 se
1482 5036 1673 5092 venire
1718 5048 2088 5104 cunctantem,

514 5105 735 5179 quando
773 5106 1071 5179 aliudﬂgnon
1112 5116 1346 5178 poterat,
1378 5108 1675 5179 sollicitare
1706 5124 1804 5178 per
1833 5109 2092 5179 epistolas

516 5176 880 5260 constituerat
913 5176 1130 5232 Firmus
1175 5186 1384 5241 noster,
1421 5193 1573 5232 suam
1617 5176 2091 5260 eleganti'adagio

518 5246 923 5325 impatientiam
947 5262 1215 5325 excusans
1236 5263 1454 5317 nempe,
1496 5246 1640 5325 quod
1682 5246 1941 5325 a'mantes,
1973 5246 2091 5302 sive

518 5311 1012 5387 desiderentcsuuno
1049 5317 1129 5370 die
1162 5311 1455 5372 senescunt.
1497 5311 1651 5373 lianc
1699 5317 2018 5387 parmmiam
2061 5334 2092 5371 a

520 5373 816 5458 Ibeocrito
864 5384 954 5458 ille
975 5387 1236 5458 Aaccepit,
1278 5388 1437 5458 cujus
1483 5395 1568 5444 est
1617 5373 1814 5443 versus
1857 5388 1914 5442 in
1954 5388 2087 5443 Acta

521 5445 720 5517 (ldyll.,
747 5467 864 5517 xn,,
891 5453 941 5521 ᾖ.
968 5453 1063 5523 2):

523 5537 586 5590 Οἱ
622 5536 679 5590 δὲ
707 5542 993 5608 ποθοῦντες
1019 5545 1079 5599 ἐν
1111 5545 1281 5617 ἄματι
1312 5549 1671 5620 γηράσκουσι.

596 5626 785 5683 Verum
811 5647 936 5697 quos
965 5651 1116 5689 amor
1139 5644 1304 5709 anqit,
1327 5641 1381 5694 in
1409 5659 1518 5697 una
1551 5640 1663 5698 luce
1688 5652 1979 5699 senescunt.

2193 4580 2330 4634 tum,
2354 4567 2448 4625 sed
2484 4577 2628 4624 totos
2663 4583 2837 4622 annos
2877 4567 3218 4620 Eleusinium
3258 4574 3574 4634 exspectare
3606 4581 3769 4634 coga-

2192 4650 2312 4707 tur;
2357 4655 2668 4710 quanquam
2683 4636 3050 4710 “prasteritam
3080 4650 3307 4710 moram
3343 4650 3428 4710 se
3463 4635 3767 4710 oblitururn

2191 4704 2446 4781 spondet,
2475 4704 2625 4781 dum~
2646 4704 3174 4781 aliqu_a_nd0_veniat.
3204 4704 3360 4770 Quod
3453 4705 3767 4781 adhuc__ad-

2189 4774 2418 4835 ventum
2464 4774 2754 4834 distulerit
2781 4776 3116 4839 Eleusinius,
3152 4790 3210 4829 se
3257 4774 3545 4844 promissis
3584 4774 3772 4844 adhuc

2192 4850 2483 4913 nutritum,
2510 4849 2650 4903 fame
2680 4846 2896 4901 tandem
2920 4862 3042 4901 esse
3072 4843 3417 4900 enecandum
3441 4844 3539 4909 ait,
3562 4843 3772 4913 quibus

2192 4920 2379 4976 verbis
2409 4919 2475 4973 ad
2517 4920 2748 4972 alterum
2774 4916 2971 4970 alludit
2995 4916 3268 4985 adagium.

2262 4990 2372 5059 (29)
2406 4989 2464 5043 lu
2491 4987 2813 5059 ms.eodice
2845 4986 3039 5039 titulus
3066 4983 3293 5059 minime
3322 4983 3534 5059 integer
3557 4999 3591 5051 p

2186 5053 2362 5122 nitur,
2391 5072 2517 5113 cum
2563 5056 2676 5110 illic
2720 5065 2932 5112 tantum
2960 5055 3261 5125 scriptum
3294 5054 3366 5108 sit
3403 5061 3595 5121 Δομετ.
3633 5053 3768 5125 Mihi

2189 5127 2500 5206 ᾼομετιανῷ
2522 5126 2823 5206 perspicue
2855 5124 2970 5206 legi
3019 5123 3180 5193 pesse
3212 5124 3528 5206 νίσσεο-ρει,
3559 5123 3772 5206 quippe

2190 5192 2334 5253 inter
2363 5192 2549 5252 sancti
2571 5192 2679 5250 Nili
2726 5192 2988 5264 epistolas
3020 5192 3134 5248 'una
3170 5202 3258 5248 est
3293 5193 3363 5246 ad
3395 5192 3773 5264 Demetianuut

2190 5268 2521 5339 perscripta,
2571 5264 2665 5335 qui
2709 5263 2896 5319 nescio
2945 5280 3013 5339 an
3059 5279 3183 5339 eum
3233 5272 3423 5339 nostro
3464 5263 3772 5339 quidquam

2194 5330 2481 5394 comma-ne
2522 5330 2720 5405 praeter
2751 5350 2950 5405 nomen
2986 5332 3381 5405 liabeat.illuic
3419 5341 3599 5405 autem
3644 5330 3774 5405 illu-

2194 5408 2294 5465 stri
2328 5408 2446 5461 viro
2478 5402 2693 5460 Firmus
2728 5404 3053 5474 gratulatur,
3085 5404 3231 5472 quod
3266 5404 3415 5457 exitu
3453 5402 3777 5474 felicissimo

2195 5494 2325 5533 suos
2366 5475 2665 5545 proﬂigarit
2705 5470 3071 5545 adversarios.
3107 5470 3190 5528 wSe
3232 5489 3451 5545 quoque
3495 5470 3781 5545 profectu-

2199 5564 2315 5603 rum
2340 5542 2458 5599 esse
2483 5542 2548 5598 ad
2582 5545 2734 5601 illum
2762 5544 3075 5616 pollicetur,
3104 5545 3290 5601 nescio
3319 5543 3451 5614 quid
3478 5542 3546 5597 de
3566 5549 3749 5611 mat-ty

2199 5619 2353 5673 ribus
2383 5614 2609 5672 addens.

2196 5630 2353 5674 l‘lDuS
2383 5630 2609 5672 audens.
