4048 6210
505 360 638 420 1511

1610 359 1803 415 FlRMl
1839 354 2307 415 CASAltIENSlS
2345 354 2647 411 EPISCOI’l

3613 353 3778 410 1512

503 489 651 543 nam,
684 473 950 528 bellorum
996 469 1301 537 materiem,
1334 471 1491 543 cujus
1512 473 1927 542 pulchritudine
1960 489 2072 528 non

2186 489 2272 527 ναν
2305 472 2559 542 πολέμων
2600 469 2876 536 ὑπόθεσιν,
2914 466 2980 541 ἦς
3014 466 3107 523 τοῦ
3142 467 3369 534 κάλλους
3401 471 3459 524 ἐν
3503 470 3754 525 ἀπολαύ-

501 566 598 620 diu
631 580 717 620 me
739 565 1040 629 obiectans,
1075 577 1216 633 saepe
1257 578 1379 617 eam
1427 563 1495 617 ad
1536 574 1589 619 te
1628 567 1912 621 remittere
1941 580 2073 619 con-

502 654 679 719 stitui,
713 651 905 708 eadem
929 664 1089 707 utens
1112 653 1530 719 deliberatione,
1560 670 1722 724 quam
1747 656 1968 727 Trojani
2005 654 2073 710 de

502 742 748 813 ejusdem
788 741 1028 796 nominis
1057 741 1260 797 femina
1288 743 1553 798 habuere.
1587 744 1858 814 Equidem
1894 745 1949 799 in
1975 760 2077 815 pu-

502 851 609 906 gna
632 834 1004 900 diuturniore,
1031 850 1194 904 quam
1225 849 1347 903 qua:
1378 834 1447 889 ab
1469 834 1603 903 ipsis
1630 844 1785 905 gesta
1822 844 1930 899 est,
1969 836 2078 890 huc

505 942 680 996 usque
722 929 1069 997 perseveravi
1100 946 1114 981 :
1147 928 1372 999 quidam
1404 929 1586 993 enim,
1624 943 1750 982 cum
1783 928 1925 983 hanc
1958 929 2078 997 pul-

502 1018 874 1073 chritudinem
898 1028 1197 1088 expeteret,
1221 1020 1527 1077 molestiam
1550 1020 1685 1073 mihi
1715 1029 1771 1074 et
1794 1020 2077 1090 negotium

503 1108 778 1174 exhibuit,
812 1110 993 1165 nullas
1016 1109 1072 1164 in
1111 1111 1348 1180 petendo
1385 1110 1568 1165 ferens
1598 1110 1869 1176 inducias,
1899 1125 2078 1179 neque

506 1199 732 1255 brevem
792 1200 1255 1257 intermissionem
1298 1201 1435 1256 dans
1480 1216 1676 1272 pugnae
1718 1219 1730 1254 :
1764 1210 1916 1257 tanto
1949 1217 2078 1273 erga

506 1290 653 1345 illam
685 1291 918 1361 quisque
954 1292 1352 1347 incendebatur
1382 1306 1588 1346 amore.
1624 1292 1734 1346 Nec
1766 1292 2075 1347 immerito:

504 1381 601 1449 qui
642 1382 791 1435 enim
833 1398 941 1436 non
975 1382 1120 1451 capti
1158 1382 1394 1437 fuissent
1439 1381 1510 1435 ab
1562 1381 1724 1451 hujus
1770 1382 2079 1451 pulchritu-

504 1472 653 1537 dine,
684 1488 805 1541 quze
838 1473 1008 1526 forma
1050 1474 1186 1527 adeo
1225 1481 1465 1542 praastat,
1501 1472 1804 1543 habituque
1832 1473 2081 1541 corporis

504 1572 562 1616 et
585 1564 786 1631 pedum
816 1563 1142 1632 pernicitate
1166 1572 1417 1627 ornatur,
1449 1571 1509 1616 ut
1552 1578 1658 1617 una
1688 1563 1845 1617 ruina
1890 1578 2082 1618 omnes

506 1655 708 1726 ubique
738 1657 951 1726 lepores
973 1656 1347 1719 conciderent,
1377 1655 1634 1710 timentes
1664 1670 1729 1709 ac
1757 1663 2078 1721 trementes,

506 1748 722 1819 quoties
751 1748 963 1803 Helenae
988 1749 1249 1802 adversus
1276 1748 1421 1817 ipsos
1444 1747 1851 1818 expeditionem
1874 1748 2083 1802 audiis—

2178 580 2261 616 σει
2288 562 2525 632 γεγονὼς
2559 560 2787 634 βραχείᾳ
2822 562 2904 624 είς
2932 560 3033 623 τὰς
3072 559 3173 624 σάς
3200 560 3461 624 πολλάκις
3494 561 3776 632 ἀναπέμο

2176 670 2301 706 πειν
2342 652 2577 723 ὥρμησα
2624 654 2844 723 χεῖρας,
2888 647 2976 703 οἷα
3018 651 3081 722 δὴ
3117 651 3306 722 Τρῶες
3358 651 3779 705 ἐϐουλεύσαπο

2178 738 2305 808 περὶ
2331 738 2431 807 τῆς
2457 737 2771 808 ὁμωνύμου.
2819 736 2963 806 Ἐγὼ
3004 738 3104 808 μὲν
3136 739 3473 809 μακρότερον
3507 740 3777 808 πόλεμον

2178 825 2210 895 ἢ
2250 825 2369 879 κατ’
2407 827 2604 889 αὐτοὺς
2653 827 3061 897 πολεμούμενος
3100 829 3263 901 μέχρι
3313 828 3407 884 νῦν
3445 830 3776 883 διετέλεσα.

2178 912 2276 977 Τὶς
2311 917 2417 986 γὰρ
2450 917 2509 968 ὲν
2538 917 2722 986 ἐφέσει
2754 918 2851 985 τῆς
2889 917 3091 989 ταύτης
3138 918 3471 989 ώραιότητος
3508 920 3777 989 γεγονὼς

2179 1007 2239 1071 ὃς
2269 1008 2346 1079 (α)
2370 1008 2571 1074 κόπους
2595 1011 2719 1081 ἐμοὶ
2745 1012 2989 1082 παρέσχε
3018 1014 3110 1066 καὶ
3136 1014 3461 1084 πράγματα,
3490 1017 3775 1086 οὐδεμίαν

2180 1100 2489 1170 ἐκεχειρίαν
2529 1102 2946 1173 ἀσπαζόμενος,
2993 1104 3115 1157 οὐδὲ
3157 1104 3415 1176 βραχεῖαν
3456 1108 3774 1177 ἀνακωχὶνι

2178 1190 2353 1252 διδοὺς
2383 1192 2459 1260 τῷ
2489 1192 2706 1262 πολέμῳ
2726 1209 2741 1222 ·
2772 1194 3024 1257 τοσοῦτος
3062 1191 3129 1265 ἦν
3162 1197 3190 1248 ὁ
3221 1189 3424 1261 τὲἀντας
3458 1199 3542 1250 ἐπ’
3576 1200 3774 1271 αὐτὴν

2180 1285 2345 1339 κινῶν
2374 1285 2573 1356 θερμὸς
2602 1286 2759 1357 ἔρως.
2791 1286 3045 1351 Εἰκότως.
3083 1288 3149 1342 Τί
3178 1289 3233 1343 δὲ
3260 1291 3359 1342 οὐκ
3388 1290 3613 1360 ἔμελλον
3645 1292 3769 1342 τῶν

2179 1373 2383 1443 ταύτης
2418 1374 2678 1443 ἡττᾶσθαι
2714 1374 2915 1441 καλῶν,
2960 1376 3078 1448 ὥρᾳ
3113 1377 3362 1447 σώματος
3413 1380 3721 1450 εύεχούσης
3745 1423 3766 1443 ,

2184 1462 2385 1531 σχέσει,
2421 1465 2514 1517 καὶ
2540 1466 2809 1537 ποδωκείᾳ
2837 1462 2895 1519 εὖ
2935 1468 3078 1537 μάλα
3110 1470 3510 1540 κοσμουμένης,
3542 1471 3622 1534 ὡς
3656 1475 3770 1543 μιᾷ

2182 1554 2385 1608 πτώσει
2435 1558 2757 1627 κατέχεσθαι
2810 1561 3016 1624 πάντας
3059 1562 3184 1625 τοὺς
3226 1564 3474 1632 πανταχῆ
3527 1565 3772 1630 πτῶκας

2182 1644 2489 1712 δεδοικότας
2514 1687 2529 1710 ,
2561 1650 2654 1702 καὶ
2683 1650 2983 1721 τρέμοντας
3004 1692 3019 1714 ,
3065 1653 3251 1716 ὁσάκις
3281 1654 3347 1707 ἂν
3402 1654 3622 1725 Ἑλένης
3658 1657 3770 1725 τὴν

2185 1737 2305 1790 κατ’
2356 1738 2534 1795 αὐτῶν
2592 1743 2881 1812 στρατείαν
2931 1743 3241 1808 πύθωνται;
3289 1745 3492 1797 Τούτου
3553 1746 3610 1798 δὲ
3663 1747 3766 1798 τοῦ

508 1840 672 1892 sent?
707 1839 820 1893 l’Ioc
863 1847 1045 1892 autem
1087 1846 1233 1893 metu
1264 1838 1384 1892 illos
1408 1839 1502 1909 qui
1532 1839 1676 1908 apud
1710 1854 1810 1893 nos
1842 1839 1897 1893 in
1929 1854 2084 1893 mon-

2186 1827 2335 1891 δέους
2359 1830 2644 1901 ἀπήλλαξα
2671 1833 2795 1896 τοὺς
2822 1833 2948 1903 παρ’
2974 1836 3107 1904 ἡμῖν
3133 1835 3189 1887 ἐν
3215 1837 3327 1897 τοῖς
3357 1835 3505 1905 ὄρεσι
3545 1837 3769 1905 διαγον-

508 1930 656 1983 tibus
684 1929 908 1999 degunt,
933 1929 1185 1993 liberavi,
1219 1928 1264 1982 si
1291 1929 1417 1997 quis
1458 1929 1689 1983 fortasse
1715 1938 1964 1998 superest
1987 1929 2083 1999 qui

509 2019 727 2073 latendo
756 2020 917 2089 hujus
938 2019 1278 2073 celeritatem
1305 2019 1548 2089 effugere
1582 2019 1846 2089 potuerit.
1878 2019 1960 2073 Tu
1985 2020 2086 2089 igi-

511 2120 620 2174 tur,
673 2109 823 2163 omni
863 2126 930 2163 ex
970 2117 1124 2179 parte
1170 2108 1256 2162 vir
1307 2108 1694 2179 integerrime,
1755 2110 1883 2164 totis
1950 2110 2083 2164 viri-

509 2197 613 2257 bus
646 2200 788 2252 hanc
820 2199 1093 2254 demirare
1115 2216 1127 2252 :
1150 2198 1345 2268 exigua
1379 2199 1548 2264 enim,
1576 2208 1636 2263 ut
1670 2200 1932 2269 arbitrer,
1967 2201 2087 2260 laus

509 2290 688 2343 omnis
717 2290 843 2353 erit,
874 2304 1189 2359 quanquam
1216 2289 1271 2344 in
1304 2306 1426 2346 eam
1473 2302 1647 2347 totum
1679 2293 1936 2348 intendas
1969 2295 2087 2349 ani-

510 2395 682 2445 mum,
736 2379 782 2435 si
837 2380 1062 2450 quidem
1118 2395 1243 2436 cum
1288 2384 1408 2453 ejus
1453 2392 1803 2455 comparetur
1845 2384 2085 2440 dotibus.

509 2470 695 2525 Lauda
737 2481 922 2526 autem
949 2472 1171 2542 eloquio
1207 2488 1333 2528 eum
1366 2474 1459 2543 qui
1495 2474 1663 2539 misit,
1703 2475 1925 2541 blando,
1956 2476 2089 2535 sim-

510 2563 663 2633 plici,
697 2563 964 2628 laconico,
1002 2565 1228 2619 conciso
1260 2573 1316 2621 et
1350 2566 1499 2621 claro
1531 2584 1543 2621 :
1574 2582 1694 2637 quae
1734 2583 1821 2622 res
1852 2568 2089 2624 maxime

510 2656 824 2710 orationum
862 2656 1330 2726 pulchritudinem
1378 2656 1594 2715 cllicere
1632 2659 1832 2714 solent.
1887 2660 2090 2715 Verum

512 2747 701 2813 timeo,
732 2764 801 2803 ne
839 2748 1055 2819 lepores
1090 2749 1233 2804 hanc
1273 2748 1468 2804 adesse
1506 2751 1619 2821 jam
1661 2752 1981 2815 sentientes,
2008 2751 2093 2806 fu-

511 2854 633 2911 gam
686 2848 1022 2910 capessant:
1066 2854 1289 2911 sagaces
1339 2841 1488 2895 enim
1536 2856 1661 2895 cum
1708 2842 1840 2907 sint,
1882 2843 2093 2899 malitia

510 2929 914 3001 quodammodo
936 2929 1017 2985 uti
1045 2939 1438 2996 consuescunt,
1478 2940 1536 2987 et
1575 2946 1644 2986 ex
1680 2941 1973 2987 ventorum
1997 2949 2094 2988 au-

513 3020 591 3076 ris
625 3036 723 3090 per
758 3036 887 3075 suos
930 3034 1125 3075 sensus
1147 3035 1590 3091 praecognoscere
1617 3030 1854 3077 structas
1890 3024 1995 3078 sibi
2022 3024 2091 3079 ab

513 3109 790 3179 aliquibus
816 3109 1060 3163 insidias.
1102 3108 1182 3162 Ne
1214 3109 1322 3164 hoc
1347 3109 1512 3180 igitur
1540 3110 1781 3175 eveniat,
1818 3126 1957 3167 neve
1983 3112 2091 3167 illis

513 3212 583 3252 ex
605 3197 880 3252 sententia
915 3198 1176 3253 succedat
1213 3206 1464 3264 conatus,
1500 3208 1716 3269 tempus
1742 3208 1846 3266 est,
1870 3209 1929 3255 ut
1950 3203 2094 3258 cele-

515 3293 631 3348 rior
660 3307 852 3347 eorum
887 3293 1297 3363 exspectatione
1342 3292 1400 3346 in
1430 3293 1555 3349 illos
1578 3294 1800 3364 eruptio
1841 3296 1934 3351 fiat
1974 3296 2095 3353 :sic

510 3384 659 3439 enim
700 3382 836 3437 mihi
867 3390 1124 3453 tanquam
1162 3382 1298 3438 tanti
1347 3382 1503 3437 exitii
1542 3384 1752 3438 auctori
1784 3384 2093 3440 convicium

514 3474 744 3540 facient;
773 3482 824 3529 te
850 3490 1004 3538 vero,
1029 3474 1233 3544 quippe
1257 3474 1351 3544 qui
1385 3488 1501 3529 rem
1524 3473 1665 3530 adeo
1691 3475 1945 3530 eximiam
1969 3491 2095 3547 pos-

515 3564 717 3630 sideas,
745 3564 1120 3620 mirabuntur.
1430 3570 1443 3579 '

1070 3700 1254 3756 XLIV.
1281 3694 1515 3754 EIDEM.

584 3813 825 3868 Venusta
862 3828 1014 3880 sane,
1052 3813 1305 3884 elegans,
1340 3813 1727 3883 eharitumque
1769 3815 1930 3883 plena
1972 3813 2091 3883 epi-

513 3903 671 3957 stola.
728 3901 877 3956 lllam
913 3902 1145 3958 forsitan
1196 3903 1316 3972 ipsa
1361 3917 1610 3957 amorum
1659 3910 1835 3957 mater
1883 3902 2087 3957 variam

514 3992 798 4046 nominum
828 3992 1228 4063 compositione
1252 4007 1316 4046 ac
1334 3992 1593 4047 sensibus
1622 3998 1876 4045 ornatam
1902 3990 2090 4045 elabo—

516 4081 678 4137 ravit.
701 4081 917 4136 Etenim
941 4098 1066 4136 cum
1088 4096 1119 4136 a
1141 4082 1428 4137 nominum
1447 4080 1805 4137 similitudine
1834 4097 1864 4134 a
1890 4081 2086 4150 patria,

514 4181 679 4242 atque
727 4188 759 4226 a
810 4172 1017 4228 femina
1069 4189 1190 4243 quae
1243 4173 1448 4227 bellum
1484 4172 1800 4235 concitavit,
1856 4188 2089 4241 qumque

513 4272 739 4334 propter
778 4263 1011 4319 formam
1042 4279 1107 4319 ac
1155 4272 1501 4319 venustatem
1549 4264 1822 4319 celebrata
1855 4272 1960 4327 est,
1987 4263 2089 4318 du-

514 4358 665 4405 ctum
687 4352 757 4406 sit
787 4351 1099 4407 encomium
1129 4351 1469 4420 cineripedi:
1504 4352 1628 4421 quis
1651 4352 1770 4422 ejus
1803 4360 2084 4405 auctorem

516 4455 625 4495 non
653 4441 997 4496 admiretur?
1026 4434 1227 4495 Verum
1259 4440 1402 4494 inter
1421 4441 1616 4495 heroes
1642 4450 1694 4495 te
1720 4441 1896 4510 ipsum
1919 4440 2082 4495 etiam

515 4531 916 4585 numerandum
965 4529 1125 4584 nobis
1173 4528 1499 4594 exhibuisti,
1549 4537 1701 4583 tanto
1738 4529 1844 4583 illis
1887 4530 2085 4586 robore

517 4631 802 4693 praestans,
839 4632 1047 4691 quanto
1099 4619 1277 4690 magis
1314 4620 1523 4675 eisdem
1563 4621 1787 4674 fortium
1840 4620 2086 4676 virorum

516 4712 845 4784 suppetebat
878 4710 1034 4781 copia
1055 4750 1069 4776 ,
1120 4723 1245 4763 cum
1279 4707 1347 4763 ad
1382 4725 1614 4781 pugnam
1664 4709 1810 4764 acies
1846 4709 2087 4779 integras

2187 1937 2320 1983 τας,
2357 1919 2411 1973 εἴ
2443 1939 2526 1985 τις
2571 1922 2678 1992 ἄρα
2727 1941 2830 1976 που
2870 1924 2965 1977 καὶ
3012 1924 3412 1995 περιλέλειπται
3456 1928 3535 1997 τῷ
3571 1928 3768 1983 λαθεῖν

2188 2010 2413 2079 ἰσχύσας
2439 2011 2719 2083 διαδρᾶναι
2751 2015 2846 2084 τὴν
2875 2013 3078 2085 ταύτης
3109 2016 3404 2087 ταχύτητα.
3436 2018 3505 2070 Σὺ
3533 2019 3613 2083 δὲ,
3647 2024 3767 2085 τοῖς

2187 2101 2375 2167 πᾶσιν,
2399 2104 2680 2169 ὁσιώτατε,
2712 2105 2958 2174 θαύμαζε
2987 2108 3083 2178 μὲν
3110 2108 3314 2178 ταύτην
3346 2110 3468 2161 ὅσον
3496 2110 3645 2179 ἔχεις
3674 2113 3769 2165 δυ-

2186 2194 2422 2266 νάμεως·
2449 2195 2642 2267 μικρὸς
2675 2196 2801 2268 γὰρ,
2827 2193 2997 2268 οἶμαι,
3032 2200 3125 2253 καὶ
3144 2201 3173 2253 ὁ
3203 2200 3367 2252 παντὶ
3400 2200 3578 2253 σθένει
3607 2204 3765 2270 γινό-

2192 2303 2352 2357 μενος
2403 2285 2661 2351 ἑπαινος,
2714 2289 2765 2341 εἴ
2810 2306 2873 2357 γε
2942 2293 3053 2354 τοῖς
3099 2290 3303 2361 ταύτης
3357 2291 3769 2357 ἀντεξετάζοιτο

2189 2378 2390 2443 καλοῖς.
2446 2380 2686 2434 Ἐπαίνει
2716 2379 2773 2433 δὲ
2803 2380 2914 2452 (58)
2950 2380 3167 2454 γλώττῃ
3207 2382 3299 2435 τὸν
3342 2384 3635 2453 πέμψαντα
3672 2388 3767 2439 καὶ

2187 2473 2255 2541 τῇ
2281 2472 2597 2543 προσφιλεῖ,
2633 2476 2698 2544 τῇ
2740 2473 3039 2545 ἀπερίττῳ,
3077 2476 3144 2545 τῇ
3178 2476 3504 2546 Λακωνικῇ,
3537 2480 3600 2546 τῇ
3637 2494 3767 2530 συν-

2187 2560 2338 2633 τόμῳ
2362 2562 2455 2614 καὶ
2483 2565 2663 2632 σαφεῖ,
2689 2561 2717 2615 ὁ
2742 2562 2976 2632 μάλιστα
2999 2564 3170 2633 λόγων
3198 2562 3391 2628 καλλος
3412 2563 3759 2637 δημιουργεῖν

2190 2649 2449 2717 πέφυκεν.
2503 2649 2664 2704 Ἀλλά
2693 2651 2905 2704 δέδοικα
2953 2652 3028 2723 μή
3082 2670 3198 2717 πως
3230 2652 3484 2724 αἴσθησις
3512 2656 3610 2725 ἠδη
3647 2653 3758 2727 τῆς

2190 2740 2391 2812 ταύτης
2413 2744 2712 2813 παρουσίας
2730 2747 2841 2809 τοῖς
2863 2746 2991 2815 παρ’
3019 2745 3149 2816 ὑμῖν
3172 2747 3406 2815 λαγωοῖς
3436 2750 3763 2821 ἐγγινομένη

2190 2833 2367 2905 τρέψῃ
2403 2834 2633 2899 τούτους
2677 2836 2813 2907 πρὸς
2858 2836 3066 2907 φυγήν·
3104 2841 3431 2909 κακουργεῖν
3458 2840 3565 2910 γὰρ
3610 2841 3765 2903 ὄντες

2194 2924 2348 2992 σοφοὶ
2366 2966 2383 2991 ,
2429 2925 2653 2981 εἰώθασί
2689 2944 2807 2990 πως
2848 2929 2943 2981 καὶ
2968 2932 3089 2992 ταῖς
3114 2929 3173 2995 ἐξ
3201 2931 3416 3001 ἀνέμων
3449 2930 3649 3000 αὔραις
3674 2932 3765 2986 διὰ

2191 3013 2300 3070 τῶν
2325 3018 2542 3072 οἰκείων
2570 3021 2873 3092 αἰσθήσεων
2904 3022 3003 3085 τὰς
3027 3023 3179 3092 ποιρά
3206 3040 3371 3075 τινων
3393 3024 3579 3087 αὐτοῖς
3608 3024 3767 3095 μελε-

2194 3108 2445 3179 τωμὲνας
2460 3110 2748 3178 γινώσκειν
2773 3112 3082 3176 ἐπιϐουλάς.
3101 3115 3199 3169 Ἴν⁹
3222 3109 3315 3168 οὖν
3334 3114 3407 3186 μὴ
3421 3114 3578 3168 τοῦτο
3602 3116 3766 3187 γένη-

2193 3218 2304 3268 ται,
2335 3203 2468 3273 μηδὲ
2498 3204 2712 3267 τούτοις
2765 3205 2901 3276 ὲκὸᾗ
2938 3205 3077 3259 κατά
3116 3205 3319 3259 σκοπὸν
3343 3208 3405 3260 τὸ
3428 3207 3760 3278 ἐγχείρημα,

2193 3289 2314 3361 ὥρα
2340 3294 2646 3362 ταχυτέραν
2683 3295 2783 3365 τῆς
2806 3294 2986 3358 αὐτῶν
3024 3296 3351 3367 προσδοκίας
3378 3297 3478 3368 τὴν
3506 3298 3627 3350 κατ’
3658 3299 3760 3350 αὖ·

2193 3382 2300 3436 τῶν
2321 3382 2495 3449 ἔξοδον
2513 3385 2784 3451 γενέσθαιο
2812 3385 2954 3439 οὕτω
2978 3386 3084 3459 γὰρ
3108 3387 3208 3458 ἐμὲ
3236 3389 3333 3458 μὲν
3354 3389 3764 3459 λοιδορήσονται

2191 3474 2283 3527 τὸν
2314 3475 2392 3538 ὡς
2431 3476 2695 3546 τοσαύτης
2737 3478 2917 3541 αὐτοῖς
2955 3477 3134 3550 λύμης
3159 3480 3321 3532 αἴτιον
3343 3480 3655 3550 γινόμενον,
3700 3482 3765 3533 σὲ

2191 3564 2249 3616 δὲ
2279 3564 2654 3635 θαυμάσονται
2682 3562 2769 3622 οἵα
2798 3569 2862 3640 δὴ
2888 3570 3131 3623 τοιούτου
3151 3568 3413 3640 κτήματος
3440 3570 3656 3640 κύριον.

2647 3681 2777 3736 MA'.
2821 3682 2907 3754 re
2944 3683 3128 3755 ΑΥΤῼ
3166 3680 3290 3756 (39).

2274 3789 2661 3861 Ἐπαφρόδιτος
2711 3792 2927 3863 ἀληθῶς
2973 3797 3006 3865 ἠ
3055 3794 3345 3866 ἐπιστολὴ,
3387 3792 3483 3848 καὶ
3520 3794 3755 3866 χαρίτων

2193 3881 2389 3952 μεστὴ,
2418 3882 2587 3951 αὐτῆς
2617 3882 2757 3952 τάχα
2788 3884 2885 3955 τῆς
2910 3884 3016 3937 τῶν
3046 3884 3268 3956 ἐρώτων
3298 3884 3503 3956 μητρὸς
3527 3886 3762 3955 ἐργασα-

2193 3972 2361 4044 μένης
2410 3974 2579 4043 αὐτὴν
2612 3975 2862 4046 ποικίλην
2902 3979 2969 4048 τῇ
3018 3978 3129 4029 τῶν
3174 3976 3456 4046 ὀνομάτων
3486 3975 3756 4048 συνθήκῃ,

2190 4067 2285 4119 καὶ
2318 4070 2429 4131 τοῖς
2461 4070 2716 4139 νοήμασι.
2754 4069 2827 4122 Τὸ
2859 4069 2969 4141 γὰρ
3000 4068 3111 4137 ἀπὸ,
3142 4070 3466 4140 ὁμωνυμίας
3485 4110 3500 4132 ,
3538 4070 3630 4123 καὶ
3658 4088 3759 4122 πα-

2186 4157 2400 4227 τρίδος,
2448 4160 2542 4212 καὶ
2592 4161 2970 4231 περιμαχήτου
3026 4161 3283 4229 γυναικὸς
3328 4163 3407 4225 είς
3448 4161 3617 4232 ὤραν,
3668 4160 3763 4213 καὶ

2188 4250 2383 4314 κάλλος
2431 4250 2808 4322 βεϐοημένης,
2857 4252 3125 4307 συνθεῖναι
3172 4252 3394 4306 ἔπαινον
3435 4255 3500 4323 τῇ
3551 4252 3762 4305 κονίπο-

2187 4343 2237 4396 δι
2269 4343 2403 4412 (ὁθ),
2431 4343 2513 4406 τίς
2542 4345 2642 4397 οὐκ
2673 4344 2738 4397 ἂν
2771 4344 3035 4416 ἀγασθείη
3065 4345 3157 4399 τὸν
3185 4346 3620 4415 τεχνησάμενον;
3647 4344 3763 4397 ἀλλ’

2188 4436 2268 4488 ὁτι
2300 4434 2394 4488 καὶ
2416 4433 2610 4486 σαυτὸν
2632 4435 2765 4504 ἡμῖν
2799 4433 3035 4497 δέδωκας
3056 4436 3113 4487 ὲν
3132 4438 3243 4497 τοῖς
3262 4435 3469 4504 ἥρωσιν
3489 4435 3760 4505 ἀριθμεῖν,

2194 4524 2445 4578 τοσοῦτον
2491 4524 2715 4578 ἐκείνων
2753 4524 2913 4598 ῥώμῃ
2948 4527 3253 4597 κρατήσας,
3290 4528 3414 4580 ὅσον
3447 4526 3545 4597 μὲν
3578 4528 3764 4589 αὐτοῖς

2195 4616 2392 4686 περιῆν
2419 4616 2689 4687 ἀριστέων
2717 4617 2941 4687 πλῆθος,
2970 4619 3065 4672 καὶ
3092 4619 3320 4689 στρατὸν
3350 4619 3468 4672 ὅλον
3498 4618 3631 4689 πρὸς
3663 4619 3765 4688 τὴν

2197 4707 2376 4778 μάχην
2400 4709 2626 4779 ἐγεῖραι.
2652 4708 2821 4773 Αὐτὸς
2844 4708 2903 4762 δὲ
2925 4709 3163 4781 ἡρκεσας
3199 4710 3296 4781 τὴν
3336 4709 3536 4763 σαυτοῦ
3572 4708 3766 4780 ῥώμην

1616 4862 1771 4919 LUD.
1818 4864 1973 4918 ΑΝΤ.
2019 4862 2402 4920 MURATORII
2439 4863 2667 4920 ΝΟΤᾸΕ.

586 5008 695 5081 (58)
728 5004 966 5081 Ἐπαίνει
996 5004 1072 5069 δέ,
1102 5014 1231 5081 etc,
1250 5005 1433 5058 Lauda
1460 5013 1652 5081 autem,
1679 5004 1810 5081 ct_c.]
1836 5004 1949 5081 lloc
1973 5006 2089 5059 vult

515 5073 699 5134 dicere
748 5077 1000 5131 :llelena
1044 5075 1268 5128 minime
1308 5087 1408 5143 pro
1458 5073 1669 5127 meritis
1724 5073 1935 5128 laudari
1990 5091 2086 5143 po-

516 5158 638 5210 test,
690 5160 923 5214 namque
963 5146 1081 5215 ejus
1118 5144 1340 5199 dotibus
1375 5143 1462 5215 vix
1506 5160 1605 5213 par
1644 5144 1927 5215 invenitur
1964 5160 2085 5198 ora-

514 5218 611 5271 tio.
634 5216 819 5270 Lauda
837 5213 1023 5285 igitur
1051 5230 1177 5285 eum
1203 5215 1298 5284 qui
1331 5213 1621 5285 misit,_c_tc.
1644 5213 1747 5267 Pro
1763 5213 2082 5283 διακωνικῇ,

516 5288 657 5356 quod
680 5294 797 5339 erat
814 5287 867 5339 in
883 5282 996 5356 'ms.
1011 5284 1143 5356 mihi
1157 5282 1445 5353 legendum
1468 5282 1757 5356 videbatur
1771 5282 2081 5356 [taxos/Latii.

586 5356 894 5425 ('59)Hujus
914 5354 1157 5425 epistola:
1191 5352 1472 5425 auctorem
1501 5353 1693 5425 titulus
1716 5352 1940 5425 quidem
1968 5352 2083 5425 Fir—

515 5422 663 5476 mum
698 5422 863 5489 facit;
900 5422 995 5477 sed
1034 5437 1154 5477 eam
1186 5438 1306 5477 esse
1332 5422 1553 5477 Inachio
1588 5422 1957 5486 tribuendam,
2000 5422 2082 5475 fa-

513 5493 616 5547 cile
652 5492 959 5561 cuicunque
991 5493 1216 5560 patebit.
1251 5492 1577 5561 Responsio,
1620 5491 1862 5561 inquam,
1898 5502 1983 5545 est
2016 5491 2083 5546 ad

516 5560 932 5633 praecedentem.
956 5562 1228 5633 Inachius,
1248 5570 1305 5633 et
1329 5560 1444 5633 ipse
1467 5561 1536 5615 ad
1558 5560 1819 5615 Helenam
1840 5562 2083 5633 Graecam

519 5630 826 5698 bellumque
866 5630 1159 5698 Trojanum
1213 5630 1484 5693 alludens,
1522 5646 1713 5686 canem
1749 5630 2084 5686 venatoriam

518 5703 579 5755 ml
610 5716 667 5755 se
696 5700 936 5760 missam,
969 5697 1238 5767 Simulque
1267 5700 1510 5755 Firmum
1541 5701 1848 5754 mittentem
1879 5702 2081 5754 laudat.

519 5773 655 5827 Hinc
680 5770 842 5827 etiam
876 5768 1087 5825 discere
1107 5769 1243 5825 mihi
1280 5768 1491 5837 videor,
1529 5770 1811 5829 Inachium
1830 5785 1876 5825 'a
1904 5770 2087 5827 Firmo

2187 5016 2379 5061 nostro
2413 5007 2726 5077 accipitrem
2754 5017 2911 5062 antea
2934 5007 3230 5077 accepisse,
3252 5024 3363 5077 quo
3396 5024 3455 5063 se
3486 5009 3540 5063 in
3569 5010 3763 5066 avibus

2188 5076 2470 5147 capiendis
2527 5076 2848 5133 eblectaret.
2905 5076 3201 5147 Propterea
3249 5076 3466 5147 inquit:
3508 5079 3758 5133 Nondum

2188 5144 2389 5217 l_lelc_na
2433 5147 2500 5217 ad
2548 5162 2634 5200 me
2672 5148 2935 5216 profecta,
2968 5144 3087 5202 eam
3133 5144 3394 5217 accipiter
3437 5158 3564 5202 tuus
3587 5149 3759 5203 confi-

2186 5214 2425 5288 dentiam
2442 5214 3014 5288 leporibusattulerat,
3050 5226 3110 5271 ut
3131 5214 3387 5288 tanquam
3413 5235 3524 5273 sua:
3549 5229 3760 5274 natura:

2186 5283 2534 5339 immemores
2557 5286 2714 5340 nobis
2736 5287 3083 5341 insultarent.
3161 5294 3188 5316 '

2259 5354 2367 5427 (40)
2390 5356 2697 5427 ΔΚονίποδι.
2730 5357 2789 5409 1η
2810 5372 2911 5410 ms.
2941 5357 3127 5411 codice
3154 5357 3417 5427 scriptum
3454 5369 3539 5412 est
3585 5358 3754 5410 κονὼ-

2183 5424 2317 5497 πι-δι,
2350 5424 2611 5497 vitiosum
2640 5426 2799 5495 plane
2818 5427 3064 5480 verbum.
3092 5424 3282 5497 Itaque
3337 5428 3574 5480 κονίποδε
3630 5427 3757 5481 sub.

2183 5493 2413 5566 stituere
2439 5493 2661 5566 placuit,
2693 5513 2798 5566 qua
2831 5512 2961 5550 voce
2992 5498 3145 5550 canis
3180 5493 3329 5566 pedes
3365 5499 3633 5551 (inci-icio:
3661 5499 3759 5550 Ita-

2185 5562 2307 5637 bcns
2340 5562 2788 5637 significatur._'Id
2831 5582 2896 5619 ex
2924 5562 3284 5637 sequentibus
3328 5583 3546 5637 quoque
3573 5567 3759 5621 verbis

2185 5634 2497 5708 colligitur;
2539 5635 2777 5705 appellat
2803 5638 2950 5690 enim
2982 5634 3237 5708 Inachius
3294 5634 3556 5691 Helenam
3582 5638 3758 5708 ἀργυ-

2189 5702 2453 5777 ρόπεζαν,
2483 5702 2587 5777 hoc
2610 5702 2714 5767 est,
2736 5717 3009 5777 argenteos
3039 5707 3189 5777 pedes
3213 5708 3507 5763 habentem.

2253 5771 2322 5834 (α)
2362 5774 2638 5826 Delendum
2664 5771 2860 5825 videtur
2886 5785 2947 5831 ις.
