4014 6354
259 364 1569 397 ΕΜ

1575 365 1968 373 ——._.——._—.——_

1983 362 3561 392 Μ

1115 381 1869 392 —.—_———'—.—...—.———.——_.
1879 379 2532 388 ——.-———_———-——————————
2545 379 2778 386 “*—

699 531 1376 647 SANCTI
1451 529 2362 645 cannons:
2434 525 3128 694 manus,

1579 717 1824 770 nouam
1859 718 2244 781 PONTIFICIS,

343 865 379 905 ³
454 860 1317 1008 ΒΕΟΠΙΛΕ
1430 861 1888 1006 PAS']

1983 858 2688 1010 DRALIS
2819 857 3462 1026 LIBER,

490 1101 639 1189 AD
691 1102 1265 1188 JOANNEM
1317 1099 2004 1186 EPISCOPUM
2061 1096 2652 1184 CIVITATIS
2719 1093 3340 1182 RAVENN/E.

1395 1389 1924 1499 PRIMA
1993 1390 2458 1511 PARS.

264 1721 311 1789 ι
348 1711 770 1770 Reuerentissimo
799 1717 850 1762 et
893 1707 1216 1789 sanctissimo
1267 1706 1417 1789 fratri
1459 1703 1657 1759 ἐσαιιηί
1701 1702 1868 1774 coepi-
1900 1708 1945 1767 Α
1976 1701 2165 1757 ctrina:
2195 1714 2375 1756 arcem
2405 1708 2592 1756 tentare
2615 1711 2889 1769 appetunt,
2923 1714 2953 1756 a
2982 1701 3423 1771 pmeipitationls
3447 1722 3558 1764 suat

782 1795 963 1848 scopo,
994 1774 1275 1850 Gregorius
1297 1774 1348 1832 δ.

337 1897 627 1954 Pastoralis
655 1909 802 1950 cura:
851 1907 938 1946 me
985 1891 1222 1962 pondera
1259 1889 1444 1959 lugere
1493 1886 1862 1942 delitescendn

265 1992 525 2055 voluisse,
550 1989 801 2058 benigna,
835 1985 1004 2039 frater
1030 1981 1330 2047 carissime,
1378 1991 1540 2050 atque
1573 1981 1756 2036 humili
1782 1982 1864 2034 in-

269 2081 517 2137 tentione
541 2076 1072 2147 reprehendisz‘qua:
1113 2089 1183 2129 ne
1211 2073 1531 2142 quibusdam
1563 2071 1698 2127 levia
1742 2087 1866 2128 esse

269 2172 570 2236 videantur,
604 2168 888 2240 prasentis
920 2166 1039 2221 libri
1090 2165 1238 2235 ston
1283 2164 1530 2230 exprime
1558 2163 1631 2218 de
1674 2176 1864 2218 eorum

269 2262 562 2333 gravedine
608 2274 769 2315 omne
799 2257 941 2328 quod
992 2269 1187 2326 penso,
1222 2263 1279 2309 tit
1307 2261 1363 2309 et
1413 2253 1527 2308 haec
1557 2253 1645 2323 qui
1680 2262 1860 2322 racat,

270 2355 480 2408 incaute
505 2366 612 2406 non
639 2357 887 2416 espetat;
909 2357 965 2402 et
995 2347 1085 2416 qui
1112 2345 1322 2401 incaute
1343 2344 1584 2414 expetiit.
1613 2345 1862 2415 adeptum

270 2460 330 2501 se
375 2460 494 2500 esse
545 2442 908 2514 pertimescat.
943 2450 964 2478 ε
1005 2438 1401 2508 Quadripertita
1455 2452 1586 2493 vero
1626 2438 1864 2508 disputa-

269 2535 415 2589 tione
444 2535 582 2588 liber
609 2532 714 2586 iste
747 2529 1116 2599 distinguitur,
1173 2537 1232 2583 ut
1283 2528 1350 2582 ad
1382 2526 1601 2584 lectoris
1629 2529 1710 2583 sui
1743 2530 1861 2585 aui-

270 2639 412 2679 tuum
443 2621 705 2677 ordinatis
727 2620 752 2657 ά
787 2618 1200 2689 allegationibus
1221 2617 1372 2687 quasi
1398 2615 1715 2686 quibusdam
1741 2631 1864 2684 pas-

270 2715 416 2770 sibus
433 2715 730 2784 gradiatur.
764 2711 894 2768 Nam
917 2725 1038 2765 cum
1061 2723 1241 2765 rerum
1271 2707 1564 2764 necessitas
1589 2707 1862 2778 exposcit,

275 2805 612 2875 pensandum
646 2801 800 2857 valde
831 2811 916 2855 est
962 2801 1029 2856 ad
1073 2800 1290 2855 culmen
1318 2798 1545 2869 quisque
1588 2797 1864 2868 regiminis

268 2898 498 2968 qualiter
528 2896 740 2959 veniat;
771 2904 935 2963 atque
963 2891 1028 2946 ad
1059 2891 1161 2948 hoc
1208 2891 1309 2947 rite
1340 2890 1659 2961 perveniens
1678 2930 1692 2956 ,
1725 2904 1861 2960 qua-

268 2988 395 3043 liter
424 2988 595 3051 vivat;
625 2997 682 3041 et
711 2985 853 3040 bene
880 2985 1091 3050 vivens,
1121 2982 1355 3054 qualiter
1382 2982 1606 3047 doceat;
1640 2992 1693 3038 et
1717 2991 1863 3038 recte

1972 1793 2193 1850 ausibus
2225 1793 2278 1848 in
2321 1793 2436 1863 ipsa
2467 1793 2755 1847 locutionis
2785 1802 2984 1849 nostra:
3019 1794 3179 1863 janua
3209 1799 3558 1865 repellantur.

2488 1883 2720 1939 CAPUT
2762 1883 3047 1940 PRIMUM.

2104 1970 2130 2009 ¹λ
2151 1973 2236 2028 Ne
2262 1973 2431 2029 venire
2456 1974 2677 2041 imperiti
2705 1976 2774 2028 ad
2801 1976 3151 2046 magisterium
3176 1981 3422 2037 audeant.

2041 2063 2190 2118 Nulla
2236 2078 2324 2119 ars
2352 2065 2534 2120 doceri
2587 2065 2955 2132 praesumitur,
3011 2068 3111 2123 nisi
3160 2069 3362 2126 intenta
3414 2073 3562 2143 ptius

1969 2157 2318 2212 meditatione
2347 2156 2604 2214 discatur.
2644 2154 2663 2196 ί
2714 2158 2798 2214 Ab
2827 2158 3092 2227 imperitis
3116 2175 3269 2232 ergo-
3295 2167 3562 2232 pastorale

1967 2251 2330 2319 magisterium
2381 2263 2488 2319 qua
2519 2250 2824 2306 temeritate
2874 2251 3192 2322 suscipitur,
3247 2256 3462 2323 quando
3507 2258 3560 2329 3

1967 2358 2056 2399 ars
2081 2351 2166 2398 est
2193 2343 2388 2398 artium
2418 2343 2655 2413 regimen
2685 2344 3006 2399 animarum.
3038 2345 3171 2412 Quis
3199 2357 3376 2403 autem
3403 2350 3554 2420 cogi-

1969 2434 2229 2489 talionum
2261 2434 2481 2490 vulnera
2513 2434 2810 2490 occultiora
2838 2449 2962 2493 esse
2991 2437 3200 2493 nesciat
3247 2441 3560 2497 vulneribus

1967 2524 2272 2580 viscerum?
2307 2524 2374 2578 Et
2402 2533 2583 2580 tamen
2613 2537 2756 2596 saepe
2783 2527 2874 2597 qui
2919 2541 3256 2599 nequaquam
3296 2531 3558 2601 spiritalia

1968 2629 2235 2688 praecepta
2282 2626 2672 2689 cognoverunt,
2717 2620 2898 2676 cordis
2941 2633 3002 2677 se
3049 2622 3288 2678 medicos
3319 2626 3557 2693 proﬁteri

1968 2725 2073 2764 non
2105 2719 2354 2766 metuunt
2383 2729 2395 2764 :
2426 2714 2554 2768 dum
2584 2713 2673 2779 qui
2707 2712 3104 2781 pigmentorum
3131 2716 3236 2770 vim
3289 2719 3558 2784 nesciunt,

1966 2800 2135 2855 videri
2181 2801 2374 2856 medici
2420 2801 2602 2858 carnis
2652 2803 2998 2860 erubescunt.
3040 2803 3147 2860 Sed
3175 2806 3299 2875 quia
3339 2817 3561 2864 auctore

1969 2889 2082 2947 Deo
2110 2891 2177 2946 ad
2206 2891 2480 2962 religionis
2510 2893 2872 2950 reverentiam
2923 2908 3086 2950 omne
3109 2895 3221 2965 jam
3279 2900 3558 2966 praesentis

1966 2982 2152 3039 saeculi
2203 2983 2418 3040 culmen
2471 2984 2781 3054 inclinatur,
2827 2996 2954 3043 sunt
2997 2988 3241 3044 nonnulli
3286 2990 3379 3058 qui
3422 2992 3559 3046 intra

267 3081 493 3144 docens,
523 3078 891 3133 inﬁrmitatem
921 3090 1074 3132 suam
1104 3075 1344 3146 quotidie
1372 3085 1574 3146 quanta
1615 3074 1864 3130 conside-
1895 3075 1944 3135 B
1970 3085 2208 3131 sanctam
2260 3076 2555 3133 Ecclesiam
2600 3092 2696 3148 per
2739 3080 2976 3148 speciem
3027 3078 3302 3151 regiminis
3332 3080 3558 3150 gloriam

269 3175 482 3230 ratione
498 3181 813 3243 cognoscat,
840 3185 909 3226 ne
936 3178 1030 3225 aut
1066 3170 1340 3227 humilitas
1365 3184 1641 3227 accessum
1679 3166 1866 3240 lugiat,

269 3275 296 3304 ο
325 3273 422 3318 aut
443 3264 770 3332 persentioni
794 3265 900 3318 vita
922 3261 1289 3328 contradicat;
1314 3270 1405 3315 aut
1433 3262 1597 3317 vitam
1624 3262 1867 3316 doctrina

267 3354 580 3417 destituat;
637 3363 728 3408 aut
770 3353 1068 3409 doctrinam
1123 3352 1471 3421 prmsumptio
1519 3351 1762 3406 extollat.
1815 3353 1867 3422 2

271 3447 438 3502 Prius
468 3460 597 3515 ergo
640 3448 932 3515 appetitum
991 3444 1154 3500 timor
1187 3451 1492 3513 temperet:
1527 3450 1647 3513 post
1689 3450 1867 3498 autem

275 3537 648 3608 magisterium
693 3538 836 3608 quod
885 3553 915 3592 a
945 3551 1052 3593 non
1082 3545 1361 3607 quaerente
1407 3535 1716 3606 suscipitur,
1763 3537 1866 3590 vita

276 3631 655 3697 commendet;
703 3645 766 3686 ac
795 3629 993 3687 deinde
1043 3642 1265 3685 necesse
1293 3637 1379 3685 est
1416 3637 1475 3684 ut
1506 3627 1737 3698 pastoris
1765 3627 1865 3683 bo-

279 3738 408 3776 num
440 3724 578 3793 quod
608 3723 626 3762 ί
654 3723 886 3779 vivendo
906 3723 1229 3790 ostenditur,
1259 3724 1422 3780 etiam
1452 3721 1720 3792 loquendo
1743 3733 1869 3790 pro-

278 3825 523 3883 negetur.
571 3816 652 3871 Ad
703 3826 1008 3872 extremum
1057 3829 1188 3870 vero
1235 3821 1484 3885 superest
1532 3822 1592 3868 ut
1633 3814 1869 3884 perfecta

274 3919 506 3977 quisque
545 3921 710 3978 opera
742 3907 1105 3963 consideratio
1143 3906 1374 3977 proprire
1423 3905 1748 3961 inﬁrmitatis
1775 3905 1871 3962 de-

275 3998 499 4064 primat,
531 4015 602 4054 ne
651 3999 767 4054 haec
796 4007 924 4055 ante
951 4000 1148 4055 occulti
1173 4007 1200 4048 ε
1232 3997 1436 4054 arbitrii
1465 3998 1653 4054 oculos
1697 4006 1871 4053 tumor

273 4087 528 4142 elationis
575 4089 902 4159 exstinguat.
946 4089 1050 4144 Sed
1099 4088 1224 4158 quia
1264 4097 1390 4143 sunt
1437 4087 1689 4157 plerique
1738 4087 1870 4142 mihi

276 4177 546 4245 imperitia
575 4180 803 4247 similes,
837 4180 926 4249 qui
970 4180 1097 4234 dum
1151 4180 1328 4236 metiri
1358 4194 1418 4235 se
1449 4181 1720 4247 nesciunt,
1749 4193 1871 4250 quae

275 4284 386 4324 non
413 4270 706 4327 didicerint
731 4272 929 4328 docere
952 4274 1370 4342 concupiscunt;
1402 4273 1494 4344 qui
1527 4273 1734 4345 pondus
1757 4289 1872 4329 ma-

273 4361 488 4430 gisterii
519 4375 667 4420 tanto
711 4365 885 4421 levius
911 4368 1201 4435 aestimant,
1234 4376 1436 4436 quanto
1464 4369 1572 4423 vim
1604 4369 1870 4440 magnitu-

274 4457 424 4516 dinis
444 4458 591 4513 illius
631 4459 911 4528 ignorant;
957 4459 1025 4514 ab
1053 4461 1172 4530 ipso
1208 4460 1329 4516 libri
1376 4461 1534 4532 hujus
1579 4465 1873 4530 reprehen-

1970 3167 2223 3224 aﬁ‘ectant
2263 3169 2514 3235 honoris;
2565 3171 2736 3226 videri
2784 3173 3037 3229 doctores
3074 3180 3353 3242 appetunt,
3384 3184 3560 3230 trans-

1969 3261 2202 3318 cendere
2231 3272 2460 3318 czcteros
2489 3264 2899 3332 concupiscunt,
2930 3271 3093 3332 atque
3121 3271 3410 3321 attestante
3453 3265 3560 3322 Ve-

1971 3351 2150 3417 ritate,
2183 3353 2382 3420 primas
2413 3351 2764 3406 salutationes
2793 3353 2847 3406 in
2889 3351 3029 3418 loro,
3064 3353 3266 3424 primos
3295 3355 3348 3412 in
3390 3359 3562 3413 etsuis

1970 3442 2267 3511 recubitus,
2317 3444 2521 3514 primas
2569 3444 2624 3499 in
2672 3444 3032 3501 conventibus
3079 3447 3362 3505 cathedras
3412 3465 3563 3520 quat-

1973 3550 2100 3597 runt
2128 3541 2345 3613 (Matth.
2378 3557 2539 3606 xxttt,
2565 3540 2620 3609 6,
2649 3541 2737 3611 7);
2761 3542 2853 3612 qui
2879 3551 3183 3612 susceptum
3212 3557 3355 3599 curae
3383 3553 3563 3614 pasto-

1972 3637 2104 3691 ralis
2123 3635 2362 3690 ofﬁcium
2394 3635 2706 3692 ministrare
2719 3633 2882 3706 digne
2904 3644 3054 3690 tanto
3073 3634 3243 3705 magis
3264 3645 3562 3706 nequeunt,

1972 3733 2176 3796 quanto
2206 3725 2273 3780 ad
2305 3725 2627 3781 humilitatis
2657 3725 3028 3796 magisterium
3057 3740 3121 3780 ex
3173 3724 3288 3780 sola
3321 3726 3560 3783 elatione

1974 3825 2357 3887 pervenerunt.
2388 3816 2505 3886 ipsa
2535 3817 2737 3886 quippe
2768 3815 2822 3871 in
2854 3815 3167 3886 magisterio
3200 3815 3380 3884 lingua
3427 3831 3559 3872 con-

1975 3910 2235 3977 funditur,
2287 3911 2500 3982 quando
2549 3910 2696 3966 aliud
2743 3910 2988 3976 discitur,
3021 3919 3077 3966 et
3120 3911 3263 3966 aliud
3313 3912 3560 3968 docetur.

1973 4002 2120 4068 Quos
2140 4009 2325 4058 contra
2342 4001 2596 4056 Dominus
2616 4015 2712 4070 per
2731 3999 3043 4071 praphetam
3059 4001 3318 4070 queritur,
3339 4002 3560 4058 dicens:

1978 4092 2088 4164 Ipsi
2117 4102 2472 4163 regnaverunt,
2505 4101 2552 4145 et
2581 4106 2684 4145 non
2712 4107 2776 4146 ea:
2806 4107 2917 4156 me;
2945 4089 3204 4159 principes
3230 4094 3564 4164 exstiterunt,

1973 4195 2022 4241 et
2047 4201 2140 4256 ego
2168 4185 2398 4256 ignoraui
2427 4182 2581 4255 (Osee
2609 4197 2723 4251 vnt,
2763 4182 2843 4252 4).
2887 4181 2965 4237 Ex
2991 4196 3052 4238 se
3078 4197 3339 4253 namque,
3369 4192 3426 4239 et
3456 4201 3561 4237 non

1975 4291 2042 4332 ex
2086 4275 2308 4331 arbitrio
2337 4274 2532 4330 summi
2577 4274 2823 4330 Rectoris
2853 4280 3099 4343 regnant,
3133 4274 3224 4344 qui
3259 4273 3419 4329 nullis
3443 4273 3565 4328 l'ulti

1978 4369 2265 4425 virtutibus
2287 4381 2620 4438 nequaquam
2648 4366 2907 4423 divinitus
2938 4368 3137 4434 vocati,
3169 4363 3267 4423 sed
3295 4381 3390 4422 sua
3415 4368 3566 4438 Cupi-

1982 4463 2108 4518 dine
2137 4462 2371 4529 accensi,
2402 4461 2614 4516 culmen
2643 4460 2924 4530 regiminis
2951 4460 3166 4530 rapiunt
3193 4461 3372 4530 potius
3405 4474 3563 4530 quam

276 4549 480 4604 dantur
521 4548 781 4615 exordio;
831 4557 892 4604 ut
935 4550 1060 4620 quia
1110 4550 1308 4607 indocti
1333 4565 1396 4606 ac
1423 4552 1731 4623 praecipites
1775 4554 1872 4610 do-
1900 4540 1948 4604 C
1981 4562 2357 4622 assequuntur.
2381 4552 2531 4620 Quos
2561 4560 2739 4607 tamen
2766 4551 3010 4606 internus
3025 4549 3191 4619 judex
3215 4561 3267 4606 et
3294 4551 3566 4620 provehit,

357 4719 384 4748 ι
413 4711 488 4780 Ita
514 4711 714 4776 ϐατὴ..
746 4711 956 4767 Belvac.
1003 4720 1058 4768 et
1101 4712 1191 4767 alii
1224 4722 1416 4768 vetust.
1455 4713 1624 4780 Quem
1657 4713 1865 4769 titulum

281 4779 634 4853 praetuiitnus,
654 4783 794 4848 quod
823 4781 1027 4853 legatur
1047 4783 1098 4837 in
1123 4782 1282 4853 epist.
1302 4783 1431 4837 olim
1449 4779 1542 4846 46.
1576 4784 1666 4838 lih.
1692 4784 1764 4839 al.
1793 4800 1864 4849 tv,

283 4851 552 4924 nunclib.
580 4867 632 4912 ν,
661 4866 748 4920 ep.
786 4851 872 4924 49,
907 4862 959 4905 ut
984 4851 1374 4924 libruniregula:
1394 4854 1688 4922 pastoralis,
1719 4871 1866 4924 quem

279 4924 340 4974 in
378 4921 695 4990 episcopatus
745 4923 843 4974 mei
882 4923 1092 4976 exordio
1132 4921 1333 4990 scripsi.
1380 4924 1433 4978 In
1480 4921 1866 4979 recentioribus

279 4993 416 5047 Mss.
463 4992 674 5060 legitur,
709 4992 839 5045 liber
876 4992 1026 5046 Curae
1054 4997 1329 5062 νησίον-αι..
1362 4995 1557 5062 quibus
1581 4997 1865 5049 coneinuut

278 5063 425 5131 plur.
449 5063 588 5117 ﬁdit.
620 5062 969 5131 0cca~ioncm
1001 5063 1123 5118 huic
1156 5065 1308 5118 titulo
1337 5067 1472 5119 lorle
1498 5067 1723 5130 prtebuit
1746 5065 1864 5119 libri

273 5130 586 5204 exordium,
621 5130 905 5204 Pastoralis
931 5148 1069 5187 cura:
1098 5149 1175 5186 me
1198 5135 1450 5204 pondera,
1486 5146 1594 5192 etc.
1627 5135 1681 5190 In
1706 5135 1868 5191 Tt'cc.

276 5204 474 5256 titulus
501 5201 855 5256 desideratur.

355 5273 384 5310 δ
406 5273 624 5328 Tertius
653 5273 862 5327 Gentet.
894 5273 1060 5338 addit,
1092 5273 1332 5330 salutem.

356 5352 382 5381 ε
435 5343 561 5398 Hac
610 5342 905 5398 editoribus
959 5355 1343 5410 persuaserunt
1391 5346 1585 5401 librum
1638 5345 1781 5400 hunc
1817 5345 1871 5399 itt

277 5430 332 5468 ιν
361 5425 551 5484 partes
568 5413 934 5478 dividendum,
967 5416 1211 5484 quamvis
1237 5415 1394 5484 hujus
1415 5417 1700 5471 divisionis
1727 5417 1870 5469 nulla

277 5484 332 5539 in
366 5493 474 5555 vet.
508 5483 636 5555 Mss.
685 5487 793 5539 sint
836 5483 1078 5555 vestigia.
1118 5483 1318 5539 Verum
1361 5487 1671 5555 Gregorius,
1725 5494 1872 5554 parte

283 5553 468 5617 tertia,
495 5569 544 5606 c.
571 5554 665 5626 26,
698 5553 1066 5610 admonitione
1086 5555 1178 5626 27,
1213 5558 1412 5612 indicat
1433 5553 1675 5625 quaedam
1703 5558 1810 5625 jam
1845 5574 1871 5608 ιι

278 5626 543 5697 geniem
603 5625 654 5678 in
707 5627 878 5694 prima
927 5636 1116 5697 parte:
1166 5625 1327 5697 sicut,
1363 5629 1555 5694 inquit,
1600 5629 1652 5680 in
1712 5629 1873 5695 priori

280 5694 440 5758 huius
466 5691 738 5767 voluminis
763 5691 1038 5767 parteiam
1067 5691 1322 5751 diximus.
1353 5691 1505 5753 Unde
1538 5714 1641 5751 nou
1683 5691 1872 5750 imme-

1974 4721 2270 4767 auclorem.
2306 4709 2567 4766 Scribitur
2593 4716 2772 4762 autem
2801 4705 3182 4777 quadripartito
3227 4703 3550 4777 inantiquis

1977 4783 2129 4838 simis
2153 4780 2319 4836 Codd.
2355 4780 2535 4844 Trec.,
2569 4774 2820 4841 [it-ivno...
2847 4774 3084 4844 Getnct.,
3116 4775 3440 4829 Tltenduric.

2047 4853 2072 4889 ά
2103 4851 2282 4915 Trec.,
2307 4850 2533 4912 Bellov.,
2557 4849 2662 4902 duo
2689 4846 2858 4917 antiq.
2887 4843 3130 4911 Carnot.,
3155 4845 3564 4915 alligationibus.

2053 4932 2077 4959 ο
2109 4922 2235 4976 Ηίεο
2265 4922 2483 4976 deerant
2515 4920 2568 4973 in
2587 4918 2778 4984 Corb.,
2809 4917 2904 4972 sed
2929 4917 3109 4971 addita
3133 4918 3564 4971 suntrecentiott

1978 5008 2159 5048 manu.
2209 4993 2263 5047 ln
2315 4993 2339 5047 l
2375 4992 2592 5046 Carnot.
2627 5003 2839 5060 quoque
2885 4988 3267 5060 nou_legitur,
3299 4996 3384 5060 aut
3417 4987 3568 5042 vitam

1977 5066 2143 5119 doctr.
2170 5065 2434 5117 destituat.
2465 5062 2556 5116 Illa
2590 5057 2979 5132 repraesentant
3008 5057 3166 5112 Trec.
3197 5065 3252 5110 et
3276 5057 3389 5111 alii.

2056 5132 2076 5173 ί
2102 5134 2260 5189 Cttrb.
2274 5176 2289 5198 ,
2321 5135 2562 5188 videndo.

2051 5213 2076 5251 ε
2107 5204 2346 5260 Laudun.
2382 5215 2436 5259 et
2465 5205 2646 5262 'l‘rec..
2678 5200 2886 5253 arbitris
2913 5198 3114 5252 oculos.

2050 5273 2074 5312 δ
2101 5275 2214 5329 Hoc
2269 5281 2640 5345 argumentum
2674 5269 2870 5345 legitur
2898 5269 2974 5345 in‘
3006 5270 3182 5324 indice
3213 5267 3373 5345 Tr_ec._
3409 5265 3572 5345 God.,

1977 5361 2076 5400 nec
2120 5355 2297 5399 tamen
2332 5338 2861 5412 praemittiturgcapiti
2896 5340 3102 5409 primo,
3150 5338 3292 5412 quod
3325 5339 3571 5412 absolute

1976 5418 2052 5470 sic
2083 5416 2264 5481 incipit
2295 5432 2306 5465 :
2333 5409 2510 5467 Nulla
2535 5428 2641 5464 ars.
2672 5409 2847 5464 Prima
2877 5413 3010 5467 linea
3039 5410 3207 5464 minio
3229 5418 3313 5463 est
3333 5409 3568 5481 depicta.

1983 5487 2036 5538 In
2083 5476 2322 5555 margine
2370 5483 2683 5555 nutatur__l,
2716 5493 2766 5535 et
2801 5482 2862 5555 in_
2899 5481 3119 5555 reliquis
3159 5494 3314 5555 capp.
3345 5476 3402 5540 2,
3430 5477 3484 5540 3,
3510 5478 3563 5538 4.

1980 5567 2085 5612 etc.
2115 5551 2229 5620 Qua
2262 5555 2313 5608 in
2345 5569 2403 5608 re
2436 5554 2557 5607 huic
2589 5553 2683 5606 Ms.
2714 5551 3454 5607 coucinuntGetnetitenses.

2059 5625 2073 5662 ί
2104 5615 2293 5689 (Σότὴη
2348 5624 2539 5689 Laud.,
2570 5623 2794 5691 Lougip.
2826 5640 2840 5677 :
2875 5623 2950 5676 Ab
2976 5625 3155 5692 inpar.
3202 5636 3324 5687 ergo
3352 5615 3571 5696 pastori-

1985 5698 2074 5749 bus
2105 5698 2308 5766 mugiat.
2355 5697 2609 5761 pastorale
2653 5696 2930 5764 suscipitur
2962 5696 3013 5746 in
3045 5706 3231 5761 magna
3273 5694 3568 5750 temeritate,

283 5767 391 5820 l‘ilo
439 5766 750 5832 tnlt'lligitnr
791 5766 1098 5833 partitionis
1152 5769 1274 5824 libri
1329 5770 1485 5833 ltums
1532 5771 1703 5833 ipsum
1759 5782 1878 5821 esse
1982 5771 2223 5842 quottfam
2251 5783 2351 5831 ars,
2381 5776 2487 5822 ctc.
