3968 6380
481 328 548 385 ιδ
1687 314 1933 374 SANCTI
1973 314 2302 372 GREGORII
2344 316 2555 373 MAGNI
3684 316 3741 369 l6

481 446 534 492 et
560 434 750 501 nescit,
781 433 905 506 quia
950 449 1085 508 quos
1131 433 1488 505 permittendo
1541 432 1771 500 tolerat,
1824 434 2064 502 profecto
2096 432 2143 492 Α
2169 443 2332 500 opera
2377 435 2780 498 pervertuntur,
2826 428 2978 498 quasi
3010 429 3278 498 corruptis
3309 426 3614 484 fontibnsin
3651 446 3742 499 po-

485 541 579 593 per
604 524 863 594 judicium
894 525 1287 594 reprobationis
1316 526 1542 596 ignorat.
1582 524 1732 580 Unde
1761 524 1827 579 ad
1854 538 1915 580 se
1941 523 2064 593 qui-

486 615 709 669 busdam
734 624 789 670 et
816 623 935 684 post
965 616 1219 671 miracula
1249 616 1589 672 venientibus
1613 615 1747 669 dicit
1777 632 1790 669 :
1833 614 2068 668 ltecedite

485 723 516 759 a
545 723 621 759 me
669 707 889 773 operarii
917 707 1223 776 iniquitatis,
1255 708 1425 761 nescio
1456 707 1539 774 qui
1585 707 1704 760 estis
1734 705 1899 774 (Luc.
1940 719 2065 771 xm,

487 795 599 866 27).
618 796 893 852 Pastorum
916 796 1181 865 imperitia
1199 811 1328 852 voce
1345 797 1590 852 Veritatis
1613 798 2067 865 increpatur,cum

491 899 587 953 per
626 886 944 955 Prophetam
989 887 1228 942 dicitur:
1283 887 1395 957 Ipsi
1425 898 1654 959 pastores
1709 888 2072 959 ignoraverunt

491 976 881 1047 intelligentiam
916 977 1068 1049 (Isai.
1103 995 1209 1042 va.
1242 981 1352 1048 Η).
1396 982 1543 1046 Quos
1574 994 1786 1034 rursum
1814 981 2073 1035 Dominus

492 1070 803 1133 detestatur,
834 1068 1016 1124 dicens
1059 1085 1074 1123 :
1108 1070 1175 1123 Et
1219 1080 1439 1126 tenentes
1468 1073 1627 1143 legem
1670 1072 1955 1125 nescierunt
1994 1088 2073 1126 me

494 1156 627 1228 (fer.
661 1172 716 1222 η,
746 1157 822 1228 8).
860 1158 924 1212 Ει
967 1160 1162 1214 nesciri
1192 1175 1319 1231 ergo
1343 1175 1400 1215 se
1445 1162 1513 1215 ab
1547 1160 1627 1216 eis
1653 1160 1861 1217 Veritas
1898 1161 2071 1232 queri-

497 1256 604 1314 tur,
634 1257 687 1302 et
713 1250 921 1304 nescire
953 1263 1011 1303 se
1043 1250 1394 1320 principatum
1426 1252 1776 1306 nescientium
1813 1261 2076 1319 protesta-

496 1350 603 1407 tur,
635 1340 759 1409 quia
796 1339 1034 1410 profecto
1057 1342 1108 1395 hi
1138 1342 1224 1410 qui
1242 1356 1301 1397 ea
1335 1340 1492 1413 (Dist.
1525 1344 1615 1410 58,
1647 1361 1692 1398 ο.
1730 1344 1829 1411 Qui
1851 1348 1934 1414 ea)
1959 1361 2076 1416 qua!

494 1439 617 1485 sunt
649 1429 857 1486 Dotnini
890 1434 1158 1501 nesciunt,
1206 1450 1235 1488 a
1272 1434 1498 1491 Domino
1548 1437 1877 1503 nesciuntur,
1913 1438 2077 1493 Paulo

495 1531 780 1578 attestante
807 1523 894 1595 qui
925 1525 998 1579 ait
1024 1543 1034 1578 :
1072 1525 1134 1581 Si
1162 1530 1275 1595 quis
1305 1536 1477 1582 autem
1507 1530 1730 1600 ignorat,
1758 1530 2079 1599 ignorabitur

497 1611 549 1681 (1
576 1613 694 1667 Cor.
727 1614 963 1681 xtv,58).
996 1615 1127 1683 Qua:
1158 1617 1408 1672 nimirum
1437 1618 1715 1673 Pastorum
1745 1632 1887 1689 sazpe
1909 1622 2078 1689 impe-

494 1706 615 1760 ritia
640 1707 844 1762 meritis
872 1709 1117 1778 congruit
1142 1710 1524 1779 subiectorum,
1552 1712 1677 1782 quia
1706 1711 1950 1783 quamvis
1991 1712 2075 1767 lu-

2170 522 2306 576 tibus
2352 522 2518 576 lutum
2548 528 2785 576 sumunt.
2818 521 2953 576 Hinc
2982 536 3195 592 quoque
3232 520 3494 590 scriptum
3530 531 3611 576 est
3649 537 3743 593 per

2169 612 2483 682 prophetam
2513 630 2525 665 :
2564 622 2587 649 ο
2621 612 2859 681 Laqueus
2887 614 3054 666 ruina:
3101 612 3278 683 papuli
3320 614 3437 677 mei,
3471 614 3745 668 sacerdotes

2168 702 2291 755 mali
2319 700 2493 772 (Osee.
2527 717 2581 768 v,
2608 703 2660 768 l;
2691 718 2763 765 tx,
2790 702 2866 769 8).
2894 702 3027 756 Hinc
3055 716 3263 756 rursum
3293 703 3360 755 de
3391 703 3748 758 sacerdotibus

2171 790 2427 845 Dominus
2476 806 2569 860 per
2625 794 2939 862 prophetam
2980 791 3111 845 dicit
3150 807 3165 844 :
3222 790 3374 845 Facti
3416 801 3534 845 snnt
3580 793 3750 845 domui

2173 880 2340 935 Israel
2365 884 2417 935 in
2448 881 2820 949 ofendiculum
2847 882 3152 950 iniquitatis.
3183 880 3352 936 Nemo
3376 882 3571 951 quippe
3594 881 3747 949 (Dist.

2173 973 2263 1037 85,
2293 988 2339 1026 c.
2378 973 2542 1026 Nemo
2564 972 2777 1044 quippe)
2804 973 3035 1043 amplius
3061 973 3113 1026 in
3146 972 3381 1027 Ecclesia
3403 982 3751 1041 nocet,quam

2173 1065 2264 1133 qui
2313 1079 2563 1133 perverse
2608 1078 2793 1135 agens,
2827 1079 3025 1120 nomen
3058 1065 3140 1119 vel
3173 1064 3413 1119 ordinem
3462 1064 3754 1118 sanctitatis

2176 1154 2355 1211 habet.
2386 1156 2790 1228 Delinqoentem
2814 1171 3045 1227 namque
3073 1156 3561 1226 huncredargoere
3585 1156 3755 1210 nullus

2176 1250 2450 1317 praesumit
2474 1265 2489 1308 ;
2521 1258 2576 1303 et
2609 1248 2663 1303 in
2688 1247 2993 1315 exemplum
3017 1247 3173 1317 culpa
3203 1247 3551 1302 vehementer
3576 1255 3755 1301 exteno

2176 1340 2340 1404 ditur,
2373 1339 2589 1409 quando
2614 1355 2710 1409 pro
2741 1340 3041 1395 reverentia
3072 1339 3277 1394 ordinis
3308 1348 3558 1408 peccator
3591 1336 3758 1391 hono-

2176 1440 2344 1484 ratur.
2370 1430 2576 1500 lndigni
2607 1437 2784 1485 autem
2814 1429 3011 1499 quique
3054 1429 3182 1482 tanti
3211 1437 3389 1484 reatus
3418 1427 3654 1497 pondera
3684 1427 3760 1481 fu-

2178 1528 2385 1590 gerent,
2418 1521 2463 1573 si
2513 1521 2757 1575 veritatis
2786 1521 3108 1575 sententiam
3154 1518 3385 1573 sollicita
3416 1518 3593 1575 cordis
3635 1533 3763 1574 aure

2178 1622 2486 1681 pensarent,
2518 1628 2636 1682 quae
2665 1614 2777 1668 ait:
2812 1612 2913 1680 Qui
2942 1614 3359 1667 seandalizaverit
3392 1629 3547 1666 unum
3579 1612 3640 1665 de
3666 1631 3762 1683 pu-

2179 1704 2313 1758 sillis
2342 1704 2452 1758 istis
2482 1706 2565 1774 qui
2592 1708 2644 1759 in
2674 1722 2751 1760 me
2780 1708 3014 1772 credunt,
3049 1705 3067 1744 ί
3100 1707 3303 1776 expedit
3332 1709 3378 1760 ei
3406 1716 3461 1760 ut
3489 1709 3765 1776 suspenda-

497 1808 619 1850 men
668 1795 907 1849 scientiae
935 1809 1030 1850 sua
1060 1798 1216 1867 culpa
1262 1799 1511 1869 exigente
1558 1815 1667 1855 non
1715 1801 1963 1866 habeant,
1996 1800 2077 1855 di-
2110 1791 2154 1851 Β
2183 1806 2266 1849 tur
2294 1798 2429 1850 mola
2453 1796 2682 1850 asinaria
2713 1797 2767 1848 in
2798 1796 2930 1850 collo
2960 1797 3099 1865 ejus,
3126 1805 3172 1849 et
3205 1796 3533 1866 demergatur
3562 1796 3611 1848 in
3645 1811 3762 1862 pro-

494 1887 679 1941 stricto
713 1893 890 1940 tamen
913 1885 1120 1957 judicio
1162 1888 1356 1959 agitur,
1385 1898 1447 1943 ut
1488 1904 1582 1959 per
1606 1904 1792 1945 eorum
1825 1892 2079 1960 ignoran-

497 1975 624 2030 tiam
656 1974 711 2030 hi
737 1978 899 2031 etiam
929 1978 1017 2048 qui
1046 1987 1343 2049 sequuntur
1370 1981 1663 2037 oll’endant.
1696 1981 1829 2037 Hinc
1851 1997 2081 2053 namque

495 2067 549 2120 in
584 2067 871 2137 Evangelia
902 2083 996 2137 per
1023 2071 1368 2137 semetipsam
1419 2072 1626 2126 Veritas
1654 2073 1824 2127 dicit:
1860 2074 1926 2127 Si
1969 2090 2080 2127 cte-

493 2175 586 2213 cus
629 2174 761 2213 circo
792 2160 1037 2212 ducatum
1067 2162 1312 2228 prebeat,
1363 2162 1511 2213 ambo
1556 2164 1609 2214 in
1662 2162 2082 2229 foveam-cadunt

494 2248 711 2318 (Matth.
746 2264 837 2315 xv,
864 2248 974 2315 li).
1003 2248 1134 2302 Hinc
1164 2248 1442 2304 Psalmista
1479 2265 1586 2304 non
1621 2251 1856 2319 optantis
1877 2255 2079 2320 animo,

493 2334 589 2391 sed
616 2335 984 2404 prephetantis
1012 2344 1036 2371 ι
1060 2334 1359 2390 ministerio
1387 2336 1691 2405 denuntiat,
1722 2339 1909 2395 dicens
1936 2358 1947 2393 :
1978 2341 2082 2394 0b-

494 2436 758 2480 scurentur
802 2427 937 2480 oculi
967 2443 1141 2481 eorum
1172 2444 1235 2480 ne
1264 2429 1486 2497 rideant,
1527 2439 1573 2483 et
1616 2433 1827 2485 dorsum
1873 2433 2083 2488 illorum

494 2534 687 2588 semper
713 2518 928 2572 incurva
955 2516 1136 2587 (Psal.
1169 2533 1353 2585 vam,
1383 2518 1495 2591 24).
1521 2522 1669 2577 Oculi
1712 2524 1910 2595 quippe
1932 2532 2081 2602 sunt,

497 2612 587 2681 qui
622 2611 674 2665 in
707 2612 824 2680 ipsa
864 2609 1087 2666 honoris
1129 2612 1327 2667 summi
1374 2613 1511 2669 facie
1542 2615 1725 2684 positi,
1759 2616 2075 2687 providendi

497 2700 707 2756 itineris
753 2698 989 2756 officium
1042 2712 1439 2773 susceperunt:
1490 2706 1684 2775 quibus
1732 2707 1786 2762 hi
1832 2707 2081 2763 nimirum

493 2794 584 2863 qui
630 2793 1021 2865 subsequenter
1052 2795 1335 2863 inhaerent;
1367 2796 1527 2853 dorsa
1559 2802 1925 2856 nominantur.
1971 2801 2081 2859 0b-

494 2886 723 2941 scoratis
750 2900 878 2956 ergo
898 2886 1067 2942 oculis
1083 2887 1302 2943 dorsum
1330 2890 1582 2958 flectitur,
1613 2892 1733 2963 quia
1757 2907 1878 2947 cum
1902 2892 2080 2949 lumen

494 2979 734 3034 scicntia:
764 2979 990 3047 perdunt
1021 2981 1109 3051 qui
1151 2991 1411 3051 praeeunt,
1461 2983 1698 3053 profecto
1725 2984 1792 3039 ad
1822 2987 2081 3057 portanda

498 3079 838 3141 peccatorum
862 3081 1150 3127 curvantur
1174 3087 1334 3129 onera
1361 3074 1449 3144 qui
1481 3083 1795 3145 sequuntur.

1125 3187 1353 3243 CAPUT
1394 3188 1455 3245 ll.

499 3274 580 3331 Ne
608 3276 778 3331 locum
805 3276 1072 3345 regiminis
1121 3276 1356 3339 subeant,
1405 3277 1493 3344 qui
1534 3276 1746 3329 vivendo
1795 3292 1898 3330 non
1928 3276 2084 3346 perﬁ-

812 3348 953 3401 ciunt
971 3361 1084 3417 qute
1099 3347 1395 3401 meditando
1412 3347 1722 3401 didicerunt.

568 3438 633 3492 Et
660 3447 786 3493 sunt
833 3438 1075 3492 nonnulli
1101 3439 1191 3507 qui
1234 3438 1423 3493 solerti
1476 3452 1603 3492 cura
1638 3436 1898 3506 spiritalia
1949 3451 2086 3505 pras-

499 3543 647 3603 cepts
700 3542 1104 3603 perscrutantur
1126 3573 1141 3595 ,
1174 3530 1269 3586 sed
1300 3546 1421 3602 qua:
1459 3529 1487 3568 δ
1529 3528 1877 3599 intelligendo
1918 3543 2084 3595 pene-

498 3635 662 3690 trant,
712 3625 943 3680 vivendo
971 3625 1323 3685 conculcant;
1358 3632 1579 3691 repente
1627 3622 1826 3678 docent
1866 3621 1923 3693 4
1963 3636 2085 3691 quas

499 3731 606 3769 non
639 3730 825 3783 Opere,
852 3715 948 3769 sed
967 3714 1315 3768 meditatione
1341 3714 1670 3777 didicerunt;
1699 3721 1755 3769 et
1793 3713 1934 3782 quod
1960 3726 2086 3767 ver-

498 3806 583 3861 bis
612 3805 923 3873 praedicant,
972 3804 1211 3859 maribus
1238 3803 1571 3873 impugnant.
1608 3802 1759 3867 Unde
1791 3802 1849 3857 tit
1871 3812 1929 3858 ut
1957 3816 2083 3857 cum

471 3899 692 3954 .Pastor
737 3913 831 3968 per
874 3897 1098 3967 abrupta
1128 3897 1390 3967 graditur,
1436 3900 1503 3955 ad
1554 3898 1907 3967 pmcipitium
1954 3911 2083 3966 grex

501 3997 774 4057 sequatur.
828 3987 966 4041 llinc
1014 4002 1251 4057 namque
1306 4002 1400 4057 per
1454 3986 1773 4057 prophetam
1833 3987 2088 4042 Dominus

467 4088 685 4139 ,contra
711 4075 1173 4145 contemptibilem
1202 4076 1487 4131 Pastorum
1515 4075 1795 4130 scientiam
1826 4076 2086 4143 queritur,

498 4168 728 4224 dicens:
760 4167 889 4223 Cum
934 4168 1033 4237 ipsi
1080 4167 1492 4237 limpidissimam
1537 4183 1722 4237 aquam
1776 4166 2031 4235 biberetis,
2064 4179 2086 4207 ο

499 4259 745 4326 reliquam
788 4259 1002 4329 pedibus
1040 4260 1219 4313 vestris
1248 4258 1558 4325 turbabatis;
1588 4270 1635 4315 et
1671 4277 1787 4315 oves
1813 4276 1939 4316 mea:
1976 4277 2091 4332 qua:

500 4350 801 4405 conculcata
851 4349 1063 4418 pedibus
1110 4350 1287 4404 uestris
1339 4352 1576 4421 fuerant,
1628 4352 1997 4419 pascebantur;
2046 4362 2092 4407 et

500 4459 615 4515 quin
663 4444 817 4515 pedes
862 4444 1013 4497 uestri
1058 4443 1408 4507 turbaverant,
1441 4443 1551 4497 Iure
1589 4443 1821 4497 bibebant
1873 4443 2086 4514 (Ezech.

2183 1888 2401 1957 fundum
2448 1888 2603 1940 mxris
2651 1885 2865 1955 (Matth.
2911 1902 3058 1953 xvm,
3092 1887 3170 1957 6).
3207 1888 3305 1943 Per
3341 1889 3540 1943 molam
3568 1888 3767 1957 quippe

2183 1977 2492 2044 asinariam,
2525 1976 2782 2033 secularis
2807 1978 2932 2032 vita:
2960 1978 3213 2033 circuitus
3238 1993 3300 2034 ac
3332 1978 3483 2032 labor
3509 1977 3768 2046 exprimi-

2186 2076 2293 2136 tur,
2325 2076 2379 2123 et
2401 2082 2496 2137 per
2522 2068 2846 2138 profundum
2871 2070 3035 2125 maris
3061 2079 3299 2127 extrema
3329 2070 3603 2125 damnatio
3629 2071 3767 2124 desi-

2184 2166 2398 2229 gnatur.
2448 2159 2551 2225 Qui
2580 2174 2713 2228 ergo
2756 2161 2822 2214 ad
2852 2162 3156 2216 sanctitatis
3206 2162 3441 2229 Speciem
3484 2158 3769 2227 deductus,

2185 2245 2271 2300 vel
2315 2246 2481 2301 verbo
2530 2258 2755 2302 caeteros
2807 2248 3053 2316 destruit,
3107 2252 3191 2304 vel
3241 2255 3522 2320 exemplo;
3574 2252 3773 2305 melius

2186 2334 2427 2405 profecto
2454 2337 2649 2404 fuerat,
2699 2348 2754 2393 ut
2786 2340 2928 2394 hunc
2979 2340 3045 2395 ad
3096 2351 3327 2397 mortem
3371 2341 3472 2396 sub
3500 2342 3772 2397 exteriori

2186 2426 2367 2482 habitu
2396 2436 2612 2484 terrena
2641 2439 2759 2485 acta
2787 2432 3235 2503 constringerent,
3280 2448 3441 2503 quam
3470 2449 3625 2489 sacra
3649 2434 3773 2488 om-

2185 2520 2265 2575 cia
2297 2521 2348 2575 in
2378 2519 2532 2591 culpa
2562 2522 2770 2576 caeteris
2804 2521 3113 2578 imitabilem
3142 2524 3594 2589 demonstrarent,
3644 2524 3771 2592 quia

2187 2609 2437 2665 nimirum
2482 2610 2527 2663 si
2568 2611 2718 2665 solus
2743 2612 2983 2681 caderet,
3017 2624 3286 2686 utcunque
3331 2614 3473 2670 hunc
3503 2615 3771 2671 tolerabi-

2187 2699 2288 2755 lior
2317 2700 2511 2756 inferni
2539 2716 2696 2770 pinna
2722 2705 3002 2758 cruciaret.

2796 2814 3021 2872 CAPUT
3063 2816 3150 2872 Ill.

2187 2898 2265 2953 De
2289 2902 2514 2982 pondere
2536 2903 2835 2982 regiminis;
2878 2914 2924 2959 et
2953 2907 3093 2974 quod
3121 2911 3339 2982 adversa,
3361 2925 3572 2982 qumque
3603 2910 3774 2982 despi-

2432 2974 2611 3027 cienda
2632 2985 2766 3040 sunt,
2801 2985 2847 3030 et
2875 2992 3122 3046 prospera
3150 2974 3505 3047 formidanda.

2260 3060 2387 3117 Haec
2412 3061 2591 3133 itaque
2621 3065 2854 3121 breviter
2877 3066 3135 3131 diximus,
3164 3076 3220 3121 ut
3247 3081 3502 3137 quantum
3534 3069 3608 3124 sit
3636 3084 3774 3139 pon-

2106 3157 2156 3221 c
2188 3152 2288 3207 dus
2313 3154 2588 3223 regiminis
2636 3166 3075 3223 monstraremus,
3108 3173 3175 3213 ne
3216 3167 3480 3216 temerare
3504 3174 3662 3215 sacra
3690 3177 3777 3215 re-

2186 3244 2384 3314 gimina
2412 3245 2653 3315 quisquis
2682 3247 2764 3302 his
2792 3247 2966 3316 impar
2993 3260 3074 3304 est
3100 3251 3314 3319 audeat,
3343 3260 3399 3307 et
3426 3267 3526 3320 per
3568 3268 3776 3307 conca.

2189 3336 2504 3403 piscentiam
2550 3336 2820 3403 culminis,
2852 3337 3104 3393 ducatum
3147 3342 3402 3410 suscipiat
3432 3343 3777 3412 perditionis.

2189 3425 2325 3480 Hinc
2372 3426 2515 3480 enim
2566 3427 2651 3495 pie
2707 3428 2939 3484 Jacobus
2984 3415 3252 3499 prohibet,
3303 3433 3535 3492 dicens:
3594 3435 3780 3491 Nolite

2190 3514 2364 3583 plures
2411 3517 2642 3587 magistri
2687 3518 2821 3585 ﬁeri,
2853 3522 3039 3588 fratres
3078 3522 3178 3575 mei
3224 3522 3364 3592 (Jac.
3412 3539 3494 3590 ιιι,
3529 3525 3609 3595 1).
3648 3527 3783 3582 llinc

2189 3608 2305 3679 ipse
2355 3608 2450 3664 Dei
2497 3607 2886 3681 hominumque
2932 3612 3190 3669 Mediator
3220 3630 3442 3685 regnum
3492 3619 3785 3687 percipere

2189 3699 2377 3753 vitavit
2406 3699 2459 3754 in
2516 3699 2792 3772 terris,qui
2836 3717 3191 3773 supernorum
3233 3722 3444 3777 quoque
3489 3712 3785 3779 spirituum

2189 3792 2463 3847 scientiam
2493 3808 2819 3866 sensumque
2865 3800 3269 3867 transcenderis,
3310 3812 3436 3858 ante
3465 3807 3672 3860 saecula
3700 3822 3787 3861 re-

2189 3892 2318 3951 gnat
2344 3882 2397 3936 in
2424 3883 2596 3939 cmlis.
2641 3884 2912 3956 Scriptum
2946 3891 3143 3960 quippe
3172 3902 3292 3947 est:
3326 3892 3479 3948 Jesus
3505 3912 3638 3967 ergo
3671 3913 3787 3950 cum

2190 3980 2502 4049 ragnovisset
2528 3982 2646 4051 quia
2684 3984 2881 4037 venturi
2903 3995 3067 4040 essent
3096 3997 3150 4040 ut
3181 4000 3416 4057 raperent
3446 4006 3595 4059 eum,
3630 4001 3681 4046 et
3704 3994 3789 4058 fa.

2193 4081 2361 4125 cerent
2381 4089 2497 4127 eum
2534 4090 2735 4144 regem,
2755 4084 2779 4121 ε
2798 4076 2929 4145 fugit
2948 4079 3131 4132 iterum
3162 4079 3215 4132 in
3246 4092 3465 4136 montem
3495 4085 3616 4152 ipse
3644 4086 3787 4140 solus

2193 4161 2366 4235 (Joan.
2403 4178 2477 4231 vt,
2514 4166 2623 4235 15).
2666 4166 2794 4234 Quis
2823 4170 2969 4223 enim
3001 4171 3291 4243 principari
3330 4176 3647 4233 hominibus
3679 4190 3785 4234 tam

2192 4254 2309 4311 sine
2336 4257 2491 4327 culpa
2522 4259 2807 4325 potuisset,
2856 4276 3016 4332 quam
3048 4264 3093 4317 is
3118 4264 3208 4333 qui
3257 4266 3356 4321 hos
3404 4269 3672 4325 nimirum
3707 4288 3790 4326 re-

2195 4357 2362 4419 geret,
2417 4364 2554 4419 quos
2602 4351 2719 4420 ipse
2770 4355 3091 4408 creaverat?
3137 4356 3243 4411 Sed
3288 4358 3415 4427 quia
3469 4359 3688 4417 idcirco
3738 4365 3789 4416 in

2194 4454 2360 4496 carne
2390 4450 2629 4509 venerat,
2663 4452 2723 4497 ut
2752 4459 2855 4499 non
2886 4445 3058 4500 solum
3092 4462 3187 4502 nos
3218 4464 3311 4516 per
3337 4451 3656 4518 passionem
3709 4472 3791 4510 re-

501 4550 691 4599 xxxtv,
725 4532 816 4599 18,
844 4533 961 4602 19).
987 4534 1192 4603 Aquam
1216 4534 1412 4604 quippe
1443 4533 1872 4603 limpidissimam
1897 4536 2087 4592 Pasto-
2115 4528 2164 4588 Ι)
2191 4530 2436 4597 dimeret,
2473 4534 2523 4604 5
2554 4547 2739 4588 verum
2778 4534 2939 4589 etiam
2972 4550 3066 4604 per
3103 4540 3575 4596 conversationem
3619 4544 3789 4599 doce-

501 4639 592 4678 res
638 4623 844 4692 bibunt,
878 4638 999 4678 cum
1030 4625 1232 4679 ﬂuenta
1265 4623 1506 4679 veritatis
1535 4632 1680 4679 recte
1722 4625 2085 4696 intelligentes

503 4715 774 4769 hauriunt.
823 4714 929 4770 Sed
961 4715 1206 4771 eamdem
1238 4730 1430 4786 aquam
1462 4715 1687 4786 pedibus
1735 4719 2085 4788 perturbare,

502 4815 587 4860 cst
616 4815 813 4861 sanctas
840 4804 1201 4861 meditationis
1226 4806 1401 4861 studia
1430 4808 1568 4863 male
1591 4807 1819 4863 vivendo
1842 4823 2090 4864 corrum-

466 4887 472 4893 ’
505 4911 649 4965 pere.
679 4898 884 4965 Aquam
919 4896 1124 4951 scilicet
1167 4911 1353 4951 eorum
1386 4897 1651 4953 turbatam
1694 4898 1918 4967 pedibus
1962 4915 2091 4956 oves

504 4989 713 5053 bibunt,
769 5001 890 5043 cum
922 4986 1147 5057 subjecti
1198 4987 1398 5058 quique
1447 5004 1555 5045 non
1601 4998 1877 5049 sectantur
1925 4991 2088 5047 verba

505 5097 624 5152 quae
673 5082 915 5147 audiunt,
965 5081 1060 5137 sed
1102 5080 1218 5135 sola
1249 5078 1414 5151 quasll
1472 5082 1810 5151 conspiciunt
1838 5084 2088 5153 exempla

508 5172 788 5241 pravitatis
815 5172 1112 5229 imitantur.
1150 5173 1253 5240 Qui
1281 5187 1403 5227 cum
1430 5172 1572 5229 dicta
1600 5173 1818 5239 sitiunt,
1845 5174 1968 5245 quia
1996 5189 2092 5245 per

579 5321 605 5348 ι
640 5311 752 5364 Duo
778 5308 1222 5385 prioresAGemct,
1254 5310 1519 5368 secundus
1563 5310 1730 5377 Aud.,
1784 5310 1945 5385 Lyr.,
1978 5312 2087 5369 Ro-

464 5444 465 5447 η
509 5381 767 5450 thomag.,
799 5382 1057 5449 mysterio.

583 5450 610 5490 δ
630 5453 843 5524 Tertius
853 5452 1093 5524 Cagnat"
1110 5451 1426 5523 Rothomag.
1439 5494 1453 5516 ,
1469 5453 1910 5524 secundusAud.,
1930 5452 2083 5524 Lyr.,

509 5523 756 5593 Longip.,
784 5521 898 5593 γει.
924 5519 1029 5593 CL,
1063 5524 1293 5592 legendo.
1338 5519 1501 5579 Error
1527 5525 1747 5579 forsitan
1775 5519 1992 5593 irrepsit
2016 5519 2082 5579 ex

458 5642 463 5647 .
512 5591 972 5665 modo‘scrihcndi
1019 5591 1278 5660 veterum,
1305 5596 1395 5665 qui
1422 5595 1693 5660 dixerunt,
1724 5591 2084 5665 intelligendo,

488 5675 568 5734 out
591 5674 672 5722 est
696 5664 747 5717 in
778 5663 932 5727 'l'rec,

590 5745 609 5771 ε
635 5734 863 5800 Bellum,
894 5734 1110 5805 reliqua.

2194 4633 2298 4690 ret,
2341 4626 2644 4694 exemplum
2694 4640 2754 4680 se
2784 4629 3132 4695 sequentibus
3184 4630 3451 4695 prteb-ns,
3513 4648 3621 4687 rex
3678 4636 3792 4689 fieri

2196 4714 2385 4781 noluit,
2416 4714 2484 4769 ad
2527 4717 2703 4772 crucis
2734 4732 2861 4772 vero
2900 4719 3193 4786 patibulum
3242 4733 3433 4791 sponte
3480 4728 3791 4789 convenit;

2196 4807 2433 4863 oblatam
2477 4809 2703 4876 gloriam
2756 4809 3007 4865 culminis
3056 4811 3207 4881 fugit,
3252 4828 3466 4881 pinnam
3504 4815 3793 4883 probrosa:

2197 4907 2390 4954 mortis
2437 4901 2690 4969 appetiit;
2725 4908 2783 4955 ut
2812 4903 3051 4957 membra
3082 4904 3203 4972 eius
3235 4904 3483 4960 videlicet
3509 4907 3793 4962 discerent

2195 4990 2405 5045 favores
2433 4991 2613 5044 mundi
2660 4991 2862 5060 fugere,
2908 5001 3147 5049 terrores
3189 4996 3407 5050 minime
3432 4997 3658 5063 timere,
3694 5014 3795 5066 pro

2196 5084 2427 5139 veritate
2454 5084 2677 5138 adversa
2721 5084 2967 5155 diligere,
3017 5102 3276 5159 prospera
3322 5087 3666 5145 formidanda
3697 5092 3794 5147 de-

2196 5177 2418 5241 clinare,
2452 5176 2578 5246 quia
2606 5186 2663 5230 et
2690 5175 2790 5231 ista
2843 5191 2988 5246 saepe
3018 5193 3113 5247 per
3162 5189 3429 5237 tumorem
3470 5196 3567 5238 cor
3611 5182 3793 5255 inqui-

2268 5309 2293 5349 δ
2320 5312 2505 5379 Corb.,
2537 5311 2857 5383 conspiciunt
2880 5328 3054 5383 opera.

2264 5391 2288 5451 τ
2318 5383 2372 5436 In
2403 5383 2542 5451 plur.
2568 5382 2739 5437 Codd.
2758 5422 2775 5449 ,
2828 5400 2984 5437 causa
3014 5384 3198 5437 ruinw.

2269 5450 2287 5488 ί
2321 5450 2568 5520 Plerique
2598 5452 2810 5518 Norm.,
2842 5455 3021 5506 melius
3050 5464 3157 5505 erat
3188 5454 3252 5507 ei.

2267 5531 2291 5568 ε
2324 5523 2530 5577 Primus
2558 5523 2698 5577 Aud.
2728 5532 2807 5600 _et
2835 5532 2941 5577 tres
2984 5523 3193 5578 Censet.
3215 5536 3522 5600 __:_veneruut
3547 5540 3604 5580 ut
3638 5546 3793 5600 rape-

2193 5601 2312 5667 rent
2334 5608 2470 5659 eum,
2500 5600 2547 5667 et
2578 5594 2935 5667 constituerent
2967 5608 3135 5667 regem
3180 5595 3297 5659 sibi,
3331 5611 3431 5663 quo
3462 5600 3678 5667 cognita
3706 5594 3793 5667 tu.

2192 5666 2266 5734 git
2294 5664 2479 5717 iterum
2511 5664 2564 5716 in
2597 5676 2815 5734 montem
2856 5664 2964 5725 ipse
2993 5665 3133 5717 solus
3175 5674 3219 5718 et
3250 5664 3641 5725 abscondit-se.
3690 5664 3794 5729 Alit

2193 5732 2400 5801 Norm.,
2431 5749 2531 5802 quo
2558 5749 2706 5802 cogn.
2732 5732 2905 5800 Iesus,
2929 5738 3022 5803 fug
3047 5742 3063 5787 t
3086 5746 3132 5788 et
3162 5736 3425 5791 abscondit
3455 5754 3530 5793 se.
