1984 3156
108 142 139 170 Π
197 140 200 143 ’
530 141 683 172 REGULE
704 142 920 172 PASTORALIS
939 142 1053 172 LIBER.
1071 160 1106 165 —
1124 144 1214 175 PdRS
1232 145 1351 176 PRIMA.
1719 152 1754 180 l8

107 202 182 230 sant,
201 197 232 225 et
249 197 295 226 illa
313 205 362 232 per
376 197 496 225 dolorem
512 204 637 234 purgant.
652 200 680 228 ln
693 201 750 229 istis
764 208 794 229 se
804 202 910 229 animus
922 201 949 230 Δ
961 202 1122 238 cogitatione
1140 209 1170 231 se
1181 203 1288 231 animus
1301 203 1398 237 elevat.
1414 208 1441 233 et
1457 205 1534 240 plene
1548 206 1575 234 in
1587 213 1617 235 se
1631 207 1755 244 iramjtr-

107 245 197 279 erigit,
226 252 255 271 tn
282 244 336 272 illis
361 249 450 271 autem
467 245 572 272 etiamsi
598 248 704 280 quando
727 254 756 274 se
782 247 908 280 erexerit,

107 290 215 316 sternit.
235 290 263 316 ln
280 290 339 317 istis
363 297 424 317 sese
440 290 521 317 homo
536 291 711 324 obliviscitur,
732 294 757 319 in
774 293 827 320 illis
844 301 910 321 vero

108 336 138 362 ad
152 337 196 363 sui
215 336 379 363 memoriam
403 337 499 364 nolens
515 337 595 364 etiam
619 343 782 373 coactusque
801 347 909 366 revoca-

108 387 157 408 tur.
185 382 214 408 ln
231 381 292 409 istis
311 388 386 416 saepe
410 386 438 408 et
452 387 575 409 anteacta
600 383 668 410 bona
694 384 853 419 depereunt,
881 385 907 412 in

108 427 160 453 illis
174 431 268 453 autem
286 426 359 461 longi
382 433 490 461 quoque
513 428 641 462 temporis
663 429 779 457 admissa
800 434 908 464 tergun-

109 475 160 498 tur.
170 471 238 498 Nam
246 471 404 506 plerumque
412 472 581 500 adversitatis
596 474 749 508 magisterio
761 475 812 502 sub
827 476 908 503 disci-

110 518 181 552 p'ina
192 525 240 544 cor
253 519 385 552 premitur
397 526 403 543 :
413 518 484 551 quod
491 518 512 544 si
520 518 551 545 ad
559 520 696 554 regiminis
704 521 808 549 culmen
815 529 907 556 erupe-

113 564 189 594 rit,in
197 563 340 590 elationem
357 563 480 597 protinus
503 571 552 590 usu
568 564 658 599 gloria:
675 571 848 598 permittatur.
861 567 905 594 Sic

113 609 238 644 Saul,qni
246 609 384 643 indignum
393 616 423 636 se
431 609 502 643 prius
511 610 684 638 considerans
692 611 869 646 fugerat,mox
877 617 905 638 ut

111 654 180 688 regni
197 654 380 688 gubernacula
401 654 532 688 suscepit,
547 654 672 682 intumuit
688 655 714 690 (I
729 656 793 691 Reg.
812 665 835 689 ι,
849 657 902 690 22;

112 708 152 732 xv,
171 700 219 734 l7,
242 700 287 735 50)
312 701 463 733 ;hon0rari
487 708 602 735 namque
626 709 715 729 coram
742 703 838 737 populo
859 711 904 730 cu-

112 746 196 778 p'cus,
214 745 276 772 dum
300 746 464 780 reprehendi
485 746 591 780 publice
612 747 706 779 noluit,
732 748 816 781 ipsum
832 749 875 783 qui
890 754 902 767 η

112 792 135 818 in
151 800 263 827 regnum
278 800 306 819 se
317 797 441 825 unxerat,
457 793 535 820 scidit
551 793 620 829 (Act.
640 802 698 826 χιιι,
713 795 770 829 22).
784 796 829 823 Sic
851 796 902 823 0a-

112 837 153 864 vid
168 838 286 865 auctoris
308 838 410 872 judieio
425 846 492 873 pene
507 840 533 866 in
549 841 652 867 cunctis
664 841 767 868 actibus
782 842 900 877 placens,

960 247 1027 275 dicis
1038 253 1176 283 provocat,
1191 248 1313 284 quamvis
1332 257 1381 284 per
1401 250 1492 285 iniqna
1508 251 1578 279 foras
1601 259 1686 286 opera
1699 261 1754 280 non

960 298 1091 329 erumpat.
1107 295 1136 330 θ
1149 293 1225 322 Intus
1247 295 1346 330 quippe
1360 301 1401 324 est
1414 297 1458 331 qui
1472 297 1584 331 judicat,
1599 304 1668 326 Intus
1681 300 1752 333 quod

957 339 1100 373 iudicatur.
1117 340 1183 368 Cum
1196 348 1261 376 ergo
1283 341 1310 369 in
1325 342 1406 370 corde
1423 342 1615 378 delinquimus,
1630 344 1693 372 latet
1710 346 1746 372 ho

958 384 1045 412 mines
1059 386 1128 420 quod
1141 387 1211 421 apud
1222 394 1271 415 nos
1290 388 1405 422 agimus,
1420 389 1466 416 sed
1481 394 1569 417 tamen
1590 391 1648 425 ipso
1658 390 1750 426 judice

958 432 1027 457 teste
1042 438 1194 463 peccamus.
1216 432 1307 467 Neque
1319 434 1391 461 enim
1417 438 1430 454 ο
1445 442 1492 462 rex
1518 435 1671 470 Babylonia;
1685 441 1748 464 ttmc

959 481 1023 503 reus
1039 475 1073 504 de
1088 476 1206 505 elatione
1217 479 1319 506 exstitit
1331 479 1412 514 (Dan.
1427 487 1464 513 tv,
1486 480 1530 512 l6,
1549 480 1627 516 seq.),
1642 487 1702 508 cum
1718 482 1753 509 ad

956 519 1080 548 elationis
1089 521 1169 549 verba
1185 524 1322 557 pervenit;
1341 525 1439 560 quippe
1461 525 1505 559 qui
1520 533 1569 553 ore
1591 526 1752 562 prophetico

956 568 983 593 et
995 570 1058 594 ante
1071 573 1131 594 cum
1149 566 1159 586 ί
1175 568 1208 594 ab
1222 569 1337 596 elatione
1359 570 1452 603 tacuit,
1467 571 1628 598 sententiam
1654 579 1748 607 repro-

955 610 1069 639 bationis
1081 612 1191 640 audivit.
1203 612 1312 649 Culpam
1325 622 1438 650 namque
1448 621 1607 650 perpetrata:
1614 617 1761 651 superbiae-

952 655 1008 690 jam
1023 661 1085 685 ante
1098 657 1259 692 deterserat,
1281 661 1325 694 qui
1340 661 1549 695 omnipotentem
1572 661 1654 689 Deum
1669 669 1750 698 quem

953 709 984 730 se
997 703 1141 731 oﬂ'endisse
1157 705 1266 739 reperit,
1287 706 1391 734 cunctis
1406 706 1456 734 sub
1469 714 1499 735 se
1511 707 1634 742 gentibus
1647 708 1747 743 pratdi-

953 749 1033 776 cavit.
1050 749 1102 777 Sed
1115 754 1174 784 post
1189 751 1246 778 baac
1262 757 1389 779 successu
1401 759 1457 780 sua
1469 753 1608 787 potestatis
1615 753 1746 786 elevatus,

953 792 1015 821 dum
1031 802 1124 829 magna
1137 802 1166 823 se
1181 794 1276 823 iecisse
1290 796 1428 832 gauderet.
1441 797 1546 825 cunctis
1566 798 1642 833 prius
1656 798 1685 825 in
1699 805 1747 825 co-

953 839 1082 874 gitatione
1101 847 1131 868 se
1152 841 1277 875 praetulit,
1292 845 1320 869 et
1342 846 1402 876 post
1419 842 1506 870 adhuc
1520 843 1640 876 tumidus
1653 842 1722 871 dixit
1737 851 1745 870 :

114 891 173 910 mox
199 887 228 910 ut
242 891 379 926 Ipressnrze
396 885 513 918 pondere
527 886 623 916 caruit.
649 887 674 912 in
692 891 823 914 tumorem
846 888 901 915 vui.
918 879 941 909 Β
955 885 1050 913 Nonne
1062 886 1116 914 btet:
1135 891 1172 914 est
1189 886 1305 923 Babylon
1323 896 1426 924 mgna,
1440 897 1515 924 quant
1529 897 1575 924 ego
1585 889 1746 924 adiﬁraviin

115 929 185 955 neris
198 929 283 963 erupit
298 928 341 963 (Il
358 929 421 964 Reg.
448 937 484 962 xt,
510 930 537 963 5,
560 931 637 965 seq.),
654 931 792 966 factusque
810 937 850 960 est
875 933 900 960 in

114 979 201 1002 morte
213 974 228 994 ι’
244 974 296 1001 viri
317 974 461 1002 crudeliter
482 975 592 1010 rigidus,
609 977 654 1010 qui
680 977 705 1004 in
731 978 848 1012 appetitu
864 979 902 1006 ie-

113 1019 197 1046 minae
209 1019 257 1046 init
272 1019 404 1047 enervitcr
416 1020 520 1052 ﬂuxus;
537 1024 564 1047 et
577 1021 622 1054 qui
647 1021 724 1049 malis
738 1027 800 1050 ante
821 1030 902 1051 nove-

112 1068 153 1090 rat
168 1065 212 1098 pie
225 1072 346 1098 parcere,
362 1066 387 1093 in
405 1067 534 1093 bonorum
549 1074 655 1102 quoque
671 1075 765 1095 necem
781 1075 840 1103 post
861 1070 900 1096 di-

114 1110 174 1137 dicit
185 1110 245 1139 sine
253 1111 391 1139 obstaculo
401 1113 595 1141 retractationis
603 1114 729 1142 anhelare
736 1114 827 1148 (Ibid.,
837 1116 881 1151 l5)
888 1136 894 1142 .

115 1156 184 1184 Prius
195 1157 295 1192 quippe
318 1158 400 1186 t'erire
418 1159 615 1194 deprehensum
632 1166 831 1195 persecutorem
853 1170 901 1190 no-

117 1201 169 1234 luit,
182 1207 209 1230 et
222 1207 286 1237 post
298 1211 360 1231 cum
374 1204 473 1233 damno
487 1205 643 1233 desudantis
667 1208 801 1235 exercitus
820 1209 899 1236 etiam

116 1247 229 1275 devotum
245 1248 362 1277 militem
373 1246 512 1278 exstinxit.
522 1251 607 1285 Quem
622 1252 741 1286 profecto
754 1254 788 1280 ab
802 1254 901 1281 electo-

117 1300 167 1319 rum
179 1301 294 1321 numero
307 1295 389 1329 culpa
404 1296 508 1330 longius
523 1301 638 1331 raperet.
655 1297 706 1324 nisi
721 1297 792 1325 hunc
808 1299 842 1325 ad
855 1306 900 1326 ve-

117 1338 177 1366 niam
192 1339 301 1374 ﬂagella
317 1346 500 1369 revocassent.

416 1397 528 1426 CAPUT
549 1399 591 1426 IV.

115 1441 179 1473 Quod
193 1441 345 1478 plerItnque
358 1444 492 1477 oceupntio
507 1444 636 1485 reginﬁnia
651 1446 806 1472 soliditatem
821 1446 899 1473 dissi-

427 1484 468 1512 pet
488 1484 587 1506 montis.

144 1521 216 1556 Sspe
227 1529 354 1558 suscepta
375 1531 438 1551 cura
459 1524 596 1559 regiminis
622 1533 668 1552 cor
680 1533 727 1557 per
741 1525 845 1553 diversa
860 1526 900 1553 di—

113 1568 240 1601 verberat,
254 1575 282 1597 et
297 1570 383 1605 impar
392 1571 505 1607 quisque
516 1571 650 1600 invenitur
659 1572 692 1600 ad
705 1573 819 1608 singula,
833 1574 895 1602 dum
911 1569 935 1601 C

113 1616 217 1644 contusa
230 1622 320 1645 mente
343 1618 474 1649 dividitur
497 1619 530 1646 ad
549 1620 641 1647 mttlta.
661 1619 737 1648 Unde
760 1625 771 1640 ο
788 1620 898 1656 quidam

113 1661 219 1695 sapiens
235 1663 342 1697 provide
356 1663 497 1697 prohibet,
510 1664 602 1693 dicens
616 1674 623 1694 :
644 1665 709 1700 Fili,
725 1674 757 1694 ne
771 1667 797 1693 in
812 1667 899 1694 multis

114 1707 247 1734 ιὶιιιπειιι
259 1708 298 1734 lui
308 1707 401 1743 (Eccli.
426 1716 463 1741 XI,
488 1708 542 1744 l0),
568 1710 629 1745 quia
644 1710 769 1738 videlicet
796 1718 898 1746 nequa-

114 1759 186 1785 quam
207 1752 286 1786 plene
309 1753 335 1780 in
351 1753 557 1790 uniuscujusque
571 1755 661 1790 operis
676 1755 779 1784 ratione
792 1756 897 1793 colligi-

115 1801 161 1831 tur,
176 1797 242 1825 dum
258 1806 334 1826 mens
349 1806 398 1833 per
419 1799 526 1828 diversa
549 1801 670 1835 partitur.
692 1802 812 1837 Cumque
827 1802 898 1830 foras

114 1850 155 1875 per
165 1843 327 1872 insolentem
340 1853 431 1872 curam
446 1846 569 1880 trahitur,
585 1854 599 1873 a
616 1847 719 1875 timoris
733 1847 819 1875 intimi
836 1849 900 1877 soli—

112 1888 186 1916 ditate
197 1895 327 1918 vacuatur
342 1899 349 1918 :
364 1890 393 1918 ﬁt
407 1891 432 1919 in
450 1891 615 1920 exteriorum
627 1891 641 1912 ἀ
656 1892 832 1927 dispositione
844 1894 899 1922 sol-

114 1934 225 1966 κῶλα
236 1936 279 1962 soi
299 1935 466 1963 solummodo
485 1938 587 1971 ignara,
602 1937 652 1965 scit
668 1938 750 1965 multa
766 1939 895 1973 cogitare,

113 1985 140 2006 se
151 1981 283 2008 nesciens.
300 1980 366 2008 Nam
388 1989 449 2009 cum
464 1982 523 2017 plus
533 1990 613 2017 quam
628 1990 739 2011 necesse
753 1988 794 2012 est
808 1992 837 2012 se
849 1992 898 2012 ex-

113 2026 249 2054 terioribus
269 2026 399 2061 implicat,
413 2029 489 2063 quasi
505 2034 634 2062 occupata
648 2030 674 2057 in
694 2029 790 2058 itinere
809 2030 900 2058 oblivi-

111 2071 187 2098 scitur
196 2079 253 2105 quo
268 2072 408 2106 tendebat;
421 2073 454 2100 ita
466 2078 495 2100 ut
505 2074 539 2101 ab
552 2074 640 2102 studio
651 2082 707 2103 suae
719 2075 899 2110 inquisitionis

112 2117 203 2149 aliena,
219 2126 254 2146 ne
266 2119 323 2154 ipsa
335 2121 440 2154 quidem
451 2129 511 2155 qua:
521 2121 618 2155 patitur
628 2122 724 2150 damna
735 2123 898 2157 consideret,

112 2168 137 2190 et
146 2171 192 2198 per
208 2169 310 2199 quanta
323 2166 460 2200 delinquat
474 2167 586 2200 ignoret.
601 2168 692 2202 Neque
706 2168 776 2196 enim
788 2176 899 2203 peccare

111 2216 139 2236 se
154 2209 281 2238 Ezechias
294 2212 408 2238 credidit
424 2211 478 2248 (IV
495 2212 559 2247 Reg.
574 2221 620 2245 xx,
644 2213 699 2248 l5),
713 2220 773 2241 cum
788 2214 899 2242 venien-

953 935 1057 960 domunt
1072 936 1154 970 regni,
1169 939 1193 962 et
1208 936 1234 962 in
1249 937 1339 963 robore
1354 937 1515 971 fortitudinis
1527 944 1600 969 meat,
1615 941 1639 963 rt
1649 937 1676 963 in
1686 936 1745 971 glo-

952 978 992 1005 ria
1002 979 1102 1006 decoris
1117 980 1186 1007 mei?
1199 979 1294 1014 (Ibid.,
1308 988 1345 1013 tv,
1359 981 1418 1016 27.)
1429 981 1494 1015 Quae
1510 981 1633 1009 videlicet
1645 989 1696 1009 vox
1712 981 1746 1009 il-

953 1024 1004 1051 lius
1019 1024 1066 1052 inc
1082 1025 1224 1053 vindictam
1250 1032 1342 1060 aperte
1364 1028 1482 1061 pertulit,
1499 1033 1512 1052 ι
1537 1036 1617 1062 quam
1641 1029 1746 1056 occulta

952 1070 1032 1098 elatio
1046 1071 1184 1098 accendit.
1200 1071 1266 1099 Nam
1282 1071 1418 1100 districtus
1431 1073 1511 1108 judex
1528 1073 1601 1108 prius
1625 1073 1745 1101 invisibi-

952 1108 1013 1143 liter
1025 1115 1092 1143 vidit
1103 1116 1174 1151 quod
1194 1120 1286 1150 postea
1302 1117 1408 1151 publice
1422 1117 1545 1145 feriendo
1560 1118 1744 1152 reprehendit.

952 1159 1028 1189 Unde
1038 1164 1067 1188 et
1084 1160 1111 1188 in
1138 1160 1294 1189 irrationale
1308 1161 1406 1189 animal
1433 1162 1503 1190 hunc
1527 1163 1617 1196 vertit,
1644 1164 1678 1190 ab
1693 1163 1744 1190 hn-

952 1214 1028 1234 mana
1045 1206 1174 1235 societate
1187 1207 1330 1242 separavit,
1347 1207 1402 1242 agri
1419 1207 1511 1235 bestiis
1526 1212 1627 1236 mutata
1651 1214 1743 1238 mente

951 1251 1102 1287 conjunxit,
1119 1251 1277 1279 utdistricto
1284 1251 1407 1279 videlicet
1417 1252 1543 1288 justoque
1549 1252 1650 1287 judicio
1661 1253 1743 1281 homo

951 1307 1058 1335 quoque
1071 1307 1131 1328 esse
1147 1299 1283 1334 perderet,
1294 1299 1339 1334 qui
1355 1307 1478 1335 magnum
1489 1307 1520 1327 se
1534 1299 1604 1327 ultra
1618 1300 1743 1328 homines

951 1345 1119 1373 testimasset.
1138 1345 1200 1373 Haec
1212 1345 1301 1380 itaque
1315 1345 1492 1380 prolerentcs,
1513 1353 1571 1374 non
1581 1350 1739 1381 potestatun

952 1392 1182 1427 reprehendimus,
1197 1392 1244 1420 sed
1253 1391 1290 1419 ab
1303 1393 1420 1426 appetitu
1436 1392 1508 1419 illius
1522 1392 1612 1420 cordis
1626 1392 1739 1420 inﬁrmi-

952 1442 1034 1466 tatem
1048 1438 1195 1471 munimus,
1220 1445 1254 1466 ne
1271 1437 1420 1474 imperfecti
1436 1439 1534 1473 quique
1548 1438 1655 1466 culmen
1676 1439 1743 1465 arri-

952 1491 1015 1518 pere
1025 1483 1163 1519 regiminis
1182 1483 1309 1516 audeant,
1324 1487 1351 1511 et
1364 1483 1407 1518 qui
1423 1483 1449 1511 in
1466 1483 1553 1518 planis
1563 1481 1577 1501 ¹¹
1590 1487 1691 1511 stantes
1707 1483 1742 1511 ti.

951 1529 1056 1562 tubant,
1072 1529 1098 1557 in
1111 1529 1240 1565 praecipiti
1254 1528 1349 1564 pedem
1363 1532 1473 1564 ponant.

1269 1598 1383 1627 CAPUT
1403 1599 1435 1626 ν.

950 1667 990 1695 De
1006 1668 1045 1694 bis
1067 1668 1111 1701 qui
1135 1669 1161 1694 in
1188 1668 1319 1702 regimina
1344 1667 1455 1695 culmine
1485 1666 1603 1701 prodesse
1629 1666 1744 1700 exemplo

986 1704 1105 1731 uirtutum
1121 1707 1238 1737 possunt,
1253 1702 1298 1729 sed
1307 1703 1416 1737 quietem
1427 1702 1558 1736 propriam
1569 1703 1690 1729 testando
1699 1710 1742 1729 re-

987 1739 1102 1773 fugiunt.

987 1799 1053 1826 Nam
1068 1804 1130 1825 sunt
1143 1797 1275 1830 nonnulli,
1289 1797 1335 1833 qui
1348 1797 1445 1825 eximia
1458 1797 1584 1825 virtutum
1598 1798 1665 1824 dona
1681 1805 1742 1832 pcr-

950 1845 1060 1879 cipinnt,
1075 1849 1103 1872 et
1116 1851 1164 1879 pro
1177 1843 1369 1872 exercitatione
1386 1849 1543 1871 caeterorum
1559 1844 1661 1878 magnis
1681 1851 1741 1870 IIIII-

950 1890 1059 1918 neribus
1069 1889 1231 1921 enitantur,
1246 1889 1291 1924 qtti
1302 1888 1391 1916 studio
1415 1889 1546 1916 castitatis
1569 1888 1673 1920 mundi.
1694 1888 1743 1915 ali<

950 1936 1083 1964 stinentim
1111 1936 1207 1963 robore
1232 1934 1325 1966 validi,
1346 1934 1475 1962 doctrime
1500 1933 1614 1968 dapibus
1640 1934 1743 1967 referti,

950 1982 1087 2017 patientiae
1102 1980 1302 2017 longanimitate
1316 1980 1442 2013 humiles,
1457 1980 1622 2007 auctoritatis
1636 1979 1742 2007 fortitu-

950 2029 1013 2055 dine
1023 2026 1115 2059 erecti,
1133 2025 1237 2060 pietalis
1250 2026 1334 2061 gratia
1348 2025 1465 2060 benigni,
1477 2025 1587 2058 justititc
1600 2025 1743 2054 severitate

951 2074 1062 2101 districti
1076 2076 1147 2101 sunt.
1161 2072 1210 2105 Qui
1222 2072 1349 2100 nimirum
1361 2072 1467 2099 culmen
1483 2071 1642 2106 rcgiminum
1656 2072 1678 2099 si
1693 2078 1740 2099 vo-

951 2119 1003 2147 cati
1016 2118 1154 2153 suscipere
1183 2122 1310 2151 renuunt,
1328 2117 1385 2152 ipsa
1411 2117 1462 2144 sibi
1490 2117 1646 2151 plerumque
1671 2117 1742 2148 dona

951 2155 1082 2197 adimunt,
1097 2172 1156 2199 quze
1178 2172 1231 2191 non
1257 2171 1305 2198 pro
1319 2171 1348 2190 se
1375 2162 1567 2194 tantummodo,
1588 2162 1637 2190 sed
1660 2163 1741 2190 etiam

951 2220 999 2248 pro
1016 2212 1076 2239 aliis
1089 2214 1259 2245 acceperunt.
1273 2209 1393 2244 Cumque
1404 2216 1451 2236 sua
1462 2213 1489 2236 et
1504 2216 1558 2236 non
1570 2208 1682 2236 aliorum
1698 2209 1741 2236 lu-
1753 2232 1756 2236 .

113 2255 177 2282 tibus
187 2255 219 2282 ad
234 2263 266 2283 se
281 2256 438 2292 alienigenis
452 2263 599 2285 aromatum
611 2258 691 2286 cellas
701 2259 834 2292 ostendit;
851 2259 898 2287 sed
915 2259 940 2290 D
952 2267 996 2287 cra
1011 2258 1138 2294 cogitant.
1154 2256 1219 2292 ipsis
1237 2262 1276 2290 se,
1291 2261 1350 2291 qua:
1370 2255 1471 2290 privata
1486 2254 1585 2282 habere
1600 2257 1741 2288 appetultl.

114 2301 139 2327 in
151 2302 347 2330 damnationem
368 2307 502 2331 secuturae
517 2304 600 2338 prolis
622 2312 653 2332 ex
667 2311 701 2332 eo
722 2305 787 2332 iram
801 2305 899 2339 judicis

116 2348 226 2381 pendit,
248 2349 322 2382 quod
346 2356 376 2376 se
400 2348 489 2377 facere
515 2349 626 2377 licenter
653 2350 798 2378 aestimavit
821 2351 897 2387 (Isai.

116 2400 204 2426 xxxix,
220 2393 257 2428 ι).
274 2395 354 2428 Saepe
374 2395 437 2422 dum
459 2395 539 2422 multa
553 2399 707 2430 suppetunt,
722 2396 838 2430 dumque
858 2397 900 2432 agi

115 2444 231 2472 possunt,
251 2446 314 2474 qua
329 2440 439 2474 subjecti
455 2441 515 2470 quia
530 2445 589 2468 acta
603 2445 668 2468 sunt
681 2441 855 2475 admirentur,
873 2442 899 2469 in

146 2509 160 2522 ⁸
179 2504 215 2531 Ita
234 2505 298 2533 Mss.
326 2512 395 2540 pene
416 2513 521 2538 omnes,
542 2510 587 2533 aut
600 2506 627 2533 in
653 2513 742 2541 regno.
770 2506 848 2539 Editi,
872 2507 899 2534 in

112 2548 275 2615 "ﬁmi-iacui
291 2583 360 2611 pene
372 2583 466 2604 omnes
480 2564 559 2608 Uriw,
574 2575 665 2603 invitis
679 2575 743 2603 Mss.
756 2576 858 2611 Anglic.
871 2580 900 2604 et

114 2615 291 2681 ﬁngunt.
309 2645 424 2679 Vulgati,
437 2647 565 2679 admonet,
580 2646 678 2681 quibus
690 2646 817 2673 contnarii
834 2650 898 2673 sunt

118 2680 175 2707 Mss.
191 2680 322 2708 Caeterum
348 2680 478 2708 familiare
502 2680 686 2716 estGregoriu
707 2680 779 2708 Libri
803 2681 900 2708 Eccle-

116 2716 208 2742 siastici
230 2721 378 2746 auctorem.
399 2717 534 2749 quemdam
547 2717 687 2751 sapientem
701 2716 858 2751 appellare,
870 2720 900 2743 ut

115 2755 220 2779 celetes
234 2751 280 2778 lib.
297 2759 331 2778 vn
352 2751 461 2782 Μαι-ιιι..
475 2759 550 2778 num.
565 2750 610 2782 45,
633 2752 680 2779 lib.
697 2759 744 2783 xx,
762 2759 835 2778 num.
851 2750 897 2782 5|,

114 2784 157 2813 lib.
171 2793 255 2817 xxv“,
266 2794 341 2813 nutu.
357 2786 404 2818 53,
419 2790 473 2813 etc.
489 2786 554 2814 Vide
577 2786 657 2813 etiam
677 2786 755 2818 inira,
782 2785 897 2813 secttnda

113 2826 192 2856 parte,
204 2821 306 2856 caput}.
323 2821 521 2856 Eodemrtitulo
531 2820 650 2856 designat
663 2821 821 2856 scriptorem
838 2821 900 2849 libri

112 2855 249 2889 Sapienti:
260 2858 372 2892 passim.
389 2855 459 2884 Vide
471 2855 516 2883 lib.
535 2855 682 2886 xtu'nutn.
695 2855 741 2884 26.

951 2305 1029 2333 bouis
1053 2304 1169 2339 privant.
1186 2302 1254 2330 Hinc
1281 2308 1395 2336 namque
1416 2301 1447 2327 ad
1471 2299 1616 2334 discipulos
1638 2299 1744 2326 Veritas

951 2351 1015 2378 dicit
1031 2359 1038 2377 :
1056 2350 1118 2377 Non
1137 2352 1218 2384 potest
1230 2347 1319 2373 civitas
1342 2345 1466 2372 abscondi
1484 2353 1562 2378 super
1576 2349 1683 2372 mentem
1699 2353 1743 2379 po-

953 2396 1019 2427 sita;
1040 2401 1121 2429 neque
1133 2391 1275 2419 accendunt
1290 2390 1432 2422 lucernam,
1457 2394 1482 2416 et
1505 2394 1607 2425 ponunt
1617 2397 1671 2416 eam
1697 2389 1743 2416 sub

953 2439 1051 2472 modio,
1063 2438 1108 2465 sed
1122 2444 1199 2471 super
1213 2435 1403 2468 candelabrum,
1424 2440 1451 2462 ut
1465 2434 1549 2463 luceat
1568 2435 1684 2462 omnibus
1700 2436 1743 2471 qui

984 2505 998 2524 ά
1023 2504 1127 2531 Primus
1137 2502 1206 2530 And.
1216 2522 1223 2534 ,
1238 2501 1421 2536 disputatione.

983 2546 995 2560 θ
1018 2538 1204 2576 Ῑιιντιεεριιεί.
1221 2538 1232 2563 l
1250 2535 1319 2564 And.
1340 2541 1368 2563 et
1380 2535 1483 2563 duobus
1493 2535 1608 2576 'priorih.
1623 2535 1743 2568 Gemeta,

953 2583 999 2602 rex
1014 2574 1166 2609 Babylonic
1173 2580 1290 2609 successu
1304 2579 1360 2609 suae
1375 2576 1430 2606 pur.
1445 2571 1552 2598 omissis
1566 2571 1637 2599 aliis.

992 2609 1001 2629 ί
1022 2607 1114 2640 ϐοῶ..
1128 2615 1186 2635 cum
1200 2608 1234 2633 ad
1250 2607 1394 2633 elationem.

989 2649 1001 2668 s
1021 2645 1129 2671 Carnot.
1146 2643 1173 2675 Ι,
1188 2650 1264 2675 quem
1275 2646 1357 2667 tamen
1370 2642 1454 2667 tacitae
1464 2640 1583 2668 elationis
1600 2649 1686 2667 vocem
1702 2646 1743 2667 ta-

952 2680 1017 2707 citus
1032 2678 1146 2710 audivit,
1161 2677 1221 2712 quin
1234 2676 1299 2703 hanc
1309 2676 1427 2712 feriendo
1441 2677 1556 2712 protinus
1569 2675 1743 2712 reprehendit.

953 2716 974 2742 Α
990 2714 1150 2752 quibusnon
1168 2710 1280 2752 inultum
1300 2711 1435 2746 discrepat
1457 2710 1566 2739 secundi
1590 2710 1698 2738 Carnot.
1715 2715 1754 2752 et.

954 2747 1024 2777 tertii
1038 2748 1106 2775 And.
1123 2747 1213 2775 lectio.

989 2783 1001 2802 ιι
1023 2784 1049 2819 in
1063 2783 1143 2819 Cprb.
1154 2805 1161 2817 ,
1175 2783 1201 2810 in
1221 2782 1304 2819 planis
1322 2781 1441 2816 titubant,
1458 2782 1557 2810 omisso
1567 2785 1676 2810 stantes.
1691 2780 1743 2810 ιιι·

952 2820 1021 2854 gitur
1032 2818 1058 2846 in
1074 2818 1153 2846 Trec.
