3968 6348
451 283 516 339 I9
1660 287 1901 342 SANCTI
1942 285 2276 342 GRRCORII
2319 287 2533 343 MAGNI
3645 294 3716 345 ν)

450 403 504 455 in
527 402 677 454 domo
699 406 816 454 sunt
854 399 1069 472 (Matth.
1099 417 1151 467 v,
1189 400 1296 472 15).
1330 401 1461 457 llinc
1490 400 1732 461 Potroait
1759 419 1772 457 :
1800 410 1826 439 ⁸
1858 401 2040 458 Simon
2068 403 2116 464 Α
2148 402 2291 454 tinax
2333 414 2437 454 non
2468 408 2571 454 est.
2611 398 2797 469 Neque
2826 399 2967 455 enim
2999 414 3121 457 vere
3150 398 3363 455 humilis
3385 407 3487 468 est,
3516 404 3602 471 qui
3630 417 3719 459 su-

447 490 687 559 Joannis,
716 508 861 547 amas
890 494 1002 547 me?
1036 492 1215 563 (Joan.
1245 508 1334 557 xv,
1368 491 1455 557 16,
1505 493 1617 562 17.)
1662 492 1766 558 Qui
1808 507 1928 548 cum
1976 507 2037 548 sc

451 595 635 636 amare
663 581 909 651 protinus
938 581 1321 651 respondisset,
1352 583 1555 638 audivit
1587 599 1601 638 :
1628 583 1689 639 Si
1727 584 1903 653 diligis
1931 600 2029 649 me.

445 688 596 740 pasce
624 689 740 727 oues
774 690 935 729 meas.
980 674 1037 729 Si
1066 688 1197 744 ergo
1225 674 1529 730 dilectionis
1552 682 1635 730 est
1666 675 2033 730 testimonium

445 778 569 819 cura
609 766 885 834 pastionis,
936 765 1176 835 quisquis
1225 765 1508 823 virtutibus
1562 765 1768 836 pollens
1815 782 2034 837 gregem

448 852 543 908 Dei
571 854 749 908 renuit
789 868 1028 924 pascere,
1081 862 1347 924 pastorem
1384 870 1653 911 summum
1694 855 2033 911 convint-itur

446 959 553 999 non
582 958 786 1000 amare.
825 944 961 1000 Hinc
984 944 1177 1001 Paulus
1192 946 1361 1001 dicit:
1396 946 1456 1002 Si
1484 944 1716 1000 Christus
1745 963 1837 1013 pro
1867 946 2032 1001 omni-

443 1032 536 1088 bus
564 1042 790 1087 mortuus
815 1043 910 1101 est,
953 1050 1076 1106 ergo
1103 1052 1275 1090 omnes
1302 1036 1492 1090 mortui
1516 1044 1653 1092 sunt.
1695 1036 1763 1090 Et
1795 1035 1822 1075 δ
1866 1040 1911 1091 si
1940 1054 2031 1106 pro

442 1126 675 1178 omnibus
703 1135 931 1180 mortuus
957 1134 1053 1193 est,
1084 1137 1313 1198 superest
1345 1128 1507 1197 utqui
1546 1128 1739 1194 vivunt,
1772 1132 1890 1198 jam
1929 1144 2031 1183 non

441 1214 535 1270 tibi
562 1215 752 1280 vivant,
784 1216 875 1269 sed
903 1216 949 1270 ei
970 1217 1061 1286 qui
1083 1233 1175 1285 pro
1218 1217 1343 1287 ipsis
1373 1227 1601 1272 mortuus
1639 1226 1733 1282 est,
1762 1228 1809 1271 et
1845 1233 2031 1273 resur-

442 1306 571 1359 rexit
603 1303 690 1375 (ll
721 1304 841 1362 Cor.
885 1323 939 1374 v,
996 1304 1107 1375 l5).
1168 1307 1303 1362 Hinc
1348 1307 1561 1379 Moyses
1610 1307 1681 1363 ait
1724 1309 2026 1379 (Deuteron.

443 1414 576 1465 xxv,
608 1397 688 1468 5),
720 1408 775 1455 ut
797 1412 1017 1455 uxorem
1050 1399 1231 1455 fratris
1258 1400 1375 1456 sine
1402 1399 1524 1456 filiis
1548 1399 1804 1465 defuncti,
1843 1413 2029 1471 super-

442 1500 553 1547 stes
578 1490 748 1548 frater
772 1493 822 1563 7
870 1493 1115 1563 accipiat,
1148 1502 1307 1563 atque
1336 1493 1403 1549 ad
1440 1508 1634 1550 nomen
1666 1493 1847 1550 fratris
1889 1495 2029 1551 ﬁlios

440 1582 661 1654 gignat:
690 1599 849 1655 quam
880 1585 927 1641 si
956 1585 1201 1655 accipere
1231 1586 1365 1643 forte
1392 1586 1651 1651 renuerit,
1700 1584 1823 1642 huic
1853 1585 1905 1641 in
1949 1584 2027 1641 fa-

439 1674 577 1727 ciem
603 1676 795 1731 mulier
820 1686 1070 1747 exspuat,
1095 1691 1366 1747 unumque
1393 1676 1443 1732 ei
1472 1676 1659 1746 pedem
1694 1677 2025 1747 propinquus

2139 492 2288 562 perni
2320 500 2479 545 nutus
2504 491 2781 546 arbitrium
2815 502 2871 546 ut
2910 492 3104 547 debeat
3131 491 3156 529 ά
3192 507 3423 561 prmesse
3454 494 3719 565 intelligit,

2136 590 2189 635 et
2220 590 2392 637 tamen
2425 595 2657 650 praeesse
2693 582 3008 635 contemnit.
3050 582 3156 637 Sed
3182 581 3377 636 divinis
3416 581 3717 649 diapositio-

2136 671 2294 727 nibus
2335 670 2603 737 subditus,
2635 680 2794 737 atque
2833 684 2862 722 a
2896 671 3022 724 vitio
3070 670 3444 726 obstinationis
3492 670 3719 741 alienus,

2135 776 2255 817 cum
2277 763 2377 818 sibi
2406 762 2681 832 regiminis
2710 762 2921 819 culmen
2973 765 3286 832 imperatur,
3332 763 3377 817 si
3405 762 3516 832 iam
3567 763 3718 820 donis

2136 860 2443 921 praeventus
2468 862 2573 919 est,
2617 852 2809 922 quibus
2834 864 2888 908 et
2916 854 3035 909 aliis
3064 854 3253 924 prosit,
3276 861 3332 909 et
3356 868 3423 909 ex
3443 854 3604 911 Corde
3633 856 3720 912 de-

2135 944 2221 998 bet
2243 943 2445 1015 fugere,
2470 954 2522 1000 et
2546 943 2742 1000 invitus
2769 944 3007 999 obedire.

2738 1058 2964 1114 CAPUT
3007 1057 3117 1113 VII.

2135 1148 2287 1217 Quod
2315 1164 2685 1221 nonnunquam
2730 1150 3114 1221 prcedieationis
3152 1148 3451 1221 officiumst
3480 1149 3717 1221 nonnulli

2201 1218 2826 1290 laudabiliter'appetunl,
2859 1232 2906 1273 ct
2930 1222 2999 1272 ad
3028 1220 3123 1275 hoc
3168 1218 3404 1272 nonnulli
3434 1219 3711 1274 laudabili-

2203 1300 2278 1344 ter
2307 1291 2471 1343 coacti
2495 1290 2886 1360 pertrahuntur.

2198 1381 2454 1451 Quamvis
2510 1397 2889 1451 nonnunquam
2937 1380 3331 1451 pra'dicationis
3381 1379 3616 1434 ofﬁcium
3659 1390 3713 1437 et

2129 1476 2366 1530 nonnulli
2408 1474 2745 1532 laudabiliter
2800 1483 3075 1545 appetunt,
3126 1482 3181 1530 et
3208 1473 3275 1529 ad
3326 1474 3426 1529 hoc
3471 1475 3714 1530 nonnulli

2130 1568 2467 1626 laudabiliter
2495 1569 2664 1625 coacti
2706 1569 3132 1639 pertrahuntur:
3183 1566 3325 1636 quod
3375 1566 3580 1636 liquido
3627 1582 3716 1622 co-

2125 1662 2455 1731 gnoscimus,
2475 1662 2519 1717 si
2539 1661 2763 1717 duorum
2783 1659 3213 1731 prophetantium
3242 1659 3377 1712 facta
3402 1672 3711 1726 pensamus,

438 1762 978 1835 discalcleg,eju,que
1009 1767 1371 1822 habimculum
1408 1776 1430 1806 c
1477 1766 2023 1823 σοιηυηιαίεωιεωιί
2055 1766 2355 1827 Bquorum
2407 1769 2546 1809 unus
2602 1762 2662 1808 ut
2702 1753 2769 1809 ad
2815 1752 3209 1823 praedicandum
3259 1751 3396 1806 mitti
3446 1749 3718 1806 debuisset

438 1863 616 1908 vocet.
645 1853 831 1910 Frater
858 1856 1055 1925 quippe
1076 1855 1355 1911 defunctus
1390 1857 1483 1911 ille
1509 1867 1613 1923 est,
1653 1858 1741 1925 qui
1779 1868 1900 1926 post
1928 1872 2017 1913 re-

436 1945 781 2002 surrectionis
806 1944 1031 2014 gloriam
1059 1960 1345 2016 apparens,
1376 1946 1509 2000 dixit
1536 1962 1550 1999 :
1595 1944 1695 2011 Ite,
1727 1947 1884 2000 dicite
1916 1949 2020 2014 fra-

436 2033 597 2088 tribus
619 2037 744 2089 meis
783 2034 1000 2105 (Matth.
1045 2049 1233 2103 xxvnt,
1266 2034 1377 2103 lO).
1423 2034 1526 2103 Qui
1572 2035 1723 2105 quasi
1752 2036 1868 2092 sine
1898 2038 2017 2092 filiis

436 2125 590 2194 obiit,
620 2128 742 2195 quia
783 2125 960 2182 adhuc
990 2127 1285 2182 electorum
1335 2142 1554 2183 suorum
1598 2142 1878 2183 numerum
1912 2144 2018 2184 non

438 2219 699 2288 implevit.
726 2221 895 2293 Huius
921 2221 1128 2278 scilicet
1157 2236 1377 2279 uxorem
1406 2229 1677 2292 superstes
1706 2221 1869 2278 frater
1897 2236 2017 2277 sor.

438 2312 527 2368 tiri
576 2312 909 2383 prmeipitur,
957 2313 1079 2384 quia
1124 2313 1344 2386 dignum
1388 2313 1627 2384 profecto
1656 2324 1760 2383 eat,
1809 2324 1868 2370 ut
1892 2329 2016 2369 cura

433 2411 634 2460 sancta:
678 2404 934 2460 Ecclesia:
964 2407 1013 2462 ei
1040 2408 1129 2475 qui
1173 2406 1311 2463 hanc
1336 2406 1480 2461 bene
1527 2420 1714 2477 regere
1763 2408 2015 2476 pratvalet

432 2500 759 2566 imponatur.
804 2496 902 2553 Cui
948 2498 1154 2553 nolenti
1196 2499 1249 2553 in
1301 2498 1496 2554 faciem
1550 2498 1743 2554 mulier
1772 2499 2010 2568 exspuit,

432 2590 554 2659 quia
576 2589 812 2661 quisquis
841 2605 907 2647 ex
947 2592 1260 2647 muneribus
1287 2606 1407 2663 quae
1436 2592 1734 2662 perceperit
1760 2592 2016 2662 prodesse

430 2681 550 2737 aliis
576 2697 684 2737 non
710 2690 881 2749 curat,
918 2682 1073 2738 bonis
1116 2697 1327 2753 quolue
1377 2686 1496 2754 ejus
1541 2694 1724 2740 sancta
1757 2673 2012 2740 'Ecclesia

429 2772 778 2840 exprobrans,
809 2773 857 2829 ei
878 2774 1027 2843 quasi
1054 2773 1106 2828 in
1135 2771 1326 2829 faciem
1356 2773 1575 2830 salivam
1599 2774 1785 2844 iactat.
1818 2774 1918 2830 Cui
1944 2789 2008 2831 ex

428 2875 535 2917 uno
563 2863 700 2932 pede
737 2864 1161 2921 calceamentum
1194 2865 1418 2932 tollitur,
1480 2875 1534 2919 ut
1572 2866 1875 2922 discalceati
1913 2867 2012 2923 do-

427 2972 547 3013 mus
571 2969 809 3015 vocetur.
844 2959 1112 3029 Scriptum
1145 2961 1342 3029 quippe
1378 2970 1462 3016 eat
1484 2976 1498 3014 :
1523 2958 1748 3016 Calceati
1772 2960 1925 3031 pedes
1954 2961 2007 3014 in

426 3053 799 3120 prwparatione
828 3051 1094 3123 Evangelii
1133 3052 1273 3123 pacis
1301 3050 1516 3123 (Ephes.
1552 3067 1624 3117 γι,
1653 3052 1766 3122 15).
1794 3052 1850 3109 Si
1876 3068 2005 3122 ergo

2123 1855 2313 1915 sponte
2337 1860 2397 1903 se
2429 1846 2674 1914 praebuit,
2706 1855 2729 1882 ο
2754 1861 2859 1916 quo
2884 1856 3061 1899 tamen
3091 1844 3224 1899 alter
3248 1845 3303 1914 8
3332 1858 3554 1914 pergere
3583 1858 3707 1898 cum

2128 1950 2331 2005 pavore
2380 1935 2665 1990 recusavit.
2724 1934 2888 1991 lsaias
2933 1937 3128 2006 quippe
3175 1935 3401 1991 Domino
3454 1934 3715 2005 quaerenti

2123 2042 2283 2097 quem
2325 2030 2585 2095 mitteret,
2629 2029 2771 2083 ultro
2813 2042 2872 2083 se
2918 2028 3127 2095 obtulit,
3174 2028 3404 2083 dicens:
3440 2026 3571 2079 Ecce
3600 2041 3713 2096 ego,

2120 2117 2259 2171 mitte
2285 2134 2364 2172 me
2396 2116 2551 2186 (lsai.
2586 2134 2661 2183 vr,
2711 2120 2787 2186 8).
2818 2117 3082 2174 Jeremias
3127 2129 3308 2172 autem
3360 2115 3611 2181 mittitur,
3659 2123 3715 2169 et

2122 2217 2396 2264 tamenne
2425 2207 2561 2262 mitti
2602 2207 2793 2263 debeat
2823 2208 3096 2261 humiliter
3134 2207 3443 2270 reluctatur,
3481 2205 3711 2259 dicens:

2120 2299 2185 2367 Α,
2214 2317 2264 2365 α,
2294 2318 2347 2365 a,
2382 2299 2595 2355 Domine
2628 2299 2781 2363 Deus,
2805 2315 2919 2353 ecce
2941 2299 3107 2353 nescio
3135 2299 3295 2369 loqui,
3320 2299 3443 2368 quia
3467 2314 3591 2369 puer
3620 2312 3715 2367 ego

2119 2408 2229 2446 sum
2262 2391 2478 2462 (lerem.
2513 2406 2558 2455 ι,
2600 2389 2674 2461 6).
2709 2389 2788 2444 En
2829 2389 2898 2445 ab
2944 2388 3183 2457 utrisque
3228 2388 3459 2444 exterius
3498 2387 3713 2445 diversa

2117 2498 2217 2538 vox
2255 2483 2476 2554 prodiit,
2509 2482 2605 2539 sed
2632 2497 2739 2537 non
2764 2498 2791 2536 a
2822 2482 3037 2538 diverso
3068 2481 3211 2537 fonte
3239 2480 3541 2536 dilecuonis
3562 2496 3711 2536 ema-

2116 2576 2283 2630 navit.
2316 2575 2427 2629 Duo
2451 2575 2647 2646 quippe
2669 2583 2795 2631 sunt
2822 2584 3081 2645 praecepta
3113 2574 3409 2639 charitatis,
3442 2575 3533 2631 Dei
3557 2576 3713 2631 vides

2114 2665 2238 2721 licet
2268 2681 2419 2721 amor
2456 2674 2511 2722 et
2532 2666 2782 2735 proximi.
2812 2667 2916 2722 Per
2945 2670 3169 2722 activam
3203 2666 3360 2737 igitur
3389 2667 3551 2722 vitam
3578 2683 3709 2737 pro-

2112 2755 2269 2812 desse
2295 2757 2548 2824 proximis
2584 2757 2806 2825 cupiens
2847 2757 3013 2813 Isaias
3036 2758 3268 2813 officium
3309 2758 3709 2827 praedicationis

2111 2848 2348 2916 appetit;
2394 2861 2489 2916 per
2532 2847 3000 2917 contemplativam
3047 2863 3176 2903 vero
3221 2848 3480 2904 Jeremias
3532 2851 3707 2906 amori

2110 2938 2407 2994 conditoris
2455 2939 2644 2996 sedulo
2690 2941 2957 2997 inluercre
2995 2940 3331 3005 desiderans,
3364 2956 3430 2996 ne
3467 2941 3607 2996 mitti
3636 2940 3705 2996 ad

2108 3027 2509 3099 praedicandum
2538 3029 2729 3085 debeat
2755 3030 3089 3085 contradicit.
3117 3031 3268 3099 Quod
3293 3045 3420 3100 ergo
3452 3031 3705 3087 laudabi-

426 3151 484 3196 ω
511 3152 769 3207 nostram,
803 3143 883 3198 sic
906 3119 1088 3198 cu'mm
1133 3119 1383 3212 'proxil'ni‘
1410 3142 1666 3212 gerimus,
1720 3119 2003 3213 ίητυωηῦρ
2031 3119 2077 3182 C
2109 3119 2231 3175 liter
2251 3120 2388 3213 alter
2413 3122 2656 3191 appetiit,
2689 3121 2790 3177 hoc
2814 3120 3152 3213 laudabiliter
3172 3122 3303 3177 alter
3325 3122 3537 3190 expavit
3561 3139 3574 3175 :
3602 3124 3706 3179 iste

429 3233 618 3303 pedem
650 3248 744 3305 per
772 3235 1191 3291 calceamentum
1231 3236 1521 3290 munimus.
1566 3233 1666 3301 Qui
1699 3250 1825 3291 vero
1851 3250 2003 3291 suam

423 3325 661 3393 cogitans
724 3323 1042 3395 utilitatem,
1103 3324 1468 3395 prmimorum
1532 3325 1785 3395 negligit,
1853 3326 2005 3396 quasi

425 3418 579 3471 unius
631 3416 781 3485 pedis
839 3418 1259 3474 calceamentum
1307 3433 1427 3473 cum
1467 3417 1735 3473 dedecore
1784 3418 2002 3472 amittit.

423 3506 558 3561 Sunt
587 3507 767 3577 itaque
788 3508 1028 3565 nonnulli
1051 3509 1141 3578 qui
1182 3510 1413 3578 magnis,
1446 3519 1501 3561 ut
1529 3508 1780 3572 diximus,
1816 3521 2001 3562 mune-

422 3597 568 3652 ribus
588 3598 763 3664 ditati,
795 3599 920 3655 dum
957 3600 1124 3654 solius
1145 3598 1610 3667 contemplationis
1638 3598 1830 3653 studiis
1859 3598 2005 3651 inar-

422 3693 667 3754 descunt,
694 3704 883 3759 parere
910 3690 1123 3746 utilitati
1151 3691 1515 3759 proximorum
1544 3690 1596 3744 in
1629 3688 2003 3757 pra'dicatione

417 3778 710 3849 refugiunt,
756 3787 1020 3834 secretum
1050 3779 1245 3849 quietis
1276 3778 1524 3848 diligunt,
1572 3793 1847 3834 secessum
1877 3792 2001 3848 spc-

420 3871 703 3925 culationis
731 3880 1010 3940 appetunt.
1042 3870 1116 3925 De
1144 3884 1251 3939 quo
1289 3870 1335 3925 si
1380 3869 1626 3925 districte
1672 3871 1999 3939 iudicentur,

421 3979 487 4018 ex
519 3963 678 4018 tantis
706 3958 1064 4033 proculdubio
1084 3962 1160 4017 rei
1190 3970 1335 4027 sunt,
1378 3962 1591 4031 quantis
1616 3968 1893 4019 venientes
1933 3966 1999 4019 ad

423 4054 692 4123 publicum
723 4054 978 4125 prodesse
1026 4061 1336 4123 potuerunt.
1390 4053 1505 4122 Qua
1553 4053 1695 4108 enim
1727 4064 1906 4110 mente
1958 4056 2002 4112 is

422 4144 513 4210 qui
544 4143 801 4211 proximis
829 4140 1139 4213 profuturus
1161 4143 1500 4207 enitesceret,
1541 4141 1758 4196 utilitati
1784 4152 2003 4198 caetero-

422 4250 540 4290 rum
581 4244 846 4290 secretum
878 4235 1136 4304 prmponit
1165 4249 1342 4301 suum,
1387 4234 1601 4304 quando
1649 4235 1763 4302 ipse
1803 4235 1999 4290 summi

423 4324 597 4380 Patris
617 4324 943 4394 unigenitus,
968 4332 1027 4378 ut
1048 4324 1230 4379 multis
1256 4324 1555 4393 prodesset,
1582 4324 1649 4380 de
1678 4325 1799 4381 sinu
1827 4323 2001 4381 Patris

423 4430 670 4486 egressus
694 4425 776 4471 est
804 4416 870 4470 ad
902 4416 1171 4486 publicum
1201 4415 1481 4471 nostrum?

1035 4528 1261 4584 CAPUT
1300 4528 1387 4585 Vl.

422 4621 574 4688 Quod
602 4620 655 4674 lii
700 4621 788 4690 qui
832 4621 1035 4689 pondus
1081 4621 1345 4691 regiminis
1384 4636 1476 4691 per
1523 4620 1863 4676 humilitatem
1912 4624 1996 4691 [u-

485 4694 653 4764 giunt,
684 4704 807 4764 tunc
845 4709 957 4746 vere
981 4700 1100 4745 sunt
1130 4692 1371 4757 humiles,
1418 4706 1532 4747 cum
1579 4692 1764 4747 diuinis
1785 4694 1998 4762 judiciis

486 4762 589 4816 non
627 4762 963 4818 reluctantur.

493 4858 553 4908 Et
598 4864 724 4910 sunt
752 4857 993 4911 nonnulli
1020 4858 1107 4925 qui
1139 4872 1203 4912 ex
1233 4856 1345 4912 sola
1379 4856 1678 4913 humilitate
1707 4854 1995 4928 refugiunt,

416 4960 484 5003 ue
507 4946 583 5003 eis
609 4948 803 5017 quibus
829 4963 887 5003 se
910 4949 1141 5018 impares
1168 4949 1434 5003 aestimant
1460 4950 1831 5018 prmferantur.
1858 4952 1997 5015 Quo-

416 5052 534 5094 rum
560 5041 798 5108 profecto
829 5039 1125 5105 humilitas,
1160 5040 1204 5094 si
1244 5041 1455 5095 emteris
1474 5055 1686 5109 quoque
1711 5040 1998 5096 virtutibus

416 5130 826 5200 cingitur,th
877 5142 1001 5187 ante
1052 5132 1146 5187 Dei
1190 5131 1378 5187 oculos
1422 5147 1549 5186 vera
1593 5140 1696 5198 cst,
1755 5148 1875 5188 cum
1931 5136 1996 5187 ad

417 5222 777 5294 respuendum
811 5221 911 5277 hoc
931 5223 1070 5293 quod
1098 5224 1299 5279 utiliter
1328 5223 1507 5279 subire
1546 5223 1848 5293 praeripitnr
1879 5240 1998 5294 per-

488 5394 513 5421 α
560 5384 614 5438 ln
650 5383 783 5450 pler.
822 5381 1030 5449 Norm.,
1064 5380 1232 5448 Petro,
1274 5399 1418 5437 antas
1464 5400 1559 5448 me,
1592 5382 1730 5453 quod
1760 5382 1884 5437 olim
1918 5382 1995 5438 le-

417 5464 560 5511 ctum
595 5456 645 5507 in
678 5454 954 5509 Tret'ensi.

492 5525 518 5563 ιι
559 5527 721 5579 Abest
746 5525 999 5594 particula
1025 5523 1118 5575 sia
1150 5523 1309 5578 Corb.
1338 5523 1523 5587 tribus,
1551 5524 1757 5577 Gemcl.
1783 5523 1838 5591 9,
1863 5524 1997 5577 Aud.

414 5595 631 5718 et
684 5665 857 5735 legere
890 5674 1084 5731 cogunt
1118 5662 1242 5715 Mss.
1294 5678 1500 5723 onmes,
1559 5664 1679 5717 licet
1729 5666 1779 5715 in
1837 5662 2002 5717 liditis

416 5737 618 5806 optimo
644 5753 803 5795 sensu
833 5738 1056 5805 legatur,
1088 5736 1265 5784 domus
1296 5735 1588 5787 discalccali
1633 5744 1853 5787 vocetur.

2107 3225 2175 3266 ne
2201 3212 2378 3266 tacita:
2421 3213 2886 3283 contemplationis
2937 3212 3081 3267 lucra
3129 3213 3396 3283 loquendo
3427 3214 3704 3283 perderet,

2107 3302 2196 3357 ille
2225 3318 2290 3357 ne
2317 3304 2509 3358 damna
2538 3304 2761 3359 studiosi
2793 3305 2971 3374 operis
3020 3306 3243 3360 tacendo
3289 3306 3537 3362 sentiret.
3591 3307 3702 3363 Sed

2106 3394 2209 3449 hoc
2255 3395 2307 3449 in
2348 3395 2587 3465 utrisque
2644 3405 2726 3451 est
2780 3389 3048 3451 subtiliter
3096 3395 3431 3462 intuendum,
3485 3400 3610 3467 quia
3651 3408 3706 3454 et

2107 3489 2150 3541 is
2180 3486 2270 3555 qui
2300 3486 2587 3551 recusavit,
2613 3487 2769 3557 plene
2792 3502 2897 3541 non
2929 3486 3155 3554 restitit;
3188 3497 3241 3543 et
3264 3489 3307 3542 is
3330 3490 3417 3558 qui
3441 3488 3584 3543 mitti
3610 3503 3705 3543 vo-

2106 3576 2227 3643 luit,
2261 3585 2386 3632 ante
2413 3592 2508 3647 per
2528 3577 2717 3632 altaris
2746 3576 3009 3633 calculum
3037 3593 3096 3633 se
3130 3588 3410 3649 purgatum
3435 3579 3599 3645 vidit;
3635 3593 3705 3635 ne

2104 3676 2200 3723 aut
2240 3682 2345 3721 non
2388 3676 2642 3737 purgatus
2681 3667 2830 3723 adire
2861 3669 3088 3738 quisque
3127 3684 3284 3723 sacra
3337 3667 3355 3707 ι
3404 3670 3705 3727 ministeria

2104 3756 2321 3828 audeat,
2350 3768 2440 3813 aut
2464 3774 2624 3830 quem
2650 3774 2880 3829 superna
2911 3762 3079 3830 gratia
3128 3760 3309 3830 elegit,
3352 3759 3452 3815 sub
3480 3761 3706 3817 humili-

2106 3854 2229 3910 tatis
2258 3854 2436 3924 specie
2465 3855 2696 3926 superbe
2747 3856 3101 3912 contradicat.
3151 3857 3283 3923 Quia
3334 3857 3494 3925 igitur
3544 3855 3704 3912 valde

2103 3943 2322 4001 diflirile
2352 3955 2436 4000 est
2464 3954 2745 4016 purgatum
2768 3960 2827 4002 se
2848 3946 3140 4015 quemlibet
3171 3960 3325 4016 posse
3343 3960 3703 4016 cognoscere,

2105 4037 2501 4106 prmdicationis
2528 4038 2767 4093 officium
2813 4038 2977 4093 tutius
3008 4039 3335 4104 declinatur;
3368 4054 3468 4093 nec
3516 4047 3702 4092 tamen

2104 4128 2380 4196 declinari,
2408 4139 2465 4185 ut
2490 4132 2742 4199 diximus,
2765 4131 3107 4201 pertinaciter
3134 4131 3314 4198 debet,
3357 4147 3479 4185 cum
3515 4131 3584 4185 ad
3611 4146 3702 4184 su-

2101 4221 2433 4290 scipiendum
2462 4224 2562 4279 hoc
2591 4238 2823 4292 superna
2865 4224 3113 4279 voluntas
3158 4224 3488 4293 agnoscitur.
3547 4221 3703 4290 Quod

2105 4309 2314 4383 Moyses
2346 4322 2629 4384 utrumque
2661 4315 2796 4369 miro
2826 4329 2990 4383 opere
3018 4315 3273 4383 explevit,
3321 4314 3409 4383 qui
3455 4327 3701 4384 praeesse

2104 4409 2265 4458 tanta:
2285 4404 2609 4459 multitudini
2632 4416 2688 4461 et
2710 4406 2877 4461 noluit
2897 4412 2950 4461 et
2971 4404 3226 4460 obedivit.
3251 4404 3534 4474 Superbus
3556 4405 3701 4461 enim

2030 4493 2083 4552 D
2108 4493 2336 4550 fortasse
2374 4506 2538 4565 esset,
2567 4496 2611 4551 si
2641 4496 2888 4551 ducatum
2919 4495 3088 4565 plebis
3122 4495 3414 4550 innumera:
3441 4494 3566 4551 sine
3594 4504 3701 4550 tre-

2109 4585 2378 4653 pidatione
2402 4587 2733 4657 susciperet;
2766 4595 2820 4641 et
2860 4600 3068 4640 rursum
3104 4586 3369 4655 superbus
3408 4585 3700 4651 existeret,

2108 4675 2154 4729 si
2180 4677 2411 4733 auctoris
2441 4678 2665 4746 imperio
2691 4678 2908 4734 obedire
2925 4686 3216 4734 recusaret.
3243 4676 3546 4746 Utrobique
3570 4692 3701 4747 ergo

2109 4767 2347 4833 humilis,
2372 4770 2651 4840 utrobique
2680 4768 2973 4839 subjectus,
3016 4780 3067 4824 et
3098 4783 3328 4838 praeesse
3370 4769 3587 4837 populis
3614 4784 3701 4822 sc-

2110 4860 2394 4930 metipsmn
2442 4860 2712 4917 metiendo
2754 4860 2942 4927 noluit,
2994 4868 3051 4917 et
3079 4870 3254 4915 tamen
3283 4859 3347 4914 de
3377 4858 3701 4927 imperantis

2108 4952 2305 5006 viribus
2336 4953 2707 5021 praesumendo
2746 4953 3036 5006 consensit.
3080 4951 3214 5005 Hinc
3241 4964 3387 5019 ergo,
3420 4949 3546 5003 hinc
3577 4949 3699 5019 qui-

2106 5056 2208 5109 que
2240 5042 2537 5110 prazcipites
2566 5040 2820 5108 colligant
2850 5056 2969 5095 cum
3001 5049 3197 5111 quanta
3227 5041 3381 5109 culpa
3420 5055 3487 5093 ex
3521 5054 3697 5108 appe-

2106 5135 2203 5187 titu
2236 5133 2449 5202 proprio
2477 5132 2688 5188 cmteris
2732 5131 2974 5203 prreferri
3014 5146 3118 5187 non
3150 5142 3412 5197 metuunt,
3443 5132 3489 5186 si
3522 5131 3697 5186 sancti

2107 5226 2203 5280 viri
2236 5226 2464 5297 plebium
2496 5228 2745 5281 ducatum
2775 5228 3047 5297 suscipere
3097 5226 3208 5282 Deo
3262 5228 3422 5282 etiam
3471 5226 3697 5295 iubente

2178 5383 2204 5420 ⁴¹
2246 5384 2490 5454 Longip.,
2526 5386 2785 5451 prodesse,
2818 5396 2865 5439 et
2893 5396 3059 5439 tamen
3089 5386 3342 5455 prodesse.
3382 5382 3477 5436 llic
3509 5382 3696 5455 codex

2105 5453 2259 5509 aliter
2290 5453 2461 5526 capita
2489 5455 2697 5521 dividit,
2746 5471 2903 5525 quam
2937 5453 3158 5521 centeri;
3193 5458 3259 5508 ita
3292 5463 3350 5507 ut
3390 5468 3509 5520 cap.
3561 5453 3591 5505 7
3625 5457 3695 5510 sit

2104 5534 2358 5579 attextum
2386 5531 2589 5593 quinto.

2183 5604 2205 5633 ‘-‘
2248 5599 2565 5666 llothOenng.
2608 5606 2663 5650 ct
2688 5597 2887 5663 primus
2912 5597 3074 5657 Aud.,
3106 5610 3320 5666 quorum
3350 5603 3541 5666 tamen.

2185 5665 2202 5703 ί
2248 5667 2481 5730 Gemel.,
2516 5663 2654 5723 And.
2685 5667 2978 5731 secundus,
3012 5665 3136 5735 Lyr.
3174 5664 3385 5731 tertius,
3435 5663 3692 5730 Cat'ttot.,

2106 5736 2358 5807 Lungqr.,
2393 5740 2650 5807 mysteria.
