4014 6326
301 315 372 371 2|
1152 315 1454 374 REGULIE
1495 315 1921 375 PASTORALIS
1961 318 2198 396 LIBER.
2229 352 2296 363 -——
2338 323 2517 380 PARS
2558 324 2788 382 PRIMA.

3553 346 3622 402 2?.

303 435 630 488 timuerunt.
683 433 895 504 Moyses
927 440 953 470 ι
1003 432 1262 489 suadente
1309 433 1535 488 Domino
1575 434 1826 502 trepidat,
1858 444 1914 489 et
1942 438 1988 496 Α
2021 446 2236 504 petant,
2267 451 2581 509 operaturos
2629 452 2806 499 tamen
2857 459 2915 500 se
2963 461 3150 518 magna
3185 461 3207 487 ο
3242 464 3608 526 pertractant;

305 525 559 578 intirtnus
589 525 819 595 quisque
862 532 919 579 ut
958 524 1178 579 honoris
1208 541 1344 579 onus
1375 526 1632 595 percipiat
1660 526 1909 593 anhelat;

301 623 358 669 et
385 615 475 683 qui
507 614 574 667 ad
607 629 793 669 casum
821 614 975 670 valde
1008 623 1225 685 urgetur
1248 631 1311 671 es
1343 617 1590 685 propriis,
1621 615 1910 671 humerum

305 705 544 759 libenter
571 705 959 775 opprimendus
989 707 1318 774 ponderibus
1365 707 1632 761 submittit
1677 708 1866 764 alienis
1896 725 1910 776 ;

305 811 430 866 qua
453 797 562 867 egit
590 797 730 852 ferre
759 811 867 851 non
901 795 1062 863 valet,
1091 804 1144 852 et
1173 807 1331 868 auget
1358 798 1500 868 quod
1531 807 1727 869 portet.

905 909 1133 966 CAPUT
1172 909 1287 966 Vill

305 1000 391 1054 De
422 1001 501 1053 his
524 1017 610 1070 qua
638 1017 855 1070 prwesse
884 1001 1265 1085 concupiscunt,
1291 1010 1339 1056 et
1370 1001 1438 1055 ad
1471 1019 1620 1083 usum
1657 1019 1770 1085 sua:
1793 1003 1912 1085 libi-

389 1072 526 1123 dinis
549 1073 939 1126 instrumentum
979 1073 1257 1140 Apustoiici
1290 1073 1537 1126 sermonis
1563 1075 1839 1142 arripiunt.

390 1149 712 1230 Plerumque
759 1176 889 1215 vero
951 1161 1041 1230 qui
1091 1177 1325 1232 przeesse
1388 1166 1791 1234 concupiscunt,
1846 1164 1913 1220 ad

309 1270 468 1308 usum
492 1269 604 1308 suae
626 1253 861 1308 libidinis
891 1254 1306 1310 instrumentum
1333 1257 1627 1325 Apostoiici
1647 1259 1912 1314 sermonis

303 1345 599 1414 arripiunt,
627 1359 734 1414 quo
753 1344 829 1399 ait
854 1361 869 1399 :
903 1344 966 1400 Si
987 1346 1104 1415 quis
1132 1347 1482 1417 episcopatum
1509 1348 1790 1414 desiderat,
1825 1351 1913 1403 bo-

305 1452 428 1488 num
472 1451 603 1501 Opus
625 1435 881 1490 desiderat
903 1433 959 1506 (Ι
992 1435 1125 1490 Tim.
1157 1452 1252 1505 ιιι,
1280 1439 1329 1509 i)
1349 1455 1361 1504 ;
1384 1439 1471 1508 qui
1497 1445 1670 1495 tamen
1695 1440 1914 1496 laudans

302 1527 658 1594 desiderium,
687 1527 715 1566 δ
747 1527 801 1583 in
847 1543 1096 1598 pavorem
1127 1532 1289 1586 vertit
1333 1533 1576 1602 protinus
1607 1533 1746 1602 quod
1789 1533 1909 1587 lau-

300 1619 473 1685 davit,
504 1633 626 1674 cum
656 1629 878 1688 repente
905 1622 1180 1692 subjungit
1206 1642 1219 1678 :
1260 1624 1474 1693 Oportet
1503 1634 1670 1679 autem
1705 1627 1906 1694 episco-

308 1731 432 1784 pum
464 1713 966 1782 irreprehcnsibilem
994 1733 1104 1772 esse
1133 1716 1324 1788 (Ibid.,
1351 1717 1431 1788 2).
1475 1718 1716 1790 Cumque
1743 1721 1912 1775 virtu-

2019 527 2181 596 fitque
2221 538 2279 583 ut
2320 530 2460 585 aliud
2494 530 2512 569 τ
2543 533 2598 586 in
2645 533 2767 588 imis
2810 534 3039 592 intentio
3087 544 3414 613 supprimat,
3465 549 3610 603 aliud

2016 621 2291 675 tractantis
2342 623 2525 678 animo
2578 627 2892 695 superficies
2941 629 3279 699 cogitationis
3329 641 3601 695 ostendat.

2018 707 2148 761 Nam
2178 723 2319 778 saepe
2347 711 2446 766 sibi
2474 713 2541 768 de
2565 727 2625 769 se
2655 729 2806 770 mens
2835 717 2946 786 ipsa
2979 722 3252 789 mentitur,
3285 732 3340 778 et
3371 725 3522 797 ﬁngit
3550 745 3610 783 se

2018 798 2087 854 de
2120 799 2263 854 bono
2287 815 2452 871 Opere
2480 820 2667 862 amare
2691 809 2832 877 quod
2860 825 2967 865 non
2996 821 3169 881 amat,
3199 814 3268 870 de
3303 820 3486 872 tnundi
3515 836 3611 874 au-

2017 899 2124 946 tem
2171 893 2342 963 gloria
2396 911 2501 951 non
2547 913 2732 955 amare
2779 903 2921 971 quod
2962 914 3291 976 atnatzquze
3324 911 3609 981 principari

2014 994 2299 1052 appetens,
2333 987 2390 1040 fit
2413 987 2479 1041 ad
2509 988 2609 1045 hoc
2637 993 2832 1059 pavida
2864 1008 2986 1048 cum
3018 997 3237 1064 quierit,
3266 999 3444 1055 audax
3483 1018 3607 1057 cum

2017 1079 2340 1142 pervenerit.
2374 1065 2401 1127 tt
2435 1079 2687 1136 Tendens
2720 1084 2863 1137 enim
2884 1125 2900 1151 ,
2929 1100 2996 1140 ne
3044 1103 3148 1140 non
3201 1091 3473 1156 pet-veniat
3504 1102 3608 1148 tre-

2014 1165 2187 1233 pidat;
2212 1168 2306 1223 sed
2337 1181 2557 1240 repente
2588 1175 2924 1242 perveniens,
2947 1176 3065 1245 jure
3097 1179 3196 1233 sibi
3227 1179 3329 1236 hoc
3358 1183 3604 1240 debitum

2015 1255 2080 1310 ad
2118 1259 2262 1327 quod
2296 1266 2608 1328 pervenerit
2655 1275 2822 1335 putat.
2854 1267 3095 1339 Cumque
3125 1273 3362 1341 percepti
3409 1275 3606 1342 princi-

2017 1357 2168 1415 patus
2217 1351 2396 1406 ofﬁcio
2449 1355 2651 1420 perfrui
2706 1359 3039 1415 smculariter
3071 1363 3328 1431 casperit,
3379 1365 3610 1422 libenter

2014 1435 2349 1494 obliviscitur
2394 1443 2653 1514 quidquid
2706 1450 2954 1517 religiose
2998 1453 3272 1516 cogitavit.
3308 1457 3460 1513 Unde
3507 1474 3602 1514 ne-

2013 1545 2164 1588 eesse
2193 1542 2274 1589 est
2303 1545 2358 1590 ut
2388 1552 2510 1590 cum
2543 1540 2794 1608 cogitatio
2832 1556 2986 1598 extra
3029 1562 3185 1600 usum
3219 1547 3454 1618 ducitur,
3485 1567 3609 1621 pro-

2014 1624 2158 1680 tinus
2189 1630 2386 1682 mentis
2423 1630 2610 1686 oculus
2654 1632 2720 1687 ad
2767 1648 2930 1703 opera
2973 1645 3237 1692 transacta
3289 1652 3605 1706 revocetur;

2014 1730 2076 1770 ac
2124 1727 2312 1786 penset
2341 1720 2563 1791 quisque
2593 1723 2720 1793 quid
2757 1725 3028 1796 subjectus
3063 1731 3262 1799 egerit,
3297 1742 3349 1786 et
3382 1743 3607 1802 repente

311 1815 424 1860 tum
458 1807 760 1861 necessaria
784 1808 1175 1878 subsequenter
1196 1823 1498 1877 enumerat,
1530 1829 1651 1882 qua:
1681 1811 1751 1867 sit
1777 1813 1904 1868 irre-
1936 1797 1983 1858 Β
2012 1810 2288 1876 cognosc“
2326 1812 2372 1866 Si
2421 1814 2666 1879 praelatus
2711 1815 2846 1871 ὓοηδ
2895 1834 3053 1888 380m
3097 1837 3215 1890 (iure
3269 1827 3608 1894 Ρτοροδυθτίι

305 1897 744 1964 prehensibilitas
776 1900 889 1970 ipsa
921 1901 1249 1958 manifestat.
1284 1904 1349 1957 Et
1380 1904 1523 1960 favet
1548 1921 1676 1975 ergo
1712 1921 1776 1960 ex
1808 1905 1907 1961 de-

305 1988 539 2055 siderio,
566 1999 618 2046 et
645 2000 809 2047 terret
836 2008 902 2048 ex
935 2004 1231 2064 prmeepto,
1273 2011 1337 2051 ac
1386 1998 1431 2052 si
1481 2007 1666 2067 aperte
1713 1997 1903 2054 dicat:

306 2078 506 2134 Laudo
544 2079 678 2149 quod
708 2082 968 2150 quaeritis,
999 2083 1093 2137 sed
1137 2084 1283 2153 prius
1322 2083 1514 2140 discite
1542 2086 1668 2154 quid
1699 2101 1909 2155 quzera-

312 2169 418 2231 tis;
455 2183 522 2222 ne
551 2168 674 2223 dum
699 2171 1054 2240 vosmetipsos
1098 2172 1282 2229 metiri
1313 2173 1603 2246 negligitis,
1630 2184 1775 2230 tanto
1805 2178 1908 2232 fte-

308 2258 437 2313 dior
469 2268 646 2314 vestra
693 2261 1195 2330 reprehensibilitas
1221 2273 1496 2335 appareat,
1547 2277 1746 2335 quanto
1785 2277 1838 2322 et
1876 2281 1906 2320 a

308 2351 519 2405 cunctis
549 2353 791 2421 conspici
833 2351 888 2408 in
920 2352 1139 2409 honoris
1175 2369 1299 2412 arce
1330 2356 1563 2413 festinat.
1604 2359 1661 2430 9
1692 2359 1908 2429 Magnus

303 2442 447 2497 enim
474 2444 694 2514 regendi
715 2444 905 2500 artifex
930 2445 1202 2502 favoribus
1229 2447 1474 2516 impellit,
1501 2451 1796 2505 terroribus
1823 2468 1907 2507 re-

311 2535 498 2601 trahit,
528 2543 584 2588 nt
627 2535 900 2592 auditores
926 2551 1054 2592 suos
1081 2544 1138 2593 et
1177 2548 1200 2577 ε
1225 2538 1495 2609 descripto
1521 2540 1909 2612 irreprehensi-

306 2623 532 2680 bilitatis
562 2624 801 2682 culmine
851 2628 1193 2699 restringata
1248 2632 1520 2701 superbia,
1566 2643 1620 2688 et
1668 2634 1906 2692 officium

305 2711 570 2769 laudando
597 2715 738 2784 quod
768 2719 1046 2787 quaeritur,
1070 2731 1356 2790 componat
1381 2723 1447 2776 ad
1477 2724 1664 2781 vitam.
1704 2727 1907 2794 Quam-

305 2806 388 2858 vis
418 2808 714 2864 notandum
742 2811 886 2881 quod
929 2810 1022 2865 illo
1050 2813 1102 2866 itt
1130 2823 1370 2881 tempore
1410 2815 1512 2870 hoc
1551 2817 1770 2886 dicitur,
1799 2835 1906 2890 quo

303 2902 550 2969 quisquis
600 2902 850 2971 plebibus
880 2912 1132 2972 praeerat,
1175 2906 1379 2975 primus
1423 2907 1492 2962 ad
1524 2911 1766 2982 martyrii
1799 2923 1907 2966 tor-

301 3003 488 3047 menta
515 2993 832 3050 ducebatur.
863 2995 1015 3050 Tunc
1039 3011 1169 3067 ergo
1210 2998 1476 3056 laudabile
1504 3003 1598 3056 fuit
1620 3003 1902 3073 episcopa-

297 3096 414 3139 tum
437 3102 700 3156 quterere,
735 3090 949 3157 quando
977 3106 1070 3161 per
1095 3092 1236 3147 hunc
1259 3110 1524 3165 quemque
1545 3096 1766 3153 dubium
1796 3115 1901 3155 non

2021 1901 2226 1968 possit,
2254 1901 2378 1970 quia
2411 1919 2744 1975 nequaquam
2794 1911 2932 1966 valet
2963 1913 3014 1966 in
3063 1915 3293 1971 culmine
3338 1916 3606 1974 humilita-

2013 2000 2119 2047 tem
2152 1995 2384 2062 discere,
2408 1999 2498 2068 qui
2525 2001 2576 2055 in
2608 2001 2726 2057 imis
2760 2005 2963 2073 positus
2988 2025 3091 2063 non
3119 2009 3277 2066 desiit
3303 2016 3601 2083 superbire.

2012 2083 2194 2140 Nescit
2223 2088 2428 2143 laudem
2462 2105 2582 2145 cum
2627 2095 2864 2163 suppetit
2910 2097 3115 2170 fugere,
3145 2103 3232 2172 qui
3261 2102 3327 2157 ad
3360 2103 3496 2160 hanc
3525 2105 3605 2160 di-

2011 2177 2144 2232 dicit
2173 2193 2293 2234 cum
2316 2179 2535 2238 deesset
2557 2185 2833 2244 anhelare.
2863 2187 3206 2262 Nequaquam
3239 2197 3453 2254 vincere
3474 2214 3603 2253 ava-

2014 2266 2191 2323 ritiam
2225 2279 2434 2340 potest,
2467 2275 2683 2343 quando
2724 2278 2790 2332 ad
2821 2280 3108 2338 multorum
3157 2290 3601 2346 sustentationem

2012 2359 2255 2413 tenditur
2282 2360 2326 2415 is
2358 2362 2442 2416 cui
2476 2364 2725 2421 sufficere
2756 2372 2967 2439 propria
3012 2388 3111 2428 nec
3158 2377 3259 2429 soli
3289 2388 3599 2448 potuerunt.

2014 2450 2092 2504 Ex
2118 2461 2360 2506 anteacta
2389 2469 2518 2524 ergo
2549 2457 2659 2510 vita
2689 2473 2747 2512 sc
2774 2461 3001 2530 quisque
3029 2464 3296 2534 inveniat,
3328 2486 3394 2524 ne
3427 2472 3477 2525 in
3507 2488 3600 2541 ap-

2011 2542 2181 2609 petitu
2212 2557 2271 2597 se
2297 2545 2544 2599 culminis
2589 2545 2765 2616 imago
2794 2551 3134 2620 cogitationis
3165 2556 3368 2613 iiludat.
3397 2561 3599 2628 Quam-

2012 2635 2095 2689 vis
2129 2637 2446 2705 pierumque
2473 2638 2526 2692 in
2559 2643 2913 2711 occupatione
2959 2647 3234 2716 regiminis
3261 2644 3289 2686 ιι
3321 2651 3434 2720 ipse
3463 2668 3600 2719 quo-

2008 2739 2114 2794 que
2157 2727 2277 2780 boni
2309 2729 2489 2797 operis
2524 2745 2652 2785 usus
2705 2733 2966 2801 perditur,
3001 2738 3089 2806 qui
3125 2739 3176 2793 in
3221 2742 3600 2819 tranquillitate

2011 2817 2313 2886 tenebatur,
2339 2818 2462 2888 quia
2487 2823 2666 2884 quieto
2691 2825 2826 2878 mari
2850 2836 2996 2881 recte
3019 2829 3119 2899 ιο
3143 2817 3335 2884 natetn
3361 2843 3413 2887 et
3439 2833 3600 2904 impc-

2009 2908 2142 2961 ritus
2171 2908 2382 2979 dirigit;
2421 2909 2436 2948 ί
2476 2914 2689 2968 turbato
2732 2927 2910 2971 autem
2959 2924 3292 2990 tempestatis
3325 2925 3595 2993 fini-tibus,

2008 2999 2167 3053 etiam
2201 3002 2406 3070 peritus
2447 3019 2505 3060 se
2537 3015 2694 3060 nauta
2738 3010 3042 3067 confundit.
3077 3015 3216 3080 Quid
3253 3033 3480 3086 namque
3519 3027 3602 3074 est

2013 3100 2248 3159 potestas
2290 3097 2561 3166 culminis,
2617 3100 2720 3157 nisi
2769 3111 3058 3173 tempestas
3106 3107 3335 3162 mentis?
3382 3109 3436 3163 in
3492 3127 3595 3179 qua

298 3192 421 3234 erat
451 3181 517 3234 ad
565 3182 824 3252 supplicia
867 3185 1113 3253 graviora
1168 3189 1476 3255 pervenire.
1526 3191 1679 3247 Unde
1727 3192 1898 3260 ipsum
1931 3167 1978 3232 C
2008 3198 2221 3252 semper
2248 3189 2627 3257 cogitationum
2658 3196 2917 3261 procellis
2949 3198 3100 3250 navis
3125 3199 3305 3253 cordis
3336 3203 3596 3268 quatitur,

300 3285 526 3338 quoque
557 3274 893 3341 episcopatus
923 3273 1160 3330 officium
1195 3277 1316 3332 boni
1345 3280 1521 3350 οιιοείε
1551 3285 1900 3353 expressione

298 3358 595 3424 definitur,
623 3377 738 3414 cum
767 3361 953 3420 dicitur
979 3384 991 3418 :
1022 3366 1082 3420 Si
1100 3370 1214 3437 quis
1236 3371 1589 3440 episcopatum
1618 3375 1894 3444 desiderat,

297 3449 493 3501 bonum
523 3467 651 3519 opus
680 3452 930 3506 άεδίάετιιε
955 3453 1008 3526 (Ι
1042 3454 1179 3511 Tim.
1229 3474 1317 3524 ιιι,
1354 3460 1427 3530 l).
1463 3461 1578 3531 Ipse
1614 3479 1745 3535 ergo
1796 3465 1898 3520 sibi

299 3541 457 3593 testis
485 3551 568 3594 est
592 3544 711 3610 quia
741 3548 1105 3616 episcopatum
1140 3565 1246 3604 non
1277 3554 1504 3621 appetit,
1539 3558 1628 3625 qui
1664 3573 1767 3613 non
1803 3576 1899 3628 per

301 3630 446 3685 hunc
486 3632 610 3686 b0ni
643 3635 820 3703 Operis
850 3637 1226 3706 ministerium,
1270 3642 1365 3698 sed
1417 3642 1640 3702 honoris
1670 3649 1896 3718 gloriam

299 3732 512 3790 quzertt.
546 3725 769 3781 Sacrum
799 3731 998 3800 quippe
1021 3733 1256 3789 officium
1283 3753 1389 3792 non
1428 3739 1604 3793 solum
1636 3758 1741 3796 non
1774 3743 1899 3798 diii-

299 3813 378 3882 git
403 3817 644 3883 omnino,
675 3819 771 3873 sed
799 3821 998 3891 nescit,
1023 3825 1110 3894 qui
1151 3828 1216 3879 ad
1246 3828 1458 3884 culmen
1494 3831 1768 3900 regiminis
1797 3850 1898 3889 an-

301 3903 508 3971 helans,
539 3908 593 3962 in
619 3912 824 3963 occulta
846 3914 1197 3972 meditatione
1219 3919 1555 3987 cogitationis
1576 3933 1898 3979 cwterortun

297 3997 638 4064 subjectione
665 4001 920 4070 pascitur,
951 4005 1103 4060 laude
1135 4009 1344 4077 propria
1374 4009 1607 4078 laetatur,
1639 4014 1705 4066 ad
1729 4017 1899 4070 hono-

297 4103 412 4142 rem
437 4105 531 4144 cor
559 4091 750 4158 elevat,
787 4109 965 4149 rerum
995 4097 1329 4155 afﬂuentium
1356 4103 1680 4160 abundantia
1714 4111 1898 4164 exsul-

299 4191 396 4264 tat.
449 4183 628 4240 Mundi
659 4201 787 4254 ergo
829 4187 1038 4243 lucrum
1068 4193 1327 4261 qumritur
1356 4195 1456 4248 sub
1504 4196 1624 4264 ejus
1673 4198 1896 4256 honoris

293 4255 482 4343 specie
517 4293 625 4343 quo
657 4278 836 4335 mundi
868 4281 1073 4338 destrui
1100 4284 1247 4340 lucra
1281 4286 1599 4343 debuerunt.
1650 4291 1895 4362 Cumque

294 4383 452 4422 mens
483 4369 795 4428 humilitatis
817 4380 1026 4432 culmen
1057 4381 1302 4449 arripere
1331 4382 1396 4438 ad
1427 4385 1721 4440 elationem
1750 4387 1898 4456 cogi-

295 4469 395 4523 tat,
425 4460 571 4526 quod
591 4458 718 4517 foris
742 4467 970 4535 appetit,
995 4467 1139 4524 intus
1162 4466 1426 4527 immutat.

930 4576 1110 4634 (ΞΑΡο
1129 4581 1158 4632 l‘
1197 4580 1288 4635 IX.

299 4664 453 4728 Quod
482 4681 626 4717 mens
654 4684 872 4735 prmesse
897 4672 1169 4747 volentium
1197 4674 1493 4747 plerumque
1522 4677 1619 4728 sibi
1648 4678 1772 4747 ﬁcta
1801 4679 1892 4734 bo-

549 4752 733 4789 norum
758 4755 969 4807 operum
999 4744 1335 4808 promissione
1361 4745 1643 4800 blanditur.

377 4824 481 4875 Sed
529 4826 844 4898 plerumque
887 4831 936 4884 hi
981 4832 1069 4899 qui
1096 4830 1121 4869 ἀ
1151 4835 1333 4889 subire
1391 4837 1750 4906 magisterium
1797 4855 1912 4916 ρει-⁴

290 4913 502 4969 storaie
525 4920 775 4985 cupiunt,
809 4925 1063 4976 nonnulla
1095 4941 1308 4994 quoque
1340 4928 1476 4982 bona
1505 4945 1668 4998 opera
1710 4931 1892 4986 animo

289 5019 633 5076 proponunt;
660 5022 715 5064 et
747 5013 990 5082 quamvis
1029 5016 1133 5073 hoc
1175 5019 1425 5076 elationis
1455 5022 1752 5078 intentione
1795 5040 1892 5094 ap-

364 5131 392 5204 _‘
433 5123 655 5204 Carnot.
686 5131 973 5204 secundus,
998 5133 1234 5204 jubente.

366 5190 392 5227 ι)
602 5201 893 5273 secundus,
911 5190 1191 5273 imperium
1215 5207 1384 5259 vertit.

363 5274 386 5298 ε
415 5263 607 5345 φοι-Ιιέ,
641 5263 1113 5345 Βειιογηῖἷξιι-ἠοι.
1140 5278 1430 5342 secundus,
1461 5278 1709 5332 districto.
1739 5277 1843 5333 Alii
1873 5322 1887 5345 ,

280 5337 527 5413 tna_xi_t_ne
557 5337 863 5406 Trecensis,
893 5345 1167 5413 descripto.

359 5401 386 5438 *³
419 5405 641 5485 Carpat.
688 5401 985 5478 secundus,
1035 5401 1269 5484 sumere,
1311 5426 1365 5472 et
1405 5419 1544 5474 And.
1588 5419 1881 5485 secundus,

283 5480 576 5549 temporale
605 5495 702 5546 pro
733 5485 1011 5549 pastorale.

363 5554 387 5625 ξ
419 5545 903 5625 Carttot._pritttus,
934 5567 1246 5625 proponunt.

365 5612 381 5648 ¹
420 5619 561 5669 Aud.
591 5612 818 5686 primus,
847 5612 901 5678 ni
929 5612 1145 5680 intimis.

358 5695 383 5730 ε
405 5687 500 5740 Sic
520 5688 684 5767 Corh.
708 5704 761 5745 et
780 5695 878 5767 alii
900 5696 1026 5767 Mss.
1047 5697 1261 5760 Gallic.,
1284 5698 1515 5767 Anglic,
1540 5699 1753 5758 Nnrm.,
1775 5709 1879 5752 etc.

261 5756 372 5812 llic
411 5760 639 5815 mutilus
667 5771 749 5819 est
770 5763 943 5820 Codex
965 5756 1257 5823 Trecensis
1283 5779 1333 5824 et
1363 5756 1532 5838 usque
1559 5771 1624 5824 ad
1647 5756 1764 5839 cap.
1801 5770 1883 5835 lii,

2009 3275 2112 3329 huc
2137 3277 2367 3344 illucque
2395 3281 2729 3336 incessanter
2754 3286 3066 3353 impellitur,
3094 3297 3148 3342 ttt
3175 3304 3269 3356 per
3292 3295 3598 3358 repentinus

2005 3380 2258 3420 excessus
2283 3369 2394 3422 oris
2422 3380 2474 3422 et
2500 3371 2677 3439 aperis
2703 3375 2851 3442 quasi
2883 3391 2976 3442 per
3001 3379 3272 3432 obviantia
3297 3396 3427 3435 saxa
3460 3383 3598 3437 fran-

2007 3467 2182 3525 gatur.
2218 3459 2357 3513 Inter
2387 3459 2501 3515 it.t-c
2552 3467 2728 3531 itaque
2768 3465 2894 3533 quid
2945 3471 3275 3535 sequendum
3323 3481 3435 3539 est,
3469 3474 3598 3539 quid

2006 3549 2326 3616 tenendum,
2355 3550 2454 3605 nisi
2502 3561 2556 3605 ut
2586 3554 2875 3610 virtutibus
2907 3557 3115 3625 pollens
3156 3572 3372 3615 coaetus
3399 3563 3464 3615 ad
3508 3579 3596 3617 re-

2002 3642 2180 3710 gimen
2211 3641 2415 3707 veniat,
2444 3643 2728 3698 virtutibus
2758 3661 2955 3701 vacuus
2979 3663 3077 3702 nec
3101 3659 3318 3705 coaetus
3342 3652 3597 3707 accedat!

2006 3732 2098 3788 llic
2138 3734 2184 3789 si
2227 3735 2444 3788 omnino
2487 3737 2757 3804 renititur,
2803 3749 2988 3794 caveat
3018 3758 3085 3796 ne
3115 3753 3389 3812 acceptant
3435 3761 3596 3814 pecu-

2005 3822 2147 3877 niam
2180 3824 2232 3878 in
2275 3825 2553 3879 sudarium
2602 3827 2792 3897 ligans,
2827 3829 2894 3884 de
2922 3831 3039 3899 ejus
3067 3834 3425 3889 occultatione
3450 3835 3593 3903 judi-

2003 3925 2157 3969 cetur
2189 3913 2404 3984 (Matth.
2430 3934 2560 3983 xxv,
2593 3918 2707 3986 18).
2740 3919 3024 3974 Pecuniam
3067 3923 3265 3992 quippe
3298 3927 3348 3978 in
3380 3925 3594 3980 sudario

2003 4009 2189 4076 ligare,
2222 4018 2305 4062 est
2333 4019 2583 4080 percepta
2613 4010 2751 4066 dona
2783 4014 2882 4066 sub
2914 4015 3024 4068 otio
3052 4017 3181 4069 lenti
3216 4018 3446 4084 torporis
3472 4019 3594 4072 abs-

2003 4099 2256 4153 condere.
2286 4101 2352 4153 At
2395 4112 2602 4168 eontra,
2645 4103 2745 4158 iste
2793 4118 2914 4157 cum
2958 4104 3194 4174 regimen
3235 4108 3466 4175 appetit,
3510 4119 3593 4161 at-

2004 4191 2184 4245 tcttdat
2209 4206 2276 4244 ne
2303 4205 2397 4260 per
2441 4194 2745 4260 exemplum
2779 4209 2926 4263 ιιι-ενι
2958 4198 3162 4264 operis,
3198 4198 3588 4251 l’hariseorum

2003 4297 2170 4347 more,
2205 4280 2274 4335 ad
2321 4281 2625 4352 ingressum
2660 4283 2809 4354 regni
2861 4285 3206 4339 tendentibus
3253 4289 3588 4342 obstaculutn

2001 4376 2129 4427 liat:
2163 4375 2251 4443 qui
2275 4374 2422 4441 juxta
2456 4373 2689 4443 Magistri
2723 4392 2908 4431 vocem
2938 4377 3156 4448 (Matth.
3183 4395 3346 4446 χχιιι,
3381 4379 3465 4448 l5)
3492 4395 3589 4434 nec

2003 4465 2100 4535 ipsi
2135 4467 2360 4529 intrant,
2391 4481 2488 4520 nec
2519 4468 2651 4520 alios
2683 4468 2882 4523 intrare
2913 4473 3249 4540 permittunt.
3282 4471 3380 4525 Cui
3410 4472 3590 4526 consi-

1925 4557 1972 4614 D
2000 4557 2293 4612 derandutn
2341 4573 2552 4628 quoque
2597 4570 2710 4624 est,
2753 4561 2923 4628 quiai
2977 4579 3097 4616 cum
3137 4577 3353 4615 causam
3406 4564 3588 4631 populi

2001 4655 2207 4707 electus
2259 4653 2450 4720 praesul
2501 4654 2758 4721 suscipit,
2793 4655 2947 4720 quasi
2987 4655 3051 4708 ad
3098 4670 3296 4724 atgrnm
3349 4657 3587 4709 medicus

1997 4746 2224 4800 accedit.
2253 4745 2308 4799 Si
2339 4759 2467 4813 ergo
2499 4745 2673 4798 adhuc
2705 4747 2755 4799 in
2787 4747 2902 4815 ejus
2929 4746 2957 4784 κ
2981 4765 3145 4816 Opere
3191 4751 3474 4818 passiones
3506 4753 3584 4805 vi-

1997 4846 2146 4902 vunt,
2172 4853 2274 4905 qua
2303 4837 2716 4905 praesumptione
2740 4853 3057 4906 percussum
3081 4841 3284 4896 mederi
3314 4853 3586 4912 properat,

1997 4932 2088 5002 qui
2117 4931 2171 4985 in
2202 4929 2337 4985 facie
2365 4929 2556 4984 vulnus
2587 4916 2798 5000 portat?

1990 5137 2052 5190 sit
2079 5150 2242 5190 rector
2257 5136 2503 5189 discretus
2521 5135 2574 5187 in
2593 5135 2816 5199 silentio,
2842 5142 2946 5188 etc.
2975 5134 3113 5188 Editi
3141 5134 3362 5198 habent,
3381 5135 3585 5191 Timens

1989 5209 2153 5268 enim,
2182 5221 2366 5262 errore
2398 5203 2680 5277 manifesto
2705 5207 2757 5258 in
2791 5205 2949 5259 nullis
2992 5205 3231 5275 Vulgatis
3263 5217 3541 5277 castigato.

2063 5276 2089 5313 δ
2121 5277 2259 5330 Aud.
2287 5277 2513 5341 primus,
2537 5275 2587 5326 in
2612 5291 2667 5327 se
2694 5291 2912 5344 quoque.

2071 5345 2282 5399 iCnrb.
2326 5357 2378 5399 et
2416 5345 2641 5416 tiarnot.
2692 5346 2912 5413 primus,
2962 5347 3213 5412 turbatus,
3261 5347 3408 5416 prior
3457 5363 3582 5402 cum

1991 5417 2128 5471 And.
2162 5417 2209 5478 i,
2239 5415 2471 5466 turbatis.

2065 5486 2080 5534 i
2114 5485 2277 5539 Corb.
2307 5484 2423 5536 Val.
2446 5482 2801 5552 Cl.,Tlteod.,
2824 5484 3069 5551 Carnot.,
3097 5485 3300 5543 Nomm,
3330 5487 3580 5554 Lnngip.,

1991 5556 2184 5620 i.aud.,
2210 5569 2310 5608 ms.
2334 5554 2500 5608 duces
2522 5557 2816 5624 Sequimur,
2845 5573 2948 5610 non
2975 5571 3206 5611 excuses
3229 5558 3322 5625 (ιιι
3357 5559 3578 5621 habent,

1989 5643 2109 5680 cum
2141 5640 2318 5677 curam
2330 5667 2342 5679 .

2063 5698 2086 5733 ιι
2123 5697 2353 5768 Excusi,
2387 5696 2438 5748 in
2469 5697 2577 5765 ejus
2622 5711 2861 5768 corpore,
2903 5695 3399 5752 contradicentibus
3443 5698 3575 5754 llas.

1993 5781 2133 5837 pene
2159 5767 2430 5822 omnibus.
