4014 6326
431 306 497 363 ὲό
1633 307 1874 363 SANCTI
1916 306 2242 362 GREGORII
2285 310 2497 365 MAGNI
3650 314 3717 365 24

1051 417 1280 475 CAPUT
1320 418 1385 472 X.
1648 478 1651 479 ν

630 503 813 572 Qualis
844 510 1055 578 quisque
1082 509 1149 560 ad
1178 510 1400 580 regimen
1428 510 1595 564 venire
1619 510 1817 564 debeat.

506 597 600 652 Ille
626 597 809 668 igitur,
841 598 929 653 ille
959 599 1130 653 modis
1161 601 1410 656 omnibus
1435 600 1594 655 debet
1620 599 1685 654 ad
1716 600 2016 667 exemplum

431 689 642 744 vivendi
674 690 934 757 pertrahi,
962 689 1050 759 qui
1088 690 1293 745 cunctis
1318 690 1497 745 carnis
1528 689 1864 758 passionibus
1898 703 2019 743 mo-

432 780 575 832 riens
597 778 707 847 jam
730 778 1043 847 spiritaliter
1066 779 1225 846 vivit,
1251 780 1339 849 qui
1374 793 1624 849 prospera
1656 777 1838 832 mundi
1872 787 2019 845 post-

432 870 637 938 posuit,
666 870 755 939 qui
787 870 929 923 nulla
970 870 1195 923 adversa
1243 870 1600 938 pertimescit,
1636 869 1725 937 qui
1774 868 1886 923 sola
1935 869 2013 922 in-

436 969 587 1012 terna
633 958 922 1013 desiderat.
967 958 1134 1027 Cujus
1184 957 1464 1013 intentioni
1512 960 1647 1012 bene
1692 972 2014 1027 congruens,

435 1065 535 1102 nec
582 1048 800 1103 omnino
844 1064 940 1117 per
988 1049 1404 1104 imbecillitatem
1457 1062 1673 1115 corpus,
1719 1064 1815 1102 nec
1866 1048 2019 1102 valde

438 1154 531 1206 per
563 1149 589 1176 σι
619 1141 995 1195 contumeliam
1043 1150 1301 1212 repugnat
1342 1140 1580 1209 Spiritus.
1610 1140 1710 1205 Qui
1754 1140 1820 1193 ad
1850 1140 2020 1193 aliena

439 1229 464 1270 ι)
488 1230 746 1299 cupienda
771 1246 877 1285 non
906 1232 1139 1298 ducitur,
1162 1231 1256 1287 sed
1289 1231 1498 1301 propria
1530 1231 1771 1300 largitur.
1794 1230 1893 1296 Qui
1927 1245 2023 1299 per

434 1321 645 1389 pietatis
672 1320 876 1376 viscera
907 1322 1064 1376 citius
1091 1322 1158 1376 ad
1208 1321 1590 1391 ignoscendum
1638 1321 1892 1387 ﬂectitur,
1923 1322 2020 1376 sed

433 1429 702 1482 nunquam
732 1414 851 1484 plus
878 1430 1037 1484 quam
1066 1415 1255 1470 deceat
1282 1416 1584 1485 ignescens,
1611 1414 1680 1469 ab
1710 1429 1834 1469 arce
1863 1414 2022 1469 recti-

430 1503 626 1558 tudinis
672 1504 975 1558 inclinatur.
1007 1504 1107 1572 Qui
1158 1506 1300 1560 nulla
1354 1505 1535 1559 illicita
1588 1513 1892 1574 perpetrat,
1921 1505 2017 1559 sed

430 1601 733 1659 perpetrata
778 1593 846 1647 ab
884 1593 1004 1648 aliis
1049 1602 1104 1647 ut
1148 1594 1362 1663 propria
1412 1594 1674 1662 deplorat.
1705 1594 1806 1661 Qui
1838 1609 1905 1648 ex
1937 1593 2018 1646 af-

429 1682 569 1735 fectu
596 1683 774 1737 cordis
819 1684 1007 1738 aliena:
1044 1683 1339 1739 inﬁrmitati
1374 1686 1717 1753 compatitur,
1748 1684 1930 1753 sicque
1961 1685 2011 1738 in

2044 423 2093 481 Α
2119 418 2350 473 habuerit
2376 424 2663 486 maculam,
2692 441 2791 478 non
2814 426 2988 493 o/feret
3018 443 3173 497 panes
3200 428 3417 482 Domino
3462 426 3576 480 Deo
3605 441 3718 491 suo,

2120 526 2211 562 nec
2249 514 2452 565 accedet
2480 514 2548 565 ad
2595 515 2932 570 ministerium
2979 520 3089 585 ejus
3121 522 3137 589 (
3158 518 3277 572 Leu.
3301 533 3425 584 ut,
3464 518 3574 585 l7).
3610 516 3715 572 Ubi

2129 608 2183 654 et
2212 610 2433 668 repente
2460 603 2799 674 subiungitur
2826 623 2839 659 :
2871 606 2931 662 Si
2976 625 3138 662 caecus
3168 610 3364 677 fuerit,
3393 608 3437 662 si
3475 608 3713 675 claudus,

2121 690 2165 744 si
2190 692 2265 744 vel
2308 709 2487 763 parvo,
2516 695 2592 747 vel
2638 697 2823 764 grandi
2861 706 2907 752 et
2939 706 3071 751 torto
3102 715 3251 764 naso,
3279 716 3323 753 st
3366 698 3532 767 fracto
3562 697 3712 767 pede,

2118 781 2164 833 si
2194 798 2351 835 manu
2370 823 2385 846 ,
2419 785 2463 836 si
2507 785 2708 853 gibbus,
2739 788 2783 840 si
2811 789 3002 858 lippus,
3031 790 3077 841 si
3105 789 3397 860 albuginem
3446 789 3635 841 habens
3664 788 3717 841 in

2121 871 2292 935 oculo,
2320 873 2361 924 si
2401 874 2579 943 jugem
2625 875 2874 938 scabiem,
2904 876 2949 929 si
2991 877 3337 947 impetiginem
3383 879 3435 929 in
3484 893 3715 946 corpore,

2121 961 2201 1013 vel
2232 963 2548 1029 ponderosas
2579 962 2766 1032 (Ibid.,
2798 965 2906 1035 18).
2932 964 3117 1021 Caecus
3141 967 3337 1037 quippe
3363 975 3474 1029 est,
3506 967 3596 1035 qui
3626 982 3715 1022 su-

2124 1065 2305 1118 perna:
2328 1054 2801 1121 contemplationis
2828 1055 3007 1109 lumen
3041 1056 3281 1124 ignorat;
3308 1055 3396 1125 qui
3434 1057 3715 1124 przcsentis

2124 1142 2251 1196 vitae
2294 1144 2469 1199 teneb:
2487 1144 2532 1199 is
2565 1161 2802 1215 pressus,
2839 1146 2962 1200 dum
2995 1155 3272 1201 venturam
3304 1147 3475 1201 lucem
3508 1162 3711 1217 nequa-

2122 1250 2280 1304 quam
2312 1237 2582 1304 diligendo
2612 1239 2909 1307 conspici’,
2940 1247 2965 1286 ε
2998 1256 3102 1308 quo
3131 1254 3349 1310 gressus
3376 1239 3552 1307 operis
3580 1255 3704 1308 por-

2123 1326 2262 1394 rigat
2298 1326 2490 1381 nescit.
2522 1327 2662 1381 Hinc
2696 1329 2894 1382 etenim
2943 1328 3294 1397 prophetaute
3322 1332 3471 1382 Anna
3499 1328 3711 1395 dicitur,

2125 1414 2289 1470 l’edes
2318 1427 2609 1470 sanctorum
2637 1433 2851 1470 suorum
2877 1418 3128 1480 servabit,
3161 1428 3208 1470 et
3239 1417 3386 1486 impii
3412 1417 3464 1469 in
3492 1418 3709 1471 tenebris

2121 1509 2453 1561 conticescent
2494 1507 2545 1574 (Ι
2582 1508 2709 1579 Reg.
2741 1523 2808 1571 ιι,
2838 1506 2919 1576 9).
2951 1506 3185 1562 Clandus
3212 1521 3340 1561 vero
3368 1515 3450 1560 est
3478 1507 3565 1575 qui
3596 1509 3713 1576 qui-

2121 1596 2242 1650 dem
2274 1612 2380 1665 quo
2423 1612 2643 1666 pergere
2681 1597 2873 1651 debeat
2918 1597 3146 1666 aspicit,
3177 1600 3271 1651 sed
3306 1611 3398 1664 per
3427 1596 3709 1650 inﬁrmita-

2128 1697 2233 1741 tem
2281 1687 2495 1755 mentis,
2540 1689 2659 1743 vitae
2704 1688 2841 1741 viam
2888 1688 3124 1757 perfecte
3174 1703 3278 1741 non
3333 1688 3471 1740 valet
3524 1696 3707 1740 tenere

428 1773 586 1827 bonis
616 1774 840 1842 proximi
873 1776 1012 1829 sicut
1039 1776 1091 1829 in
1133 1775 1244 1829 suis
1278 1777 1621 1844 provectibus
1650 1778 1880 1831 laetatur.
1913 1777 2011 1842 Qui
2050 1780 2089 1836 Β
2118 1795 2274 1847 quam
2308 1779 2482 1844 videt,
2509 1781 2631 1849 quia
2654 1780 2719 1833 ad
2753 1780 2959 1833 virtutis
2985 1787 3183 1833 statum
3207 1776 3235 1814 ιι
3258 1778 3384 1831 dum
3416 1778 3553 1831 ﬂuxa
3578 1792 3707 1831 con-

427 1869 499 1923 ita
525 1885 585 1925 se
611 1868 922 1924 imitabilem
946 1869 1156 1923 caeteris
1177 1869 1229 1923 in
1251 1869 1458 1924 cunctis
1482 1884 1600 1937 qua:
1624 1868 1735 1939 agit
1760 1869 2012 1936 insinuat,

427 1970 488 2016 ut
525 1966 665 2017 inter
704 1976 797 2017 eos
838 1976 943 2016 non
986 1960 1179 2015 habeat
1221 1961 1365 2029 quod
1406 1961 1596 2015 saltem
1638 1962 1704 2013 de
1735 1960 2017 2015 transactis

424 2054 723 2109 erubescat.
766 2053 869 2119 Qui
914 2052 993 2107 sic
1040 2051 1222 2106 studet
1280 2051 1491 2117 vivere,
1542 2057 1600 2104 ut
1650 2048 2014 2118 proximorum

424 2160 634 2214 quoque
674 2144 836 2200 corda
866 2143 1072 2199 arentia
1121 2142 1381 2198 doctrina:
1410 2141 1587 2196 valeat
1628 2140 1844 2194 ﬂuentis
1890 2140 2012 2193 irri-

424 2250 573 2305 gare.
608 2234 709 2300 Qui
740 2234 999 2288 orationis
1029 2247 1126 2288 usu
1167 2239 1221 2288 et
1251 2232 1619 2300 experimento
1656 2230 1767 2300 jam
1799 2230 2011 2293 didicit,

423 2324 565 2391 quod
610 2324 852 2378 obtinere
896 2339 927 2377 a
979 2323 1207 2377 Domino
1251 2337 1370 2392 qua:
1422 2322 1757 2391 peposcerit,
1809 2321 2008 2389 possit,

425 2425 448 2453 ε
472 2415 555 2469 cui
597 2429 690 2484 per
710 2415 933 2469 eﬂ'eclus
952 2429 1133 2470 vocem
1153 2414 1263 2484 jam
1287 2414 1438 2485 quasi
1465 2414 1770 2483 specialiter
1788 2414 2010 2468 dicitur:

423 2506 606 2560 Adhuc
649 2508 888 2577 loquente
929 2517 996 2574 te,
1028 2508 1228 2575 dicam,
1267 2508 1395 2561 Ecce
1438 2508 1621 2561 adsum
1669 2506 1822 2577 (Isai.
1851 2523 2011 2575 Lvm,

422 2598 499 2668 9).
529 2597 555 2636 ἀ
586 2600 642 2654 Si
674 2600 816 2654 enim
848 2600 1076 2657 fortasse
1111 2600 1230 2672 quis
1270 2603 1482 2665 veniat,
1516 2610 1574 2656 ut
1605 2618 1701 2670 pro
1745 2616 1806 2658 se
1834 2602 1900 2657 ad
1934 2603 2011 2656 in-

424 2691 805 2746 tercedendum
838 2708 935 2747 nos
961 2693 1100 2762 apud
1153 2702 1427 2761 potentem
1469 2693 1773 2763 quempiam
1806 2694 2009 2758 virum,

424 2782 512 2850 qui
556 2782 657 2837 sibi
702 2785 887 2849 iratus,
932 2786 1089 2840 nobis
1132 2801 1263 2841 vero
1312 2795 1396 2841 est
1450 2787 1770 2856 incognitus,
1823 2786 2010 2850 ducat,

424 2873 663 2939 protinus
711 2875 1097 2943 respondemus
1137 2894 1150 2930 :
1206 2877 1285 2931 Ad
1335 2877 1778 2932 intercedendum
1828 2878 2013 2933 venire

426 2979 531 3019 non
577 2980 886 3034 possumus,
917 2968 1039 3036 quia
1072 2967 1447 3024 familiaritatis
1475 2968 1592 3035 ejus
1621 2968 1861 3022 notitiam
1907 2984 2012 3022 non

426 3053 703 3110 habemus.
733 3055 788 3111 Si
830 3071 960 3126 ergo
990 3057 1151 3111 homo
1182 3059 1324 3127 apud
1354 3059 1623 3113 hominem
1666 3058 1735 3113 de
1777 3074 1882 3129 quo
1913 3060 2013 3113 mi-

2119 1869 2346 1923 suetudo
2372 1884 2476 1923 non
2507 1870 2754 1938 erigitur,
2786 1884 2890 1937 quo
2917 1868 3242 1923 desiderium
3286 1867 3553 1933 innititur,
3584 1865 3709 1921 illuc

2117 1973 2338 2026 gressus
2369 1958 2549 2027 operis
2586 1957 2877 2013 efﬁcaciter
2910 1975 3017 2013 non
3046 1967 3363 2028 sequuntur.
3399 1955 3531 2012 Hinc
3560 1956 3703 2011 enim

2122 2052 2316 2107 Paulus
2345 2052 2474 2108 dicit
2506 2070 2521 2107 :
2554 2055 2813 2109 Remissas
2848 2072 3031 2109 manus
3060 2064 3105 2108 et
3138 2055 3386 2108 dissoluta
3413 2068 3574 2123 genua
3611 2052 3710 2104 eri-

2116 2148 2238 2215 gite,
2279 2154 2325 2198 et
2364 2162 2569 2214 gressus
2608 2157 2773 2199 rectos
2816 2148 2972 2215 facile
3018 2146 3231 2215 pedibus
3278 2146 3477 2208 vestris,
3506 2152 3562 2196 ut
3605 2158 3707 2195 non

2116 2234 2414 2288 claudicans
2447 2236 2557 2304 quis
2585 2244 2717 2287 erret
2738 2276 2753 2300 ,
2788 2236 2952 2303 magis
2980 2248 3153 2288 autem
3183 2244 3393 2287 sanetur
3419 2233 3578 2304 (Heb.
3603 2249 3704 2298 sn,

2119 2326 2359 2397 12,15).
2396 2326 2567 2383 Parvo
2609 2335 2785 2379 autem
2836 2339 2968 2378 naso
3010 2334 3122 2389 est,
3162 2325 3252 2394 qui
3300 2324 3367 2377 ad
3419 2322 3703 2377 tenendam

2118 2431 2419 2470 mensuram
2450 2414 2790 2470 discretionis
2822 2416 3043 2470 idoneus
3075 2430 3178 2469 non
3205 2424 3305 2469 est.
3335 2414 3476 2468 Naso
3506 2415 3702 2483 quippe

2116 2509 2314 2563 odores
2361 2509 2669 2577 fetoresque
2716 2508 3091 2563 discernimus.
3127 2508 3290 2562 Recte
3319 2522 3447 2576 ergo
3478 2521 3570 2575 per
3613 2522 3711 2560 na-

2117 2617 2233 2657 sum
2280 2603 2530 2656 discretlo
2573 2603 2911 2671 exprimitur,
2944 2617 3038 2669 per
3082 2616 3240 2670 quam
3283 2600 3507 2654 virtutes
3554 2599 3708 2670 eligi-

2119 2706 2258 2758 mus,
2290 2681 2483 2744 delicta
2516 2690 2885 2758 reprobamus.
2923 2689 3074 2743 Unde
3113 2700 3167 2745 et
3210 2690 3262 2743 in
3303 2689 3458 2743 laude
3496 2703 3709 2757 sponsae

2116 2782 2345 2836 dicitur:
2384 2782 2557 2835 Nasus
2600 2793 2717 2834 tuus
2759 2783 2889 2834 sicut
2938 2791 3095 2835 turris
3137 2796 3251 2849 quae
3294 2789 3369 2835 est
3411 2781 3464 2833 in
3507 2779 3705 2833 Libano

2119 2874 2293 2945 (Cant.
2325 2889 2430 2940 vn,
2457 2874 2536 2942 4),
2567 2874 2691 2943 quia
2721 2872 2973 2927 nimirum
3005 2881 3190 2926 sancta
3222 2872 3463 2926 Ecclesia
3491 2886 3609 2940 quae
3638 2885 3703 2924 ex

2117 2968 2294 3023 causis
2325 2967 2552 3036 singulis
2582 2976 2905 3021 tentamenta
2959 2966 3251 3035 prodeant,
3286 2981 3381 3033 per
3425 2965 3709 3020 discretio-

2118 3076 2239 3114 nem
2289 3060 2581 3129 conspicit,
2636 3069 2691 3113 et
2733 3066 2955 3112 ventura
3005 3057 3256 3111 vitiorum
3298 3058 3437 3111 bella
3486 3072 3553 3112 es
3603 3058 3714 3111 alto

426 3145 569 3200 nime
591 3149 863 3214 praesumit
892 3147 1005 3203 fieri
1032 3150 1351 3204 intercessor
1375 3148 1680 3215 erubescit,
1705 3165 1807 3220 qua
1837 3160 2016 3207 mente
2045 3156 2090 3215 C
2122 3151 2495 3222 deprehendit.
2545 3149 2653 3205 Sed
2681 3158 2809 3203 sunt
2855 3148 3096 3203 nonnulli
3142 3148 3232 3217 qui
3280 3147 3406 3201 dum
3454 3147 3713 3201 aestimari

425 3235 559 3302 apud
592 3236 758 3291 Deum
791 3240 1191 3294 intercessionis
1223 3240 1395 3294 locum
1429 3255 1525 3307 pro
1555 3240 1752 3309 populo
1781 3241 2011 3310 arripit,

425 3327 508 3394 qui
540 3316 858 3384 familiarem
887 3344 947 3384 se
974 3330 1092 3398 ejus
1117 3331 1301 3401 gratia:
1330 3344 1453 3386 esse
1485 3345 1581 3399 per
1611 3332 1732 3385 vitae
1764 3331 2018 3387 meritum

428 3417 630 3470 nescit?
664 3421 762 3489 ιι
792 3421 897 3473 Aut
925 3420 993 3474 ab
1020 3436 1086 3475 eo
1115 3421 1383 3490 quomodo
1424 3421 1547 3476 aliis
1577 3424 1787 3477 veniam
1837 3434 2022 3491 postu-

428 3506 529 3573 lat,
563 3510 651 3579 qui
697 3521 874 3564 utrum
907 3511 1008 3565 sibi
1040 3512 1113 3566 sit
1142 3513 1385 3581 placatus
1414 3511 1659 3579 ignorat?
1699 3511 1813 3577 Qua
1860 3511 1915 3563 in
1962 3527 2021 3564 re

429 3597 602 3653 adhuc
626 3598 767 3653 aliud
797 3609 881 3654 est
909 3600 1193 3655 sollicitius
1225 3598 1645 3663 formidandum,
1677 3613 1744 3652 ne
1778 3598 1871 3666 qui
1903 3599 2019 3666 pla-

434 3702 562 3741 care
593 3702 752 3755 posse
784 3689 917 3741 iram
949 3689 1204 3747 creditur,
1236 3688 1371 3741 hanc
1395 3687 1509 3754 ipse
1531 3701 1595 3739 ex
1625 3685 1839 3754 proprio
1869 3694 2021 3740 reatu

433 3787 703 3833 mereatur
756 3778 922 3847 (Dist.
952 3778 1048 3842 49,
1074 3778 1239 3843 initio,
1270 3786 1315 3832 et
1346 3794 1392 3830 c.
1419 3777 1496 3845 l).
1530 3777 1719 3830 Cuncti
1766 3778 1909 3831 enim
1960 3776 2023 3829 li-

430 3870 596 3936 quido
626 3870 896 3935 novimus,
929 3870 1051 3939 quia
1100 3884 1218 3924 cum
1251 3872 1297 3924 is
1324 3871 1415 3940 qui
1463 3870 1714 3938 diSplicet
1753 3871 1818 3925 ad
1852 3871 2022 3925 inter-

433 3963 732 4017 cedendum
766 3962 1017 4030 mittitur,
1043 3963 1162 4017 irati
1198 3964 1410 4018 animus
1438 3963 1503 4017 ad
1534 3962 1801 4018 deteriora
1831 3978 2024 4032 provo-

432 4062 603 4107 catur.
635 4052 735 4119 Qui
758 4066 887 4122 ergo
916 4052 1091 4109 adhuc
1115 4053 1398 4109 desideriis
1423 4054 1650 4110 terrenis
1680 4055 2016 4123 astringitur,

434 4154 619 4198 caveat
650 4159 717 4199 ne
753 4145 983 4199 districti
1032 4146 1165 4200 iram
1204 4145 1398 4214 judicis
1439 4146 1653 4215 gravius
1698 4146 2020 4210 accendens,

436 4235 561 4289 dum
614 4235 734 4290 loco
783 4235 1081 4305 delectatur
1136 4237 1350 4305 gloriae,
1404 4237 1495 4293 ﬁat
1553 4238 1781 4293 subditis
1837 4247 2025 4293 auctor

441 4340 633 4380 ruinae.

1066 4415 1294 4492 CAPUT
1340 4418 1426 4473 XL

547 4516 570 4543 θ
598 4506 780 4573 Qualis
804 4508 1016 4578 quisque
1045 4509 1113 4562 ad
1140 4510 1363 4579 regimen
1391 4509 1559 4562 venire
1589 4523 1691 4562 non
1717 4507 1915 4562 debeat.

511 4601 748 4656 Solerter
789 4616 918 4671 ergo
948 4616 1009 4656 se
1037 4602 1265 4671 quisque
1297 4603 1552 4655 metiatur
1582 4616 1649 4655 ne
1682 4600 1859 4655 locum
1891 4601 2030 4668 regi-

440 4693 599 4747 minis
628 4707 905 4748 assumere
943 4692 1172 4757 audeat,
1202 4691 1247 4745 si
1276 4692 1451 4747 adhuc
1492 4691 1545 4746 in
1575 4705 1636 4747 se
1666 4692 1850 4745 vitium
1882 4690 2031 4744 dam-

440 4785 690 4839 naliliitrr
731 4794 946 4854 regnat,
981 4800 1049 4839 ne
1091 4785 1135 4839 is
1166 4799 1325 4851 quem
1370 4785 1575 4839 crimen
1619 4783 1879 4853 depravat
1910 4796 2035 4851 pro-

441 4878 649 4942 prium,
694 4876 1018 4930 intercessor
1051 4876 1165 4929 fieri
1208 4882 1426 4945 appetat
1453 4888 1550 4941 pro
1580 4874 1751 4943 culpis
1781 4873 2030 4927 aliorum.

452 4965 469 5003 τ
504 4968 639 5022 Hinc
665 4968 863 5022 etenim
897 4982 1126 5035 superna
1158 4981 1287 5022 voce
1322 4967 1388 5021 ad
1419 4966 1637 5035 Moysen
1668 4965 1900 5020 dicitur:
1936 4964 2038 5019 Lo-

444 5074 597 5126 quere
621 5059 690 5111 ad
720 5060 895 5112 Aaron
921 5074 939 5113 :
968 5056 1138 5112 Homo
1168 5058 1231 5111 de
1260 5057 1449 5112 semine
1474 5064 1562 5109 tuo
1591 5072 1681 5123 per
1706 5056 1931 5123 familias
1952 5056 2039 5124 qui

522 5186 547 5213 ι
579 5177 879 5231 Maluerunt
909 5176 1156 5231 Editores
1180 5177 1367 5232 saltem
1396 5172 1745 5236 recentiores,
1769 5182 2039 5226 contuma-

450 5248 613 5309 ciam,
645 5258 830 5301 contra
858 5247 981 5301 Mss.
1008 5248 1187 5301 (idem.

496 5317 550 5398 ,δ
575 5314 824 5440 dGemeL,
866 5316 1167 5371 faventibus
1215 5317 1339 5387 Lyr.
1369 5324 1425 5371 et
1464 5313 1601 5371 And.
1635 5313 1700 5379 2,
1733 5313 1904 5367 aliena
1950 5328 2035 5365 ra-

496 5404 570 5440 ten
612 5405 663 5440 a.

454 5404 673 5541 mensi};
713 5456 862 5524 Mss.,
890 5472 1082 5527 magno
1103 5471 1388 5511 consensu.
1421 5455 1561 5510 Editi
1581 5496 1595 5521 ,
1626 5454 1708 5508 cui
1740 5452 2041 5523 prophetica

453 5542 889 5663 vogeiiigli'ricipit
916 5606 1077 5666 caput
1100 5596 1441 5651 undecimum
1466 5596 1519 5650 iu
1545 5595 1683 5663 plur.
1706 5593 1897 5648 Editis.
1927 5594 2044 5646 Dis-

461 5669 692 5722 scntiunt
718 5668 946 5723 Codices
980 5685 1136 5722 manu
1167 5667 1395 5721 exarati.

586 5740 694 5795 lloc
729 5751 884 5809 caput
916 5740 1147 5808 pertinet
1187 5738 1361 5792 adhuc
1399 5735 1465 5791 ad
1496 5734 1781 5801 septimum
1816 5734 1866 5786 in
1895 5732 2036 5787 Lon-

2128 3245 2350 3299 bebetes
2399 3242 2615 3307 nolunt,
2649 3255 2793 3309 sche
2820 3254 2879 3293 se
2910 3240 2963 3293 in
2994 3238 3310 3308 quibusdam
3351 3238 3716 3307 inquisitioni-

2127 3333 2226 3388 bns
2256 3334 2372 3402 plus
2396 3348 2555 3402 quam
2587 3344 2806 3385 necesse
2833 3337 2915 3382 est
2941 3338 3277 3395 exercentes,
3303 3342 3366 3381 ex
3394 3328 3556 3380 nimia
3580 3329 3708 3381 sub-

2128 3422 2319 3477 tilitate
2370 3421 2647 3475 falluntur.
2692 3420 2846 3473 Unde
2891 3417 2977 3471 hic
3016 3432 3228 3486 quoque
3276 3416 3569 3471 subditur:
3614 3416 3707 3471 Vel

2125 3513 2309 3579 grandi
2335 3520 2381 3563 et
2409 3521 2543 3563 torto
2570 3525 2712 3561 naso.
2738 3508 2905 3562 Nasus
2934 3508 3076 3561 enim
3110 3509 3327 3574 grandis
3354 3517 3409 3563 et
3435 3518 3605 3563 tortus
3628 3518 3714 3564 est

2126 3600 2473 3655 discretionis
2517 3598 2784 3651 subtilitas
2833 3595 3205 3663 immoderata,
3254 3613 3374 3666 quae
3418 3596 3546 3651 dum
3597 3598 3717 3667 plus

2127 3705 2284 3762 quam
2329 3691 2485 3743 decet
2525 3687 2861 3753 escreverit,
2906 3686 3136 3742 actionis
3181 3702 3294 3741 sua:
3342 3688 3718 3743 rectitudincm

2133 3782 2246 3851 ipsa
2278 3779 2578 3835 confundit.
2605 3778 2795 3833 Fracto
2820 3788 2995 3831 autem
3026 3779 3163 3845 pede
3190 3779 3273 3832 vel
3305 3794 3465 3832 manu
3489 3787 3602 3845 est,
3628 3779 3719 3847 qui

2132 3875 2272 3929 viam
2306 3873 2397 3927 Dei
2429 3886 2652 3942 pergere
2682 3872 2902 3925 omnino
2944 3886 3049 3925 non
3090 3871 3264 3935 valet,
3295 3881 3459 3941 atque
3486 3886 3518 3925 a
3564 3872 3721 3926 bonis

2126 3968 2333 4021 actibus
2378 3964 2615 4019 funditur
2642 3976 2829 4017 exsors
2859 3973 3046 4028 vacat,
3079 3972 3342 4031 quatenus
3372 3962 3487 4016 haec
3517 3974 3623 4014 non
3658 3970 3716 4013 ut

2127 4059 2347 4115 claudus
2392 4057 2579 4111 saltem
2627 4069 2747 4108 cum
2796 4054 3107 4108 infirmitate
3156 4061 3362 4116 teneat,
3397 4051 3493 4106 sed
3537 4050 3605 4106 ab
3637 4051 3723 4105 bis

2127 4147 2439 4205 omnimodo
2461 4147 2668 4200 alienus
2692 4144 2906 4199 existat.
2937 4144 3139 4199 Gibhus
3170 4158 3296 4198 vero
3322 4154 3403 4198 est
3429 4158 3588 4212 quem
3615 4153 3725 4196 ter-

2128 4255 2271 4295 rente
2300 4238 2675 4293 sollicitudinis
2704 4236 2913 4306 pondus
2944 4235 3227 4304 deprimit,
3260 4237 3360 4305 12
3392 4248 3457 4287 ne
3489 4247 3720 4302 unquam

2128 4333 2194 4385 ad
2238 4344 2472 4399 superna
2514 4328 2800 4397 resp‘ciat,
2830 4326 2923 4382 sed
2955 4326 3083 4380 solis
3134 4326 3215 4378 liis
3259 4338 3380 4393 qua:
3424 4323 3475 4376 in
3524 4322 3726 4375 intimis

2128 4420 2400 4474 calcantur
2430 4418 2691 4473 intendat.
2721 4416 2819 4483 Qui
2848 4426 2901 4471 et
2930 4416 2973 4470 si
3003 4415 3215 4485 quando
3246 4413 3442 4482 aliquid
3474 4428 3539 4468 es
3574 4411 3718 4466 bono

2061 4530 2109 4590 ι)
2136 4511 2319 4578 patria:
2362 4486 2599 4564 celestis
2630 4506 2889 4571 audierit,
2917 4505 2981 4559 ad
3016 4504 3116 4558 hoc
3161 4504 3410 4559 nimirum
3458 4514 3729 4571 perversa

2140 4599 2544 4654 consuetudinis
2588 4599 2827 4669 pondere
2875 4606 3259 4665 praegravatus,
3309 4594 3488 4648 cordis
3538 4593 3727 4645 faciem

2140 4706 2246 4745 non
2276 4690 2500 4756 attollit,
2530 4690 2652 4759 quia
2679 4688 3017 4758 cogitationis
3048 4696 3244 4739 statum
3271 4685 3479 4753 erigere
3502 4698 3605 4737 non
3635 4698 3731 4735 va-

2142 4780 2248 4845 let,
2278 4794 2436 4849 quem
2473 4788 2700 4833 terrenae
2731 4793 2863 4833 usus
2892 4775 3273 4831 sollicitudinis
3312 4790 3529 4829 curvum
3560 4782 3729 4827 tenet.

2145 4871 2226 4925 Ex
2261 4871 2447 4926 horum
2479 4870 2675 4941 quippe
2700 4870 2880 4938 specie
2910 4868 3193 4923 Psalmista
3224 4868 3389 4922 dicit:
3426 4866 3735 4919 Incurvatus

2145 4978 2259 5015 sum
2293 4960 2309 4999 ί
2346 4971 2391 5015 et
2418 4961 2712 5013 humiliatus
2741 4976 2853 5014 sum
2881 4975 3234 5029 usquequaque
3278 4960 3297 5027 (
3323 4956 3462 5012 Psal.
3489 4970 3695 5009 xxxvm
3717 4996 3735 5021 ,

2148 5054 2201 5119 8,
2219 5044 2328 5108 sec.
2355 5052 2547 5119 LXX).
2577 5053 2814 5119 Quorum
2845 5052 3057 5122 culpam
3098 5064 3313 5122 quoque
3344 5064 3435 5117 per
3476 5048 3707 5117 semetip

2184 5188 2252 5225 ID.

2146 5185 2252 5279 θ’θ’
2277 5242 2354 5295 Ad
2390 5242 2504 5296 haec
2532 5244 2689 5295 verba
2730 5239 3011 5297 inchoatur
3036 5246 3193 5305 caput
3224 5236 3283 5288 ll
3320 5235 3371 5287 in
3398 5233 3528 5287 Mss.
3560 5230 3733 5287 Certi.

2146 5310 2337 5375 duob.,
2368 5314 2536 5380 prior.
2564 5311 2780 5365 Carnot.
2806 5320 2858 5364 et
2890 5310 3057 5363 tribus
3089 5307 3297 5361 Gemet.

2222 5391 2245 5429 ε
2280 5370 2418 5436 And.
2444 5385 2665 5449 primus,
2690 5398 2789 5451 quo
2816 5382 3163 5451 ingressus....
3186 5389 3391 5444 ponere.
3418 5370 3612 5435 Laud.,
3636 5388 3741 5440 qua

2150 5467 2377 5523 gressum
2404 5456 2653 5523 corporis.
3053 5515 3080 5523 __
3256 5512 3267 5523 _
3442 5512 3473 5523 _.

2224 5521 2248 5559 ιι
2285 5524 2451 5590 Editi,
2477 5507 2598 5576 dum
2621 5526 2761 5592 ﬂuxa
2788 5515 3166 5577 consuetudine,
3194 5509 3580 5569 reluctantibus
3605 5507 3739 5567 MSS.

2152 5608 2446 5650 UIIIVCI‘SIS.

2232 5662 2243 5699 ί
2282 5662 2445 5718 Abest
2477 5678 2505 5717 a
2530 5662 2717 5728 Corb.,
2742 5667 2788 5714 et
2818 5655 3118 5710 humiliatus
3144 5668 3287 5707 sum.
