2007 3156
119 140 154 168 ιδ
517 139 670 170 REGULE
689 138 904 169 PASTORALIS

970 139 1032 168 IER.
1056 155 1089 162 —
1110 140 1198 169 rans
1216 140 1384 170 SECINDA.
1690 120 1701 129 ’
1729 142 1765 169 ss

119 205 179 225 sam
203 197 310 225 Veritas
336 197 497 232 reprehens,
508 199 547 226 ait
559 207 566 225 :
581 199 675 227 Sam
696 203 781 226 autem
799 199 869 234 quod
890 199 918 226 in
932 199 957 228 Α
970 205 1030 225 cum
1042 198 1147 226 dicebat
1159 205 1166 225 :
1182 197 1302 225 Tenatio
1316 206 1361 226 vos
1373 206 1425 225 tum
1439 198 1617 234 apprehendat
1627 220 1634 232 ,
1649 207 1699 228 aut
1714 202 1765 228 lm-

119 242 205 276 spistis
218 242 328 276 cecidit,
343 243 371 269 Μ
385 247 447 270 sunt
459 244 502 277 qui
512 243 652 271 audierant
666 244 784 277 uerbum,
798 249 822 271 et
835 253 853 271 ο
866 245 918 272 sol-

120 287 299 315 licitudinibus
312 292 337 314 at
351 288 449 315 diuitiis
461 293 486 316 et
499 289 671 325 uoluptatibus
685 292 743 317 siue
758 294 846 317 unus
862 291 918 325 saf-

121 337 253 367 [ocantar,
265 339 288 361 et
303 342 354 361 non
368 336 482 369 referunt
495 337 608 369 fructum
621 336 696 370 (Luc.
710 344 771 369 vttt,
787 336 843 370 M).
856 336 918 370 Lip-

123 386 174 412 pus
189 386 253 406 vero
261 384 318 410 est.
329 379 407 414 cujus
421 380 527 414 quidem
542 380 676 415 ingenium
687 381 719 407 ad
736 381 916 416 cognitionem

123 425 244 452 veritatis
260 425 374 457 emicat,
390 425 437 452 sed
458 430 546 453 tamen
569 427 620 453 hoc
641 426 757 453 carnalia
773 433 854 461 opera
870 427 919 453 ob-

123 474 243 497 scurant.
259 470 288 498 In
302 471 381 505 lippis
395 472 494 506 quippe
507 472 593 499 oculis
608 472 716 507 pupilla
739 479 812 499 sanae
835 478 916 505 sunt,

122 515 174 542 sed
197 515 307 543 humore
319 516 455 544 deﬂuente
469 522 482 536 ⁸
497 517 638 545 inﬁrmata:
661 519 796 553 palpebra:
810 525 918 553 grosse-

124 564 225 594 seuttt;
246 568 372 596 quorum,
393 562 455 597 quia
480 562 614 590 inlusione
635 563 733 590 crebro
754 567 916 595 atteruntur,

123 606 207 633 etiam
221 606 291 634 acies
307 607 415 641 pupilla:
429 607 550 635 vitiatur.
567 608 601 635 Et
620 612 682 635 sunt
704 608 824 635 nonnulli
849 615 918 641 quo-

124 659 184 679 rum
197 659 307 680 sensum
325 654 443 681 carnalis
463 654 524 681 vitze
544 655 665 688 operatio
679 655 800 687 sauciat,
820 654 865 689 qui
881 655 919 682 vi-

123 698 188 725 dere
201 703 277 726 recta
289 699 423 727 subtiliter
437 707 483 733 per
497 700 633 734 ingenium
650 704 792 734 poterant,
806 700 853 728 sed
869 708 918 727 usu

124 751 267 776 pravorum
280 749 388 772 actuum
403 745 530 780 caligant.
547 745 649 780 Lippus
664 746 753 780 itaque
769 750 827 778 est,
841 746 919 779 cujus

123 795 234 815 sensum
248 793 343 816 natura
366 791 490 822 exacuit;
506 791 553 818 sed
573 791 788 818 conversationis
803 791 919 825 pravitas

123 833 272 861 confundit.
295 835 343 863 Cui
363 836 432 863 bene
456 832 503 870 per
522 837 645 871 angelum
668 837 785 864 dicitur:
803 836 918 871 Collyrio

969 251 1045 270 manu
1059 242 1087 278 (Ι
1098 242 1159 270 Cor.
1171 250 1201 276 ι,
1216 241 1277 278 15);
1292 249 1323 270 ac
1335 243 1358 270 si
1372 246 1465 277 aperte
1475 243 1597 271 diceret:
1614 244 1763 273 Humanum

968 288 1075 324 quidem
1089 292 1132 316 est
1145 288 1320 316 tentatiouem
1333 289 1359 316 in
1373 288 1456 317 corde
1480 289 1583 324 perpeti
1593 309 1601 321 ,
1615 289 1762 319 demonia-

968 341 1029 361 cum
1043 341 1105 361 vero
1115 335 1193 361 estin
1206 334 1359 361 tentationis
1371 335 1517 362 certamine
1528 340 1554 362 et
1566 335 1591 362 in
1606 337 1764 370 operatione

968 380 1098 414 superari.
1125 380 1311 415 Impetiginem
1337 388 1444 415 quoque
1471 381 1552 408 habet
1578 382 1604 408 in
1631 389 1763 416 corpore,

971 427 1091 461 quisquis
1104 427 1217 454 avaritia
1229 432 1346 454 vastatur
1360 427 1385 454 in
1403 432 1491 455 mente
1504 436 1510 454 :
1524 435 1584 461 quae
1598 429 1620 455 si
1634 429 1660 456 in
1677 430 1766 463 parvis

970 479 1022 498 non
1044 472 1234 506 compescitur,
1251 472 1376 499 nimirum
1399 473 1458 499 sine
1478 480 1603 501 mensura
1627 474 1764 503 dilatatur.

970 516 1097 551 lmpetigo
1110 517 1211 551 quippe
1225 517 1284 544 sine
1299 517 1393 545 dolore
1406 525 1503 552 corpus
1518 523 1648 553 occupat,
1662 524 1690 546 et
1704 520 1766 547 abs-

968 571 1020 598 que
1034 565 1155 598 occupati
1171 564 1250 591 tredio
1265 571 1423 592 excrescens
1439 565 1622 593 membrorum
1637 568 1762 594 decorem

970 604 1067 642 tradat,
1082 611 1142 644 quia
1156 614 1183 636 et
1198 610 1309 637 avaritia
1329 611 1399 644 capti
1414 611 1532 638 animum
1547 611 1611 639 dum
1627 613 1701 646 quasi
1718 614 1764 640 de-

969 655 1065 687 lectat,
1080 655 1231 685 exulcerat;
1248 655 1311 682 dum
1335 656 1507 690 adipiscenda
1529 665 1642 692 qureque
1662 659 1763 693 cogita-

970 701 1034 727 ti0ni
1048 700 1155 734 objicit,
1172 700 1205 728 ad
1230 701 1383 728 inimicitias
1407 702 1543 733 accendit,
1559 707 1587 731 et
1602 703 1721 731 dolorem
1735 705 1761 732 in

970 745 1080 772 vulnere
1091 753 1143 772 non
1159 746 1229 777 facit.
1242 746 1303 780 quia
1314 747 1438 773 aestuanti
1451 747 1540 775 animo
1551 755 1584 775 ex
1595 749 1671 782 culpa
1683 749 1765 777 abun-

971 790 1088 819 dantiam
1111 791 1160 826 13
1182 791 1323 826 promittit.
1340 792 1393 819 Sed
1408 792 1490 819 decor
1505 794 1685 822 membrorum
1700 803 1763 830 pcr-

971 835 1051 867 ditur,
1064 837 1124 871 quia
1147 836 1262 863 aliarum
1285 845 1391 872 quoque
1412 839 1540 866 virtutum
1556 847 1602 874 per
1619 839 1688 867 hanc
1703 842 1764 875 pul-

123 878 218 913 iaaage
231 879 318 906 uales
331 884 390 907 tuos
404 886 430 908 ut
452 882 539 908 uidens
561 883 655 917 (Apoc.
667 890 711 917 ιιι,
729 883 782 918 18).
798 883 917 918 Collyrio
934 882 956 912 Β
970 883 1094 910 chritudo
1116 884 1292 917 depravatur;
1307 889 1335 911 et
1355 885 1432 919 quasi
1452 888 1536 912 totum
1559 892 1657 920 corpus
1674 891 1685 905 ο
1699 894 1763 913 exa-

124 924 225 958 qnippe
237 925 330 953 oculos
349 930 380 953 ut
398 926 537 954 videamus
559 928 722 961 inuugimus,
737 935 798 955 cum
815 928 847 955 ad
872 935 919 956 co-

124 969 304 1002 gnoseendattl
315 971 370 998 veri
384 971 493 999 luminis
505 971 654 999 claritatem
667 973 818 1000 intellectus
831 973 917 1000 nostri

125 1013 215 1041 aciem
231 1016 403 1044 medicamine
417 1016 494 1045 bona:
507 1019 672 1052 operationis
686 1018 855 1053 adjuvamus.
871 1020 918 1047 Al-

125 1059 255 1096 buginem
270 1069 330 1089 vero
342 1062 422 1090 habet
437 1063 463 1090 in
477 1063 566 1097 oculo,
580 1063 625 1099 qui
640 1064 759 1091 veritatis
775 1065 860 1092 lucem
877 1066 917 1092 vi-

125 1105 193 1133 dere
203 1114 257 1134 non
271 1107 379 1140 sinitur.
390 1109 452 1144 quia
465 1110 618 1144 arrogantia
633 1110 770 1144 sapientia
783 1117 831 1138 seu
842 1110 919 1145 justi-

124 1151 172 1178 tia
189 1157 314 1181 cae-tur.
331 1154 433 1190 Pupilla
455 1164 570 1191 namque
583 1157 653 1184 oculi
674 1158 749 1192 n‘gra
775 1157 862 1191 videt,
877 1159 918 1186 al-

124 1196 249 1242 bggineta
270 1200 388 1229 tolerans
411 1202 447 1230 nil
476 1202 564 1235 videt,
589 1203 650 1237 quia
672 1203 797 1231 videlicet
821 1211 917 1233 sensus

125 1243 247 1272 humana
267 1247 437 1282 cogitatiOnis
457 1248 479 1276 si
502 1249 613 1276 stultum
634 1256 664 1276 se
688 1255 914 1285 peccatoremque

125 1288 259 1325 intelligit,
279 1292 460 1327 cognitionem
473 1294 573 1321 intima:
586 1294 715 1322 claritatis
727 1296 915 1330 apprehendit.

124 1334 153 1362 Si
173 1340 262 1364 atem
283 1337 431 1369 candorem
445 1339 496 1366 sibi
510 1339 621 1374 justitire
643 1347 691 1368 seu
712 1342 850 1375 sapientiai
867 1343 915 1369 tri~

124 1380 195 1415 buit,
208 1389 224 1409 a
238 1382 339 1411 lucese
355 1391 479 1419 superna:
492 1384 505 1404 1³
517 1386 677 1420 cognitionis
691 1387 824 1419 excludit;
842 1392 869 1414 et
882 1394 915 1414 eo

123 1425 271 1454 claritatem
284 1428 340 1456 veri
355 1429 464 1457 luminis
478 1437 645 1465 nequaquam
666 1435 801 1465 penetrat,
819 1439 872 1466 quo
885 1439 915 1459 se

120 1471 193 1505 apud
205 1479 235 1500 se
247 1480 296 1507 per
304 1475 485 1509 arrogantiam
499 1476 616 1509 exaltat;
631 1477 698 1504 sicut
711 1478 744 1505 de
756 1478 914 1513 quibusdam

120 1517 239 1546 dicitur:
254 1518 373 1547 Diuum
391 1521 460 1548 enim
478 1530 506 1549 se
528 1530 583 1549 esse
605 1524 743 1557 sapientes,
759 1525 832 1551 stulti
855 1526 916 1560 fricti

970 933 1074 963 sperat,
1087 928 1148 963 quia
1164 937 1211 963 per
1225 929 1350 956 universa
1366 929 1430 956 vitia
1446 931 1564 957 animum
1588 931 1759 965 supplantat,
1776 964 1779 966 γ

970 973 1051 1000 Paulo
1073 978 1216 1001 attestante
1237 975 1282 1008 qui
1305 975 1365 1001 ait:
1388 975 1476 1002 Radix
1500 977 1612 1003 omnium
1637 977 1763 1004 mulorum

969 1024 1005 1046 est
1025 1020 1152 1052 cupiditas
1176 1020 1200 1055 (ι
1222 1020 1289 1047 Tim.
1303 1029 1344 1053 vt,
1359 1021 1414 1056 10).
1431 1021 1600 1049 Ponderosus
1621 1030 1686 1049 vero
1701 1028 1761 1057 est,

967 1065 1012 1099 qui
1035 1065 1224 1099 turpitudinem
1245 1073 1298 1094 non
1314 1071 1423 1094 exercet
1439 1074 1532 1100 opere,
1548 1068 1595 1094 sed
1614 1072 1703 1095 tamen
1725 1069 1760 1095 ab

969 1112 1019 1140 hac
1033 1113 1193 1148 cogitatione
1207 1113 1333 1140 continua
1355 1113 1415 1140 sine
1432 1113 1614 1141 moderamine
1637 1121 1763 1147 gravatur

969 1158 995 1185 in
1018 1163 1122 1191 mente;
1139 1159 1184 1194 qui
1207 1167 1374 1194 nequaquam
1400 1158 1509 1194 quidem
1531 1166 1614 1193 usque
1637 1159 1670 1186 ad
1694 1166 1763 1193 opus

970 1204 1099 1230 nefarium
1114 1205 1225 1238 rapitur,
1238 1205 1283 1232 sed
1297 1204 1356 1239 ejus
1368 1205 1474 1231 animus
1490 1205 1626 1239 voluptate
1648 1204 1763 1232 luxui-ire

969 1249 1028 1276 sine
1049 1249 1104 1276 ullo
1118 1248 1131 1267 ἀ
1147 1250 1349 1284 repugnationis
1363 1250 1472 1277 stimulo
1485 1250 1646 1278 delectatur.
1664 1250 1763 1278 \litiutu

968 1295 1068 1330 quippe
1081 1301 1123 1323 est
1139 1296 1275 1330 ponderis,
1290 1304 1351 1324 cum
1367 1296 1461 1323 humor
1477 1296 1608 1324 viscerum
1623 1297 1656 1322 ad
1677 1296 1763 1323 virilia

968 1340 1075 1372 labitur,
1093 1349 1151 1375 quae
1172 1342 1291 1376 profecto
1312 1349 1372 1369 cum
1394 1342 1514 1369 molestia
1538 1341 1678 1369 dedecoris
1694 1341 1765 1368 iutu-

956 1391 1099 1413 -mescunt.
1117 1387 1288 1415 Ponderosus
1302 1395 1367 1423 ergo
1388 1393 1443 1419 est,
1459 1388 1502 1422 qui
1520 1387 1582 1414 totis
1594 1386 1764 1422 cogitationi-

968 1432 1018 1459 bus
1036 1432 1087 1468 14
1102 1433 1133 1459 ad
1149 1434 1284 1461 lasciviam
1307 1434 1438 1466 dellucns,
1461 1434 1565 1468 pondus
1590 1433 1762 1467 turpitudinis

967 1482 1054 1512 gestat
1070 1483 1081 1497 ο
1096 1479 1122 1506 in
1142 1480 1240 1512 corde;
1257 1484 1284 1507 et
1306 1481 1428 1514 quamvis
1452 1487 1533 1513 prava
1555 1486 1607 1506 non
1631 1483 1760 1506 exerceat

967 1531 1059 1558 opere,
1075 1526 1107 1552 ab
1130 1525 1171 1555 his
1194 1530 1282 1553 tamen
1306 1534 1357 1553 non
1377 1526 1502 1553 evellitur
1527 1529 1625 1552 mente.
1649 1523 1703 1551 Nec
1727 1524 1761 1551 ad

119 1566 180 1589 sunt
200 1561 326 1597 (Πολι,
339 1564 397 1599 22).
421 1565 516 1599 Jugem
538 1574 602 1593 vero
621 1567 702 1594 habet
723 1568 856 1601 scabiem,
872 1570 914 1595 cui
929 1566 952 1597 C
970 1578 1046 1597 usum
1072 1571 1132 1598 boni
1155 1573 1244 1605 operis
1266 1572 1292 1599 in
1315 1576 1408 1606 aperto
1434 1572 1505 1598 valet
1527 1577 1678 1604 assurgere,
1699 1570 1762 1604 quia

119 1607 211 1634 carnis
224 1609 370 1641 petulatia
383 1610 442 1638 sine
456 1612 609 1639 cessatione
624 1612 787 1640 dominatur.
804 1612 832 1640 lu
856 1621 914 1640 sca-

121 1652 167 1679 bie
188 1653 290 1680 etenim
310 1653 398 1682 (crvor
416 1656 549 1683 viscerum
565 1657 597 1683 ad
621 1661 710 1685 cutem
727 1657 850 1691 trahitur,
868 1666 915 1693 per

119 1705 204 1733 quam
215 1704 291 1727 recte
300 1699 400 1728 luxuria
410 1700 578 1737 designatur,
590 1703 650 1737 quia
665 1703 688 1730 si
702 1704 789 1731 cordis
804 1705 916 1731 tentalio

120 1751 207 1778 Itaque
219 1744 254 1772 ad
274 1746 458 1780 operationem
482 1748 603 1783 prosilit,
621 1749 748 1776 nimirum
771 1749 861 1777 fervor
877 1750 917 1777 in-

121 1789 203 1817 timus
226 1798 313 1826 usque
336 1791 369 1819 ad
388 1793 457 1820 cutis
476 1793 595 1821 scabiem
619 1794 786 1829 prorumpit;
800 1799 828 1822 et
851 1794 917 1822 foris

120 1835 178 1870 iam
187 1843 285 1871 corpus
295 1838 412 1871 sauciat,
425 1838 487 1873 quia
499 1839 562 1866 dum
576 1839 602 1867 in
618 1839 780 1874 cogitatione
792 1841 917 1875 voluptas

121 1888 177 1908 non
195 1881 361 1918 reprimitur,
378 1884 459 1911 etiam
475 1884 501 1912 in
523 1885 629 1913 actione
652 1885 817 1913 dominatur.
834 1887 915 1920 Quasi

119 1928 194 1955 enim
213 1928 284 1956 euris
303 1929 468 1965 pruriginem
493 1930 599 1965 Paulus.
616 1931 727 1958 curabat
749 1932 915 1965 abstergere,

158 1998 173 2031 ξ
187 1994 236 2031 llic
254 1995 289 2031 in_
299 1995 363 2031 Mss.
377 1995 443 2022 mira
458 1996 584 2024 varietas.
598 1996 627 2023 in
646 1996 743 2029 Lautl.,
759 1997 919 2031 infirmitates

168 2029 262 2067 [εὔνῳ.
278 2029 307 2067 l_t_t
325 2030 411 2067 duob.
421 2038 474 2067 Apr.
487 2031 605 2064 Gemet.,
621 2032 764 2067 inﬁrmanti
785 2029 917 2066 palpebra.

133 2073 151 2092 υ
172 2064 401 2101 Orrb.._lielluv.,
415 2065 526 2093 Carnot.
555 2067 588 2099 '2,
604 2064 686 2095 duob.
706 2064 918 2101 Τιιαιοιι..’ἱιι[ῐι·-

119 2104 221 2140 manus
234 2099 374 2140 palpebra.
387 2101 416 2127 Ιιι
431 2101 511 2136 priori
526 2101 607 2129 Caro.
619 2107 646 2130 et
657 2103 728 2130 Aud.
744 2103 767 2136 Ι,
781 2099 917 2137 inﬁrman-

119 2135 405 2207 ufalepmgicenses,
418 2171 592 2207 togila:iont's.

159 2210 173 2224 ε
189 2205 288 2236 l.aud.,
301 2205 441 2233 mit-erat.

967 1620 1060 1650 gravat
1076 1616 1145 1643 hunc
1161 1617 1187 1643 in
1208 1617 1306 1644 abditis
1322 1617 1426 1651 pondus
1451 1622 1537 1650 turpe.
1553 1615 1679 1649 Quisquis
1700 1622 1764 1648 ergo

968 1661 1087 1694 quolibet
1110 1661 1205 1687 horum
1224 1662 1290 1687 vitio
1309 1660 1318 1679 ί
1334 1661 1475 1695 subigitur,
1499 1667 1581 1695 panes
1598 1660 1711 1686 Dumino
1726 1659 1764 1686 ol<

973 1706 1044 1733 ferre
1068 1705 1235 1739 prohibetur,
1248 1713 1281 1733 ne
1297 1706 1414 1740 proiecto
1428 1706 1530 1733 diluere
1553 1705 1641 1732 aliena
1666 1704 1764 1732 delicta

969 1760 1023 1779 non
1039 1752 1124 1779 valeat
1142 1753 1165 1779 is
1178 1760 1256 1787 quem
1270 1751 1358 1779 adhuc
1372 1752 1479 1787 propria
1497 1756 1509 1775 δ
1528 1752 1679 1779 devastant.
1695 1751 1763 1784 Quia

969 1798 1049 1832 igitur
1065 1799 1158 1832 paucis
1177 1798 1211 1825 ad
1226 1798 1360 1833 pastorale
1376 1798 1558 1832 magisterium
1581 1798 1678 1832 dignus
1697 1805 1765 1831 qua-

970 1843 1031 1871 liter
1046 1844 1152 1876 veniat,
1166 1848 1246 1879 atque
1260 1844 1312 1872 hoc
1326 1844 1449 1879 indignus
1461 1844 1575 1878 qualiter
1592 1845 1765 1878 pertimescat

969 1889 1145 1921 ostendimus,
1161 1897 1231 1917 nunc
1255 1890 1278 1917 is
1300 1890 1346 1924 qui
1365 1889 1398 1916 ad
1416 1890 1479 1916 illud
1494 1890 1574 1924 digne
1591 1889 1762 1923 pervenerit,

971 1934 997 1961 in
1015 1942 1048 1962 eo
1063 1935 1176 1969 qualiter
1189 1935 1278 1962 vivere
1292 1935 1389 1963 debeat
1404 1935 1629 1963 demonstremus.

1006 1998 1019 2018 ἀ
1035 2000 1120 2033 Editi,
1144 2001 1337 2036 repugnatiom's
1352 2001 1497 2033 obstaculo;
1511 2002 1582 2036 quod
1605 2003 1630 2028 iu
1654 2001 1734 2028 nullis
1749 2009 1764 2029 ο

971 2036 1070 2062 nostris
1083 2036 1144 2063 Mss.
1159 2036 1264 2070 legitur.

1009 2075 1020 2088 °
1035 2070 1144 2098 Carnot.
1158 2072 1259 2104 primus
1273 2076 1298 2098 et
1314 2071 1449 2098 secundus
1464 2071 1545 2102 Aud.,
1559 2071 1585 2097 in
1600 2079 1716 2103 corpore.

973 2140 979 2146 η
1001 2104 1020 2146 ,ί
1035 2106 1144 2133 Caruot.
1157 2107 1268 2140 primus,
1281 2107 1454 2142 subjungilur.
1471 2107 1573 2134 Bellov.
1586 2111 1614 2133 et
1628 2107 1690 2139 alii,
1706 2105 1765 2132 sul»

971 2146 1084 2203 1giisulriic
1099 2176 1245 2203 absolvitur
1255 2181 1335 2211 caput
1349 2176 1375 2203 in
1391 2177 1498 2211 Longip.

614 2326 988 2380 SECUNDA
1031 2326 1264 2379 PARS.

737 2420 788 2450 DE
810 2423 824 2438 ⁸
846 2419 944 2450 νιΤΑ
964 2419 1166 2450 PASTORIS.

302 2524 417 2553 CAPUT
437 2524 570 2553 PRIMUM
591 2522 646 2560 [ΑΙ.
661 2521 746 2558 XII].

136 2580 171 2609 Is
184 2581 230 2616 qui
242 2580 278 2608 ad
293 2580 408 2616 regimen
421 2581 540 2607 ordinate
554 2580 708 2616 pervenerit,
721 2579 825 2614 qualem
836 2586 863 2606 se
876 2579 903 2606 in

307 2614 363 2650 ipso
376 2616 500 2651 regimine
513 2614 603 2643 debeat
617 2614 746 2642 exhibere.

157 2661 277 2689 Tantum
293 2661 374 2688 debet
387 2661 523 2688 actionem
539 2660 628 2695 populi
644 2659 716 2687 actio
730 2659 921 2687 transcendere

119 2708 268 2742 praesulis,
284 2711 416 2742 quantum
430 2707 531 2735 distare
544 2706 615 2734 solet
626 2713 642 2734 a
657 2713 738 2741 grege
758 2705 812 2733 vita
827 2710 920 2740 pasto-

157 2767 172 2781 ·
191 2762 300 2791 Titulus
313 2762 357 2790 hic
370 2762 398 2789 in
414 2761 531 2796 antiquis
543 2761 609 2789 Mss.
623 2768 678 2789 non
691 2759 800 2796 legitur.
814 2759 868 2796 nisi
878 2766 920 2786 re.

116 2798 237 2826 centiori
253 2805 336 2825 manu
351 2793 487 2829 addictus,
499 2802 529 2824 ut
542 2797 649 2824 videtur
661 2796 687 2823 in
698 2793 835 2822 QVGentet.
848 2793 920 2829 Cun-

119 2837 197 2860 ttuua
213 2841 280 2868 ergo
293 2833 366 2860 serie
380 2833 407 2860 iu
423 2828 503 2859 manu
524 2832 643 2868 eraratis
661 2830 786 2868 sequitur
801 2836 860 2863 cap.
877 2828 921 2856 l2.

118 2869 149 2897 lu
164 2866 279 2902 Longi—ru
293 2872 337 2897 est
350 2872 451 2896 tantum
466 2875 526 2903 esp.
541 2867 568 2896 9.
585 2866 717 2895 Divisioni
730 2869 820 2893 tamen
833 2872 848 2892 a
861 2872 924 2892 san-

974 2523 1023 2551 ris.
1035 2523 1147 2558 Oportet
1156 2530 1271 2559 namque
1281 2527 1311 2551 ut
1322 2523 1413 2552 metiri
1425 2522 1540 2551 sollicite
1551 2523 1656 2551 studeat
1669 2527 1768 2559 quanta

974 2569 1099 2598 tenendae
1123 2569 1293 2597 rectitudinis
1319 2569 1478 2597 necessitate
1490 2569 1692 2604 constringitur,
1717 2570 1767 2599 sub

976 2614 1052 2650 cujus
1075 2614 1253 2643 aestimatione
1276 2615 1389 2650 populus
1412 2623 1476 2650 grex
1497 2620 1616 2643 vocatur.
1641 2615 1683 2645 Sit
1702 2623 1767 2651 ergo

976 2668 1087 2688 necesse
1102 2665 1144 2689 est
1158 2661 1319 2696 cogitatione
1332 2660 1446 2689 mundus
1456 2684 1464 2696 ,
1482 2661 1588 2689 actione
1599 2661 1749 2697 praecipuus
1758 2682 1767 2694 ,

975 2706 1107 2734 discretus
1126 2708 1153 2734 iu
1174 2707 1297 2741 silentio,
1314 2706 1386 2735 utilis
1407 2708 1434 2736 in
1454 2709 1551 2742 verbo,
1567 2708 1678 2744 singulis
1692 2715 1766 2736 com-

975 2765 1019 2799 c_to
1035 2761 1150 2789 Doctore
1166 2763 1326 2797 proposita,
1342 2770 1402 2799 cum
1417 2764 1559 2791 conveniat
1572 2763 1631 2791 [nec
1645 2763 1761 2799 inscripg

976 2796 1029 2834 tio,
1044 2801 1077 2834 _ut_
1090 2796 1210 2831 patet'el
1224 2798 1518 2834 superioribusiverbis
1536 2798 1633 2834 quibus
1653 2806 1715 2833 cap.
1730 2796 1764 2826 11

977 2832 1134 2867 absolvitur,
1150 2840 1210 2861 eam
1224 2834 1391 2862 retinendam
1406 2833 1542 2862 duximus.
