3968 6338
526 288 597 344 ,7
1730 283 1972 341 SANCTI
2013 281 2341 342 CREGORII
2375 288 2586 345 MAGNI
3713 298 3779 352 εδ

526 400 775 471 passione
804 401 1078 469 proximus
1098 440 1113 465 ,
1148 415 1256 467 pra:
1285 399 1491 455 cunctis
1531 400 1979 467 contemplatione
2018 411 2108 452 su—
2133 398 2186 456 A
2212 401 2573 471 subjectorum
2593 417 2783 457 causas
2806 416 2901 473 pro
2919 404 3033 459 sola
3058 406 3253 463 interni
3275 406 3471 479 judicis
3493 408 3776 469 intentione

525 505 782 559 spensus,
837 491 973 545 bene
1018 490 1296 555 agentibus
1346 504 1444 557 per
1491 489 1841 543 humilitatem
1892 490 2100 553 socius,

527 592 714 636 contra
755 582 1173 652 delinquentium
1214 581 1337 635 vitia
1382 595 1474 649 per
1510 580 1684 634 zelum
1722 580 1941 648 jnstitite
1979 595 2100 634 ere-

526 684 680 738 ctus,
714 675 1047 729 interuorum
1077 688 1259 727 curam
1291 673 1341 726 in
1388 673 1710 726 exteriorum
1755 672 2103 739 occupatione

527 782 631 820 non
663 766 904 819 minuens
924 809 940 833 ,
973 766 1298 819 exteriorum
1330 763 1714 831 providentiam
1758 761 1809 815 in
1858 761 2100 816 interno-

528 875 644 911 rum
678 857 1036 911 sollicitudine
1068 872 1171 909 non
1207 857 1529 924 relinquens.
1556 856 1657 910 Sed
1689 857 1801 907 haec
1827 870 1948 923 qua:
1976 856 2097 909 bre-

525 952 661 1004 viter
687 949 1052 1003 enumerando
1082 948 1521 1018 perstrinximus,
1559 946 1714 1014 paulo
1744 947 1901 1001 latius
1944 945 2103 1015 repli.

522 1040 692 1094 cando
721 1039 1072 1095 disseramus.

978 1129 1205 1184 CAPUT
1232 1128 1273 1183 11
1307 1128 1414 1200 [ΑΙ.
1446 1127 1654 1198 XIII].

822 1222 889 1276 Ut
920 1233 1083 1275 rector
1108 1222 1413 1289 sagitatione
1441 1222 1505 1273 sit
1536 1220 1779 1273 mundus.

597 1315 795 1368 Rector
825 1330 1038 1382 semper
1066 1313 1390 1382 cogitatione
1419 1312 1489 1367 sit
1532 1312 1762 1367 mundus
1781 1354 1796 1377 ,
1839 1321 2098 1381 quatenus

526 1410 667 1462 tmlla
706 1410 843 1463 hunc
875 1407 1210 1462 immunditia
1244 1406 1479 1474 polluat,
1507 1407 1594 1475 qui
1626 1405 1726 1458 hoc
1757 1404 1986 1472 suscepit
2018 1401 2098 1457 of-

526 1498 633 1552 ﬁcii
656 1539 669 1562 ,
703 1507 760 1552 ut
791 1500 842 1551 in
872 1497 1063 1552 alienis
1092 1510 1305 1565 quoque
1343 1495 1595 1549 cordibus
1635 1494 1943 1561 pollutionis
1981 1509 2096 1546 ma-

522 1590 673 1643 culas
705 1598 904 1659 tergat,
932 1588 1049 1657 quia
1082 1601 1303 1641 neces~e
1332 1594 1416 1641 est
1445 1594 1501 1639 ut
1529 1600 1648 1640 esse
1673 1586 1863 1639 munda
1890 1585 2099 1640 studeat

518 1695 720 1734 manus
741 1721 756 1745 ,
789 1697 907 1751 quae
938 1680 1145 1734 diluere
1171 1679 1360 1734 sordes
1386 1688 1538 1733 curat
1562 1694 1577 1733 :
1611 1693 1679 1733 ne
1709 1688 1846 1732 tacta
1873 1692 2095 1748 quzeque

2208 493 2478 549 discutere
2497 536 2511 561 ,
2535 505 2589 549 ut
2611 495 2738 549 nihil
2764 511 2824 552 se
2848 498 2896 551 ei
2925 498 3269 554 humanitatis
3290 500 3585 555 admisceat
3610 503 3657 555 in
3681 502 3775 560 hoc

2206 583 2344 651 quod
2376 584 2552 638 divina
2579 586 2782 653 positus
2806 586 2923 642 vice
2945 587 3253 657 dispensat,
3280 603 3346 644 ne
3369 592 3716 659 correptionis
3742 604 3765 634 ο

2205 676 2377 729 studia
2399 676 2634 744 privatus
2653 678 2806 733 dolor
2826 690 3127 748 exasperet.
3144 680 3386 751 Cumque
3405 693 3588 736 contra
3610 684 3770 739 aliena

2207 765 2329 836 vitia
2360 770 2640 823 aemulator
2665 772 2987 836 ostenditur,
3010 786 3129 841 quze
3158 787 3252 825 sua
3282 781 3404 826 sunt
3435 784 3768 842 exsequatur,

2205 873 2275 913 ne
2301 859 2737 928 tranquillitatem
2760 862 2944 931 judicii
2974 872 3064 916 aut
3091 862 3262 916 latens
3292 864 3487 917 invidia
3515 868 3770 935 maculet,

2202 957 2295 999 aut
2337 962 2576 1017 praeceps
2620 949 2698 1003 ira
2741 951 3041 1018 perturbet.
3090 951 3196 1006 Sed
3242 952 3367 1005 dum
3410 954 3772 1010 consideratur

2204 1045 2382 1092 terror
2435 1038 2552 1108 ejus
2602 1040 2693 1110 qui
2748 1055 2923 1110 supec
2960 1043 3140 1096 omnia
3194 1043 3479 1111 praesidet,
3529 1045 3775 1103 videlicet

2198 1128 2394 1199 judicis
2444 1132 2660 1197 intimi,
2712 1148 2818 1187 non
2874 1135 2991 1189 sine
3030 1150 3226 1205 magno
3280 1143 3537 1205 regantur
3587 1138 3772 1195 timore

2201 1221 2449 1290 subjecti.
2491 1222 2590 1289 Qui
2637 1222 2889 1278 nimirum
2934 1225 3094 1279 timor
3124 1225 3251 1280 dum
3293 1238 3525 1281 mentem
3561 1228 3776 1284 rectoris

2203 1312 2478 1379 lmmiliat,
2514 1324 2701 1382 purgat
2729 1330 2743 1379 ;
2777 1330 2845 1368 ne
2876 1314 3015 1369 hanc
3054 1325 3148 1370 aut
3188 1319 3537 1386 praesumptio
3563 1317 3776 1387 spiritus

2202 1399 2372 1465 levet,
2403 1412 2493 1455 aut
2520 1404 2697 1458 carnis
2724 1404 3007 1459 delectatio
3047 1406 3318 1475 inquinet,
3365 1417 3454 1462 aut
3485 1422 3582 1477 per
3611 1416 3776 1466 terre-

2202 1508 2389 1547 narum
2425 1496 2525 1565 15
2556 1509 2733 1550 rerum
2770 1493 2788 1533 ί
2821 1496 3130 1565 cupidinem
3174 1498 3554 1566 importunitas
3592 1500 3775 1570 pulve-

2199 1598 2309 1637 reae
2340 1586 2678 1655 cogitationis
2704 1587 2997 1642 obscuret:
3045 1604 3162 1657 qua:
3201 1598 3376 1643 tamen
3422 1604 3525 1643 non
3570 1590 3777 1657 pulsare

2199 1677 2425 1731 rectoris
2473 1679 2707 1731 animum
2760 1687 3077 1747 nequeunt,
3119 1681 3214 1735 sed
3261 1679 3519 1735 festinare
3561 1696 3779 1736 necesse

518 1771 761 1825 deterius
788 1772 1058 1840 inquinet,
1091 1780 1114 1806 α
1142 1769 1186 1824 si
1216 1760 1429 1824 sordida
1458 1770 1745 1838 insequens
1771 1769 1936 1823 lutum
1964 1768 1988 1807 ι)
2020 1778 2094 1825 te-
2128 1777 2173 1838 Β
2199 1779 2278 1824 eSt
2301 1807 2317 1831 ,
2352 1778 2408 1823 ut
2434 1769 2821 1839 repugnatione
2867 1771 3169 1835 vincantur,
3204 1786 3270 1825 ne
3300 1772 3483 1825 vitium
3513 1773 3654 1840 quod
3689 1786 3778 1840 per

525 1872 638 1915 net.
674 1861 808 1916 Hinc
845 1877 1075 1931 namque
1119 1877 1213 1929 per
1248 1862 1560 1931 prophetam
1600 1862 1793 1915 dicitur
1824 1879 1838 1913 :
1872 1861 2095 1915 Munda-

520 1954 649 2007 nn'ni
692 1956 781 2023 qui
827 1957 972 2024 fertis
1002 1970 1123 2007 uasa
1156 1954 1365 2007 Domini
1390 1954 1409 2022 (
1434 1952 1561 2007 Isai.
1596 1970 1690 2021 ιιι,
1721 1955 1782 2010 11
1814 1955 1854 2021 ).
1888 1954 2097 2009 Domini

521 2047 717 2099 rtcnitn
761 2060 895 2100 .vasa
948 2047 1161 2107 ferunt,
1216 2048 1307 2114 qui
1365 2048 1725 2114 proximorum
1775 2060 1982 2103 antmas
2030 2047 2097 2102 ad

520 2148 721 2190 arterna
754 2135 988 2191 sacraria
1029 2134 1402 2205 perducendas
1441 2135 1496 2189 in
1526 2150 1637 2189 sum
1673 2137 2098 2191 conversationis

521 2226 625 2280 title
655 2226 977 2295 suscipiunt.
1008 2226 1163 2294 Apud
1193 2225 1511 2294 semetipsos
1554 2239 1682 2294 ergo
1717 2234 1972 2293 quantum
1998 2224 2096 2280 de-

523 2318 686 2371 beant
717 2316 963 2371 mundari
996 2316 1358 2385 conspiciant,
1390 2316 1480 2387 qui
1509 2316 1577 2371 ad
1616 2316 1931 2371 aeternitatis
1962 2326 2095 2372 tem.

520 2411 663 2478 plum
695 2424 819 2463 vasa
852 2409 1082 2464 viventia
1115 2410 1169 2463 in
1197 2408 1320 2464 sinu
1366 2423 1595 2478 propriae
1632 2424 1938 2479 sponsionis
1975 2423 2099 2478 por-

515 2510 651 2557 tant.
688 2503 821 2558 llinc
848 2502 1028 2558 divina
1061 2518 1192 2558 voce
1219 2503 1525 2573 prtccipitur
1550 2502 1746 2571 (Exod.
1771 2519 1957 2571 xxvttt,
1983 2506 2095 2572 15),

521 2602 579 2645 ιιι
610 2591 664 2646 in
695 2594 874 2647 Aaron
908 2608 1123 2661 pectore
1150 2594 1408 2649 rationale
1429 2594 1610 2663 judicii
1637 2594 1783 2650 vittis
1812 2596 2097 2667 ligantibus

528 2682 898 2749 imprimatur,
930 2692 1193 2751 quatenus
1226 2693 1248 2721 ο
1277 2684 1608 2738 sacerdotale
1638 2698 1734 2739 cor
1763 2699 2094 2755 nequaquam

519 2772 873 2841 cogitationes
918 2773 1074 2826 ﬂuxae
1124 2772 1461 2842 possideant,
1507 2773 1602 2828 sed
1643 2774 1778 2827 ratio
1814 2776 1925 2829 sola
1963 2789 2091 2830 con-

519 2862 789 2932 stringat;
823 2879 922 2919 nec
964 2864 1310 2921 indiscretum
1346 2866 1473 2936 quid
1515 2866 1596 2922 vel
1637 2866 1822 2921 inutile
1862 2869 2092 2938 cogitet,

519 2956 607 3022 qui
637 2955 701 3008 ad
732 2958 1033 3025 exemplum
1065 2957 1182 3012 aliis
1211 2959 1558 3022 constitutus,
1592 2973 1655 3013 ex
1687 2960 1947 3029 gravitate
1975 2962 2096 3015 vita:

524 3059 740 3114 semper
767 3046 921 3101 debet
951 3048 1237 3103 ostendere
1281 3059 1531 3118 quautam
1576 3052 1628 3105 in
1672 3062 1886 3118 peetore
1928 3054 2092 3107 ratio-

2198 1860 2596 1929 suggestionem
2625 1868 2792 1914 tentat
2810 1902 2827 1926 ,
2852 1870 2877 1910 ε
2906 1861 3128 1916 mollitie
3151 1861 3520 1917 delectationis
3539 1863 3777 1931 subigat,

2197 1966 2427 2021 cumque
2459 1952 2572 2005 haec
2614 1951 2683 2006 ab
2722 1952 2905 2007 animo
2948 1953 3101 2009 tarde
3137 1954 3434 2025 repellitur,
3464 1952 3491 1992 ιι
3523 1968 3779 2011 mucrone

2198 2056 2495 2098 consensus
2525 2043 2754 2098 occidat.

2646 2134 2874 2189 eaeor
2906 2133 2969 2189 Ill
3001 2135 3109 2207 [Αι.
3141 2135 3327 2207 XIV].

2369 2224 2436 2280 Ut
2464 2234 2632 2279 rector
2656 2242 2857 2296 semper
2886 2228 2952 2280 sit
2983 2230 3275 2297 operatione
3310 2229 3627 2298 principum.

2267 2313 2351 2370 Sit
2374 2324 2554 2370 rector
2574 2316 2888 2385 operatione
2910 2319 3211 2388 praecipuus
3227 2358 3241 2383 ,
3267 2328 3325 2374 ut
3344 2320 3470 2374 vitae
3490 2319 3632 2373 viam
3655 2318 3783 2374 sub-

2196 2405 2323 2460 ditis
2356 2405 2586 2461 vivendo
2617 2407 2929 2473 denuntiet,
2958 2417 3013 2463 et
3037 2423 3163 2477 grex
3191 2410 3280 2478 qui
3325 2410 3556 2478 pastoris
3588 2424 3782 2465 vocem

2200 2509 2487 2564 moresque
2525 2496 2787 2564 sequitur,
2833 2510 2929 2565 per
2970 2497 3217 2566 exempla
3258 2498 3452 2552 melius
3491 2512 3654 2565 quam
3689 2512 3785 2566 per

2200 2584 2360 2639 verba
2390 2584 2685 2654 gradiatur.
2718 2586 2818 2652 Qui
2849 2586 2993 2641 enim
3026 2586 3130 2641 loci
3157 2587 3240 2641 sui
3270 2585 3585 2642 necessitate
3613 2587 3787 2655 exigi-

2203 2685 2289 2731 tur
2316 2691 2524 2732 summa
2554 2676 2738 2733 dicere
2759 2720 2773 2745 ,
2807 2678 2906 2733 hac
2938 2679 3127 2734 eadem
3162 2681 3479 2734 necessitate
3504 2680 3785 2749 compelli-

2199 2778 2285 2821 tur
2306 2782 2512 2823 summa
2534 2778 2856 2824 monstrare.
2881 2768 2969 2823 Illa
2995 2784 3222 2840 namque
3247 2785 3347 2824 vox
3369 2769 3618 2825 libentius
3640 2769 3787 2824 audi-

2199 2869 2374 2913 torum
2405 2873 2499 2914 cor
2529 2869 2801 2927 penetrat,
2826 2876 2987 2930 quam
3017 2862 3245 2917 dicentis
3268 2862 3373 2917 vita
3403 2861 3786 2926 commendat,

2197 2950 2323 3018 quia
2353 2949 2496 3017 quod
2528 2951 2798 3019 loquendo
2827 2953 3087 3020 imperat,
3117 2952 3451 3007 ostendendo
3480 2953 3702 3021 adjuvat
3728 2960 3787 3006 ut

2200 3042 2308 3098 ﬁat.
2340 3043 2473 3097 Hinc
2493 3045 2635 3097 enim
2667 3060 2760 3111 per
2784 3044 3094 3113 prophetam
3116 3044 3341 3099 dicitur:
3368 3044 3538 3110 Super
3557 3053 3788 3097 montem

520 3151 641 3189 nem
671 3146 868 3205 portet.
911 3137 967 3191 In
994 3153 1099 3207 quo
1125 3139 1286 3193 etiam
1319 3140 1565 3194 rationali
1600 3142 1879 3210 vigilanter
1903 3143 2089 3210 adjun-

2209 3134 2450 3188 ea‘celsum
2475 3137 2690 3187 ascende
2714 3144 2766 3187 tu
2791 3136 2879 3205 qui
2901 3136 3214 3205 euangelicos
3239 3134 3366 3190 Sion
3394 3133 3557 3202 (lsai.
3579 3150 3679 3199 ιιι,
3704 3132 3785 3202 9).

520 3225 684 3292 gitur,
710 3233 767 3279 ιιι
793 3226 1071 3281 duodecim
1108 3228 1523 3296 patriarcharum
1553 3231 1762 3284 nomina
1788 3231 2096 3286 describan-

522 3327 626 3370 tur.
650 3317 923 3386 Ascriptas
946 3318 1143 3373 etenim
1169 3327 1347 3386 patres
1369 3334 1583 3387 semper
1606 3321 1656 3373 in
1684 3330 1900 3390 pectore
1929 3322 2094 3391 ferre,

518 3417 601 3461 est
645 3409 983 3477 antiquorum
1031 3411 1192 3463 vitam
1238 3412 1357 3463 sine
1399 3411 1791 3465 intermissione
1837 3415 2094 3481 cogitare.

519 3497 648 3552 Nam
678 3508 803 3554 tunc
831 3500 1084 3554 sacerdos
1113 3500 1650 3567 irreprehensibiliter
1676 3502 1939 3569 graditur,
1970 3518 2093 3557 cum

519 3590 761 3657 exctnpla
787 3600 993 3657 patrum
1020 3590 1433 3657 praecedentium
1457 3589 1820 3645 indesinenter
1841 3590 2094 3658 intuetur,

521 3694 643 3732 cum
692 3679 1009 3732 Sanctorum
1040 3679 1264 3747 vestigia
1295 3678 1411 3733 sine
1438 3680 1735 3734 cessatione
1763 3682 2094 3746 considerat,

527 3780 581 3824 et
626 3769 977 3835 cogitationes
1010 3768 1219 3822 illicitas
1269 3770 1541 3837 deprimit,
1586 3786 1653 3824 ne
1701 3780 1849 3825 extra
1895 3772 2098 3828 ordinis

524 3862 751 3915 limitem
796 3862 976 3928 operis
1016 3861 1206 3931 pedem
1244 3858 1271 3898 ἀ
1312 3862 1509 3915 tendat.
1552 3863 1705 3927 Quod
1754 3865 1889 3919 bene
1937 3867 2096 3920 etiam

524 3951 783 4005 rationale
818 3951 1005 4019 judicii
1049 3962 1291 4017 vocatur,
1336 3953 1453 4021 quia
1497 3952 1657 4007 debet
1699 3964 1879 4010 rector
1915 3957 2097 4012 subtili

528 4056 741 4111 semper
770 4044 1017 4099 examine
1047 4044 1185 4097 bona
1226 4045 1469 4113 malaque
1512 4045 1849 4113 discernere,
1889 4057 1945 4103 et
1981 4066 2099 4117 quae

524 4135 607 4185 vel
640 4132 830 4202 quibus
852 4175 867 4198 ,
896 4134 1108 4202 quando
1136 4136 1217 4189 vel
1251 4136 1479 4201 qualiter
1505 4147 1830 4203 congruant,
1864 4140 2099 4195 studiose

523 4224 801 4292 cogitare;
837 4223 1077 4293 nihilque
1109 4225 1380 4293 prOprium
1410 4242 1676 4293 quaerere,
1707 4228 1798 4282 sed
1826 4244 1920 4283 sua
1951 4245 2100 4284 com-

528 4323 686 4376 tuoda
720 4328 1131 4391 propinquorum
1162 4323 1296 4376 bona
1328 4323 1605 4392 deputare.
1654 4323 1803 4380 Unde
1832 4325 1938 4379 illic
1964 4326 2100 4379 scri-

524 4422 672 4481 ptum
701 4428 779 4467 est
808 4432 820 4465 :
856 4416 1024 4468 Panes
1054 4425 1224 4467 autem
1255 4416 1305 4466 in
1334 4415 1574 4467 rationali
1595 4416 1780 4485 judicii
1812 4416 2096 4469 doctrinam

2201 3224 2267 3279 Ut
2300 3224 2545 3278 videlicet
2572 3225 2661 3292 qui
2686 3225 2891 3279 ccelesti
2936 3225 3314 3293 pra’dicatione
3338 3224 3519 3288 utitur,
3543 3224 3653 3276 ima
3678 3222 3790 3291 jam

2204 3324 2537 3370 terrenorum
2578 3330 2802 3383 operum
2846 3315 3132 3378 deserens,
3159 3313 3219 3387 in
3266 3312 3280 3349 ί
3329 3329 3510 3367 rerum
3546 3314 3791 3367 culmine

2200 3420 2346 3462 stare
2375 3407 2653 3471 videatur;
2684 3416 2936 3474 tantoque
2964 3406 3173 3460 facilius
3199 3406 3441 3461 subditos
3466 3407 3531 3460 ad
3561 3407 3791 3461 meliora

2202 3496 2495 3566 pertrahat,
2522 3506 2723 3566 quanto
2751 3511 2844 3563 per
2866 3496 2988 3551 vita:
3018 3497 3268 3550 meritum
3299 3495 3369 3550 de
3395 3498 3649 3565 superuis
3680 3497 3792 3551 cla-

2201 3598 2330 3645 mat.
2356 3589 2490 3644 llinc
2518 3589 2696 3643 divina
2726 3590 2843 3659 lege
2864 3604 3072 3643 armum
3100 3589 3354 3644 sacerdos
3382 3588 3437 3643 in
3460 3587 3792 3642 sacriﬁcium

2200 3690 2252 3735 et
2284 3680 2533 3735 dextrum
2562 3681 2756 3749 accipit
2786 3688 2842 3734 et
2867 3691 3176 3750 separatum
3213 3682 3231 3749 (
3258 3679 3428 3735 Exod.
3452 3694 3593 3733 xxlx
3614 3719 3633 3747 ,
3654 3679 3792 3745 εξ),

2202 3780 2261 3825 ιιι
2291 3787 2396 3825 non
2429 3772 2602 3827 solum
2632 3772 2701 3826 sit
2729 3771 2848 3841 ejus
2876 3772 3116 3841 operatio
3146 3772 3321 3835 utilis,
3351 3772 3446 3827 sed
3475 3771 3645 3825 etiam
3677 3770 3792 3825 sitt-

2200 3863 2431 3930 gularis;
2457 3879 2557 3917 nec
2585 3863 2725 3917 inter
2748 3864 2915 3917 malos
2944 3863 3312 3918 tantummodo
3338 3878 3457 3932 quae.
3484 3872 3637 3917 recta
3669 3870 3795 3915 sunt

2204 3954 2393 4020 faciat,
2440 3954 2533 4009 sed
2574 3954 2709 4008 bene
2748 3968 2960 4023 quoque
3000 3963 3284 4020 operantes
3323 3953 3609 4017 subditos,
3654 3951 3795 4006 sicut

2204 4047 2410 4101 honore
2444 4048 2457 4095 i
2498 4045 2703 4099 ordinis
2734 4055 2983 4116 supcrat,
3017 4046 3089 4099 ita
3129 4046 3291 4099 etiam
3333 4060 3540 4098 tnorum
3585 4044 3795 4099 virtute

2205 4135 2571 4191 transcendat.
2595 4136 2691 4190 Cui
2714 4136 2765 4189 in
2792 4150 2887 4190 esu
2913 4150 3122 4204 quoque
3151 4135 3520 4203 pectusculum
3546 4150 3680 4190 cum
3706 4150 3791 4189 ar-

2203 4242 2289 4280 mo
2320 4226 2591 4291 tribuitur,
2619 4233 2677 4278 ut
2705 4225 2843 4293 quod
2872 4226 2939 4280 de
2968 4225 3234 4280 sacriﬁcio
3266 4225 3579 4294 prtecipitur
3609 4240 3796 4280 sume-

2204 4334 2298 4384 re,
2331 4317 2435 4371 hoc
2481 4316 2547 4370 de
2593 4317 2883 4385 semetipso
2929 4315 3135 4371 auctori
3177 4316 3346 4371 discat
3378 4316 3690 4370 immolare.
3726 4313 3795 4367 Et

2205 4426 2309 4462 non
2356 4409 2526 4461 solum
2562 4406 2582 4443 κ
2618 4416 2835 4475 pectore
2875 4422 2993 4475 quae
3043 4416 3185 4462 recta
3238 4417 3360 4462 sunt
3404 4406 3649 4475 cogitet,
3700 4406 3796 4461 sed

520 4515 567 4558 ct
600 4507 887 4573 veritatem,
917 4522 1032 4575 qua:
1060 4508 1289 4560 eruntin
1318 4515 1520 4576 pectore
1562 4506 1735 4558 Aaron
1775 4507 1978 4574 quando
2018 4509 2097 4561 in-
2126 4504 2180 4563 Ι)
2205 4506 2537 4566 διιεειίιιοτθε
2582 4512 2709 4552 θυοδ
2747 4497 2812 4551 ad
2858 4497 3103 4552 δυωίωίδ
3142 4511 3289 4551 arma
3330 4497 3507 4566 operis
3547 4496 3793 4551 Ῐηνίίθιε

521 4596 781 4667 gredietur
809 4614 980 4650 coram
1012 4598 1248 4663 Domino,
1280 4609 1325 4650 et
1354 4597 1565 4668 gestabit
1585 4598 1841 4669 judicium
1872 4600 2098 4666 ﬁliorum

526 4686 693 4741 Israel
737 4690 789 4741 in
844 4699 1044 4751 pectore
1093 4706 1187 4742 suo
1233 4691 1284 4742 in
1333 4701 1601 4760 conspectu
1648 4689 1856 4744 Domini
1900 4708 2098 4759 semper

518 4775 713 4845 (Ibid.,
734 4778 848 4845 30).
880 4779 1152 4833 Sacerdoti
1176 4779 1373 4848 quippe
1396 4780 1655 4847 judicium
1684 4780 1911 4833 liliorum
1940 4782 2099 4837 lsrael

512 4867 576 4922 in
622 4880 836 4937 pectore
889 4886 1067 4924 curam
1127 4870 1332 4923 Domini
1391 4880 1678 4931 conspectu
1718 4881 1965 4939 gestare,
2018 4886 2103 4930 est

594 5012 617 5038 α
662 5002 832 5056 vatio,
859 5045 872 5066 ,
915 5001 1278 5069 ριειτοιιιιιίὶιιιδ
1320 5001 1486 5055 Paris.
1532 5000 1707 5071 1518,
1750 5002 1909 5057 Cilnt.
1943 5016 1995 5058 et
2022 5007 2094 5061 al.

526 5075 649 5133 EtL,
684 5075 725 5144 si
754 5074 965 5127 sordida
994 5074 1046 5125 in
1075 5088 1128 5125 se
1157 5088 1315 5125 mens.
1350 5071 1666 5141 chugnant
1718 5072 1874 5144 Angl.
1906 5085 1961 5130 et
1989 5092 2087 5130 no-

514 5146 617 5197 stri
652 5143 776 5196 MSS.

600 5212 625 5249 ί)
664 5211 881 5266 Carnot.
914 5212 1208 5275 secundus,
1238 5223 1427 5267 manet.

600 5292 622 5319 ο
669 5283 721 5333 ιιι
753 5280 909 5335 Corh.
934 5321 948 5342 ,
978 5285 1246 5336 rationale.

592 5350 622 5388 ἀ
665 5350 804 5404 And.
837 5354 1069 5420 primus,
1103 5362 1277 5420 ponat.

600 5432 626 5458 ι’
666 5422 881 5473 Carnot.
916 5423 1149 5487 primus,
1182 5432 1233 5473 et
1264 5424 1464 5490 primus
1492 5422 1654 5487 Aud.,
1685 5427 1876 5479 studio.

603 5490 623 5564 _f
669 5491 764 5545 llic
802 5492 1122 5564 dissentiunt
1161 5492 1292 5564 lllss.
1331 5494 1488 5548 Corb.
1543 5496 1742 5559 habet,
1799 5497 2095 5564 cupidinem

522 5562 740 5627 pollntia
768 5562 1022 5633 pulveret:
1057 5563 1211 5631 cegit.
1261 5563 1478 5617 Carnot.
1530 5566 1795 5620 secundus
1817 5608 1831 5631 ,
1866 5562 2099 5633 polluta:

522 5633 875 5705 rogitationis,
919 5631 1122 5705 omisso
1164 5633 1303 5698 pttlt'.
1337 5634 1446 5688 Duo
1478 5636 1641 5705 prior.
1674 5631 1916 5701 Gctnet.',
1951 5638 2097 5704 cupio

514 5706 731 5757 ditatem
758 5704 880 5769 imp.
914 5703 1117 5769 pulvere
1148 5720 1259 5774 cog.

2204 4592 2347 4646 nulla
2385 4604 2640 4660 prospera
2667 4589 2943 4659 praesentis
2966 4591 3087 4643 vita:
3114 4598 3360 4657 appetat,
3388 4588 3527 4642 nulla
3555 4588 3795 4644 adversa

2202 4685 2588 4754 pertimescat;
2630 4682 2986 4736 blandimenta
3027 4683 3213 4736 mundi
3253 4680 3269 4719 ι
3305 4690 3546 4751 respecto
3596 4682 3797 4737 intimo

2203 4788 2408 4832 terrore
2466 4774 2761 4843 despiciat,
2816 4782 3053 4827 terrores
3092 4782 3269 4828 autem
3310 4771 3663 4827 considerato
3714 4772 3797 4825 in-

2209 4879 2375 4925 terna:
2406 4866 2700 4922 dulcedinis
2742 4864 3106 4919 blandimento
3141 4875 3466 4920 contemnat.
3513 4862 3673 4919 Unde
3702 4878 3799 4919 su-

2278 5013 2302 5051 s
2341 5000 2558 5054 Carnot.
2597 5000 2650 5064 1,
2681 4999 2881 5053 malitia
2928 5000 3238 5058 dilectionis.
3288 4999 3426 5055 And.
3459 5000 3485 5054 1
3513 5041 3528 5067 ,
3581 5001 3800 5055 malitia

2205 5072 2573 5128 delectationis.

2280 5145 2301 5178 υ
2342 5142 2561 5196 Carnot.
2603 5139 2638 5191 ἓ
2676 5148 2729 5194 et
2768 5140 2993 5207 Bcllov.,
3034 5139 3213 5197 Vereor
3251 5156 3314 5196 ne
3351 5156 3632 5196 consensus
3672 5157 3801 5196 suc-

2208 5214 2374 5267 cedat.

2286 5284 2298 5320 ί
2347 5280 2554 5335 Primus
2579 5277 2715 5333 And.
2737 5321 2753 5343 ,
2778 5280 2828 5332 in
2860 5281 3135 5335 caelestium
3163 5297 3354 5336 rerum.

2278 5353 2291 5402 ἱ
2344 5350 2586 5404 Audoen.
2616 5351 2882 5405 sectmdus
2919 5362 3063 5405 caret
3092 5367 3221 5407 voce
3249 5353 3462 5406 ordinis.

2277 5421 2304 5460 ιι
2348 5423 2443 5475 llic
2484 5421 2627 5474 locus
2667 5421 2719 5473 in
2766 5422 3006 5476 Audoeu.
3042 5421 3246 5489 primo,
3276 5435 3328 5477 et
3356 5423 3529 5491 primo
3557 5419 3799 5478 Carnot.

2199 5493 2393 5561 legitur
2418 5492 2532 5561 sine
2564 5491 2660 5543 hac
2686 5506 2813 5545 voce
2845 5502 3060 5560 pectore.

2279 5561 2293 5600 ι
2343 5560 2546 5687 Lind”
2587 5570 2814 5632 respectu
2853 5561 3018 5615 intimi
3059 5560 3285 5616 terroris.
3340 5563 3505 5618 Favet
3557 5560 3800 5619 Carnot.

2279 5650 2368 5687 :un
2412 5646 2491 5685 us.

2205 5646 2491 5688 εεειιιιαιιε.
