2007 3158
121 129 152 157 Ξθ
523 132 678 164 [ιερυιλιζ
697 134 912 165 ΡΑετοιιΑιιδ

969 136 1044 166 BER.
1066 152 1100 158 —
1120 137 1210 167 PARS
1229 137 1399 169 SECUNDA.
1738 143 1775 171 50

120 195 217 223 perna:
236 194 349 223 quoque
375 188 453 216 vocis
475 189 584 223 imperio
609 189 719 225 (Exod.
736 199 814 226 uir,
831 190 869 226 5)
894 192 921 219 in
937 194 960 223 Α
974 199 1038 220 caro
1066 200 1230 222 macerctur.
1258 194 1336 224 Unde
1362 200 1392 225 et
1416 195 1459 226 bis
1482 198 1568 227 tincto
1591 206 1676 228 cocco
1702 204 1774 230 torta

119 239 238 268 utroque
258 234 374 261 humero
395 234 524 262 sacerdos
539 235 673 272 velamine
693 237 924 271 superhumerulis

121 280 295 315 astringitur,
320 284 350 307 ut
365 286 461 308 contra
475 281 588 309 adversa
602 289 634 309 ac
651 290 778 317 prospera
796 284 926 312 virtutum

122 332 235 360 semper
249 330 411 353 ornamento
426 325 576 360 muniatur;
590 328 818 363 quatenus,juxta
830 337 925 358 vocem

124 371 203 399 Pauli
219 371 271 406 (II
288 371 350 398 Cor.
364 380 411 405 vr,
426 373 474 406 7),
497 380 545 407 per
565 381 639 401 arma
658 374 769 408 iustitia:
791 383 804 402 a
824 375 926 404 dextris

122 418 298 452 sinistrisque
312 418 438 453 gradiens
450 438 458 450 ,
475 426 535 445 cum
555 419 587 446 ad
609 419 665 446 sola
685 428 747 454 qua:
763 425 776 439 δ
794 421 924 450 interiora

121 468 189 491 sunt
208 463 312 495 nititur,
334 463 360 490 in
381 462 457 490 nullo
477 462 491 483 δ
513 463 702 492 delectationis
722 465 820 493 inﬁmos
841 466 926 495 latere

122 511 262 538 ﬂectatur.
277 508 333 536 Non
351 509 424 536 hunc
440 516 569 544 prospera
588 510 713 544 elevem,
735 519 787 539 non
810 512 924 539 adverSa

122 555 300 588 perturbent,
314 562 365 582 non
379 554 478 582 blanda
491 563 576 590 usque
588 555 622 583 ad
636 556 801 584 voluntatem
818 557 924 586 demul-

120 606 228 632 ceam,
248 608 300 628 non
319 607 415 634 aspera
437 600 470 628 ad
491 601 708 636 desperationem
731 608 876 637 premant;
896 609 924 631 ut

121 645 190 672 dum
207 645 288 672 nullis
302 645 475 680 passiouibus
487 646 664 674 intentionem
678 648 776 675 mentis
790 648 918 683 humiliat,

119 696 222 726 quanta
234 692 262 720 in
275 697 389 727 utroque
401 692 514 720 humero
530 693 759 728 superhumeralis
774 695 923 728 pulchritu-

119 739 188 766 dine
203 743 307 774 tegatur
321 740 457 767 ostendat.
471 739 548 773 Quod
563 745 637 769 recte
652 741 732 769 ctiam
746 743 921 777 superhume-

120 784 180 815 tale
191 791 225 812 ex
234 792 311 817 auro,
322 785 481 820 hyacintho,
494 793 623 820 purpura,
635 787 677 814 bis
693 787 776 815 tincto
789 795 881 820 cocco,
895 793 924 817 ct

120 834 195 857 torta
204 830 264 858 ﬁeri
271 830 353 866 bysso
360 831 514 865 prmcipitur
525 831 622 867 (Exod.
636 840 728 863 xxvtu,
739 833 778 868 8),
790 838 921 868 utquanta

980 239 1077 272 byssus
1098 239 1265 277 adjungitur.
1287 241 1326 269 De
1346 247 1418 271 terra
1437 244 1536 272 etenim
1558 244 1655 280 byssus
1675 246 1773 275 nitenti

977 285 1069 318 specie
1083 286 1180 314 oritur.
1197 286 1231 314 Et
1245 287 1308 321 quid
1324 295 1373 322 per
1387 287 1496 324 byssutn
1507 309 1515 322 ,
1532 289 1584 317 sisi
1596 290 1715 318 eandem
1728 292 1776 319 do-

977 336 1042 357 core
1065 331 1205 360 munditiae
1227 333 1376 368 corporalis
1396 334 1506 362 castitas
1519 335 1775 370 deaiguaturtousn

978 376 1108 406 videlicet
1128 382 1200 406 torta
1209 399 1218 413 ,
1241 379 1438 413 pulchritudini
1452 381 1682 415 supcrhumeralis
1695 381 1776 410 inme-

977 423 1058 450 ctitur
1071 431 1079 457 ;
1092 424 1155 458 quis
1172 429 1236 453 tunc
1249 426 1407 454 castimonia
1421 427 1456 454 ad
1469 427 1618 462 pericetum
1634 428 1775 457 munditia

976 469 1122 498 candorem
1136 470 1254 506 ducitur,
1268 479 1330 501 cum
1342 480 1391 508 per
1400 472 1592 502 abstinentiam
1602 481 1667 503 caro
1678 475 1774 511 fatiga-

977 520 1030 543 tur.
1054 515 1176 552 Cumque
1197 516 1267 545 inter
1291 518 1406 547 virtutes
1425 524 1540 547 catteras
1561 519 1642 548 etiam
1666 521 1776 549 afﬂictas

976 563 1067 590 carnis
1082 563 1206 598 meritum
1227 564 1349 598 prolicit,
1368 565 1445 600 quasi
1466 566 1492 593 in
1511 565 1619 595 diversa
1639 567 1774 602 superbu-

977 607 1086 636 tucralis
1100 610 1192 644 specie
1204 609 1303 645 byssus
1319 615 1388 639 torta
1402 611 1552 641 candescit.

1210 654 1324 683 CAPUT
1338 656 1373 683 tv
1393 656 1450 689 (Αι.
1462 656 1540 692 XV).

1013 699 1047 727 Ut
1060 699 1094 727 sit
1108 703 1191 727 rector
1204 700 1330 728 discretus
1345 701 1372 728 in
1386 701 1488 728 silentio
1498 721 1506 734 ,
1523 701 1596 728 utilis
1608 701 1636 729 in
1650 701 1737 730 uerbo.

1010 745 1052 774 Sit
1067 750 1156 774 rector
1170 746 1252 782 (Diu.
1266 746 1314 781 45,
1327 747 1369 774 Sit
1382 747 1478 782 rector)
1496 747 1630 776 discretus
1652 749 1678 776 iu
1693 749 1773 777 silen-

975 791 1012 819 tio
1026 812 1033 825 ,
1050 792 1124 820 utilis
1143 793 1169 820 in
1192 792 1293 827 verbo,
1315 801 1350 821 ne
1369 798 1417 822 aut
1436 795 1547 822 tacenda
1567 794 1705 830 proferat,
1726 800 1773 823 aut

977 839 1135 872 proferenda
1150 839 1301 867 reticescat.
1321 839 1388 867 Nam
1407 839 1477 868 sicut
1496 840 1601 869 incauta
1622 842 1724 870 locutio
1744 842 1772 869 in

119 876 251 904 sacerdos
270 876 423 904 clarescere
439 877 566 905 virtutum
588 878 747 914 diversitate
765 880 862 908 debeat
875 881 922 910 de-
937 881 961 911 B
975 891 1094 912 errorem
1110 884 1259 918 pertrahit,
1274 884 1310 913 ita
1326 884 1500 914 indiscretqu
1513 886 1649 914 silentium
1663 886 1712 914 hos
1724 887 1772 921 qui

120 927 298 950 monstretur.
315 921 343 950 in
358 923 510 950 sacerdotis
528 924 626 958 quippe
642 924 733 952 habitu
748 929 811 953 ante
831 927 924 954 omnia

118 975 217 995 aurum
229 967 323 1003 fulget,
339 971 369 995 ut
382 968 409 995 in
421 975 454 996 eo
464 968 618 996 intellectus
636 969 775 1004 sapientiae
788 971 923 1007 principa-

118 1012 185 1040 liter
193 1012 304 1042 emicet.
311 1011 359 1040 Cui
373 1012 543 1048 hyacinthus,
551 1015 596 1049 qui
608 1022 687 1042 aereo
698 1015 789 1043 colore
800 1018 922 1052 resplen-

117 1056 168 1084 det
184 1056 345 1092 adjungitur,
360 1062 389 1085 ut
401 1065 449 1093 per
463 1065 544 1086 omne
557 1059 628 1093 quod
646 1060 822 1095 intelligendo
837 1070 919 1097 pcne-

117 1106 186 1136 trat,
195 1110 248 1130 non
255 1102 288 1130 ad
295 1102 404 1131 favores
413 1104 531 1138 infimos,
544 1105 596 1140 ιε
604 1105 651 1132 sed
660 1106 694 1132 ad
706 1113 827 1135 amorem
839 1109 922 1137 coale-

117 1148 201 1176 stiuut
212 1154 326 1184 surgat;
341 1157 376 1178 ne
387 1150 450 1178 dum
462 1152 519 1178 suis
532 1151 656 1179 incautus
667 1152 793 1181 laudibus
805 1154 919 1190 capitur,

118 1194 180 1228 ipso
194 1194 275 1222 etiam
291 1195 414 1224 veritatis
427 1196 567 1223 intellectu
584 1203 723 1225 vacuetur.
741 1202 753 1217 ε
768 1198 843 1226 Auro
854 1208 920 1235 quo-

118 1247 172 1276 que
186 1245 213 1268 et
226 1240 374 1276 hyacintho
390 1249 512 1278 purpura
528 1243 708 1278 permiscetur
722 1252 729 1276 ;
747 1249 773 1271 ut
794 1245 920 1274 videlicet

117 1286 287 1314 sacerdotale
300 1294 360 1320 cor,
376 1295 437 1316 cum
453 1295 559 1316 summa
579 1296 640 1324 quae
660 1290 788 1324 praedicat
808 1297 917 1325 sperat,

117 1332 146 1359 in
161 1332 308 1368 semetipso
323 1333 406 1361 etiam
422 1335 611 1368 suggestiones
626 1336 751 1363 vitiorum
769 1339 895 1371 reprimat
909 1358 917 1370 ,

117 1378 213 1413 eisque
226 1378 299 1406 velut
309 1387 344 1407 ex
359 1380 433 1415 regia
445 1384 578 1414 potestate
590 1382 768 1414 contradicat.
787 1390 918 1419 quatenus

118 1423 288 1452 nobilitatem
310 1431 420 1461 semper
443 1426 544 1454 intima
565 1429 778 1462 regenerationis
792 1431 914 1465 aspiciat,

116 1473 147 1497 et
160 1470 280 1498 (celestis
293 1471 370 1507 regni
385 1471 438 1499 sibi
453 1471 574 1500 habitum
589 1474 709 1502 moribus
723 1475 861 1504 defendat.
877 1478 916 1505 De

116 1515 169 1543 hac
182 1515 282 1551 quippe
297 1516 441 1544 nobilitate
461 1517 570 1551 spiritus
591 1526 641 1554 per
663 1519 773 1547 Petrum
795 1521 912 1550 dicitur;

974 931 1075 959 erudiri
1096 936 1235 966 poterant.
1247 932 1278 960 in
1291 938 1386 960 errore
1399 932 1572 967 derelinquit.
1595 932 1675 968 Saepe
1695 941 1772 961 nam-

975 984 1027 1011 que
1044 981 1164 1005 rectores
1180 976 1323 1012 improvidi
1345 977 1490 1004 humanam
1509 977 1635 1005 amittere
1654 977 1770 1012 gratiam

974 1022 1170 1055 tormidantes,
1195 1022 1269 1057 loqui
1292 1022 1376 1050 libers
1399 1026 1473 1051 recta
1498 1022 1715 1057 pertimescunt;
1740 1026 1769 1050 et

971 1069 1046 1102 juxta
1060 1067 1186 1096 Veritatis
1200 1075 1295 1096 vocem
1309 1067 1400 1104 (locu.
1413 1075 1443 1102 ι,
1457 1067 1515 1104 12),
1529 1075 1697 1104 ιιαιιιιιιιιιιιι
1709 1068 1768 1103 iam

971 1114 1061 1148 gregis
1072 1113 1204 1143 costodiat
1226 1113 1369 1142 Pastorum
1390 1113 1498 1147 studio,
1517 1114 1565 1142 sed
1586 1115 1769 1143 uenenario-

972 1167 1031 1187 rum
1056 1160 1115 1188 vice
1137 1159 1309 1194 deserviunt,
1331 1160 1395 1191 quia
1420 1160 1547 1188 veniente
1565 1159 1629 1195 lupo
1648 1160 1770 1196 fugiunt,

971 1207 1034 1233 dum
1056 1213 1087 1234 se
1104 1205 1155 1233 sub
1175 1206 1284 1234 silentio
1305 1205 1484 1235 abscondunt.
1504 1205 1575 1234 Hine
1591 1213 1708 1241 namque
1720 1213 1769 1235 eos

972 1260 1019 1286 per
1044 1251 1202 1286 prophetam
1228 1252 1357 1280 Dominus
1380 1252 1518 1287 increpat.
1540 1251 1660 1280 dicens:
1683 1252 1768 1280 Cenes

971 1299 1035 1325 muti
1049 1306 1101 1326 non
1115 1299 1228 1326 ualentes
1241 1299 1338 1326 latrare
1352 1297 1430 1335 (luti.
1441 1306 1484 1326 ut
1492 1319 1501 1332 ,
1512 1299 1568 1328 10).
1580 1299 1647 1326 Hinc
1659 1306 1767 1327 rursum

972 1344 1106 1378 queritur,
1127 1344 1244 1372 dicens:
1266 1344 1328 1373 Non
1349 1345 1501 1372 ascenditur
1519 1352 1552 1372 es
1570 1345 1699 1377 adverso.
1721 1352 1767 1373 nec

969 1389 1124 1423 opposuistis
1141 1390 1191 1425 17
1205 1398 1308 1417 murum
1318 1398 1365 1426 pro
1376 1391 1453 1417 dente
1464 1389 1564 1423 Israel,
1578 1395 1607 1417 ut
1621 1391 1722 1418 statuis
1737 1391 1767 1418 iis

971 1435 1062 1469 praelia
1081 1436 1108 1463 in
1128 1435 1171 1463 die
1189 1435 1295 1463 Domini
1315 1434 1433 1471 (Euelt.
1449 1444 1513 1469 xur,
1529 1436 1574 1471 5).
1597 1436 1635 1464 Es
1649 1436 1764 1465 adverso

969 1483 1069 1518 quippe
1081 1483 1247 1517 ascendere,
1260 1488 1303 1512 est
1317 1490 1366 1518 pro
1377 1483 1536 1512 defensione
1547 1483 1636 1519 gregis
1651 1491 1717 1511 voce
1732 1483 1767 1510 Ii-

972 1530 1035 1556 bera
1053 1529 1135 1564 hujus
1149 1530 1241 1558 mundi
1257 1529 1434 1565 potestatibus
1454 1530 1600 1558 contraire.
1622 1529 1655 1557 Et
1674 1530 1700 1557 in
1722 1530 1766 1558 dic

117 1560 171 1588 Vos
185 1566 272 1588 autem
286 1570 369 1597 gntus
379 1563 505 1596 electum,
517 1565 604 1599 regale
617 1565 789 1592 sacerdotium
800 1566 827 1602 (Ι
840 1567 913 1594 Petr.

970 1575 1076 1605 Domini
1090 1560 1117 1603 in
1135 1576 1227 1610 pretio
1241 1560 1329 1609 slare,
1345 1579 1388 1603 est
1403 1576 1494 1610 pravis
1508 1575 1710 1603 decertantibus
1725 1583 1759 1602 es

112 1614 143 1639 ιι,
158 1607 204 1641 9).
220 1607 260 1635 De
273 1607 325 1636 hac
337 1609 419 1637 etiam
435 1613 584 1644 potestate,
600 1611 662 1645 quia
677 1612 739 1639 vitia
754 1612 914 1648 subigimus,

111 1651 232 1679 Joannis
253 1659 322 1680 voce
339 1654 507 1688 roborantur,
530 1655 577 1690 qui
599 1656 660 1684 ait:
680 1656 810 1692 Quotquot
828 1663 915 1685 autem

112 1702 268 1733 receperunt
289 1706 365 1732 eum,
385 1699 455 1727 dedit
476 1700 512 1727 eis
527 1705 677 1737 potestatem
698 1704 767 1737 ﬁlios
787 1704 836 1731 Dei
856 1706 916 1740 ﬁeri

113 1742 210 1778 (locis.
222 1751 231 1771 ι
242 1763 252 1778 ,
265 1743 322 1781 12).
335 1745 411 1774 lianc
421 1746 579 1781 dignitatem
592 1748 757 1777 fortitudinis
770 1751 913 1780 Psalmista

114 1788 286 1823 considerat,
311 1791 429 1819 dicens:
450 1791 517 1819 Milli
541 1798 628 1820 autent
651 1795 729 1822 nimis
751 1795 915 1831 ltonoriﬁcati

112 1842 173 1871 satu
189 1837 267 1864 amici
279 1838 329 1871 tui,
345 1838 428 1872 Deus,
445 1840 521 1866 nimis
532 1841 691 1876 confortatus
704 1847 741 1869 est
754 1844 913 1878 principatus

110 1889 203 1909 eor-nt
215 1881 302 1918 (Pent.
314 1891 451 1918 csxxvut,
463 1885 520 1921 17).
534 1886 600 1921 Quia
615 1887 741 1915 nimirum
756 1894 911 1918 sanctorum

110 1934 192 1955 mens
205 1928 394 1963 principaliter
409 1930 436 1958 in
453 1931 566 1959 summis
581 1933 704 1968 erigitur,
720 1941 781 1961 cum
794 1936 912 1962 exterius

110 1975 217 2009 perpeti
231 1975 338 2011 abjecta
359 1983 517 2006 cernuntur.
541 1980 612 2008 Auro
633 1986 741 2014 autem,
764 1982 912 2017 hyacintho

109 2029 142 2048 ac
156 2028 284 2057 purpura:
306 2023 349 2051 bis
373 2025 473 2052 tinctus
495 2032 593 2053 coccus
615 2027 780 2063 adjungitur,
799 2034 827 2056 ut
848 2034 911 2057 ante

109 2067 210 2094 interni
223 2067 324 2103 iudicis
338 2069 432 2097 oculos
446 2071 536 2098 omnia
550 2073 677 2100 virtutum
690 2074 758 2101 bona
772 2082 806 2102 ex
820 2074 909 2102 chari-

108 2116 165 2141 Iate
179 2113 364 2148 decorentur;
379 2120 407 2143 et
420 2121 516 2144 cuncta
528 2125 588 2152 qua:
598 2126 689 2146 coram
701 2119 855 2148 hominibus
865 2129 909 2148 ru-

80 2193 84 2196 .
106 2158 203 2192 litant,
227 2159 287 2187 haec
308 2160 336 2188 in
353 2168 500 2195 compecto
520 2162 532 2181 ει
553 2163 654 2191 occulti
675 2165 773 2192 arbitri
798 2166 907 2194 ﬂamma

107 2202 198 2230 intimi
211 2204 313 2232 amoris
326 2206 467 2234 accendat.
489 2207 554 2240 Qua:
574 2208 678 2236 scilicet
692 2209 827 2243 cituritas,
843 2212 905 2245 quia

965 1621 1077 1655 iustitia:
1089 1628 1184 1648 amore
1195 1621 1332 1648 resistere.
1350 1621 1453 1648 Pastori
1469 1621 1543 1648 enim
1556 1625 1630 1648 recta
1644 1621 1765 1647 timuisse

967 1667 1077 1700 dicere,
1091 1666 1156 1701 quid
1170 1670 1213 1693 est
1225 1666 1297 1693 aliud
1313 1673 1393 1701 quam
1408 1666 1524 1694 tacendo
1540 1670 1615 1701 terga
1630 1667 1763 1701 praebuis-

967 1711 1019 1739 se?
1034 1711 1081 1745 qui
1096 1711 1223 1739 nimirum
1239 1711 1261 1738 si
1277 1718 1326 1746 pro
1340 1718 1420 1746 grege
1433 1718 1464 1739 se
1474 1711 1582 1746 objicit,
1596 1719 1701 1740 murum
1715 1720 1764 1747 pro

966 1757 1046 1784 domo
1067 1756 1147 1784 Israel
1171 1755 1295 1783 hostibus
1318 1756 1440 1791 opponit.
1457 1756 1524 1784 Hinc
1547 1764 1654 1784 rursum
1674 1757 1762 1785 delin-

964 1801 1057 1837 qucnti
1082 1802 1182 1837 populo
1206 1802 1326 1830 dicitur:
1355 1802 1493 1837 Propheta
1515 1803 1555 1830 tui
1576 1804 1695 1831 viderunt
1718 1805 1764 1832 tibi

964 1848 1031 1881 falsa
1046 1852 1069 1874 et
1084 1847 1164 1875 stulta
1175 1867 1183 1879 ,
1197 1855 1243 1875 nec
1259 1852 1272 1867 ο
1286 1848 1437 1883 aperiebant
1451 1849 1614 1884 iniquitatem
1627 1854 1716 1881 tuom;
1733 1854 1762 1876 nt

965 1897 987 1919 ιε
1000 1894 1034 1919 ad
1048 1892 1224 1929 penitentiam
1238 1898 1405 1928 provocarent
1421 1893 1432 1929 (
1444 1894 1540 1922 Tlmm.
1555 1902 1575 1922 ιι
1585 1915 1593 1927 ,
1608 1895 1641 1922 14
1653 1894 1674 1930 ),
1691 1895 1760 1923 Ριιιιο

965 1939 1056 1973 pheta:
1069 1939 1168 1973 quippe
1182 1939 1210 1966 in
1223 1946 1303 1966 sacro
1312 1939 1419 1975 eloquio
1430 1947 1621 1976 nonnunquam
1631 1941 1759 1969 doctores

964 1989 1110 2017 vocantur;
1123 1984 1167 2019 qui
1179 1984 1241 2011 dum
1255 1984 1362 2019 fugitiva
1373 1992 1434 2013 esse
1446 1987 1587 2020 prazseutia
1603 1985 1613 2005 ί
1627 1986 1759 2019 iudicant.

962 2038 1023 2064 qua:
1038 2034 1102 2057 sunt
1117 2034 1229 2058 ventura
1242 2029 1425 2058 manifestam.
1447 2031 1521 2064 Quos
1541 2031 1649 2059 divinus
1668 2039 1760 2060 sermo

963 2076 1027 2103 falsa
1049 2075 1142 2103 videre
1159 2075 1312 2110 redarguit,
1334 2076 1395 2111 quia
1418 2076 1482 2104 dunt
1503 2072 1759 2113 corripere'culpas

962 2124 1100 2151 metuunt.
1117 2120 1252 2148 incassum
1266 2120 1484 2155 delinquentibus
1506 2121 1637 2155 promissa
1658 2121 1760 2150 securi.

962 2170 1016 2193 tate
1042 2165 1239 2198 blandiuntur;
1264 2166 1309 2200 qui
1331 2166 1498 2200 iniquitatem
1522 2166 1689 2201 peccantium
1712 2174 1760 2195 ue-

960 2219 1093 2246 quaquam
1108 2211 1250 2245 aperiunt,
1265 2211 1328 2246 quia
1342 2211 1377 2239 ab
1391 2211 1584 2247 increpationis
1607 2220 1674 2241 voce
1694 2221 1759 2241 oon-

107 2248 195 2276 Deum
215 2249 299 2278 simul
320 2258 353 2278 ac
374 2252 528 2286 proximum
548 2252 654 2288 diligit,
671 2255 746 2289 quasi
760 2263 792 2283 ex
807 2256 907 2291 duplici
923 2258 948 2288 Ι)
963 2256 1106 2283 ticescunt.
1122 2255 1210 2284 Clavis
1223 2255 1322 2292 quippe
1335 2257 1485 2292 apertionis
1498 2262 1541 2286 est
1552 2265 1645 2286 sermo
1664 2265 1758 2287 curre-

106 2294 226 2323 tinctnra
241 2295 378 2331 fulgescit.
393 2297 444 2331 Qui
459 2298 539 2333 igitur
552 2300 593 2327 sic
605 2299 640 2327 ad
655 2301 773 2329 auctoris
788 2303 904 2337 Speciem

103 2343 240 2378 anlte'at.
259 2350 290 2372 ut
316 2345 504 2381 proximorum
524 2354 619 2375 curam
644 2349 776 2384 negligat,
803 2350 843 2377 vel
866 2351 905 2378 sic

106 2390 298 2424 prosi-ornt
311 2399 405 2420 curato
421 2394 591 2428 esscquitr,
613 2398 643 2423 ut
661 2403 676 2423 a
697 2396 790 2424 divino
811 2404 904 2425 amore

103 2439 263 2470 torpeant,
283 2438 347 2473 quia
370 2446 454 2466 unum
469 2440 564 2467 harum
578 2442 717 2475 quodlibet
733 2443 860 2478 negligit,
877 2444 904 2470 in

103 2481 340 2517 mperhmralis
359 2489 521 2513 ornamento
539 2486 642 2515 habere
658 2495 769 2515 coccum
788 2489 829 2516 bis
850 2488 902 2516 tin-

100 2535 180 2556 αιιιιι
193 2531 292 2556 nescit.
306 2528 360 2558 Sed
375 2537 438 2558 cum
459 2539 537 2560 mens
556 2532 589 2560 ad
612 2539 746 2568 praecepta
766 2534 903 2562 charitatis

101 2575 235 2608 tenditur,
259 2580 345 2604 restat
368 2576 462 2611 procul
485 2577 568 2605 dubio
588 2583 618 2606 ut
638 2586 688 2614 per
710 2579 900 2608 abstinentiam

136 2647 150 2662 ⁸
173 2642 213 2679 [ta
232 2641 315 2672 Corb.
336 2647 393 2672 tres
410 2643 520 2672 Cnl'nol.
533 2665 540 2676 .
562 2645 636 2673 Belv.
649 2667 657 2679 ,
679 2645 749 2672 Auli.
771 2645 873 2679 primus
887 2664 895 2677 ,

100 2684 156 2706 tres
173 2677 279 2714 Genet.
299 2679 407 2714 Legitur
423 2683 511 2707 tamen
526 2681 552 2707 in
571 2677 664 2713 Ediu,
681 2677 822 2707 anteriora.

135 2714 149 2734 ⁵
167 2713 281 2742 Carr-ot.
300 2713 403 2747 primus
413 2734 422 2746 .
436 2715 592 2743 dilectionis.
607 2715 689 2743 Corb.
700 2737 708 2749 ,
725 2717 750 2743 in
765 2716 837 2743 nullo
851 2715 897 2742 de-

99 2749 250 2777 lectationes
261 2749 360 2785 inﬁnite
373 2749 453 2777 latere
461 2751 610 2785 ﬂectuntur.

134 2785 198 2822 {In
218 2783 384 2822 pit-[.Vblss"
402 2783 582 2822 eamqueque
594 2794 625 2812 ac
641 2786 715 2822 bysso
736 2790 813 2822 atque
830 2785 897 2819 Ityn-

97 2819 205 2861 sintlto;
221 2819 314 2848 omitti
332 2820 413 2848 debet
428 2829 458 2848 uc
472 2819 558 2856 bysso.
575 2819 738 2857 Byssi‘euirn
754 2821 822 2848 inira
837 2828 896 2848 ute-

93 2861 172 2883 ωιιιιι
180 2874 188 2881 .

960 2302 1078 2337 ptionis,
1099 2302 1163 2337 quia
1178 2307 1191 2326 ι
1214 2302 1381 2338 increpando
1404 2304 1510 2338 culpam
1532 2304 1654 2339 detegit,
1677 2311 1760 2339 quam

960 2357 1033 2384 saepe
1048 2349 1134 2378 nescit
1148 2350 1206 2384 ipse
1219 2350 1300 2377 etiam
1314 2350 1359 2384 qui
1374 2351 1547 2386 perpetravit.
1564 2351 1632 2380 Hinc
1655 2352 1757 2380 Paulus

959 2395 1014 2422 ait:
1033 2394 1067 2422 Ut
1081 2397 1172 2429 potens
1183 2395 1216 2421 sit
1231 2394 1366 2423 exhortari
1385 2395 1412 2422 in
1432 2396 1552 2424 doctrina
1572 2406 1653 2431 sane,
1669 2403 1695 2425 et
1712 2406 1760 2426 eos

958 2441 1001 2476 qui
1015 2440 1195 2467 contradicunt
1209 2448 1318 2475 arguere
1332 2441 1343 2477 (
1355 2441 1407 2470 Tit.
1423 2450 1447 2475 ι,
1460 2443 1507 2477 9).
1529 2443 1596 2471 Hinc
1612 2451 1659 2479 per
1671 2444 1754 2472 Mala-

959 2487 1046 2514 chiam
1062 2486 1179 2514 dicitur:
1196 2486 1276 2514 Lubia
1290 2488 1431 2515 sacerdotis
1445 2489 1593 2516 custodiunt
1607 2490 1758 2525 scientiam,

957 2538 980 2560 et
996 2534 1077 2568 legem
1091 2533 1221 2567 requirent
1237 2541 1268 2561 es
1282 2541 1326 2561 ore
1345 2534 1419 2569 ejus,
1437 2535 1499 2569 quia
1519 2536 1628 2571 angelus
1647 2535 1755 2563 Domini

956 2579 1115 2606 exercituum
1130 2584 1168 2607 est
1183 2579 1193 2614 (
1205 2578 1303 2606 llatae.
1320 2586 1355 2611 tt,
1368 2579 1383 2606 'l
1397 2579 1419 2614 ).
1435 2580 1504 2607 llinc
1519 2587 1568 2615 per
1589 2580 1683 2609 Isaiam
1698 2581 1752 2609 Do-

974 2641 1131 2685 .d‘Carnot.
1153 2643 1273 2679 primus,
1294 2642 1379 2671 Laud.
1400 2649 1427 2672 et
1449 2645 1574 2679 Belvac.,
1595 2646 1689 2674 occulti
1706 2655 1754 2674 er-

954 2678 1130 2752 bué‘tarnot.
1147 2714 1249 2752 primtts
1259 2735 1267 2746 ,
1281 2719 1309 2742 et
1322 2714 1392 2743 Aud.
1408 2716 1528 2751 primus,
1545 2717 1732 2752 corripiebant.

989 2747 999 2767 ί
1020 2749 1087 2785 Qud.
1108 2747 1280 2785 lJudicanl.

988 2784 1087 2824 8_Tres
1102 2784 1206 2824 Gemet.
1218 2805 1226 2818 ,
1247 2785 1383 2814 secundus
1396 2790 1423 2814 et
1443 2787 1538 2815 tertius
1552 2787 1624 2816 Aud.
1638 2809 1646 2822 ,
1661 2787 1726 2824 Lyr.
1739 2806 1754 2823 .

953 2819 1034 2846 Corb.
1048 2838 1055 2852 ,
1072 2819 1223 2857 increpatio.
