3968 6310
492 292 547 345 3|
1700 288 1946 348 SANCTI
1989 286 2105 342 CRl

2213 285 2317 339 lllZI
2356 283 2569 339 MAGNI
3686 268 3752 327 52‘.

499 409 675 463 minus
705 411 985 471 admonet.
1014 410 1198 465 dicens
1222 427 1235 463 :
1265 409 1464 474 Clama,
1493 424 1554 462 ne
1578 407 1932 476 cessesyquasi
1961 406 2078 460 tuba
2106 409 2151 465 Α
2185 412 2290 469 tur,
2323 417 2446 456 cum
2477 398 2617 470 apud
2645 398 2807 453 corda
2835 397 3163 453 audientium
3187 392 3525 465 loquacitatis
3549 391 3756 444 incauta

496 503 669 559 rxalta
699 520 866 558 vocem
898 516 1035 557 tuam
1063 505 1268 573 (lenite.
1292 519 1449 563 LVIII.
1476 504 1553 571 1).
1584 501 1855 557 Ρηροοηίε
1882 502 2078 571 quippe

498 596 734 650 ofﬁcium
765 597 1019 665 suscipit,
1048 596 1292 666 quisquis
1336 596 1399 651 ad
1442 594 1802 649 sacerdotium
1838 595 2077 657 accedit,

504 698 559 740 ut
609 698 734 742 ante
774 688 1057 742 adventum
1098 688 1291 756 iudicis
1337 690 1426 755 qui
1471 687 1777 741 terribiliter
1813 686 2079 755 sequitur,

509 783 623 849 ipse
661 783 866 836 scilicet
905 782 1187 836 clamando
1226 782 1517 851 gradiatur.
1566 779 1829 834 Sacerdos
1869 794 1996 849 ergo
2037 780 2082 833 si

510 872 902 938 prmdicationis
932 881 1014 926 est
1042 872 1283 935 nescius,
1316 888 1475 940 quam
1505 871 1751 925 clamoris
1782 886 1962 925 vocem
1993 870 2084 924 da-

510 969 661 1013 turas
689 968 771 1012 est
801 974 976 1027 praeco
1013 960 1233 1014 mutus?
1272 960 1405 1015 llinc
1445 970 1527 1014 est
1562 961 1703 1013 enim
1745 959 1887 1029 quod
1924 972 2086 1027 super

514 1049 761 1104 Pastores
787 1050 988 1117 primos
1013 1051 1065 1104 in
1096 1051 1388 1121 linguarum
1418 1052 1596 1120 specie
1621 1051 1845 1121 Spiritus
1871 1060 2087 1105 sanctus

510 1140 710 1193 insedit
740 1142 890 1208 (Act.
918 1158 979 1203 ll,
1015 1143 1049 1197 5
1071 1147 1117 1207 );
1150 1144 1269 1207 quia
1303 1145 1552 1196 nimirum
1592 1158 1726 1212 quos
1768 1143 2084 1211 repleverit,

509 1229 579 1285 de
608 1245 665 1285 se
694 1231 931 1300 protinus
958 1234 1231 1299 lorjnentes
1262 1233 1400 1287 facit.
1434 1233 1563 1289 Hinc
1593 1233 1755 1303 Moysi
1786 1231 2089 1301 prmcipitur

515 1335 568 1376 ut
604 1323 1003 1378 tabernaculum
1036 1325 1288 1380 sacerdos
1329 1326 1670 1395 ingrediens.
1716 1323 2089 1379 tintinnabulis

512 1415 778 1469 ambiatur
805 1412 1001 1484 (Exod.
1032 1431 1231 1483 xxvnt,
1254 1417 1347 1484 '53)
1369 1458 1382 1481 ,
1412 1425 1472 1471 ut
1496 1415 1743 1471 videlicet
1772 1429 1930 1469 voces
1957 1429 2081 1484 pra:-

515 1504 799 1558 dicationis
824 1506 1011 1559 habeat
1030 1546 1045 1571 ,
1075 1521 1141 1560 ne
1163 1507 1379 1575 superni
1404 1506 1719 1575 spectatoris
1738 1505 1996 1575 judicium
2025 1520 2090 1559 ex

516 1593 729 1647 silentio
754 1594 1009 1649 oll'endat.
1052 1594 1318 1662 Scriptum
1358 1596 1552 1665 quippe
1589 1606 1713 1651 est:
1750 1596 1818 1649 Ut
1849 1598 2093 1650 audiatur

514 1685 711 1736 sonitus
739 1686 946 1753 quando
973 1688 1257 1756 ingreditur
1285 1699 1332 1741 et
1358 1689 1620 1757 egreditur
1649 1690 2001 1742 sanctuarium
2040 1690 2095 1741 in

2188 494 2594 563 importunitate
2626 492 2888 562 levigatur
2915 509 2929 557 ;
2961 499 3014 545 et
3044 498 3317 543 auctorem
3346 500 3498 539 suum
3530 482 3643 536 haec
3670 496 3757 534 θαι

2184 586 2305 641 dem
2358 586 2655 656 loquacitas
2707 584 2986 654 inquinat,
3031 596 3149 649 quae
3186 578 3391 634 servire
3431 572 3759 629 auditoribus

2186 678 2251 730 ad
2285 693 2439 731 usunt
2471 676 2740 745 prolectus
2770 676 2999 745 ignorat.
3046 670 3194 727 Unde
3237 669 3373 723 bene
3414 682 3507 736 per
3548 664 3759 733 Moysen

2188 767 2422 820 dititur:
2468 766 2554 820 Vir
2595 768 2684 836 qui
2719 768 2918 833 ﬂuxam
2959 762 3165 818 seminis
3205 760 3419 829 patitur,
3470 755 3759 809 immundus

2186 860 2283 913 erit
2310 858 2508 931 (Leuit.
2544 872 2641 923 xv,
2670 857 2761 927 2).
2798 857 2851 910 In
2885 864 3064 909 mente
3095 853 3293 923 quippe
3319 847 3646 903 audientiuut
3676 860 3761 899 se-

2188 965 2309 1004 men
2341 960 2604 1005 secuturae
2634 948 2975 1019 cogitationis
3013 955 3098 1002 est
3139 944 3334 998 auditre
3362 940 3592 1011 qualitas
3622 940 3761 992 locu-

2193 1044 2353 1099 tionis
2375 1084 2391 1110 ,
2422 1042 2541 1114 quia
2573 1044 2697 1097 dum
2733 1058 2827 1109 per
2856 1055 3036 1095 aurem
3061 1052 3237 1093 sermo
3265 1034 3588 1103 coneipitur,
3618 1030 3763 1101 engi-

2193 1136 2324 1191 tatio
2355 1135 2407 1189 in
2453 1143 2631 1189 mente
2674 1142 2982 1202 generatur.
3028 1129 3180 1186 Unde
3219 1136 3273 1183 et
3308 1126 3374 1181 ab
3406 1125 3562 1192 ltujus
3589 1123 3765 1176 mundi

2197 1224 2530 1294 sapientibus
2582 1223 2902 1293 praedicator
2949 1221 3195 1290 egregius
3239 1214 3649 1273 seminiverbius
3690 1222 3770 1267 est

2192 1326 2411 1371 vocatus
2444 1316 2463 1386 (
2491 1315 2606 1368 Act.
2642 1329 2749 1367 xvtt
2775 1354 2788 1379 ,
2823 1313 2889 1367 l8
2915 1314 2955 1380 ).
2988 1311 3088 1378 Qui
3138 1325 3266 1379 ergo
3312 1308 3509 1362 ﬂuxum
3553 1304 3770 1360 seminis

2195 1408 2461 1469 sustinet,
2496 1404 2802 1460 immundus
2826 1407 3100 1469 asseritur,
3131 1404 3251 1471 quia
3286 1401 3620 1469 multiloquio
3651 1398 3771 1454 sub-

2192 1500 2367 1565 ditus,
2402 1514 2469 1554 es
2500 1513 2566 1551 eo
2595 1513 2655 1553 se
2685 1496 2958 1567 inquinat,
3003 1495 3145 1565 quod
3186 1495 3229 1548 si
3273 1492 3517 1548 ordinate
3562 1505 3771 1560 prome-

2195 1601 2313 1657 ret,
2346 1591 2550 1661 prolem
2584 1598 2745 1646 rectze
2773 1589 3116 1659 cogitationis
3154 1587 3315 1643 edere
3356 1586 3411 1640 in
3452 1584 3771 1639 audientium

2200 1683 2359 1737 corda
2404 1680 2660 1752 potuisset
2687 1695 2702 1745 ;
2745 1679 2979 1747 dumque
3011 1680 3255 1733 incautus
3284 1692 3378 1747 per
3408 1676 3772 1746 loquacitatem

515 1784 787 1844 conspectu
814 1775 1050 1842 Domini,
1078 1788 1121 1829 et
1147 1794 1249 1831 non
1280 1781 1530 1832 moriatur
1558 1779 1747 1849 (Ibid.,
1770 1780 1885 1850 35).
1910 1780 2099 1835 Sacer-
2131 1767 2179 1826 B
2206 1771 2431 1835 dillluit,
2463 1785 2568 1825 non
2600 1771 2667 1826 ad
2696 1786 2851 1824 usum
2884 1770 3097 1840 generis
3116 1811 3129 1834 ,
3160 1769 3252 1823 sed
3283 1768 3348 1822 ad
3390 1765 3773 1823 immunditiam

514 1864 613 1919 dos
641 1880 867 1935 namque
896 1866 1200 1937 ingrediens
1230 1869 1308 1924 vel
1349 1871 1631 1937 egrediens
1668 1871 1912 1932 moritur,
1954 1870 1997 1924 si
2027 1870 2095 1924 de

516 1967 584 2005 eo
611 1954 820 2008 sonitus
848 1970 951 2009 non
979 1956 1206 2022 auditur,
1239 1959 1360 2027 quia
1392 1959 1523 2012 iram
1566 1969 1753 2013 contra
1801 1975 1860 2014 se
1900 1958 2096 2014 occulti

512 2041 707 2110 iudicis
752 2044 946 2112 exigit,
993 2048 1037 2099 si
1085 2046 1200 2100 sine
1240 2049 1634 2115 praedicationis
1660 2050 1835 2103 sonitu
1876 2049 2091 2104 incedit.

518 2136 657 2202 Apte
700 2143 876 2189 autem
926 2136 1275 2192 tintinnabula
1326 2140 1655 2193 vestimentis
1705 2141 1844 2194 illius
1890 2141 2096 2195 descri-

514 2225 710 2281 buntur
749 2226 967 2281 inserta.
1015 2229 1345 2284 Vestimenta
1382 2231 1579 2285 etenim
1623 2233 1917 2288 sacerdotis
1957 2234 2084 2301 quid

516 2317 661 2371 aliud
690 2332 847 2386 quam
876 2329 1021 2373 recta
1047 2334 1205 2389 opera
1234 2320 1492 2377 debemus
1520 2323 1803 2391 accipere?
1832 2323 2093 2391 Propheta

518 2418 804 2463 attestante
832 2411 919 2479 qui
948 2409 1059 2463 ait:
1094 2411 1399 2467 Sacerdotes
1425 2415 1499 2466 tui
1520 2414 1806 2467 induantur
1836 2416 2095 2484 justitiam

520 2499 750 2570 (Psalm.
777 2519 955 2569 cxxxr,
978 2503 1056 2568 9).
1089 2504 1436 2561 Vestimentis
1469 2507 1643 2575 itaque
1670 2506 1810 2562 illius
1844 2508 2100 2562 tintinna-

527 2591 648 2646 bula
678 2592 977 2659 inhaerent,
1007 2605 1061 2648 ut
1088 2595 1209 2648 vitae
1238 2596 1378 2650 viam
1409 2611 1528 2651 cum
1558 2597 1749 2667 lingua:
1778 2600 1954 2656 sonitu
1986 2600 2097 2667 ipsa

522 2697 736 2752 quoque
764 2685 1055 2740 sacerdotis
1080 2702 1243 2755 opera
1268 2688 1521 2743 clament.
1552 2688 1656 2744 Sed
1685 2704 1805 2744 cum
1836 2699 2013 2745 rector
2040 2704 2100 2745 se

525 2772 593 2826 ad
624 2775 944 2842 loquendum
991 2787 1286 2847 praeparat,
1318 2779 1416 2834 sub
1444 2788 1645 2849 quanto
1673 2781 1894 2836 cautela:
1923 2781 2101 2837 studio

525 2860 772 2931 loquatur
814 2866 1081 2932 attendat,
1134 2882 1202 2922 ne
1249 2870 1291 2921 si
1341 2868 1643 2925 inordinate
1672 2870 1737 2923 ad
1778 2871 2100 2937 loquendum

527 2954 750 3022 rapitur,
778 2960 979 3012 erroris
1010 2960 1231 3016 vulnere
1258 2961 1586 3016 audientium
1614 2964 1773 3017 corda
1804 2963 2101 3031 feriantur,

528 3052 586 3098 et
627 3060 749 3099 cum
799 3048 1023 3104 fortasse
1068 3050 1282 3119 sapiens
1327 3052 1492 3107 videri
1531 3053 1834 3123 desiderat,
1882 3058 2101 3112 unitatis

2199 1881 2382 1921 semen
2409 1866 2656 1921 eﬂundit.
2686 1866 2839 1921 Unde
2865 1867 3058 1920 Paulus
3084 1880 3293 1934 quoque
3317 1879 3436 1919 cum
3463 1861 3774 1931 discipulum

2199 1961 2269 2016 de
2293 1961 2545 2021 instantia
2573 1960 2966 2029 prmdicationis
2997 1960 3326 2023 admoneret,
3351 1957 3538 2012 dicens
3566 1973 3579 2009 :
3615 1954 3777 2009 Testi-

2198 2050 2328 2118 ﬁcor
2356 2066 2527 2103 coram
2558 2047 2667 2102 Deo
2697 2059 2746 2102 et
2774 2048 2981 2103 Christo
3020 2047 3145 2103 Jesu
3164 2088 3179 2113 ,
3222 2047 3307 2116 qui
3341 2047 3675 2118 judicaturus
3710 2052 3779 2098 est

2198 2141 2335 2193 vivos
2362 2147 2407 2193 et
2433 2147 2660 2191 mortuos
2684 2177 2697 2200 ,
2726 2155 2818 2207 per
2847 2139 3118 2191 adt-cntum
3144 2138 3302 2207 ipsius
3332 2147 3378 2188 et
3409 2150 3622 2205 regnum
3652 2134 3778 2203 ejus,

2201 2228 2431 2295 prtedica
2460 2228 2665 2280 verbum
2684 2268 2699 2292 ,
2723 2228 2860 2280 insta
2888 2236 3197 2295 Opportune,
3226 2227 3513 2291 importune
3536 2223 3621 2295 (II
3650 2223 3781 2276 Tim.

2199 2335 2269 2384 tv,
2300 2317 2351 2387 l)
2378 2335 2392 2383 ;
2422 2318 2662 2371 dicturus
2694 2318 3005 2382 importune,
3039 2316 3298 2385 praemisit
3326 2326 3632 2386 Opportune,
3661 2316 3781 2384 quia

2200 2408 2408 2464 scilicet
2461 2407 2599 2477 apud
2646 2408 2903 2462 auditoris
2946 2416 3177 2461 mentem
3221 2406 3331 2475 ipsa
3372 2422 3470 2459 sua
3510 2402 3534 2442 δ
3582 2405 3786 2459 vilitate

2202 2518 2262 2558 se
2290 2501 2551 2566 destruit,
2585 2500 2631 2555 si
2678 2500 2875 2555 ltabere
2915 2499 3291 2569 importunitas
3333 2496 3787 2567 opportunitatem

2202 2593 2391 2650 nescit.

2655 2676 2885 2733 CAPUT
2912 2676 2951 2730 v
2984 2676 3090 2749 [AL
3122 2673 3307 2747 xw].

2209 2793 2276 2849 Ut
2306 2796 2369 2849 sit
2395 2804 2557 2849 rector
2585 2794 2797 2864 singulis
2826 2793 3179 2861 compassione
3201 2792 3481 2860 proximus,
3515 2806 3623 2859 pra:
3652 2806 3782 2847 cun-

2563 2865 2655 2917 ctis
2686 2865 3110 2935 contemplatione
3137 2878 3431 2931 suspensus.

2277 2956 2359 3011 Sit
2400 2964 2575 3011 rector
2621 2953 2843 3024 singulis
2890 2953 3264 3023 compassione
3305 2953 3625 3021 prosimus;
3682 2966 3791 3021 prae

2207 3048 2413 3104 cunctis
2444 3046 2897 3116 contemplatione
2926 3059 3243 3114 suspensus,
3277 3054 3333 3099 ut
3362 3050 3417 3099 et
3456 3058 3550 3113 per
3582 3044 3792 3112 pietatis

528 3150 837 3207 compagem
886 3139 1197 3208 insipienter
1236 3142 1496 3199 abscidat,
1548 3145 1683 3201 Hinc
1731 3162 1960 3217 namque
1998 3149 2103 3204 ve-
2132 3124 2179 3189 Ο
2213 3140 2416 3194 viscera
2464 3138 2519 3192 in
2550 3153 2608 3192 se
2663 3137 3028 3192 inﬁrmitatem
3061 3145 3375 3192 creterorum
3406 3136 3712 3203 transierat,
3744 3144 3794 3191 et

530 3230 662 3284 ritas
689 3231 817 3285 dicit
845 3250 856 3284 :
889 3232 1089 3287 Habete
1115 3234 1193 3288 sal
1220 3237 1272 3289 in
1304 3238 1462 3302 vobis,
1494 3247 1543 3289 et
1571 3254 1746 3308 pacem
1776 3240 1953 3293 habete
1979 3242 2110 3295 inter

532 3338 618 3375 vos
650 3322 843 3390 ()er.
872 3341 921 3378 ιχ
942 3366 957 3391 ,
986 3325 1101 3396 49).
1137 3327 1236 3382 Per
1265 3330 1342 3382 sal
1369 3329 1584 3400 quippe,
1618 3339 1645 3367 ι
1670 3331 1816 3386 verbi
1848 3333 2108 3401 sapientia

534 3411 864 3481 designatur.
912 3416 1010 3483 Qui
1056 3416 1215 3485 igitur
1256 3419 1398 3489 loqui
1440 3420 1712 3486 sapienter
1754 3423 1957 3488 nititur,
1991 3440 2106 3478 ma-

537 3518 772 3573 gnOpete
802 3516 1003 3560 metuat
1049 3523 1116 3563 ne
1157 3509 1271 3577 ejus
1313 3511 1523 3579 eloquio
1565 3512 1890 3567 audientium
1937 3514 2112 3569 unitas

538 3597 913 3651 confundatur.
948 3599 1081 3653 Hinc
1108 3600 1302 3654 Paulus
1330 3604 1405 3655 ait
1428 3619 1441 3655 :
1468 3603 1589 3658 Non
1618 3606 1733 3670 plus
1757 3623 1933 3673 sapere
1957 3624 2113 3676 quam

538 3696 736 3754 Oportet
764 3704 975 3755 sapere,
1007 3691 1098 3741 sed
1123 3706 1301 3759 sapere
1327 3692 1396 3743 ad
1422 3692 1741 3747 sobrietatem
1772 3697 1790 3763 (
1820 3695 1970 3750 Rom.
2004 3714 2076 3752 χιι
2097 3738 2113 3764 ,

540 3774 616 3844 5).
648 3777 778 3830 llinc
806 3778 856 3830 in
883 3778 1177 3834 sacerdotis
1205 3790 1351 3837 veste
1382 3784 1483 3852 18
1502 3784 1655 3851 juxta
1677 3784 1908 3839 divinam
1932 3801 2114 3842 vocent

546 3866 915 3923 tintinnabulis
938 3870 1072 3922 mala
1099 3871 1283 3939 punica
1306 3874 1909 3943 conjunguntur(E:cOd.
1929 3893 2115 3943 xxvtn,

548 3953 670 4024 Si).
714 3956 851 4023 Quid
899 3958 1043 4012 enim
1092 3973 1184 4025 per
1222 3959 1358 4013 mala
1401 3962 1625 4031 punica,
1656 3962 1758 4017 nisi
1789 3963 1911 4019 lidei
1943 3964 2117 4020 unitas

548 4043 903 4114 designatur?
932 4048 1061 4101 Nam
1092 4048 1227 4103 sicut
1257 4050 1308 4103 in
1340 4051 1481 4105 malo
1509 4052 1703 4120 punico
1723 4095 1738 4119 ,
1768 4051 1796 4090 δ
1829 4069 1935 4108 uno
1965 4064 2116 4110 exte-

553 4137 664 4191 rius
716 4140 917 4193 cortice
961 4140 1125 4193 multa
1168 4141 1391 4196 interius
1438 4158 1601 4212 grana
1652 4145 1994 4211 muniuntur;
2042 4146 2121 4201 sic

551 4240 573 4267 ε
615 4229 923 4286 innumeros
972 4243 1173 4288 sancta:
1218 4234 1467 4290 Ecclesia
1512 4237 1732 4305 populos
1774 4237 1949 4293 unitas
1999 4237 2120 4293 tldei

549 4325 820 4393 contegit,
852 4340 989 4394 quos
1015 4326 1157 4381 intus
1186 4327 1465 4382 diversitas
1492 4329 1805 4384 meritorum
1850 4338 2015 4384 tenet.
2045 4329 2123 4385 Ne

550 4415 711 4485 igitur
751 4426 928 4470 rector
968 4418 1211 4472 incautus
1251 4419 1315 4471 ad
1356 4418 1681 4487 loquendum
1724 4428 1976 4488 prernat,
2020 4422 2123 4474 hoc

2212 3247 2306 3301 per
2357 3230 2742 3299 speculationis
2796 3230 3134 3283 altitudinem
3185 3229 3533 3298 semetipsum
3586 3242 3794 3297 quoque

2212 3322 2501 3378 invisibilia
2525 3320 2827 3391 appetendo
2855 3321 3216 3385 transcendat,
3249 3334 3315 3375 ne
3336 3327 3427 3373 aut
3456 3319 3561 3373 alta
3589 3328 3793 3388 petens,

2215 3413 2577 3481 proximorum
2611 3412 2820 3465 inﬁrma
2866 3410 3147 3479 despiciat,
3201 3420 3291 3465 aut
3345 3409 3568 3464 infirmis
3619 3410 3797 3479 proxi-

2215 3520 2423 3559 morum
2449 3513 3034 3574 congruens,appetere
3063 3504 3166 3557 alta
3184 3503 3519 3573 derelinquat
3540 3500 3626 3573 (ll
3674 3500 3793 3556 Cor.

2216 3613 2311 3662 xu,
2340 3600 2417 3666 5).
2472 3598 2607 3653 Hinc
2631 3606 2715 3652 est
2744 3612 2974 3666 namque
3012 3598 3155 3665 quod
3190 3596 3381 3651 Paulus
3411 3595 3464 3650 in
3493 3594 3797 3666 paradisum

2215 3688 2450 3755 ducitur,
2474 3688 2705 3757 caelique
2735 3688 2875 3744 tertii
2906 3699 3115 3743 secreta
3148 3687 3392 3752 rimatur,
3425 3696 3477 3742 et
3508 3696 3687 3740 tamen
3717 3686 3797 3739 illa

2222 3778 2563 3834 invisibilium
2607 3779 3060 3849 contemplatione
3112 3793 3404 3848 suspensus
3440 3819 3455 3844 ,
3505 3778 3574 3832 ad
3629 3776 3799 3831 cubile

2219 3870 2513 3924 carnalium
2571 3871 2741 3925 aciem
2772 3870 2968 3925 mentis
2996 3880 3232 3939 revocat,
3261 3879 3420 3937 atque
3471 3869 3526 3924 in
3580 3868 3800 3923 occultis

2220 3964 2333 4014 suis
2367 3961 2597 4029 qualiter
2646 3959 2876 4014 debeant
2905 3960 3211 4015 conversari
3242 3960 3543 4028 dispensat,
3575 3958 3757 4013 dicens
3786 3973 3798 4008 :

2223 4050 2443 4119 Propter
2473 4053 2865 4121 fornicationem
2919 4064 3089 4107 autem
3118 4056 3464 4121 unusquisque
3492 4067 3645 4106 suam
3675 4066 3801 4105 uxo-

2222 4159 2329 4195 rem
2359 4142 2560 4208 habeat,
2586 4152 2633 4197 et
2677 4158 2989 4213 unaquaque
3016 4159 3163 4196 suum
3188 4144 3353 4197 virum
3401 4143 3608 4196 habeat.
3647 4140 3802 4197 Uxori

2223 4236 2299 4289 vir
2345 4235 2569 4288 debitum
2626 4235 2863 4301 reddat;
2910 4236 3144 4289 similiter
3213 4246 3383 4288 autem
3428 4243 3474 4289 et
3528 4251 3657 4290 uxor
3698 4235 3801 4287 viro

2227 4324 2279 4395 (I
2331 4324 2449 4379 Cor.
2500 4340 2594 4388 vit,
2645 4326 2723 4394 2).
2759 4325 2825 4379 Et
2878 4326 3037 4393 paulo
3085 4334 3205 4395 post
3248 4322 3435 4394 (Ibid.,
3496 4324 3600 4394 5):
3636 4321 3804 4377 Nolite

2231 4419 2471 4488 fraudare
2500 4419 2731 4481 invicem,
2757 4418 2857 4471 nisi
2888 4418 3018 4485 forte
3038 4433 3101 4471 ea:
3129 4433 3378 4472 consensu
3407 4416 3478 4469 ad
3512 4426 3731 4485 tempus,
3756 4422 3805 4466 ut

547 4508 689 4575 quod
718 4507 827 4577 jam
860 4509 1244 4577 prmmisitnus,
1281 4526 1373 4578 per
1411 4511 1754 4580 semetipsam
1790 4512 1998 4567 Veritas
2038 4514 2122 4567 di-
2154 4495 2202 4554 Ῑ)
2230 4510 2415 4563 vacetis
2444 4510 2702 4573 orationi;
2724 4517 2769 4561 et
2798 4509 2984 4561 iterum
3012 4508 3319 4560 revertimini
3348 4507 3398 4560 in
3435 4507 3544 4578 19
3568 4507 3804 4574 idipsum,

546 4600 764 4665 scipulis
792 4597 984 4652 clamat
1011 4617 1022 4651 :
1060 4599 1256 4653 Habete
1278 4600 1356 4655 sal
1383 4602 1437 4655 in
1467 4602 1633 4667 vobis,
1668 4611 1712 4656 et
1743 4619 1915 4671 pacem
1948 4604 2126 4659 habete

544 4694 673 4747 inter
700 4708 783 4745 vos
813 4694 1014 4759 (Marc.
1050 4709 1101 4747 ιχ
1124 4737 1139 4761 ,
1170 4693 1286 4761 49).
1321 4697 1396 4747 Ac
1426 4695 1469 4750 si
1501 4696 1724 4764 ﬁgurate
1754 4710 1848 4763 per
1883 4696 2124 4751 ltabitnm

546 4786 843 4839 sacerdotis
871 4787 1011 4841 dicat
1036 4802 1052 4838 :
1085 4785 1218 4839 Mala
1252 4786 1442 4854 punica
1479 4786 1847 4843 tintinnabulis
1872 4788 2081 4859 jungite
2103 4830 2119 4856 ,

546 4884 601 4928 nt
628 4892 722 4944 per
746 4892 904 4932 omne
930 4878 1072 4947 quod
1100 4876 1298 4945 dicitis,
1328 4877 1581 4932 unitatem
1612 4879 1733 4933 lidei
1759 4889 1911 4934 cauta
1936 4881 2125 4934 obser-

553 4967 763 5022 vatione
805 4969 1051 5024 teneatis.
1095 4967 1485 5022 Providendum
1524 4984 1735 5039 quoque
1775 4978 1859 5023 est
1899 4970 2123 5024 sollicita

557 5060 850 5115 intentione
897 5061 1194 5115 rectoribus
1242 5070 1300 5113 ut
1350 5058 1419 5113 ab
1466 5060 1545 5113 eis
1590 5075 1694 5114 non
1739 5061 1911 5114 solum
1965 5075 2126 5129 prava

561 5150 706 5206 nullo
735 5153 929 5217 modo,
960 5156 1051 5207 sed
1083 5167 1149 5206 ne
1189 5159 1333 5206 recta
1374 5148 1588 5219 quidem
1629 5152 1791 5205 nintie
1832 5158 1887 5205 et
1927 5150 2131 5205 inordi-

562 5253 685 5298 nate
715 5244 1086 5312 prolerantur;
1119 5243 1238 5314 quia
1267 5257 1413 5312 smpe
1443 5242 1705 5297 dictorum
1748 5241 1914 5297 virtus
1954 5240 2131 5312 perdi-
2174 5290 2179 5295 .

629 5388 653 5415 ⁸
698 5379 865 5433 Laud.
888 5420 901 5442 ,
932 5381 1131 5433 verbum
1162 5379 1449 5448 sapientiai.

628 5449 653 5487 ι»
694 5451 828 5504 Tres
866 5450 1073 5506 Gemet.
1096 5490 1111 5514 ,
1156 5451 1374 5505 Carnot.
1418 5448 1621 5518 primus
1648 5457 1702 5503 et
1728 5456 1998 5503 secundus
2023 5486 2037 5513 ,
2069 5460 2130 5501 ac

553 5518 701 5572 Belv.
734 5523 1188 5575 una......cortice.

623 5602 647 5660 ς
693 5591 819 5660 Lyr.
837 5630 853 5655 ,
889 5593 1172 5644 universos.

623 5657 648 5696 ά
693 5657 828 5713 'l‘ies
854 5661 1060 5715 Gemet.
1088 5702 1100 5721 .
1134 5660 1324 5712 tertius
1351 5658 1607 5724 Carnot.,
1636 5659 1754 5711 Val.
1788 5658 1867 5711 Cl.
1890 5698 1905 5723 ,
1935 5673 2128 5712 secun—

550 5734 644 5787 dus
681 5731 816 5788 Aud.
846 5741 904 5785 et
930 5732 1053 5797 Lyr.
1080 5772 1093 5795 ,
1128 5729 1428 5784 subtilitate.
1456 5732 1522 5785 At
1552 5730 1657 5785 duo
1684 5729 1887 5785 'l'lteod.
1915 5769 1927 5793 ,
1962 5728 2126 5784 Laud.

2231 4617 2293 4653 ne
2330 4608 2483 4654 tentet
2515 4616 2601 4653 vos
2633 4599 2880 4655 Satanas.
2919 4598 3057 4653 Ecce
3105 4598 3214 4667 jam
3244 4598 3565 4653 cmlestibus
3595 4597 3807 4653 secretis

2232 4690 2502 4756 inseritur,
2533 4698 2589 4745 et
2617 4699 2792 4744 tamen
2820 4703 2913 4757 per
2936 4689 3409 4743 condescensionis
3442 4688 3664 4742 viscera
3691 4701 3805 4740 car-

2230 4779 2429 4834 nalium
2459 4779 2635 4833 cubile
2683 4785 3080 4847 perscrutatur;
3130 4788 3184 4831 et
3215 4792 3374 4846 quem
3404 4776 3718 4832 sublevatus
3745 4771 3806 4827 ad

2230 4869 2515 4925 invisibilia
2545 4867 2725 4937 erigit,
2761 4869 2902 4923 hunc
2933 4876 2956 4904 °
3000 4869 3292 4923 miseratus
3322 4870 3385 4924 ad
3414 4877 3629 4925 secreta
3664 4867 3805 4921 intlr-

2233 4963 2489 5017 mantium
2516 4961 2728 5015 oculum
2765 4958 2943 5015 cordis
2977 4961 3159 5015 ﬂectit.
3221 4960 3427 5016 Caelum
3478 4959 3805 5027 contempla-

2234 5058 2377 5110 tione
2430 5052 2780 5119 transcendit,
2826 5067 2926 5108 nec
2978 5053 3209 5108 tanten'
3264 5063 3490 5109 stratum
3519 5051 3806 5107 carnaliqu

2232 5145 2594 5201 sollicitudine
2610 5142 2829 5209 deserit,
2857 5146 2981 5212 quia
3012 5161 3271 5215 compage
3287 5144 3561 5199 charitatis
3590 5140 3808 5197 summis

2234 5235 2416 5300 simul,
2464 5241 2519 5288 et
2570 5233 2764 5287 inlimis
2790 5232 3030 5303 junctus,
3080 5247 3135 5291 et
3183 5239 3236 5291 in
3285 5235 3574 5306 semetipso
3623 5234 3809 5289 virtute

2234 5385 2289 5431 et
2318 5373 2409 5429 alii
2432 5413 2449 5438 ,
2480 5374 2721 5427 utilitate.

2308 5455 2330 5481 ε
2367 5446 2457 5499 Lot
2481 5448 2589 5512 gip.
2623 5459 2685 5497 ac
2716 5442 2948 5509 plurimi,
2985 5441 3402 5496 misericorditer.

2316 5514 2334 5553 ί
2366 5508 2666 5578 Ττείῖεἱιδίς,
2694 5512 2879 5577 Corb.,
2908 5512 3115 5576 Norm.,
3151 5512 3320 5576 Belv.,
3354 5512 3546 5577 Laud.,
3584 5520 3711 5571 etc.,
3737 5508 3809 5561 sic

2242 5586 2522 5655 tegendum
2553 5583 2809 5643 suadent;
2841 5595 2869 5632 a
2902 5585 3091 5648 quibus
3132 5581 3289 5651 longe
3308 5584 3599 5655 iabeuntes
3632 5581 3809 5635 Edito-

2241 5653 2327 5711 rt-s
2351 5670 2537 5708 outnes
2562 5662 2893 5720 posuerunt.,
2920 5662 3104 5706 statum
3134 5669 3275 5706 carn.
3300 5654 3469 5723 Supra
3495 5653 3683 5722 babes,
3699 5662 3809 5704 car-

2244 5728 2433 5779 nalium
2464 5725 2626 5777 cubile
2658 5736 2822 5792 persc.
