1984 3153
105 145 134 173 33
495 144 646 175 REGULIE
667 145 881 176 PASTORALIS
900 146 1012 176 LIBER.
1034 164 1068 171 —
1085 149 1173 178 PARS
1192 149 1361 178 SECUNDA.
1699 151 1734 181 35

106 201 203 238 spiritus
216 200 252 229 ad
276 200 332 230 alta
349 201 469 229 valenter
494 202 608 237 rapitur,
625 206 653 230 et
679 203 780 237 pietate
793 203 819 230 in
832 202 893 230 aliis
908 206 931 234 Α
944 204 1062 237 Quorum
1076 205 1184 240 quidem
1200 213 1249 233 nos
1258 211 1349 240 aperta
1359 214 1441 241 opera
1453 208 1597 242 cernimus,
1607 209 1654 237 sed
1665 210 1735 244 apud

106 246 285 284 aquanimiter
299 247 463 275 infirmatur.
480 247 547 275 Hinc
562 248 662 276 etenim
673 249 738 276 dicit
751 257 758 276 :
776 248 839 282 Qui:
854 249 894 276 in—

106 297 225 330 ﬁrmatur,
251 299 277 321 et
302 302 350 330 ego
376 303 425 321 non
452 294 593 329 inﬁrmar?
611 296 668 330 quis
690 296 893 328 scandalizatur,

107 347 126 370 et
137 351 180 377 ego
194 350 245 368 non
271 349 335 368 uror
350 340 393 376 (ll
410 341 485 374 Con,
501 349 539 373 ιι,
553 341 599 375 ΞΩ)
612 342 623 367 ?
650 341 717 369 llinc
731 349 822 369 rursus
833 343 869 369 ait
884 350 892 370 :

109 387 194 414 Factus
204 395 262 414 sum
277 386 379 414 luditis
395 391 517 419 tanquam
527 386 636 414 Iudaeus
649 387 674 423 (Ι
702 387 763 415 Cor.
781 396 818 419 Ix,
834 388 892 423 21)).

110 433 174 466 Quod
204 432 329 459 videlicet
355 432 501 460 exhibebat
531 440 584 459 non
613 433 761 460 amittendo
788 433 867 460 fidem
885 453 892 465 ,

111 482 121 496 ι
132 477 177 505 sed
192 476 361 505 extendendo
377 478 513 512 pietatem,
526 481 554 504 ut
569 477 594 504 in
605 484 634 505 se
650 484 790 512 personam
801 477 887 505 inﬁde

111 525 170 551 lium
178 522 376 558 transﬁguratus,
385 531 418 550 ex
430 523 577 557 semetipso
586 522 700 550 disceret
711 523 825 558 qualiter
834 522 894 550 ali‘s

112 570 223 597 miseieri
238 568 387 603 debuisset,
403 573 538 603 quatenus
562 567 613 596 hoc
636 568 692 595 illis
715 568 893 603 impendeiet,

112 614 176 648 quod
194 613 241 639 sibi
257 612 327 646 ipse,
344 612 366 638 si
381 612 418 638 ita
433 617 514 644 esset,
537 612 653 647 Impendi
668 617 741 640 recte
756 613 892 640 voluisset.

113 659 172 686 llinc
185 659 279 685 iterum
302 657 370 685 dicit
383 667 390 686 :
407 657 468 685 Siue
490 662 573 686 urente
586 659 742 692 ext-edimus,
756 658 829 691 Deo;
844 659 895 687 sire

115 704 183 731 sobrii
196 712 294 735 asinus,
315 704 385 731 vobis
401 703 443 739 (ll
471 703 532 731 Cor.
550 712 577 737 ν,
594 705 659 739 l3);
674 704 734 740 quia
750 709 777 732 et
791 710 892 732 semet-

113 751 189 783 ipsum
206 753 313 776 norerat
327 750 534 783 eonteniplando
552 752 753 783 transcendere,
768 755 796 778 et
820 758 895 778 eum-

114 795 165 822 dem
199 803 226 822 se
262 795 433 822 auditoribus
461 796 702 823 condescendendo
732 801 893 831 temperare.

114 841 174 868 Hinc
184 840 263 867 Jacob
276 840 296 867 ι)
308 841 389 867 ιιηίηο
400 841 515 875 desuper
526 842 664 874 innitente,
679 847 708 869 et
720 846 800 869 uncto
815 842 896 870 deor-

945 248 1095 277 districtum
1116 250 1231 285 judicent
1246 259 1305 286 quae
1320 251 1380 279 illos
1401 253 1536 287 posterius
1558 261 1684 283 maneant
1708 258 1735 285 in

945 294 1049 321 occulta
1065 295 1240 323 retributione
1254 296 1397 324 nescimus.
1414 297 1463 331 Qui
1491 302 1579 326 tamen
1594 307 1656 327 cum
1667 308 1734 328 con-

945 338 1130 367 descensionis
1142 348 1199 368 suae
1224 342 1379 375 patientiam
1395 342 1529 371 diluendis
1551 345 1734 378 proximorum

945 384 1159 412 confessionibus
1182 391 1345 421 praeparant,
1372 388 1444 415 velut
1467 393 1529 416 ante
1556 388 1627 417 fores
1642 391 1735 425 templi

946 431 1058 458 lutercm
1087 435 1217 465 portant;
1243 437 1273 459 ut
1304 433 1423 468 quisquis
1451 434 1520 461 intra
1536 441 1552 462 e
1578 437 1736 463 ant-mittitis

943 476 1052 511 ianuam
1066 477 1171 510 nititur,
1184 477 1345 505 tentationes
1356 486 1418 506 suas
1434 480 1516 506 menti
1539 480 1653 514 pastoris
1662 481 1732 508 indi-

944 526 998 553 cet,
1011 527 1038 548 et
1053 522 1127 556 quasi
1152 523 1178 549 in
1206 522 1285 550 boum
1299 524 1385 551 lulere
1409 524 1578 559 cogitationis
1593 526 1633 553 vel
1646 525 1735 559 operis

946 574 1041 594 manus
1055 568 1135 595 lavet.
1160 568 1192 595 Et
1207 568 1236 595 lit
1251 569 1407 604 plerumque
1422 575 1451 597 ut
1466 571 1528 598 dum
1545 571 1659 599 rectoris
1673 573 1730 599 ani~

945 619 1004 639 mus
1019 613 1104 640 aliena
1130 617 1293 641 tentamenta
1320 615 1561 643 condescendendo
1583 618 1732 651 cognoscit,

944 658 1042 685 auditis
1056 659 1245 686 mutationibus
1255 661 1336 687 ctiam
1354 661 1410 694 ipse
1423 661 1549 694 pulsetur,
1561 663 1622 696 quia
1637 668 1664 690 et
1676 662 1733 690 hasc

944 703 1037 731 eadem
1054 711 1101 738 per
1111 712 1189 739 quam
1202 706 1292 739 populi
1304 706 1446 733 multitudo
1456 707 1578 739 diluitur,
1594 716 1661 742 aqua
1673 716 1735 743 pro-

945 749 1071 777 culdubio
1090 750 1180 778 luteri~
1194 751 1357 786 inquinatur.
1368 752 1433 779 Nam
1448 753 1510 780 dtnu
1523 753 1617 782 sordes
1632 754 1737 782 diluen-

945 795 1011 823 tiutu
1040 796 1170 831 suscipit,
1196 797 1271 832 quasi
1307 805 1364 825 suae
1393 798 1530 826 munditia:
1564 800 1734 827 serenitatem

944 842 1101 876 perdit.Sed
1110 842 1165 869 hinc
1177 850 1344 878 nequaquam
1355 845 1455 879 pastori
1466 845 1583 873 timenda
1591 850 1663 877 sunt,
1673 846 1735 880 quia

115 895 168 912 sum
193 886 287 919 lapide,
312 888 488 914 ascmdenles
515 894 545 913 ac
568 887 762 916 descendentes
784 888 894 923 angelos
912 893 933 922 Β
948 886 1003 914 Deo
1016 887 1152 915 subtiliter
1166 894 1260 915 cuncta
1278 894 1417 923 pensante,
1441 894 1517 917 tanto
1542 890 1670 918 facilitas:
1686 899 1735 919 sua

115 932 175 958 vidit
190 931 263 966 (Cen.
279 939 371 965 xmn,
402 932 460 966 l2);
489 933 549 967 quia
573 932 676 961 scilicet
703 934 893 968 praedicatores

115 977 175 1003 recti
189 985 243 1004 non
257 977 342 1004 auium
353 985 458 1004 sursum
473 982 593 1006 sanctum
610 984 688 1013 caput
701 979 841 1014 Ecclesiae,
855 980 896 1008 vi—

114 1023 208 1049 delicet
226 1023 373 1055 Dominum,
387 1023 591 1057 contemplando
603 1028 740 1057 appetunt,
757 1024 804 1052 scd
819 1026 896 1052 deor-

114 1077 169 1096 sum
185 1077 291 1104 quoque
304 1070 338 1096 ad
346 1070 461 1097 membra
476 1070 545 1096 illius
557 1071 710 1097 miserando
719 1071 894 1099 descendunt.

116 1117 175 1143 llioc
189 1116 294 1150 Moyses
309 1116 402 1143 crebro
423 1116 622 1144 tabernaculum
648 1117 728 1144 intrat
743 1121 770 1144 et
783 1118 852 1149 exit;
869 1121 896 1144 et

117 1162 155 1195 qui
167 1161 234 1188 intus
250 1161 275 1187 in
289 1161 539 1194 contemplationem
554 1162 667 1195 rapitur,
680 1161 743 1189 loris
758 1162 896 1189 inlirmau-

118 1208 174 1233 tium
188 1206 302 1241 negotiis
325 1210 445 1241 urgetur.
461 1206 534 1233 Intus
556 1206 602 1234 Dei
616 1214 713 1234 arcana
728 1207 893 1241 considerat,

118 1252 172 1278 foris
184 1259 261 1279 onera
279 1252 429 1279 carnalium
446 1256 544 1286 portat.
562 1253 611 1285 Qui
631 1252 665 1281 de
690 1253 771 1281 rebus
789 1261 895 1288 quoque

118 1298 193 1325 dubiis
219 1306 330 1333 semper
354 1299 386 1325 ad
416 1299 615 1326 tabernaculum
640 1299 776 1332 recurrit,
803 1306 894 1327 coram

119 1343 254 1371 testamenti
269 1351 334 1371 arca
350 1344 490 1371 Dominum
511 1345 629 1372 consulit
646 1352 653 1371 :
668 1344 820 1379 exemplum
833 1352 896 1379 pro-

117 1389 228 1417 culdubio
241 1391 394 1417 rectoribus
412 1390 542 1424 prii-hens.
560 1395 590 1418 ut
603 1398 663 1418 cum
679 1390 745 1418 loris
758 1391 896 1427 ambigunt

117 1435 169 1469 quid
182 1436 336 1470 disponant,
352 1436 385 1463 ad
412 1441 528 1464 mentem
552 1444 659 1471 semper
673 1437 749 1472 quasi
759 1437 792 1465 ad
805 1437 895 1465 taber-

117 1480 223 1508 naculum
244 1480 377 1514 redeant;
392 1487 418 1509 et
446 1482 518 1509 velut
542 1489 634 1510 coram
655 1483 808 1510 testamenti
832 1491 893 1511 arca

117 1524 242 1552 Dominum
261 1526 418 1558 consulant,
445 1526 467 1554 si
489 1526 523 1554 de
548 1525 589 1554 his
614 1526 641 1554 in
655 1527 752 1562 quibus
772 1527 895 1556 dubitant

946 931 1069 966 eripitur,
1096 937 1196 967 quanto
1211 933 1411 962 misericordius
1424 942 1458 962 ex
1480 936 1568 963 aliena
1590 938 1736 966 teutationa

948 977 1085 1013 fatigatur.

1164 1022 1277 1051 capur
1297 1025 1329 1052 Vl
1344 1024 1397 1061 [Αι.
1412 1025 1520 1062 XVII].

949 1079 983 1107 Ut
998 1080 1030 1106 sit
1044 1084 1127 1119 rector
1139 1080 1200 1107 bene
1213 1081 1348 1119 agentibus
1372 1090 1417 1116 per
1436 1082 1611 1119 humilitatem
1637 1086 1733 1119 socius,

964 1121 1053 1141 contra
1062 1115 1263 1148 delinquentium
1275 1117 1335 1142 vitia
1346 1115 1391 1151 per
1401 1118 1483 1144 zelum
1488 1119 1599 1153 justitim
1608 1126 1717 1147 erectus.

981 1159 1022 1188 Sit
1032 1164 1120 1187 rector
1134 1160 1203 1188 bene
1224 1162 1364 1195 agentibus
1378 1169 1425 1196 per
1440 1162 1617 1191 humilitatem
1632 1166 1734 1199 sodus,
1792 1184 1806 1196 .

946 1209 1039 1233 contra
1053 1205 1264 1240 delinquentium
1278 1206 1340 1233 vitia
1348 1214 1393 1241 per
1400 1208 1485 1235 zelum
1492 1208 1604 1242 iustitiae
1610 1215 1734 1244 erectus;

947 1255 975 1278 ut
990 1255 1016 1277 et
1031 1250 1108 1278 bouis
1131 1252 1158 1278 in
1173 1251 1248 1279 nullo
1261 1259 1291 1280 se
1306 1253 1440 1287 praeferat,
1466 1259 1493 1281 et
1507 1262 1568 1282 cum
1595 1263 1736 1290 pravorum

945 1296 1026 1331 culpa
1047 1296 1147 1331 exigit,
1174 1301 1333 1332 potestatem
1357 1299 1478 1333 protinus
1502 1301 1543 1327 sui
1566 1305 1577 1320 ε
1603 1302 1737 1335 prioratus

947 1346 1085 1376 agnoscat,
1100 1347 1231 1378 quatenus
1246 1348 1272 1371 et
1287 1346 1388 1373 honore
1400 1353 1552 1380 suppresso.
1560 1348 1690 1382 aequalem
1706 1356 1737 1377 se

947 1387 1063 1415 subditis
1074 1389 1143 1416 bene
1157 1388 1307 1416 viventibus
1330 1389 1449 1424 deputet,
1464 1395 1492 1418 et
1506 1399 1569 1426 erga
1587 1399 1735 1426 perversos

943 1434 1005 1470 jura
1015 1435 1183 1463 rectitudinis
1194 1444 1322 1464 exercere
1335 1444 1386 1464 non
1402 1436 1537 1465 formidet.
1550 1438 1616 1466 Nam
1627 1440 1694 1467 sicut
1710 1441 1735 1468 in

947 1480 1022 1508 libris
1037 1480 1180 1508 Moralibus
1187 1481 1337 1510 dixisseme
1348 1483 1456 1510 memini
1473 1483 1543 1518 (Lib.
1555 1492 1609 1517 xxi,
1625 1484 1737 1517 Ποηιι..

946 1535 1006 1561 ιαμ.
1029 1527 1072 1561 10,
1095 1535 1163 1554 nunc
1186 1535 1213 1555 η.
1228 1528 1287 1563 22),
1308 1528 1386 1563 liquet
1402 1529 1473 1564 quod
1494 1537 1588 1557 omnes
1613 1529 1737 1558 homines

117 1571 175 1606 apud
184 1572 344 1606 semetipsos
357 1572 429 1599 intus
440 1572 511 1600 sacri
522 1572 619 1607 eloquii
630 1573 891 1609 paginasrequirant.
906 1577 930 1609 ς
948 1576 1042 1600 natura
1067 1572 1183 1607 aequales
1197 1573 1300 1607 genuit,
1316 1574 1363 1600 sed
1379 1573 1499 1601 variante
1514 1575 1669 1602 meritorutn
1690 1583 1736 1602 or-

118 1618 177 1646 llinc
188 1619 242 1654 ipsa
255 1620 367 1648 Veritas
382 1628 430 1655 per
442 1628 496 1648 sust
505 1622 641 1656 eptionem
661 1627 760 1650 nostra:
774 1623 896 1651 humani-

116 1663 174 1691 tatis
199 1664 271 1691 nobis
298 1669 429 1698 ostensa,
458 1665 485 1693 in
511 1671 603 1695 monte
628 1667 744 1695 orationi
768 1667 893 1701 inhaeret,

116 1710 231 1737 miracula
246 1711 271 1737 in
289 1711 400 1738 urbibus
413 1717 519 1739 exercet
535 1712 612 1748 (Luc.
636 1720 674 1747 vt,
692 1712 752 1748 £2);
770 1714 897 1741 imitatio-

116 1755 150 1782 nis
164 1755 281 1784 videlicet
301 1763 371 1783 viam
385 1757 462 1784 bonis
479 1766 499 1784 ri
509 1759 630 1785 ctoribns
645 1762 783 1792 sternens;
801 1763 830 1787 ut
844 1759 894 1786 etsi

116 1799 159 1834 iam
178 1809 278 1828 summa
307 1803 513 1836 contemplando
536 1808 676 1839 appetunt,
691 1804 896 1832 necessitatibus

116 1851 189 1874 tamen
211 1847 412 1874 inﬁrmantium
436 1849 625 1883 compatiendo
641 1849 816 1884 misceantur,
832 1850 894 1885 quia

114 1897 167 1919 tunc
179 1894 209 1920 ad
219 1894 273 1920 alta
288 1894 415 1920 Charitas
428 1894 585 1922 mirabiliter
598 1896 693 1929 surgit,
716 1903 779 1924 cum
793 1896 827 1923 ad
843 1897 895 1924 ima

114 1938 281 1972 mimorum
297 1946 336 1966 se
359 1939 567 1968 misericorditer
592 1942 721 1974 attrahit;
738 1946 764 1969 et
777 1950 831 1976 quo
849 1942 896 1970 be-

112 1984 178 2019 nigne
200 1985 352 2013 descendit
366 1985 399 2012 ad
425 1986 543 2021 inﬁrma,
570 1987 695 2015 valenter
722 1989 838 2016 recurrit
863 1988 896 2016 ad

111 2036 207 2057 mmma.
233 2031 326 2059 Tales
351 2036 440 2059 autem
455 2039 517 2059 sese
540 2032 586 2067 qui
601 2037 719 2067 prtesunt
740 2033 896 2067 exhibeant,

110 2078 193 2111 quibus
220 2078 347 2113 subjecti
372 2077 386 2097 δ
402 2078 504 2106 occulta
519 2086 627 2114 quoque
649 2087 696 2106 sua
711 2080 823 2114 prodere
845 2088 897 2107 non

112 2125 276 2158 enitescant;
293 2129 328 2153 ut
343 2132 406 2152 cum
419 2127 594 2154 tentationum
608 2126 704 2153 ﬂuctus
719 2127 820 2161 parvuli
832 2127 899 2155 tole-

112 2173 170 2202 rant.
191 2171 223 2197 ad
252 2170 383 2199 Pastoris
405 2177 521 2199 mentem
546 2173 621 2206 quasi
637 2172 671 2199 ad
693 2172 786 2200 matris
809 2173 898 2201 sinum

113 2221 252 2249 recurrant;
279 2221 311 2245 et
328 2217 384 2244 hoc
395 2217 466 2251 quod
481 2224 511 2244 se
523 2217 656 2252 inquinari
672 2217 802 2252 pulsantis
814 2218 899 2252 culpa:

947 1618 1011 1645 dine
1033 1617 1102 1645 alios
1123 1617 1184 1645 aliis
1197 1618 1273 1653 culpa
1289 1619 1435 1653 postponit.
1460 1619 1518 1654 Ipsa
1538 1624 1627 1647 autem
1649 1620 1738 1647 divcr-

947 1663 1014 1690 sitas
1027 1670 1086 1698 qua:
1101 1663 1215 1690 accessit
1237 1670 1270 1691 ex
1285 1663 1359 1696 vitio,
1382 1664 1474 1691 divino
1499 1664 1600 1699 judicio
1625 1665 1736 1700 dispen-

947 1711 1038 1741 satur;
1053 1712 1082 1735 ut
1105 1708 1168 1743 quia
1184 1709 1271 1736 omnis
1286 1709 1367 1736 homo
1393 1717 1470 1744 teque
1493 1714 1565 1737 stare
1589 1717 1641 1737 non
1656 1711 1737 1744 valet,

946 1754 1013 1781 alter
1035 1758 1142 1788 regatur
1164 1753 1198 1781 ab
1212 1754 1307 1782 altero.
1329 1755 1404 1782 Unde
1426 1756 1515 1783 cuncti
1540 1755 1585 1790 qui
1606 1762 1736 1791 praesunt,

946 1807 1000 1827 non
1014 1799 1039 1826 itt
1054 1806 1085 1828 se
1107 1803 1265 1834 potestatem
1278 1799 1375 1828 debent
1398 1800 1516 1834 ordinis,
1533 1801 1581 1829 sed
1600 1802 1735 1837 aqualita-

947 1848 1000 1872 tem
1015 1851 1128 1879 pensare
1152 1844 1330 1877 conditionis;
1347 1852 1395 1872 uec
1410 1844 1422 1864 ’³
1439 1853 1555 1880 praeesse
1568 1854 1599 1874 se
1620 1848 1739 1875 homini-

947 1890 997 1918 bus
1010 1890 1152 1925 gnudeant,
1168 1890 1216 1918 sed
1239 1890 1378 1925 prodesse.
1404 1891 1512 1927 Antiqui
1536 1893 1636 1920 etenim
1648 1898 1739 1928 patres

948 1936 1033 1964 nostri
1046 1943 1099 1964 non
1112 1943 1190 1971 reges
1206 1935 1365 1971 hominum,
1391 1936 1441 1964 sed
1465 1941 1587 1971 pastores
1609 1945 1737 1973 pecorum

948 1982 1031 2010 fuisse
1045 1986 1239 2010 memorantur.
1256 1982 1290 2009 Et
1315 1988 1376 2010 cum
1393 1982 1448 2010 Noe
1472 1982 1600 2011 Dominus
1624 1981 1739 2019 litiisque

948 2030 1007 2064 eius
1032 2029 1133 2057 diceret
1157 2038 1163 2055 :
1188 2027 1300 2056 Crescite
1318 2033 1343 2055 et
1356 2029 1575 2064 multiplicamini,
1596 2034 1620 2057 et
1645 2031 1740 2065 replete

950 2082 1044 2105 terram
1058 2076 1136 2112 (Gen.
1149 2083 1186 2109 lx,
1201 2075 1258 2111 21).
1285 2077 1406 2111 protinus
1430 2076 1553 2111 adjuttxit
1577 2085 1585 2104 :
1610 2076 1644 2104 Et
1659 2082 1740 2105 terror

950 2127 1028 2150 uester
1040 2131 1071 2149 ac
1082 2128 1177 2150 tremor
1186 2123 1219 2150 sit
1234 2131 1311 2157 super
1324 2128 1418 2150 cuncta
1438 2124 1563 2151 animalia
1574 2129 1657 2152 terra.
1669 2125 1741 2158 Quo-

951 2177 1010 2197 rum
1034 2169 1161 2196 videlicet
1182 2173 1270 2196 terror
1297 2176 1330 2197 ac
1352 2173 1463 2203 tremor,
1488 2171 1549 2205 quia
1576 2177 1639 2198 esse
1660 2178 1742 2204 super
1790 2184 1795 2188 -

951 2215 1076 2243 animalia
1091 2220 1170 2243 terrae
1186 2215 1349 2250 pracipitur.
1377 2216 1499 2249 profecto
1523 2224 1584 2244 esse
1597 2224 1677 2251 super
1693 2217 1742 2244 ho-

112 2262 221 2290 aordibus
248 2263 420 2297 pmvident,
447 2263 641 2291 exhortationis
654 2264 714 2299 ejus
739 2264 846 2298 solatio,
867 2272 896 2292 ac

953 2260 1040 2287 mines
1053 2259 1219 2294 prohibetur.
1246 2260 1332 2288 llomo
1345 2261 1444 2296 quippe
1468 2262 1552 2289 brutis
1567 2262 1739 2295 animalibus,

112 2305 221 2342 iacrymis
231 2308 374 2336 orationis
397 2309 496 2336 lavent.
513 2308 588 2338 Unde
603 2314 631 2337 et
643 2314 706 2338 ante
719 2309 790 2338 fores
806 2311 898 2345 templi

112 2351 138 2379 ad
149 2352 293 2382 abluendas
321 2354 533 2390 ingredientium
549 2363 644 2383 manus
657 2364 730 2383 mare
741 2364 857 2390 mnenm,
872 2358 898 2385 id

113 2399 276 2435 estluterem,
289 2400 441 2428 duodecim
465 2401 546 2429 boves
566 2406 672 2436 portant
684 2401 746 2437 (III
773 2403 837 2438 Reg.
852 2411 898 2435 vn,

114 2442 151 2477 23,
165 2446 224 2481 seq.)
239 2456 247 2474 :
264 2447 317 2482 qui
331 2446 444 2481 quidem
459 2447 525 2475 facie
535 2448 654 2475 exterius
661 2449 790 2481 eminent,
806 2449 853 2477 sed
865 2458 899 2477 ex

113 2491 297 2522 posterioribus
325 2491 427 2519 laient.
441 2492 508 2526 Quid
523 2500 638 2527 namque
649 2493 790 2521 duodecim
804 2494 900 2526 bobus,

113 2534 155 2562 liti
168 2536 313 2565 universus
329 2541 470 2571 pastorum
484 2538 552 2565 ordo
564 2539 741 2574 designatur?
754 2539 792 2567 De
804 2540 901 2574 quibus

112 2577 182 2607 Paulo
202 2581 370 2612 disserente
396 2582 438 2609 lex
462 2583 547 2611 dicit:
564 2583 625 2612 Non
649 2584 780 2612 abturalu'a
803 2592 832 2611 as
846 2584 902 2611 boui

111 2625 227 2654 "ilva-ti
241 2626 271 2662 (I
303 2627 374 2656 Cor.
390 2636 431 2660 Ix,
455 2628 492 2660 9;
507 2636 539 2657 ex
554 2629 692 2658 Deutsron.
707 2637 770 2664 xxv,
785 2629 827 2664 ι).
850 2630 904 2665 20

139 2695 151 2710 ⁸
163 2691 313 2728 Sequimur
330 2693 379 2721 hic
389 2694 482 2728 Τιέο.ν
497 2695 594 2728 Laud.,
607 2696 820 2729 Gemeticensea,
836 2695 904 2723 duos

111 2725 316 2766 CarnoL'rPrior
331 2729 419 2766 Garn.
444 2725 512 2766 cum
530 2725 617 2766 primo
639 2732 707 2758 Aud.
737 2725 830 2763 ltabei,
858 2732 904 2758 sed

110 2765 251 2802 lppdettdo.
264 2765 385 2802 uentris
394 2765 566 2793 consentiunt
575 2766 686 2802 Vulgati,
698 2767 724 2794 in
733 2767 830 2802 quibus
839 2766 903 2802 leg.,

111 2798 145 2824 td
154 2801 324 2828 ostendendo.

139 2832 152 2854 δ
164 2832 260 2869 Laud"
277 2835 390 2863 occulta
404 2843 508 2869 quoque
521 2844 577 2864 sua.

141 2874 151 2888 ο
165 2868 205 2898 lta
218 2871 303 2900 τηε.
321 2874 353 2900 et
370 2868 501 2906 plerique.
516 2871 544 2899 In
555 2872 665 2900 Carnot.
677 2872 764 2908 primo
777 2877 864 2900 tamen
879 2875 907 2899 et

953 2312 1006 2333 non
1025 2311 1115 2333 autem
1135 2305 1289 2333 hominibus
1310 2307 1418 2333 cmteris
1431 2312 1524 2333 natura
1542 2308 1668 2341 praelatus
1681 2314 1744 2341 est;

952 2357 981 2381 et
996 2352 1096 2380 idcirco
1119 2352 1144 2379 ei
1170 2352 1269 2379 dicitur
1288 2356 1318 2379 ut
1340 2352 1375 2378 ab
1388 2352 1550 2380 animalibus
1577 2357 1605 2381 et
1631 2361 1684 2381 non
1706 2355 1743 2381 ab

954 2397 1110 2425 hominibus
1130 2397 1267 2430 timeatur,
1280 2398 1342 2432 quia
1358 2402 1451 2426 contra
1467 2402 1588 2426 naturam
1603 2400 1744 2434 superbire

954 2449 995 2478 est
1006 2443 1041 2471 ab
1050 2444 1146 2478 aequali
1168 2443 1238 2471 velle
1261 2443 1361 2471 timeri.
1389 2444 1423 2471 Et
1443 2447 1533 2472 tamen
1561 2452 1672 2473 necesse
1701 2451 1743 2474 est

954 2482 984 2518 ut
1004 2494 1124 2518 rectores
1152 2497 1168 2517 a
1193 2489 1308 2517 subditis
1328 2490 1491 2523 timeantur,
1517 2491 1625 2526 quando
1649 2491 1684 2518 ab
1704 2492 1744 2519 eis

957 2537 1039 2565 Deum
1065 2536 1175 2564 minime
1199 2536 1286 2564 timeri
1307 2536 1528 2571 deprehendunt;
1566 2542 1594 2564 ut
1619 2538 1739 2566 humana

955 2584 1051 2612 saltem
1064 2583 1207 2610 formidine
1218 2590 1329 2618 peccare
1339 2587 1469 2615 metuant,
1484 2583 1529 2618 qui
1543 2583 1630 2611 divina
1641 2584 1743 2619 judicia

956 2638 1010 2657 non
1021 2628 1176 2660 formidant.
1191 2628 1362 2662 Nequaquam
1374 2635 1489 2664 namque
1501 2630 1634 2664 praepositi
1649 2638 1682 2658 ex
1694 2631 1745 2658 hoe

956 2696 982 2723 in
998 2695 1067 2723 And.
1084 2695 1170 2730 primo
1185 2695 1278 2727 habes,
1293 2696 1334 2722 sui
1345 2696 1478 2730 primatus.

993 2730 1005 2749 ἀ
1024 2731 1085 2757 Hanc
1097 2738 1130 2758 ex
1147 2730 1176 2758 S.
1190 2731 1218 2757 P.
1232 2731 1369 2758 Benedicti
1382 2733 1482 2766 regula:
1496 2740 1520 2760 c.
1533 2733 1578 2765 (ii,
1591 2733 1747 2766 deprompta

957 2766 1092 2802 videntur,
1115 2766 1161 2793 ubi
1188 2771 1275 2793 exstat
1297 2775 1303 2792 ε
1321 2766 1433 2800 sciatque
1446 2767 1551 2801 (abbas)
1573 2768 1622 2794 sibi
1632 2774 1749 2802 oportere

957 2801 1187 2837 prodesserntagis
1214 2809 1293 2836 quam
1321 2809 1439 2836 prius“.
1474 2802 1530 2829 Nec
1549 2801 1666 2837 mirum,
1688 2810 1749 2831 cum

959 2836 1058 2876 regulae
1089 2836 1166 2871 hujus
1180 2836 1363 2865 observationi
1384 2837 1549 2866 assuefactus
1564 2841 1636 2865 esset
1647 2836 1746 2872 Grego-

959 2878 1025 2899 I’IIIS.
