4014 6322
453 298 524 352 55
1676 294 1921 351 SANCTI
1965 292 2297 351 GREGORII
2343 290 2555 348 MACNI
3671 282 3742 339 εδ

451 410 681 479 quaesito
705 409 900 463 timore
923 410 1263 482 superbiunt,
1284 412 1333 465 in
1353 426 1469 497 quo.
1488 428 1591 465 non
1619 426 1767 465 suam
1792 412 2037 483 gloriam,
2073 414 2117 469 Α
2152 418 2401 464 testatem
2452 417 2599 463 recte
2647 407 2921 476 dispensat
2952 409 3041 478 qui
3073 406 3303 467 sollicite
3335 405 3544 461 noverit
3567 412 3623 460 et
3651 419 3746 459 su-

456 504 549 557 sed
583 503 919 557 subditorum
948 505 1203 573 justitiam
1235 516 1501 575 qumruut.
1534 506 1587 559 In
1635 520 1699 559 co
1731 506 1872 559 enim
1900 505 2045 574 quod

452 604 652 647 metum
683 594 783 647 sibi
806 610 833 646 a
867 611 1121 662 perverse
1158 596 1457 651 viventibus
1488 597 1727 663 exigunt,
1756 597 1905 664 quasi
1938 612 2042 651 non

453 684 785 751 hominibus,
808 687 901 738 sed
924 685 1245 740 animalibus
1267 686 1631 751 dominantur,
1656 688 1776 757 quia
1801 687 2048 743 videlicet

455 777 558 843 21
587 788 650 826 ex
681 790 782 841 qua
807 782 958 842 parte
987 776 1240 831 bestialcs
1270 789 1395 831 sunt
1417 777 1639 839 subditi,
1668 793 1732 831 ex
1762 793 1822 832 ea
1846 778 2047 833 debent

454 862 611 915 etiam
646 870 669 898 ⁸
704 862 969 916 formidini
993 865 1172 932 jacere
1200 865 1473 921 substrati.

522 952 625 1006 Sed
657 953 969 1021 plerumque
994 965 1171 1010 rector
1192 972 1257 1010 eo
1280 956 1397 1023 ipso
1420 972 1527 1025 quo
1548 958 1762 1013 iacteris
1795 958 2047 1027 prmemi-

455 1052 563 1104 net.
584 1044 816 1098 elatione
844 1046 1183 1114 cogitationis
1213 1049 1543 1115 intumescit,
1569 1058 1623 1105 et
1645 1051 1769 1105 dum
1801 1052 1866 1105 ad
1890 1067 2045 1108 usum

458 1146 647 1189 cuneta
679 1135 977 1204 subjacent,
1007 1140 1129 1193 dum
1158 1140 1221 1193 ad
1249 1148 1428 1194 votum
1457 1142 1710 1196 velociter
1726 1142 1873 1210 jussa
1901 1157 2050 1198 com-

457 1228 693 1294 plentur,
725 1228 851 1281 dum
880 1244 1067 1285 omnes
1096 1232 1319 1297 subditi,
1350 1230 1393 1285 si
1421 1248 1524 1301 qua
1556 1233 1692 1288 bene
1721 1243 1869 1303 gesta
1901 1244 2046 1302 sunt,

455 1316 703 1370 laudibus
728 1318 980 1382 efferunt,
1010 1319 1149 1373 male
1170 1321 1333 1389 gestis
1360 1331 1536 1376 autem
1563 1323 1706 1376 nulla
1731 1325 2048 1379 auctoritate

454 1408 846 1471 contradicunt,
880 1408 1006 1463 dum
1056 1411 1374 1479 plerumque
1430 1412 1648 1467 laudant
1696 1417 1855 1467 etiam
1905 1414 2045 1483 quod

452 1499 743 1567 reprobare
772 1500 1090 1567 debuerant,
1117 1503 1369 1557 seductus
1399 1502 1467 1559 ab
1499 1506 1580 1558 his
1609 1520 1727 1573 qua:
1757 1506 1888 1559 infra
1920 1521 2048 1575 sup-

452 1600 659 1659 petunt,
691 1608 853 1662 super
884 1609 946 1649 se
975 1596 1187 1651 animus
1218 1596 1520 1662 extollitur;
1555 1607 1609 1651 et
1632 1598 1759 1651 dum
1790 1597 1920 1651 foris
1943 1599 2047 1653 im-

451 1695 638 1735 menso
669 1682 849 1739 favore
893 1686 1275 1753 circumdatur,
1324 1687 1464 1740 intus
1516 1689 1739 1741 veritate
1771 1698 2042 1753 vacuatur,

2151 515 2299 555 mere
2317 515 2382 555 ex
2416 501 2500 555 illa
2536 501 2677 570 quod
2701 501 2945 571 adjuvat,
2970 511 3026 555 et
3047 514 3355 569 expugnare
3380 498 3520 567 quod
3548 506 3743 563 teutat,

2150 598 2203 645 et
2229 590 2486 661 aqualem
2516 606 2576 645 se
2603 604 2726 645 cum
2757 591 2846 644 illa
2875 591 3085 645 caeteris
3114 604 3356 655 cernere,
3389 599 3443 644 et
3473 597 3651 643 tamen
3683 603 3745 644 se

2149 680 2495 749 peccantibus
2522 679 2639 734 zelo
2663 680 2879 733 ultionis
2910 678 3202 733 anteferre.

2219 771 2328 827 Sed
2359 771 2496 827 banc
2523 772 2903 828 discretionem
2931 772 3139 839 plenius
3171 769 3529 838 agnoscimus,
3562 770 3607 823 si
3642 769 3744 823 Pa-

2149 863 2315 918 storis
2361 863 2522 932 primi
2551 863 2795 931 exempla
2827 878 3132 917 cernamus.
3167 861 3361 917 Petrus
3393 876 3622 930 namque
3647 878 3745 915 au-

2148 963 2299 1009 ctore
2342 954 2450 1009 Deo
2498 962 2699 1009 sanctae
2752 954 3011 1009 Ecclesiae
3064 953 3422 1022 principatum
3472 962 3680 1019 tenens,
3713 968 3745 1008 a

2150 1045 2287 1103 bene
2314 1057 2506 1118 agente
2547 1047 2800 1102 Cornelio
2824 1090 2837 1115 ,
2872 1054 2928 1102 et
2973 1061 3093 1101 sese
3122 1045 3172 1101 ei
3204 1045 3477 1101 humiliter
3508 1055 3746 1115 proster-

2150 1145 2334 1200 nente,
2380 1136 2783 1197 immoderatius
2829 1137 3071 1191 venerari
3118 1136 3406 1202 recusavit,
3456 1151 3621 1206 seque
3664 1136 3745 1192 illi

2149 1228 2379 1285 similem
2410 1229 2747 1298 recognovit,
2774 1230 2963 1284 dicens
2992 1245 3005 1283 :
3034 1227 3220 1299 Surge,
3253 1245 3315 1282 ne
3340 1230 3544 1298 feceris,
3575 1239 3622 1283 et
3646 1244 3747 1299 ego

2148 1322 2258 1391 ipse
2282 1320 2435 1374 homo
2457 1336 2569 1374 sunt
2600 1320 2739 1391 (Act.
2775 1336 2828 1385 x,
2852 1320 2973 1389 ‘26).
3004 1319 3109 1374 Sed
3134 1334 3254 1374 cum
3287 1319 3509 1373 Ananize
3536 1327 3589 1373 et
3612 1319 3749 1388 Sapo

2151 1413 2320 1483 phirte
2352 1416 2456 1485 22
2485 1414 2697 1483 culpam
2728 1412 2753 1449 ά
2786 1414 2984 1482 reperit
3014 1413 3148 1483 (Act.
3185 1430 3236 1477 v,
3273 1411 3351 1480 5),
3399 1427 3518 1466 mox
3549 1419 3749 1481 quanta

2150 1504 2388 1571 potentia
2434 1516 2598 1571 super
2627 1514 2856 1557 caeteros
2898 1502 3228 1559 excrevisset
3276 1503 3532 1557 ostendit.
3566 1503 3750 1559 Verbo

2150 1604 2382 1663 namque
2404 1608 2591 1649 eorum
2615 1594 2775 1647 vitam
2808 1593 3237 1662 perculit,quam
3269 1594 3458 1662 spiritu
3493 1607 3751 1661 perscru-

2152 1676 2317 1749 tante,
2346 1683 2738 1752 deprehendit:
2766 1695 2822 1739 et
2852 1699 3118 1739 summum
3156 1698 3217 1738 se
3260 1682 3397 1737 intra
3447 1683 3748 1739 Ecclesiam

451 1783 613 1840 atque
643 1773 843 1829 oblitus
874 1777 955 1830 sui
988 1778 1039 1831 in
1071 1792 1230 1833 voces
1278 1792 1336 1831 se
1375 1776 1575 1847 spargit
1602 1778 1833 1842 alienas,
1866 1780 2052 1834 talcm-
2084 1780 2131 1839 Β
2156 1784 2339 1828 contra
2372 1785 2589 1843 peccata
2634 1775 2883 1841 recoluit,
2913 1776 3052 1846 quod
3089 1775 3293 1829 honore
3325 1776 3426 1829 sibi
3460 1775 3750 1829 Vehemen-

449 1877 554 1933 que
602 1880 662 1919 se
708 1867 900 1931 credit,
931 1867 1144 1936 qualem
1197 1882 1255 1923 se
1303 1868 1432 1922 foris
1480 1870 1650 1936 audit,
1684 1884 1787 1922 non
1833 1871 2045 1939 qualem

453 1956 600 2010 intus
647 1958 958 2012 discernere
1007 1960 1212 2014 debuit.
1262 1959 1545 2030 Subjeetos
1572 1961 1815 2032 despicit,
1848 1976 2051 2034 eosque

448 2049 683 2118 aequales
712 2051 813 2105 sibi
843 2050 870 2088 ιδ
900 2059 1106 2105 natum
1135 2052 1329 2107 ordine
1376 2069 1485 2108 non
1531 2055 1799 2121 agnoscit;
1832 2065 1887 2109 et
1917 2070 2052 2122 quos

450 2150 597 2195 sorte
641 2141 923 2208 potestatis
973 2143 1307 2204 excesserit,
1340 2141 1735 2196 transcendisse
1785 2158 1846 2197 se
1887 2142 2048 2196 etiam

451 2229 575 2281 vita:
603 2231 811 2283 meritis
842 2230 1032 2284 credit.
1080 2228 1298 2284 Cunctis
1325 2244 1384 2284 se
1414 2232 1644 2286 mstimat
1685 2231 1911 2299 amplius
1957 2244 2047 2284 sa-

452 2334 618 2387 pere,
657 2319 852 2388 quibus
893 2335 953 2373 se
1003 2321 1149 2375 videt
1198 2320 1431 2389 amplius
1482 2336 1662 2389 posse.
1713 2322 1767 2375 In
1818 2321 2048 2390 quodam

450 2413 651 2481 quippe
700 2427 760 2466 se
808 2413 1082 2466 constituit
1129 2412 1363 2469 culmine
1410 2414 1550 2482 apud
1603 2415 1970 2483 semetipsum,
1998 2423 2051 2471 et

450 2501 542 2569 qui
573 2515 724 2570 aequa
752 2501 963 2555 caneris
988 2512 1191 2556 natura:
1220 2502 1528 2559 conditione
1550 2504 1958 2574 constringitur,
1983 2521 2051 2559 ex

452 2606 610 2661 asque
639 2594 913 2661 respicere
935 2602 1160 2647 caeteros
1190 2592 1537 2663 dedignatur;
1571 2595 1759 2665 sicque
1787 2609 1954 2663 usque
1983 2595 2051 2650 ad

449 2682 571 2751 ejus
621 2682 1030 2739 similitudinem
1074 2685 1288 2739 ducitur
1314 2727 1330 2751 ,
1359 2686 1428 2739 de
1468 2700 1574 2755 quo
1622 2686 1880 2756 scriptum
1927 2696 2048 2742 est:

458 2777 623 2830 Omne
641 2778 855 2830 sublime
876 2779 1029 2846 videt,
1046 2787 1089 2831 et
1115 2780 1221 2849 ipse
1241 2788 1313 2832 est
1337 2794 1430 2833 rea:
1453 2796 1608 2849 super
1632 2782 1892 2834 universos
1913 2780 2052 2848 ﬁlios

450 2875 703 2943 superbia:
729 2873 848 2941 (Job
878 2891 982 2940 xu,
1014 2875 1129 2943 25).
1177 2875 1278 2942 Qui
1320 2874 1591 2944 singulare
1620 2876 1832 2929 culmen
1880 2889 2052 2946 appe-

454 2973 597 3031 tens,
628 2973 682 3018 et
734 2965 987 3019 socialem
1032 2964 1344 3034 angelorum
1378 2968 1539 3020 vitam
1578 2965 1903 3035 deSpicicns,
1932 2966 2049 3021 ait:

454 3056 656 3110 Ponant
688 3060 858 3111 sedem
906 3074 1072 3111 meum
1101 3058 1170 3111 ad
1216 3058 1542 3128 Aquilonem,
1566 3068 1615 3114 et
1645 3075 1729 3112 ero
1758 3059 1942 3113 similis
1972 3059 2053 3113 Al-

2154 1876 2238 1921 ter
2284 1869 2526 1937 impenso
2576 1883 2756 1924 coram
2805 1870 2942 1924 bene
3004 1869 3281 1937 agentibus
3332 1867 3588 1922 iratiibus
3638 1882 3749 1921 non

2152 1960 2387 2027 agnovit.
2420 1960 2531 2015 lllic
2568 1963 3005 2017 communionem
3050 1962 3369 2031 :equalitatis
3400 1978 3501 2016 ille!
3519 1963 3593 2016 uit
3623 1976 3751 2015 san-

2153 2050 2310 2106 Ctitas
2340 2052 2587 2117 actionis,
2616 2053 2702 2107 hic
2731 2055 2878 2109 zelus
2907 2054 3125 2109 ultionis
3154 2054 3243 2123 jus
3274 2054 3485 2123 aperuit
3513 2061 3751 2122 potesta-

2155 2142 2243 2195 tis.
2274 2144 2468 2197 Paulus
2498 2145 2633 2199 bene
2657 2146 2936 2213 agentibus
2961 2145 3214 2200 fratribus
3238 2147 3514 2215 prmlatum
3542 2161 3599 2200 se
3625 2160 3754 2200 esse

2153 2230 2457 2294 nesciebat,
2487 2246 2610 2284 cum
2659 2232 2868 2287 diceret
2895 2251 2905 2283 :
2932 2232 3053 2295 Non
3099 2235 3219 2303 quia
3257 2234 3582 2287 dominamur
3624 2235 3754 2299 fidei

2152 2330 2347 2381 vestrm,
2372 2320 2464 2374 sed
2507 2322 2768 2392 adjutores
2816 2338 2991 2374 sumus
3030 2324 3209 2389 gaudii
3251 2325 3406 2377 vestri
3435 2320 3525 2391 (II
3554 2321 3674 2376 Cor.
3707 2339 3754 2389 ι,

2150 2412 2267 2481 25).
2302 2417 2474 2481 Atque
2506 2414 2647 2467 illico
2673 2413 2914 2481 adjuuxit
2940 2431 2952 2466 :
2993 2412 3121 2466 Fide
3147 2414 3282 2466 enim
3310 2414 3480 2467 statis.
3511 2415 3585 2467 Ac
3612 2413 3656 2467 si
3694 2414 3753 2468 id

2152 2503 2295 2573 quod
2339 2505 2635 2572 protulerat
2662 2506 2916 2573 aperiret,
2949 2503 3134 2560 dicens
3161 2520 3174 2557 :
3204 2505 3332 2560 Ideo
3362 2519 3467 2559 non
3499 2502 3757 2558 domina-

2155 2609 2276 2648 mur
2308 2595 2429 2650 fidei
2463 2601 2676 2661 vestras,
2705 2597 2827 2665 quia
2859 2596 2962 2651 fide
2991 2598 3179 2663 statis;
3220 2596 3451 2666 :equales
3479 2598 3623 2651 enim
3656 2610 3755 2650 vo.

2155 2689 2237 2745 bis
2264 2705 2449 2744 sumus
2478 2690 2531 2744 in
2558 2707 2665 2760 quo
2688 2706 2783 2745 vos
2806 2701 2953 2746 stare
2979 2692 3377 2759 cognoscimus.
3410 2690 3571 2755 Quasi
3603 2703 3750 2758 pra:-

2154 2780 2320 2835 latum
2368 2795 2429 2836 se
2480 2780 2735 2837 fratribus
2783 2796 2904 2836 esse
2954 2782 3260 2845 nesciebat,
3313 2796 3433 2836 cum
3496 2780 3755 2835 diceret:

2155 2871 2313 2927 Facti
2350 2890 2527 2929 sumus
2552 2883 2576 2912 ο
2602 2875 2805 2945 parvuli
2834 2875 2887 2929 in
2934 2876 3101 2928 medio
3141 2887 3361 2929 vestrum
3386 2874 3436 2945 (l
3466 2875 3644 2929 Thess.
3686 2889 3753 2940 ιι,

2156 2966 2232 3035 Ἰ).
2256 2965 2321 3019 Et
2350 2978 2559 3019 rursum
2587 2983 2599 3017 :
2631 2965 2740 3019 Nos
2760 2974 2931 3019 autem
2957 2982 3127 3019 servos
3148 2975 3338 3019 vestros
3367 2982 3458 3034 per
3488 2966 3753 3019 Christum

2157 3055 2244 3125 (II
2278 3056 2401 3113 Cor.
2423 3071 2496 3122 Iv,
2519 3055 2596 3127 5).
2619 3056 2724 3111 Sed
2756 3071 2874 3109 cum
2904 3057 3115 3125 culpam
3144 3071 3263 3124 qua:
3293 3058 3485 3126 corrigi
3521 3057 3751 3111 debuis-

452 3149 646 3201 tisstmo
678 3147 829 3218 (Isai.
865 3165 974 3217 xlv,
998 3150 1109 3220 l3).
1141 3149 1274 3204 Miro
1294 3165 1421 3219 ergo
1442 3149 1649 3219 judicio
1675 3150 1818 3206 intus
1840 3150 2047 3205 foveam
2078 3145 2123 3209 C
2155 3158 2238 3202 set
2268 3148 2496 3211 invenit,
2528 3146 2671 3201 illico
2702 3148 3011 3215 magistrum
3042 3163 3101 3202 se
3123 3163 3243 3202 esse
3266 3147 3515 3211 recoluit,
3540 3146 3753 3215 dicens,

454 3238 775 3307 dejectionis
808 3239 1038 3307 invenit,
1071 3241 1197 3294 dum
1232 3240 1361 3295 foris
1390 3255 1453 3296 se
1474 3242 1524 3295 in
1557 3242 1787 3296 culmine
1819 3252 2053 3311 potesta-

456 3329 527 3381 tis
553 3327 785 3382 extollit.
822 3332 1096 3399 Apostata:
1123 3330 1322 3401 quippe
1347 3332 1538 3401 angelo
1568 3331 1761 3387 similis
1801 3332 2050 3397 efficitur,

454 3418 582 3473 dum
630 3418 791 3473 homo
837 3420 1146 3477 hominibus
1191 3439 1311 3477 esse
1352 3424 1543 3478 similis
1587 3424 1923 3493 dedignatur.
1965 3427 2054 3479 Sic

457 3509 585 3565 Saul
619 3519 741 3579 post
779 3510 1098 3568 humilitatis
1124 3515 1372 3567 meritum
1404 3514 1459 3567 in
1490 3523 1755 3567 tumorem
1787 3515 2053 3582 superbiae

454 3600 693 3656 culmine
724 3602 1004 3668 potestatis
1031 3604 1269 3657 excrevit
1298 3620 1311 3654 :
1344 3617 1439 3671 per
1466 3602 1822 3657 humilitatem
1854 3606 2052 3673 quippe

456 3691 707 3759 prmlatus
735 3698 837 3755 est,
871 3706 967 3759 per
993 3691 1301 3759 superbiam
1331 3690 1672 3759 reprobatus,
1708 3691 1936 3748 Domino
1966 3702 2050 3747 at-

452 3790 707 3848 testante,
733 3782 826 3850 qui
855 3784 970 3836 ait:
1002 3782 1187 3837 Nonne
1214 3800 1326 3837 cum
1357 3799 1488 3838 esses
1526 3786 1769 3853 parvulus
1798 3786 1853 3840 in
1893 3788 2052 3841 oculis

454 3871 579 3934 tuis,
608 3880 757 3940 caput
798 3879 845 3924 te
889 3872 1213 3927 cattstitui'itt
1242 3873 1475 3927 tribubus
1506 3872 1699 3929 Israel?
1720 3875 1771 3947 (ι
1804 3876 1935 3949 Reg.
1962 3892 2050 3943 xv,

461 3962 577 4030 l7.)
610 3961 896 4017 Parvulum
934 3978 994 4018 se
1037 3964 1089 4018 in
1119 3964 1229 4020 suis
1274 3967 1423 4035 prius
1468 3966 1639 4021 oculis
1680 3968 1922 4038 viderat,
1955 3972 2049 4026 sed

453 4052 622 4108 fultus
672 4056 953 4123 temporali
998 4058 1232 4126 potentia
1257 4099 1272 4123 ,
1301 4058 1407 4128 jam
1437 4073 1498 4113 se
1525 4059 1807 4128 parvulum
1839 4076 1944 4116 nan
1974 4064 2054 4114 vi-

451 4148 637 4202 debat.
679 4145 1010 4203 Caeterorum
1062 4165 1292 4219 namque
1320 4153 1712 4221 comparationi
1760 4167 1820 4210 se
1858 4156 2053 4223 praefe-

456 4252 603 4302 rens,
645 4239 768 4307 quia
817 4238 939 4307 plus
987 4241 1195 4295 cunctis
1248 4250 1488 4311 poterat,
1532 4256 1780 4312 magnum
1831 4259 1890 4299 se
1940 4261 2050 4313 pra:

455 4325 706 4380 omnibus
732 4327 1053 4383 mstimabat.
1087 4330 1220 4384 Miro
1259 4338 1438 4385 autem
1471 4333 1633 4388 modo
1659 4347 1791 4388 cum
1822 4336 1959 4404 apud
1992 4352 2052 4391 se

457 4420 747 4485 parvulus,
776 4420 916 4489 apud
965 4421 1131 4475 Deum
1178 4438 1433 4492 magnus;
1465 4439 1588 4480 cum
1633 4441 1762 4482 vero
1810 4428 1949 4497 apud
1991 4444 2049 4484 se

458 4481 683 4575 inaguus
702 4481 968 4578 apparuit,
1000 4511 1137 4579 apud
1168 4481 1336 4566 Deuvm
1370 4481 1623 4583 parvulus
1655 4481 1772 4570 fuit.
2081 4481 2129 4541 θ

453 4613 561 4665 que
588 4614 719 4669 ergo
756 4600 885 4655 dum
936 4616 999 4655 ex
1034 4602 1398 4671 subiectorum
1426 4604 1697 4661 affluentia
1728 4608 1938 4663 animus
1968 4610 2050 4663 in-

451 4688 635 4754 ﬂatur,
673 4701 694 4728 ε
727 4692 780 4745 in
812 4691 1018 4747 fluxum
1064 4694 1333 4765 superbia:
1377 4694 1497 4765 ipso
1546 4698 1796 4765 potentia:
1838 4699 2049 4771 fastigio

450 4779 794 4836 lctiocinante
834 4783 1219 4851 corrumpitur.
1272 4784 1444 4851 Quam
1476 4788 1722 4843 videlicet
1754 4793 2045 4857 potentiam

453 4869 596 4924 bene
624 4871 782 4940 regit,
806 4871 896 4939 qui
923 4882 979 4926 et
1009 4884 1196 4929 tenere
1226 4875 1373 4929 illam
1396 4879 1603 4933 noverit
1630 4889 1683 4933 et
1713 4881 2046 4951 impugnare.

452 4962 597 5017 Bene
622 4960 758 5017 hanc
788 4965 945 5033 regit,
963 4964 1055 5033 qui
1078 4966 1180 5019 scit
1203 4980 1297 5034 per
1323 4967 1469 5021 illam
1498 4984 1658 5037 super
1681 4971 1867 5040 culpas
1889 4972 2046 5043 erigi,

449 5064 502 5105 et
534 5054 634 5107 scit
663 5069 784 5109 cum
815 5056 900 5109 illa
920 5056 1130 5111 eicteris
1159 5058 1467 5126 :equalitate
1494 5060 1769 5127 componi.
1802 5061 2044 5117 Humana

451 5144 655 5197 etenim
689 5159 840 5198 mens
873 5148 1186 5217 plerumque
1226 5149 1525 5213 extollitur,
1554 5150 1714 5204 etiam
1744 5166 1865 5204 cum
1900 5154 2043 5207 nulla

452 5244 720 5301 potestate
765 5236 1009 5303 fulcitur;
1038 5252 1238 5308 quanto
1286 5244 1455 5312 magis
1485 5243 1534 5295 in
1579 5245 1745 5297 altum
1774 5259 1834 5298 se
1864 5248 2043 5315 erigit,

454 5339 575 5377 cum
608 5340 668 5379 se
694 5326 742 5378 ei
773 5327 931 5380 etiam
961 5337 1196 5396 potestas
1228 5330 1499 5402 adjuugit?
1527 5331 1697 5398 Quam
1732 5342 1908 5390 tamen
1946 5351 2043 5405 po-

529 5490 555 5517 ⁸
595 5479 727 5533 Tres
758 5480 994 5545 Gemet.,
1028 5484 1345 5549 fortitudini.

499 5549 554 5673 ,ιδ
598 5552 846 5674 [tigiilores
882 5552 1208 5619 maluerunt,
1239 5565 1440 5610 natura:
1470 5558 1691 5629 origine,
1721 5560 1901 5615 invitis
1927 5576 2047 5617 0m-

502 5641 508 5671 l
538 5638 613 5671 ius
697 5636 770 5674 ss.

456 5636 613 5675 lllhlli
645 5636 770 5675 MSS.

529 5702 552 5731 ο
597 5691 670 5744 lia
696 5691 873 5759 Trec.,
898 5691 1141 5759 Carnot.,
1168 5694 1405 5763 Gemet.,
1424 5696 1751 5765 Laud.,Val.
1780 5699 1884 5767 (21.,
1912 5709 2042 5767 etc.,

2160 3238 2299 3304 Quid
2324 3239 2512 3291 vultis?
2536 3236 2602 3291 In
2631 3239 2770 3308 virga
2800 3239 2996 3292 veniam
3018 3239 3085 3291 ad
3114 3255 3198 3293 vos
3221 3238 3268 3309 (ι
3305 3237 3426 3293 Cor.
3453 3254 3527 3306 Iv,
3559 3238 3674 3303 ‘21).

2229 3330 2482 3385 Summus
2530 3330 2709 3400 itaque
2754 3330 2903 3384 locus
2953 3328 3091 3385 bene
3131 3330 3352 3399 regitur,
3387 3343 3509 3385 cum
3565 3332 3611 3385 is
3654 3332 3753 3401 qui

2156 3430 2376 3485 praeest,
2410 3420 2552 3473 vitiis
2587 3422 2762 3488 potius
2802 3436 2961 3489 quam
2998 3420 3249 3475 fratribus
3279 3420 3601 3475 dominatur.
3642 3422 3753 3477 Sed

2155 3522 2278 3562 cum
2301 3509 2675 3577 delinquentes
2698 3510 2944 3565 subditos
2969 3512 3241 3580 praepositi
3264 3511 3558 3581 corrigunt,
3582 3522 3752 3568 restat

2156 3612 2380 3653 necesse
2407 3608 2491 3655 est
2521 3609 2579 3653 ut
2600 3600 2831 3655 sollicite
2854 3602 3152 3666 attendant,
3176 3610 3437 3670 quatenus
3464 3616 3561 3671 per
3586 3600 3754 3657 disci-

2156 3689 2316 3758 plina:
2348 3688 2366 3727 ι
2399 3689 2638 3745 debitum
2685 3692 2872 3761 culpas
2921 3691 3138 3762 quidem
3185 3693 3307 3761 ju're
3352 3693 3626 3761 potestatis
3671 3691 3753 3748 fe-

2160 3783 2326 3851 riant,
2355 3783 2450 3838 sed
2477 3798 2573 3853 per
2599 3784 2919 3840 humilitatis
2949 3787 3245 3841 custodiam
3278 3787 3511 3855 aquales
3536 3802 3594 3841 se
3618 3786 3753 3856 ipsis

2156 3872 2412 3930 fratribus
2460 3878 2549 3944 qui
2595 3879 2957 3947 corriguntur,
2989 3878 3584 3949 agnoscantzquamvis
3633 3878 3752 3945 ple-

2156 3980 2382 4035 rumque
2399 3967 2561 4023 etiam
2586 3968 2803 4038 dignum
2826 3978 2911 4026 est
2931 3979 2987 4024 ut
3007 3973 3225 4025 eosdem
3248 3985 3381 4039 quos
3406 3973 3749 4041 corrigimus,

2155 4058 2312 4110 tacita
2341 4058 2495 4113 nobis
2521 4061 2843 4130 cogitatione
2865 4062 3235 4132 prmfcramus.
3259 4063 3479 4117 Illorum
3514 4077 3749 4128 namque

2154 4161 2251 4215 per
2280 4163 2377 4202 nos
2405 4150 2535 4204 vitia
2565 4151 2860 4220 disciplina:
2894 4153 3074 4224 vigore
3102 4152 3387 4217 feriuntur,
3418 4154 3469 4207 in
3500 4155 3583 4208 his
3615 4169 3748 4208 vero

2155 4253 2273 4306 quae
2314 4240 2415 4309 ipsi
2463 4244 2871 4307 committimus,
2903 4259 2970 4299 ne
3001 4244 3148 4298 verbi
3194 4244 3410 4311 quidem
3454 4244 3521 4297 ab
3568 4246 3753 4313 aliquo

2153 4327 2459 4383 invectione
2505 4330 2821 4384 laceramur.
2883 4331 3055 4385 Tanto
3103 4347 3233 4403 ergo
3276 4331 3415 4401 apud
3462 4330 3752 4387 Dominum

2154 4416 2501 4486 obligatiores
2525 4433 2735 4486 sumus,
2759 4429 2955 4492 quanto
2986 4423 3123 4489 apud
3154 4424 3401 4476 humines
3430 4422 3598 4477 inulte
3626 4438 3753 4489 pee~

2155 4522 2361 4563 camus.
2396 4508 2683 4578 Disciplina
2711 4520 2890 4566 autem
2915 4526 3095 4567 nostra
3122 4514 3365 4568 subditos
3393 4514 3576 4567 divino
3600 4513 3753 4583 judi-

2155 4598 2241 4652 cio
2273 4607 2421 4653 tanto
2451 4600 2731 4655 liberiores
2763 4602 2957 4666 reddit,
2985 4612 3189 4670 quanto
3222 4603 3307 4657 hic
3334 4619 3523 4657 eorum
3561 4604 3755 4671 culpas

2156 4696 2272 4750 sine
2302 4696 2531 4751 vindicta
2563 4713 2667 4751 non
2701 4698 2922 4752 deserit.
2953 4699 3227 4754 Servanda
3278 4700 3456 4769 itaque
3495 4708 3577 4752 est
3603 4706 3657 4752 et
3692 4699 3751 4752 in

2154 4788 2321 4841 corde
2350 4788 2647 4853 humilitas,
2679 4799 2733 4843 et
2764 4791 2815 4843 in
2846 4805 3008 4860 opere
3051 4791 3349 4860 disciplina.
3387 4792 3558 4860 Atque
3606 4791 3755 4845 inter

2161 4878 2279 4932 haec
2304 4877 2533 4934 solerter
2580 4879 2892 4934 intuendum
2924 4893 3027 4947 est,
3061 4897 3128 4936 ne
3170 4882 3295 4934 dum
3346 4879 3755 4934 immoderatius

2154 4968 2457 5023 custoditur
2503 4970 2671 5025 virtus
2699 4972 3013 5026 humilitatis
3036 5016 3051 5040 ,
3078 4973 3353 5027 solvantur
3377 4970 3496 5036 jura
3529 4971 3777 5039 regimi-‘

2156 5062 2270 5127 nis;
2300 5072 2355 5117 et
2398 5064 2523 5117 dum
2578 5064 2829 5133 prazlatus
2860 5068 3083 5135 quisque
3116 5065 3232 5135 plus
3280 5081 3336 5118 se
3378 5078 3535 5133 quam
3587 5063 3756 5117 decet

2156 5154 2355 5223 dejicit,
2387 5155 2723 5211 subditorum
2772 5158 2935 5211 vitam
2988 5158 3252 5227 stringere
3296 5158 3396 5210 sub
3444 5154 3755 5223 disciplina:

2156 5249 2366 5303 vinculo
2398 5264 2501 5302 non
2549 5251 2737 5318 possit.
2768 5250 3008 5306 Teneant
3049 5266 3178 5320 ergo
3224 5260 3461 5304 rectores
3504 5248 3757 5305 exterius

2155 5340 2292 5409 quod
2331 5356 2427 5410 pro
2460 5340 2683 5397 aliorum
2730 5342 2955 5399 utilitate
2998 5344 3321 5412 suscipiunt;
3352 5351 3570 5397 servent
3601 5341 3756 5396 inte-

2160 5501 2215 5546 et
2241 5503 2350 5567 vet.
2384 5493 2541 5567 Edit.
2564 5496 2614 5549 in
2647 5494 2806 5559 Cilot,
2830 5506 2883 5550 ct
2917 5506 3117 5552 recent.
3143 5497 3355 5567 legitur,
3382 5498 3435 5552 in
3466 5498 3669 5554 luxum.

2229 5561 2253 5599 ά
2295 5566 2437 5619 Aud.
2467 5565 2692 5631 primus,
2725 5569 3067 5632 reprehendit.

2231 5643 2255 5703 εἴ
2298 5636 2427 5688 Τι’ρε
2456 5637 2668 5697 Geuet.,
2704 5639 2831 5688 sicut
2863 5638 3081 5703 parvuli.

2232 5700 2251 5739 τ
2298 5704 2410 5759 Duo
2448 5708 2650 5772 priores
2676 5700 2912 5772 (iuuet),
2945 5710 3197 5763 meritum.
