2007 3156
103 135 132 166 37

105 196 159 224 rius
171 195 244 231 quod
257 195 292 223 de
314 202 366 223 sua
383 197 561 225 :nstimatione
575 197 778 232 pertimescunt.
795 197 848 225 Sed
864 201 904 224 ta—

106 249 167 270 men
192 241 356 277 quibusdam
380 242 463 277 signis
486 242 614 270 decenter
629 243 841 278 erumpentibus,
856 250 905 270 eos

105 286 174 321 apud
190 293 221 314 se
234 293 297 313 esse
310 286 428 314 humiles
448 287 528 314 etiam
553 287 668 322 subjecti
690 287 903 322 deprehendant,

106 336 239 366 quaterna
262 335 291 358 et
312 331 338 359 in
364 332 523 360 auctoritate
547 339 639 359 eorum
663 333 734 367 quod
761 332 904 360 formident

108 377 225 409 videant,
242 380 270 404 et
283 375 317 403 de
333 376 484 403 humilitate
506 377 576 411 quod
595 377 733 404 imitentur
747 382 903 411 agnoscant.

107 422 241 450 Studesnt
253 422 334 458 igitur
359 423 419 450 sine
442 423 641 452 intermissione
661 424 705 458 qui
731 429 860 459 prasunt,
876 429 905 451 ut

107 475 201 496 coruus
226 469 347 503 potentia
375 473 477 504 quanto
503 477 597 505 magna
622 470 740 497 exterius
763 471 901 503 cernitur,

107 517 184 541 tanto
197 513 268 550 apud
280 521 326 542 eos
347 513 462 541 interius
483 514 665 549 deprimatur,
684 519 698 534 ι
714 522 747 542 ne
760 514 903 550 cogitatio-

107 566 174 586 nem
188 559 288 591 vincat,
301 566 333 587 ne
355 559 382 587 in
396 559 603 588 delectationem
619 561 659 588 sui
674 561 792 588 animum
808 561 902 596 rapiat,

107 614 141 633 ne
151 606 213 641 jam
233 606 283 634 sub
296 614 325 634 se
340 614 417 634 mens
441 614 500 634 eam
522 615 616 642 regere
631 615 683 635 non
707 607 802 643 possit,
817 609 858 635 cui
874 616 904 636 se

107 652 218 680 libi-line
231 651 388 680 dominandi
413 654 551 688 supponit.
577 653 615 682 Ne
636 654 708 682 enim
735 655 904 689 praesidentis

106 697 212 724 animus
223 696 259 724 sd
273 697 418 725 elationem
440 699 580 733 potestatis
595 707 652 726 suat
665 700 843 728 delectatione
859 708 903 728 ra-

107 741 206 776 piatur,
215 746 289 770 recte
299 749 348 777 per
359 743 501 777 quemdam
513 744 661 780 sapientem
674 745 771 772 dicitur
783 754 789 772 ε
804 745 902 772 Duccm

106 792 131 815 te
153 788 356 820 constituerunt,
371 788 427 815 noti
448 789 552 823 extolli,
566 790 612 816 sed
635 796 687 817 esto
711 791 737 817 in
758 790 810 817 illis
829 792 903 825 quasi

106 841 172 860 unus
182 841 216 860 ea:
227 833 282 860 illis
296 832 393 868 (Eccli.
406 841 490 865 usu.
508 834 546 870 Ι).
563 835 629 862 Hinc
643 835 724 863 etiam
740 836 833 863 Petrus
848 837 899 864 ait:

107 879 170 906 Non
196 878 359 906 dominantes
382 879 410 906 in
433 880 516 912 clero,
532 881 576 907 sed
598 881 681 915 forma
699 881 762 915 facti
787 881 801 901 δ
821 882 904 918 gregis

107 923 134 960 (1
145 923 217 952 Petr.
229 924 305 960 v,3).
317 925 384 953 llinc
399 932 447 960 per
462 927 634 961 semetipsam
644 926 749 955 Veritas
763 927 796 956 ad
808 928 902 956 altiora

108 977 157 998 uos
178 969 309 998 virtutum
332 970 428 998 merita
453 979 615 1007 provocans,
639 972 703 1000 dicit
719 981 726 1000 :
740 972 819 1001 Scitis
842 975 903 1008 quia

107 1015 240 1052 priutipes
259 1016 371 1051 gentium
396 1017 564 1044 dominantur
578 1026 678 1052 eorum,
694 1023 718 1045 et
731 1019 774 1052 qui
793 1019 903 1054 majores

107 1061 160 1098 a3
174 1067 246 1094 sunt,
255 1064 410 1097 potestatem
419 1069 535 1090 exercent
546 1064 573 1090 in
584 1072 638 1091 eos.
652 1064 712 1091 Non
728 1066 763 1090 itu
777 1064 823 1091 erit
838 1065 904 1091 inter

106 1117 160 1141 vos.
172 1110 218 1137 sed
225 1109 371 1145 quicunque
382 1110 490 1138 voluerit
505 1111 570 1138 inter
585 1119 627 1138 vos
639 1112 724 1148 major
737 1111 803 1146 ﬁeri,
812 1112 843 1138 sit
856 1119 887 1158 ne
899 1128 901 1130 ›

107 1161 159 1182 sier
174 1156 308 1190 piut‘ater;
317 1160 341 1184 et
354 1157 398 1192 qui
411 1156 518 1185 voluerit
529 1157 596 1184 inter
609 1165 653 1184 vos
668 1158 766 1192 primus
778 1164 843 1190 esse,
855 1156 903 1184 erit

104 1205 187 1229 vester
194 1209 279 1229 seruus
289 1209 301 1229 :
309 1203 376 1230 sicut
388 1200 474 1229 Filius
484 1202 596 1230 hominis
608 1210 658 1229 non
671 1202 737 1230 venit
750 1203 876 1229 ministrat
881 1202 901 1234 i,

106 1247 152 1274 sed
175 1246 322 1274 abiurare
343 1246 452 1283 (Manli.
466 1255 511 1281 sx,
525 1248 571 1280 25,
585 1247 663 1283 ιαμ).
688 1247 756 1275 Hinc
774 1247 901 1282 estquod

106 1299 212 1320 servum
226 1300 261 1320 ex
277 1298 405 1328 suscepto
420 1294 550 1329 regimine
562 1294 673 1326 elatum,
688 1301 748 1329 quae
763 1299 821 1329 post
836 1301 901 1328 sup-

106 1337 186 1372 pliria
199 1343 337 1372 maneant,
354 1339 463 1373 iudicat,
479 1339 573 1368 dicens
588 1350 594 1367 :
609 1340 684 1373 Quod
695 1340 716 1367 si
731 1340 822 1367 dixerit
847 1348 902 1366 nta-

106 1384 148 1411 lus
173 1383 218 1413 ille
239 1392 329 1413 seruus
349 1385 376 1413 in
390 1386 467 1413 corde
479 1394 526 1414 suo
541 1395 551 1414 :
564 1386 666 1414 Moram
689 1387 752 1422 facit
776 1386 902 1414 Dominus

106 1438 179 1457 ulcus
190 1424 284 1462 uenire.
295 1434 319 1458 et
331 1431 436 1466 eruperit
452 1436 582 1464 percutere
595 1440 728 1459 conservos
747 1440 816 1464 suos,
828 1440 903 1458 man-

105 1475 182 1502 ducet
199 1479 287 1504 autem
300 1481 324 1504 et
337 1476 406 1504 bibat
420 1484 477 1503 cum
497 1476 590 1510 ebriis;
605 1477 685 1504 veniet
700 1477 818 1504 dominus
836 1478 902 1504 servi

105 1521 186 1555 illius,
197 1521 227 1549 in
244 1522 286 1550 die
303 1530 356 1558 qua
369 1530 421 1550 non
442 1526 526 1558 sperat
537 1544 544 1556 ,
559 1528 582 1549 et
595 1523 661 1549 hora
680 1531 730 1555 qun
751 1523 862 1557 ignorat,
877 1528 901 1550 at

505 140 660 170 REGULE
680 140 893 170 PAS'I'ORALIS
912 139 1026 168 LIBER.
1044 155 1079 161 —-
1099 140 1188 170 PARS
1206 141 1377 172 SECUNDA.

1716 145 1751 174 *8

1716 160 1731 173 ι.)

1716 160 1731 173 ..ι

919 199 940 225 Α
955 197 1109 231 stringitur,
1126 205 1219 232 magna
1235 206 1265 225 se
1286 199 1467 226 sollicitudine
1483 204 1495 219 ο
1510 200 1591 227 etiam
1617 201 1751 230 districtio
1797 198 1799 200 ⁷

958 242 1014 276 ipsa
1031 243 1203 276 moderetur,
1219 249 1352 279 quatenus
1367 245 1406 271 sic
1417 244 1477 279 jura
1493 246 1640 280 disciplina:
1653 254 1747 275 contta

955 287 1142 322 delinquentes
1161 294 1301 322 exerceat,
1318 294 1346 317 ut
1362 291 1470 325 pietatis
1485 292 1586 319 viscera
1607 302 1658 320 non
1672 295 1749 322 amitp

956 338 1003 360 tat.
1026 333 1178 362 Curandum
1201 337 1299 371 quippe
1318 341 1359 363 est
1386 341 1414 364 ut
1440 343 1571 366 rectorem
1597 340 1709 367 subditis
1722 347 1749 368 et

957 385 1068 406 matrem
1084 380 1185 414 pietas,
1196 385 1223 408 et
1237 385 1339 415 patrem
1353 382 1477 410 exhibeat
1497 383 1648 418 disciplina.
1664 386 1750 420 Atque

956 424 1028 451 inter
1039 424 1097 452 btet:
1110 426 1223 453 sollicita
1238 426 1480 461 circumspectione
1496 429 1701 464 providendum.
1715 439 1749 459 ne

955 474 1000 496 aut
1013 470 1147 498 districtio
1158 471 1252 505 rigida,
1265 476 1309 498 aut
1322 472 1408 506 pietas
1418 473 1453 499 sit
1464 474 1587 501 remissa.
1602 475 1667 502 Nam
1680 476 1749 502 sit-nt

956 515 981 542 in
994 515 1068 543 libris
1079 515 1221 543 Moraltbns
1230 517 1285 550 jam
1298 517 1414 545 diximus
1422 518 1492 555 (Lib.
1503 527 1536 546 tu
1547 519 1656 554 κοῖαι,
1665 530 1691 548 n.
1703 521 1748 554 H,

954 568 977 588 ε.
995 562 1011 588 8
1022 582 1029 594 ,
1046 566 1070 588 et
1085 562 1158 596 epist.
1174 562 1220 593 25,
1237 561 1281 589 lib.
1299 563 1330 598 t),
1349 563 1489 599 di~cip|ina
1505 565 1547 592 vel
1565 566 1748 595 misericordia

954 607 1066 634 multum
1079 608 1244 641 destituitur,
1260 609 1282 635 si
1298 617 1350 636 una
1366 610 1425 637 sine
1439 611 1524 638 altera
1548 615 1678 639 teneatur.
1695 613 1747 640 Sed

954 660 1016 688 erga
1037 653 1158 682 subditos
1180 661 1243 681 suos
1265 655 1355 682 inesse
1371 657 1520 684 rectoribus
1542 658 1623 685 debet
1638 664 1664 686 et
1676 659 1748 694 justo

954 698 967 717 ά
983 700 1127 727 consulens
1142 700 1335 733 misericordia,
1351 707 1378 728 et
1401 702 1443 736 pie
1465 704 1580 731 saeviens
1595 704 1746 739 disciplina.

955 745 1021 772 llinc
1035 753 1150 780 namque
1161 750 1203 773 est
1216 747 1286 781 quod
1298 747 1412 774 docente
1428 748 1545 776 Veritate
1561 749 1636 785 (Luc.
1650 759 1675 783 x,
1689 749 1747 786 δι),

954 798 1002 824 per
1015 791 1174 819 Samaritani
1189 793 1305 819 studium
1320 793 1467 820 semivivus
1483 794 1509 821 in
1524 796 1658 823 stabulum
1673 797 1747 824 duci-

955 841 1008 868 tur,
1021 842 1046 864 et
1060 838 1151 864 vinttm
1163 843 1244 872 atque
1252 839 1340 866 oleum
1352 839 1508 867 vulneribus
1519 840 1577 875 ejus
1591 841 1745 875 adhibetur,

921 880 943 910 Β
957 887 986 910 ιιι
998 890 1045 918 per
1057 883 1145 910 vinum
1156 884 1258 911 scilicet
1274 885 1449 912 mordeantur
1462 886 1581 918 vulnera,
1596 894 1643 920 per
1656 887 1746 915 oleum

956 928 1108 956 foveantur.
1131 928 1247 956 Necesse
1272 930 1369 964 quippe
1385 935 1426 957 est
1441 935 1470 957 ut
1485 931 1606 966 quisquis
1621 933 1748 960 sanandis

956 974 1110 1001 vulneribus
1126 979 1232 1009 prteest,
1244 975 1270 1002 in
1284 975 1347 1002 vino
1361 983 1479 1002 morsum
1491 976 1592 1003 doloris
1608 977 1745 1011 adhibeat,

955 1020 979 1046 in
995 1019 1054 1047 oleo
1066 1020 1204 1047 mollitiem
1221 1020 1336 1055 pietatis,
1344 1025 1476 1055 quatenus
1487 1028 1534 1056 per
1546 1024 1634 1049 vinum
1646 1027 1657 1041 ⁸
1670 1031 1746 1050 mun-

953 1064 1051 1092 dentur
1074 1065 1190 1099 putrida,
1208 1073 1254 1100 per
1280 1066 1369 1093 oleum
1393 1065 1533 1094 foveantur
1552 1068 1680 1096 sananda.
1699 1069 1746 1096 Mi-

952 1110 1050 1137 scenda
1071 1118 1136 1145 ergo
1154 1115 1195 1138 est
1217 1111 1312 1138 lenitas
1333 1119 1393 1138 cum
1418 1113 1574 1146 severitate;
1595 1114 1744 1143 faciendqu

953 1155 1086 1189 quoddam
1111 1163 1143 1182 ex
1173 1160 1286 1190 utroque
1316 1160 1575 1190 temperamentum,
1604 1164 1633 1185 ut
1661 1167 1746 1194 neque

955 1199 966 1219 ί
980 1201 1062 1228 multa
1074 1202 1221 1235 asperitate
1236 1202 1425 1230 exulcerentur
1440 1203 1550 1237 subditi,
1564 1211 1650 1239 neque
1664 1206 1746 1233 nimia

953 1245 1116 1280 benignitate
1129 1246 1279 1274 solvantur.
1289 1246 1365 1281 Quod
1375 1247 1451 1282 juxta
1464 1248 1536 1276 Pauli
1550 1249 1744 1286 vocctnUlebr.

953 1298 990 1323 tx,
1005 1291 1033 1326 Δ)
1050 1291 1117 1319 bene
1138 1292 1183 1319 illa
1209 1292 1372 1320 tabernaculi
1395 1300 1457 1321 arca
1481 1294 1630 1328 signiﬁcat,
1645 1295 1669 1321 itt
1694 1303 1745 1330 qtta

953 1343 1012 1363 cum
1027 1337 1125 1364 tabulis
1138 1337 1211 1371 virga
1223 1337 1304 1365 simul
1316 1343 1342 1366 et
1353 1346 1450 1365 manna
1461 1343 1518 1371 est;
1531 1340 1592 1373 quia
1601 1347 1661 1367 cum
1675 1340 1746 1367 Seri-

953 1387 1038 1416 pturze
1053 1389 1137 1409 sacra:
1150 1382 1262 1410 scientia
1286 1384 1311 1410 in
1332 1383 1394 1411 boni
1408 1385 1521 1412 rectoris
1537 1391 1654 1419 pectore,
1668 1386 1690 1413 si
1705 1390 1746 1414 est

952 1428 1025 1463 virga
1041 1427 1095 1463 24
1110 1428 1296 1460 districtionis,
1312 1430 1346 1455 sit
1357 1433 1384 1457 et
1396 1437 1492 1457 manna
1507 1429 1666 1458 dulcedinis.
1680 1432 1746 1459 llinc

954 1472 1035 1500 David
1051 1473 1106 1500 ait:
1124 1473 1201 1510 Virga
1216 1479 1260 1501 tua
1276 1479 1300 1501 et
1314 1475 1420 1502 baculus
1434 1480 1502 1508 tuus,
1519 1476 1576 1511 ipsa
1594 1485 1633 1503 me
1652 1485 1744 1504 consa-

953 1518 1006 1545 tuttt
1016 1523 1075 1545 sunt
1091 1518 1176 1553 (Prul.
1194 1527 1259 1552 χχιι,
1275 1520 1314 1555 4).
1333 1513 1410 1556 Virga
1424 1523 1494 1548 enim
1512 1522 1685 1556 pcrcutinmr,
1701 1522 1745 1548 ba<

103 1566 201 1594 diridet
223 1575 298 1600 eum,
319 1571 468 1604 partemque
490 1569 546 1604 ejus
574 1573 651 1604 ponet
677 1577 736 1595 cum
760 1568 900 1604 Itypocritis
914 1563 938 1595 C
952 1564 1013 1591 culo
1033 1569 1224 1591 Sustentamur.
1248 1565 1276 1592 Si
1291 1572 1356 1600 ergo
1379 1571 1420 1593 est
1436 1566 1568 1593 districtio
1592 1566 1674 1600 virga:
1689 1574 1747 1600 qutu

103 1611 226 1645 σιιωι.
243 1611 363 1647 Iuv.“
382 1621 436 1649 seq.
448 1613 469 1648 ).
496 1612 568 1640 Inter
588 1612 742 1649 bypocritas
758 1615 828 1641 enim
842 1613 902 1647 jure

103 1657 265 1699 deputatur,
272 1657 317 1694 qui
328 1665 361 1686 es
373 1657 544 1689 simulatione
557 1658 708 1694 disciplinae
723 1659 900 1687 ministerium

104 1702 251 1739 τρῄωὶηῆ
262 1705 341 1731 vertit
350 1702 378 1731 iu
389 1711 464 1732 usum
477 1703 683 1738 dominationis;
693 1708 720 1732 et
733 1711 821 1732 tamen
835 1712 902 1731 non-

105 1756 247 1785 nunquam
259 1748 368 1787 gravius
381 1748 550 1785 delinquitur
562 1750 584 1778 si
600 1749 671 1778 inter
686 1757 729 1785 pet
735 1757 826 1778 versos
844 1749 902 1784 plus

106 1791 246 1831 att-alitus
257 1801 338 1831 quam
348 1793 491 1830 disciplina
503 1794 662 1822 custoditur.
672 1794 739 1828 Quia
751 1794 822 1822 enim
838 1795 901 1822 falsa

225 1837 367 1877 superatis
386 1838 469 1878 lerire
488 1838 547 1867 Heli
567 1839 755 1874 delinquentes
770 1839 838 1868 ﬁlios
853 1847 902 1867 no-

109 1885 171 1918 luit,
185 1879 256 1920 apud
268 1882 420 1914 districtum
437 1884 556 1920 judicent
580 1885 753 1920 semetipsum
767 1893 828 1913 cum
841 1885 903 1914 {iliis

107 1923 215 1970 eiussu
237 1929 412 1960 unum
433 1930 618 1968 percussit“
641 1931 706 1967 Reg.
728 1938 765 1965 IV,
780 1931 903 1966 17,18).

107 1967 179 2005 Ilius
318 1975 409 2006 divina
424 1976 449 2005 ei
464 1984 532 2005 voce
545 1976 643 2005 dicitur
656 1984 664 2005 :
678 1976 823 2004 Honorusu'
835 1976 903 2011 ﬁlios

105 2018 167 2057 tuus
271 2031 404 2061 quantus
412 2022 510 2061 (Ibit,
523 2031 552 2058 tt,
566 2022 626 2060 29).
641 2023 710 2052 llinc
726 2028 850 2060 pastores
864 2023 904 2051 in-

104 2063 200 2104 crepat
210 2076 263 2106 uas
273 2069 445 2107 prophetam,
460 2068 574 2098 dicens:
587 2069 664 2104 Quod
679 2068 792 2104 fractum
804 2074 841 2096 est
853 2077 904 2097 non

104 2114 248 2158 41W,
258 2119 284 2143 et
295 2114 368 2150 quod
378 2115 505 2152 abiectum
519 2120 556 2142 est
572 2123 623 2143 non
640 2115 781 2143 reduxistis
795 2114 903 2151 (Exerit.

104 2168 209 2203 sua"!
219 2159 404 2201 nauticam
425 2161 497 2203 enim
519 2161 656 2190 reducitur
674 2169 736 2190 cum
751 2161 864 2198 quisque
877 2163 903 2189 in

104 2206 186 2243 ξιιμ
317 2205 351 2237 ad
363 2199 586 2242 sutum‘justitise
600 2214 632 2235 es
648 2207 789 2242 pastoralis
802 2207 902 2236 solliei-

104 2239 327 2291 ιιάιιῧῖξίιοη
342 2257 502 2289 revocatur.
523 2252 677 2281 Fracturatn
702 2260 767 2281 vero
789 2253 902 2288 Iigamcu

345 2296 605 2342 culpamdisciplina
619 2297 746 2333 deprimit
755 2317 764 2331 .
779 2305 813 2327 ne
827 2298 902 2333 plaga

157 2331 165 2342 l

104 2333 397 2383 interitum
410 2340 528 2377 deﬂust,
540 2341 564 2370 si
581 2341 652 2370 hanc
665 2342 842 2371 districtionis
860 2351 903 2371 se-

286 2391 419 2427 coarctat.

143 2422 421 2466 “isi-fundatum
433 2430 575 2467 frangitur,
590 2439 651 2460 cum
665 2432 781 2460 fractura
795 2433 903 2461 incaute

339 2477 490 2515 utgravius
504 2476 652 2506 scissuram
673 2479 782 2511 sentiat,
796 2479 903 2507 Si'llﬂllc

283 2512 312 2550 is
327 2512 471 2557 ligamenta
492 2522 685 2558 constringant.
702 2523 780 2551 Unde
793 2532 904 2553 necesse

100 2560 384 2610 διὰ
399 2567 497 2597 vulnus
509 2567 536 2596 iu
558 2568 673 2597 subditis
686 2569 847 2605 corrigendo
862 2579 904 2600 re-

140 2642 155 2657 ·
176 2636 290 2674 Carnot.
302 2636 458 2674 primumut
467 2636 622 2673 cogitatione
632 2641 756 2665 tumeant.
765 2637 835 2672 And.
848 2646 902 2674 prt-

101 2681 176 2705 lsms,
189 2681 224 2700 ne
234 2672 390 2707 cogitatione
400 2672 517 2700 timeant.

139 2709 154 2728 ⁵
174 2707 474 2748 Ττεέ.εὶετπιει--..θτερίτ

139 2749 153 2764 ο
177 2744 204 2769 in
220 2742 359 2770 Editisaut
368 2742 517 2778 districti",
530 2748 575 2770 aut
582 2743 714 2771 districtor
726 2743 792 2778 ipse.
802 2742 906 2777 Quibus

99 2779 170 2807 llas.
187 2785 285 2805 omnes
299 2778 477 2804 reluctantur.

136 2814 152 2833 ὁ
175 2813 203 2840 In
227 2814 297 2848 plur.
313 2812 388 2848 ﬁdit.
409 2818 463 2839 tam
477 2813 571 2841 Moral.
585 2821 665 2846 quam
680 2812 827 2846 Pastoral.,
840 2821 903 2840 corr-

98 2850 202 2877 sotntu.
221 2846 298 2883 Apud
312 2846 472 2876 Gratianum
487 2853 514 2876 et
530 2849 558 2875 in
579 2849 645 2877 Ilss.
661 2848 745 2876 babes
759 2849 895 2875 consulens

954 1607 1042 1639 feriat,
1056 1608 1091 1634 sit
1105 1612 1131 1635 et
1144 1608 1295 1635 consolatio
1313 1608 1399 1635 baculi
1416 1617 1475 1643 qua:
1488 1614 1631 1636 sustentet.
1647 1609 1687 1636 Sit
1698 1610 1746 1637 ita-

953 1661 1005 1688 que
1029 1660 1114 1685 amor,
1130 1653 1176 1680 sed
1193 1660 1246 1680 non
1262 1653 1417 1686 emolliens;
1435 1659 1447 1677 κ
1463 1654 1496 1680 sit
1513 1654 1588 1689 vigor
1600 1675 1608 1686 ,
1624 1654 1670 1682 sed
1694 1662 1746 1682 non

954 1704 1137 1732 temperans;
1151 1698 1186 1724 sit
1200 1697 1286 1730 zelus,
1296 1697 1343 1725 sed
1358 1705 1411 1725 non
1426 1698 1603 1727 immoderate
1615 1700 1746 1733 saeviens;

953 1743 988 1770 sit
1001 1743 1098 1778 pietas,
1117 1742 1163 1770 sed
1181 1750 1234 1770 non
1251 1742 1310 1776 plus
1332 1750 1413 1778 quatn
1428 1743 1555 1777 expediat
1575 1751 1705 1779 parcens;
1721 1750 1748 1773 nt

953 1788 1015 1816 dum
1029 1795 1059 1816 se
1070 1786 1084 1806 λ
1096 1788 1122 1814 in
1135 1795 1197 1815 arce
1210 1787 1350 1824 regiminis
1358 1788 1462 1823 justltia
1476 1789 1671 1825 clementiaque
1685 1798 1749 1825 per-

954 1833 1058 1866 miscet,
1074 1832 1098 1860 is
1112 1833 1156 1868 qui
1173 1837 1269 1867 prteest
1289 1832 1370 1860 corda
1386 1833 1554 1861 subditorum
1576 1841 1602 1862 et
1623 1835 1749 1863 terrendo

954 1878 1121 1911 demulceat.
1135 1882 1165 1906 et
1189 1882 1277 1906 tamen
1301 1878 1335 1906 ad
1360 1879 1474 1908 terroris
1498 1880 1679 1908 reverentiam
1703 1881 1749 1909 de.

954 1924 1096 1952 mulcendo
1111 1924 1287 1960 constringat.

1151 1979 1266 2008 CAPUT
1287 1979 1330 2008 vtt
1353 1980 1407 2017 [AL
1423 1980 1551 2018 XVIII].

957 2035 990 2063 Ut
1005 2036 1039 2074 sit
1059 2040 1141 2063 rector
1155 2035 1315 2074 internarum
1327 2044 1418 2074 curam
1431 2037 1458 2064 in
1474 2036 1630 2066 exteriorum
1644 2047 1748 2074 occupa-

991 2071 1059 2098 tione
1073 2079 1124 2097 non
1144 2072 1273 2104 minuens,
1289 2072 1443 2099 exteriorum
1463 2074 1651 2106 prouidentiam
1665 2074 1691 2100 in
1708 2071 1748 2101 iu—

990 2111 1120 2133 ternorum
1134 2106 1308 2133 sollicitudine
1319 2115 1369 2133 non
1384 2107 1539 2142 relinquens.

990 2151 1032 2180 Sit
1046 2156 1134 2180 rector
1149 2151 1316 2179 internarum
1343 2159 1435 2180 curam
1451 2152 1478 2180 in
1493 2153 1656 2186 exteriorum
1671 2160 1750 2180 occu-

955 2198 1063 2233 patione
1090 2204 1143 2225 non
1171 2198 1307 2231 minuens,
1319 2198 1485 2226 exteriorum
1511 2198 1706 2234 providentiam
1722 2198 1755 2226 in

919 2244 1122 2279 Dinternorum
1146 2242 1328 2271 sollicitudine
1352 2251 1404 2271 non
1431 2244 1603 2279 relinquens;
1619 2251 1653 2271 ne
1672 2242 1681 2263 ί
1705 2249 1749 2271 aut

956 2289 1134 2318 exterioribus
1157 2288 1265 2317 deditus
1287 2289 1321 2317 ab
1348 2289 1448 2317 intimis
1473 2294 1579 2317 corruat
1593 2293 1659 2322 ,aut
1682 2288 1756 2316 solis-

957 2335 1128 2364 inlerioribus
1143 2339 1298 2369 occupatus,
1311 2342 1370 2368 qua:
1383 2333 1449 2361 foris
1461 2333 1542 2361 debet
1553 2332 1683 2368 proximis
1694 2339 1754 2359 non

956 2381 1104 2416 impendat.
1126 2379 1205 2414 Stcpe
1221 2387 1334 2414 namque
1350 2379 1470 2407 nonnulli
1490 2378 1562 2407 velut
1578 2378 1655 2407 obliti
1677 2378 1753 2415 quod

955 2427 1081 2455 fratribus
1098 2425 1248 2452 animarum
1267 2432 1347 2452 causa
1368 2424 1472 2460 praelati
1487 2429 1568 2457 sunt,
1583 2428 1639 2452 toto
1661 2424 1755 2452 cordis

953 2473 1048 2501 adnisa
1059 2469 1233 2499 saecularibus
1241 2470 1312 2498 curis
1323 2470 1471 2498 inserviunt
1483 2479 1490 2499 :
1501 2470 1561 2502 Itas,
1571 2477 1631 2497 cum
1639 2469 1756 2502 adsunt;

955 2527 984 2548 se
997 2526 1076 2555 ageue
1091 2517 1226 2546 exsultant
1237 2526 1245 2551 ;
1256 2516 1289 2545 ad
1305 2517 1353 2545 has
1369 2517 1448 2544 etiam
1459 2525 1519 2544 cutn
1533 2516 1640 2548 desunt,
1653 2515 1754 2543 diebus

955 2575 987 2595 ac
1008 2564 1131 2593 noctibus
1154 2563 1326 2600 cogitationis
1351 2563 1465 2591 turbida:
1487 2563 1597 2590 testibus
1611 2561 1753 2589 anhelant.

993 2640 1005 2655 ·
1025 2634 1091 2662 Tres
1104 2633 1223 2664 Comet,
1248 2631 1310 2667 Lyr.
1324 2636 1352 2659 et
1366 2631 1434 2659 And.
1450 2629 1595 2662 secundus,
1618 2630 1750 2658 tuor-deun-

956 2678 1008 2700 tur.
1025 2670 1116 2700 Trec.,
1134 2667 1192 2693 Val.
1205 2667 1279 2693 Clar.
1295 2672 1323 2694 et
1335 2667 1391 2701 alii,
1406 2667 1572 2693 munirentur.

992 2706 1002 2727 Ι
1023 2704 1118 2736 Cori»,
1129 2703 1220 2729 nimia.
1231 2702 1394 2730 Troi-ensem
1406 2701 1508 2729 etalios
1519 2701 1589 2736 plur.
1600 2700 1753 2734 sequimur.

994 2747 1007 2765 tt
1029 2740 1110 2770 Edit.,
1124 2738 1157 2764 sit
1168 2738 1249 2771 rigor.
1266 2737 1439 2764 lteluctautur
1453 2737 1517 2764 Mss.
1533 2743 1638 2764 omnes.

992 2775 1006 2794 Ιι
1027 2775 1136 2801 Carnot.
1150 2772 1262 2806 primus,
1273 2773 1300 2799 in
1312 2779 1377 2800 arte.

995 2811 1002 2830 ί
1025 2809 1107 2837 Corb.
1123 2803 1271 2837 et'Gemet.
1286 2808 1397 2842 tertius,
1413 2815 1445 2835 ne
1466 2811 1512 2834 aut
1536 2806 1598 2834 solis
1618 2803 1746 2833 exteriori

960 2848 1015 2874 bus.
