3968 6332
536 261 600 318 59
1726 252 1969 314 SANCTI
2008 254 2334 312 GREGORII
2379 256 2589 314 MAGNI
3709 263 3772 315 δυ

525 378 763 443 (tumque
808 372 875 427 ab
923 372 1008 428 his
1032 411 1048 439 ,
1077 379 1325 428 cessante
1367 371 1590 427 forsitan
1623 379 1647 407 ι
1675 372 2175 453 ορροτιιιιιιιειιθ,.Α
2204 379 2465 436 praesunt;
2505 386 2553 424 et
2587 380 2639 426 ut
2683 379 2825 427 recta
2866 370 3025 439 pedes
3055 369 3267 425 valeant
3304 368 3494 423 itinera
3535 385 3767 443 carpere,

525 465 691 532 quieti
720 474 863 530 sunt,
891 464 1002 534 ipsa
1036 464 1277 520 deterius
1322 480 1415 519 sua
1447 464 1626 535 quiete
1656 462 1961 531 fatigantur.
2000 463 2101 515 νο-

527 557 779 624 luptatem
812 570 1041 625 namque
1069 566 1289 611 censent
1312 556 1356 610 si
1384 555 1683 609 actionibus
1710 554 2100 622 deprimuntur,

528 646 765 700 laborem
811 646 1064 714 deputant
1102 647 1146 701 si
1180 646 1229 700 in
1274 646 1502 700 terrenis
1544 646 1770 713 negotiis
1810 660 1914 698 non
1952 644 2101 697 labo-

528 746 668 792 rant.
703 738 895 807 Sicque
927 738 1002 800 tit,
1033 746 1092 791 ut
1112 741 1239 792 dum
1258 738 1287 777 ιδ
1311 754 1369 792 se
1391 738 1562 806 urgeri
1592 736 1875 790 mundanis
1906 735 2101 789 tumul-

530 827 671 880 tibus
698 827 950 894 gaudent,
985 827 1193 882 interna
1223 842 1342 897 quae
1383 828 1519 882 alios
1567 827 1763 882 dueere
1808 826 2105 880 debuerant

529 918 793 983 ignorent.
870 917 1020 971 Unde
1069 917 1432 987 subjectorum
1487 931 1700 985 quoque
1755 915 2105 983 proculdubio

528 1009 557 1035 ⁸
592 1008 697 1058 vita
733 1004 1009 1074 torpescit,
1028 1007 1148 1074 quia
1171 1021 1289 1060 cum
1315 1006 1571 1074 prolicere
1602 1003 1913 1072 spiritaliter
1941 1018 2105 1072 appe-

527 1095 631 1161 tit,
665 1097 714 1150 itt
746 1096 994 1165 exemplo
1032 1096 1149 1165 ejus
1177 1096 1266 1165 qui
1305 1096 1404 1149 sibi
1439 1095 1689 1163 praelatus
1719 1100 1829 1156 est,
1861 1093 2011 1160 quasi
2051 1093 2103 1145 in

526 1184 802 1238 obstaculo
854 1186 1060 1239 itineris
1089 1185 1326 1239 otl‘endit.
1380 1184 1695 1253 Languente
1740 1182 1881 1237 enim
1930 1183 2106 1251 capite

528 1275 769 1331 membra
800 1275 1061 1329 incassum
1092 1276 1291 1344 vigent,
1316 1285 1368 1329 et
1392 1277 1443 1329 in
1469 1276 1841 1343 exploratione
1872 1274 2104 1328 hostium

528 1363 724 1419 frustra
755 1366 1021 1419 exercitus
1053 1366 1309 1420 velociter
1352 1366 1613 1433 sequitur,
1646 1366 1689 1419 si
1718 1364 1784 1419 ab
1811 1365 1926 1433 ipso
1971 1366 2106 1419 duce

526 1456 733 1511 itineris
758 1468 988 1513 erratur.
1025 1457 1179 1513 Nulla
1206 1458 1540 1512 subditorum
1570 1466 1776 1512 mentes
1802 1458 2106 1513 exhortatio

525 1547 801 1612 sublevat,
829 1562 1124 1618 eorumque
1170 1549 1354 1618 culpas
1408 1548 1699 1617 increpatio
1755 1548 1897 1601 nulla
1940 1547 2105 1601 casti-

530 1649 650 1705 gat;
711 1642 831 1705 quia
887 1641 1012 1694 dum
1066 1656 1162 1708 per
1213 1640 1511 1693 animarum
1576 1639 1856 1706 przesulem
1907 1639 2104 1693 terreni

2204 459 2321 514 haec
2368 462 2716 530 proculdubio
2763 470 2919 528 caput
2948 462 3107 515 debet
3152 475 3214 516 ex
3245 461 3353 514 alto
3385 460 3677 529 providere,
3709 482 3770 520 ne

2203 564 2233 602 a
2267 560 2545 618 provectus
2584 552 2666 606 sui
2700 552 2888 607 itinere
2922 551 3082 619 pedes
3113 560 3377 619 torpeant,
3412 565 3535 606 cum
3563 565 3766 610 curvata

2204 640 2521 695 rectitudine
2569 643 2807 710 corporis
2854 652 3012 709 caput
3042 656 3162 697 sese
3208 642 3272 695 ad
3304 650 3498 696 terram
3529 643 3768 701 declinat.

2202 730 2315 796 Qua
2346 742 2522 786 autem
2553 743 2729 787 mente
2756 733 3053 786 animarum
3079 730 3269 800 presul
3298 732 3499 784 honore
3532 736 3769 800 pastorali

2205 824 2343 877 inter
2365 833 2587 878 caeteros
2632 828 2815 887 utitur,
2849 825 2893 878 si
2925 826 2975 877 itt
3010 824 3234 878 terrenis
3276 824 3507 892 negotiis
3536 842 3650 894 qua:
3694 842 3772 881 re-

2206 914 2538 980 prehendere
2584 915 2635 968 in
2682 916 2797 970 aliis
2828 915 3032 978 debuit,
3074 924 3127 969 et
3153 915 3266 982 ipse
3310 916 3585 970 versatur?
3631 917 3770 983 Quod

2205 1004 2454 1059 videlicet
2496 1020 2558 1059 ex
2591 1005 2668 1059 ira
2706 1005 2863 1074 justte
2910 1005 3283 1059 retributionis
3329 1019 3425 1073 pcr
3472 1007 3770 1074 prophetam

2215 1095 2469 1148 Dominus
2510 1097 2765 1158 minatur,
2794 1095 3015 1149 dicens:
3060 1094 3124 1147 Et
3149 1096 3241 1148 erit
3271 1096 3401 1146 sicut
3445 1095 3679 1162 populus,
3705 1100 3774 1153 sic

2206 1185 2443 1238 sacerdos
2468 1184 2641 1253 (Osca:
2664 1200 2735 1246 tv,
2759 1185 2835 1253 9).
2860 1184 3117 1239 Sacerdos
3145 1184 3337 1252 quippe
3358 1195 3439 1237 est
3463 1194 3515 1237 ut
3540 1188 3772 1256 populus,

2206 1277 2417 1344 quando
2455 1292 2514 1329 ea
2555 1276 2662 1344 agit
2704 1277 2747 1330 is
2778 1276 2865 1344 qui
2897 1275 3124 1343 spiritali
3170 1274 3347 1329 ofﬁcio
3388 1274 3638 1343 fungitur,
3666 1294 3776 1347 qut-.n

2208 1365 2281 1419 illi
2318 1366 2563 1420 nimirum
2605 1366 2802 1420 faciunt
2836 1366 2922 1432 qui
2963 1366 3135 1419 adhuc
3164 1364 3229 1419 de
3258 1364 3447 1418 studiis
3486 1367 3778 1421 carnalibus

2204 1455 2523 1522 iudicantur.
2559 1457 2707 1523 Quod
2737 1471 2856 1509 cum
2888 1470 3079 1523 magno
3108 1456 3315 1509 scilicet
3341 1454 3525 1509 dolore
3556 1458 3778 1509 cltarita-

2207 1547 2275 1600 tis
2298 1546 2556 1601 Jeremias
2587 1549 2841 1615 prepheta
2868 1546 3226 1614 conspiciens,
3260 1545 3409 1613 quasi
3452 1546 3553 1599 sub
3580 1545 3780 1598 destru-

2209 1638 2385 1691 ctiOue
2417 1637 2597 1705 templi
2632 1636 2893 1703 deplorat,
2925 1636 3107 1688 dicens
3135 1653 3146 1685 :
3177 1634 3441 1698 Quomodo
3470 1634 3781 1688 obscuratum

523 1739 807 1781 exercetur
854 1729 1090 1783 oilicium
1131 1730 1364 1796 iudicis,
1396 1744 1425 1782 a
1455 1730 1632 1798 gregis
1662 1730 1901 1784 custodia
1954 1740 2106 1783 vacat
2137 1730 2182 1789 Β
2209 1734 2279 1777 est
2304 1742 2509 1789 aurum,
2538 1734 2762 1777 mutatus
2793 1734 2865 1778 est
2887 1726 3027 1777 color
3051 1724 3293 1792 optimus,
3327 1725 3545 1792 dispersi
3576 1735 3690 1777 sunt
3710 1726 3782 1778 la-

524 1833 654 1872 cura
691 1816 953 1885 pastoris;
982 1826 1035 1871 et
1063 1818 1289 1885 subjecti
1317 1819 1553 1871 veritatis
1588 1820 1769 1872 lumen
1802 1819 2104 1885 apprchen-

521 1910 652 1963 dere
682 1918 985 1976 nequeunt,
1018 1907 1138 1977 quia
1188 1907 1312 1961 dum
1364 1908 1596 1974 pastoris
1649 1922 1837 1960 sensus
1893 1916 2104 1961 terrena

521 1998 697 2055 studia
725 2008 1012 2068 occupant,
1032 2008 1191 2052 vento
1219 1996 1531 2051 tentationis
1564 1997 1822 2065 impulsus
1852 1996 2106 2050 Ecclesiae

523 2091 710 2143 oculos
739 2088 911 2156 pulvis
942 2098 1128 2142 caecat.
1161 2087 1276 2154 Quo
1298 2093 1484 2140 contra
1516 2096 1660 2139 recte
1692 2083 1908 2138 humani
1940 2099 2105 2153 gene-

525 2179 599 2233 ris
647 2176 994 2246 Redemptor,
1019 2191 1141 2231 eum
1174 2191 1269 2230 nos
1299 2190 1327 2229 a
1360 2174 1567 2229 ventris
1612 2176 1904 2229 voracitate
1952 2189 2104 2228 com-

525 2278 791 2338 posceret,
816 2268 1000 2324 dicens
1026 2287 1037 2320 :
1064 2268 1317 2322 Attendite
1355 2276 1526 2320 autem
1554 2268 1691 2320 vobis
1709 2306 1724 2331 ,
1758 2276 1811 2319 ut
1845 2284 1949 2320 non
1987 2284 2105 2337 gra-

525 2371 705 2416 ventur
744 2362 901 2415 corda
931 2370 1093 2415 vestra
1134 2361 1185 2413 in
1227 2361 1437 2430 crapula
1462 2370 1507 2413 et
1534 2360 1769 2413 ebrietate
1809 2359 1960 2429 (Luc.
1994 2374 2102 2424 xxt,

526 2451 641 2521 3-5),
673 2452 816 2506 illico
845 2452 1088 2518 adjunxit
1115 2468 1129 2505 :
1154 2454 1252 2504 Aut
1279 2452 1331 2503 in
1364 2452 1500 2505 curis
1521 2453 1675 2517 huius
1707 2452 1837 2504 vim.
1872 2449 1969 2504 Ubi
2008 2465 2103 2519 pa-

529 2555 714 2595 vorem
745 2555 956 2610 qttoque
987 2541 1229 2611 protinus
1277 2542 1480 2595 intente
1513 2541 1766 2610 adjiciens
1793 2558 1807 2593 :
1836 2540 1916 2593 Ne
1952 2546 2103 2609 forte,

528 2628 718 2698 inquit,
748 2632 1063 2699 superveniat
1104 2630 1155 2683 in
1199 2646 1285 2684 vos
1315 2631 1576 2693 repentina
1616 2630 1725 2684 dies
1768 2629 1859 2684 illa
1891 2629 2101 2700 (Ibid.).

525 2723 690 2790 Cujus
721 2722 979 2777 adventus
1008 2723 1167 2777 etiam
1198 2722 1505 2790 qualitatem
1535 2721 1834 2788 denuntiat,
1865 2720 2049 2776 dicens
2079 2739 2092 2772 :

531 2813 792 2883 Tanquam
839 2812 1051 2883 laqueus
1076 2814 1209 2867 enim
1243 2814 1405 2867 veniet
1433 2829 1585 2881 super
1614 2829 1785 2866 omnes
1813 2815 1899 2882 qui
1935 2814 2107 2867 sedent

527 2919 679 2973 super
700 2904 885 2972 facient
911 2904 1071 2956 omnis
1100 2912 1251 2956 terrce
1275 2902 1465 2973 (Ibid.,
1496 2901 1606 2972 55).
1642 2903 1775 2957 Hinc
1807 2904 1997 2957 iterum
2027 2903 2105 2956 di-

526 2997 631 3050 cit:
658 2994 823 3049 Nemo
844 3005 1003 3063 potest
1026 2995 1222 3047 duobus
1244 2995 1463 3048 dominis
1482 2996 1667 3048 servire
1689 2995 1837 3063 (Luc.
1865 3011 1970 3062 xvr,
1992 2994 2103 3063 15).

2206 1816 2348 1884 pides
2372 1816 2651 1868 sanctuarii
2684 1817 2736 1869 in
2772 1817 2937 1883 capite
2969 1815 3195 1868 omnium
3236 1814 3525 1881 platearum
3571 1816 3779 1884 (Tltrett.

2208 1923 2277 1972 tv,
2328 1908 2418 1975 l)?
2469 1908 2604 1973 Quid
2668 1922 2898 1975 namque
2955 1922 3104 1970 auro,
3161 1909 3301 1978 quod
3352 1910 3583 1963 metallis
3631 1918 3783 1964 czrte-

2207 2000 2281 2054 ris
2309 2000 2641 2069 praeminet,
2688 1998 2787 2054 nisi
2816 2000 3134 2055 excellentia
3176 2000 3509 2055 sanctitatis?
3540 2002 3674 2067 Quid
3705 2017 3779 2055 co-

2208 2089 2319 2144 lore
2348 2092 2571 2157 Optimo,
2605 2089 2705 2144 nisi
2736 2090 2943 2143 cunctis
2970 2090 3209 2143 amabilis
3238 2091 3536 2144 reverentia
3572 2091 3783 2161 religio-

2207 2178 2290 2233 nis
2316 2179 2669 2247 exprimitur?
2696 2178 2830 2244 Quid
2862 2179 3146 2233 sanctuarii
3177 2164 3457 2245 lapidibus,
3482 2182 3580 2235 nisi
3610 2195 3783 2235 sacro-

2206 2285 2323 2323 rutn
2369 2270 2613 2323 ordinum
2664 2284 2903 2338 personae
2950 2270 3265 2338 signantur?
3306 2271 3439 2336 Quid
3496 2274 3783 2340 platearum

2206 2362 2444 2425 nomine,
2480 2361 2580 2414 nisi
2610 2361 2888 2429 praesentis
2919 2360 3040 2414 vita:
3073 2360 3296 2415 latitudo
3328 2364 3625 2431 tiguratur?
3655 2364 3784 2429 Quia

2205 2451 2347 2506 enim
2372 2452 2558 2506 Graeco
2584 2451 2796 2519 eloquio
2826 2451 3020 2511 πλάτος
3059 2451 3281 2505 latitudo
3307 2453 3520 2519 dicitur,
3552 2455 3790 2523 profecto

2205 2555 2236 2596 a
2286 2541 2563 2596 latitudine
2608 2541 2795 2611 platea:
2841 2550 2966 2595 sunt
3011 2551 3234 2597 vocatae.
3301 2542 3401 2598 Per
3446 2548 3788 2615 semetipsum

2206 2647 2336 2687 vero
2366 2632 2571 2687 Veritas
2596 2633 2761 2688 dicit:
2800 2632 2929 2688 Lata
2965 2644 3009 2687 et
3043 2637 3266 2698 spatiosa
3302 2638 3379 2689 via
3410 2648 3481 2691 est
3506 2655 3622 2709 qua:
3655 2640 3792 2692 ducit

2206 2728 2273 2779 ad
2311 2726 2641 2794 perditionem
2677 2724 2889 2796 (Matth.
2917 2742 3007 2793 vtt,
3036 2726 3143 2796 13).
3178 2727 3377 2783 Aurum
3412 2730 3569 2800 igitur
3599 2734 3791 2787 obscu-

2208 2827 2375 2883 ratur,
2405 2832 2525 2872 cum
2557 2817 2781 2872 terrenis
2810 2818 3015 2871 actibus
3044 2820 3343 2875 sanctitatis
3375 2823 3483 2876 vita
3515 2824 3790 2894 polluitur.

2208 2908 2369 2962 Color
2415 2909 2645 2976 optimus
2696 2918 3075 2975 commutatur,
3134 2925 3253 2965 cum
3299 2916 3653 2982 quorumdam
3705 2919 3793 2987 qui

2210 2997 2405 3065 degere
2449 2998 2698 3064 religiose
2745 2998 3136 3065 credebmtur,
3203 3003 3486 3058 azsumatio
3551 3018 3795 3064 anteacta

530 3086 663 3139 llinc
690 3085 884 3139 Paulus
931 3084 1301 3153 religiosorum
1335 3096 1541 3139 mentes
1573 3100 1601 3138 a
1628 3084 1805 3139 mundi
1834 3086 2106 3139 consortio
2135 3096 2182 3159 ο
2216 3086 2487 3142 minuitur.
2522 3088 2652 3141 Nam
2676 3103 2796 3143 cum
2828 3088 3051 3156 quilibet
3080 3101 3198 3158 post
3226 3094 3524 3150 sanctitatis
3554 3096 3795 3152 habitum

527 3177 877 3229 contestando
905 3214 920 3239 ,
954 3190 1016 3229 ac
1066 3174 1243 3244 potius
1285 3175 1657 3229 conveniendo
1699 3174 1998 3243 suspendit,
2029 3175 2109 3229 di-

524 3279 653 3320 cens
680 3284 693 3319 :
722 3264 887 3319 Nemo
933 3266 1161 3317 militans
1210 3263 1317 3317 Deo
1360 3265 1589 3332 implicat
1631 3280 1683 3318 se
1742 3264 1849 3334 25
1898 3263 2109 3333 negotiis

527 3355 881 3421 sacularibus,
910 3364 964 3409 ut
1009 3358 1055 3409 ei
1083 3357 1281 3426 placeat
1306 3357 1388 3409 cui
1416 3372 1470 3409 se
1505 3356 1735 3424 probavit
1764 3355 1847 3425 (ll
1880 3355 2013 3410 Tim.
2045 3372 2106 3423 tt,

528 3442 607 3514 4).
652 3430 785 3497 Hinc
821 3444 1075 3499 Ecclesia:
1106 3443 1404 3499 rectoribus
1433 3454 1486 3498 et
1513 3445 1737 3499 vacandi
1768 3446 1939 3497 studia
1977 3462 2111 3512 prcc-

527 3533 681 3603 cipit,
710 3542 764 3588 et
786 3529 811 3568 δ
844 3534 1158 3588 consulendi
1192 3532 1427 3587 remedia
1466 3534 1721 3598 ostendit,
1746 3534 1929 3587 dicens
1955 3551 1967 3585 :
1994 3534 2109 3586 Sa:-

526 3626 726 3678 cularia
747 3625 901 3693 igitur
930 3634 951 3659 θ
972 3622 1181 3692 judicia
1208 3624 1251 3676 si
1280 3622 1576 3686 habueritis,
1599 3624 1997 3691 contemptibiles
2024 3623 2112 3690 qui

527 3729 641 3774 sunt
667 3721 715 3771 in
746 3717 999 3779 Ecclesia,
1022 3716 1136 3769 illos
1160 3715 1445 3767 constituite
1465 3713 1533 3765 ad
1550 3715 1894 3785 judicandum
1911 3714 1967 3786 (I
1989 3716 2108 3769 Cor.

529 3825 604 3875 vt,
634 3808 755 3876 il);
803 3818 859 3860 ut
901 3806 999 3874 ipsi
1049 3805 1299 3859 videlicet
1348 3804 1838 3871 dispensationibus
1887 3808 2113 3864 terrenis

531 3904 844 3963 inserviant,
870 3913 1005 3969 quos
1034 3898 1172 3953 dona
1202 3897 1460 3966 spiritalia
1504 3911 1611 3952 non
1655 3908 1936 3953 exornant.
1962 3898 2038 3953 Ac
2067 3902 2110 3953 si

531 3993 766 4063 apertius
792 3992 938 4046 dicat
969 4009 980 4042 :
1008 3991 1138 4056 Quia
1169 3999 1451 4057 penetrare
1482 3989 1667 4043 intima
1695 3999 1987 4058 nequeunt,
2007 3990 2114 4045 sal-

530 4094 637 4137 tem
662 4081 959 4136 necessaria
986 4079 1113 4132 foris
1134 4087 1442 4147 operentur.
1468 4079 1601 4132 Hinc
1624 4078 1850 4147 Moyses,
1876 4080 1965 4148 qui
1990 4094 2110 4135 cum

535 4176 643 4229 Deo
672 4173 907 4241 loquitur
936 4170 1131 4241 (Exod.
1165 4185 1318 4233 xvttt,
1342 4169 1431 4234 17,
1457 4171 1570 4238 18).
1595 4169 1781 4224 Jethro
1802 4170 2112 4240 alienigenae

532 4264 954 4333 reprehensione
1000 4262 1294 4329 iudicatur,
1324 4260 1465 4328 quod
1518 4262 1745 4315 terrenis
1796 4262 2111 4331 poltulorum

534 4357 759 4425 negotiis
807 4355 967 4408 stulto
1010 4353 1191 4406 labore
1239 4351 1510 4406 deserviat
1553 4368 1567 4406 :
1607 4351 1693 4407 cui
1727 4360 1782 4408 et
1827 4353 2110 4408 consilium

2216 3179 2438 3233 terrenis
2485 3192 2543 3232 se
2582 3178 2787 3233 actibus
2836 3178 3045 3245 inserit,
3075 3181 3227 3249 quasi
3259 3183 3438 3239 colore
3488 3197 3796 3253 permutato

2213 3275 2337 3321 ante
2368 3266 2633 3321 humanos
2662 3267 2846 3321 oculos
2876 3267 2992 3336 ejus
3022 3256 3321 3324 reverentia
3350 3272 3603 3341 despecta
3635 3277 3795 3343 palle-

2212 3362 2331 3416 scit.
2366 3361 2667 3417 Sanctuarii
2695 3377 2905 3432 quoque
2932 3363 3133 3431 lapides
3172 3363 3224 3416 itt
3256 3363 3454 3430 plateas
3483 3364 3797 3437 dispergun-

2214 3458 2320 3515 tur,
2356 3466 2476 3504 cum
2507 3467 2789 3505 causarum
2821 3453 3140 3506 secularium
3169 3453 3309 3507 foras
3337 3453 3437 3506 lata
3468 3455 3662 3510 itinera
3710 3472 3798 3512 ex-

2211 3547 2401 3607 petunt
2434 3539 2485 3593 lti
2515 3540 2602 3608 qui
2634 3540 2699 3594 ad
2732 3553 3105 3595 ornamentum
3136 3542 3392 3597 Ecclesia:
3423 3541 3654 3598 internis
3684 3562 3799 3617 tuy-

2213 3628 2387 3682 steriis
2417 3631 2565 3699 quasi
2598 3628 2616 3667 ί
2664 3631 2717 3684 in
2748 3632 2972 3687 secretis
3016 3632 3343 3687 tabernaculi
3374 3650 3573 3689 vacare
3600 3637 3800 3692 debue-

2215 3727 2357 3772 runt.
2404 3719 2485 3772 Ad
2518 3719 2619 3774 hoc
2667 3721 2863 3791 quippe
2907 3726 3193 3778 sanctuarii
3243 3725 3445 3794 lapides
3491 3726 3717 3792 ﬁebant,
3749 3739 3800 3784 ut

2213 3810 2349 3863 intra
2380 3823 2562 3866 sancta
2594 3824 2899 3867 sanctorum
2934 3815 2983 3868 in
3016 3817 3336 3871 vestimento
3383 3821 3584 3873 summi
3620 3835 3801 3876 sacer-

2215 3898 2353 3953 dotis
2381 3910 2719 3968 apparerent.
2746 3900 2877 3956 Cum
2910 3918 3035 3957 vero
3063 3905 3289 3960 ministri
3316 3908 3598 3978 religionis
3624 3928 3652 3962 a
3680 3911 3803 3964 sub-

2214 3986 2339 4041 ditis
2370 3988 2625 4043 honorem
2652 3989 3021 4060 Redemptoris
3066 3995 3148 4047 sui
3194 4010 3259 4049 ex
3306 4003 3496 4051 merito
3537 4000 3669 4052 vita:
3701 4016 3803 4054 non

2214 4079 2451 4148 exigunt,
2482 4083 2766 4135 sanctuarii
2800 4084 2907 4153 εδ
2936 4083 3139 4153 lapides
3189 4087 3239 4140 in
3271 4100 3597 4143 ornamento
3628 4092 3803 4159 ponti-

2216 4167 2329 4221 ﬁcis
2357 4185 2458 4222 non
2490 4179 2635 4225 sunt.
2682 4171 2780 4237 Qui
2827 4174 3074 4226 nimirum
3124 4177 3409 4231 sanctuarii
3462 4179 3677 4248 lapides
3725 4182 3805 4235 «Ιί-

2215 4261 2384 4330 sparsi
2429 4276 2523 4330 per
2574 4263 2774 4330 plateas
2811 4263 3011 4332 jacent,
3061 4281 3181 4320 cum
3232 4283 3473 4336 personae
3520 4286 3805 4327 sacrorum

2216 4352 2460 4406 ordinum
2489 4353 2815 4423 voluptatum
2844 4371 3058 4410 suarum
3092 4368 3116 4404 ε
3146 4359 3407 4412 latitudini
3437 4360 3663 4429 dedittn,
3697 4372 3805 4417 ter-

534 4462 655 4501 ιιιοκ
692 4447 955 4512 prtebetur
979 4488 993 4512 ,
1025 4452 1080 4498 ut
1110 4458 1205 4511 pro
1232 4459 1291 4496 se
1321 4443 1454 4498 alios
1484 4442 1549 4497 ad
1595 4443 1770 4513 jurgia
1814 4444 2108 4499 dirimenda
2142 4468 2193 4526 Ι)
2220 4443 2358 4495 renis
2389 4443 2610 4511 negotiis
2640 4443 2923 4501 inhaerent.
2974 4447 3039 4501 Et
3071 4449 3358 4503 notandum
3389 4451 3527 4519 quod
3566 4470 3677 4507 non
3710 4454 3805 4506 ltus

531 4538 857 4601 constituat,
889 4546 941 4590 et
991 4537 1107 4605 ipse
1159 4535 1380 4589 liberius
1424 4535 1488 4588 ad
1528 4535 1848 4591 erudiendos
1889 4538 2111 4605 populos

531 4622 849 4697 spiritalium
873 4640 1067 4680 arcana
1092 4634 1402 4695 cognoscat.

606 4721 645 4772 Α
675 4716 900 4771 subditis
929 4730 1056 4785 ergo
1101 4714 1350 4770 inferiora
1381 4715 1610 4785 gerenda
1652 4724 1797 4783 sunt,
1829 4732 1856 4769 a
1887 4719 2106 4773 rectori-

533 4810 633 4862 bus
658 4821 864 4861 summa
910 4806 1219 4876 c0gitanda;
1253 4814 1307 4859 ttt
1338 4807 1542 4861 scilicet
1588 4807 1822 4872 oculum,
1856 4810 1941 4877 qui
1976 4826 2108 4877 prae.

530 4896 774 4951 videndis
802 4896 1070 4964 gressibus
1100 4895 1430 4961 praeminet.
1463 4913 1587 4951 cura
1616 4899 1848 4967 pulveris
1880 4916 1982 4954 non
2014 4902 2108 4954 ob-

528 4994 727 5041 scurel.
775 4984 943 5053 Caput
984 5000 1212 5054 namque
1258 4985 1618 5053 subiectorum
1659 4998 1784 5043 sunt
1812 4992 1985 5044 cuncti
2018 4992 2106 5059 qui

605 5110 630 5137 ι
678 5101 773 5155 llic
811 5099 1133 5156 dissentiunt
1178 5100 1301 5155 Mss.
1331 5100 1405 5154 Ex
1440 5102 1742 5171 Anglican.,
1786 5102 1874 5155 alii
1909 5103 2104 5157 habent

530 5172 949 5235 importunitate,
980 5171 1069 5224 alii
1113 5172 1576 5236 inopportuuitate;
1609 5172 1750 5238 quod
1796 5173 2020 5225 habetur
2052 5176 2101 5226 itt

529 5241 718 5304 tiorh.,
755 5241 898 5293 Belv.
924 5250 985 5311 ct
1015 5241 1250 5294 secundo
1292 5242 1508 5295 Caruot.
1554 5242 1840 5311 Sequimur
1868 5242 2105 5296 Trecen-

530 5325 645 5381 scut
670 5324 791 5381 cum
816 5325 923 5377 quo
952 5310 1132 5363 Norm.
1164 5313 1507 5381 conveniunt.
1534 5322 1586 5364 et
1607 5310 1797 5365 omnes
1832 5311 2059 5381 Vulgati.

604 5380 630 5419 δ
672 5379 858 5453 Qorln.
887 5395 1064 5453 urgere
1090 5396 1163 5432 se.
1193 5379 1246 5453 In
1276 5380 1551 5446 Trecens.,
1574 5389 1696 5435 dum
1724 5398 1776 5436 se
1806 5379 2032 5453 urgueri.

603 5461 628 5491 ε
670 5451 855 5511 Corb.,
884 5452 984 5500 vita
1015 5450 1272 5515 turpcscit.

602 5518 629 5557 ⁴
668 5519 883 5571 Carnot.
910 5520 1133 5584 primus,
1157 5519 1477 5573 consolandi.

578 5593 629 5659 -f
671 5588 1046 5659 Qarnotenses,
1078 5591 1301 5659 negotia.

605 5652 625 5687 ί
668 5655 885 5727 Excusi,
928 5661 978 5713 in
1012 5652 1213 5715 secretis
1257 5662 1556 5718 sanctuarii.
1607 5661 1795 5731 Coegit
1840 5676 1937 5718 nos
1979 5662 2107 5717 Mss.

2218 4534 2489 4603 dispersos
2541 4536 2593 4588 in
2636 4537 2847 4604 plateis,
2878 4538 2971 4592 sed
3014 4540 3064 4593 itt
3110 4541 3280 4609 capite
3312 4544 3609 4611 platearum
3643 4548 3805 4614 dicit;

2218 4626 2338 4694 quia
2367 4632 2421 4679 et
2449 4640 2569 4679 cum
2600 4634 2807 4681 terrena
2854 4638 3035 4698 agunt,
3069 4636 3260 4684 summi
3305 4633 3470 4687 videri
3512 4648 3806 4703 appetunt,

2219 4724 2275 4770 ιιι
2302 4726 2353 4770 et
2384 4717 2485 4770 lata
2532 4717 2719 4772 itinera
2765 4729 2981 4776 teneant
3025 4720 3052 4759 ιι
3094 4739 3157 4777 ex
3192 4725 3458 4795 voluptate
3487 4727 3807 4785 delectatio-

2220 4810 2323 4873 nis,
2368 4818 2420 4862 et
2471 4817 2643 4864 tamen
2689 4812 2739 4865 itt
2783 4813 3073 4881 platearum
3116 4818 3221 4870 sint
3263 4820 3435 4888 capite
3477 4835 3543 4875 ex
3600 4823 3807 4880 honoro

2216 4905 2529 4956 sanctitatis.

2286 4991 2373 5047 Nil
2421 5009 2631 5063 quoque
2679 4995 2856 5051 obstat
2902 4997 2946 5051 si
2990 5002 3282 5055 sanctuarii
3332 5003 3534 5071 lapides
3580 5007 3805 5061 eosdem

2210 5104 2494 5179 multitudo
2539 5118 2593 5164 et
2634 5110 2936 5179 priestantia
2988 5126 3204 5178 ponere,
3257 5115 3599 5171 tabernaculi.
3652 5119 3807 5176 Nunc

2210 5176 2420 5242 quidem
2452 5179 2503 5259 in
2532 5176 2782 5233 Trecettsi
2817 5176 3026 5249 legitur,
3070 5186 3381 5250 sanctuarii;
3413 5196 3467 5240 at
3495 5203 3527 5241 a
3558 5194 3806 5246 secunda

2212 5262 2370 5299 manu
2400 5260 2675 5317 scriptum.

2284 5324 2307 5360 ε
2343 5317 2681 5374 Recentiures
2713 5320 2924 5385 Excusi,
2958 5321 3177 5385 libidini,
3207 5324 3594 5383 reluctantibus
3624 5334 3807 5386 omni-

2212 5383 2308 5467 bus
2337 5387 2461 5467 hiss.
2508 5390 2770 5467 timuerunt
2825 5383 2918 5467 per
2944 5383 3186 5467 pet-sotth
3226 5412 3488 5449 sacrorum
3531 5383 3804 5467 ordinarii,

2215 5457 2298 5507 hic
2324 5463 2380 5508 et
2403 5459 2557 5522 paulo
2587 5460 2832 5536 superius
2859 5461 3105 5529 intelligit
3129 5462 3285 5536 Greg.
3315 5468 3652 5533 putis~itnuni
3687 5457 3806 5536 cpi:

2213 5530 2791 5603 scapos-,Jpresbyteris
2822 5538 2997 5603 tamen
3039 5543 3092 5585 et
3120 5530 3356 5589 diaconis
3398 5552 3503 5589 non
3536 5530 3801 5596 exclusis.

2220 5593 2347 5663 Vide
2375 5593 2534 5663 infra,
2558 5593 2651 5652 viri
2675 5615 2782 5651 sac.
2814 5599 2928 5651 ord.

2290 5661 2317 5699 ¹¹
2357 5666 2487 5722 Tres
2508 5661 2743 5735 GemeL,
2777 5667 2902 5736 Lyr.
2931 5670 3219 5738 secundus,
3253 5672 3394 5728 Aud.
3454 5674 3708 5747 Longip..
3734 5695 3800 5733 ex
