3968 6352
226 266 277 316 ιι
997 256 1299 312 HEC-H.412
1343 252 1763 309 PASTORALIS
1805 252 1813 305 l

1924 248 2026 302 illi.
2070 274 2133 284 -—
2179 244 2352 299 PARS
2394 244 2727 298 SECUNDA.

3410 253 3478 303 ιι

237 378 365 441 ipsos
390 374 581 440 quibus
610 379 978 425 constructum
1007 371 1364 424 sanctuarium
1391 365 1648 421 existebat
1676 367 1802 419 acci-
1833 372 1877 429 Α
1910 369 2169 415 teneatur.
2205 359 2353 413 Unde
2384 360 2519 414 bene
2548 359 2611 411 ad
2641 360 2971 413 Ezeeltielem
3018 362 3212 419 dicitur
3240 383 3253 418 :
3298 366 3477 421 Sacer-

232 469 382 532 pimus
428 477 442 514 :
497 462 589 526 qui
640 460 873 530 dispersi
926 461 978 513 in
1029 461 1324 527 platearum
1374 457 1546 526 capite
1592 456 1791 523 jacent.

230 553 418 623 quando
460 564 744 606 sacrorum
792 552 1035 605 ordinum
1084 554 1179 603 viri
1232 551 1458 604 terrenis
1500 550 1703 600 actibus
1730 563 1793 600 ex

230 646 470 700 desiderio
500 644 824 709 inserviunt,
856 660 921 695 ex
951 659 1173 711 quorum
1208 642 1356 709 prius
1393 639 1571 693 ofﬁcio
1600 639 1797 691 sancti-

235 740 335 791 tatis
357 738 528 805 gloria
556 746 704 789 stare
734 736 1035 789 videbatur.
1068 735 1353 789 Srecularia
1384 734 1561 797 itaque
1588 734 1794 799 negotia

235 829 491 897 aliquando
524 844 589 880 ex
620 829 998 895 compassione
1042 829 1317 881 toleranda
1351 837 1494 889 sunt,
1530 841 1794 891 nunquam

237 934 336 972 vero
364 934 426 972 ex
458 932 645 972 amore
675 918 1029 985 requirenda;
1064 933 1128 972 ne
1158 932 1282 971 eum
1316 928 1545 969 mentem
1574 916 1796 984 diligen-

239 1014 290 1063 tis
328 1018 634 1077 aggravant,
684 1007 829 1061 hanc
872 1022 971 1061 suo
999 1009 1191 1061 victam
1224 1006 1457 1067 pondere
1487 1006 1552 1059 ad
1602 1006 1702 1057 ima
1734 1008 1799 1058 de

241 1102 518 1157 caelestibus
544 1110 816 1168 mergant.
865 1102 932 1154 At
956 1111 1161 1165 contra,
1195 1100 1432 1153 nonnulli
1481 1101 1660 1177 gregis
1686 1115 1800 1167 qui-

246 1196 341 1248 detn
384 1208 553 1247 curam
606 1194 930 1259 suscipiunt,
975 1195 1066 1246 sed
1113 1194 1191 1246 sic
1238 1194 1451 1246 sibimet
1490 1204 1686 1246 vacare
1733 1193 1798 1243 ad

242 1284 463 1353 Spiritalia
495 1294 776 1351 appetunt,
825 1292 881 1334 ut
912 1284 1070 1337 rebus
1110 1285 1463 1337 exterioribus
1500 1283 1800 1337 nullatenus

244 1386 557 1442 ocmpentur.
589 1376 687 1441 Qui
719 1392 841 1431 eum
874 1391 1063 1428 curare
1114 1376 1409 1439 Corporalia
1441 1375 1675 1428 funditus
1706 1390 1800 1427 ne—

244 1467 428 1536 gligant,
463 1466 806 1521 subditorum
838 1466 1253 1519 necessitatibus
1285 1464 1502 1517 minime
1535 1474 1558 1499 ιι
1586 1478 1800 1517 concurr-

248 1563 364 1609 runt.
397 1555 637 1620 Quorum
668 1557 920 1609 nimirum
946 1556 1250 1622 przedieatio
1283 1555 1595 1621 plerumque
1624 1555 1801 1621 despi-

250 1647 388 1707 citur;
411 1647 535 1714 quia
561 1647 689 1701 dum
734 1647 1156 1714 delinquentium
1201 1645 1333 1699 facta
1366 1647 1677 1713 corripiunt,
1707 1645 1798 1699 sed

1898 457 2037 505 dotes
2071 462 2224 517 caput
2259 468 2407 502 suum
2444 468 2542 502 non
2580 452 2777 514 radent,
2807 468 2965 520 mque
3000 470 3197 507 comam
3234 462 3478 523 nutricnt,

1895 544 1981 593 sed
2004 544 2261 593 tondentes
2286 529 2594 593 attondeant,
2622 544 2790 606 capita
2816 560 2906 596 sua
2948 544 3156 614 (Ezcclt.
3187 564 3331 615 xuv,
3365 552 3477 622 ιεἶθ).

1898 634 2215 685 Sacerdoti-8
2246 647 2470 698 namque
2494 631 2613 700 jure
2644 636 2813 687 vocati
2841 646 2961 687 sunt
2993 678 3003 695 ,
3052 638 3137 704 qui
3188 649 3241 691 nt
3273 655 3482 696 sacrum

1901 724 2149 774 ducatum
2202 727 2493 790 prtebeant,
2543 722 2782 776 fidelibus
2830 737 3082 793 prtesunt.
3132 728 3321 796 Capilli
3356 747 3486 785 vero

1900 813 1952 865 in
1984 816 2179 878 capite,
2210 815 2500 867 exteriores
2541 825 2662 865 sunt
2692 818 3040 881 cogitationes
3074 820 3124 871 in
3157 832 3365 876 mente:
3397 827 3484 892 qui

1899 905 2022 957 dum
2076 922 2235 972 super
2284 906 2561 959 cerebrum
2615 908 2995 964 insensibilder
3035 914 3293 977 oriuntur,
3329 930 3484 968 curas

1901 998 2021 1047 vita:
2062 997 2337 1061 praisentis
2370 998 2688 1065 designant;
2723 1016 2840 1067 qua:
2870 1016 2937 1055 ex
2984 1018 3144 1055 sensu
3177 1007 3481 1073 negligenti,

1902 1089 2023 1153 quia
2058 1088 2359 1154 importune
2393 1086 2676 1155 aliquando
2706 1089 2987 1156 prodeunt,
3014 1095 3162 1159 quasi
3196 1094 3349 1149 nolns
3381 1112 3484 1150 non

1904 1178 2258 1229 sentientibus
2308 1178 2623 1244 procedunt.
2673 1179 2803 1243 Quia
2838 1180 2995 1249 igitur
3021 1184 3198 1237 cuncti
3230 1186 3316 1254 qui
3351 1203 3487 1253 pra:-

1902 1280 2045 1331 Sunt,
2074 1268 2269 1320 balzcre
2294 1270 2503 1335 quidem
2537 1269 2922 1324 Sollicitudines
2952 1273 3245 1327 exteriores
3270 1277 3485 1343 debent,

1905 1374 2001 1410 nec
2051 1370 2223 1411 tamen
2276 1363 2352 1413 eis
2407 1361 2752 1416 vehementer
2802 1365 3128 1432 incumbere,
3182 1371 3489 1423 sacerdotes

1905 1460 2052 1503 recte
2091 1462 2143 1503 et
2180 1462 2336 1519 caput
2376 1454 2725 1520 prohibentur
2777 1458 2983 1523 uadere,
3036 1471 3088 1513 et
3133 1478 3337 1517 comam
3395 1484 3490 1519 nn-

1908 1539 2069 1605 trire;
2105 1552 2161 1593 ut
2192 1545 2540 1607 cogitationes
2582 1549 2758 1597 carnis
2797 1546 2862 1601 de
2890 1551 2995 1601 vita
3025 1552 3360 1609 subditorum
3395 1573 3493 1611 nec

1905 1651 1931 1686 a
1974 1651 2029 1688 se
2067 1635 2300 1688 funditus
2332 1649 2630 1704 amputem,
2664 1656 2762 1694 nec
2803 1658 3011 1697 rursum
3049 1648 3111 1698 ad
3141 1653 3491 1704 crescendnm

248 1746 391 1793 tamen
426 1740 510 1794 eis
551 1739 857 1794 necessaria
900 1739 1176 1807 ρναιεεηιίε
1217 1738 1338 1789 vim
1380 1752 1485 1789 non
1536 1738 1797 1796 tribuum,
1832 1750 1878 1809 Β
1908 1725 2065 1778 nimis
2099 1727 2357 1780 relaxent.
2396 1728 2489 1781 Ubi
2531 1739 2584 1781 et
2622 1729 2756 1783 bene
2787 1732 2980 1785 dicitur
3008 1751 3021 1785 :
3054 1734 3337 1790 Tondentcs
3381 1750 3496 1793 ton-

249 1844 545 1896 nequaquam
629 1829 863 1882 libenter
929 1827 1239 1880 audiuntur.
1321 1827 1539 1894 Egentis
1605 1829 1801 1879 etenim

251 1937 455 1981 mentem
489 1922 744 1975 doctrina?
772 1935 953 1972 sermo
986 1934 1088 1971 non
1122 1927 1389 1986 penetrat,
1419 1917 1463 1970 si
1499 1918 1635 1971 hunc
1664 1917 1803 1983 apud

248 2032 348 2083 ejus
373 2027 600 2066 animum
645 2025 833 2064 manus
876 2008 1255 2063 misericordim
1296 2024 1400 2061 non
1441 2008 1802 2061 commendat.

248 2104 383 2157 Tunc
417 2111 588 2155 autem
640 2099 773 2152 verbi
823 2114 1009 2153 semen
1063 2098 1214 2150 facile
1264 2098 1551 2165 germinat,
1595 2096 1808 2164 quando

251 2197 335 2248 hoc
383 2196 428 2245 in
468 2192 729 2245 audientis
779 2201 997 2258 pectore
1050 2193 1217 2258 pietas
1263 2188 1600 2254 prmdicantis
1649 2187 1846 2256 rigat.~

257 2285 383 2339 Unde
410 2292 675 2337 rectorem
707 2298 929 2335 necesse
958 2290 1041 2333 est
1073 2294 1126 2334 ut
1155 2282 1409 2332 interiora
1440 2278 1606 2346 possit
1633 2277 1807 2330 infun-

255 2380 376 2439 dere,
404 2373 728 2439 cogitatione
758 2373 972 2425 innoxia
1006 2373 1165 2423 etiam
1199 2369 1468 2424 exteriora
1499 2366 1802 2437 providere.

255 2468 326 2521 Sic
349 2469 511 2533 itaque
545 2465 795 2518 Pastores
822 2477 946 2531 erga
976 2462 1228 2515 interiora
1260 2460 1436 2512 Studia
1465 2458 1805 2512 subditorum

255 2572 426 2611 suorum
470 2555 741 2619 ferveant,
772 2565 1034 2622 quatenus
1064 2552 1116 2604 in
1162 2551 1240 2605 eis
1271 2550 1553 2604 exterioris
1592 2564 1807 2619 quoque

254 2652 348 2701 vine
376 2645 762 2714 providentiam
814 2660 919 2697 non
948 2643 1267 2711 relinquant.
1320 2641 1449 2695 Nam
1478 2639 1625 2710 quasi
1664 2640 1806 2709 jure,

256 2748 298 2790 ut
317 2737 556 2799 diximus,
608 2749 637 2786 a
690 2733 1031 2803 percipienda
1064 2731 1444 2801 praatlicatione
1475 2732 1648 2801 gregis
1688 2731 1807 2783 ani-

252 2843 348 2881 mus
374 2826 655 2895 frangitur,
708 2824 753 2877 si
785 2838 910 2877 cura
956 2824 1238 2876 exterioris
1286 2822 1509 2876 subsidii
1540 2837 1569 2875 a
1598 2832 1811 2890 pastore

255 2919 541 2988 negligatur.
579 2918 733 2972 Unde
761 2927 815 2969 et
842 2916 1041 2985 primus
1074 2924 1255 2984 pastor
1280 2914 1509 2969 sollicite
1538 2918 1809 2979 adtnOnet,

250 3010 439 3062 dicens:
465 3008 717 3062 Seniorcs
756 3008 845 3075 qui
874 3008 924 3058 in
952 3006 1086 3058 vobis
1127 3016 1268 3069 sunt,
1314 3006 1519 3058 obsecro
1547 3006 1813 3058 consenior

1909 1820 2055 1866 o’eant
2082 1820 2249 1883 capita
2270 1834 2362 1868 sua
2385 1818 2613 1887 (Ibid);
2646 1832 2698 1871 ut
2730 1821 2976 1876 videlicet
3008 1833 3028 1858 ο
3056 1840 3196 1877 cura:
3232 1839 3497 1895 tempora-

1911 1908 1973 1961 lis
2013 1909 2385 1961 sollicitudinis
2427 1920 2482 1963 ct
2518 1923 2775 1978 quantum
2828 1930 3048 1968 incesse
3088 1927 3171 1970 est
3217 1923 3496 1987 prodeant,

1910 2008 1963 2052 et
1994 2011 2167 2052 tamen
2215 2002 2519 2055 recidantur
2545 2003 2722 2068 citius,
2766 2021 2832 2059 ne
2862 2007 3264 2063 immoderatius
3309 2029 3496 2067 exere-

1910 2104 2082 2143 scant.
2134 2094 2263 2142 llum
2300 2093 2453 2159 igitur
2482 2102 2535 2144 et.
2575 2110 2669 2160 per
2704 2094 3129 2151 administratam
3175 2105 3494 2155 exteriorem

1912 2178 2298 2244 providentiam
2348 2196 2632 2248 corporum
2676 2185 2779 2235 vita
2827 2189 3153 2255 protegitur,
3216 2202 3267 2242 et
3319 2209 3500 2246 rursus

1917 2268 2061 2337 ‘per
2101 2271 2426 2323 moderatam
2450 2273 2627 2327 cordis
2655 2274 3002 2329 intentionem
3045 2294 3148 2331 non
3194 2280 3497 2348 impeditur,

1909 2360 2086 2427 capilli
2137 2361 2187 2411 in
2237 2361 2408 2429 capite
2448 2363 2742 2417 sacerdotis
2789 2377 2842 2419 et
2890 2380 3170 2421 servantur
3219 2384 3273 2422 ut
3321 2383 3495 2428 cutem

1911 2452 2237 2519 cooperiant,
2271 2460 2328 2504 et
2358 2464 2665 2507 resecantur
2694 2472 2758 2509 ne
2788 2457 2973 2511 oculos
3002 2458 3271 2513 claudant.

2328 2568 2552 2623 CAPUT
2592 2568 2725 2622 vni.
2769 2568 2874 2641 [AL
2902 2570 3083 2641 xum

1952 2657 2036 2713 Ne
2067 2660 2267 2728 placere
2298 2672 2463 2734 rector
2492 2677 2583 2712 suo
2613 2662 2781 2734 etauio
2804 2661 3088 2734 hominibus
3120 2676 3346 2734 appetat,
3380 2671 3467 2721 sed

2128 2743 2296 2783 tamen
2336 2733 2400 2782 ad
2426 2738 2558 2798 quod
2584 2732 2785 2800 placere
2810 2733 3003 2797 debeat,
3037 2732 3285 2788 intendat.

1987 2821 2127 2876 Inter
2170 2822 2281 2874 ltarc
2312 2839 2522 2891 quoque
2565 2839 2783 2878 lit'Ct‘SSG
2830 2837 2906 2879 est
2957 2836 3015 2879 ut
3059 2838 3232 2881 rector
3280 2835 3503 2885 solerter

1916 2916 2171 2983 invrgilet,
2208 2929 2273 2968 ne
2300 2917 2440 2968 hunc
2468 2917 2660 2983 cupido
2689 2918 2929 2984 placendi
2964 2920 3269 2974 hominibus
3298 2924 3499 2989 pulset;

1917 3020 1985 3058 ne
2032 3020 2151 3058 cum
2195 3007 2437 3060 studiose
2488 3007 2738 3060 interiora
2791 3017 3070 3076 penetrat,
3116 3025 3235 3063 cum
3287 3012 3505 3079 provide

249 3115 285 3155 et
318 3104 436 3154 testis
472 3100 675 3155 Christi
717 3102 1032 3167 passionum,
1078 3116 1159 3167 qui
1199 3110 1247 3151 et
1280 3101 1390 3167 ejus
1417 3114 1532 3167 qua?
1560 3100 1607 3150 in
1642 3100 1813 3166 futuro
1842 3120 1888 3181 ο
1917 3101 2184 3152 exteriora
2230 3098 2632 3166 subministrat,
2680 3114 2739 3153 se
2788 3101 2957 3170 magis
3004 3118 3033 3152 ει
3080 3101 3311 3155 subditis
3356 3103 3500 3172 diligi

250 3195 485 3248 rerelanda
504 3206 604 3254 est,
631 3195 814 3263 glorite
840 3194 1261 3253 communicatur,
1282 3193 1473 3261 pascite
1496 3193 1582 3261 qui
1607 3192 1657 3244 in
1681 3193 1817 3244 vobis

249 3296 312 3336 est
352 3302 529 3355 gregem
559 3284 659 3337 Dei
682 3282 738 3355 (Ι
762 3282 879 3337 Pet.
908 3299 958 3348 v,
990 3286 1065 3351 1).
1115 3285 1211 3348 Qui
1244 3285 1343 3336 hoc
1394 3284 1445 3335 in
1476 3284 1593 3336 loco
1624 3284 1818 3349 pastio-

248 3390 358 3431 nem
388 3379 552 3430 cordis
571 3389 648 3429 'an
684 3376 931 3444 corporis
960 3376 1206 3428 suaderet
1241 3374 1469 3442 aperuit,
1503 3389 1625 3427 cum
1658 3375 1822 3440 proti-

248 3483 335 3520 nus
361 3468 592 3531 adiunxit
623 3484 636 3519 :
669 3466 999 3520 Providentes
1024 3464 1048 3501 δ
1073 3482 1173 3517 ηοη
1197 3475 1390 3529 com-te,
1416 3464 1503 3517 sed
1545 3479 1821 3534 spontanee

248 3561 492 3611 secundum
518 3560 717 3623 Deum,
746 3575 905 3627 neque
929 3558 1091 3626 turpis
1116 3558 1243 3609 lucri
1266 3560 1453 3626 gratia,
1479 3561 1570 3609 sed
1590 3557 1823 3610 volunta-

248 3650 324 3701 rie.
361 3650 559 3715 Quibus
612 3649 852 3718 profecto
893 3648 1067 3701 verbis
1110 3646 1408 3714 pastoribus
1440 3647 1523 3715 pie
1556 3662 1823 3715 praecave-

248 3755 333 3806 tnr,
360 3760 419 3797 ne
446 3745 573 3797 dum
640 3742 1004 3811 subiectorum
1041 3751 1062 3778 ο
1096 3742 1329 3809 inopiam
1375 3742 1588 3806 satiant,
1618 3754 1677 3793 se
1707 3755 1823 3791 mu-

241 3851 379 3888 crone
409 3835 735 3889 ambitionis
772 3831 1044 3895 occidant,
1094 3847 1159 3884 ne
1199 3846 1319 3884 cum
1370 3846 1462 3898 per
1501 3845 1594 3883 eos
1644 3832 1823 3883 carnis

242 3928 458 3981 subsidiis
492 3926 827 3981 reficiuntur
855 3922 1103 3991 proximi,
1138 3921 1235 3989 ipsi
1267 3926 1584 3974 remaneant
1609 3934 1637 3973 a
1667 3920 1823 3989 justi-

240 4022 311 4070 ιιι]
354 4036 484 4088 pane
528 4018 745 4089 jejuni.
793 4013 821 4051 (ι
872 4014 1017 4067 lianc
1066 4014 1345 4067 Pastorum
1409 4012 1823 4066 sollicitudinem

245 4109 412 4163 Paulus
441 4112 673 4171 excitat,
708 4106 894 4161 dicens
925 4122 937 4157 :
972 4104 1071 4169 Qui
1101 4121 1333 4166 suorum,
1386 4113 1433 4156 et
1470 4108 1689 4155 maxime
1728 4104 1826 4155 do-

240 4204 539 4253 mesticorum
578 4214 771 4253 curam
802 4212 902 4250 non
925 4196 1094 4261 habet,
1119 4197 1271 4263 [idem
1309 4197 1532 4263 negavit,
1566 4203 1613 4247 et
1643 4205 1713 4248 est
1748 4200 1827 4247 in-

241 4292 361 4354 ﬁdeli
398 4294 623 4345 deterior
663 4288 723 4359 (I
755 4288 890 4341 Tim.
924 4303 987 4351 v,
1021 4287 1100 4355 8).
1153 4288 1295 4341 Inter
1327 4288 1440 4339 base
1488 4287 1668 4355 itaque
1714 4302 1829 4341 me-

240 4384 467 4436 tuendum
516 4396 750 4450 semper
799 4389 902 4447 est,
954 4389 1007 4433 et
1056 4379 1332 4448 vigilanter
1379 4378 1710 4442 intuendum,
1761 4394 1829 4433 ne

1921 3202 2079 3255 quam
2114 3188 2389 3240 veritatem
2421 3198 2656 3255 quaerat;
2692 3205 2756 3242 ne
2782 3204 2929 3254 cum,
2960 3191 3111 3243 bonis
3156 3193 3362 3246 actibus
3407 3195 3506 3247 ful-

1925 3288 2027 3340 tus,
2070 3292 2097 3329 a
2132 3278 2329 3329 mundo
2378 3278 2586 3330 videtur
2628 3279 2862 3342 alienus,
2904 3281 3045 3334 lnmc
3083 3287 3284 3335 auctori
3323 3284 3508 3339 reddat

1923 3380 2236 3422 extraneum
2283 3383 2433 3421 amor
2470 3383 2618 3423 suus.
2665 3370 2842 3425 Hostis
2886 3387 3111 3441 natnqoe
3136 3374 3509 3445 Redemptoris

1923 3473 2024 3526 est,
2054 3462 2146 3530 qui
2175 3477 2268 3530 per
2296 3474 2439 3515 recta
2472 3478 2633 3530 opera
2675 3478 2792 3531 quae
2830 3464 2975 3529 facit,
3007 3468 3122 3533 eius
3154 3471 3267 3522 vice
3304 3472 3371 3521 ab
3411 3470 3510 3523 Ec-

1924 3554 2087 3607 clesia
2130 3554 2296 3607 amari
2346 3554 2695 3622 concupiscit,
2731 3556 2851 3623 quia
2882 3556 3194 3609 adulterina:
3242 3570 3511 3625 Cogitatto~

1928 3647 2013 3700 nis
2047 3661 2171 3698 reus
2213 3654 2317 3711 est,
2354 3647 2396 3697 si
2431 3645 2641 3713 placere
2688 3663 2816 3713 puer
2845 3663 3054 3714 sponsa:
3086 3649 3253 3702 oculis
3288 3652 3509 3717 appetit,

1929 3754 2024 3807 per
2074 3753 2230 3807 quem
2269 3752 2499 3807 sponsus
2543 3738 2681 3791 dona
2732 3738 3048 3792 transmisit.
3115 3739 3213 3806 Qui
3262 3741 3510 3795 nimirum

1925 3846 2073 3885 amor
2121 3832 2370 3899 proprius
2418 3846 2538 3884 cum
2591 3834 2814 3886 rectoris
2865 3843 3098 3887 mentem
3146 3838 3372 3903 ceperit,
3416 3838 3513 3891 ali-

1928 3923 2139 3991 quando
2163 3927 2300 3977 bane
2325 3922 2624 3977 inordinate
2652 3925 2715 3976 ad
2743 3925 3036 3989 mollitiem,
3068 3926 3353 3995 aliquando
3382 3944 3509 3982 vero

1929 4014 1996 4068 ad
2039 4014 2382 4083 asperitatem
2429 4015 2586 4082 rapit.
2638 4017 2713 4069 Ex
2752 4032 2936 4071 amore
2976 4020 3170 4072 etenim
3218 4034 3314 4073 suo
3366 4038 3513 4076 mens

1931 4108 2156 4161 rectoris
2202 4107 2254 4160 in
2297 4107 2580 4162 mollitiem
2613 4109 2864 4174 vertitur;
2900 4111 3022 4178 quia
3072 4127 3192 4165 cum
3235 4126 3516 4180 peccantes

1931 4197 2176 4253 subditos
2217 4197 2456 4266 respicit,
2488 4214 2555 4251 ne
2596 4214 2723 4268 erga
2758 4199 2897 4253 hunc
2944 4216 3129 4255 eorum
3160 4202 3378 4257 dilectio
3413 4215 3494 4258 tor

1933 4297 2083 4358 peat,
2131 4288 2402 4355 corripere
2450 4303 2554 4341 non
2604 4292 2917 4358 praesumit;
2961 4306 3341 4362 nonnunquam
3394 4311 3518 4349 vero

1932 4391 2105 4436 errata
2134 4380 2466 4435 subditorum
2497 4395 2615 4448 quae
2647 4382 2923 4446 increpare
2950 4383 3231 4448 debuerat,
3258 4384 3516 4440 adulatur

242 4474 343 4525 dum
374 4488 496 4528 cura
532 4475 606 4526 ab
657 4473 746 4526 eis
777 4472 1010 4524 exterior
1050 4469 1244 4537 agitur,
1294 4470 1361 4523 ab
1401 4470 1606 4523 interna
1656 4473 1829 4525 inten-
1860 4494 1909 4553 ι)
1936 4475 2092 4528 nibus
2130 4472 2418 4527 demulcet.
2453 4472 2606 4528 Unde
2645 4472 2780 4527 bene
2812 4488 2905 4540 per
2935 4473 3251 4542 prophetam
3291 4476 3520 4529 dicitur:

242 4564 363 4618 tione
391 4575 747 4635 mergantur.
798 4563 1120 4629 Plerumque
1164 4562 1327 4626 enim,
1376 4573 1429 4614 ut
1462 4561 1828 4629 prtediximns,

240 4658 372 4708 corda
418 4667 707 4710 rectorum
762 4654 887 4705 dum
923 4653 1197 4719 temporali
1246 4652 1589 4706 sollicitudini
1622 4654 1833 4709 incaute

242 4748 545 4817 deserviunt,
603 4749 683 4801 ab
740 4747 931 4800 intimo
973 4761 1159 4798 amore
1209 4745 1533 4813 frigescunt;
1588 4757 1641 4799 et
1689 4747 1831 4800 foras

248 4836 345 4889 fusa
369 4840 607 4892 oblivisci
639 4838 756 4908 27
785 4852 889 4888 non
917 4845 1180 4899 metuunt,
1204 4836 1324 4903 quia
1357 4838 1655 4890 animarum
1689 4840 1828 4907 regi-

243 4930 367 4983 mina
394 4939 790 5001 susceperunt.
824 4928 1143 4983 Sollicitudo
1173 4945 1301 4997 ergo
1334 4946 1451 4993 qlia:
1480 4932 1707 4983 subditis
1736 4947 1832 4985 ex-

240 5022 383 5073 terius
420 5022 799 5089 impenditur,
841 5021 940 5073 sub
988 5030 1133 5072 certa
1181 5036 1401 5073 necesse
1451 5032 1531 5074 est
1580 5038 1826 5075 mensura

236 5134 502 5188 roluntate.
552 5133 874 5201 Sequimur
904 5131 1179 5195 Trecens.,
1212 5131 1373 5185 Corb.
1426 5142 1480 5185 et
1524 5134 1657 5188 alios
1700 5150 1831 5202 quos

240 5204 463 5258 Editores
492 5218 705 5256 omnes
739 5210 1138 5269 expresserunt.

297 5283 319 5308 "
358 5275 573 5328 Primus
606 5274 789 5334 Aud.,
820 5270 1150 5338 evquisitiori
1181 5286 1362 5331 sensu,
1394 5286 1686 5327 occurrunt.

295 5344 316 5381 δ
354 5347 542 5407 (ὲιπὶιη
581 5346 751 5396 Belv.
787 5352 842 5393 et
872 5344 1137 5394 secundus
1170 5343 1415 5406 Carnot.,
1466 5358 1564 5396 non
1605 5355 1826 5399 coactos.

237 5412 366 5467 Prior
390 5416 651 5474 Carnot.,
688 5429 799 5463 non
823 5413 1003 5472 coacti,
1032 5414 1119 5462 sed
1142 5415 1421 5479 spontanci.

301 5494 321 5522 ‘
356 5486 495 5539 ldent
523 5487 773 5537 (larum.
804 5494 857 5534 et
886 5484 1084 5546 primus
1110 5484 1270 5547 Aud.,
1303 5483 1529 5550 inopiam
1553 5487 1794 5538 sentiant.

297 5558 318 5590 ιι
354 5556 645 5610 secundus
680 5554 935 5613 ωλι-ηομ,
965 5550 1102 5602 llinc
1126 5564 1403 5619 pastorum.

297 5636 316 5661 ο
353 5626 541 5688 θυι-[ιη
579 5639 721 5676 eum
763 5622 1053 5682 nonnullis,
1082 5636 1216 5673 Cura:
1248 5627 1539 5690 (corporalis
1579 5626 1836 5680 sollicitu-

250 5696 380 5753 διιιινδ.
415 5697 619 5759 Lamt,
652 5707 809 5746 cura:
833 5691 1135 5756 temporales
1166 5693 1554 5748 sollicitudines.

550 5788 853 5844 PATBOL.
918 5780 1235 5841 LXXVI].

1948 4564 2033 4618 γω
2054 4564 2128 4616 bis
2148 4565 2233 4633 qui
2255 4572 2503 4618 consuunt
2525 4563 2769 4628 pulvillos
2801 4564 2893 4616 sub
2916 4565 3053 4616 omni
3077 4575 3099 4611 ε
3126 4564 3293 4618 cubito
3315 4582 3521 4630 manus,

1934 4665 1982 4708 et
2015 4655 2212 4724 faciunt
2248 4654 2512 4706 cervicalia
2550 4654 2641 4704 sub
2670 4658 2830 4721 capite
2866 4653 3115 4706 universa:
3142 4656 3307 4707 celatis
3339 4656 3404 4707 ad
3441 4672 3523 4708 ca-

1936 4748 2152 4817 piendas
2186 4750 2385 4800 animas
2409 4747 2619 4815 (Ezeclt.
2646 4762 2761 4809 xm,
2790 4744 2899 4815 18).
2932 4746 3180 4801 Pulvillus
3207 4750 3402 4817 quippe
3428 4750 3523 4801 sub

1943 4843 2088 4894 omni
2120 4840 2305 4893 cubito
2337 4855 2525 4891 manus
2553 4853 2772 4906 ponere,
2802 4849 2883 4891 est
2908 4838 3159 4892 cadentes
3188 4857 3213 4889 a
3247 4855 3337 4892 sua
3369 4841 3522 4893 recti—

1939 4935 2122 4988 tudine
2163 4935 2392 4996 animas,
2442 4942 2602 5000 atque
2650 4935 2701 4985 in
2736 4932 2890 4999 bujus
2940 4933 3123 4985 mundi
3154 4948 3210 4985 se
3239 4933 3264 4966 ’λ
3294 4936 3526 4993 delecta-

1940 5025 2077 5079 tione
2107 5027 2447 5090 reclinantes,
2485 5026 2675 5077 blanda
2716 5022 3022 5075 adulatione
3057 5021 3325 5076 refovete.
3362 5024 3526 5087 Quasi

2014 5136 2032 5174 τ
2080 5138 2133 5190 In
2169 5137 2306 5191 Edit.
2342 5138 2511 5190 Paris.
2544 5133 2703 5200 1518,
2741 5134 2907 5188 Gilot.
2940 5143 2993 5187 et
3022 5133 3184 5201 plur.,
3230 5152 3318 5202 per
3347 5136 3526 5186 immo-

1938 5210 2190 5261 deratam.
2240 5208 2440 5271 Quibus
2495 5206 2855 5273 suffragantur
2898 5210 3045 5256 ιιιιιιιι
3085 5204 3235 5266 Mss,
3272 5206 3388 5259 scil.
3422 5216 3527 5259 tres

1939 5280 2182 5343 Carnot.,
2209 5280 2313 5331 duo
2338 5278 2502 5342 And.,
2528 5278 2652 5345 Lyr.
2678 5286 2731 5328 et
2765 5275 2951 5328 tertius
2980 5275 3183 5328 tlemet.
3212 5276 3379 5329 Serus
3409 5278 3526 5343 alii,

1942 5351 2238 5417 prtesertim
2272 5349 2451 5413 'l‘rec.,
2485 5364 2640 5415 quem
2673 5361 2853 5399 errare
2885 5362 3144 5411 nusquam
3170 5347 3514 5415 deprellendi-

1940 5436 2082 5483 mus,
2121 5420 2217 5473 nisi
2254 5419 2337 5470 ubi
2371 5420 2569 5470 recenti
2600 5434 2757 5468 manu
2792 5426 3072 5483 corruptus
3106 5418 3221 5469 fuit.

2016 5500 2041 5536 ε
2078 5492 2187 5542 Duo
2215 5490 2421 5557 priores
2446 5488 2654 5542 Getnet.
2692 5488 2776 5539 hic
2801 5501 2851 5541 et
2876 5488 3149 5555 deincep-,
3177 5488 3379 5551 cubita;
3404 5500 3539 5539 con-

1944 5561 2183 5616 sentiunt
2214 5562 2336 5629 Lyr.
2371 5572 2423 5611 et
2448 5562 2716 5612 secundus
2745 5560 2882 5613 And.

2015 5630 2043 5666 1³
2086 5633 2197 5685 Duo
2228 5647 2309 5700 pr.
2341 5632 2573 5697 (iemet.,
2607 5631 2895 5683 dilectione.

3097 5786 3132 5841 3
