3968 6304
520 238 584 289 45
1715 241 1954 296 S.\NCTI
1992 237 2319 295 GREOORII
2365 237 2570 291 MAGNl
3713 234 3773 284 Η

507 363 648 415 enim
681 358 902 428 pulvillo
927 359 1155 424 cubitus,
1189 359 1268 413 vel
1292 359 1640 414 cervicalibus
1670 371 1827 424 caput
1855 358 2082 426 jacentis
2112 357 2158 412 A

505 454 791 522 excipitur,
821 466 939 506 cum
989 451 1337 518 correptionis
1366 451 1560 505 duritia
1593 451 1828 517 peccanti
1871 450 2084 502 subtra-

511 546 670 608 hitur,
699 543 853 614 eique
888 543 1139 597 mollities
1169 542 1367 597 favoris
1397 543 1696 608 adhibetur,
1733 552 1788 594 ut
1820 542 1869 594 io
1898 557 2082 595 errore

506 637 736 690 molliter
767 635 957 702 iaceat,
987 650 1144 703 quem
1176 635 1316 688 nulla
1345 634 1605 702 asperitas
1636 633 2078 687 contradictionis

505 728 697 794 pulsat.
747 728 851 781 Sed
902 726 1016 780 haec
1063 738 1320 792 rectores,
1353 727 1460 795 28
1503 726 1588 793 qui
1621 725 1935 791 semetipsos
1962 724 2055 776 dili

502 829 646 884 gunt,
697 819 778 872 his
795 815 982 885 procul
1009 818 1172 869 dubio
1201 816 1474 880 exhibent,
1501 831 1528 869 a
1569 814 1763 884 quibus
1803 831 1860 867 se
1900 815 2078 867 noceri

502 925 655 977 posse
684 910 736 964 in
775 908 951 963 studio
977 909 1159 977 gloriae
1192 908 1497 977 temporalis
1528 907 1736 960 timent.
1788 905 1917 958 Nam
1946 919 2080 971 quos

501 1006 568 1059 nil
610 1013 791 1058 contra
823 1019 884 1058 se
913 1004 1088 1058 valere
1115 1004 1472 1069 conspiciunt,
1502 1003 1597 1056 bos
1629 1003 1878 1055 nimirum
1923 1016 2079 1069 aspe-

500 1097 650 1150 ritate
682 1095 864 1164 rigidre
904 1110 1118 1162 semper
1165 1094 1478 1148 invectiouis
1509 1099 1774 1160 premunt,
1809 1105 2076 1160 nunquam

497 1191 787 1244 clementer
825 1189 1134 1248 admooent,
1177 1185 1271 1239 sed
1323 1184 1604 1252 pastoralis
1656 1181 2078 1236 mansuetudinis

495 1279 672 1342 obliti,
717 1277 837 1347 jure
880 1276 1259 1329 dominationis
1327 1282 1548 1327 terrent.
1597 1274 1738 1338 Quos
1790 1282 1935 1326 recte
1984 1287 2078 1339 per

498 1372 811 1439 prophetam
858 1369 1032 1424 divina
1073 1383 1170 1421 vox
1216 1366 1474 1434 increpat,
1509 1368 1730 1421 dicens:
1773 1365 1870 1419 Vos
1910 1377 2074 1418 autem

494 1481 603 1514 rum
634 1463 929 1515 austeritate
957 1459 1279 1530 imperabatis
1309 1460 1378 1512 eis
1402 1469 1446 1512 et
1477 1476 1590 1512 cum
1616 1461 1836 1525 potentia
1861 1457 2071 1528 (Επειδὴ.

498 1570 693 1616 xxxtv,
727 1554 805 1624 li).
851 1553 974 1607 Plus
1003 1553 1144 1606 enim
1191 1567 1250 1605 se
1281 1567 1378 1606 suo
1418 1565 1636 1606 aucmre
1663 1552 1965 1621 diligentes,
1993 1551 2074 1616 ja-

493 1655 695 1698 ctanter
724 1660 846 1711 erga
888 1644 1126 1698 subd.tos
1155 1657 1213 1696 se
1245 1645 1471 1710 erigunt,
1509 1657 1605 1695 nec
1637 1642 1760 1706 ιιιιὶιι
1793 1657 1951 1705 agere
1979 1641 2070 1692 de-

494 1742 672 1801 beant,
698 1738 790 1791 sed
819 1737 942 1805 quid
974 1737 1184 1790 valeant
1211 1737 1521 1800 attendunt;
1552 1737 1621 1789 nil
1648 1737 1712 1787 de
1730 1732 2071 1801 subsequenti
2108 1728 2151 1785 Β

493 1827 693 1895 indicio
747 1835 1025 1890 metuunt,
1086 1827 1324 1896 improbe
1370 1828 1435 1880 de
1486 1827 1761 1893 temporali
1816 1834 2072 1893 potestate

487 1920 810 1985 gloriantur;
845 1917 969 1972 libet
999 1926 1055 1970 ut
1083 1917 1300 1972 licenter
1331 1928 1384 1970 et
1414 1918 1594 1971 illicita
1626 1917 1839 1983 faciant,
1863 1924 1914 1967 et
1947 1915 2072 1966 sub-

487 2013 716 2066 ditorum
750 2027 905 2065 nemo
945 2011 1296 2065 contradicat.
1331 2009 1430 2076 Qui
1463 2024 1590 2078 ergo
1619 2018 1674 2061 et
1706 2021 1864 2076 prava
1895 2007 2074 2060 studet

487 2119 674 2168 agere,
710 2113 764 2156 et
807 2114 983 2154 tamen
1029 2101 1092 2154 ad
1135 2101 1248 2154 hinc
1278 2103 1389 2154 vult
1423 2110 1648 2154 cmteros
1695 2109 1906 2164 tacere,
1956 2100 2071 2168 ipse

490 2196 702 2249 sibimet
731 2195 881 2248 testis
909 2206 1009 2258 est,
1040 2193 1160 2262 quia
1190 2193 1309 2261 plus
1340 2194 1562 2247 veritate
1592 2209 1649 2246 se
1670 2194 1872 2261 appetit
1898 2193 2067 2261 diligi,

487 2303 643 2355 quam
688 2295 871 2340 contra
912 2302 969 2339 se
1003 2301 1105 2338 non
1137 2286 1249 2337 vult
1286 2283 1520 2340 defendi.
1569 2285 1736 2339 Nemo
1764 2285 1960 2355 quippe
1987 2295 2072 2339 est

490 2378 577 2442 qui
612 2378 681 2430 ita
714 2377 874 2439 vivat,
910 2383 969 2428 ut
996 2375 1330 2442 aliquatenus
1361 2388 1464 2427 non
1495 2374 1789 2444 delinquat.
1825 2376 1917 2430 Ille
1943 2390 2067 2445 ergo

486 2484 544 2523 se
588 2471 706 2536 ipso
742 2469 968 2534 amplius
998 2468 1271 2521 veritatem
1315 2465 1584 2521 desiderat
1624 2470 1810 2532 amari,
1844 2468 1930 2537 qtti
1971 2469 2068 2526 sibi

487 2577 514 2613 a
549 2562 694 2615 nullo
724 2562 833 2613 vult
859 2570 1041 2613 contra
1074 2560 1352 2613 veritatem
1385 2559 1550 2626 parci.
1586 2559 1719 2612 llinc
1744 2560 1939 2613 etenim
1969 2559 2070 2613 Pe-

486 2664 601 2707 trus
647 2653 1062 2707 incremtionem
1092 2652 1239 2706 Pauli
1284 2651 1512 2706 libenter
1543 2652 1748 2720 accepit
1778 2651 1974 2723 (Galat.
2007 2669 2067 2719 Il,

489 2748 611 2813 H);
645 2745 767 2798 hinc
796 2745 956 2798 David
990 2745 1383 2814 correptionem
1427 2744 1624 2798 subditi
1661 2745 1929 2798 humiliter
1975 2760 2069 2798 au-

487 2839 613 2891 divit
642 2836 728 2907 (11
758 2839 883 2908 ch.
914 2854 1014 2906 xu,
1041 2839 1128 2906 7);
1187 2838 1310 2904 quia
1357 2848 1599 2890 rectores
1643 2837 1766 2890 boni
1798 2837 1922 2889 dum
1972 2838 2070 2900 pri-

489 2942 610 2984 vato
633 2932 852 2998 diligere
883 2946 1065 2984 amore
1091 2945 1149 2984 se
1178 2931 1441 2990 nesciunt,
1478 2930 1657 2982 liberm
1689 2928 1933 2993 puritatis
1961 2944 2069 2980 ver-

489 3021 608 3074 bunt
655 3035 684 3073 a
714 3020 939 3073 subditis
975 3019 1287 3087 obsequium
1319 3019 1635 3072 humilitatis
1674 3018 1920 3071 credunt.
1962 3018 2065 3071 Sed

2651 351 2875 406 CAPUT
2917 352 2984 406 ιχ
3027 352 3130 422 ιΑι.
3165 349 3311 422 XX].

2193 445 2340 508 Quod
2370 461 2498 496 seire
2533 444 2749 496 sollicite
2784 453 2950 496 rector
2978 443 3152 509 debet,
3178 445 3296 510 quia
3330 443 3626 512 plerumque
3651 446 3769 498 vitia

2580 517 2787 566 virtutes
2827 530 2879 566 se
2908 529 3014 566 esse
3046 515 3376 566 mentiuntur.

2258 604 2407 659 Scire
2432 606 2590 658 etiam
2618 615 2793 658 rector
2818 605 2975 658 debet
3000 606 3137 670 quod
3171 605 3483 672 plerumque
3515 604 3638 656 vitia
3669 607 3772 658 vir-

2187 702 2326 748 tutes
2355 709 2413 747 se
2443 709 2563 748 esse
2594 695 2938 748 mentiuntur.
2970 694 3097 746 Nam
3127 709 3268 761 saepe
3297 694 3397 746 sub
3425 693 3716 759 parcitnoni
3738 715 3764 745 ιι

2187 789 2404 838 nomine
2451 803 2508 838 se
2552 788 2750 840 tenacia
2784 788 2885 851 pall
2910 795 2982 848 at,
3015 794 3304 853 Contraque
3348 797 3406 835 se
3435 784 3626 836 ell‘usio
3670 784 3764 836 sub

2185 876 2541 943 appellatione
2581 877 2839 942 largitatis
2879 876 3136 928 occultat.
3172 874 3325 941 Sarpe
3352 874 3648 928 inordinata
3684 890 3766 926 re-

2187 965 2372 1018 missio
2404 967 2572 1033 pictas
2612 968 2868 1033 creditur,
2896 976 2951 1020 et
2977 965 3230 1019 eﬂrenata
3275 965 3352 1018 ira
3383 964 3637 1032 spiritalis
3668 965 3766 1018 zeli

2183 1056 2354 1108 virtus
2395 1059 2704 1110 aestimatur.
2745 1057 2901 1123 Sarpe
2932 1055 3256 1125 praicipitata
3301 1056 3442 1107 actio
3469 1055 3766 1109 velocitatis

2183 1147 2438 1210 efficacia,
2485 1161 2642 1217 atque
2686 1148 2877 1214 agendi
2921 1147 3144 1201 tarditas
3176 1149 3285 1217 29
3311 1147 3591 1215 gravitatis
3641 1162 3765 1200 cou-

2181 1238 2359 1291 siliutn
2387 1250 2616 1304 putatur.
2647 1239 2795 1293 Unde
2822 1252 3042 1294 necesse
3071 1249 3154 1293 est
3185 1249 3241 1291 ut
3267 1247 3445 1292 rector
3470 1241 3763 1292 auitnariuu

2183 1325 2407 1380 virtutes
2442 1343 2505 1380 ac
2536 1330 2656 1382 vitia
2692 1329 2928 1396 vigilanti
2969 1343 3091 1382 cura
3137 1329 3427 1394 discernat,
3461 1343 3529 1382 ne
3557 1337 3650 1381 aut
3677 1345 3764 1382 cor

2181 1418 2395 1471 tenacia
2427 1429 2675 1485 occupet,
2707 1429 2760 1471 et
2791 1433 3005 1486 parcunt
3037 1433 3094 1471 se
3125 1417 3291 1470 videri
3336 1419 3388 1470 iu
3415 1417 3765 1484 dispensatio-

2180 1507 2334 1562 nibus
2363 1508 2621 1572 exsultet;
2663 1520 2750 1560 aut
2781 1524 2900 1561 eum
2943 1508 3108 1561 effuse
3139 1506 3165 1545 ι’
3192 1507 3320 1576 quid
3349 1508 3612 1574 perditur,
3664 1507 3765 1560 lar-

2177 1615 2299 1668 gum
2341 1617 2399 1654 se
2438 1603 2586 1668 quasi
2629 1603 2933 1655 miserando
2973 1604 3263 1671 glorietur;
3307 1613 3400 1655 aut
3445 1603 3764 1656 remittendo

2180 1694 2318 1757 quod
2366 1694 2525 1748 ferire
2577 1693 2799 1758 debuit,
2848 1695 2914 1747 ad
2967 1703 3164 1747 aeterna
3215 1696 3473 1764 supplicia
3527 1695 3762 1748 subditos

2181 1786 2482 1850 pertrahat;
2515 1786 2929 1839 autimmaniter
2972 1783 3211 1840 feriendo
3239 1787 3379 1854 quod
3406 1786 3762 1855 delinquitur,

2179 1877 2292 1943 ipse
2339 1877 2555 1943 gravius
2598 1877 2901 1945 delinquat;
2948 1889 3035 1932 aut
3079 1879 3178 1932 hoc
3215 1877 3356 1946 quod
3401 1879 3484 1946 agi
3531 1887 3677 1932 recte
3705 1893 3762 1929 ac

2177 1969 2414 2036 graviter
2459 1969 2647 2038 potuit,
2699 1971 2982 2025 immature
3031 1972 3359 2038 przevenieus
3407 1973 3631 2039 leviget;
3677 1980 3760 2024 aut

2178 2059 2334 2114 bona:
2399 2061 2627 2117 aetionis
2683 2063 2930 2118 meritum
2999 2062 3324 2128 differendo,
3391 2063 3458 2117 ad
3503 2063 3761 2118 deteriora

2181 2161 2204 2189 ε
2234 2163 2521 2220 permutet"
2632 2225 2856 2280 CAPUT
2897 2226 2942 2280 x
2983 2226 3091 2296 [Αι.
3124 2224 3310 2296 XXI].

2180 2306 2306 2372 Quae
2329 2325 2436 2363 esse
2473 2310 2614 2364 debet
2651 2313 2858 2364 rectoris
2893 2314 3129 2365 discretio
3161 2313 3495 2378 correptionis
3528 2321 3574 2364 et
3609 2310 3760 2363 dissi-

2428 2383 2739 2445 mulationis,
2767 2384 2981 2448 fervoris
3008 2393 3053 2435 et
3084 2383 3509 2434 mansuetudinis.

2247 2466 2531 2523 Sciendum
2564 2484 2772 2536 quoque
2799 2485 2882 2523 εει
2909 2470 3046 2538 quod
3076 2469 3360 2538 aliquando
3392 2468 3756 2536 subjectorum

2175 2559 2302 2614 vitia
2345 2559 2632 2628 prudenter
2675 2560 3057 2614 dissimulanda
3099 2573 3242 2624 sunt,
3288 2561 3381 2616 sed
3433 2561 3551 2629 quia
3602 2559 3760 2613 dissis

2177 2651 2464 2714 mulantur,
2513 2651 2825 2716 indicanda;
2872 2654 3158 2722 aliquando
3198 2663 3253 2707 et
3295 2665 3479 2721 aperte
3527 2652 3759 2719 cognita,

2176 2750 2381 2796 lll‘tltll‘e
2414 2743 2706 2808 toleranda,
2738 2744 3027 2811 aliquando
3061 2760 3186 2798 vero
3224 2745 3491 2798 subtiliter
3517 2754 3570 2797 et
3602 2745 3628 2779 ά
3670 2758 3757 2795 oc-

2175 2832 2318 2885 culta
2351 2837 2762 2898 perscrutanda;
2800 2836 3085 2904 aliquando
3119 2837 3309 2890 leniter
3337 2838 3627 2904 arguentla,
3661 2838 3757 2886 ali-

2177 2924 2390 2989 quando
2449 2936 2628 2980 atttem
2695 2929 3041 2982 vehementer
3091 2927 3438 2994 increpando.
3497 2927 3758 2980 Nonnulla

2175 3017 2391 3085 quippe,
2441 3029 2495 3072 ut
2541 3023 2791 3082 diximus,
2843 3025 3132 3087 prudenter
3178 3020 3565 3074 dissimulanda
3615 3031 3758 3080 Sum,

490 3113 626 3166 inter
656 3111 769 3164 haec
801 3124 1021 3165 necesse
1054 3117 1137 3164 est
1165 3118 1221 3163 ut
1252 3124 1380 3163 cura
1411 3107 1683 3175 rcgiminis
1711 3116 1852 3160 tanta
1884 3107 2067 3163 mode-
2099 3096 2143 3157 C
2177 3109 2269 3162 sed
2321 3111 2442 3178 quia
2494 3111 2925 3175 dissimulantur.
2977 3112 3290 3174 indicanda;
3343 3124 3398 3162 ut
3445 3127 3562 3162 cunt
3595 3110 3760 3163 deliu-

489 3201 704 3257 raminis
731 3211 846 3257 arte
877 3211 1223 3271 temperetur.
1258 3211 1521 3272 quatenus
1553 3202 1884 3257 subditorum
1919 3217 2072 3256 mens

488 3311 605 3350 ctun
642 3297 883 3365 qutcdam
923 3305 1069 3350 recte
1115 3297 1316 3350 sentire
1350 3299 1601 3366 potuerit,
1636 3298 1712 3352 sic
1745 3299 1795 3350 in
1830 3298 1977 3350 Vocis
2008 3297 2073 3350 li-

491 3392 749 3443 bertatem
799 3387 1038 3456 prodeat,
1081 3399 1138 3440 ut
1181 3397 1354 3442 tamen
1402 3390 1616 3441 libertas
1661 3389 1711 3440 in
1763 3389 2070 3455 superbiam

490 3497 596 3535 non
623 3489 894 3548 erumpat;
937 3497 1003 3534 ne
1032 3481 1156 3532 dum
1196 3479 1419 3533 fortasse
1443 3479 1849 3531 immoderatius
1878 3479 2071 3545 linguae

490 3574 565 3626 eis
594 3572 812 3626 libertas
843 3569 1170 3630 conceditur,
1202 3571 1322 3621 vitae
1353 3569 1419 3619 ab
1453 3568 1532 3620 his
1564 3567 1833 3619 humilitas
1863 3569 2074 3620 amitta-

491 3678 596 3721 tur.
642 3665 924 3718 Sciendum
953 3675 1161 3730 quoque
1193 3670 1273 3712 est
1304 3670 1326 3695 ⁸
1356 3660 1494 3726 quod
1523 3667 1768 3722 Oporteat
1800 3671 1855 3710 ut
1901 3669 2073 3713 recto-

493 3773 579 3812 res
611 3755 736 3809 boni
784 3754 995 3821 placere
1040 3752 1343 3804 hominibus
1393 3757 1665 3817 appetant,
1713 3748 1802 3800 sed
1858 3760 1912 3802 ut
1964 3764 2072 3801 sua:

497 3843 864 3898 :rstimationis
894 3840 1177 3894 dulcedine
1211 3839 1478 3906 proximos
1521 3840 1569 3890 in
1600 3839 1844 3890 affectum
1877 3841 2073 3890 verita-

495 3938 562 3991 tis
589 3936 820 4000 trahant,
864 3950 967 3987 non
1001 3943 1054 3985 ut
1085 3949 1142 3987 se
1174 3932 1339 3984 amari
1373 3931 1696 3995 desiderent,
1728 3931 1820 3986 sed
1853 3939 1910 3985 ut
1937 3931 2072 3984 dile-

494 4030 726 4083 ctionem
775 4041 924 4081 suam
972 4025 1118 4094 quasi
1169 4023 1451 4093 quamdam
1509 4025 1646 4076 viam
1699 4023 1924 4089 faciant,
1980 4039 2075 4090 per

495 4135 650 4187 quam
677 4119 832 4173 corda
865 4117 1188 4171 audientium
1220 4117 1284 4169 ad
1311 4132 1545 4170 amorem
1577 4114 1883 4170 Conditoris
1910 4117 2075 4169 intro-

496 4210 711 4263 ducaot.
757 4208 980 4262 Difficile
1026 4208 1218 4275 quippe
1249 4219 1353 4270 est,
1385 4217 1440 4260 ιιι
1467 4208 1756 4274 quamlibet
1807 4215 1947 4260 recta
1981 4207 2075 4260 de-

500 4302 750 4356 nuntians
787 4302 1104 4370 praedicator
1144 4303 1230 4370 qui
1273 4317 1376 4355 non
1420 4301 1672 4370 diligitur,
1723 4302 1951 4355 libenter
1984 4317 2074 4352 au-

497 4393 693 4446 diatnr.
733 4392 892 4445 Hebet
922 4406 1052 4460 ergo
1081 4391 1169 4456 qui
1212 4400 1423 4460 prtt'es‘l,
1454 4399 1506 4443 et
1548 4390 1761 4443 studere
1803 4405 1860 4442 se
1901 4389 2069 4456 diligi,

497 4491 759 4552 quatenus
789 4483 955 4551 possit
998 4482 1188 4544 audiri,
1223 4493 1272 4534 et
1306 4493 1478 4535 tamen
1513 4497 1746 4534 amorem
1790 4498 1941 4534 suum
1978 4497 2070 4550 pro
2107 4455 2154 4512 D

502 4576 790 4642 semetipso
820 4590 924 4627 non
956 4589 1228 4642 quaerere,
1263 4589 1328 4626 ne
1359 4572 1656 4626 inveniatur
1686 4573 1734 4627 ei
1759 4573 1842 4627 cui
1873 4574 2074 4628 servire

502 4681 592 4729 per
614 4665 846 4719 officium
887 4666 1143 4729 cernitur,
1177 4665 1380 4718 occulta
1425 4665 1759 4732 cogitationis
1794 4665 2074 4733 tyrannide

501 4757 775 4811 resultare.
803 4758 952 4824 Quod
988 4757 1122 4810 bene
1147 4758 1342 4809 Paulus
1376 4758 1625 4817 insinuat,
1659 4772 1776 4808 cum
1810 4755 1888 4808 sui
1923 4756 2074 4809 nobis

500 4847 660 4900 studii
706 4847 910 4900 occulta
945 4846 1270 4909 manifestat,
1300 4846 1483 4898 dicens
1525 4860 1540 4900 :
1587 4845 1732 4898 Sicut
1767 4854 1814 4897 et
1855 4861 1946 4914 ego
1992 4861 2080 4909 per

499 4938 669 4992 omnia
713 4939 944 4990 omnibus
971 4938 1142 5000 placeo
1168 4935 1218 5005 (I
1247 4936 1364 4988 Cor.
1395 4952 1450 5000 κ,
1477 4936 1587 5004 55).
1622 4936 1720 5001 Qui
1753 4945 1925 4988 tamen
1959 4952 2077 4989 rur-

498 5046 586 5080 sus
617 5031 744 5082 dicit
769 5046 780 5079 ε
810 5029 869 5082 Si
892 5029 1061 5080 adhuc
1083 5029 1237 5078 hami:
1259 5027 1370 5078 ibus
1400 5027 1669 5094 placerem,
1696 5024 1884 5079 Christi
1910 5043 2080 5080 servus

498 5138 599 5173 non
626 5137 781 5172 essent
823 5119 1018 5184 (Galat.
1054 5134 1086 5180 ι,
1127 5117 1232 5186 10).
1282 5117 1458 5170 Placet
1487 5132 1613 5186 ergo
1637 5117 1852 5178 Paulus,
1885 5128 1937 5171 et
1969 5135 2071 5171 non

503 5213 700 5270 t-lacet.
734 5210 851 5276 quia
891 5211 940 5261 in
972 5225 1036 5263 eo
1064 5210 1202 5277 quod
1237 5214 1447 5277 p'acere
1485 5207 1705 5276 appetit,
1738 5224 1839 5261 non
1870 5223 1948 5270 se,
1979 5211 2069 5262 sed

500 5315 596 5365 per
621 5313 680 5354 se
708 5298 1011 5352 hominibus
1041 5299 1253 5365 placere
1285 5301 1562 5351 veritatem
1593 5298 1802 5365 quaerit.

576 5463 601 5489 ι
640 5452 898 5515 Corrupto
948 5452 998 5503 in
1051 5450 1234 5511 Gilot._,
1285 5449 1454 5500 Vatic.
1502 5460 1553 5500 ct
1603 5451 1761 5516 plur.,
1798 5452 1931 5515 quod
1979 5469 2071 5502 ιοιι

501 5534 768 5587 oporteat:
814 5521 1227 5589 repugnantibus
1262 5520 1382 5570 λΙπς.
1423 5521 1654 5582 Αιιεζιιικ,
1687 5531 1821 5582 etin,
1869 5537 2071 5573 Iter-mm

505 5595 669 5646 invito
691 5608 866 5646 sensu.

572 5661 602 5701 δ
643 5663 806 5721 Editi,
837 5671 1014 5715 contra
1049 5661 1168 5713 MSS.
1205 5662 1380 5719 litlcnt,
1413 5659 1531 5725 quid
1566 5661 1891 5724 ttiipeuditttr.

2179 3215 2347 3267 quens
2393 3209 2446 3252 et
2494 3201 2819 3268 deprehendi
2869 3217 2928 3255 se
2973 3202 3247 3270 cognoscit
3293 3211 3347 3254 et
3393 3203 3621 3269 perpu-li,
3672 3201 3762 3251 lius

2178 3307 2310 3359 quas
2343 3291 2393 3344 in
2425 3307 2484 3346 se
2514 3295 2671 3347 tacite
2715 3295 2929 3347 tolerari
2974 3295 3299 3358 considerat,
3343 3310 3538 3362 angere
3583 3294 3762 3359 culpas

2178 3385 2482 3452 erubescat,
2526 3401 2689 3454 seque
2732 3401 2790 3440 se
2827 3387 3007 3455 judice
3053 3388 3253 3453 puniat,
3287 3403 3446 3456 quem
3492 3389 3533 3439 si
3565 3391 3592 3438 ii
3625 3387 3759 3448 apud

2179 3492 2237 3530 se
2265 3479 2487 3531 rectoris
2521 3480 2770 3545 patientia
2800 3480 3093 3532 clementer
3120 3492 3360 3532 excusat.
3412 3481 3520 3543 Qua
3551 3479 3762 3531 scilicet

2178 3567 2600 3621 dissimulatione
2642 3569 2778 3622 bene
2807 3568 3042 3622 Judzeam
3076 3570 3331 3624 Dominus
3369 3570 3612 3637 carripit,
3639 3585 3758 3623 cum

2178 3672 2270 3725 per
2295 3659 2608 3725 prophetam
2637 3659 2762 3712 dicit
2787 3675 2800 3711 :
2829 3659 3046 3713 Mentita
3079 3678 3151 3728 es,
3182 3673 3228 3715 et
3259 3664 3355 3716 mei
3385 3680 3484 3715 non
3512 3679 3563 3716 es
3597 3678 3763 3715 recor-

2178 3750 2320 3811 data,
2357 3763 2513 3817 neque
2554 3750 2784 3817 cogitasti
2815 3751 2866 3802 in
2903 3753 3053 3804 corde
3089 3762 3195 3817 tua,
3239 3755 3358 3822 quia
3388 3771 3478 3822 ego
3512 3765 3685 3807 tacens
3717 3762 3762 3806 et

2176 3842 2320 3900 quasi
2375 3850 2394 3875 ε
2443 3858 2538 3893 non
2571 3842 2741 3894 videns
2775 3841 2952 3908 (Isaia:
2989 3859 3112 3906 Lvn,
3152 3845 3260 3912 ll).
3307 3846 3368 3898 Et
3411 3846 3762 3899 dissimulavit

2177 3947 2304 3998 ergo
2341 3932 2544 4000 culpas,
2593 3945 2646 3987 et
2683 3934 2940 3998 innotuit,
2979 3937 3102 4004 quia
3147 3947 3200 3992 et
3230 3949 3415 3994 contra
3448 3951 3760 4006 peccantem

2179 4025 2362 4088 tacuit,
2395 4033 2448 4078 et
2475 4024 2575 4079 hoc
2603 4027 2773 4094 ipsum
2813 4035 2987 4081 tamen
3018 4029 3142 4096 qu'a
3173 4033 3394 4083 tacuerit
3425 4030 3588 4084 dixit.
3622 4031 3760 4085 Nou-

2180 4115 2319 4168 nulla
2364 4125 2541 4170 autem
2588 4117 2671 4170 vel
2710 4128 2892 4185 aperte
2935 4121 3182 4188 cognita,
3227 4131 3434 4175 mature
3483 4121 3760 4177 toleranda

2177 4215 2320 4271 sunt,
2353 4221 2473 4259 cum
2507 4206 2752 4263 videlicet
2778 4226 2953 4264 rerum
2986 4211 3204 4265 minime
3232 4213 3610 4280 opportunitas
3639 4231 3761 4268 cou-

2177 4297 2333 4365 grnit,
2369 4310 2422 4353 ut
2462 4314 2643 4366 aperte
2689 4303 3046 4370 corrigantur.
3109 4302 3240 4357 Nam
3289 4313 3434 4358 secta
3478 4305 3760 4358 immature

2179 4391 2396 4444 vulnera
2423 4390 2659 4445 deterius
2701 4392 3079 4453 infervescmit.
3125 4405 3180 4450 et
3219 4395 3318 4448 nisi
3356 4411 3477 4449 cum
3516 4405 3756 4462 tempore

2179 4483 2564 4538 medicamenta
2606 4485 2949 4550 conveniant,
2993 4498 3201 4542 constat
3241 4488 3754 4557 proculdubioquod

2178 4574 2425 4628 medendi
2452 4575 2684 4628 officium
2714 4576 2978 4630 amittant.
3008 4579 3111 4634 Sed
3143 4592 3262 4632 cum
3293 4588 3502 4646 tempus
3531 4579 3758 4632 subditis

2180 4665 2242 4715 ad
2283 4667 2673 4731 correptionem
2711 4668 2988 4734 qureritur,
3029 4669 3128 4722 sub
3163 4669 3279 4737 ipso
3317 4671 3589 4736 culparum
3631 4684 3757 4736 pon-

2179 4755 2307 4807 dere
2356 4755 2610 4820 patientia
2665 4757 2905 4823 pratsulis
2953 4767 3252 4812 eschetur.
3305 4758 3455 4814 Unde
3493 4760 3634 4814 bene
3664 4771 3756 4827 per

2183 4844 2516 4899 Psaltnistatn
2552 4846 2746 4900 dicitttr
2781 4864 2793 4900 :
2826 4847 3000 4916 Supra
3031 4850 3242 4902 dorsum
3279 4867 3443 4904 meum
3479 4851 3752 4918 fabricave-

2180 4946 2297 4988 runt
2320 4947 2601 5003 peccatores
2649 4937 2819 5009 (Psal.
2865 4955 3095 5005 cxxvnt,
3129 4941 3205 5011 5).
3256 4944 3311 4996 In
3360 4944 3518 4996 ἀοι-ει)
3563 4944 3755 5012 quippe

2181 5041 2341 5079 onera
2385 5026 2726 5083 sustinemus.
2773 5029 2940 5097 Supra
2972 5031 3186 5086 dorsom
3221 5034 3378 5100 igitur
3406 5049 3559 5087 suum
3597 5033 3754 5086 fabri-

2181 5131 2334 5170 casse
2365 5127 2671 5184 peccatores
2701 5121 2959 5187 queritur,
2991 5137 3052 5175 ac
3091 5124 3133 5175 si
3161 5136 3344 5191 aperte
3368 5124 3510 5177 dicat
3552 5141 3564 5176 :
3613 5124 3752 5189 Quos

2180 5209 2452 5276 eorrigere
2479 5224 2706 5276 nequeo,
2736 5213 2885 5278 quasi
2917 5214 3384 5281 superimpositum
3416 5230 3552 5268 oous
3583 5223 3752 5284 porto.

2251 5298 2510 5352 Nonnulla
2554 5308 2731 5355 autem
2781 5301 2985 5357 occulta
3031 5305 3295 5357 subtiliter
3339 5314 3464 5359 sunt
3509 5318 3751 5372 perscru-

2255 5463 2275 5489 ε
2321 5452 2508 5515 Laud.,
2541 5453 2809 5521 permittet.

2257 5521 2280 5556 ά
2321 5524 2535 5576 Carnot.
2570 5524 2770 5583 primus
2799 5534 2856 5577 et
2884 5526 3147 5577 secundus
3172 5526 3332 5588 Aud.,
3365 5537 3409 5578 et
3434 5529 3648 5581 occulte.

2257 5603 2279 5627 °
2322 5595 2530 5646 l’rintus
2552 5594 2710 5646 (Larti.
2739 5611 2856 5648 cum
2880 5595 2912 5644 ‘2
2935 5596 3155 5660 priorib.
3185 5594 3362 5660 Genu,
3394 5614 3496 5652 non
3520 5599 3748 5652 audiens.
