3968 6324
251 235 316 288 κς
1000 228 1300 285 REGULJC
1345 227 1772 283 PASTUHAUS
1812 228 1839 280 1⁴

1947 227 2033 280 ili.
2072 255 2141 273 ε·-
2181 226 2358 279 PARS
2395 226 2708 280 δεευκυι
3443 236 3512 290 ιε

251 351 428 415 lauda,
459 356 516 401 ut
542 345 860 417 quibusdam
896 344 1065 413 signis
1110 347 1535 413 erumpentibus,
1570 356 1743 397 rector
1776 345 1825 396 in
1859 350 1904 404 Α
1936 342 2086 408 s'gna
2132 340 2446 402 forinsecus,
2490 340 2681 393 deinde
2719 339 2878 409 janua
2926 353 3124 408 ιιιιενιω
3162 344 3185 382 σι
3221 349 3514 419 iniquitatis

250 444 580 499 subditorum
633 447 813 493 mente
854 451 1015 490 omne
1042 438 1185 504 quod
1216 437 1451 491 clausum
1504 439 1651 498 latet,
1686 438 1829 487 inie-

255 539 379 601 niat,
411 542 464 586 et
497 530 892 585 interveniente
917 528 1272 594 correptionis
1299 526 1546 585 articulo,
1578 543 1638 578 ex
1673 523 1826 578 mini-

252 626 345 680 mis
385 624 593 693 utajora
639 628 947 691 cognoscat.
1002 618 1154 674 Unde.
1203 630 1347 671 recte
1395 618 1460 671 ad
1494 617 1833 670 Ezecltieletn

252 718 439 773 dicitur
465 732 481 767 :
517 713 627 766 Fili
648 712 891 775 hominis,
918 718 943 745 ³
970 710 1089 777 [ode
1110 709 1348 774 parietem
1372 708 1588 776 (Ezech.
1617 723 1727 766 Vill,
1755 706 1833 761 8t.

253 811 341 865 Ubi
374 823 497 861 mox
533 807 674 860 idem
714 804 969 872 propheta
998 802 1268 871 subjuugit
1295 820 1305 853 :
1334 802 1402 854 Et
1443 820 1555 855 cum
1596 804 1833 865 {odissem

251 902 517 966 parietem,
550 898 795 967 apparuit
829 898 1013 949 ostium
1044 912 1221 948 unum.
1264 893 1323 947 Et
1348 895 1477 947 dixit
1513 897 1580 946 ad
1603 912 1706 946 me
1742 893 1836 946 In-

250 992 482 1061 gredere,
517 998 566 1042 et
600 988 715 1041 uide
747 987 1151 1041 abominationes
1189 988 1452 1055 pessimos,
1483 1003 1609 1056 quas
1639 988 1721 1038 isti
1755 987 1834 1053 fa-

253 1084 391 1136 ciunt
433 1080 532 1132 hic.
561 1077 630 1131 Et
662 1080 924 1147 ingressus
961 1077 1095 1140 vidi;
1129 1087 1173 1130 et
1208 1093 1322 1130 ecce
1355 1078 1519 1129 omnis
1551 1077 1834 1130 similitudo

256 1175 522 1244 reptiliutn,
558 1182 607 1224 et
634 1170 938 1223 animalium
968 1169 1302 1233 abominatio,
1344 1179 1392 1222 et
1420 1170 1654 1222 universa
1692 1170 1835 1221 idola

248 1271 423 1320 domus
442 1264 611 1319 Israel
633 1264 834 1332 depicta
863 1271 1007 1315 erant
1033 1262 1085 1315 in
1108 1262 1301 1326 pariete
1324 1260 1487 1332 (Ibid.
1515 1261 1566 1324 9,
1595 1260 1703 1328 l0).
1733 1261 1835 1316 Per

252 1357 581 1414 Ezechielem
618 1357 820 1425 quippe
849 1355 1258 1422 prtepositorum
1301 1367 1523 1422 persona
1566 1352 1828 1421 signatur,

247 1466 335 1517 per
366 1449 628 1519 parietem
651 1448 848 1502 duritia
893 1445 1256 1500 subditorum.
1290 1447 1355 1499 Et
1387 1444 1511 1514 quid
1542 1455 1624 1499 est
1656 1444 1833 1510 parie-

246 1551 345 1596 tem
374 1540 585 1605 fodere,
616 1538 721 1594 nisi
758 1539 929 1593 acutis
971 1536 1401 1607 inquisitionibus
1439 1536 1547 1607 30
1583 1535 1831 1589 duritiam

245 1634 417 1689 cordis
438 1631 698 1698 aperire?
730 1630 900 1697 Quem
924 1644 1043 1683 cum
1075 1628 1315 1694 fudisset,
1339 1629 1584 1698 apparuit
1605 1628 1830 1692 ostium;

1933 432 2250 493 ostenditur,
2281 443 2333 485 et
2365 442 2488 485 tunc
2517 432 2728 485 demunt
2770 446 2933 485 omne
2965 437 3161 488 malum
3192 442 3330 504 quod
3374 444 3514 499 intus

1935 525 2065 578 latet
2091 528 2326 591 aperitur

2005 617 2266 670 Nonnulla
2299 625 2473 670 autem
2504 628 2626 672 sunt
2658 616 2850 670 leniter
2879 619 3146 687 arguentla
3185 639 3196 672 :
3242 638 3361 676 nam
3395 642 3514 679 cum

1937 725 2040 760 non
2076 710 2299 774 malitia,
2343 711 2434 762 sed
2467 711 2578 762 sola
2630 710 2925 777 ignorantia
2954 712 3030 765 vel
3083 713 3392 769 infirmitate
3419 719 3515 772 tle-

1936 799 2210 867 linquitur,
2260 802 2497 869 profecto
2545 817 2766 855 necesse
2807 814 2889 855 est
2937 813 2991 855 ιιι
3041 820 3232 873 magno
3275 810 3516 862 molem-

1939 891 2080 944 tnine
2102 891 2212 960 ipsa
2234 892 2412 945 delicti
2436 892 2702 960 correptio
2730 903 3077 962 temperetur.
3107 896 3294 951 Cuncti
3322 903 3518 967 quippe

1936 997 2211 1051 quousque
2246 981 2297 1034 in
2337 984 2435 1035 hac
2475 984 2685 1036 mortali
2725 1000 2886 1038 carne
2935 986 3296 1052 subsistimus,
3334 1006 3518 1044 corru-

1939 1070 2132 1137 ptionis
2160 1080 2355 1123 nostrae
2386 1071 2776 1124 infirmitatibus
2805 1074 3163 1142 sztbjaceutus.
3202 1078 3276 1130 Et
3306 1094 3362 1131 se
3393 1097 3520 1147 ergo

1936 1159 2098 1213 debet
2134 1161 2358 1228 quisque
2398 1176 2461 1213 co
2489 1162 2653 1230 ligere
2685 1162 2909 1227 qualirer
2953 1165 3143 1217 :tlirut-
3178 1168 3314 1220 bune
3364 1184 3521 1235 Opor-

1938 1259 2046 1303 teat
2078 1260 2102 1286 ο
2134 1251 2482 1305 imbecillitati
2524 1255 2787 1315 misereri,
2827 1270 2893 1308 ne
2924 1266 3105 1310 contra
3155 1260 3519 1315 in‘rmitateut

1938 1345 2163 1413 proximi
2194 1346 2240 1397 si
2265 1345 2329 1398 ad
2360 1346 2741 1413 increpationis
2766 1363 2950 1402 vocent
2982 1348 3273 1405 ferventius
3296 1358 3518 1420 rapitur,

1935 1437 2133 1490 oblitus
2175 1439 2257 1490 sui
2289 1452 2410 1491 esse
2438 1437 2699 1493 videatur.
2748 1438 2899 1493 Unde
2942 1441 3077 1494 bene
3107 1441 3302 1495 Paulus
3338 1445 3522 1499 admo-

1939 1537 2044 1591 net,
2088 1528 2274 1589 dicens
2310 1545 2324 1582 :
2356 1528 2417 1584 Si
2453 1540 2839 1600 prmorcupatus
2880 1531 3029 1601 fuerit
3067 1533 3219 1586 homo
3260 1536 3310 1587 in
3351 1534 3523 1597 aliqua

1937 1621 2140 1686 delicto,
2179 1637 2264 1675 ros
2303 1621 2392 1691 qui
2426 1622 2681 1688 spiritales
2714 1623 2854 1687 estis,
2881 1623 3117 1677 instruite
3146 1625 3441 1695 Imjusm'tdi
3470 1629 3523 1681 in

248 1731 369 1791 quia
399 1742 525 1780 cum
562 1724 749 1778 cordis
778 1724 970 1778 duritia
998 1722 1079 1777 vel
1109 1722 1361 1776 studiosis
1387 1722 1835 1790 percunctationi-

1947 1715 2119 1781 spiritu
2147 1716 2572 1779 mansuetudinis,
2615 1716 2944 1770 considerans
2988 1717 3242 1784 teipsum,
3285 1736 3347 1771 ne
3386 1731 3432 1774 et
3473 1732 3525 1775 tu

248 1817 378 1879 bus,
426 1813 510 1868 vel
557 1813 787 1866 maturis
842 1810 1274 1879 correptionibus
1335 1810 1619 1873 scinditur,
1684 1810 1833 1878 quisi

246 1906 486 1976 qumdam
526 1905 687 1972 ianua
738 1902 1061 1968 ostenditur,
1111 1917 1175 1955 ex
1221 1914 1322 1964 qua
1354 1902 1531 1955 omn'a
1573 1903 1625 1954 in
1652 1916 1718 1955 eo
1746 1901 1834 1969 qui

246 2000 539 2067 corripitur
582 1994 961 2067 cogitationum
1008 1994 1262 2048 interiora
1313 1992 1615 2047 videantur.
1686 1992 1837 2047 [inde

247 2103 302 2143 et
326 2090 471 2143 bene
496 2088 604 2141 illic
630 2089 864 2155 sequitur
889 2104 900 2137 :
930 2083 1207 2154 Ingredere
1231 2093 1280 2137 et
1302 2084 1414 2137 vide
1433 2084 1837 2137 abominationes

249 2182 514 2247 pessimus,
540 2194 667 2245 quas
688 2178 773 2229 isti
804 2176 1004 2246 faciunt
1025 2174 1335 2247 hic.(lbid.).
1355 2174 1514 2242 Quasi
1542 2175 1837 2243 ingreditur

252 2280 303 2323 ut
338 2268 773 2324 abominationes
816 2265 1061 2337 aspiciat,
1090 2267 1469 2336 qui,discussis
1513 2266 1833 2335 quibusdam

253 2359 409 2429 tignis
455 2358 703 2413 exterius
743 2357 1143 2426 apparentibus,
1175 2357 1249 2411 ita
1291 2357 1454 2412 corda
1502 2356 1832 2410 subditorum

257 2458 506 2519 penetrat.
545 2457 604 2502 ut
632 2459 824 2503 cuncta
850 2450 896 2503 ei
929 2462 1047 2516 qua)
1086 2446 1272 2502 illicite
1301 2446 1603 2514 cogitantur
1629 2447 1838 2501 innote-

256 2551 410 2595 scant.
457 2540 616 2596 Unde
656 2548 712 2593 et
754 2539 1032 2593 subdidit:
1066 2537 1134 2592 Et
1163 2540 1421 2610 ingressus
1461 2537 1595 2599 uidi;
1637 2546 1685 2589 et
1724 2552 1839 2591 ecce

256 2632 405 2685 omnis
451 2631 744 2684 similitudo
787 2629 1067 2696 reptilium,
1098 2641 1147 2683 et
1176 2629 1477 2683 animalium
1525 2629 1837 2682 abominatio

257 2720 454 2787 (llud).
482 2722 537 2775 ln
567 2721 849 2788 reptilibus
876 2722 1229 2790 cogitationes
1256 2719 1476 2773 omnino
1506 2729 1733 2774 terrenze
1766 2720 1839 2773 si—

256 2824 491 2881 gnantur,
532 2814 589 2866 in
620 2811 944 2867 animalibus
974 2827 1101 2868 vero
1141 2812 1251 2881 jam
1284 2814 1496 2882 quidem
1537 2812 1839 2881 aliquantu-

257 2904 354 2957 lum
386 2918 413 2956 a
440 2913 585 2957 terra
627 2916 936 2971 suspensae,
967 2902 1060 2957 sed
1103 2902 1277 2957 adhuc
1319 2912 1545 2957 terrente
1575 2904 1839 2959 mercedis

259 2992 462 3059 praemia
510 2990 873 3059 requirentes.
912 2991 1046 3047 Nam
1093 2993 1301 3063 reptilia
1353 3002 1465 3048 toto
1510 3010 1573 3050 ex
1614 3010 1839 3063 corpore

1942 1808 2146 1860 tenteris
2194 1804 2391 1879 (Colat.
2422 1823 2493 1873 Vl,
2519 1807 2593 1875 1).
2629 1813 2704 1863 Ac
2744 1809 2787 1862 si
2834 1820 3018 1876 aperte
3045 1809 3227 1864 dicat:
3262 1813 3393 1866 Cum
3442 1815 3525 1867 di-

1938 1899 2130 1964 splicet
2174 1914 2235 1951 ex
2286 1899 2459 1952 aliena
2508 1899 2821 1955 inﬁrmitate
2849 1902 2991 1969 quod
3038 1904 3330 1971 conspicis,
3363 1922 3525 1972 pensa

1939 1988 2079 2050 quod
2111 2005 2203 2053 es;
2238 2004 2292 2042 ιιι
2333 1989 2383 2042 in
2416 1990 2798 2058 iucrepationis
2828 1994 2941 2047 zelo
2990 2009 3051 2048 se
3078 1995 3296 2063 spiritus
3328 2008 3526 2067 tempe-

1940 2088 2043 2141 ret,
2074 2078 2199 2131 dttttt
2228 2079 2326 2133 sibi
2354 2094 2565 2147 quoque
2592 2081 2730 2149 quod
2766 2083 3006 2153 increpat
3038 2086 3208 2140 timet.

2007 2167 2274 2223 Nonnulla
2333 2180 2511 2224 autem
2570 2183 2695 2225 sunt
2766 2174 3114 2230 vehementer
3182 2176 3528 2249 increpando,

1938 2259 2041 2329 31
2076 2269 2134 2314 nt
2185 2276 2307 2315 cum
2354 2261 2509 2330 culpa
2556 2264 2625 2317 ab
2679 2261 2699 2301 ί
2750 2279 2972 2321 auctore
3004 2283 3112 2321 non
3160 2278 3527 2342 cognoscitur,

1938 2350 2122 2417 quanti
2169 2352 2239 2405 sit
2288 2352 2568 2420 ponderis,
2621 2354 2690 2408 ab
2735 2354 3060 2425 increpantis
3101 2373 3197 2414 ore
3244 2364 3526 2421 sentiatur.

1940 2442 2005 2495 Et
2035 2458 2158 2497 cum
2188 2441 2287 2496 sibi
2320 2443 2438 2512 quis
2461 2444 2656 2498 malum
2680 2446 2818 2514 quod
2842 2449 3165 2516 perpetravit
3192 2452 3402 2523 levigat,
3430 2456 3529 2511 ltoc

1938 2546 2122 2589 contra
2171 2549 2230 2590 se
2266 2537 2505 2605 graviter
2548 2553 2614 2591 ex
2652 2540 2989 2607 corripientis
3039 2544 3327 2609 asperitate
3366 2549 3529 2615 perti—

1941 2634 2160 2679 tnescat.
2198 2626 2442 2681 Debitum
2472 2631 2673 2699 quippe
2704 2630 2928 2685 rectoris
2956 2642 3038 2688 est
3068 2648 3316 2702 superum
3345 2638 3530 2707 patrita

1939 2715 2160 2783 gloriam
2201 2732 2294 2784 per
2323 2732 2504 2770 vocem
2553 2718 2950 2786 praedicationis
2994 2727 3301 2792 ostendere,
3335 2741 3529 2797 quanta

1942 2805 1993 2859 in
2018 2804 2172 2875 ltujtts
2195 2807 2319 2859 vitae
2347 2806 2534 2862 itinere
2563 2820 2891 2866 tentatnenta
2913 2816 3114 2885 antiqui
3140 2817 3308 2871 bustis
3330 2820 3344 2873 Ι
3363 2831 3531 2875 ςιεειιιι

1941 2898 2170 2962 aperire,
2197 2906 2255 2951 et
2280 2898 2614 2955 subditorum
2647 2902 2786 2955 mala
2814 2920 2933 2972 qua:
2958 2906 3171 2964 tolerari
3202 2908 3396 2965 leniter
3422 2927 3527 2968 non

1941 2986 2159 3052 debent,
2194 3005 2315 3042 cum
2363 3006 2553 3059 magna
2590 2993 2692 3048 zeli
2732 2997 3026 3063 aSperitate
3055 3002 3354 3072 corrigere;
3389 3019 3456 3059 ne
3485 3007 3530 3060 si

260 3096 407 3138 terra:
431 3085 719 3145 intuerent,
753 3085 1004 3139 animalia
1041 3082 1072 3123 ι’
1110 3097 1288 3140 autem
1322 3102 1511 3157 magna
1547 3098 1696 3156 parte
1720 3104 1839 3143 cor-

1947 3078 2117 3131 miuus
2160 3092 2343 3133 contra
2376 3083 2557 3149 culpas
2598 3086 2930 3151 accenditur,
2981 3088 3257 3157 culparum
3288 3097 3527 3147 omnium

262 3176 396 3241 poris
422 3189 450 3226 a
482 3183 626 3228 terra
667 3189 929 3243 suspensa
960 3183 1102 3238 sunt,
1131 3176 1369 3244 appetitu
1403 3185 1579 3231 tamen
1608 3178 1745 3245 gulae
1771 3178 1838 3231 ad

264 3278 453 3320 terram
482 3281 693 3332 semper
720 3264 1068 3320 inclinantur.
1095 3265 1321 3333 Reptilia
1353 3269 1528 3337 itaque
1554 3276 1672 3320 sunt
1704 3269 1838 3321 intra

266 3354 545 3423 patietem,
575 3356 782 3424 quando
823 3354 1177 3425 cogitationes
1221 3358 1508 3413 volvuntur
1555 3360 1608 3412 in
1639 3368 1838 3423 mente,

262 3464 377 3515 qua:
420 3463 450 3500 a
498 3449 719 3501 terrenis
764 3448 1049 3504 desideriis
1098 3464 1370 3519 nunquam
1416 3450 1679 3505 levantur.
1716 3453 1843 3505 Ani-

263 3540 409 3592 malia
436 3555 654 3608 quoque
684 3548 811 3593 sunt
840 3541 976 3594 intra
1012 3541 1293 3609 parietem,
1326 3542 1541 3611 quando
1584 3552 1638 3597 et
1666 3546 1708 3598 si
1738 3559 1839 3612 qua

262 3633 357 3703 jam
398 3632 566 3701 iusta,
618 3634 792 3701 siqua
827 3634 1048 3690 boneSIa
1079 3637 1403 3706 cOgitantur,
1433 3640 1748 3705 appetendis
1771 3649 1843 3693 ta-

264 3741 373 3779 men
404 3726 571 3777 Iucris
620 3726 1004 3794 temporalibus
1055 3726 1456 3795 honoribusque
1501 3729 1839 3795 deserviunt;

264 3827 316 3871 et
343 3832 432 3885 per
459 3816 749 3883 semetipsa
790 3816 1007 3883 quidem
1030 3818 1139 3885 jam
1167 3821 1317 3886 quasi
1350 3835 1379 3872 a
1414 3829 1553 3874 terra
1581 3836 1840 3889 suspensa

263 3917 393 3971 sunt,
444 3909 542 3964 sed
592 3910 773 3962 adhuc
802 3924 896 3976 per
940 3910 1196 3964 ambitum
1246 3913 1398 3979 quasi
1444 3928 1541 3981 per
1586 3913 1721 3979 gulae
1752 3914 1845 3966 de-

264 4003 505 4055 siderium
554 4014 677 4055 sese
704 4010 727 4038 ε
760 4000 826 4054 ad
877 4001 980 4054 ima
1029 4002 1368 4056 submittunt.
1423 4004 1570 4059 Unde
1613 4011 1667 4057 et
1710 4005 1845 4057 bene

263 4093 499 4146 subditur
524 4109 538 4145 :
571 4090 637 4142 Et
664 4091 895 4144 uniuersa
920 4093 1058 4144 idola
1080 4093 1262 4146 domus
1289 4091 1458 4145 Israel
1477 4093 1679 4161 depicta
1704 4105 1846 4147 erant

263 4187 309 4235 in
356 4187 550 4246 pariete
597 4180 811 4242 (Ezech.
861 4182 1118 4248 vttt,10).
1177 4182 1448 4249 Scriptum
1497 4184 1691 4252 quippe
1736 4195 1843 4237 est:

267 4273 324 4326 Et
352 4276 594 4335 avaritia,
635 4288 748 4341 quae
774 4284 845 4326 est
876 4269 1133 4326 idolorum
1164 4274 1374 4327 senatus
1401 4273 1619 4343 (Coloss.
1655 4289 1734 4339 tu,
1768 4275 1843 4343 5).

267 4364 421 4418 Recte
451 4381 583 4432 ergo
633 4374 750 4431 post
800 4363 1069 4429 animalia,
1106 4363 1244 4418 idola
1292 4366 1690 4430 describuntur,
1724 4367 1845 4433 quia

1941 3181 2063 3219 reus
2095 3168 2205 3236 ipse
2230 3178 2489 3224 teneatur.
2518 3172 2668 3227 Unde
2691 3175 2826 3230 bene
2849 3178 2913 3228 ad
2941 3180 3279 3235 Ezecltieletn
3306 3184 3527 3237 dicitur:

1945 3255 2106 3309 Sume
2149 3256 2240 3309 tibi
2262 3258 2491 3324 laterem,
2521 3269 2568 3313 et
2595 3277 2750 3329 pones
2779 3280 2891 3317 eum
2919 3274 2944 3312 8
2975 3282 3147 3321 coram
3178 3280 3242 3334 te,
3276 3281 3323 3325 et
3349 3275 3533 3327 descri-

1940 3344 2024 3398 bes
2054 3346 2108 3398 in
2139 3363 2197 3399 eo
2224 3348 2475 3403 ciuitatem
2496 3349 2779 3406 Jerusalem
2800 3354 3013 3424 (Ezeci't.
3041 3373 3113 3425 tv,
3144 3364 3217 3428 l).
3243 3362 3534 3434 Statimque

1944 3436 2328 3505 subjungitur:
2357 3438 2425 3492 Et
2466 3442 2729 3496 ordinabis
2757 3445 3000 3500 adversus
3047 3466 3159 3502 eam
3200 3454 3533 3519 obsidionem,

1941 3541 1988 3585 et
2010 3534 2287 3602 aediﬁcabis
2308 3537 2629 3603 munitiones,
2655 3548 2701 3591 et
2727 3542 3065 3607 comportabis
3090 3563 3345 3615 aggerem,
3374 3561 3419 3602 et
3442 3550 3535 3604 da~

1942 3622 2016 3678 bis
2048 3634 2223 3676 contra
2252 3641 2363 3678 eam
2392 3638 2577 3689 castra,
2602 3638 2647 3680 et
2669 3647 2823 3699 pones
2854 3634 3034 3685 arietes
3085 3638 3132 3689 in
3176 3654 3323 3707 gyro.
3372 3640 3536 3709 Eique

1944 3713 1971 3751 ιι
1985 3716 2049 3769 ad
2070 3718 2416 3771 munitionem
2436 3734 2583 3772 suam
2611 3729 2849 3787 protinus
2867 3724 3191 3779 subiulertttr
3210 3746 3222 3779 :
3244 3728 3305 3780 Et
3325 3741 3377 3782 tu
3396 3748 3536 3785 sume

1945 3807 2033 3860 tibi
2062 3810 2374 3876 sartaginem
2400 3816 2640 3877 [ert-eam,
2684 3823 2729 3865 et
2754 3830 2912 3881 pones
2941 3831 3049 3867 ea-n
3081 3834 3283 3886 murum
3309 3822 3334 3890 f
3336 3838 3535 3875 emunt

1944 3898 2077 3951 inter
2108 3910 2154 3950 te
2182 3910 2229 3951 et
2256 3900 2388 3953 inter
2417 3908 2686 3955 civitatem.
2733 3903 2897 3973 Cujus
2943 3909 3085 3959 enim
3118 3907 3366 3965 Ezeeltiel
3416 3929 3537 3977 pro-

1948 3991 2107 4059 pbeta
2139 3994 2238 4048 nisi
2274 3996 2648 4061 magisnorum
2695 4000 2928 4066 speciem
2960 4000 3142 4054 tettet?
3169 4004 3265 4056 Cui
3300 4006 3535 4063 dicitur:

1948 4082 2111 4136 Sume
2140 4085 2229 4137 tibi
2257 4088 2486 4152 laterem,
2518 4097 2564 4141 et
2593 4106 2747 4158 pones
2778 4107 2890 4144 eum
2919 4108 3092 4146 coram
3120 4104 3185 4157 te,
3220 4109 3265 4150 et
3290 4099 3538 4153 describes

1949 4176 2002 4227 in
2030 4192 2088 4228 eo
2118 4178 2371 4231 civitatem
2394 4179 2699 4234 Jerusalem.

2043 4268 2221 4321 Sancti
2282 4271 2478 4337 quippe
2539 4270 2788 4326 doctores
2850 4274 2949 4327 sibi
3015 4276 3232 4331 laterem
3296 4296 3533 4343 sumunt,

1952 4361 2166 4427 quando
2196 4370 2465 4415 terrenum
2497 4363 2800 4418 auditorum
2829 4381 2943 4428 cur,
2976 4379 3032 4421 ut
3063 4370 3315 4437 doceant,
3348 4393 3537 4442 appre-

268 4457 359 4508 etsi
400 4454 631 4509 honesta
679 4456 889 4507 actione
935 4454 1175 4508 nonnulli
1217 4454 1328 4524 jam
1365 4455 1515 4525 quasi
1554 4471 1579 4506 a
1621 4463 1757 4510 terra
1792 4470 1851 4510 sc
1890 4456 1935 4514 D
1962 4450 2220 4505 hendum.
2262 4452 2429 4518 Quem
2471 4454 2678 4509 scilicet
2725 4456 2944 4512 laterem
2993 4476 3172 4531 eorum
3205 4479 3268 4517 se
3307 4475 3535 4532 ponunt,

268 4546 489 4614 erigunt,
538 4547 831 4600 ambitione
884 4556 1063 4599 tamen
1109 4545 1388 4600 inhonesta
1437 4554 1755 4615 semetipsos
1780 4544 1846 4598 ad

272 4650 453 4691 terram
485 4638 785 4705 deponunt.
813 4638 954 4691 Bene
982 4647 1157 4691 autem
1190 4637 1404 4703 dicitur,
1430 4636 1647 4709 Depicta
1673 4648 1848 4703 erant;

272 4730 383 4793 quia
410 4730 536 4782 dum
570 4727 898 4783 exteiiorutn
939 4743 1116 4782 rerum
1160 4729 1483 4789 intrinsecus
1513 4730 1718 4797 species
1769 4738 1847 4783 st-

278 4821 562 4883 ιιιιιιιιιιιιιι·ν
595 4821 748 4887 (ιιιθεί
790 4822 842 4871 in
884 4819 1047 4873 corde
1083 4820 1385 4889 depingitur
1422 4819 1677 4889 quidquid
1711 4820 1847 4877 lictis

276 4909 580 4978 imaginibus
606 4908 981 4971 deliberando,
1011 4910 1294 4978 cogitatur.
1339 4909 1637 4965 Notandum
1670 4910 1849 4980 itaque

270 5011 348 5056 est
374 5003 491 5072 quia
525 5003 676 5071 prius
705 5001 945 5055 foramen
979 5000 1031 5055 in
1067 5001 1289 5070 pariete,
1320 5017 1384 5057 ac
1419 5002 1613 5057 deinde
1653 5005 1849 5058 ostium

270 5096 521 5159 cernitur,
551 5103 605 5147 et
636 5105 761 5147 tunc
788 5094 1003 5147 demum
1036 5095 1240 5149 occulta
1273 5094 1599 5149 abominatio
1627 5095 1854 5151 demon-

269 5197 491 5251 stratur;
540 5188 663 5254 quia
714 5185 969 5239 nimirum
1013 5185 1428 5256 uniuscujusque
1457 5187 1661 5257 peccati
1703 5188 1851 5256 prius

340 5376 365 5404 ι
399 5367 531 5420 Tres
552 5364 729 5428 Gem.,
757 5360 1021 5432 fodetibi;
1045 5362 1183 5429 quod
1213 5364 1338 5416 olim
1368 5362 1558 5417 lectum
1590 5363 1642 5417 in
1666 5364 1848 5429 Trec.,

271 5448 372 5496 aut,
405 5439 520 5505 {ode
550 5437 638 5488 ibi.
670 5431 837 5488 Iidem
865 5431 1024 5505 Cotl.,
1058 5442 1102 5505 et
1132 5448 1247 5483 cum
1280 5435 1631 5503 perfodissem.

338 5508 365 5546 ιι
405 5502 475 5560 ita
517 5507 638 5559 Mss.
692 5515 747 5558 et
775 5510 887 5555 vet.
944 5502 1039 5554 Ed.
1090 5502 1143 5554 In
1173 5502 1403 5570 recent.,
1434 5507 1565 5559 mole
1594 5504 1853 5573 corporis;

274 5578 403 5643 quod
432 5578 642 5631 minime
670 5587 888 5628 verum.

341 5658 362 5687 ε
401 5649 529 5704 ΛιιιΙ.
562 5646 876 5707 secundus,
904 5641 973 5692 ad
1002 5640 1103 5693 ima
1132 5643 1460 5711 suspendunt.

1954 4543 2073 4611 quia
2113 4552 2219 4597 tota
2258 4544 2381 4598 illud
2414 4546 2606 4600 mentis
2648 4547 2941 4604 intentione
2978 4554 3305 4608 custodiunt.
3349 4556 3403 4609 In
3436 4574 3540 4625 quo

1952 4644 2007 4689 et
2054 4633 2325 4690 civitatem
2366 4635 2663 4691 Jerusalem
2712 4640 2967 4706 jubentur
3012 4643 3359 4707 describere;
3418 4653 3539 4717 quia

1954 4728 2295 4796 praedicando
2326 4730 2554 4782 terrenis
2579 4730 2827 4786 cordibus
2850 4744 3035 4785 curant
3063 4750 3399 4805 summopere
3422 4756 3538 4807 quat

1954 4822 2023 4877 sit
2052 4836 2299 4891 supernae
2329 4824 2474 4892 pacis
2501 4824 2633 4878 VtSiO
2658 4825 3048 4883 demonstrare.
3078 4830 3183 4884 Sed
3211 4835 3331 4901 quia
3364 4835 3537 4887 ineas-

1955 4927 2072 4968 sum
2097 4915 2263 4984 gloria
2297 4916 2481 4982 patriae
2509 4918 2747 4971 cmlcstis
2776 4921 3099 4986 agnoscitur,
3133 4922 3232 4977 nisi
3262 4934 3319 4978 et
3343 4940 3538 4995 quanta

1958 5004 2042 5058 hic
2075 5004 2279 5057 irt'uattt
2308 5004 2479 5058 hostis
2507 5006 2683 5060 callidi
2718 5019 3038 5063 tentatnentu
3080 5029 3112 5063 ιι
3150 5023 3384 5076 scatttur,
3416 5028 3538 5085 apte

1957 5098 2296 5168 subjttng'ttur
2328 5116 2342 5153 :
2379 5098 2443 5153 Et
2474 5102 2735 5154 ordinabis
2770 5104 3015 5157 adversus
3051 5123 3161 5159 eam
3206 5109 3534 5164 obsidionem.

1955 5200 2004 5243 et
2034 5192 2311 5258 wtliﬁrabis
2344 5193 2664 5245 munitiones.
2717 5193 2895 5248 Saneti
2935 5199 3128 5265 quippe
3169 5217 3228 5265 pr
3246 5202 3536 5257 vilicatures

2031 5362 2057 5400 ά
2099 5364 2345 5434 l.ongip.,
2372 5366 2734 5433 inquisitionis.

2035 5446 2058 5509 ξ
2101 5435 2303 5509 bynct
2336 5439 2600 5490 secundus
2623 5437 2786 5503 Aud.,
2812 5439 3099 5508 inﬁrmitati
3126 5444 3378 5509 prodesse-

2037 5503 2055 5541 ί
2100 5503 2286 5560 Laud..
2316 5514 2505 5559 actore.
2611 5553 2614 5555 λ

2036 5583 2061 5620 s
2100 5574 2314 5628 Caruot.
2345 5576 2629 5637 secundus,
2659 5590 2832 5634 contra
2863 5592 2922 5635 'e.

2039 5644 2065 5679 ⁸
2102 5642 2286 5709 (ἔοι-Ιιη
2316 5646 2382 5698 ad
2416 5649 2759 5704 monitionum.
