3968 6356
494 266 561 318 ’Π
1723 268 1957 320 SA‘NC'H
2000 270 2052 319 (il

2167 270 2318 321 I’tll‘tll
2363 268 2567 321 M.\GN‘I
3668 270 3729 319 £3

487 375 826 430 obsidionem
870 375 1005 428 circa
1056 376 1296 443 laterem,
1334 377 1385 430 in
1419 393 1522 444 quo
1543 376 1832 432 .lcrtt5alem
1875 384 2061 436 civitas
2091 391 2136 444 Α
2168 385 2302 448 apud
2355 400 2412 437 sc
2458 398 2668 450 semper
2715 383 2778 435 ad
2833 382 3193 450 pmttiteutiam
3245 391 3510 443 recurrat;
3559 393 3610 435 ιιι
3641 402 3726 453 ιιι-ι-

488 467 751 533 descripta
783 475 882 530 est,
928 467 1195 532 ordinant,
1227 470 1437 537 quando
1480 483 1701 523 terrenae
1741 475 1923 540 menti,
1972 475 2063 528 setl

489 557 594 624 jam
640 572 919 628 supernam
966 561 1186 627 patriam
1237 563 1555 630 requirenti,
1606 573 1799 631 quanta
1849 581 1963 618 eam
2014 569 2063 621 in

495 647 648 715 hujus
697 650 815 702 vitte
869 657 1106 717 tempore
1159 653 1401 704 vitiorum
1454 654 1722 721 impugnet
1767 655 2065 711 adversitas

492 742 875 795 demonstrant.
905 742 1030 793 Nam
1059 758 1177 794 cum
1203 745 1612 813 unumquodque
1639 756 1908 813 peccatum
1934 764 2063 815 quo—

491 833 650 886 modo
690 834 1084 900 proficientibus
1131 835 1407 886 insidietur
1440 838 1755 902 ostcnditur,
1790 839 1938 907 quasi
1970 841 2062 892 ob-

483 928 623 980 sidio
669 928 808 980 circa
870 926 1134 980 civitatem
1177 927 1473 980 Jerusalem
1525 943 1652 982 voce
1702 931 2061 995 pratdicatoris

482 1017 781 1069 ordinatur.
837 1015 940 1071 Sed
994 1016 1113 1083 quia
1148 1033 1252 1069 non
1299 1018 1469 1069 solum
1502 1017 1698 1072 debent
1732 1022 2062 1075 innotescere

481 1111 710 1179 qualiter
760 1109 883 1162 vitia
940 1111 1242 1178 impugneut
1276 1152 1288 1174 ,
1346 1127 1523 1162 verum
1580 1112 1738 1164 etiam
1795 1114 2062 1180 quomodo

480 1201 756 1254 custodita!
791 1216 886 1254 nos
918 1202 1140 1253 virtutes
1189 1205 1460 1264 ruborem,
1507 1211 1648 1256 recte
1695 1203 2057 1272 subjungitur:

480 1293 544 1345 Et
573 1294 849 1361 wdi/icabis
881 1295 1201 1346 munitiones.
1255 1294 1572 1348 Munitioncs
1618 1297 1814 1363 quippe
1844 1307 2058 1351 sanctus

479 1385 795 1450 praedicator
821 1384 1065 1445 asdiflcat,
1101 1385 1311 1451 quando
1341 1402 1457 1453 qure
1489 1387 1714 1440 virtutes
1746 1388 1938 1454 quibus
1972 1404 2057 1442 te-

476 1478 664 1530 sistant
705 1477 847 1528 vitiis
875 1477 1227 1529 demonstrat.
1266 1478 1326 1529 Et
1359 1478 1500 1544 quia,
1532 1490 1809 1533 crescente
1841 1480 2052 1544 virtute,

475 1569 786 1635 plerumque
842 1566 979 1620 bella
1026 1569 1334 1620 teutationis
1381 1581 1660 1638 augentur,
1708 1582 1853 1625 recte
1881 1573 2058 1625 adhuc

476 1657 686 1708 additur
712 1671 724 1706 :
755 1653 820 1707 Et
853 1656 1189 1721 comportabis
1213 1673 1466 1726 aggerem,
1502 1668 1547 1711 et
1575 1660 1718 1712 dabis
1741 1670 1915 1712 contra
1947 1676 2056 1713 eam

2171 478 2396 528 lamenta
2429 477 2635 529 veniam
2680 474 2730 527 iu
2779 485 3064 541 conspectu
3109 473 3345 526 veritatis
3388 475 3635 542 obtineat,
3666 497 3726 534 ex

2168 582 2230 619 eo
2258 568 2415 619 etiam
2450 565 2588 633 quod
2633 579 2729 633 per
2772 563 2870 617 zeli
2905 564 3019 631 ejus
3061 564 3292 617 studium
3338 575 3538 631 peceat.
3586 571 3724 633 Quod

2169 658 2387 726 figurate
2435 655 2690 708 Dominus
2733 670 2824 722 per
2850 654 3065 722 Moysen
3097 654 3374 722 praecipit,
3425 655 3601 709 dicens
3632 677 3642 709 :
3674 661 3728 713 Si

2165 751 2274 816 quis
2301 748 2474 799 abierit
2505 764 2616 798 cum
2648 748 2810 798 amico
2847 762 2938 798 suo
2972 746 3269 812 simpliciter
3297 747 3346 797 in
3383 746 3557 799 silvam
3585 751 3648 800 ad
3675 754 3728 803 li-

2165 857 2265 909 gna
2295 841 2564 901 ca'denda‘,
2597 850 2641 892 et
2686 838 2882 909 lignum
2914 840 3104 890 securis
3146 837 3170 873 ιλ
3207 839 3389 909 fugerit
3435 857 3605 905 manu,
3638 846 3733 910 fcr-

2167 950 2376 1002 rumque
2411 934 2609 1001 lupsutn
2640 933 2703 984 tle
2732 932 2997 984 manubrio
3036 932 3254 982 amicum
3294 933 3404 1000 ejus
3446 937 3734 998 percussi-rit

2165 1039 2210 1075 et
2240 1025 2497 1087 occiderit,
2531 1025 2609 1076 ltic
2647 1024 2714 1076 ad
2743 1040 2893 1074 unam
2933 1024 3345 1090 supradictarum
3377 1025 3574 1074 urbium
3600 1035 3622 1061 ο
3663 1028 3732 1093 [οι-

2165 1118 2284 1184 giet,
2311 1126 2357 1168 et
2382 1118 2536 1180 riret;
2570 1133 2628 1169 ne
2659 1117 2790 1181 forte
2820 1120 3082 1184 prosimus
3112 1133 3244 1185 ejus,
3286 1120 3430 1181 cujus
3458 1117 3644 1182 c/fusus
3669 1134 3733 1172 est

2169 1208 2398 1273 sanguis,
2417 1207 2606 1258 doloris
2623 1207 2826 1258 stimulo
2846 1216 3174 1272 persequatur
3187 1217 3234 1256 et
3250 1206 3592 1274 apprehendat
3609 1227 3729 1266 cum.

2165 1306 2210 1348 et
2238 1298 2482 1365 percutiat
2515 1298 2740 1349 animum
2784 1301 2895 1366 ejus
2924 1295 3102 1364 (Deut.
3137 1313 3243 1355 χιιι.
3269 1297 3322 1358 li,
3349 1297 3422 1364 Si).
3456 1298 3532 1350 Ad
3563 1299 3735 1351 silvam

2164 1389 2354 1455 quippe
2387 1403 2504 1439 cum
2534 1388 2708 1439 amico
2738 1387 2897 1451 intus,
2929 1389 3135 1454 quoties
3168 1387 3231 1438 ad
3268 1387 3520 1439 intuenda
3567 1390 3735 1440 subdi-

2165 1484 2336 1527 torum
2366 1476 2556 1529 delicta
2589 1477 2967 1529 coovertimur.
3024 1477 3087 1528 Et
3117 1477 3429 1544 simpliciter
3460 1476 3594 1544 ligna
3624 1494 3736 1530 suc-

2163 1567 2421 1631 cidimus,
2454 1582 2574 1620 cum
2607 1567 3024 1636 delinquentium
3060 1568 3184 1620 vitia
3221 1569 3304 1634 pia
3337 1570 3627 1622 intentione
3657 1587 3735 1624 re—

2165 1670 2428 1710 secamus.
2460 1657 2564 1711 Sed
2612 1660 2813 1712 securis
2847 1656 2865 1693 ι⁴
2901 1673 3056 1710 manu
3086 1659 3240 1726 fugit,
3275 1675 3394 1711 cum
3425 1675 3546 1714 sese
3578 1663 3738 1715 incre-

474 1757 662 1806 (σειν-α,
705 1755 750 1797 et
793 1761 948 1812 pones
995 1747 1178 1798 arietes
1227 1749 1279 1797 in
1321 1765 1464 1816 gyro.
1517 1753 1777 1818 Aggerem
1829 1767 2054 1821 namque
2090 1769 2131 1827 Β
2167 1746 2310 1810 patio
2341 1746 2456 1812 plus
2489 1761 2646 1814 quam
2695 1760 2912 1799 necesse
2943 1754 3025 1799 est
3078 1747 3128 1798 in
3160 1747 3504 1811 asperitatem
3553 1760 3737 1814 pertra-

469 1843 786 1904 comportat,
823 1834 1034 1902 quando
1077 1835 1392 1902 prtedicator
1432 1838 1658 1906 quisque
1702 1840 1896 1892 molem
1939 1855 2056 1894 cre-

471 1929 670 1982 scentis
709 1927 1016 1980 tentationis
1043 1928 1304 1981 enuntiat.
1339 1929 1402 1980 Et
1427 1940 1610 1982 contra
1640 1931 1933 1986 Jerusalem
1965 1949 2054 1985 ca-

471 2028 577 2070 stra
595 2017 765 2081 erigit.
785 2017 995 2086 quando
1012 2026 1034 2052 ι·
1055 2027 1216 2071 rectae
1236 2018 1511 2073 intentioni
1540 2022 1867 2077 audientium
1894 2025 2058 2078 hostis

470 2107 686 2162 callidib
711 2109 1123 2176 circumspectas
1151 2112 1366 2177 etquasi
1387 2112 1949 2179 inc0tnpreheusibiles
1981 2117 2059 2169 iu-

469 2200 632 2252 sidias
679 2199 936 2266 prmdicit.
973 2204 1143 2267 Atque
1191 2201 1388 2254 arietes
1438 2203 1488 2253 iit
1534 2217 1664 2270 gyro
1718 2207 1882 2270 ponit,
1937 2220 2055 2259 cum

467 2292 817 2345 tentationum
846 2291 1060 2344 aculeos
1095 2291 1147 2344 in
1182 2292 1279 2343 ltac
1304 2292 1408 2344 vita
1439 2307 1535 2345 nos
1567 2295 1797 2362 undique
1824 2297 2054 2350 circum-

467 2387 678 2447 dantes,
713 2393 766 2436 et
797 2393 819 2420 ε
853 2383 1105 2436 virtutum
1132 2397 1338 2434 murum
1370 2383 1705 2449 perforantes
1742 2387 2052 2442 innotescit.

542 2478 647 2532 Sed
701 2486 889 2530 cuncta
943 2475 1056 2529 haec
1105 2476 1228 2528 licet
1277 2475 1546 2530 subtiliter
1596 2487 1768 2531 rector
1800 2479 2054 2542 insinuet,

469 2567 565 2620 nisi
613 2576 797 2620 contra
847 2566 1043 2620 delicta
1091 2566 1417 2632 singulorum
1467 2568 1821 2624 temulationis
1867 2571 2056 2639 spiritu

469 2658 689 2719 ferveat.
710 2660 907 2713 nullam
931 2658 1031 2713 sibi
1061 2659 1110 2712 in
1139 2667 1446 2726 perpetumn
1474 2661 1856 2716 absolutionem
1882 2675 2053 2732 parat.

469 2752 618 2808 Unde
661 2753 767 2805 illic
791 2750 965 2804 adhuc
996 2759 1140 2803 recte
1188 2750 1525 2819 subjungitur
1554 2770 1565 2802 :
1610 2753 1713 2821 32
1745 2752 1810 2804 Et
1839 2766 1890 2805 tu
1916 2771 2055 2808 sume

467 2846 555 2897 tibi
585 2845 895 2914 sartaginem
926 2844 1162 2911 ferream,
1193 2851 1240 2892 et
1273 2857 1427 2906 pones
1458 2858 1568 2893 eam
1600 2859 1799 2895 murum
1831 2847 2053 2912 ferreum

465 2937 595 2986 inter
622 2942 668 2985 te
697 2944 743 2984 et
775 2936 901 2984 inter
926 2932 1200 2983 civitatem.
1231 2930 1332 2983 Per
1359 2933 1677 3000 sartaginem
1722 2935 1917 3001 quippe
1961 2937 2052 2987 fri-

465 3041 589 3078 xura
621 3024 830 3087 mentis,
869 3037 962 3088 per
993 3022 1188 3075 ferrum
1218 3037 1346 3075 vero
1380 3022 1760 3090 increpationis
1788 3023 2047 3078 fortitudo

2160 1837 2258 1887 Itit.
2309 1835 2637 1904 Ferrumque
2677 1836 2744 1888 de
2777 1835 3055 1887 tua.tttbrio
3091 1836 3311 1902 prosilit,
3366 1851 3486 1888 cum
3519 1837 3585 1890 de
3630 1852 3740 1890 cor.

2159 1929 2401 1995 reptione
2446 1943 2621 1981 sermo
2647 1927 2831 1980 durior
2879 1928 3112 1981 excedit.
3167 1928 3230 1980 Et
3257 1930 3485 1980 amicum
3519 1926 3738 1996 percutit

2161 2027 2215 2070 et
2245 2018 2460 2083 occidit,
2491 2020 2610 2086 quia
2639 2018 2935 2071 auditorem
2983 2034 3134 2070 suum
3170 2019 3372 2084 prolata
3423 2021 3737 2071 Contumelia

2160 2124 2188 2159 a
2221 2108 2408 2174 spiritu
2439 2107 2739 2160 dilectionis
2770 2107 3035 2160 interficit.
3067 2108 3306 2174 Correpti
3341 2123 3568 2174 namque
3598 2124 3739 2161 utens

2161 2208 2382 2265 repente
2428 2197 2491 2247 ad
2525 2196 2702 2248 odium
2749 2196 2970 2262 proruit,
3005 2197 3049 2247 si
3084 2196 3217 2248 hanc
3267 2197 3614 2249 immoderata
3661 2195 3740 2248 itt-

2159 2287 2392 2352 crepatio
2423 2285 2539 2351 plus
2565 2301 2719 2352 quam
2748 2283 2931 2338 debuit
2962 2286 3180 2338 addicit.
3214 2287 3314 2339 Sed
3348 2288 3388 2338 is
3416 2289 3500 2353 qui
3538 2289 3740 2338 incaute

2160 2375 2298 2443 ligna
2327 2375 2553 2440 percutit
2580 2385 2631 2426 et
2657 2374 2955 2442 proximum
2981 2376 3363 2441 exstinguit,ad
3391 2385 3495 2426 tres
3520 2390 3740 2428 necesse

2159 2473 2242 2516 est
2281 2463 2438 2516 urbes
2480 2462 2667 2530 fugiat,
2708 2473 2764 2516 ιιι
2807 2465 2856 2516 in
2903 2478 3003 2516 una
3053 2477 3234 2516 carum
3283 2463 3532 2517 defensus
3569 2466 3740 2526 vivat;

2160 2553 2278 2620 quia
2309 2552 2352 2604 si
2395 2552 2459 2604 ad
2490 2553 2818 2619 pwnitentize
2854 2552 3081 2605 lamenta
3113 2568 3421 2617 cottvcrsus,
3457 2554 3507 2605 in
3542 2555 3739 2606 unitate

2158 2645 2476 2698 sacramenti
2519 2646 2617 2697 sub
2661 2660 2756 2711 spe
2797 2655 2851 2698 et
2896 2646 3155 2698 charitate
3201 2648 3565 2710 absconditur,
3619 2663 3740 2698 reus

2161 2739 2442 2805 perpetrati
2485 2738 2753 2790 homicidii
2797 2752 2900 2790 non
2944 2746 3176 2790 tenetur.
3214 2738 3450 2800 Eumque
3492 2735 3738 2790 exstincti

2160 2830 2431 2896 proximus
2470 2839 2522 2882 et
2561 2842 2680 2881 cum
2729 2829 2990 2882 invenerit
3040 2844 3142 2887 non
3189 2828 3416 2891 occidit;
3462 2829 3585 2895 quia
3618 2844 3736 2880 cum

2158 2919 2429 2971 districtus
2471 2917 2632 2985 judex
2679 2917 2904 2978 venerit,
2935 2919 3020 2985 qui
3068 2931 3188 2970 sese
3231 2920 3380 2970 nobis
3410 2934 3502 2983 per
3538 2929 3738 2970 natura:

2157 3017 2353 3059 nostra:
2395 3007 2724 3059 consortium
2764 3006 2956 3073 junxit,
2997 3006 3063 3058 ab
3093 3020 3157 3059 eo
3191 3006 3536 3072 proculdubio
3568 3008 3737 3072 culpa:

465 3120 718 3184 δίεηηιητ,
769 3114 904 3181 Quid
950 3129 1076 3166 vero
1107 3114 1281 3167 acrius
1331 3114 1566 3168 doctoris
1595 3129 1855 3179 mentem,
1892 3131 2047 3183 quam
2079 3125 2123 3186 C
2158 3111 2361 3153 reatum
2393 3115 2498 3152 non
2529 3099 2750 3164 expetit,
2775 3114 2929 3166 quem
2963 3098 3062 3151 sub
3088 3096 3204 3164 ejus
3233 3097 3382 3150 venia
3413 3097 3561 3159 fides,
3593 3111 3734 3164 spes.

466 3209 607 3261 zelus
638 3209 726 3262 Dei
758 3206 898 3276 frigit
925 3215 977 3260 et
1002 3206 1310 3259 excruciat?
1339 3206 1488 3260 Unde
1520 3206 1711 3259 Paulus
1744 3207 1902 3274 hujus
1930 3223 2045 3260 sar-

463 3299 653 3368 taginis
683 3298 934 3352 urebatur
966 3298 1189 3363 frixura,
1223 3311 1341 3349 cum
1370 3297 1572 3351 diceret
1611 3316 1624 3350 :
1665 3297 1788 3361 Quis
1819 3297 2049 3365 inﬁrma-

464 3401 567 3452 tur,
592 3399 636 3441 et
661 3406 752 3455 ego
775 3406 873 3442 non
902 3390 1174 3456 inﬁrmor?
1203 3390 1314 3458 quis
1337 3389 1739 3451 scandalizatur,
1765 3400 1810 3442 et
1833 3406 1923 3457 ego
1949 3405 2047 3442 non

465 3476 722 3548 uror?(II
755 3478 872 3531 Cor.
906 3495 979 3543 XI,
1163 3481 1223 3531 Et
1269 3480 1388 3547 quia
1435 3481 1675 3547 quisquis
1705 3481 1820 3533 zelo
1848 3481 1936 3533 Dei
1961 3495 2052 3534 ac-

462 3571 725 3630 cenditur,
759 3583 824 3621 ne
850 3568 1088 3620 damnari
1129 3581 1192 3619 ex
1239 3567 1553 3634 negligentia
1587 3566 1795 3629 delicat,
1829 3569 1946 3620 forti
1993 3571 2044 3621 in

469 3668 783 3730 perpetuum
838 3658 1080 3711 custodia
1131 3658 1387 3716 munitur,
1443 3665 1584 3710 recte
1614 3657 1845 3710 dcitur:
1882 3658 2047 3710 Panes

464 3767 575 3803 cam
603 3766 805 3803 murum
828 3752 1048 3818 ferreum
1073 3748 1202 3799 inter
1225 3755 1274 3799 te
1296 3756 1340 3799 et
1366 3747 1636 3798 civitatem.
1663 3747 1882 3813 Sartago
1907 3753 2046 3801 eu'tn

464 3843 636 3897 ferrea
667 3857 852 3895 murus
898 3843 1108 3894 ferreus
1150 3840 1288 3891 inter
1322 3839 1632 3907 prophetam
1680 3851 1732 3890 et
1775 3840 2046 3893 civitatem

461 3935 711 4004 ponitur;
736 3933 856 4002 quia
887 3948 1006 3986 cum
1038 3946 1175 3982 nunc
1205 3935 1391 3982 fortem
1431 3931 1598 3981 zelum
1628 3938 1863 3980 rectores
1893 3929 2050 3982 exhi-

466 4029 610 4090 bent,
643 4024 891 4079 eumdem
923 4024 1096 4076 zelum
1129 4020 1464 4089 postmodum
1496 4022 1633 4073 inter
1663 4035 1719 4072 se
1751 4031 1804 4072 et
1843 4021 2050 4074 audito-

466 4136 552 4175 res
583 4135 707 4174 suos
736 4120 926 4173 fortem
959 4120 1306 4172 munitionem
1341 4127 1548 4180 tenent;
1583 4134 1650 4170 ne
1681 4125 1804 4169 tunc
1831 4116 1893 4169 ad
1939 4117 2049 4170 vin-

465 4212 658 4265 dictam
688 4211 926 4265 destituti
968 4210 1095 4274 siut,
1127 4207 1171 4261 si
1218 4222 1355 4261 nunc
1398 4210 1594 4262 fuerint
1624 4208 1673 4260 in
1712 4208 2049 4276 correptione

466 4303 735 4357 dissoluti.

538 4394 640 4447 Sed
674 4394 811 4445 inter
838 4392 950 4444 huic
979 4391 1252 4445 sciendum
1284 4397 1365 4441 cst
1393 4391 1512 4452 quia
1545 4389 1670 4441 dum
1704 4390 1767 4441 atl
1802 4391 2047 4457 increpa-

2153 3200 2206 3242 et
2247 3189 2481 3243 cltaritas
2512 3189 2809 3243 abscondit.

2504 3301 2608 3369 33
2645 3300 2870 3354 CAPUT
2910 3298 2980 3352 xx
3027 3297 3136 3368 [Αι.
3169 3295 3383 3366 XXII].

2158 3409 2416 3475 Quantum
2448 3420 2614 3462 rector
2643 3425 2802 3462 sacrte
2825 3409 2957 3489 legis
2989 3408 3404 3460 meditationibus
3428 3422 3534 3458 esse
3561 3406 3734 3458 debeat

2818 3489 3057 3530 intentus.

2224 3582 2327 3634 Sed
2361 3596 2519 3633 omne
2552 3581 2650 3631 hoc
2703 3579 2803 3631 rite
2851 3594 2878 3629 a
2911 3589 3118 3631 rectore
3157 3577 3348 3645 agitur,
3392 3577 3437 3629 si
3488 3589 3734 3642 superna:

2155 3670 2452 3723 formidinis
2502 3679 2557 3722 et
2609 3668 2912 3721 dilectionis
2961 3668 3148 3734 spiritu
3202 3667 3454 3730 afflatus,
3499 3666 3736 3718 studiose

2154 3763 2391 3830 (μιιιιίιιὶε
2429 3763 2565 3814 sacri
2606 3763 2798 3830 eloquii
2842 3771 3108 3828 praecepta
3144 3762 3473 3823 meditetur;
3505 3769 3560 3813 ut
3597 3760 3647 3812 in
3675 3775 3736 3812 en

2153 3855 2255 3904 vim
2288 3853 2681 3917 sollicitudinis,
2715 3862 2768 3906 et
2797 3868 2917 3920 erga
2974 3853 3246 3904 caelestem
3291 3854 3457 3903 vitam
3507 3851 3734 3915 providtc

2157 3945 2672 4012 circumspeCIiouis,
2700 3961 2857 4014 quam
2890 3949 3133 3996 humanm
3157 3945 3584 3996 conversationis
3613 3957 3735 3994 usus

2155 4037 2524 4090 indesinenter
2563 4037 2834 4103 destruit,
2885 4039 3077 4090 divinat
3135 4036 3524 4090 admonitionis
3580 4035 3734 4087 verba

2156 4139 2450 4182 restaureut
2480 4145 2493 4192 ;
2519 4138 2572 4182 et
2594 4129 2680 4197 qui
2710 4129 2774 4181 ad
2803 4135 3116 4181 vetustatem
3151 4127 3267 4179 vitae
3298 4141 3389 4194 per
3424 4125 3734 4179 societatem

2156 4223 2489 4276 smcularium
2545 4222 2776 4288 ducitur,
2829 4223 2891 4274 ad
2948 4237 3180 4276 amorem
3227 4237 3442 4286 semper
3488 4220 3736 4288 spiritalis

2160 4314 2343 4381 patriae
2374 4313 2797 4379 componetionis
2822 4321 2845 4358 ε
2874 4314 3198 4380 aspiratione
3226 4323 3539 4364 renovetur.
3576 4309 3735 4361 Valde

2152 4418 2380 4468 namque
2438 4403 2575 4456 inter
2629 4402 2857 4455 humana
2910 4405 3067 4453 verba
3112 4417 3203 4453 cor
3235 4401 3461 4464 defluit;
3511 4416 3735 4468 cumque.

466 4487 664 4538 tionem
707 4499 766 4536 se
810 4499 960 4537 mens
1000 4484 1231 4537 doctoris
1275 4492 1581 4550 exasperat,
1628 4480 1851 4536 difficlle
1898 4484 2050 4537 valde
2081 4492 2521 4559 Dindubitanter
2574 4497 2788 4544 constet
2837 4489 2978 4557 quod
3035 4489 3267 4542 externis
3323 4489 3732 4556 occupationum

467 4583 552 4628 est
593 4582 650 4627 ut
691 4588 793 4626 non
826 4572 1108 4640 aliquando
1145 4581 1198 4625 et
1236 4571 1301 4624 ad
1332 4571 1527 4640 aliquid
1558 4572 1697 4638 quod
1729 4572 1910 4627 dicere
1942 4588 2044 4625 nou

467 4665 626 4719 debet
651 4670 920 4732 erumpat.
955 4662 1021 4714 Et
1045 4661 1357 4729 plerumque
1383 4663 1638 4731 contingit
1666 4671 1719 4714 ιιι
1747 4662 1868 4714 dum
1894 4663 2042 4729 culpa

468 4757 798 4810 subditorum
841 4770 959 4808 cum
1009 4768 1197 4821 magna
1241 4753 1538 4807 invectluue
1588 4755 1890 4822 corripitur,
1937 4769 2048 4807 ma-

469 4849 616 4916 gistri
666 4849 843 4916 lingua
885 4862 1050 4915 usque
1097 4845 1162 4898 ad
1208 4860 1460 4899 excessus
1493 4850 1650 4899 verba
1684 4847 2043 4914 pertrahatur.

470 4941 712 5007 Cumque
759 4939 1056 5007 increpatio
1108 4937 1460 4990 immoderate
1506 4937 1835 4999 accenditur,
1882 4937 2044 4991 corda

469 5031 894 5100 delinquentium
945 5031 993 5083 in
1047 5028 1426 5095 destieratione
1458 5029 1846 5096 deprimuntur.
1903 5030 2052 5084 Unde

473 5143 693 5183 necesse
729 5137 811 5181 est
846 5137 901 5180 ut
927 5136 1270 5194 exasperatus
1318 5133 1521 5188 rector,
1557 5139 1675 5177 cum
1721 5124 2049 5176 subditorum

473 5235 702 5276 mentem
748 5222 865 5288 plus
911 5235 1066 5288 quam
1119 5219 1305 5271 debuit
1352 5217 1674 5285 percussisse
1729 5217 2049 5278 considerat,

543 5345 569 5372 λ
606 5333 790 5394 Corb.,
822 5341 955 5384 recta
986 5333 1282 5384 intentione.

542 5403 570 5442 ι)
609 5405 816 5458 Getnet.
847 5413 897 5454 et
929 5403 1112 5454 tertius
1137 5403 1376 5458 (Zarnoln
1409 5401 1866 5469 inrircumspectaS.
1897 5399 2046 5452 lianc

473 5476 754 5528 lectionem
779 5472 1006 5537 amplexi
1029 5479 1152 5523 sunt
1173 5471 1359 5532 Gilot.,
1385 5469 1553 5523 Vatic.
1587 5487 1646 5523 ac
1671 5471 1848 5523 caeteri
1880 5470 2042 5530 Edit.,

477 5556 668 5608 praeter
700 5542 986 5604 Gussanv.,
1015 5555 1170 5606 quem
1222 5540 1494 5608 sequimur
1529 5541 1885 5606 praceuntibus
1916 5540 2041 5594 Mss.

477 5618 707 5684 Anglia,
729 5611 907 5684 Trec_._.
933 5611 1114 5684 Corb.,
1142 5620 1243 5663 etc.

548 5681 582 5722 ί
613 5684 829 5738 Carnot.
862 5681 1158 5746 Secundus,
1197 5690 1242 5732 et
1275 5681 1502 5730 virtutem
1535 5681 1684 5729 muri.

2157 4585 2469 4638 tumultibus
2499 4583 2786 4651 impulsum
2825 4597 2852 4634 a
2884 4583 3172 4650 Semctipso
3201 4591 3425 4634 corruat
3450 4621 3466 4644 ,
3521 4582 3734 4635 studere
3808 4590 3809 4593 ‘

2156 4673 2542 4728 incessabiliter
2573 4674 2754 4736 debet,
2787 4681 2844 4727 ut
2877 4687 2968 4740 per
2999 4673 3313 4726 eruditionis
3366 4673 3605 4725 studiuttt
3651 4687 3733 4724 re-

2155 4773 2352 4832 surgat.
2391 4764 2523 4817 llinc
2550 4771 2635 4818 est
2663 4765 2805 4816 enim
2834 4763 2973 4832 quod
3009 4762 3286 4828 prmlatum
3319 4764 3471 4831 gregi
3506 4762 3732 4826 discipu-

2155 4857 2261 4908 lum
2318 4856 2511 4908 Paulus
2564 4854 2813 4907 admonet
2844 4896 2857 4914 ,
2912 4853 3095 4906 dicens
3130 4870 3141 4905 :
3180 4851 3311 4903 Dum
3339 4854 3486 4904 venio
3534 4852 3733 4903 attende

2158 4946 2358 4998 lectioni
2390 4943 2439 5013 (Ι
2473 4943 2608 4996 Tim.
2659 4959 2730 5007 tv,
2784 4941 2894 5012 15).
2952 4942 3082 4996 Hinc
3115 4942 3274 4994 David
3306 4945 3379 4992 ait
3415 4960 3430 4993 :
3465 4941 3732 5007 Quomodo

2157 5039 2315 5091 dilexi
2346 5037 2505 5106 legem
2536 5043 2675 5088 tuam
2703 5074 2716 5097 ,
2754 5033 2968 5086 Domine
2999 5073 3014 5098 ,
3052 5043 3158 5085 tota
3185 5035 3264 5084 die
3306 5034 3575 5085 meditatio
3624 5047 3732 5082 mea

2158 5139 2229 5181 est
2258 5126 2704 5196 (Ps.cxvm,97).
2736 5125 2868 5177 Hinc
2900 5125 3062 5192 Moysi
3097 5125 3348 5178 Dominus
3375 5124 3444 5176 de
3478 5123 3731 5191 portanda

2111 5230 2121 5281 ς
2157 5233 2279 5272 arca
2310 5217 2582 5286 pra'ccriit,
2611 5217 2793 5270 dicens
2825 5233 2840 5268 :
2874 5215 3055 5267 Facies
3106 5223 3323 5284 quatuor
3364 5216 3588 5267 circ-alas
3635 5231 3725 5265 uu-

2224 5333 2247 5366 ⁸
2293 5332 2426 5385 Tres
2450 5331 2656 5384 Cemet.
2691 5338 2745 5383 et
2767 5329 2969 5399 primus
2997 5328 3155 5385 Aud.,
3183 5328 3369 5395 fugerit
3392 5344 3624 5379 manum.

2230 5413 2253 5439 ο
2297 5403 2405 5463 Al.,
2438 5402 2620 5471 fugiat,
2653 5411 2710 5471 ut
2741 5411 2823 5453 est
2851 5401 2899 5452 iit
2937 5399 3058 5451 trib.
3094 5399 3300 5471 GCIllCL

2233 5471 2249 5508 ί
2293 5469 2450 5526 Corl).
2481 5488 2598 5525 cum
2626 5470 2830 5532 Nornn,
2864 5485 3066 5522 manum
3099 5469 3246 5536 fugit.

2227 5551 2250 5586 8
2283 5542 2499 5596 Carnot.
2533 5541 2716 5596 tertius
2741 5583 2755 5605 ,
2815 5534 3104 5608 asperitate
3138 5534 3420 5592 renovetur.
3475 5534 3703 5608 Lorgip.

2153 5623 2430 5666 i'Cl‘OCc’UU‘.
