4014 6312
247 332 316 386 53

1074 327 1376 382 REGUL/‘E
1419 327 1846 382 PASTORALIS
1888 324 2107 379 LIBER.
2151 353 2216 361 —
2261 322 2433 377 PARS
2473 322 2750 376 TERTIA.
3489 329 3558 378 tat.

260 446 406 501 furor
435 456 771 495 tusanorum
803 457 946 509 saepe
977 440 1040 494 ad
1069 443 1294 495 salutem
1322 443 1527 494 medico
1558 442 1605 493 bl
1646 443 1862 493 ιιιιιιιιιιθ
1891 445 1938 499 Α
1970 441 2123 498 tiunt,
2166 438 2259 489 sed
2293 438 2317 471 δ
2369 436 2834 503 conspersionibus
2877 438 3133 488 existunt.
3187 437 3388 500 Quibus
3438 454 3566 504 pro-

273 537 587 597 reducitur;
625 549 864 601 cumque
896 531 972 584 vis
1005 531 1056 584 in
1084 532 1368 584 dulcedine
1392 529 1864 593 t-ondescetulitur,

283 633 497 700 languor
541 627 778 680 insanim
822 626 1112 693 mitigatur.
1145 625 1328 692 Neque
1355 625 1500 678 enim
1535 624 1868 693 negligenter

286 721 600 777 intuendum
636 730 745 782 est,
780 717 922 786 quod
959 731 1078 770 eum
1108 716 1320 770 Saulem
1353 714 1579 784 spiritus
1611 716 1869 768 adversus

285 816 575 875 invaderet,
607 811 950 878 apprehensa
987 809 1149 862 David
1179 809 1401 872 cithara,
1433 809 1551 877 ejus
1593 814 1866 862 vesaniam

281 906 496 959 sedabat
528 900 582 972 (ι
617 901 748 968 Reg.
777 915 902 953 ιιι-ιιι
929 938 943 959 ,
989 899 1100 966 ¹10).
1145 898 1282 964 Quid
1313 899 1452 952 enim
1504 914 1598 966 per
1628 899 1868 961 Saulem,

283 996 382 1048 nisi
414 995 575 1046 elatio
608 1001 885 1059 potentum
913 1007 930 1055 ;
962 1000 1016 1044 et
1044 990 1170 1058 quid
1214 1005 1307 1056 per
1359 989 1527 1043 David
1581 988 1821 1042 ittnuitur
1853 1029 1866 1051 ,

285 1087 387 1138 nisi
412 1085 623 1136 humilis
657 1084 763 1134 vita
796 1086 1146 1135 sanctorum?
1186 1078 1317 1134 Cum
1344 1096 1476 1149 ergo
1503 1081 1630 1134 Saul
1663 1081 1730 1131 ab
1762 1079 1870 1132 im-

288 1177 486 1229 lttttndu
520 1176 706 1240 Spiritu
739 1174 996 1238 arripitur
1021 1212 1036 1235 ,
1071 1173 1232 1224 David
1260 1181 1507 1233 canente,
1553 1176 1668 1239 ejus
1704 1186 1869 1223 vesa-

285 1269 370 1318 nia
433 1274 806 1332 temperatur;
859 1263 981 1330 qnia
1033 1278 1155 1314 cum
1202 1276 1392 1315 sensus
1437 1272 1714 1329 potentum
1778 1273 1871 1326 per

279 1361 421 1412 e-‘alit
448 1374 574 1409 nem
608 1359 658 1407 in
705 1354 940 1406 furorem
991 1353 1255 1416 vertitur,
1299 1353 1516 1421 dignum
1574 1361 1657 1404 est
1697 1359 1748 1402 ut
1805 1349 1869 1400 ad

279 1454 509 1502 salutem
549 1448 746 1502 mentis
775 1448 924 1514 quasi
958 1445 1245 1500 dulcedine
1276 1445 1495 1498 citltarze
1525 1487 1539 1508 ,
1585 1443 1871 1497 locutionis

279 1551 474 1593 nostra:
525 1537 916 1606 tranquillitate
967 1545 1268 1590 revocetur.
1325 1533 1625 1601 Aliquando
1689 1541 1868 1585 autem

276 1649 394 1686 cum
457 1632 622 1698 ltujus
655 1632 834 1684 szeculi
891 1640 1136 1695 potentes
1195 1640 1504 1697 arguuntur,
1571 1629 1718 1695 prius
1777 1644 1871 1694 per

276 1722 535 1790 quasdam
580 1722 966 1774 similitudines
1019 1722 1162 1774 velut
1195 1720 1300 1789 37
1332 1719 1399 1772 de
1444 1719 1624 1772 alieno
1656 1720 1870 1785 negotio

1974 529 2116 581 lecto
2144 528 2500 580 intitraudum
2531 538 2611 581 est
2639 531 2778 596 quod
2804 529 3046 596 quietiam
3078 529 3200 580 vitia
3242 529 3556 595 quibusdam

1971 621 2443 688 COIlSpel'SitlllibUS
2471 623 2616 688 juxta
2641 630 2782 674 sunt.
2817 621 3022 674 Ilabcnt
3045 621 3186 674 enim
3217 621 3322 674 la-ti
3346 637 3408 673 ex
3433 638 3558 690 pro-

1974 712 2172 778 pinquo
2203 711 2485 775 luxuriant,
2521 712 2696 765 tristes
2729 714 2882 764 iram.
2923 711 3072 766 Unde
3103 726 3326 766 necesse
3371 723 3452 765 est
3503 725 3555 766 ut

1973 820 2078 858 non
2110 806 2282 859 solum
2312 819 2533 872 quisque
2563 802 2868 856 consideret
2911 803 3050 870 quod
3082 818 3146 857 ex
3177 804 3559 870 conspersiono

1973 902 2222 961 sustinet,
2251 897 2342 950 sed
2367 899 2525 950 etiam
2557 896 2696 964 quod
2721 911 2784 949 ex
2809 896 2984 948 vicino
3008 896 3243 949 deterius
3269 907 3518 964 perurget
3543 914 3557 960 ;

1974 1006 2040 1044 ne
2065 990 2192 1043 dum
2224 1003 2556 1056 nequaquam
2592 997 2786 1056 pugnat
2817 998 3000 1040 contra
3033 987 3133 1038 bot-
3177 989 3319 1054 quod
3346 988 3557 1046 tolerat,

1973 1083 2021 1137 ei
2044 1096 2254 1152 quoque
2277 1095 2307 1132 a
2329 1095 2434 1146 quo
2463 1093 2520 1132 se
2545 1078 2767 1130 liberum
2795 1078 3042 1138 mstimat,
3070 1077 3198 1128 vitio
3226 1077 3558 1130 succumbat.

2355 1166 2579 1221 CAPUT
2620 1165 2680 1218 tv
2726 1167 2833 1237 [AL
2863 1163 3168 1234 XXVIII].

2191 1269 2454 1332 Quomodo
2481 1266 2788 1317 admouendi
2817 1264 3009 1316 subditi
3040 1273 3083 1316 et
3115 1264 3341 1333 prtelatl.

2046 1361 2363 1427 (Adi-nouitio
2393 1359 2470 1427 5.)
2505 1360 2672 1411 Aliter
2709 1357 3032 1409 admonendi
3060 1369 3180 1408 sunt
3227 1357 3446 1414 subditi,
3481 1367 3557 1404 at-

1974 1465 2078 1520 que
2105 1453 2259 1504 aliter
2305 1449 2535 1519 praelati.
2569 1449 2689 1500 Illos
2719 1462 2786 1500 ne
2818 1446 3081 1514 subjectiu
3123 1455 3383 1510 conti-rat,
3430 1445 3559 1498 istos

1975 1558 2042 1596 ne
2069 1545 2215 1596 locus
2247 1540 2495 1607 superior
2535 1539 2781 1591 erttullat.
2817 1537 2893 1590 Illi
2922 1551 2987 1589 ne
3015 1537 3188 1588 minus
3218 1553 3336 1602 tuta:
3365 1536 3558 1602 juben-

1975 1645 2060 1688 tur
2091 1631 2366 1699 impleant,
2392 1629 2476 1681 isti
2506 1643 2570 1681 ne
2613 1628 2728 1695 plus
2754 1626 2901 1696 justo
2943 1626 3164 1694 jubeant
3199 1636 3220 1663 ο
3251 1643 3368 1694 qua:
3415 1641 3558 1677 eom-

1977 1726 2237 1789 pleantur.
2274 1722 2349 1774 llli
2381 1731 2436 1774 ιιι
2467 1721 2737 1772 humiliter
2767 1720 3104 1788 subjaceant.
3148 1720 3234 1773 isti
3263 1729 3316 1771 ut
3358 1729 3558 1785 tempus

279 1813 592 1882 requirendi
650 1821 897 1876 sunt;et
927 1827 1044 1864 cum
1103 1822 1305 1864 rectam
1355 1811 1675 1863 sententiam
1719 1812 1866 1877 quasi
1907 1812 1945 1868 Β
1975 1827 2157 1869 raliter
2217 1815 2456 1882 prmsint.
2514 1813 2645 1866 Nam
2695 1813 2834 1880 ([tt'd
2893 1811 3114 1880 intelligi
3171 1821 3223 1865 et
3273 1811 3561 1876 ﬁguraliter

278 1908 329 1960 in
359 1908 594 1959 alterum
623 1905 947 1972 protulerint
974 1945 989 1969 ,
1017 1914 1142 1957 tunc
1165 1903 1336 1955 modis
1358 1902 1782 1969 congruentibus
1806 1903 1871 1953 de

279 1996 499 2064 proprio
531 2005 684 2048 reatu
717 1993 941 2048 feriendi
975 2003 1129 2057 sunt;
1164 2001 1219 2046 ut
1250 2007 1405 2046 mens
1441 1992 1721 2057 temporali
1769 2009 1871 2060 po-

278 2087 449 2138 tentia
509 2084 719 2138 tumida
762 2092 950 2136 contra
1002 2083 1381 2150 corripientetn
1437 2099 1766 2149 nequaquam
1812 2100 1870 2136 se

277 2180 445 2245 erigat
472 2217 486 2240 ,
517 2192 641 2244 quae
685 2191 784 2229 suo
814 2176 911 2228 sibi
937 2173 1142 2243 judicio
1167 2174 1434 2242 superbire
1462 2173 1724 2228 cervicem
1750 2177 1871 2226 eal-

279 2280 391 2331 cat;
420 2278 475 2323 et
511 2272 563 2322 in
614 2269 758 2322 nulla
797 2268 878 2321 sui
932 2266 1246 2320 delensione
1276 2281 1333 2320 se
1377 2274 1668 2332 exerceat,
1708 2283 1867 2334 quam

281 2361 546 2411 sententia
580 2357 782 2425 prOprii
816 2357 928 2410 oris
953 2357 1095 2424 ligat.
1128 2355 1259 2408 Hinc
1284 2363 1367 2408 est
1405 2356 1548 2408 enim
1582 2355 1724 2424 quod
1755 2356 1870 2408 Na-

282 2447 398 2499 tban
434 2449 702 2515 pr0plieta
751 2459 980 2514 arguere
1024 2459 1203 2514 regem
1251 2454 1490 2509 venerat,
1536 2455 1590 2500 et
1621 2447 1771 2514 quasi
1803 2451 1867 2499 tte

284 2552 436 2590 causa
485 2537 743 2605 pauperis
791 2545 979 2591 contra
1009 2536 1233 2590 divitem
1280 2535 1536 2605 judicium
1593 2538 1869 2605 quaerebat

285 2629 363 2696 (Il
398 2631 523 2700 (leg.
561 2647 655 2694 xu,
689 2629 742 2694 4,
774 2630 828 2696 ὅ,
851 2631 982 2699 seq.)
1009 2645 1024 2693 ;
1057 2637 1116 2682 ut
1138 2629 1284 2698 prius
1314 2645 1406 2682 rex
1432 2631 1750 2683 sententiam
1775 2630 1868 2682 di-

282 2730 443 2782 ceret,
492 2731 549 2775 tt
581 2730 790 2774 reatum
819 2733 974 2774 suum
1008 2719 1348 2788 pommodum
1385 2720 1636 2787 audiret,
1669 2730 1868 2789 quate-

281 2829 376 2866 nus
403 2827 748 2882 nequaquam
800 2811 1019 2883 iustitia:
1071 2810 1510 2873 contradiceret,
1544 2827 1700 2878 quam
1752 2813 1866 2879 ipse

281 2904 329 2956 in
362 2919 421 2957 se
451 2905 786 2973 protulisset.
827 2902 918 2955 Vir
949 2904 1130 2972 itaque
1157 2912 1375 2956 sanctus
1419 2911 1476 2957 et
1525 2913 1862 2970 peccatoretn

281 2997 626 3050 considerans
675 3007 728 3050 ct
775 3012 978 3064 regem,
1031 2997 1166 3050 miro
1205 2997 1394 3050 ordine
1423 2999 1680 3052 audacem
1714 3015 1862 3058 seum

280 3089 425 3154 prius
450 3104 545 3157 per
566 3087 966 3143 confessionem
993 3089 1155 3157 ligare
1186 3089 1404 3152 studuit,
1443 3097 1498 3141 et
1520 3091 1861 3156 postmodum

1977 1916 2169 1976 potest,
2215 1906 2316 1958 illis
2343 1904 2538 1956 dicitur
2574 1921 2586 1954 :
2625 1900 2771 1968 Filii,
2806 1902 3002 1955 obedite
3049 1903 3340 1971 parentibus
3385 1913 3486 1955 vest
3519 1905 3560 1954 is

1974 1999 2024 2048 in
2056 1995 2314 2056 Domino;
2350 1995 2464 2050 istis
2508 2009 2636 2046 Vero
2683 1993 2991 2060 praecipitur
3027 2011 3038 2043 :
3078 1991 3139 2044 Et
3169 2003 3358 2060 patres,
3406 1994 3561 2046 uolitc

1973 2089 2040 2138 ad
2074 2089 2394 2139 iracundiam
2429 2101 2702 2150 provocare
2731 2085 2863 2150 [ilics
2890 2093 3078 2136 vestros
3106 2083 3324 2151 (Coloss.
3362 2101 3438 2149 ιιι,
3467 2085 3554 2143 ‘20.

1983 2180 2096 2248 23.1).
2135 2179 2211 2232 Illi
2246 2179 2354 2248 33
2398 2179 2606 2231 discant
2630 2177 2898 2244 quomodo
2927 2191 3050 2230 ante
3077 2173 3102 2212 ά
3133 2177 3325 2231 oet-ulti
3375 2177 3557 2230 arbitri

1971 2273 2153 2324 oculos
2186 2287 2278 2324 sua
2316 2271 2566 2325 interiora
2593 2280 2938 2338 componant,
2972 2271 3055 2322 isti
3087 2270 3356 2336 quomodo
3395 2271 3556 2324 etiam

1971 2363 2271 2417 commissis
2309 2363 2406 2416 sibi
2439 2362 2682 2431 exempla
2714 2362 2849 2417 bene
2888 2361 3102 2416 vivendi
3142 2362 3377 2416 exterius
3420 2377 3558 2430 pra-,-

1972 2456 2150 2508 beant.

2046 2543 2197 2598 Scire
2221 2541 2415 2595 etenim
2449 2541 2645 2609 praelati
2677 2541 2874 2595 debent
2903 2544 2999 2610 (ιι,
3029 2560 3078 2608 q.
3107 2540 3161 2604 '5,
3189 2558 3236 2594 c.
3271 2539 3557 2602 Prwcinue,

1969 2650 2020 2701 p.
2059 2632 2190 2685 scire
2234 2630 2638 2702 prtzlati),quia
2689 2631 2734 2685 si
2784 2646 3035 2700 perversa
3085 2645 3316 2701 unquam
3367 2647 3445 2699 pet
3464 2647 3558 2698 pe-

1971 2731 2134 2787 trant,
2168 2731 2191 2758 ο
2240 2730 2316 2776 tot
2363 2723 2628 2776 mortibus
2660 2721 2801 2791 digni
2835 2730 2979 2787 sunt,
3027 2731 3159 2791 quot
3207 2723 3272 2776 ad
3318 2723 3560 2777 subditos

1968 2829 2098 2868 suos
2131 2813 2449 2882 perditionis
2477 2814 2721 2882 exempla
2750 2817 3133 2868 transmittunt.
3167 2815 3317 2870 Unde
3341 2829 3559 2868 necesse

1968 2914 2052 2960 est
2091 2915 2148 2958 ut
2180 2914 2329 2959 tanto
2355 2920 2415 2960 se
2463 2905 2674 2960 cautius
2721 2920 2751 2958 a
2797 2905 2951 2974 culpa
2992 2904 3314 2967 custodiant,
3360 2917 3558 2973 quanto

1971 3012 2062 3065 per
2092 3012 2251 3064 prava
2282 3013 2400 3065 qua:
2444 2997 2662 3058 iaciunt,
2713 3012 2816 3050 non
2858 2998 2956 3051 soli
3009 2999 3310 3050 moriuntur
3361 2995 3379 3066 [
3413 2995 3429 3034 ί
3465 2999 3557 3049 sed

1967 3087 2194 3140 aliorum
2224 3089 2547 3152 animarum,
2588 3102 2721 3156 quas
2752 3091 2928 3155 pravis
2978 3088 3237 3153 exemplis
3282 3087 3557 3139 destruxe-

282 3193 376 3243 per
424 3179 778 3233 invectioncm
832 3193 1039 3231 secare.
1092 3177 1296 3232 Celavit
1348 3179 1614 3248 paululum
1649 3190 1672 3215 ⁸·
1708 3198 1864 3248 quem
1893 3183 1938 3241 Ο
1975 3187 2115 3239 runt,
2147 3179 2221 3231 rei
2248 3177 2417 3247 sunt].
2447 3180 2592 3232 Unde
2625 3179 2946 3232 admonendi
2993 3188 3116 3232 sunt
3147 3179 3242 3240 illi;
3270 3193 3338 3232 ne
3379 3178 3555 3230 distri-

280 3274 560 3342 qumsivit,
593 3275 685 3328 sed
712 3277 976 3342 percussit
998 3283 1217 3342 repente
1238 3290 1395 3341 quem
1431 3275 1621 3328 tenuit.
1660 3276 1865 3344 Pigrius

277 3366 430 3418 enim
457 3363 686 3418 fortasse
718 3365 968 3418 incideret
998 3402 1016 3429 ,
1046 3365 1094 3418 si
1122 3364 1188 3416 ab
1214 3365 1329 3430 ipso
1350 3365 1615 3419 sermonis
1644 3366 1865 3420 exordio

278 3466 463 3522 aperte
494 3455 702 3523 culpam
735 3456 894 3509 ferire
927 3458 1222 3519 voluisset;
1257 3456 1349 3507 sed
1387 3459 1661 3524 praemissa
1706 3459 1866 3511 sitni-

279 3541 529 3605 litudine,
547 3556 664 3594 eam
678 3556 837 3610 quam
855 3541 1157 3594 occultabat
1177 3542 1391 3594 exat-uit
1420 3542 1860 3611 increpationem.

281 3631 355 3685 Ad
384 3648 588 3700 aegrum
617 3633 856 3686 medicus
887 3641 1128 3695 venerat,
1158 3631 1447 3684 secandum
1484 3635 1676 3688 vulnus
1707 3636 1865 3687 vidc-

281 3725 388 3784 bat,
421 3724 514 3777 sed
549 3724 614 3776 t-le
649 3723 900 3790 patientia
927 3723 1055 3790 aegri
1089 3721 1393 3776 dubitabat.
1429 3721 1724 3778 Abscondit
1755 3726 1863 3794 igi-

280 3823 364 3867 tur
387 3815 585 3866 l’errum
615 3813 937 3867 medicinale
959 3815 1059 3866 sub
1088 3822 1256 3874 veste,
1284 3813 1426 3880 quod
1458 3815 1710 3866 eductum
1764 3831 1866 3866 su-

281 3907 388 3961 bito
420 3907 536 3959 tixit
567 3908 618 3959 in
652 3905 875 3960 vulnere
900 3947 914 3970 ,
948 3916 1006 3959 ιιι
1045 3914 1316 3959 secantem
1367 3905 1601 3975 gladium
1644 3907 1869 3962 sentiret

280 4011 418 4065 aeger
439 4005 727 4066 antequam
757 4005 1021 4060 cerneret,
1055 4010 1122 4051 ne
1146 3996 1192 4051 si
1225 4005 1351 4050 ante
1374 4005 1642 4062 cerneret,
1666 3998 1867 4052 sentire

282 4099 571 4144 recusaret.

682 4177 908 4234 CAPUT
947 4177 1012 4231 ιιι
1055 4178 1160 4250 [ιιι.
1204 4171 1481 4243 XXVII].

563 4273 832 4338 Quomodo
859 4270 1168 4323 admouendi
1198 4269 1300 4322 ιωιε
1331 4279 1378 4320 et
1404 4270 1589 4323 tristes.

350 4370 676 4437 (Admonitio
709 4365 788 4434 ἃ.)
820 4365 990 4421 Aliter
1015 4363 1335 4418 admonendi
1365 4373 1489 4418 sunt
1536 4361 1666 4431 laeti,
1711 4375 1871 4433 atque

279 4466 436 4517 aiter
467 4464 673 4515 tristes.
708 4461 869 4513 Laetis
919 4459 1168 4514 videlicet
1207 4458 1484 4513 inferenda
1529 4467 1655 4512 sunt
1701 4458 1870 4512 tristia

1972 3270 2110 3322 ctius
2141 3268 2426 3336 puniantur
2446 3270 2491 3321 si
2515 3269 2742 3321 absoluti
2765 3270 2985 3337 reperiri
3009 3269 3346 3337 nequiverint
3365 3270 3551 3324 saltent

1969 3360 2152 3422 dese;
2189 3359 2272 3413 isti
2325 3374 2392 3413 ne
2439 3360 2507 3414 de
2545 3359 2880 3413 subditorum
2927 3361 3192 3414 erratibus
3233 3361 3561 3432 judicentur.

1970 3451 2184 3506 etiamsi
2231 3465 2289 3505 se
2313 3449 2421 3518 jatn
2453 3451 2521 3506 de
2553 3467 2612 3504 se
2642 3465 2861 3504 securos
2891 3452 3188 3506 inveniunt.
3225 3453 3301 3507 Illi
3332 3463 3386 3506 ut
3417 3462 3563 3508 tanto

1969 3543 2110 3595 circa
2135 3557 2195 3595 se
2222 3541 2504 3595 sollicitius
2529 3543 2730 3606 vivant,
2759 3552 2956 3610 quanto
2986 3557 3080 3597 eos
3109 3543 3279 3597 aliena
3303 3560 3427 3597 cura
3453 3560 3560 3597 non

1970 3632 2240 3697 implicat;
2267 3631 2350 3686 isti
2379 3647 2508 3686 vero
2533 3643 2587 3685 ut
2617 3632 2694 3686 sic
2717 3634 2941 3686 aliorum
2964 3647 3118 3687 curas
3135 3634 3400 3702 expleant,
3424 3650 3557 3704 qua-

1973 3738 2126 3781 tenus
2147 3735 2201 3782 et
2226 3742 2351 3782 suas
2375 3743 2534 3797 agere
2563 3744 2668 3783 non
2700 3727 2980 3792 desistant,
3016 3739 3068 3782 et
3117 3729 3195 3782 sic
3242 3729 3292 3783 in
3343 3729 3560 3798 propria

1972 3819 2331 3874 sollicitudine
2374 3818 2648 3886 ferveant,
2697 3828 2754 3874 ut
2805 3835 2834 3872 a
2876 3819 3288 3874 commissorum
3321 3818 3562 3872 custodia

1973 3912 2198 3966 minime
2223 3922 2547 3980 torpescant.
2581 3913 2659 3966 llli
2687 3914 2830 3965 enim
2852 3912 3066 3966 sibimet
3096 3911 3302 3965 vacanti
3327 3911 3522 3964 dicitur
3549 3927 3562 3960 :

1979 4004 2125 4057 Vade
2153 4004 2220 4056 ad
2250 4004 2541 4073 formicam,
2576 4019 2606 4056 ο
2634 4004 2794 4075 piger,
2827 4015 2872 4058 et
2902 4003 3170 4057 considera
3219 4005 3327 4055 vias
3354 4003 3486 4073 ejus,
3517 4010 3564 4055 et

1973 4095 2113 4149 disce
2137 4095 2450 4161 sapientiam
2480 4093 2753 4164 (Proverb.
2785 4110 2861 4160 vr,
2892 4094 2968 4166 6).
3005 4094 3110 4148 Iste
3137 4102 3315 4148 autem
3349 4092 3562 4146 terribi-

1975 4187 2094 4241 liter
2115 4185 2457 4250 admonetur,
2485 4200 2605 4240 cum
2637 4186 2832 4240 dicitur
2861 4202 2876 4241 :
2905 4184 3015 4238 Fili
3046 4185 3136 4250 nti,
3158 4186 3204 4238 si
3224 4185 3560 4254 speponderis

1975 4291 2068 4343 pro
2095 4274 2260 4328 amico
2288 4283 2395 4338 tuo,
2420 4275 2644 4343 deﬁxisti
2673 4274 2814 4343 apud
2837 4284 3132 4327 extraneum
3159 4289 3368 4325 manum
3395 4283 3558 4336 tuam,

1975 4376 2022 4419 et
2048 4367 2354 4437 illaqueatus
2377 4383 2431 4421 es
2457 4367 2617 4420 verbis
2640 4368 2742 4420 oris
2770 4368 2864 4435 tui,
2900 4376 2945 4420 et
2985 4377 3166 4434 captus
3207 4366 3427 4436 praprtis
3452 4380 3558 4421 ser-

1978 4461 2208 4516 monibus
2256 4460 2444 4534 (Ibt'd.,
2477 4460 2554 4528 1).
2585 4462 2860 4529 Spondere
2888 4477 3116 4530 namque
3146 4477 3238 4530 pro
3259 4463 3454 4526 amico,
3481 4473 3565 4514 est

280 4570 400 4622 qua:
432 4565 734 4620 sequuntur
758 4568 823 4606 ex
846 4549 1137 4619 supplicio;
1173 4549 1414 4605 tristibus
1437 4565 1567 4604 vero
1595 4549 1869 4604 inferenda
1905 4537 1952 4596 Β
1979 4551 2210 4606 alienam
2241 4551 2473 4606 animam
2498 4551 2551 4605 in
2580 4552 2817 4620 periculo
2838 4566 2950 4604 sua:
2973 4551 3396 4604 conversationis
3424 4550 3565 4604 acci-

282 4656 411 4701 sunt
459 4646 576 4698 laeta
607 4660 728 4713 qua:
761 4645 1142 4712 promittuntur
1170 4657 1234 4696 ex
1277 4657 1464 4712 regno.
1515 4641 1728 4697 Discant
1769 4642 1874 4696 laeti

285 4755 354 4790 cx
392 4739 658 4790 minarum
690 4735 981 4804 asperitate
1029 4734 1168 4801 quod
1210 4734 1458 4797 timeant;
1510 4734 1729 4787 audiant
1777 4733 1866 4786 tri-

290 4841 401 4884 stes
433 4833 772 4897 praamiorum
811 4827 1000 4897 gaudia
1044 4827 1108 4880 de
1135 4827 1326 4894 quibus
1374 4835 1716 4894 przesumant.
1769 4824 1877 4878 Illis

286 4923 484 4992 quippe
518 4923 756 4976 dicitur:
801 4919 886 4972 Va:
916 4919 1051 4973 vobis
1093 4918 1179 4986 qui
1204 4917 1379 4970 ridetis
1427 4933 1584 4979 nunc,
1635 4917 1874 4986 quoniam

284 5017 472 5084 ﬂebitis
499 5014 654 5082 (Luc.
683 5029 766 5080 vt,
795 5013 926 5081 25);
963 5012 1047 5067 isti
1087 5026 1213 5065 vero
1257 5011 1446 5065 eodem
1493 5011 1745 5079 magistro
1781 5011 1876 5065 do-

284 5119 446 5165 cente
473 5109 696 5162 audiunt
726 5123 740 5159 :
775 5107 972 5159 lterum
1003 5104 1176 5157 videbo
1202 5119 1306 5166 vos,
1339 5113 1384 5155 et
1412 5102 1650 5171 gaudebit
1681 5118 1767 5154 cor
1791 5119 1874 5156 ve-

283 5211 476 5264 strum,
506 5211 554 5253 et
579 5201 828 5270 gaudium
855 5207 1075 5252 vestrum
1100 5211 1248 5249 nemo
1280 5196 1418 5248 tollet
1448 5211 1480 5247 a
1519 5194 1658 5247 vobis
1697 5194 1873 5263 (Joan.

290 5310 405 5356 va,
438 5292 556 5358 22).
598 5291 843 5346 Nonnulli
875 5300 1052 5344 autem
1085 5287 1191 5342 laeti
1242 5288 1321 5342 vel
1355 5286 1536 5340 tristes
1567 5301 1674 5340 non
1717 5287 1877 5340 rebus

359 5421 384 5448 ε
421 5409 476 5464 1ιι
511 5407 758 5470 Excusis,
803 5406 939 5474 quod
980 5404 1231 5475 quwsivit.
1264 5403 1462 5457 Omnes
1510 5403 1634 5455 Mss.
1687 5401 1875 5466 nostri,

286 5497 460 5550 quem.
491 5482 700 5549 optimo
728 5492 910 5531 sensu.

359 5551 388 5590 ι’
421 5541 953 5616 Ρείσοηερεηέοιιωιι
981 5543 1267 5612 Gregorius
1293 5542 1539 5616 intelligit
1563 5541 1649 5595 hic
1671 5551 1724 5616 ct
1749 5541 1876 5593 alibi

290 5621 544 5681 indolem,
574 5614 844 5679 naturam,
875 5617 1117 5682 Corporis
1140 5625 1192 5668 et
1219 5614 1408 5667 attinnt:
1439 5615 1878 5682 temperationetn

289 5704 343 5746 et
375 5693 636 5751 habitum,
670 5698 727 5740 ut
756 5690 886 5740 satis
915 5681 1095 5752 liquet.
1125 5684 1255 5740 Vide
1285 5685 1443 5748 intra,
1471 5697 1589 5752 cap.
1621 5682 1710 5748 58,
1731 5681 1879 5750 juxta

289 5773 492 5820 recent.
528 5761 677 5818 Edit.
703 5757 760 5824 3,
788 5769 838 5812 et
866 5757 926 5811 6|
963 5774 1014 5810 ιιι
1046 5756 1174 5810 Mss.

1977 4656 2129 4711 pere.
2159 4641 2311 4696 Unde
2340 4650 2394 4695 et
2421 4640 2560 4707 apud
2590 4649 2900 4694 extraneum
2933 4654 3120 4692 manus
3148 4640 3412 4709 deligitur,
3440 4642 3558 4707 quia

1980 4733 2120 4797 apud
2151 4746 2334 4786 curam
2367 4729 2742 4784 sollicitudinis
2773 4745 2890 4797 qua:
2918 4738 3041 4781 ante
3068 4730 3270 4793 deerat,
3307 4746 3457 4783 tuens
3501 4731 3562 4782 li-

1979 4834 2154 4893 gatur.
2184 4821 2374 4877 Verbis
2397 4835 2523 4874 vero
2547 4821 2657 4875 oris
2673 4822 2753 4875 sui
2773 4820 3087 4890 illaqueatus
3115 4833 3222 4887 est,
3248 4837 3310 4876 ac
3336 4822 3564 4890 propriis

1982 4914 2316 4969 sermonibus
2345 4925 2531 4980 captus
2555 4929 2568 4974 ;
2599 4913 2721 4982 quia
2748 4913 2871 4966 dum
2900 4914 3199 4967 commissis
3228 4913 3327 4965 sibi
3360 4911 3565 4980 cogitur

1980 5008 2116 5060 bona
2144 5008 2342 5072 dicere,
2379 5010 2545 5076 ipsum
2569 5009 2718 5078 prius
2743 5023 2963 5063 necesse
2987 5018 3069 5062 est
3094 5023 3213 5076 quae
3240 5005 3436 5059 dixerit
3463 5019 3558 5058 eu-

1979 5099 2202 5154 slodire.
2231 5100 2550 5168 lllaqueatur
2573 5101 2728 5170 igitur
2752 5101 2926 5154 verbis
2947 5101 3055 5153 oris
3080 5102 3181 5164 sui,
3206 5100 3331 5153 dum
3360 5096 3565 5152 rationm

1981 5191 2224 5261 exigente
2252 5193 2652 5261 consrringitur,
2706 5208 2773 5246 tte
2821 5191 2934 5259 ejus
2967 5194 3069 5244 vita
3110 5191 3176 5245 ad
3215 5189 3358 5244 aliud
3405 5205 3562 5257 quam

1983 5287 2235 5339 admonet
2265 5286 2554 5338 relaxetur.
2601 5283 2752 5338 Unde
2799 5283 2940 5352 apud
2983 5282 3292 5338 districtum
3333 5282 3569 5352 judiccm

2062 5410 2082 5436 "-
2116 5399 2282 5452 Laud.
2311 5408 2363 5451 ct
2383 5397 2570 5462 Corb.,
2596 5413 2746 5464 quam
2772 5397 3139 5467 compleantur.

2059 5467 2081 5504 ἀ
2114 5469 2280 5522 Laud.
2303 5478 2358 5522 et
2390 5467 2568 5530 Trec.,
2602 5469 2785 5520 occulti
2813 5469 3038 5522 arbitris.

2063 5550 2084 5576 ε
2115 5540 2326 5593 Gemet.
2354 5553 2413 5590 ac
2444 5539 2603 5605 plur.,
2639 5549 2710 5589 tot
2742 5540 3022 5592 tormentis.

2066 5607 2083 5646 ί
2119 5613 2307 5662 Carent
2339 5610 2432 5660 liae
2475 5609 2776 5677 parenthesi
2825 5609 3003 5672 'l‘ree.,
3034 5609 3224 5673 Corb.,
3257 5606 3424 5662 Laud.
3475 5609 3568 5662 Est

1988 5679 2041 5734 in
2072 5679 2526 5735 Gcmcticcusibus
2554 5689 2607 5735 ct
2635 5681 2685 5734 ιιι
2717 5683 2887 5749 primo
2919 5681 3054 5735 And.
