3968 6318
449 317 510 364 {iii
1651 319 1888 372 SANCTI
1930 320 2258 375 GREGOllIl
2302 324 2507 376 MAGNl
3658 330 3728 382 56

451 429 654 499 ungitur
683 436 825 481 tanta
853 429 903 482 in
930 443 1090 497 opere
1119 430 1419 493 exsolvere,
1451 439 1643 496 quanta
1675 448 1793 483 eum
1819 441 2028 484 constat
2059 439 2104 494 Α
2134 450 2294 503 opera
2328 438 2504 489 miseri
2546 437 2725 489 odoris
2754 439 3061 498 extendere,
3095 447 3146 490 et
3194 439 3424 505 cogitata
3479 438 3616 502 apud
3664 454 3721 492 Se

448 521 560 572 aliis
593 534 723 572 voce
768 522 1102 587 princepisse.
1143 521 1238 574 Ubi
1277 531 1330 573 et
1375 521 1512 575 bene
1557 537 1676 573 mox
1729 522 2031 575 exhortatio

447 611 710 676 subditur,
747 620 802 663 ut
831 613 1040 664 dicatur
1072 630 1081 661 :
1131 611 1237 662 Fac
1283 628 1402 680 ergo
1431 613 1565 680 quod
1595 614 1727 672 dico,
1763 614 1839 678 ﬁli
1872 617 1958 675 mi,
1985 624 2029 665 et

447 706 759 774 temetipsum
783 707 959 770 libera,
992 705 1107 772 quia
1139 705 1365 756 incidisti
1388 706 1438 757 in
1462 721 1639 756 manus
1662 707 1879 772 proximi
1912 707 1987 757 tui
2013 724 2029 758 :

446 797 695 860 discurvc,
750 799 965 866 festina,
1015 799 1202 849 suscita
1245 798 1462 848 amicum
1502 807 1686 856 tuum;
1729 815 1789 849 ne
1833 799 2032 850 dederis

448 906 683 941 somnum
706 889 865 940 oculis
891 891 1009 950 tuis,
1042 905 1132 940 nec
1160 890 1426 940 dormitent
1448 889 1701 954 palpebra:
1726 900 1824 942 tua:
1848 889 2026 955 (Prot'.

454 996 523 1040 ιιι,
567 981 645 1047 5).
688 980 937 1046 Quisquis
979 980 1118 1032 enim
1153 980 1216 1031 ad
1249 980 1528 1032 vivendum
1561 980 1757 1032 aliisin
1785 983 2030 1044 exemplo
2064 1046 2067 1048 _

452 1071 797 1135 prteponitur,
833 1087 936 1122 non
980 1071 1151 1122 solum
1193 1079 1248 1122 ut
1278 1072 1392 1137 ipse
1421 1071 1616 1138 vigilet,
1650 1074 1741 1125 sed
1789 1073 1947 1125 etiam
1975 1084 2032 1125 ut

451 1159 677 1213 amicum
704 1163 922 1212 suscitet
943 1160 1278 1213 admonetur.
1311 1161 1368 1212 Ei
1400 1177 1626 1226 namque
1655 1163 1872 1230 vigilare
1899 1167 2031 1215 bene

449 1250 674 1303 vivendo
705 1265 809 1303 non
851 1251 1068 1311 sttflicit,
1099 1251 1141 1302 si
1174 1265 1274 1301 non
1307 1260 1362 1303 et
1417 1251 1561 1302 illum
1605 1255 1686 1302 cui
1736 1265 1945 1317 przceSt,
2002 1270 2026 1303 a

446 1341 645 1406 peccati
701 1352 914 1405 torpore
946 1341 1218 1407 ilisjungit.
1275 1341 1414 1394 Bene
1443 1351 1618 1393 autem
1670 1342 1864 1394 dicitur
1899 1361 1907 1392 :
1950 1342 2031 1394 Ne

445 1433 640 1484 dederis
667 1448 900 1485 somnum
930 1433 1088 1483 oculis
1139 1433 1255 1496 luis,
1306 1449 1395 1484 nec
1445 1433 1719 1483 dormiteut
1776 1434 2030 1498 palpebra:

445 1532 543 1575 tua:
569 1521 756 1592 (Ibid.,
786 1523 860 1589 ὁ).
886 1523 1142 1576 Somnum
1168 1523 1359 1591 quippe
1385 1526 1551 1576 oculis
1578 1525 1726 1586 dare,
1753 1533 1835 1577 est
1857 1525 2029 1578 inten-

444 1617 588 1668 tione
617 1625 882 1676 eessante,
915 1618 1247 1670 subditorum
1279 1632 1460 1671 curam
1485 1620 1702 1670 o'nnino
1729 1621 2022 1689 negligere.

445 1706 717 1770 l‘alpehrm
741 1723 866 1758 vero
891 1709 1198 1770 dormitant,
1229 1725 1347 1762 Cttm
1376 1712 1723 1776 cogitationes
1750 1723 1941 1765 nostrae
1967 1731 2024 1765 ea

2138 531 2291 580 noxia
2361 530 2509 580 factis
2568 529 2919 580 exterioribus
2985 530 3328 596 exsequendo
3395 538 3714 582 monstrare.

2135 619 2301 682 Quem
2343 629 2513 670 tamen
2547 619 2707 670 David
2742 620 2896 672 ferire
2929 622 3136 680 metuit,
3165 620 3284 687 quia
3337 621 3434 686 pia:
3481 620 3694 674 subdito

2138 725 2250 760 rum
2283 719 2489 764 mentes
2521 711 2586 762 ab
2617 712 2762 763 omni
2810 725 2867 761 se
2918 723 3062 776 peSIe
3111 711 3516 764 obtrectationis
3564 713 3719 764 absti«

2136 812 2347 863 nentes,
2383 804 2782 869 pra-positorum
2820 804 2978 854 vitam
3013 803 3154 854 nullo
3183 804 3373 871 linguae
3400 804 3579 870 gladio
3607 821 3720 871 per-

2134 893 2361 954 Cutinnt,
2410 893 2567 943 etiam
2597 908 2716 945 cum
2749 894 2812 946 de
2861 894 3261 959 imperfectione
3309 898 3718 960 reprehendunt.

2136 982 2231 1045 Qui
2267 984 2363 1033 etsi
2409 984 2620 1049 quando
2653 1001 2745 1050 pro
2798 984 3103 1035 infirmitate
3151 1000 3269 1037 sese
3317 989 3584 1039 abstinere
3635 1003 3718 1039 vix

2136 1083 2374 1138 possunt,
2404 1083 2427 1107 ἰ
2462 1085 2515 1124 ιιι
2547 1085 2783 1126 extrema
2816 1076 3055 1139 qua-datu
3097 1086 3254 1142 atque
3282 1081 3542 1130 exteriora
3589 1096 3719 1145 pri--

2137 1165 2422 1227 positornm
2473 1165 2654 1225 mala,
2708 1164 2800 1215 sed
2857 1175 3030 1217 tamen
3083 1167 3351 1220 humiliter
3403 1169 3716 1236 loquantur,

2134 1253 2282 1315 quasi
2310 1268 2456 1303 oram
2479 1252 2757 1304 chlamidi~
2784 1255 3001 1307 Silentet'
3029 1256 3301 1320 incidunt;
3326 1259 3446 1325 quia
3472 1261 3719 1315 vnlelicet

2133 1341 2258 1392 dum
2293 1343 2523 1407 pra'lata:
2555 1343 2795 1409 dignitati
2824 1344 3009 1395 saltem
3045 1345 3259 1398 innoxie
3289 1357 3341 1399 et
3374 1347 3598 1401 latenter
3623 1351 3719 1402 de-

2139 1440 2359 1496 rogant,
2413 1433 2558 1498 quasi
2611 1437 2746 1499 regis
2795 1435 3110 1501 superpOsiti
3155 1435 3179 1471 δ
3232 1446 3430 1488 vestem
3497 1439 3719 1498 foedant.

2133 1523 2223 1573 sed
2256 1532 2428 1573 tamen
2459 1523 2524 1575 ad
2556 1524 2870 1589 semetipsos
2903 1525 3128 1576 redeunt
3157 1540 3319 1593 seque
3361 1527 3718 1580 vehementis—

2134 1612 2268 1664 sime
2306 1615 2386 1664 vel
2426 1611 2492 1663 de
2524 1611 2828 1664 tenuissima
2877 1613 3021 1664 verbi
3063 1614 3383 1667 laceratione
3427 1617 3719 1683 reprelien-

2132 1704 2285 1755 dunt.
2323 1703 2467 1756 Unde
2501 1705 2633 1755 bene
2664 1714 2714 1756 et
2744 1704 2847 1755 illic
2878 1709 3127 1771 scriptum
3158 1717 3238 1758 est
3271 1724 3281 1756 :
3318 1705 3442 1759 Post
3470 1708 3576 1760 ha’c
3609 1707 3719 1760 Da-

445 1812 562 1865 qum
593 1797 642 1848 in
675 1798 900 1850 subditis
930 1802 1196 1866 arguenda
1249 1813 1592 1866 cognoscunt,
1629 1804 1902 1870 pigredine
1933 1805 2026 1857 de-
2065 1803 2103 1857 Β
2129 1795 2212 1845 rid
2267 1793 2510 1860 percussit
2566 1809 2652 1844 cor
2701 1810 2845 1845 suum
2873 1838 2884 1856 ,
2938 1811 2994 1846 co
3051 1796 3183 1859 quod
3236 1797 3526 1849 abscidisset
3576 1815 3720 1852 oram

445 1889 703 1955 primente
733 1888 1087 1942 dissimulant.
1124 1890 1284 1942 Plene
1313 1891 1454 1943 enim
1484 1892 1732 1948 dormire.
1770 1905 1852 1945 est
1879 1909 2026 1945 coni-

445 1978 723 2031 missorum
754 1990 869 2031 acta
903 1995 997 2032 nec
1029 1981 1185 2042 scire,
1225 1996 1319 2032 nec
1349 1982 1640 2047 corrigere.
1690 1981 1800 2033 Non
1850 1993 2027 2034 autem

443 2067 691 2130 tht‘llll'C,
726 2069 816 2122 sed
848 2070 1140 2122 dormitare
1187 2080 1295 2134 est,
1329 2087 1444 2137 qua:
1474 2073 1685 2136 quidem
1737 2075 2031 2139 reprehen-

445 2161 611 2213 denda
634 2170 755 2213 sunt
785 2177 1128 2229 cognoscere,
1157 2164 1248 2215 sed
1271 2174 1445 2215 tamen
1478 2174 1692 2231 propter
1716 2167 1908 2218 mentis
1937 2179 2028 2218 tte-

445 2255 583 2307 tlinm
606 2257 777 2325 dignis
799 2273 857 2311 ea
886 2258 1333 2323 increpationibus
1359 2276 1460 2310 non
1495 2264 1800 2313 emendare.
1827 2262 2031 2314 Dormi-

447 2349 604 2401 tando
654 2365 780 2403 vero
827 2351 1014 2405 oculus
1040 2351 1102 2403 ad
1133 2351 1493 2417 plenissimum
1525 2367 1766 2403 somnum
1799 2354 2026 2415 ducitur,

446 2441 563 2505 quia
589 2440 712 2493 dum
737 2441 1046 2506 plerumque
1069 2442 1153 2510 qui
1174 2450 1366 2508 prmest
1388 2442 1582 2494 malum
1603 2443 1742 2510 quod
1761 2446 2030 2512 cognoscit

446 2547 546 2583 non
569 2541 792 2596 resecat,
819 2533 882 2585 ad
903 2535 1000 2585 hoc
1017 2533 1334 2601 quandoque
1351 2533 1684 2600 negligentia:
1702 2551 1810 2586 sua:
1835 2535 2027 2588 merito

446 2623 710 2688 pervenit,
728 2632 783 2675 ut
799 2623 938 2690 quod
957 2639 983 2674 a
1002 2623 1255 2692 subjectis
1273 2623 1616 2692 delinquitur,
1637 2639 1734 2678 nec
1754 2634 2026 2691 agnoscat.

513 2713 843 2767 Adtnouendi
877 2725 999 2768 sunt
1050 2716 1228 2784 itaque
1271 2716 1356 2782 qui
1400 2724 1652 2782 praesunt,
1690 2725 1745 2766 ttt
1790 2729 1882 2778 per
1922 2715 2028 2782 39

447 2804 938 2872 circumspectionis
968 2806 1198 2859 studium
1230 2805 1413 2859 oculos
1453 2805 1734 2872 pervigiles
1786 2803 1927 2855 intus
1975 2812 2028 2855 et.

447 2895 495 2947 in
558 2896 778 2948 cirruitu
831 2896 1089 2960 habeant,
1139 2905 1192 2948 et
1248 2897 1367 2949 C(eli
1423 2895 1670 2948 animalia
1729 2895 1845 2948 fieri
1899 2911 2026 2948 con-

454 2987 691 3039 tendant.
752 2985 964 3051 (Ezerh.
995 3003 1038 3046 ι,
1077 2986 1186 3050 18).
1235 2985 1456 3037 05tensa
1510 2985 1702 3051 quippe
1745 2984 1867 3037 caeli
1911 2985 2028 3037 ani-

453 3079 606 3130 malia
639 3078 689 3130 in
735 3078 957 3133 cireuitu
998 3088 1053 3132 et
1089 3078 1228 3129 intus
1280 3076 1443 3128 oculis
1503 3077 1654 3143 plena
1715 3077 2021 3130 describun-

448 3179 528 3222 tur
595 3170 784 3240 (Apoc.
836 3187 927 3235 tv,
975 3172 1048 3237 (ί).
1098 3169 1318 3235 Dignum
1377 3168 1570 3237 quippe
1616 3179 1696 3223 est
1745 3180 1799 3221 ut
1852 3172 2025 3224 cuncti
2059 3177 2101 3236 α

447 3259 532 3328 qui
565 3269 801 3328 prmsunt
828 3261 971 3313 intus
999 3269 1156 3325 atque
1184 3258 1233 3311 in
1278 3258 1502 3314 circuitu
1547 3261 1732 3312 oculos
1777 3261 2024 3322 habeant,

447 3361 704 3416 quatenus
734 3359 786 3404 et
815 3351 1019 3403 interno
1052 3348 1218 3416 judici
1251 3350 1302 3403 in
1333 3351 1640 3418 semetipsis
1672 3352 1879 3417 placere
1911 3361 2024 3404 sta-

448 3440 626 3505 deant,
659 3450 712 3494 et
741 3439 980 3505 exempla
1015 3442 1134 3490 vita:
1165 3440 1397 3492 exterius
1428 3441 1746 3507 praebentes,
1777 3457 1838 3494 ea
1869 3442 2027 3493 etiam

450 3547 567 3596 qua'
600 3529 649 3582 in
681 3531 797 3582 aliis
829 3537 952 3582 sunt
982 3529 1290 3596 corrigenda
1324 3529 1748 3596 deprehendant.

525 3618 855 3670 Admoncndi
889 3627 1011 3670 sunt
1042 3617 1262 3682 subditi,
1291 3633 1356 3668 ne
1387 3618 1789 3684 prxpositorum
1816 3633 2030 3671 suorum

453 3708 609 3760 vitam
642 3719 840 3761 temere
870 3709 1128 3776 judicent,
1161 3710 1204 3762 si
1235 3709 1359 3777 quid
1388 3724 1479 3762 eos
1510 3710 1736 3762 fortasse
1767 3725 1922 3777 agere
1953 3725 2033 3762 rr-

455 3799 885 3866 prehcnsibiliter
903 3801 1103 3864 vident;
1122 3816 1184 3852 ne
1205 3801 1341 3852 unde
1366 3800 1502 3853 mala
1529 3809 1668 3852 recte
1688 3800 2030 3868 redarguunt,

453 3891 576 3945 inde
611 3907 705 3959 per
736 3891 980 3945 elationis
1013 3893 1293 3960 impulsum
1320 3893 1370 3944 in
1402 3893 1743 3960 profundiora
1791 3908 2032 3960 mergan-

458 3994 560 4033 tur.
611 3983 940 4036 Admonendi
971 3993 1115 4045 sunt,
1151 4000 1214 4036 ne
1265 3998 1385 4036 cum
1415 3983 1598 4049 culpas
1628 3983 2032 4050 prtepositorum

455 4073 815 4136 considerant,
865 4086 1050 4132 contra
1081 4089 1173 4129 eos
1204 4074 1516 4128 audaciores
1545 4075 1693 4139 fiant,
1727 4075 1818 4127 sed
1866 4079 1942 4128 sic
1990 4078 2033 4128 si

454 4180 554 4232 qua
589 4165 739 4219 valde
765 4177 886 4219 sunt
908 4182 1087 4221 eorum
1119 4183 1298 4237 prava,
1331 4167 1467 4235 apud
1498 4169 1813 4234 semetipsos
1845 4167 2035 4235 dijudi-

456 4267 595 4322 cent,
628 4270 682 4311 ut
715 4271 890 4312 tamen
917 4260 1100 4314 divino
1145 4263 1335 4314 timore
1362 4261 1632 4314 constricti
1665 4259 1806 4315 ferre
1837 4261 1935 4315 sub
1958 4264 2036 4316 eis

451 4351 631 4419 jugutn
663 4352 976 4405 reverentia:
1006 4370 1108 4407 non
1141 4363 1405 4408 recusent.
1438 4353 1588 4418 Quod
1636 4355 1823 4408 melius
1853 4365 2034 4409 osten—

453 4443 646 4506 dimus,
671 4444 713 4496 si
742 4444 898 4497 David
922 4445 1114 4498 factum
1139 4445 1202 4498 ad
1228 4446 1460 4499 medium
1478 4445 1806 4501 deducamus
1825 4446 1874 4518 (Ι
1904 4446 2029 4513 Reg.

454 4551 598 4598 xxtv,
629 4536 682 4598 4,
713 4536 866 4604 seq.).
901 4537 1025 4590 Saul
1056 4536 1250 4604 quippe
1278 4547 1617 4605 persecutor,
1649 4552 1770 4589 cum
1803 4539 1866 4590 ad
1909 4553 2032 4605 pur-
2067 4557 2114 4615 υ

455 4627 684 4696 gandum
736 4640 972 4680 ventrem
1006 4627 1318 4694 speluncam
1361 4627 1550 4683 fuisset
1591 4630 1884 4698 ingressus,
1930 4628 2036 4682 illic

455 4734 574 4771 cum
610 4719 737 4772 viris
763 4720 874 4773 suis
911 4719 1071 4772 David
1104 4719 1297 4782 inerat,
1331 4721 1418 4784 qui
1442 4720 1552 4788 jam
1587 4730 1689 4773 tam
1721 4720 1878 4789 longo
1909 4727 2036 4772 tem-

457 4825 584 4877 pore
619 4812 999 4876 persticutionis
1026 4811 1143 4878 ejus
1175 4813 1311 4863 mala
1345 4812 1621 4865 tolerabat.
1651 4811 1888 4879 Cumque
1915 4829 2034 4866 eum

461 4901 560 4954 viri
591 4902 673 4955 sui
724 4903 786 4954 ad
824 4903 1119 4957 feriendum
1163 4904 1288 4957 Saul
1319 4904 1688 4967 accenderent,
1751 4905 1902 4973 fregit
1943 4920 2036 4959 eos

460 4992 932 5059 responsionibus,
981 4993 1101 5060 quia
1153 5009 1368 5046 manum
1419 4995 1631 5048 mittere
1678 4997 1727 5046 in
1777 4995 2035 5049 eliristum

460 5083 664 5136 Domini
699 5099 801 5137 non
833 5086 1071 5139 deberet.
1100 5086 1202 5150 Qui
1236 5095 1410 5140 tamen
1443 5087 1648 5140 occulte
1689 5091 1942 5155 surrexit,
1982 5101 2038 5144 et

459 5193 605 5228 oram
635 5177 929 5246 chlamydis
969 5179 1084 5247 ejus
1114 5180 1358 5232 abscidit.
1399 5179 1536 5242 Quid
1571 5180 1709 5232 enim
1746 5197 1838 5246 per
1887 5182 2031 5244 Saul,

461 5269 558 5320 nisi
587 5269 708 5320 tnali
742 5282 1005 5333 rectores;
1036 5272 1160 5337 quid
1206 5289 1297 5339 per
1331 5273 1513 5335 David,
1544 5273 1639 5326 nisi
1674 5273 1792 5326 boni
1842 5276 2036 5326 subditi

461 5359 842 5426 designantur?
867 5362 988 5413 Saul
1025 5363 1180 5430 igitur
1205 5376 1438 5416 ventrem
1467 5380 1710 5432 purgare,
1739 5375 1818 5417 est
1851 5380 2039 5430 pravos

462 5455 771 5523 praepositos
801 5470 828 5506 c
854 5467 1110 5521 nceptam
1159 5457 1206 5508 itt
1257 5459 1420 5511 corde
1462 5461 1716 5511 malitiam
1769 5474 1932 5528 usque
1974 5460 2037 5511 ad

538 5576 560 5600 α
593 5563 772 5624 Corb.,
810 5565 996 5624 Lautl.,
1031 5566 1275 5632 l.ongip.,
1309 5578 1358 5619 ut
1389 5586 1486 5619 non
1511 5579 1753 5619 eatremn.

539 5636 561 5670 δ
614 5635 835 5698 Vulgati,
888 5648 1066 5688 restem
1132 5649 1343 5698 secant;
1396 5641 1568 5703 potius
1614 5656 1678 5689 ex
1738 5640 2038 5704 conjectura

465 5720 710 5774 quamcx
744 5706 894 5765 Mss"
924 5709 1008 5773 qui
1043 5724 1228 5758 omnes
1257 5709 1640 5757 etitttrntlit'nnl.

542 5786 563 5811 ε
595 5772 805 5828 Carum.
841 5772 1122 5837 secandus,
1159 5780 1248 5829 sub
1280 5781 1400 5839 juqo
1431 5781 1698 5829 servitutis.

2133 1885 2403 1936 c/tlamidis
2436 1886 2566 1938 Saul
2591 1883 2772 1951 (lbid.,
2805 1886 2881 1951 6).
2914 1887 3070 1940 Facta
3097 1891 3288 1955 quippe
3311 1892 3721 1956 praepositorum

2135 1977 2244 2029 oris
2274 1977 2448 2044 gladio
2499 1977 2733 2030 ferienda
2768 1993 2869 2029 non
2907 1988 3049 2042 sunt,
3083 1981 3240 2031 etiam
3273 1995 3390 2033 cum
3439 1994 3581 2035 recte
3636 1999 3721 2035 rc-

2137 2070 2510 2137 prcliendenda
2546 2069 2872 2138 judicantur.
2907 2070 2961 2122 Si
2995 2072 3205 2138 quando
3236 2087 3361 2124 vero
3407 2083 3589 2125 contra
3626 2089 3719 2127 eos

2137 2163 2216 2214 vel
2255 2163 2303 2214 in
2337 2147 2572 2214 minimis
2605 2162 2780 2228 lingua
2811 2161 3025 2226 labitur,
3062 2178 3284 2216 necesse
3325 2173 3406 2216 est
3437 2173 3491 2216 ut
3521 2179 3611 2230 per
3644 2167 3722 2215 af-

2136 2256 2420 2310 flictionetn
2463 2254 2789 2322 paenitentize
2830 2270 2931 2322 cor
2981 2263 3283 2321 prematur;
3341 2268 3602 2324 quatenus
3652 2259 3720 2309 ad

2134 2349 2472 2414 semetipsum
2508 2347 2708 2409 redeat,
2743 2355 2796 2399 et
2838 2361 2956 2399 cum
2993 2350 3289 2415 pneposite
3325 2351 3570 2414 putes-tati
3620 2350 3721 2402 de-

2133 2439 2363 2507 liquerit,
2394 2439 2508 2506 ejus
2539 2449 2724 2491 contra
2767 2454 2825 2491 se
2849 2438 3105 2505 judicium
3138 2455 3164 2490 a
3198 2456 3302 2506 quo
3353 2441 3452 2493 sibi
3495 2443 3719 2508 praelata

2133 2541 2212 2582 est
2255 2538 2648 2598 perhorrescat.
2685 2528 2814 2581 Nam
2845 2544 2964 2581 cum
3002 2530 3297 2598 praepositis
3329 2530 3720 2598 delinquimus,

2132 2617 2247 2685 ejus
2278 2619 2595 2671 nrdinationi
2640 2619 2728 2686 qui
2785 2633 2878 2670 eos
2930 2619 3084 2672 nobis
3136 2622 3366 2686 prwtulit
3412 2620 3720 2677 obviamus.

2136 2710 2286 2764 Unde
2315 2711 2520 2778 Moyses
2548 2726 2758 2778 quoque
2788 2725 2905 2762 cum
2937 2721 3122 2762 contra
3155 2727 3212 2762 se
3242 2723 3292 2763 et
3347 2712 3524 2765 Aaron
3581 2727 3718 2766 con~

2132 2804 2281 2871 queri
2314 2803 2562 2871 populum
2594 2807 2954 2871 cognovissa,
2987 2804 3062 2854 ait
3094 2820 3106 2855 :
3140 2803 3252 2856 Nos
3297 2805 3428 2857 cnim
3479 2806 3601 2873 quid
3628 2822 3719 2859 su-

2133 2897 2278 2949 mus?
2308 2895 2417 2948 Nec
2444 2907 2620 2948 contra
2649 2912 2740 2948 nos
2771 2908 2844 2948 est
2870 2912 3099 2948 murntur
3137 2908 3376 2962 vestrum,
3409 2900 3496 2952 sed
3540 2911 3720 2953 contra

2135 2988 2412 3042 Dominum
2438 2988 2633 3056 (Exod.
2667 3005 2777 3050 xw,
2812 2988 2884 3057 8).

2490 3103 2598 3172 ao
2636 3103 2858 3156 canor
2900 3103 2939 3156 v
2972 3103 3078 3174 [AL
3120 3103 3356 3174 XXIX].

2377 3196 2640 3258 Quomodo
2673 3194 2979 3246 admonendi
3006 3197 3134 3247 servi
3159 3207 3202 3248 et
3252 3196 3460 3250 domini.

2207 3305 2522 3365 (Admonitio
2551 3302 2631 3365 6.)
2666 3303 2830 3356 Aliter
2860 3304 3182 3358 admonendi
3214 3313 3339 3358 sunt
3368 3305 3525 3370 servi,
3559 3316 3722 3375 atque

2135 3397 2287 3448 aliter
2317 3395 2539 3448 domini.
2573 3394 2728 3448 Servi
2772 3394 2996 3456 scilicet,
3031 3404 3086 3447 ιιι
3118 3396 3168 3447 in
3199 3409 3257 3447 se
3305 3409 3515 3462 semper
3546 3397 3723 3448 humi-

2139 3486 2334 3539 Iitatem
2360 3484 2675 3539 conditionis
2699 3485 2991 3550 aspiciant;
3019 3485 3216 3538 domini
3248 3499 3394 3550 vero,
3427 3494 3482 3537 ut
3511 3496 3724 3539 natura:

2136 3594 2243 3630 sine
2274 3592 2375 3644 qua
2407 3576 2683 3642 :equaliter
2727 3585 2849 3627 sunt
2881 3590 3002 3627 cum
3036 3578 3206 3628 servis
3252 3575 3472 3641 conditi,
3517 3591 3726 3629 memo-

2138 3671 2270 3722 riam
2304 3684 2406 3722 non
2430 3670 2696 3720 amittant.
2725 3668 2874 3719 Servi
2902 3667 3216 3720 admonendi
3248 3676 3370 3719 sunt
3395 3667 3726 3721 uedomiuos

2137 3761 2452 3830 despiciant,
2486 3776 2550 3811 ue
2596 3758 2757 3811 Deum
2808 3757 3076 3810 offendant
3121 3759 3163 3810 si
3211 3758 3527 3811 orlinationi
3579 3758 3723 3811 illius

2137 3849 2490 3918 snperbiendo
2543 3848 2964 3910 Contradicunt;
3014 3847 3213 3899 domini
3262 3863 3472 3915 quoque
3525 3849 3718 3900 admo-

2140 3941 2294 3994 nendi
2327 3952 2470 4002 sunt,
2501 3941 2616 4007 quia
2649 3949 2833 3990 cont:a
2871 3940 3030 3990 Deum
3055 3937 3120 3990 de
3151 3954 3369 3991 munere
3397 3937 3510 4006 ejus
3535 3954 3722 4006 Super-

2141 4037 2307 4098 biunt,
2339 4033 2380 4085 si
2421 4049 2512 4086 eos
2544 4047 2674 4099 quos
2708 4048 2800 4097 per
2829 4031 3186 4084 Conditioneut
3220 4041 3406 4084 tenent
3452 4033 3719 4097 subditos,

2138 4126 2367 4193 arquales
2398 4124 2496 4176 sibi
2536 4138 2627 4190 per
2659 4132 2861 4175 naturae
2889 4123 3222 4175 consortium
3258 4139 3360 4174 non
3404 4133 3719 4191 agnoscunt.

2141 4219 2228 4271 Isti
2259 4216 2576 4270 admonendi
2601 4223 2725 4268 sunt
2753 4225 2807 4265 ut
2834 4215 3002 4266 sciant
3027 4228 3085 4266 se
3117 4229 3302 4267 servos
3329 4230 3446 4267 esse
3475 4215 3722 4269 domino-

2138 4325 2253 4362 rum
2285 4325 2295 4359 :
2324 4308 2394 4360 illi
2418 4303 2737 4359 admonendi
2765 4313 2889 4357 sunt
2920 4313 2975 4356 ut
2996 4314 3319 4371 cognoscant
3345 4319 3402 4357 se
3429 4319 3722 4361 cnnServos

2138 4417 2255 4456 esse
2284 4415 2578 4455 servorum.
2611 4398 2730 4451 Istis
2779 4412 3003 4464 namque
3035 4396 3225 4448 dicitur
3259 4415 3269 4446 :
3319 4398 3482 4463 Servi,
3525 4397 3722 4450 obeditc

2139 4493 2357 4545 dominis
2385 4490 2672 4543 carnalibus
2706 4487 2927 4558 (Coloss.
2959 4503 3036 4547 ιιι,
3064 4485 3178 4555 22).
3215 4487 3279 4539 Et
3309 4503 3514 4540 rursum
3549 4505 3559 4538 :
3596 4488 3723 4551 Qui-

2141 4602 2334 4654 cunque
2355 4593 2472 4637 sunt
2499 4594 2520 4620 ο
2549 4581 2637 4635 sub
2654 4584 2783 4653 jugo
2806 4583 2953 4643 servi,
2981 4582 3210 4633 dominos
3235 4598 3353 4634 suos
3375 4583 3510 4634 omni
3532 4583 3724 4635 honora

2141 4679 2320 4747 digitos
2350 4677 2658 4728 arbitrentur
2687 4672 2740 4742 (Ι
2768 4673 2902 4725 Tim.
2935 4689 3008 4733 Vt,
3048 4673 3128 4736 1);
3163 4673 3263 4726 illis
3291 4687 3465 4727 autem
3489 4673 3723 4728 dicitur:

2145 4768 2209 4820 Et
2248 4785 2332 4820 vos
2375 4767 2566 4818 domini
2608 4767 2779 4816 eadem
2833 4765 2983 4833 facite
3023 4763 3147 4824 illis,
3201 4765 3503 4817 remi'tentcs
3534 4766 3724 4830 minus,

2140 4859 2349 4910 scientes
2377 4858 2513 4926 quod
2540 4866 2585 4908 et
2614 4857 2814 4906 illorum
2837 4864 2881 4907 ct
2918 4864 3074 4908 vester
3111 4853 3354 4909 Dominus
3401 4867 3473 4909 est
3504 4858 3554 4909 in
3584 4859 3722 4911 cwlit

2144 4949 2356 5019 (Ep/tes.
2387 4965 2459 5012 Vl,
2490 4946 2566 5012 9.).

2557 5058 2782 5113 carur
2825 5058 2889 5110 Vl
2932 5058 3036 5129 [Αι.
3078 5058 3278 5129 XXX].

2329 5157 2592 5224 Quomodo
2623 5155 2932 5208 admonendi
2960 5155 3213 5224 sapientes
3241 5165 3288 5207 et
3318 5153 3536 5207 hebetes.

2213 5271 2529 5340 (Admonitio
2577 5268 2656 5335 '1.)
2708 5267 2876 5321 Aliter
2923 5265 3244 5319 admonendi
3289 5275 3414 5319 sunt
3461 5265 3724 5333 sapientes

2147 5364 2302 5432 hujus
2327 5361 2529 5426 smculi,
2574 5369 2730 5428 atque
2769 5359 2920 5412 aliter
2946 5357 3189 5411 hebetes.
3227 5356 3508 5423 Sapientes
3532 5354 3727 5424 quippe

2145 5452 2463 5507 admouendi
2495 5462 2639 5514 sunt,
2676 5460 2731 5503 ut
2758 5449 2782 5484 ἀ
2813 5451 3055 5502 amittant
3085 5449 3224 5502 scire
3253 5464 3371 5515 qua:
3399 5449 3602 5510 sciunt;
3637 5451 3729 5501 he-

2219 5560 2243 5598 ἀ
2277 5562 2362 5614 Sic
2388 5562 2561 5627 legere
2588 5570 2779 5628 cogunt
2813 5561 2934 5612 Mss.
2969 5561 3144 5617 'l'rec.,
3193 5560 3569 5621 Carnotenses,
3610 5561 3717 5611 Val.

2148 5636 2254 5692 (IL,
2298 5633 2402 5681 duo
2446 5631 2652 5682 Cetuet.
2707 5641 2833 5690 vel.,
2883 5633 2985 5681 duo
3035 5631 3170 5681 Attd.
3224 5629 3357 5682 [ζιΙίιὶ
3411 5631 3628 5688 habent,
3674 5641 3726 5681 ut

2149 5707 2308 5755 sciant
2339 5703 2588 5760 amittere,
2640 5700 2826 5766 quibus
2861 5701 2992 5751 favet
3037 5702 3166 5752 (fori.
3204 5701 3408 5754 Bclvac.
3461 5701 3516 5754 ltt
3569 5701 3720 5754 tertio

2150 5776 2355 5828 Gentet.
2392 5773 2597 5838 legitur,
2631 5789 2686 5821 nc
2709 5773 2940 5822 amittant
2970 5773 3116 5822 scire.
