4014 6318
178 366 235 419 57
1014 366 1316 421 REGl‘L/E
1362 368 1786 423 PASTOIIALIS
1829 368 2048 421 LIBER.
2090 398 2160 408 —
2200 368 2373 422 PARS
2414 370 2687 424 TERTIA.
3408 374 3480 434 58

176 489 325 535 tates
347 495 573 547 quoque
606 480 939 534 admonendi
968 492 1106 546 sunt,
1138 493 1193 534 ut
1221 492 1473 551 appetant
1503 483 1641 535 scire
1668 498 1787 548 quae
1819 484 1864 540 Α
1894 490 2120 546 quentes
2179 480 2393 534 Galatas
2452 492 2638 547 aperte
2691 482 2882 535 Paulus
2935 484 3205 547 increpat,
3250 486 3435 541 dicens
3466 509 3476 519 -

177 573 445 626 neseinnt.
482 570 541 622 In
576 571 690 623 illis
724 572 824 624 hoc
849 573 1071 639 primum
1101 573 1481 627 destruendum
1508 584 1612 636 est,
1648 572 1788 639 qttod

181 678 240 718 se
267 664 544 727 sapientes
567 662 935 726 arbitrantur;
971 664 1020 715 in
1055 664 1163 715 istis
1183 664 1288 731 jam
1313 664 1683 717 aediﬁcandum
1714 674 1795 716 est

184 757 445 829 quidquid
478 758 549 810 de
577 772 819 825 superna
846 760 1105 823 sapientia
1133 761 1491 827 cognoscitur,
1520 760 1639 827 quia
1669 759 1790 811 dum

192 852 414 905 minime
445 849 793 916 superbiant,
828 849 976 917 quasi
1000 848 1067 901 ad
1095 849 1493 915 suscipiendum
1513 850 1793 901 a-dilicinm

188 943 359 996 corda
402 949 757 1009 paraverunt.
788 940 921 992 Cum
952 940 1056 992 illis
1102 940 1448 994 laborandum
1479 952 1577 1002 est,
1627 950 1682 994 ut
1712 955 1795 993 sa-

191 1032 429 1099 pientius
456 1028 602 1082 stulti
638 1030 802 1095 (iant,
842 1029 1056 1082 stultam
1087 1029 1400 1096 sapientiam
1434 1030 1704 1097 deserant,
1742 1041 1795 1085 et

190 1123 503 1191 sapientem
544 1122 631 1175 Dei
670 1122 952 1174 smltitiam
986 1121 1224 1185 discant;
1257 1123 1373 1175 istis
1418 1137 1545 1176 vvro
1597 1123 1790 1187 pra-di-

188 1215 435 1267 candum
464 1224 562 1281 est,
596 1223 652 1266 nt
679 1212 747 1266 ab
773 1228 833 1267 ea
865 1228 984 1282 quae
1008 1224 1221 1281 putatur
1248 1215 1492 1276 stultitia,
1520 1216 1585 1267 ad
1614 1229 1792 1267 verant

190 1306 516 1374 sapientiam
547 1305 772 1359 vicinius
801 1312 1095 1358 transeant.
1142 1302 1248 1358 Illis
1279 1319 1509 1373 namque
1552 1306 1746 1359 dicitur
1779 1322 1790 1354 :

192 1396 403 1464 Siquis
434 1394 633 1448 ridetur
662 1396 792 1447 inter
820 1410 907 1447 vos
952 1394 1159 1459 sapiens
1206 1409 1312 1447 esse
1352 1395 1405 1446 in
1447 1393 1542 1446 hoc
1583 1394 1791 1457 sarculo,

192 1487 384 1540 stultas
433 1486 548 1553 ﬁat,
592 1495 648 1537 ut
677 1486 740 1537 sit
778 1485 981 1551 sapiens
1012 1482 1063 1552 (Ι
1096 1481 1216 1536 Cor.
1252 1498 1328 1545 In,
1360 1482 1484 1549 18);
1511 1483 1627 1535 istis
1670 1497 1795 1537 vero

195 1576 394 1631 dicitur
427 1595 441 1629 :
472 1576 593 1629 Non
625 1576 774 1627 multi
795 1575 1044 1643 sapientes
1067 1578 1351 1628 secundum
1376 1590 1581 1627 carnem
1606 1572 1795 1645 (Ibid.,

196 1680 232 1731 ι,
261 1664 380 1735 22).
409 1667 475 1720 Et
504 1680 712 1718 rursum
740 1682 756 1717 :
784 1666 911 1728 Qua:
932 1666 1089 1718 stulta
1110 1675 1228 1718 sunt
1255 1666 1435 1718 mundi
1454 1665 1604 1736 eiegit
1633 1666 1791 1731 Deus,

196 1768 250 1810 ut
301 1759 588 1823 confundat
636 1757 893 1823 sapientes
922 1758 939 1825 (
964 1753 1125 1820 Ibid.,
1152 1756 1278 1825 27).
1316 1757 1438 1811 Illos
1483 1757 1795 1826 plerumque

1900 570 1943 621 0
1983 571 2232 622 insensati
2258 568 2474 632 Galatas,
2505 572 2617 639 quis
2638 588 2725 624 vos
2749 572 3015 641 fascinavit
3044 572 3241 641 (Galut.
3268 590 3345 640 ιιι,
3382 580 3435 647 1)
3459 581 3482 631 I

1898 659 1961 711 Et
1984 674 2196 712 rursum
2231 677 2243 711 :
2280 660 2369 713 Sic
2392 662 2535 714 stulti
2568 663 2706 722 estis,
2750 672 2803 714 ut
2835 679 2948 714 cum
2986 666 3171 732 spiritu
3207 670 3477 734 cmperitis,

1894 765 2029 800 nunc
2059 765 2212 802 carne
2234 754 2660 803 consummamini
2689 752 2853 819 (Ibid.
2884 754 2976 821 '5)?
2998 754 3195 822 Culpas
3236 772 3359 811 vero
3392 776 3481 811 ve-

1899 841 2308 895 recundantium
2334 845 2484 909 quasi
2514 846 2842 909 compatiens
2867 846 3233 914 reprehendit,
3257 849 3442 904 dicens
3466 869 3479 904 :

1895 934 2112 988 Gavisus
2137 952 2251 988 sum
2294 938 2345 989 in
2376 937 2598 990 Domino
2627 938 2957 1003 vehementer,
2990 944 3231 1008 quoniam
3279 946 3482 997 tandem

1896 1025 2182 1091 aliquando
2212 1027 2515 1093 reﬂoruistis
2546 1044 2637 1095 pro
2666 1044 2745 1081 me
2769 1029 2955 1081 sentire
2999 1032 3130 1083 sicut
3157 1041 3205 1084 et
3232 1033 3483 1086 sentieba-

1898 1120 1959 1169 tis
1987 1134 2006 1181 ;
2048 1119 2282 1186 occupati
2304 1120 2437 1169 enim
2463 1121 2619 1172 eratis
2641 1119 2896 1191 (Philipp.
2928 1138 2998 1186 tv,
3035 1123 3125 1190 ID)
3153 1142 3165 1189 ;
3210 1135 3267 1177 ut
3286 1137 3338 1179 et
3365 1127 3483 1180 illo-

1901 1226 2014 1262 rum
2046 1211 2230 1275 culpas
2280 1211 2577 1277 increpatio
2627 1212 2759 1265 dura
2806 1222 2831 1250 ιι
2872 1215 3167 1285 detegeret,
3194 1228 3248 1272 et
3292 1220 3480 1275 horum

1901 1303 2276 1374 negligentiam
2305 1306 2514 1359 mollior
2543 1323 2722 1360 sermo
2750 1310 2974 1363 velaret.

2286 1396 2509 1451 CAPUT
2537 1398 2641 1451 VIII
2684 1398 2792 1469 ῘΑΙ.
2824 1399 3093 1472 XXXII].

2000 1486 2266 1553 Quomodo
2311 1486 2621 1541 admonendi
2661 1490 2882 1556 protervi
2920 1501 2968 1543 et
3000 1491 3369 1559 pusillanimes.

1972 1577 2291 1643 (Admonitio
2338 1576 2420 1644 9.)
2464 1578 2635 1631 Aliter
2686 1578 3003 1633 admonendi
3060 1591 3184 1636 sunt
3224 1587 3477 1652 protervi,

1900 1675 2058 1734 atque
2090 1666 2245 1720 aliter
2276 1668 2663 1735 pusillanimes.
2698 1668 2774 1722 Illi
2804 1667 2944 1724 enim
2976 1672 3101 1725 dum
3137 1675 3289 1728 valde
3315 1675 3382 1727 de
3422 1690 3481 1728 se

1902 1766 2251 1823 praesumunt,
2266 1758 2638 1825 exprobrando
2656 1771 2880 1814 czeteros
2906 1761 3279 1831 dedignantur;
3297 1764 3380 1818 isti
3403 1781 3481 1819 an-

196 1847 628 1902 ratiocinationis
656 1858 995 1915 argumenta,
1032 1848 1160 1900 isms
1193 1863 1572 1916 nonnunquam
1605 1853 1794 1903 melius
1826 1848 1871 1907 Β
1900 1855 2008 1899 tem
2039 1845 2164 1898 dum
2190 1847 2349 1899 nimis
2378 1846 2699 1902 inﬁrmitatis
2724 1866 2833 1903 sua:
2858 1862 2981 1905 sunt
3007 1856 3229 1912 conscii.
3249 1858 3481 1923 plerum-

194 1944 442 2012 exempla
472 1952 813 1997 cornertnnt.
862 1942 969 1995 Illis
1028 1942 1279 1995 nimirum
1336 1942 1576 2011 prodest,
1633 1953 1690 1997 ut
1744 1944 1795 1998 in

197 2037 311 2090 suis
339 2033 746 2102 allegationibus
779 2034 904 2087 victi
932 2033 1178 2100 jaceant;
1209 2033 1324 2087 istis
1357 2048 1486 2090 vero
1512 2033 1797 2103 aliquando

200 2126 403 2181 suﬂicit
435 2136 490 2179 ut
520 2124 811 2179 laudabilia
842 2124 1066 2178 aliorum
1097 2123 1234 2177 facta
1260 2135 1608 2194 cognoscant.
1644 2126 1795 2182 Unde

197 2228 256 2273 et
301 2219 557 2287 magister
605 2220 878 2288 egregius,
937 2219 1267 2287 sapientibus
1318 2229 1372 2273 et
1420 2219 1796 2288 insipientibus

200 2311 409 2365 debitor
439 2310 622 2379 (Rom.
659 2327 695 2373 ι,
732 2308 845 2377 Η),
878 2325 996 2363 cum
1027 2310 1371 2364 Hebraeorum
1404 2310 1661 2378 quosdam
1711 2325 1797 2363 sa-

200 2405 426 2473 pientes,
458 2404 721 2473 quosdam
758 2418 888 2457 vero
935 2406 1096 2457 etiam
1146 2404 1411 2459 tardiores
1455 2405 1790 2469 admoneret,

201 2496 311 2549 illis
334 2495 401 2550 de
430 2495 798 2560 eompletlone
829 2493 1155 2549 Testamenti
1189 2495 1397 2549 Veteris
1427 2495 1670 2564 loquens,
1702 2511 1795 2550 eo-

200 2604 322 2641 rum
367 2589 686 2655 sapientiam
718 2595 1036 2652 argumento
1057 2588 1346 2653 superavit,
1376 2587 1561 2640 dicens
1597 2605 1609 2639 :
1649 2588 1795 2650 Quod

196 2678 332 2730 enim
353 2679 651 2744 antiquetur
678 2688 722 2729 et
744 2679 977 2743 senescit,
1010 2694 1168 2746 prope
1206 2678 1463 2730 interitum
1488 2688 1562 2731 est
1604 2678 1791 2747 (Hebr.

195 2783 313 2833 vn],
344 2767 588 2836 I5).Cum
613 2783 744 2820 vero
774 2768 905 2820 solis
936 2768 1199 2833 exemplis
1220 2768 1479 2834 quosdam
1506 2769 1793 2824 trahendus

195 2870 461 2923 cerneret,
490 2863 543 2913 in
573 2861 762 2914 eadem
790 2860 1026 2927 Epistula
1050 2859 1289 2927 adjunxit
1324 2875 1338 2912 :
1374 2860 1554 2913 Sancti
1573 2860 1794 2913 ludibria

194 2962 240 3003 et
261 2951 467 3004 verbera
488 2952 705 3019 experti,
721 2951 933 3016 insuper
953 2959 999 3002 et
1021 2950 1223 3003 vincula
1245 2960 1291 3002 et
1308 2965 1552 3009 carceres.
1580 2950 1793 3021 Iapidati

194 3054 331 3107 sunt,
362 3042 484 3095 secti
510 3050 648 3106 sunt,
682 3042 861 3093 tentati
886 3051 1022 3105 sunt,
1054 3042 1107 3094 in
1133 3042 1386 3094 occisione
1414 3041 1579 3110 gladii
1608 3042 1793 3093 mortui

197 3144 311 3186 sunt
341 3131 535 3202 (Ibid.,
569 3148 641 3195 xl,
674 3131 765 3195 56,
795 3130 905 3199 '57).
941 3132 1004 3184 Et
1024 3146 1232 3185 rursum
1268 3147 1283 3184 :
1316 3129 1625 3185 Mementote
1654 3147 1789 3197 prte-

1899 1951 2001 2003 que
2024 1937 2074 1989 in
2099 1936 2526 2005 desperationem
2551 1941 2773 1994 cadunt.
2804 1941 2881 1995 Illi
2910 1942 3250 2011 singulariter
3276 1963 3481 2000 summa

1900 2030 2171 2083 aStitnant
2194 2040 2387 2084 cuncta
2414 2048 2532 2100 qum
2552 2036 2832 2100 agnnt,isti
2862 2035 3205 2090 vehementer
3236 2039 3483 2107 deSpecta

1898 2128 2087 2188 putant
2119 2136 2240 2174 esse
2282 2138 2401 2190 qua:
2435 2122 2655 2189 faciunt,
2699 2132 2753 2179 et
2782 2125 2983 2180 idcirco
3013 2128 3063 2180 in
3113 2129 3483 2198 desperatione

1907 2212 2248 2282 franguntur.
2264 2215 2548 2269 Subtiliter
2574 2216 2749 2284 itaque
2775 2218 2840 2269 ab
2869 2227 3127 2287 argnente
3152 2221 3482 2278 discutienda

1899 2314 2025 2359 sunt
2076 2321 2236 2373 opera
2300 2317 2697 2374 protervorum,
2734 2319 2789 2361 ut
2839 2309 3024 2379 inquo
3079 2312 3179 2365 sibi
3232 2315 3483 2383 placent,

1899 2398 2252 2452 ostendantur
2279 2400 2397 2463 quia
2432 2400 2539 2453 Deo
2569 2400 2873 2469 displicent.

1969 2489 2119 2543 Tunc
2160 2490 2300 2543 enim
2336 2499 2613 2559 protervos
2642 2493 2833 2547 melius
2880 2496 3221 2562 corrigimus,
3255 2513 3375 2551 cum
3418 2514 3478 2551 ea

1899 2595 2019 2650 qua:
2046 2582 2181 2635 bene
2211 2582 2386 2648 egisse
2415 2596 2475 2636 se
2504 2584 2750 2648 credunt,
2778 2586 2920 2640 male
2948 2597 3064 2640 acta
3091 2597 3483 2655 monstramus;

1904 2684 1962 2726 ut
1994 2673 2133 2727 unde
2164 2672 2353 2741 adepta
2382 2673 2552 2743 gloria
2575 2674 2831 2739 creditur,
2864 2676 2989 2730 inde
3021 2678 3161 2731 utilis
3190 2679 3484 2747 subsequa-

1902 2775 1986 2818 tur
2012 2764 2277 2819 conlusio.
2309 2764 2701 2834 Nonnunquam
2741 2782 2868 2821 vero
2904 2783 3023 2822 cum
3056 2783 3116 2822 se
3146 2770 3330 2823 vitium
3363 2786 3485 2837 pros

1902 2856 2085 2911 tervia:
2100 2858 2320 2911 minime
2345 2870 2653 2926 perpetrare
2674 2868 3030 2927 cognoscunt,
3054 2862 3485 2929 compendiosius
3572 2882 3582 2889 ·

1900 2950 1967 3004 ad
1989 2950 2379 3004 correctionem
2402 2952 2644 3019 veniunt,
2662 2953 2707 3005 si
2729 2954 2947 3009 alterius
2969 2955 3138 3021 culpa:
3162 2956 3485 3011 manifestio-

1901 3040 1974 3091 ris
1999 3055 2064 3092 ex
2118 3043 2281 3093 latere
2314 3041 2583 3106 requisita:
2608 3039 2635 3079 δ
2679 3041 3007 3111 improperio
3046 3044 3484 3108 contunduntur;

1902 3140 1958 3183 ut
2005 3146 2067 3183 ex
2095 3145 2159 3183 co
2205 3130 2345 3199 quod
2376 3130 2668 3185 defendere
2718 3144 3022 3202 nequeunt,
3055 3143 3385 3203 cognoscant
3429 3150 3486 3190 se

196 3227 482 3296 positorum
510 3236 810 3288 uestrorum,
839 3227 928 3291 qui
958 3224 1093 3277 vobis
1118 3224 1275 3276 locuti
1302 3233 1419 3277 sunt
1448 3224 1650 3276 verbum
1678 3222 1790 3286 Dei,
1823 3228 1868 3289 (ζ
1908 3231 2097 3273 tenere
2118 3221 2361 3285 improbe
2385 3221 2526 3285 quod
2555 3220 2870 3275 defendunt.
2908 3223 3061 3277 Unde
3090 3240 3211 3278 cum
3240 3234 3486 3292 proterve

196 3333 421 3386 norum
444 3318 697 3371 intuentes
724 3317 917 3368 exitum
946 3316 1365 3379 conversationis,
1410 3314 1685 3367 imitamini
1728 3315 1790 3378 ﬁ-

197 3412 315 3463 dem
344 3407 546 3478 (lbid.,
582 3423 689 3471 snt,
725 3408 810 3479 7);
838 3420 1104 3477 quatenus
1147 3417 1200 3461 et
1250 3408 1370 3462 illos
1416 3408 1606 3462 victrix
1659 3408 1795 3460 ratio

198 3498 489 3564 frangeret,
542 3506 593 3551 et
624 3498 753 3551 istos
792 3497 861 3550 ad
911 3496 1113 3566 majora
1160 3497 1525 3551 conscendere
1572 3496 1794 3549 imitatio

200 3593 393 3648 blanda
420 3597 690 3647 suaderet.

520 3686 627 3757 [ιι
671 3685 898 3740 CAPUT
930 3683 1019 3739 vn
1056 3683 1164 3755 [Αι.
1208 3682 1446 3754 XXXI].

299 3774 574 3841 Quomodo
626 3776 941 3828 admonendi
982 3775 1296 3842 impudentes
1326 3782 1373 3825 et
1408 3774 1696 3827 verecundi.

266 3871 590 3939 (Admonitio
613 3868 696 3935 8.)
732 3870 900 3923 Aliter
930 3869 1251 3923 admonendi
1282 3880 1406 3923 sunt
1432 3868 1787 3938 impudentes,

195 3972 355 4032 atque
382 3964 541 4016 aliter
566 3963 876 4016 verecundi.
908 3962 1029 4015 Illos
1075 3976 1303 4031 namque
1332 3963 1399 4015 ab
1449 3959 1791 4028 impudentia:

196 4057 323 4110 vitio
354 4071 459 4109 non
494 4055 596 4109 nisi
642 4056 940 4123 increpatio
980 4054 1112 4107 dura
1155 4053 1482 4119 compescit;
1529 4054 1656 4104 istos
1697 4067 1790 4103 an-

196 4158 299 4200 tem
345 4147 666 4214 plerutnque
695 4146 761 4198 ad
803 4145 992 4198 melius
1029 4145 1331 4198 exhortatio
1365 4146 1600 4196 modesta
1643 4157 1789 4196 com-

196 4240 361 4307 ponit.
418 4239 497 4291 Illi
560 4252 621 4290 se
676 4238 984 4305 delinquere
1047 4237 1330 4297 nesciunt,
1384 4235 1483 4287 nisi
1539 4234 1699 4287 etiam
1760 4249 1789 4287 a

196 4332 439 4400 pluribus
472 4332 846 4395 increpentur;
879 4329 994 4383 istis
1033 4327 1348 4395 plerumque
1371 4327 1435 4379 ad
1480 4328 1791 4380 conversio-

196 4438 314 4476 nem
353 4421 559 4475 sullicit
588 4420 729 4487 quod
761 4420 838 4472 eis
866 4420 1055 4472 ductor
1078 4420 1215 4471 mala
1255 4433 1350 4471 sua
1368 4418 1557 4471 saltem
1599 4417 1792 4470 leniter

195 4514 257 4567 ad
298 4511 622 4565 memoriam
648 4510 872 4565 reducit.
905 4512 1028 4563 Illos
1060 4512 1252 4564 melius
1276 4510 1492 4579 corrigit
1524 4510 1611 4578 qui
1635 4508 1789 4565 inve-

1902 3313 2105 3366 Paulus
2145 3312 2452 3364 Corinthios
2495 3313 2777 3366 adversum
2811 3330 2869 3368 se
2900 3316 3128 3368 invicem
3166 3316 3367 3370 videret
3410 3316 3486 3371 in-

1899 3401 2073 3464 natos,
2108 3409 2166 3454 ut
2194 3401 2334 3454 alius
2359 3401 2527 3465 Pauli,
2548 3402 2682 3455 alius
2714 3404 2927 3473 Apollo,
2954 3406 3091 3460 alius
3108 3404 3330 3473 Cephre,
3351 3409 3486 3461 alius

1896 3492 2095 3545 Christi
2129 3508 2248 3546 esse
2276 3508 2334 3545 se
2365 3493 2566 3546 diceret
2595 3492 2650 3563 (1
2682 3494 2802 3547 Cor.
2824 3511 2864 3560 ι,
2898 3494 2999 3560 1‘2;
3030 3512 3109 3560 ιιι,
3141 3498 3221 3565 4),
3257 3498 3487 3552 incestus

1902 3585 2120 3652 culpam
2154 3584 2204 3636 in
2234 3584 2465 3637 medium
2496 3585 2737 3651 deduxit,
2769 3602 2891 3654 quae
2917 3589 3052 3656 apud
3094 3602 3188 3641 cos
3214 3598 3268 3642 et
3299 3604 3487 3655 perpe-

1898 3685 2029 3730 trata
2056 3674 2248 3739 fuerat,
2279 3686 2332 3727 et
2363 3676 2659 3729 incorrecta
2693 3677 3041 3742 remanebat,
3070 3676 3255 3731 dicens
3282 3695 3296 3731 :
3326 3679 3487 3731 Audi-

1897 3783 1981 3823 tur
2038 3770 2167 3821 intcr
2198 3784 2284 3820 vos
2324 3767 2638 3835 fornicalio,
2693 3780 2739 3821 et
2791 3769 2910 3822 talis
2960 3770 3265 3839 fornicatio,
3324 3769 3487 3837 qualis

1898 3877 1985 3914 nec
2037 3861 2171 3913 inter
2214 3869 2408 3931 gentes,
2440 3862 2511 3913 ita
2562 3872 2615 3913 ut
2670 3878 2880 3915 uxorem
2932 3864 3093 3931 patris
3136 3866 3248 3929 quis
3280 3862 3487 3917 habeat.

1898 3951 1964 4005 Et
1988 3969 2072 4006 vos
2100 3953 2272 4022 inﬂati
2316 3954 2471 4016 estis,
2530 3962 2576 4006 et
2626 3969 2728 4006 non
2760 3954 2923 4024 magis
2967 3954 3158 4007 luctum
3208 3955 3488 4019 habuistis,

1897 4051 1952 4094 ut
1989 4043 2252 4095 tolleretur
2288 4042 2350 4095 de
2388 4043 2554 4095 medio
2595 4042 2700 4113 42
2726 4053 2945 4097 vestrum
2972 4047 3058 4113 qui
3088 4046 3183 4097 hoc
3213 4062 3341 4113 opus
3372 4046 3488 4116 fecit

1896 4132 1947 4203 (I
1978 4132 2096 4187 Cor.
2131 4152 2182 4199 ι’,
2232 4137 2298 4197 1,
2352 4134 2429 4201 9).
2490 4137 2565 4189 Ac
2612 4135 2655 4187 si
2715 4146 2899 4201 aperte
2942 4136 3128 4189 dicat:
3173 4137 3308 4202 Quid
3338 4153 3429 4191 vos
3464 4148 3487 4177 ο

1896 4243 1990 4297 per
2012 4230 2334 4296 proterviatn
2360 4270 2373 4289 ,
2410 4229 2562 4295 hujus
2597 4230 2677 4281 vel
2715 4231 2855 4282 illius
2888 4230 3063 4282 dicitis
3092 4271 3105 4295 ,
3137 4233 3223 4297 qui
3260 4246 3351 4297 per
3380 4230 3490 4284 dis-

1897 4320 2220 4373 solutionem
2252 4321 2587 4389 negligentim
2610 4362 2623 4383 ,
2646 4323 2842 4375 nullius
2876 4338 2969 4374 vos
2994 4337 3114 4376 esse
3145 4322 3490 4377 monstratis?

1969 4411 2035 4464 At
2062 4422 2270 4477 contra,
2304 4411 2671 4480 pusil'animes
2698 4413 2875 4480 aptius
2905 4412 2970 4466 ad
3004 4413 3104 4467 iter
3127 4413 3261 4469 bene
3290 4414 3479 4484 agendi

1896 4504 2226 4569 reducimus,
2252 4503 2295 4555 si
2328 4502 2569 4571 qumdam
2604 4503 2814 4557 illorum
2840 4502 2978 4556 bona
3012 4519 3074 4557 ex
3110 4504 3274 4557 latere
3305 4504 3481 4572 requi-

199 4606 375 4659 Ιιειιιιο
406 4604 792 4672 reprehendit;
826 4603 943 4658 istis
962 4613 1141 4657 autem
1168 4603 1339 4670 major
1380 4604 1648 4670 prolectus
1690 4602 1786 4654 ad-
1822 4604 1871 4663 ι)
1897 4608 2094 4659 ramus,
2124 4603 2181 4647 ut
2201 4593 2324 4647 dum
2358 4593 2409 4645 in
2435 4594 2513 4647 eis
2536 4594 2637 4645 alia
2670 4592 3118 4661 reprehendendo
3140 4592 3483 4659 corripimus,

194 4698 433 4759 ducitur,
458 4697 500 4747 si
534 4694 636 4746 hoc
663 4694 801 4761 quod
840 4694 891 4746 in
940 4694 1017 4748 eis
1071 4693 1484 4763 reprehenditur
1525 4693 1675 4761 quasi
1720 4707 1788 4746 ex

197 4788 367 4839 latere
397 4796 667 4854 tangatur.
702 4787 1073 4851 lmpudentem
1106 4786 1304 4855 quippe
1330 4786 1637 4840 Iudaeorum
1678 4786 1789 4855 ple-

194 4879 322 4932 bem
356 4879 614 4931 Dominus
646 4889 831 4945 aperte
858 4879 1162 4945 increpans,
1192 4881 1265 4931 ait
1294 4896 1305 4930 :
1342 4877 1514 4931 Frons
1559 4878 1790 4932 mulieris

193 4971 481 5025 meretricis
513 4972 652 5040 facta
669 4980 743 5022 est
770 4971 880 5035 tibi,
903 4971 1117 5023 noluisti
1148 4975 1435 5026 erubescere
1465 4971 1681 5042 (Jerem.
1708 4988 1786 5037 nt,

192 5065 280 5131 ὃ).
310 5060 382 5115 Et
412 5075 632 5114 rursum
665 5062 1119 5114 verecundantem
1154 5061 1379 5127 refovet,
1412 5063 1628 5117 dicens:
1651 5062 1789 5115 (Jon-

191 5154 415 5222 (asionis
452 5152 812 5205 adolescentite
838 5162 937 5204 tua:
968 5153 1296 5217 obliviscaris,
1330 5163 1380 5207 et
1411 5154 1674 5222 approbrii
1709 5152 1787 5205 vi-

190 5246 405 5296 duitatis
457 5254 559 5294 tute
594 5258 694 5294 non
725 5243 1106 5307 recordaberis,
1161 5243 1280 5311 quia
1319 5244 1671 5295 dominabitur
1717 5244 1789 5295 tui

189 5338 277 5405 qui
297 5337 425 5406 fecit
448 5346 497 5387 te
524 5332 680 5406 (Isai.
734 5349 841 5399 Ltv,
876 5332 957 5402 4).
994 5332 1335 5400 Impudenter
1380 5350 1591 5403 quoque
1624 5334 1791 5388 delin-

258 5462 282 5487 ⁸
324 5452 521 5515 Corb.,
553 5452 850 5517 detergeret.
910 5448 1216 5517 Legendum
1249 5450 1533 5517 detegeret,
1571 5462 1787 5518 promer

188 5522 504 5574 antithesim
559 5537 679 5575 cum
737 5521 959 5581 velaret;
1005 5523 1190 5585 SICt)lI8
1244 5522 1439 5589 legitur
1481 5520 1534 5573 in
1599 5521 1784 5580 'l‘rec..

187 5596 425 5653 ςυιιισιιη
461 5592 624 5655 And.,
657 5604 792 5653 etc.,
824 5591 1027 5643 omisso
1057 5592 1295 5655 epitheto
1326 5592 1481 5644 dura.

256 5668 279 5699 δ
318 5660 639 5734 Rolliontag.
674 5669 731 5715 et
767 5660 1016 5730 Lottgip.,
1051 5662 1101 5713 in
1144 5663 1355 5730 proprio
1404 5662 1523 5715 vitio
1570 5664 1790 5730 confun-

222 5745 400 5787 untur.

222 5745 400 5787 untur.

188 5736 218 5788 ά
260 5818 279 5843 ε
317 5804 507 5861 Mirum
556 5812 821 5871 quantum
879 5801 961 5856 hic
1014 5801 1319 5872 discrepent
1360 5800 1484 5855 Mss.
1517 5800 1678 5856 Coxh.
1738 5811 1788 5853 ct

1893 4685 1996 4739 alia
2023 4683 2396 4753 amplectende
2425 4684 2720 4742 laudemus,
2754 4692 3020 4748 quatenus
3070 4695 3256 4735 eorum
3291 4682 3486 4734 teneri~

1896 4777 2132 4831 tudinem
2183 4776 2300 4827 laus
2330 4774 2511 4827 audita
2548 4774 2771 4839 nutriat,
2804 4788 2963 4842 quam
3009 4774 3163 4841 culpa
3214 4773 3482 4839 increpata

1895 4869 2141 4937 castigat.
2170 4867 2490 4935 Plerumque
2520 4878 2697 4921 autem
2732 4868 2914 4921 utilius
2940 4868 3080 4935 apud
3115 4867 3233 4921 illos
3274 4867 3486 4933 prolici-

1896 4978 2035 5029 mus,
2078 4962 2123 5015 si
2168 4971 2221 5014 et
2250 4975 2436 5014 eorum
2473 4960 2607 5014 bene
2632 4971 2779 5029 gesta
2818 4976 3199 5015 memoramus.
3232 4961 3358 5013 Etsi
3382 4976 3483 5029 qua

1895 5058 1964 5112 ab
1989 5056 2067 5109 eis
2100 5052 2400 5108 inordinate
2439 5062 2584 5122 gesta
2616 5062 2761 5117 sunt,
2793 5069 2898 5107 non
2933 5053 3041 5121 jam
3078 5064 3329 5121 tanquam
3365 5069 3485 5119 per-

1898 5156 2104 5217 petrata
2150 5146 2491 5212 corripimus,
2522 5146 2614 5201 sed
2668 5146 2822 5214 quasi
2852 5147 3031 5199 adhuc
3076 5161 3141 5199 ne
3194 5144 3485 5216 perpetrari

1901 5241 2134 5294 debeant
2169 5238 2539 5306 prohibemus,
2578 5247 2634 5289 ut
2662 5245 2715 5289 et
2768 5237 2857 5290 illa
2914 5252 3036 5305 qua:
3092 5238 3483 5306 approbemus,

1904 5337 2087 5389 illatus
2120 5336 2268 5388 lavor
2294 5341 2508 5402 augeat,
2535 5340 2588 5386 et
2608 5340 2795 5385 contra
2819 5345 2880 5385 ea
2906 5346 3026 5401 quae
3044 5329 3483 5401 reprehendimus

1898 5451 2045 5503 Belv.
2079 5451 2298 5509 IIRIIt'nI,
2320 5453 2442 5514 qum
2466 5463 2549 5500 vos
2569 5462 2845 5512 pratervta.
2878 5448 2993 5503 Duo
3021 5451 3224 5516 priores
3246 5447 3481 5506 Gemet..

1896 5520 2019 5586 quid
2052 5537 2137 5571 ros
2190 5520 2513 5581 protervinm.
2551 5520 2700 5573 I’rior
2749 5520 2966 5573 Carnot.
3009 5531 3063 5573 et
3116 5520 3306 5584 Laud.,
3357 5519 3481 5585 quid

1898 5608 1981 5643 vos
2024 5590 2180 5655 hujus
2211 5591 2535 5653 protervinnt.
2572 5587 2784 5644 Tertius
2840 5590 3083 5649 Carnot..
3138 5590 3478 5657 Itothomag.,

1900 5663 2102 5726 primus
2140 5660 2300 5719 Anth,
2347 5660 2472 5729 Lyr.
2494 5704 2507 5726 ,
2556 5659 2803 5727 Longip.,
2837 5663 3023 5714 tertius
3053 5660 3264 5729 Gcmet.
3292 5661 3482 5729 ,unid

1898 5748 1984 5783 vos
2021 5733 2261 5795 protervi.
2301 5730 2567 5783 Lectionis
2623 5740 2841 5796 nostra),
2870 5747 2988 5799 qua:
3030 5741 3113 5785 est
3155 5728 3289 5783 Cod.
3320 5728 3479 5782 Trcc.

1898 5811 1949 5855 ct
1972 5802 2335 5871 \‘ttlgatorunl.
2370 5811 2513 5855 natet
2538 5817 2748 5856 sensus.
