3968 6324
588 362 651 410 su
1798 357 2038 413 ssnon
2078 355 2400 410 oueaouu
2445 359 2651 412 unum
3760 389 3820 441 an

587 480 753 544 nugis
785 478 923 543 apud
954 477 1312 544 pusillanimes
1353 476 1651 528 cxltorlalio
1683 475 1980 527 verecunda
2029 488 2155 525 eou-
2188 475 2234 530 Λ

592 573 838 624 valescat.
875 569 1023 623 Unde
1057 570 1193 622 idem
1243 568 1435 621 l’aulus
1479 583 1596 620 cum
1647 567 2156 619 Τμωευιυιιίυιξιιςρξς

585 663 638 716 in
666 668 880 728 accepta
915 660 1292 726 praedicatione
1323 659 1694 727 perdurantes,
1714 659 1863 725 quasi
1889 659 1953 708 de
1983 657 2156 707 vicino

585 754 767 807 mundi
801 755 1028 806 termino
1058 753 1283 820 quadam
1315 763 1662 821 cognosceret
1715 751 2156 818 pusillammitate

583 845 843 908 turbatos,
875 845 1019 911 prius
1049 844 1098 897 in
1141 845 1220 898 eis
1250 859 1368 911 quae
1400 843 1554 896 fortia
1589 844 1844 909 prospicit
1875 843 2070 898 laudat,
2106 850 2160 891 et

582 947 735 988 caute
767 937 1035 989 monendo
1078 940 1411 1004 postmodum
1437 951 1554 1002 quae
1587 935 1794 987 inlirma
1844 945 1970 986 sunt
2001 936 2158 986 robo-

583 1039 682 1080 rat.
708 1026 795 1080 Ait
821 1026 958 1079 enim
989 1045 1001 1078 :
1035 1025 1242 1079 Gratias
1270 1042 1419 1094 agere
1448 1026 1682 1078 debemus
1713 1026 1815 1076 Deo
1840 1042 2036 1089 semper
2065 1041 2155 1087 pro

580 1115 736 1178 vobis,
765 1116 967 1182 fratres,
994 1116 1065 1167 ita
1095 1125 1146 1166 ut
1177 1117 1390 1186 dignum
1430 1124 1524 1177 est,
1556 1116 1793 1181 quoniam
1826 1117 2156 1181 supercreuit

580 1209 707 1274 ﬁdes
728 1220 908 1267 vestra,
931 1221 973 1260 et
993 1209 1218 1259 abundat
1247 1207 1468 1259 Charitas
1501 1209 1902 1276 uniuscujusque
1933 1219 2155 1258 vestrum

579 1300 629 1350 in
652 1300 893 1357 invicem;
934 1300 1086 1348 itaut
1129 1309 1175 1350 et
1226 1316 1319 1350 nos
1351 1299 1448 1365 ipsi
1488 1300 1537 1349 in
1581 1299 1717 1350 vobis
1776 1299 2055 1365 gloriemur
2103 1303 2154 1351 in

577 1391 798 1442 ecclesiis
850 1389 961 1453 Dei,
994 1406 1084 1458 pro
1134 1392 1380 1457 patientia
1422 1400 1583 1442 vestra
1631 1400 1677 1442 et
1720 1391 1824 1458 ﬁde
1873 1389 1969 1460 (11
2004 1390 2150 1444 'I'ltes.

581 1475 627 1523 I,
676 1461 838 1526 5,4).

646 1550 742 1614 Qui
776 1567 892 1602 cum
939 1550 1126 1602 blanda
1171 1551 1282 1604 lucc
1315 1551 1436 1604 vita:
1479 1567 1661 1606 eorum
1699 1555 1966 1618 prmconia
2017 1570 2153 1623 prze-

581 1639 838 1700 misisset,
877 1641 1031 1707 paulo
1062 1651 1178 1708 post
1219 1643 1472 1704 subdidit,
1498 1644 1682 1697 dit-eus
1716 1662 1729 1700 :
1767 1647 2020 1715 lioyamus
2051 1664 2152 1699 au-

573 1737 671 1778 tem
705 1743 806 1792 vos,
851 1734 1070 1796 fratres,
1125 1749 1212 1799 per
1260 1733 1527 1785 adventum
1572 1734 1776 1788 Domini
1819 1725 1979 1790 nosiri
2028 1737 2152 1792 Jesu

2339 472 2436 526 l‘cr
2482 485 2587 526 hoc
2625 487 2835 542 quoque
2898 475 3241 541 itnpaticntii-
3288 478 3470 530 vitium
3527 482 3820 560 plerumque

2267 574 2496 616 mentem
2515 565 2832 630 arrogantim
2857 564 3010 630 culpa
3030 567 3321 634 transﬁgit;
3351 569 3470 636 quia
3489 570 3610 624 dum
3634 575 3818 649 despici

2266 653 2316 704 in
2349 653 2548 705 mundo
2578 654 2676 707 hoc
2706 654 2931 722 quisque
2965 671 3068 707 non
3103 657 3324 724 patitur,
3361 659 3494 712 bona
3527 662 3570 715 si
3602 681 3696 734 qua
3727 675 3817 730 sibi

2263 745 2472 796 occulta
2505 755 2660 807 sntit,
2711 755 2983 799 ostentare
3016 757 3256 812 conatur,
3294 758 3452 818 atque
3502 751 3578 805 sic
3610 772 3697 822 per
3729 762 3818 816 ίηι-

2267 835 2578 900 patientiam
2616 850 2781 901 usilue
2811 835 2876 888 ad
2909 842 3268 905 arrogantiam
3315 842 3558 907 ducitur;
3609 847 3820 917 dumque

2265 923 2404 976 ferre
2437 922 2833 990 despectionem
2865 939 2968 977 non
3003 935 3204 991 potest,
3236 928 3536 996 detegendo
3583 943 3818 1006 semetip-

2261 1027 2380 1066 sum
2422 1016 2472 1066 in
2520 1018 2876 1070 05tentatinne
2927 1019 3198 1084 gloriatur.
3231 1022 3381 1075 llnde
3410 1025 3664 1090 scriptum
3709 1045 3817 1088 Erl:

2264 1103 2448 1155 Melior
2478 1116 2549 1156 est
2577 1107 2772 1174 patiens
2803 1118 3075 1174 arrogante
3107 1107 3302 1178 (Eccte.
3339 1127 3443 1173 vn,
3477 1115 3554 1179 1.).
3596 1116 3719 1182 Quia
3750 1139 3818 1175 vi-

2259 1195 2452 1249 delicct
2482 1198 2632 1267 eligit
2663 1200 2864 1264 patiens
2887 1199 3139 1266 quaelibet
3163 1200 3299 1251 mala
3329 1202 3534 1268 perpeti
3557 1219 3706 1271 quam
3738 1226 3816 1276 per

2259 1290 2632 1342 ostentationis
2650 1291 2832 1344 vitium
2849 1291 2982 1343 l‘ona
3000 1309 3091 1344 sua
3111 1293 3316 1345 occulta
3334 1296 3604 1360 cognosci.
3626 1302 3690 1351 At
3710 1318 3802 1356 con

2259 1387 2338 1430 tra
2356 1379 2502 1447 eligit
2521 1394 2772 1447 arrogans
2797 1380 2932 1433 bona
2953 1381 3019 1434 de
3042 1397 3100 1434 se
3126 1381 3204 1434 vel
3223 1380 3352 1435 falsa
3375 1382 3588 1449 jictari,
3612 1395 3816 1446 nemala

2257 1469 2425 1535 possit
2454 1469 2534 1521 vel
2566 1470 2782 1522 minima
2809 1470 3033 1537 perpeti.
3076 1470 3204 1536 Quia
3235 1472 3398 1542 igitur
3426 1490 3551 1526 cum
3585 1480 3818 1544 patientia

2257 1558 2590 1627 relinquitur,
2630 1560 2787 1613 etiam
2825 1560 2961 1613 bona
2995 1562 3197 1628 reliqua
3224 1577 3342 1630 qua:
3377 1563 3482 1630 jam
3519 1578 3663 1633 gesta
3713 1583 3820 1624 sunt

2254 1650 2625 1716 destruuntur,
2673 1661 2818 1706 recte
2859 1652 2922 1706 ad
2960 1651 3291 1707 Ezechielem
3325 1654 3376 1706 in
3406 1655 3565 1708 altari
3602 1659 3686 1712 Det
3720 1663 3821 1719 ﬁeri

2253 1740 2394 1797 fossa
2428 1744 2758 1814 prtecipitur,
2784 1753 2840 1797 ut
2867 1745 2918 1797 in
2949 1761 3008 1798 ea
3041 1745 3283 1798 videlicet
3317 1752 3654 1816 superposita
3683 1755 3818 1806 1ιοῐο-

573 1818 782 1882 Christi,
815 1832 862 1872 et
889 1832 1075 1874 nostra:
1097 1842 1346 1897 congrege
1370 1829 1502 1880 iouis
1527 1830 1578 1880 in
1607 1831 1797 1895 ipsum,
1835 1842 1890 1884 ut
1919 1849 2020 1885 non
2051 1835 2150 1886 cito
2185 1852 2229 1910 Β
2257 1843 2440 1887 causta
2468 1847 2752 1888 serventur
2783 1834 2996 1902 (Ezech.
3019 1850 3168 1899 XLIII,
3195 1835 3304 1905 15).
3336 1836 3390 1891 Si
3424 1839 3566 1891 enim
3599 1840 3650 1893 in
3679 1843 3817 1898 allati

572 1914 868 1964 moveamini
895 1929 926 1964 a
950 1926 1110 1966 vestro
1135 1933 1304 1977 sensu,
1338 1935 1495 1983 neque
1525 1923 1842 1983 terreamini,
1875 1940 2036 1990 neque
2067 1940 2152 1989 per

571 2003 822 2068 spiritum,
868 2021 1023 2066 neque
1061 2022 1150 2074 per
1185 2024 1495 2070 sermonem,
1547 2026 1708 2072 neque
1759 2028 1849 2079 per
1888 2015 2151 2082 epistolam

572 2103 808 2152 tanquam
853 2109 940 2161 per
979 2112 1069 2148 nos
1122 2098 1363 2160 missam,
1404 2101 1553 2167 quasi
1603 2101 1749 2153 instet
1799 2104 1906 2155 dies
1943 2103 2152 2157 Domini

572 2192 730 2265 (Ibid.
766 2211 798 2248 ll
820 2235 834 2259 ,
881 2196 952 2263 1).
976 2194 1091 2263 Egit
1120 2198 1261 2249 enim
1295 2213 1451 2250 verus
1482 2199 1687 2263 doctor,
1720 2208 1777 2252 ut
1825 2201 1968 2264 prius
1998 2203 2146 2252 audi-

571 2295 687 2337 rent
731 2286 923 2338 laudati
977 2288 1113 2350 quod
1161 2301 1644 2357 recognosceret”,
1699 2300 1750 2342 et
1811 2293 2146 2356 postmodum

571 2376 711 2442 quod
740 2377 1007 2430 exhortati
1054 2389 1432 2445 sequerentur;
1470 2389 1728 2448 quatenus
1770 2396 1958 2435 eorum
2007 2397 2146 2435 nien-

579 2477 681 2519 tcm
711 2483 775 2520 ne
825 2469 1117 2521 admonitio
1158 2469 1438 2537 subjuncta
1485 2483 1816 2535 C(IIIcuteret,
1852 2474 1964 2525 laus
2014 2490 2148 2540 pra:-

570 2559 728 2610 missa
775 2560 1059 2623 solidaret;
1093 2569 1145 2612 et
1189 2559 1281 2628 qui
1335 2574 1634 2617 commotos
1677 2580 1769 2618 eos
1823 2566 1976 2618 vicini
2026 2567 2145 2619 ﬁnis

568 2650 869 2715 suSpicioue
931 2662 1272 2718 cognoverat,
1315 2670 1418 2706 non
1464 2656 1572 2723 jam
1621 2657 1969 2723 redarguehat
2024 2674 2142 2709 mo-

569 2746 683 2800 tos,
717 2738 807 2791 sed
854 2739 1004 2806 quasi
1061 2750 1322 2795 transacta
1377 2744 1655 2807 nesciens,
1703 2745 1873 2798 adlmc
1907 2761 2146 2800 enimno-

570 2829 680 2883 veri
710 2830 1056 2898 prohibebat;
1112 2845 1168 2887 ut
1197 2836 1319 2886 dum
1347 2836 1413 2888 de
1443 2846 1467 2870 ἰ
1496 2837 1605 2901 ipsa
1640 2837 1852 2890 levitate
1894 2840 2143 2894 motionis

571 2921 907 2987 praedicatori
938 2939 1035 2977 suo
1064 2940 1122 2978 se
1155 2926 1449 2993 incognitos
1496 2927 1815 2988 crederent,
1870 2937 2013 2981 tanto
2059 2947 2143 2984 re-

565 3011 949 3080 preliensibiles
970 3015 1314 3084 ﬁeri,quanto
1342 3018 1654 3084 etcoguosci
1682 3017 1747 3071 ab
1770 3019 1859 3072 illo
1890 3018 2142 3075 formida-

566 3112 704 3158 rent.

931 3195 1155 3251 CAPUT
1194 3197 1263 3250 Ix
1296 3197 1400 3268 [AL
1450 3197 1753 3268 XXXIII].

601 3283 866 3347 Quomodo
910 3289 1213 3340 admonendi
1251 3289 1350 3342 sint
1392 3290 1709 3357 impatientes
1748 3302 1798 3347 et
1829 3297 2095 3363 patientes.

633 3369 950 3436 (Admonitio
982 3370 1091 3438 10.)
1137 3371 1302 3426 Aliter
1332 3375 1651 3430 admonendi
1691 3391 1813 3433 sunt
1857 3380 2136 3448 impatien-

568 3467 676 3523 tes,
726 3471 884 3527 atque
931 3461 1085 3514 aliter
1124 3463 1404 3529 patientes.
1461 3467 1750 3522 Dicendum
1795 3485 2023 3539 namque
2053 3480 2137 3524 est

564 3550 961 3616 impatientibus
999 3551 1119 3620 quia
1177 3554 1302 3606 dum
1354 3554 1630 3612 refrenare
1677 3559 1927 3626 spiritum
1967 3563 2134 3630 negli-

563 3651 705 3708 gnnt,
735 3658 830 3707 per
859 3643 1017 3694 multa
1047 3643 1204 3697 etiam
1228 3659 1345 3712 qua:
1375 3661 1477 3699 non
1509 3657 1766 3717 appetunt
1795 3650 2131 3719 iniquitatum

564 3731 784 3796 abrupta
838 3732 1127 3797 rapiuntur,
1160 3737 1282 3802 quia
1331 3735 1581 3792 videlicet
1631 3750 1862 3794 mentem
1911 3741 2135 3810 impellit

566 3820 712 3872 furor
737 3837 840 3888 quo
895 3838 997 3875 non
1029 3825 1190 3878 trahit
1216 3825 1575 3891 desiderium;
1626 3838 1681 3883 et
1708 3832 1816 3899 agit
1863 3844 2130 3888 commota

561 3911 704 3964 velut
736 3915 1001 3977 nesciens,
1049 3917 1186 3970 unde
1229 3929 1346 3984 post
1375 3920 1552 3973 doleat
1587 3921 1784 3977 sciens.
1839 3923 2128 3978 Dicendum

561 4019 772 4071 quoque
800 4006 1222 4075 impatientibus,
1256 4012 1379 4079 quia
1433 4013 1558 4065 dum
1610 4017 1861 4068 motionis
1902 4020 2131 4087 impulsu

565 4097 891 4163 prmcipites,
918 4099 1158 4162 quaedam
1182 4102 1325 4154 velut
1347 4103 1561 4157 alienati
1589 4116 1860 4174 peragunt,
1879 4111 1963 4162 vix
1996 4112 2129 4162 mala

559 4201 653 4240 sua
683 4197 956 4256 postquam
979 4189 1486 4260 fuerintperpetrata
1517 4210 1859 4264 cognosciint.
1883 4203 1978 4266 Qui
2010 4203 2131 4254 dum

560 4280 942 4345 perturbationi
973 4298 1085 4335 suae
1119 4286 1336 4338 minime
1352 4288 1633 4352 obsistunt,
1653 4292 1859 4345 etiamsi
1892 4309 1992 4360 qua
2026 4312 2052 4344 a
2075 4310 2133 4349 se

563 4371 848 4434 tranquilla
905 4380 1085 4426 mente
1143 4376 1514 4432 fin-rantbene
1567 4393 1712 4448 gesta
1766 4383 2132 4452 confundunt,

557 4467 606 4509 ct
633 4459 923 4524 improiiso
950 4461 1054 4530 43
1086 4465 1314 4528 impulsu
1343 4469 1656 4532 destruunt.
1681 4472 1932 4540 quidquid
1975 4476 2131 4531 forsi-

2257 1925 2397 1978 iossa
2443 1941 2549 1979 non
2592 1936 2763 1990 esset,
2791 1941 2951 1979 onme
2981 1927 3120 1994 quiid
3153 1925 3203 1979 in
3234 1942 3297 1980 eo
3327 1929 3646 1982 sacriﬁcium
3679 1948 3816 2000 repe-

2257 2018 2404 2084 riret,
2438 2020 2830 2087 superveniens
2854 2034 2980 2072 aura
3010 2018 3365 2088 dispergeret.
3393 2022 3531 2085 Quid
3561 2037 3682 2076 vero
3703 2029 3818 2075 aet-i-

2257 2110 2430 2176 pimus
2460 2112 2628 2165 altare
2663 2111 2777 2174 Dei,
2803 2112 2902 2164 nisi
2928 2113 3155 2163 animam
3177 2111 3328 2180 j-Isti,
3365 2129 3483 2180 quin
3528 2126 3656 2183 quot
3697 2119 3818 2171 bona

2252 2201 2445 2265 egerit,
2478 2209 2552 2252 tot
2583 2214 2744 2267 super
2767 2215 2825 2254 se
2854 2211 2978 2253 ante
3005 2202 3121 2268 ejus
3146 2204 3333 2254 oculos
3366 2206 3628 2259 sacrilicia
3663 2208 3817 2274 impn-

2252 2291 2365 2344 nit?
2394 2292 2525 2355 Quid
2549 2301 2728 2345 autem
2754 2301 2837 2345 est
2865 2293 3050 2345 altaris
3083 2296 3244 2356 fossa,
3293 2296 3391 2348 nisi
3443 2296 3706 2350 bonorum
3739 2315 3817 2363 pa-

2253 2381 2453 2444 tientia,
2489 2399 2608 2450 qua:
2635 2382 2757 2435 dum
2791 2393 3020 2437 mentem
3054 2385 3116 2434 ad
3153 2386 3374 2440 adversa
3421 2389 3694 2442 toleranda
3729 2394 3817 2442 Ιιιι-

2252 2472 2438 2532 miliat,
2482 2475 2630 2540 quasi
2667 2490 2813 2526 more
2848 2473 3016 2528 fovete
3056 2477 3189 2527 hanc
3227 2476 3278 2527 in
3314 2477 3422 2529 imo
3470 2480 3695 2545 positatn
3741 2482 3818 2536 de~

2251 2564 2549 2615 monstrat?
2575 2563 2736 2618 Fossa
2769 2580 2900 2634 ergo
2929 2567 2979 2618 in
3014 2565 3168 2618 altari
3200 2568 3309 2629 liat,
3333 2583 3397 2621 ne
3433 2575 3819 2637 superpositum

2249 2655 2567 2706 sat-rilicinm
2600 2671 2726 2708 aura
2756 2657 3025 2726 dispergat
3062 2675 3072 2708 :
3108 2657 3158 2710 id
3193 2670 3294 2722 est,
3343 2661 3640 2714 electorqu
3682 2681 3819 2718 meus

2251 2745 2557 2810 patieItti.:III
2579 2749 2863 2813 custodiat,
2888 2765 2955 2802 ne
2979 2761 3246 2803 commota
3279 2761 3437 2804 vento
3461 2755 3820 2821 impatientius,

2247 2835 2423 2890 ethoc
2472 2837 2612 2903 quod
2646 2838 2778 2892 bene
2823 2849 3039 2907 operata
3083 2847 3166 2894 est
3196 2841 3426 2893 amittat.
3465 2842 3608 2896 Bene
3653 2856 3820 2896 autem

2247 2928 2363 2980 haec
2384 2928 2569 2981 eadem
2591 2927 2733 2982 fossa
2758 2931 2913 2983 unius
2934 2931 3098 2985 cubiti
3121 2947 3240 2986 esse
3265 2947 3518 2988 tntillslra‘
3534 2934 3818 3002 urtlbid.);

2245 3020 2366 3086 quia
2404 3020 2654 3074 nimirum
2702 3025 2745 3074 si
2805 3023 3056 3090 patientia
3115 3039 3218 3076 non
3266 3025 3555 3087 deseritur,
3614 3028 3820 3078 unitatis

2246 3125 2490 3162 mensura
2524 3121 2795 3166 servatur.
2819 3112 2969 3168 Unde
2991 3125 3044 3166 et
3071 3114 3264 3166 Paulus
3295 3113 3642 3168 ait:1uvicem
3674 3133 3819 3169 onera

2168 3218 2212 3278 ρ
2243 3212 2406 3254 vestra
2437 3212 2653 3270 portate,
2687 3213 2734 3255 et
2780 3206 2851 3257 sic
2878 3205 3218 3270 adimplebitis
3259 3208 3418 3274 legem
3465 3206 3661 3261 Christi
3688 3207 3816 3274 (Ga-

2243 3294 2337 3347 tat.
2373 3308 2422 3344 vI
2444 3333 2457 3356 ,
2481 3291 2562 3357 c2.).
2591 3293 2694 3345 Lex
2727 3294 2924 3361 quippe
2951 3295 3150 3348 Christi
3179 3305 3264 3348 rst
3303 3297 3536 3350 rliaritas
3589 3297 3816 3357 unitatis,

2240 3399 2398 3451 quam
2437 3384 2536 3436 soli
2567 3382 2867 3451 perﬁciunt,
2895 3384 2984 3452 qui
3026 3400 3126 3440 nec
3154 3401 3274 3440 cum
3327 3397 3616 3455 gravantur
3663 3400 3814 3438 exce-

2240 3471 2393 3526 dunt.
2419 3474 2458 3524 Α
2473 3472 2658 3526 udiant
2688 3472 3026 3538 impatientes
3048 3475 3188 3542 quod
3208 3477 3463 3545 scriptum
3481 3487 3561 3529 est
3588 3495 3600 3528 :
3637 3475 3812 3528 ,ιιειεον

2239 3572 2312 3614 est
2341 3561 2536 3628 patiens
2588 3564 2697 3614 viro
2745 3563 2888 3630 forti,
2921 3573 2969 3616 et
3014 3565 3099 3632 qui
3152 3566 3451 3619 dominatur
3506 3569 3681 3618 animo
3710 3583 3814 3624 suo,

2240 3662 2586 3722 expugnatam
2607 3654 2811 3706 urbium
2840 3653 3025 3724 (Prov.
3045 3671 3132 3710 va
3152 3696 3168 3722 ,
3202 3656 3315 3729 52).
3345 3659 3522 3712 Minor
3551 3656 3694 3710 enim
3743 3664 3813 3707 est

2243 3745 2463 3798 victoria
2520 3745 2757 3810 urbium,
2788 3744 2910 3814 quia
2956 3756 3106 3801 extra
3149 3758 3275 3802 sunt
3323 3764 3444 3817 quae
3470 3747 3813 3814 subiguntur;

2241 3835 2394 3889 valde
2424 3846 2600 3890 autem
2624 3835 2650 3873 δ
2675 3837 2844 3905 majus
2883 3845 2967 3892 est
2995 3839 3137 3906 quod
3171 3854 3265 3906 per
3308 3841 3622 3908 patientiam
3658 3836 3812 3888 vinii-

2242 3933 2348 3988 tnr,
2380 3926 2499 3992 quia
2527 3926 2640 3994 ipse
2663 3941 2692 3978 a
2723 3940 2781 3980 se
2807 3926 3018 3981 animus
3053 3939 3361 3996 superatur,
3395 3939 3453 3985 et
3478 3929 3814 3994 semetipsum

2238 4016 2552 4082 sibimetipsi
2579 4018 2811 4082 subjicit,
2843 4018 3056 4088 quando
3102 4035 3223 4074 eum
3255 4025 3463 4090 patient
3490 4036 3519 4075 a
3575 4022 3709 4071 intra
3763 4031 3814 4066 so

2242 4117 2264 4144 ε
2305 4107 2513 4161 frenare
2559 4110 2853 4177 compellit.
2886 4110 3116 4164 Audiant
3171 4115 3513 4178 impatientes
3543 4111 3679 4175 quod
3719 4108 3812 4159 tele-

2238 4199 2338 4251 ctis
2366 4199 2478 4250 suis
2506 4197 2712 4252 Veritas
2735 4200 2862 4254 dicit
2888 4217 2899 4252 :
2928 4200 2998 4254 1η
3026 4203 3273 4270 patientia
3305 4215 3477 4258 vestra
3507 4197 3815 4272 possidebitil

2235 4292 2437 4342 animas
2466 4301 2657 4344 vestras
2691 4291 2841 4362 (Luc.
2878 4309 2993 4358 ut,
3024 4294 3134 4362 19).
3179 4294 3269 4348 Sic
3298 4297 3449 4350 enim
3499 4292 3695 4347 conditi
3726 4288 3816 4341 mi-

2238 4381 2478 4436 rabiliter
2515 4396 2722 4446 sumus,
2757 4394 2813 4437 ut
2843 4385 2986 4440 ratio
3031 4385 3295 4449 animam.
3329 4402 3387 4444 et
3429 4388 3603 4441 anima
3653 4380 3814 4452 possi-

2235 4474 2356 4529 deat
2387 4490 2599 4544 corpus.
2627 4475 2722 4531 Jus
2753 4491 2881 4562 vero
2907 4478 3101 4533 anima:
3129 4494 3158 4532 a
3181 4483 3427 4546 corporis
3469 4475 3802 4545 possessione

560 4561 642 4602 tnn
677 4553 764 4604 diu
809 4554 986 4606 labore
1038 4559 1259 4622 provido
1291 4571 1730 4617 construxerunt.
1758 4565 1870 4633 lpsa
1903 4581 2132 4636 namque
2164 4599 2211 4656 ο
2240 4568 2535 4633 repellitur,
2569 4568 2610 4621 si
2644 4583 2749 4622 non
2789 4553 2936 4638 prius
2965 4570 3138 4624 anima
3170 4587 3197 4622 a
3225 4575 3435 4625 ratione
3485 4566 3798 4636 possidetur-

556 4664 673 4715 qum
709 4661 881 4700 nvater
909 4660 990 4701 est
1012 4652 1248 4704 omnium
1280 4665 1574 4723 custosque
1595 4658 1876 4722 virtutum,
1911 4675 2002 4728 per
2032 4661 2131 4714 im-

557 4741 824 4805 patientia:
853 4741 1037 4797 vitium
1065 4745 1230 4796 virtus
1252 4748 1512 4800 amittitur
1540 4749 1834 4804 charitatis.
1864 4752 2128 4823 Scriptum

554 4836 744 4902 quippe
765 4845 884 4888 est:
915 4835 1152 4891 Charitas
1181 4841 1374 4907 patiens
1404 4853 1472 4895 est
1516 4842 1575 4910 (1
1612 4844 1726 4896 Cor.
1753 4860 1874 4912 xm,
1908 4845 1984 4917 4).
2031 4849 2130 4917 lgi-

556 4937 637 4977 tur
667 4943 786 4981 cum
820 4931 1036 4984 minime
1068 4942 1148 4984 est
1197 4934 1422 5000 patiens,
1457 4936 1688 4990 t'haritas
1738 4953 1843 4991 non
1879 4951 1976 4993 est.
2028 4941 2128 4995 Per

555 5019 654 5072 hoc
686 5035 894 5088 quoque
928 5024 1270 5090 impatientia:
1316 5028 1495 5078 vitium
1525 5028 1632 5091 ipsa
1667 5030 1917 5083 virtutum
1950 5034 2126 5086 nutrix

552 5107 792 5161 doctrina
832 5110 1138 5178 dissipatur.
1172 5113 1436 5180 Scriptum
1488 5133 1715 5184 natoque
1740 5131 1849 5172 est:
1882 5120 2126 5174 Doctrina

553 5199 645 5250 viri
683 5215 770 5267 per
809 5202 1100 5267 patientiam
1158 5205 1381 5255 noscitur
1430 5205 1611 5274 (Prov.
1670 5225 1778 5272 xix,
1812 5211 1918 5276 11).
1955 5211 2125 5267 Tanto

555 5303 682 5355 ergo
707 5290 933 5356 quisque
964 5292 1140 5345 minus
1193 5297 1489 5350 ostenditur
1541 5298 1730 5352 doetus
1750 5340 1765 5364 ,
1796 5313 1992 5368 quanto
2023 5305 2123 5356 mi-

560 5396 659 5430 nus
682 5381 1018 5434 convincitur
1049 5385 1270 5451 patiens.
1305 5388 1484 5452 Neque
1535 5394 1675 5443 enim
1719 5403 1890 5456 potest
1920 5396 2122 5448 veraci-

556 5479 638 5522 ter
696 5471 833 5524 bona
886 5472 1126 5528 docendo
1181 5479 1516 5542 impendere,
1583 5482 1622 5535 si
1685 5484 1910 5539 vivendo
1960 5491 2128 5543 nescit

553 5565 924 5631 aequanimiter
953 5569 1122 5622 aliena
1159 5576 1291 5623 mala
1329 5579 1572 5627 tolerare.

582 5784 591 5792 .
625 5726 645 5750 "
694 5716 905 5792 Tertius
934 5720 1116 5781 (λιι-ιι..
1152 5724 1241 5774 Inv.
1283 5727 1590 5778 munitionis.
1633 5726 1799 5792 Belv.,
1835 5732 1930 5786 [ευ.
1965 5735 2117 5785 movi-

555 5790 724 5841 tiouis.
759 5790 946 5848 Laud..
972 5793 1169 5845 ἀνιμαε
1201 5796 1450 5846 motionis.

2237 4659 2524 4715 Custodem
2566 4661 2724 4730 igitur
2775 4663 3095 4718 conditionis
3121 4674 3324 4720 nostra:
3356 4665 3661 4736 patientiam
3714 4657 3806 4708 Do-

2240 4753 2414 4808 minus
2463 4768 2582 4808 esse
2630 4755 2965 4820 monstravit,
2993 4756 3080 4822 qui
3135 4757 3186 4810 in
3235 4756 3350 4826 ipsa
3405 4771 3501 4811 nos
3548 4747 3806 4820 possidere

2237 4841 2585 4909 nosmetipsos
2607 4842 3026 4908 docuit.Quanta
3042 4859 3171 4912 ergo
3197 4848 3264 4898 sit
3296 4841 3640 4913 impatientia:
3657 4833 3804 4900 culpa

2235 4934 2626 5000 cognoscimus,
2659 4948 2752 5001 per
2778 4949 2934 5002 quam
2963 4945 3017 4989 et
3045 4937 3142 4989 hoc
3165 4937 3340 5004 ipsum
3368 4935 3662 4989 amittimus
3694 4937 3805 4989 pos-

2230 5026 2404 5080 sidere
2435 5025 2573 5093 quod
2621 5041 2826 5081 sumus.
2871 5029 3102 5082 Audiam
3157 5030 3504 5100 impatientes
3532 5020 3668 5090 quod
3719 5027 3805 5080 ρετ

2230 5115 2569 5170 Salomouem
2617 5132 2824 5171 rursum
2876 5117 3070 5172 dicitur
3111 5137 3126 5171 ι
3179 5121 3370 5174 Totam
3417 5114 3528 5187 44
3571 5110 3803 5178 simum"

2232 5222 2378 5259 suum
2405 5211 2597 5277 profert
2625 5207 2832 5273 stultus,
2864 5211 3267 5276 sapiens’autem
3299 5209 3471 5277 diﬂert
3515 5212 3564 5258 et
3595 5201 3802 5253 τειθνυαε

2231 5298 2283 5351 in
2304 5307 2562 5363 posterum
2595 5300 2772 5369 (Prov.
2798 5318 2951 5367 xxtx,
2984 5302 3092 5370 11).
3128 5302 3459 5372 lmpatieutia
3491 5298 3683 5366 quippe
3707 5289 3799 5339 im-

2232 5392 2464 5461 pellente
2515 5394 2687 5464 agitur
2726 5405 2782 5450 ut
2824 5404 2964 5450 totus
3018 5397 3158 5450 foras
3186 5397 3406 5464 Spiritus
3467 5387 3794 5460 proferatur;

2237 5502 2395 5555 quem
2429 5487 2629 5551 idcirco
2659 5489 2985 5553 perturbatio
3010 5493 3051 5542 c'
3067 5491 3169 5542 tius
3185 5489 3349 5558 ejicit,
3372 5485 3492 5554 quia
3513 5478 3650 5534 nulla
3666 5474 3796 5526 inte-

2234 5582 2343 5634 rius
2366 5582 2642 5647 disciplina
2661 5581 2934 5648 sapientia:
2959 5584 3350 5637 eircumeludit.
3377 5578 3598 5644 Sapiens
3619 5571 3790 5622 autem

2300 5731 2325 5770 δ
2355 5733 2465 5806 litin
2492 5736 2694 5806 priores
2727 5736 2898 5793 (ἱιιιιι.⁹
2922 5739 3096 5789 melius
3119 5749 3210 5793 est.
3349 5805 3354 5806 γ
3514 5800 3519 5806 ,

2310 5814 2330 5839 ο
2365 5804 2555 5869 l.aud.,
2592 5806 2751 5870 llelv.,
2779 5807 2992 5861 Carnut.
3021 5810 3303 5871 secundus,
3327 5804 3537 5873 frenari.
