3968 6310
160 396 204 448 ιςί
940 386 1249 443 REGULIE
1291 383 1716 441 PASTORALIS
1760 384 1981 437 LIBER.
2020 412 2090 421 —
2132 379 2310 435 PARS
2350 375 2626 432 'l‘ER'llA.
3345 377 3412 431 6?.

158 501 297 559 Μαι
342 506 397 549 et
444 504 698 550 reservat
752 496 807 548 in
862 506 1155 565 posterum.
1214 497 1393 549 Lassus
1435 498 1575 549 enim
1602 535 1618 559 ,
1672 496 1722 547 iu
1756 497 1803 553 Α
1835 493 2081 546 tmnelias
2103 493 2262 544 audin
2309 500 2347 553 t,
2385 493 2530 543 nullo
2560 490 2743 543 dolore
2766 490 3077 557 pulsentur,
3113 499 3167 542 et
3197 491 3273 543 sic
3320 506 3412 558 pa-

159 605 357 664 μείξεις
380 604 442 641 se
476 586 669 641 ulcisci
703 601 812 641 non
841 587 1134 650 desiderat,
1158 589 1278 654 quia
1304 588 1465 641 etiam
1494 587 1724 639 tolerans

159 682 271 751 parci
312 688 483 745 optat,
518 678 618 731 sed
663 689 842 732 tamen
877 678 1023 745 juste
1052 688 1075 715 ⁸
1116 677 1375 730 vindicari
1407 678 1585 729 omnia
1633 691 1727 728 ex-

160 787 299 829 tremo
323 772 532 840 judicio
560 786 671 824 non
703 772 934 837 ignorat.

216 870 271 918 At
296 874 483 917 contra
508 860 846 915 admonendi
868 871 993 913 sunt
1018 870 1300 927 patientes,
1333 874 1398 911 ne
1424 860 1475 911 in
1495 874 1558 912 eo
1583 859 1721 926 quod

163 956 373 1012 exterius
420 970 504 1021 po:
524 964 662 1014 tant,
714 952 943 1006 interius
965 953 1197 1015 doleant,
1232 965 1298 1001 ne
1327 959 1486 1003 tanta:
1513 949 1727 1002 virtutis

163 1047 454 1104 sicriticium
504 1048 650 1115 quod
716 1046 981 1111 integrum
1030 1042 1173 1095 foras
1225 1043 1540 1104 immolant,
1586 1043 1726 1094 intus

169 1140 361 1192 malitiae
401 1146 547 1206 peste
599 1145 987 1203 corrumpant;
1043 1144 1095 1187 et
1136 1148 1257 1187 cum
1309 1134 1377 1186 ab
1424 1133 1726 1188 hominibus

171 1246 256 1283 non
312 1230 637 1293 agnoscitur,
693 1226 787 1279 sed
841 1237 1016 1279 tamen
1072 1225 1172 1279 sub
1218 1224 1395 1278 divina
1455 1226 1729 1278 examina-

168 1323 290 1375 tione
334 1327 605 1389 peccatur,
668 1324 821 1369 tanto
873 1315 1107 1369 deterior
1153 1315 1302 1381 culpa
1358 1313 1561 1368 doloris
1615 1315 1724 1379 fiat,

166 1419 339 1479 quanto
388 1409 489 1462 sibi
552 1416 681 1460 ante
749 1406 990 1460 homines
1060 1407 1269 1460 virtutis
1328 1406 1558 1477 speciem
1615 1408 1729 1458 vin-

168 1502 308 1555 dicat.

223 1588 497 1643 Dicendum
528 1588 709 1655 itaque
748 1596 831 1641 est
857 1587 1197 1653 patientibus,
1230 1595 1285 1637 ut
1316 1586 1568 1638 studeant
1596 1584 1724 1638 dili—

166 1694 273 1749 gere
293 1693 421 1746 quos
442 1678 545 1731 sibi
574 1693 800 1733 necesse
827 1686 911 1731 est
934 1678 1202 1740 tolerare;
1236 1692 1304 1729 ne
1340 1677 1384 1730 si
1418 1676 1724 1743 patientiam

168 1770 360 1823 dilectio
388 1784 492 1823 non
516 1779 790 1837 sequatur,
825 1770 876 1823 in
902 1770 1219 1823 deteriorem
1244 1767 1453 1832 culpam
1480 1768 1585 1822 odii
1616 1771 1725 1821 vir-

1830 585 2071 638 tientiam
2114 584 2423 646 exhibeant,
2460 594 2515 635 ιιι
2564 584 2831 636 rustodire
2878 583 3038 636 etiam
3093 584 3273 636 cordis
3328 588 3409 637 itt-

1832 678 2135 730 noeentiam
2191 691 2293 727 non
2343 676 2621 737 emittant;
2673 674 2767 728 sed
2815 688 2935 727 cum
2971 681 3091 741 post
3139 674 3409 741 paululum

1830 764 1945 818 haec
1988 765 2100 832 ipsa
2131 778 2251 833 qnte
2285 764 2621 827 pertulerint,
2667 764 2733 817 ad
2775 768 3086 817 memoriam
3138 774 3410 828 revocant,

1828 856 1949 925 igne
1970 871 2029 910 se
2051 856 2250 909 doloris
2275 856 2624 918 inﬂammant,
2651 863 2963 923 argumenta
2996 855 3216 908 ultionis
3239 852 3410 922 inqui-

1831 959 1982 1009 rttnt,
2013 956 2069 1000 et
2095 947 2551 1000 mansuetudinem
2580 962 2733 1013 quam
2769 947 3063 1000 tolerantes
3092 947 3411 1009 habuerunt,

1830 1047 2176 1091 retractantes
2206 1038 2257 1090 in
2287 1038 2543 1091 malitiam
2573 1036 3025 1101 vertunt.Quibus
3054 1037 3209 1091 citius
3228 1055 3254 1089 a
3275 1054 3410 1106 pne-

1829 1128 2041 1180 dicante
2088 1128 2436 1191 succurritur,
2469 1130 2512 1181 si
2563 1142 2682 1195 qua:
2711 1128 2781 1179 sit
2809 1125 2917 1197 45
2950 1125 3106 1195 hujus
3150 1137 3413 1192 permuta.

1837 1220 1997 1272 tionis
2026 1235 2186 1273 causa
2219 1219 2500 1288 pandatur.
2548 1218 2784 1272 Callidus
2812 1233 3040 1285 namque
3081 1218 3413 1271 adversarius

1832 1312 2029 1367 bellum
2060 1322 2246 1366 contra
2285 1314 2419 1365 duos
2472 1322 2668 1376 movet,
2724 1327 2887 1364 unum
2922 1311 3170 1365 videlicet
3208 1312 3413 1364 inflatu-

1831 1420 1983 1459 mans
2029 1414 2086 1457 ut
2128 1403 2485 1457 contumelias
2526 1405 2674 1471 prior
2703 1405 2913 1466 inferat,
2946 1404 3170 1456 alterum
3220 1418 3412 1470 provo-

1828 1509 1956 1548 cans
1988 1504 2042 1544 nt
2082 1492 2434 1546 contumelias
2481 1491 2643 1546 ltrsus
2693 1492 2897 1545 reddat.
2938 1492 3043 1546 Sed
3106 1492 3414 1562 plerumque

1829 1586 1955 1638 dum
1990 1584 2147 1652 hujus
2174 1583 2286 1652 jam
2334 1584 2504 1636 victor
2550 1594 2633 1636 est
2680 1585 2770 1652 qui
2824 1584 3070 1650 injuriam
3131 1597 3414 1651 persuasus

1830 1677 2055 1746 irrogat,
2082 1676 2151 1729 ab
2180 1676 2270 1729 illo
2304 1675 2533 1728 vincitur
2557 1676 2645 1743 qui
2690 1674 2888 1727 illatam
2921 1675 3020 1728 sibi
3047 1674 3415 1741 a-quauimiter

1831 1776 2028 1835 portat.
2066 1764 2234 1820 Uuins
2265 1766 2586 1834 ergo‘victor
2615 1781 2775 1833 quem
2807 1765 3198 1819 commovendo
3227 1763 3413 1832 subju-

168 1870 238 1913 tas
256 1872 468 1913 ostensa
494 1869 752 1914 vertatur.
788 1860 939 1915 Unde
970 1859 1158 1913 Paulus
1180 1875 1300 1913 cum
1340 1857 1726 1914 diceret:(.'lt:t-
1760 1855 1800 1911 Β
1830 1860 1994 1930 gavit,
2023 1869 2131 1912 tuta
2178 1868 2365 1912 contra
2396 1860 2619 1910 alterum
2652 1858 2849 1910 virtute
2874 1870 2933 1909 se
2962 1855 3153 1920 erigit,
3187 1870 3415 1921 eumque

168 1958 274 2005 ritas
296 1954 499 2023 patiens
530 1962 626 2015 est,
667 1952 812 2005 illico
841 1951 1083 2017 adjunxit
1121 1968 1134 2002 :
1169 1949 1399 2020 Benigno
1426 1961 1499 2004 est
1523 1949 1585 2021 (Ι
1609 1950 1725 2005 Cor.

169 2061 265 2110 snt,
298 2046 397 2112 4);
428 2045 676 2099 videlicet
712 2044 1004 2098 ostendens
1051 2041 1173 2111 quia
1215 2059 1351 2110 quos
1379 2060 1444 2096 ex
1478 2044 1728 2112 patientia

170 2136 387 2201 tolerat,
442 2150 628 2189 amare
670 2135 827 2189 etiam
896 2150 959 2189 ex
1004 2134 1330 2204 benignitate
1380 2151 1484 2187 non
1534 2144 1729 2188 cessat.

170 2227 297 2282 Unde
334 2227 477 2280 idem
536 2227 724 2280 doctor
770 2227 1012 2295 egregius
1064 2240 1186 2279 cum
1228 2225 1536 2292 patientiam
1569 2227 1731 2279 disci-

172 2318 288 2384 pulis
318 2317 607 2382 suaderet,
638 2316 825 2371 dicens
855 2334 869 2369 :
903 2316 1079 2370 Omnis
1129 2316 1440 2379 amaritudo,
1474 2324 1521 2367 et
1561 2317 1657 2377 ira,
1689 2325 1733 2367 et

172 2410 445 2477 indignatio,
472 2417 522 2460 et
562 2409 782 2473 clamor,
812 2418 860 2462 et
909 2408 1228 2479 blasphemia
1272 2410 1483 2461 tollatur
1524 2425 1556 2462 a
1595 2410 1733 2461 vobis

176 2498 449 2569 (Epheuv,
474 2499 533 2550 5|
552 2502 592 2563 ),
612 2501 766 2567 quasi
797 2501 1007 2555 cunctis
1023 2501 1390 2569 exteriusjam
1421 2501 1558 2555 bene
1588 2515 1732 2554 com-

173 2591 337 2656 positis
367 2590 432 2642 ad
466 2590 725 2643 interiora
754 2589 1243 2654 convertitur,dum
1266 2589 1533 2657 subjungit
1558 2606 1572 2643 :
1605 2589 1732 2643 Cum

172 2681 291 2732 omni
316 2681 506 2733 malitia
538 2678 773 2749 (Ibid.);
806 2681 928 2749 quia
972 2680 1220 2734 nimirum
1254 2680 1449 2733 frustra
1492 2679 1731 2745 indigna-

176 2774 257 2839 tio,
284 2773 478 2827 clamor
508 2781 568 2828 et
599 2772 934 2841 blaSphemia
958 2774 1026 2827 ab
1052 2772 1408 2829 exterioribus
1439 2773 1665 2837 tollitur,
1689 2772 1732 2826 si

177 2864 221 2917 in
245 2864 582 2919 interioribus
614 2868 870 2919 vitiorum
897 2877 1067 2919 mater
1094 2865 1296 2919 malitia
1319 2865 1654 2928 dominatur;
1684 2845 1736 2917 et

176 2954 413 3009 incassum
446 2956 594 3009 foras
624 2957 861 3024 nequitia
894 2972 955 3012 ex
989 2959 1152 3011 ramis
1193 2958 1463 3020 inciditur,
1497 2955 1522 2994 δ
1544 2958 1586 3010 si
1612 2972 1732 3010 sur-

174 3059 355 3103 rectura
402 3050 748 3117 multiplicius
777 3050 921 3104 intus
968 3051 1019 3103 in
1076 3050 1255 3104 radice
1289 3061 1550 3105 serVatur.
1587 3049 1737 3104 Unde

176 3150 219 3191 et
244 3156 331 3207 per
373 3143 724 3210 semetipsum
756 3142 968 3197 Veritas
1007 3142 1138 3196 dicit
1172 3160 1184 3195 :
1241 3142 1450 3212 Diligite
1504 3144 1738 3195 inimicos

1833 1953 2183 2006 obsistentem
2220 1950 2433 2003 fortiter
2462 1960 2513 2003 et
2538 1949 2837 2001 vincentem
2869 1947 3043 2011 dolet;
3077 1961 3237 2013 quem
3292 1948 3411 2014 quia

1833 2059 2177 2099 commovere.
2209 2042 2261 2095 in
2296 2043 2407 2107 ipsa
2438 2041 2886 2093 centumeliarum
2931 2039 3256 2106 jaculatione
3304 2054 3410 2091 non

1835 2136 2026 2205 potuit,
2046 2136 2111 2189 ab
2142 2142 2330 2201 aperto
2371 2133 2665 2186 certamine
2696 2132 2908 2183 interim
2937 2132 3312 2195 quiescens,et
3334 2141 3415 2179 se-

1833 2236 1978 2281 creta
2007 2226 2343 2296 suggesdone
2382 2223 2759 2291 cogitationem
2792 2222 3091 2285 lacescens,
3127 2231 3305 2287 aptum
3328 2222 3417 2270 ili--

1834 2318 2093 2386 ceptionis
2124 2328 2331 2384 tempus
2361 2315 2598 2384 inquirit.
2653 2314 2783 2379 Quia
2828 2314 2969 2366 enim
3030 2311 3239 2379 pttb'ico
3280 2312 3418 2363 bello

1836 2407 1862 2445 ἀ
1882 2407 2135 2479 perdidit,
2159 2408 2223 2459 ad
2250 2406 2574 2460 exercendas
2604 2404 2817 2456 occulte
2848 2402 3072 2455 insidias
3100 2402 3417 2460 0,\8l‘tleSCll.

1836 2498 2045 2566 Quietis
2085 2509 2314 2564 namque
2352 2504 2496 2563 temp
2533 2492 2716 2559 rejam
2740 2491 2805 2545 ad
2834 2491 3055 2544 victoris
3081 2491 3312 2543 animum
3337 2506 3417 2543 re-

1837 2593 1933 2658 dit,
1963 2601 2016 2645 et
2036 2592 2120 2645 vel
2164 2605 2342 2643 rerum
2393 2588 2606 2653 dannn,
2637 2595 2730 2641 aut
2777 2587 3090 2655 injuriarutn
3127 2585 3305 2655 jacula
3354 2586 3418 2636 ad

1845 2682 2157 2738 memoriam
2205 2680 2438 2745 reducit,
2468 2688 2768 2745 cunctaque
2797 2692 2914 2746 quae
2945 2676 3044 2730 sibi
3077 2677 3220 2729 illata
3275 2682 3418 2735 sunt,

1837 2773 2183 2828 vehementer
2213 2767 2937 2840 exaggerans,intolerabilia
2990 2764 3262 2828 ostendit;
3306 2773 3418 2815 tan-

1840 2878 1997 2934 toque
2030 2876 2263 2920 mentem
2298 2877 2531 2917 maerore
2582 2860 2886 2924 conturbat,
2920 2871 2969 2912 ut
3005 2858 3315 2927 plerutnque
3343 2855 3418 2906 vit

1843 2963 2048 3031 patiens
2074 2961 2162 3014 illa
2192 2975 2252 3014 se
2277 2959 2648 3027 tequatiitnitc-r
2680 2958 2939 3011 tolerasse
2986 2965 3103 3023 post
3144 2955 3225 3005 vic
3250 2951 3418 3004 oriani

1843 3061 2086 3126 captivus
2108 3054 2412 3111 erubescat.
2430 3066 2599 3120 seque
2622 3065 2726 3104 non
2745 3048 3044 3104 reddidisse
3072 3043 3419 3118 contumelias

1841 3148 2042 3213 doleat,
2076 3156 2131 3201 et
2159 3146 2428 3201 deteriora
2454 3143 2830 3213 rependere,si
2860 3140 3072 3195 occasio
3100 3136 3419 3204 praebeatur.

175 3239 368 3295 tatros,
399 3232 677 3300 benefacite
718 3232 797 3284 Itis
838 3232 930 3301 qui
973 3234 1189 3285 oderunt
1229 3249 1333 3299 vos,
1374 3241 1421 3285 et
1450 3241 1593 3286 orate
1638 3249 1732 3299 pro
1761 3218 1808 3279 (ἶ
1842 3248 2072 3307 (ιιιωιοιιι.
2095 3238 2300 3303 Quibus
2327 3250 2454 3303 ergo
2474 3236 2560 3287 isti
2585 3243 2708 3287 sunt
2736 3234 2960 3295 similes,
2990 3230 3088 3284 nisi
3119 3228 3199 3281 his
3223 3226 3310 3295 qui
3335 3238 3428 3292 per

172 3323 569 3389 persequentibus
610 3334 654 3377 et
691 3323 1125 3378 calumniantibus
1168 3340 1255 3378 vos
1301 3325 1452 3394 (Luc.
1478 3341 1561 3390 γι,
1616 3323 1731 3395 27).

173 3410 335 3465 Virtus
361 3413 547 3481 itaque
573 3425 650 3467 est
682 3429 865 3470 coram
910 3414 1215 3469 hominibus
1237 3458 1251 3481 ,
1294 3416 1634 3470 adversarios
1658 3426 1736 3468 to-

170 3503 351 3569 lerare;
378 3507 480 3559 sed
510 3505 673 3559 virtus
703 3522 883 3561 coram
916 3508 1048 3573 Deo,
1078 3508 1329 3577 diligere;
1363 3508 1483 3577 quia
1513 3508 1617 3562 hoc
1646 3523 1737 3562 so-

169 3594 265 3647 lum
295 3596 423 3649 Deus
450 3597 779 3651 sacriﬁcium
822 3598 1037 3667 accipit,
1068 3599 1207 3667 quod
1237 3607 1363 3652 ante
1388 3600 1503 3666 ejus
1545 3599 1733 3654 oculos

168 3684 211 3737 in
240 3686 381 3738 altari
408 3688 539 3740 boni
568 3689 749 3755 operis
781 3687 991 3742 ﬂamma
1017 3689 1292 3744 charitatis
1314 3689 1568 3744 incendit.
1603 3690 1737 3745 llinc

168 3786 238 3831 est
260 3781 393 3844 quod
424 3797 652 3835 rursum
685 3782 1007 3850 quibusdam
1041 3782 1384 3849 patientibus,
1429 3796 1526 3836 nec
1559 3790 1733 3836 tamen

164 3866 487 3929 diligentibus
519 3870 651 3923 dicit
675 3888 690 3924 :
727 3870 866 3937 Quid
885 3881 1057 3923 autem
1079 3872 1218 3924 uides
1241 3874 1490 3935 festucam
1509 3872 1561 3924 in
1587 3872 1735 3924 oculo

163 3956 315 4023 fratris
334 3961 425 4022 tui,
449 3970 510 4011 et
523 3960 723 4011 trabem
748 3960 802 4012 in
826 3960 970 4012 oculo
1002 3971 1087 4011 tuo
1114 3976 1215 4012 non
1242 3961 1384 4013 vides
1402 3958 1612 4027 (Matth.
1639 3975 1732 4025 vn,

162 4046 215 4109 ὅς
256 4047 375 4102 Lar.
414 4065 493 4110 vn.
543 4049 693 4114 At)?
749 4049 1057 4103 Pertnbatio
1089 4059 1112 4088 ο
1153 4050 1349 4118 quippe
1390 4050 1735 4116 impatientia}

161 4134 333 4191 Iestuca
353 4149 468 4205 est;
509 4139 731 4194 malitia
771 4154 899 4194 vero
932 4142 983 4194 in
1034 4139 1217 4207 corde,
1254 4140 1429 4194 trabes
1474 4140 1525 4193 in
1555 4140 1734 4194 oculo.

163 4225 285 4281 Illam
327 4246 570 4300 namque
618 4246 745 4285 aura
790 4232 1094 4286 tentationis
1133 4234 1319 4301 agitat,
1377 4232 1513 4286 hanc
1556 4243 1735 4286 autem

162 4331 503 4375 consummata
533 4322 781 4388 nequitia
810 4321 1310 4391 pcneimmobiliter
1345 4331 1537 4387 portat.
1572 4321 1737 4376 Recte

161 4424 263 4463 vero
288 4413 390 4467 illic
414 4414 777 4482 subiungitur
819 4433 832 4466 :
874 4414 1177 4483 llypocritu,
1214 4415 1340 4482 ejice
1368 4414 1588 4479 primum
1627 4423 1734 4465 tra-

160 4500 247 4550 bali
274 4501 335 4555 de
362 4504 517 4555 oculo
543 4514 677 4564 tuo,
722 4511 772 4554 et
820 4511 940 4555 tunc
967 4502 1159 4556 videbis
1186 4504 1372 4574 ejicere
1396 4502 1643 4566 festucam
1670 4503 1735 4555 de

1841 3329 2208 3383 fortitudinem
2251 3328 2306 3381 in
2332 3340 2523 3393 campo
2547 3325 2780 3378 victores
2822 3332 2968 3386 sunt,
3006 3322 3095 3375 sed
3128 3334 3223 3388 per
3257 3316 3419 3384 negli-

1837 3421 2072 3489 gentiam
2108 3421 2445 3485 postmodum
2479 3416 2617 3470 intra
2649 3415 2795 3469 urbis
2835 3415 3064 3467 claustra
3095 3411 3420 3479 Capiuntur?

1836 3513 2041 3579 Quibus
2081 3522 2203 3563 sunt
2244 3509 2469 3572 similes,
2523 3508 2625 3563 nisi
2677 3510 2740 3561 iis
2790 3521 2923 3575 quos
2979 3506 3191 3559 irruens
3247 3507 3421 3572 gravis

1836 3605 2061 3673 languor
2102 3619 2130 3655 a
2164 3601 2266 3656 vita
2323 3617 2430 3655 non
2463 3600 2759 3666 subtrahit,
2798 3599 2893 3654 sed
2951 3597 3149 3652 leniter
3204 3597 3422 3649 veniens

1840 3707 1864 3734 ε
1888 3695 2119 3752 recidiva
2148 3694 2311 3749 febris
2335 3692 2530 3748 occidit
2555 3695 2578 3746 ἲ
2603 3689 2943 3748 Admonendi
2983 3697 3106 3742 sunt
3135 3687 3294 3757 igitur
3324 3700 3421 3753 pas

1839 3789 2059 3850 tientes,
2093 3795 2149 3839 ut
2183 3801 2275 3841 cor
2308 3792 2428 3855 post
2458 3784 2734 3837 victoriam
2781 3781 3040 3843 muniant,
3093 3788 3149 3832 ut
3205 3778 3416 3829 hostem

1839 3880 2051 3949 publico
2078 3879 2220 3935 bello
2247 3887 2557 3948 superatum
2614 3875 2856 3930 insid'ari
2901 3872 2919 3911 ί
2952 3869 3166 3927 ιιιαιιιίἰε
3218 3868 3418 3923 mentis

1838 3970 2113 4025 intendant
2134 3987 2148 4035 ;
2166 3979 2220 4023 ut
2245 3969 2551 4038 languorem
2576 3966 2692 4036 plus
2711 3975 2735 4013 ε
2755 3974 3117 4033 reserpentem
3167 3961 3416 4022 timeant,

1839 4079 1907 4116 ne
1941 4063 2109 4116 bustis
2136 4062 2364 4117 callidus
2392 4075 2458 4115 eo
2489 4061 2541 4113 in
2572 4060 2889 4127 deceptione
2936 4055 3272 4122 postmodum
3302 4067 3417 4106 ma-

1834 4153 1936 4221 jori
1964 4151 2321 4207 exsultatione
2350 4151 2602 4222 gaudeat,
2646 4164 2751 4217 quo
2775 4148 2861 4203 illa
2894 4146 3092 4202 dudum
3131 4154 3317 4201 contra
3359 4159 3418 4199 se

1835 4242 2006 4311 rigida
2037 4243 2171 4297 colla
2202 4243 2464 4295 victorum
2487 4242 2674 4295 calcat.

2246 4330 2471 4387 CAPUT
2514 4330 2561 4385 Χ
2592 4328 2701 4402 [ΑΙ.
2733 4326 3029 4399 XXXIV].

2056 4422 2323 4488 Quomodo
2352 4420 2664 4475 admonendi
2701 4420 2926 4475 benevoli
2948 4431 2995 4473 et
3022 4418 3203 4471 invidt.

1911 4513 2230 4585 (Admonitio
2258 4513 2369 4583 Η.)
2396 4513 2566 4567 Aliter
2620 4511 2938 4566 admonendi
2984 4520 3107 4563 sunt
3152 4510 3420 4573 benevoli,

159 4589 280 4642 calo
298 4592 476 4659 fratris
494 4593 582 4645 tui
617 4589 826 4659 (lout).
868 4595 943 4647 Ac
984 4593 1026 4646 si
1068 4593 1277 4647 dicatur
1324 4592 1493 4648 menti
1536 4594 1730 4662 iniqua:

1840 4616 1997 4674 atque
2027 4606 2188 4661 aliter
2217 4607 2407 4661 invidi.
2437 4604 2774 4661 Admonendi
2803 4617 3032 4670 namque
3085 4611 3207 4653 sunt
3257 4602 3421 4653 bene-

158 4679 350 4737 interius
378 4685 629 4746 dolenti,
660 4692 715 4737 et
758 4694 996 4737 Sanctam
1027 4699 1087 4738 se
1129 4685 1371 4738 exterius
1405 4700 1500 4753 per
1529 4685 1731 4753 patien-

155 4769 261 4823 tiam
284 4771 727 4827 demonstranti:
747 4771 898 4825 Prius
922 4787 949 4823 a
976 4782 1027 4825 te
1056 4775 1251 4827 molem
1278 4775 1493 4827 malitia:
1519 4783 1727 4835 excute.

151 4867 195 4911 et
218 4868 329 4915 tunc
348 4864 487 4917 alios
527 4863 611 4917 de
649 4864 993 4931 impatientia:
1025 4864 1239 4919 levitate
1270 4866 1626 4932 reprehendo,
1662 4881 1729 4921 ne

151 4952 252 5005 dum
281 4970 383 5008 non
402 4956 613 5010 studes
650 4954 1046 5011 simulationem
1079 4957 1315 5022 vincere,
1342 4958 1491 5027 pejus
1523 4958 1617 5012 tibi
1663 4959 1732 5012 sit

154 5041 298 5096 aliena
321 5060 485 5114 prava
522 5046 795 5100 tolerare.

218 5156 436 5213 Erenire
462 5159 652 5214 etiam
685 5157 1002 5226 plerumque
1047 5158 1369 5224 patientibus
1397 5162 1532 5215 solet
1565 5171 1620 5213 ut
1666 5176 1731 5215 eo

158 5247 333 5311 quidem
366 5260 638 5319 tempore
668 5263 778 5318 quo
811 5249 891 5301 vel
919 5248 1141 5303 adversa
1176 5250 1464 5318 patiuntur,
1500 5250 1580 5304 vel
1606 5266 1733 5304 con-

208 5419 231 5448 ι
250 5410 456 5466 Primus
478 5420 538 5463 et.
564 5408 765 5463 tertius
787 5407 1026 5470 Carnot.,
1047 5409 1297 5470 judicari.

206 5478 229 5519 ι
252 5480 426 5548 Trec.,
462 5480 680 5541 Laud.,
731 5480 1012 5545 Rothom.,
1047 5477 1193 5548 l.yr.,
1229 5480 1337 5533 duo
1388 5479 1591 5548 priore-3
1624 5477 1723 5535 Gc-

160 5563 274 5609 net..
292 5555 333 5605 si
358 5562 713 5615 surreptam.

210 5632 227 5658 ε
256 5621 456 5677 Primus
482 5624 753 5681 Canum,
784 5618 1188 5678 impatientibus.

208 5692 227 5727 ά
252 5693 398 5748 Caru.
427 5696 682 5761 primus,
703 5691 835 5743 bello
864 5705 965 5741 non
995 5690 1240 5761 perdidit:
1258 5688 1441 5742 Melius
1471 5689 1520 5740 in
1559 5700 1720 5742 mete-

161 5762 211 5810 ris
249 5762 385 5826 Uss,
410 5758 690 5832 perdidit,
717 5762 823 5832 hoc,
863 5768 947 5812 est
1000 5759 1169 5813 vietus
1220 5758 1337 5822 fuit,
1371 5761 1721 5832 succubuit,a

164 5836 391 5901 inposito
410 5830 694 5890 excidit.
720 5830 921 5882 Eodem
950 5844 1108 5883 sensu
1156 5846 1297 5899 sactae
1329 5838 1609 5898 usurpatur
1635 5831 1728 5884 ab-

1842 4700 1967 4761 voli,
2004 4708 2061 4753 nt
2080 4698 2156 4751 sic
2189 4698 2375 4750 alienis
2407 4697 2562 4751 bonis
2614 4693 3003 4763 congaudeant,
3032 4700 3296 4760 quatenus
3325 4690 3420 4741 ha-

1842 4792 1966 4844 bere
1999 4791 2209 4859 propria
2226 4788 2625 4857 concupiscant.
2656 4786 2750 4843 Sic
2779 4784 3148 4855 proximorum
3176 4780 3311 4835 facta
3342 4780 3423 4833 di-

1843 4882 2058 4951 ligendo
2115 4881 2351 4948 laudent,
2378 4891 2437 4935 ιιι
2464 4896 2525 4935 ea
2554 4881 2713 4935 etiam
2756 4876 3012 4933 imitando
3045 4874 3419 4943 multiplicent,

1842 4991 1909 5028 ne
1936 4975 1980 5028 si
2003 4974 2054 5027 in
2090 4976 2189 5028 hoc
2223 4973 2499 5042 prmseutis
2529 4973 2649 5025 vita:
2680 4970 2852 5025 stadio
2900 4969 2965 5022 ad
2997 4979 3267 5023 certamen
3294 4964 3417 5018 alie-

1842 5083 1966 5121 num
1995 5067 2171 5123 devoti
2199 5066 2433 5119 fautores
2455 5109 2468 5133 ,
2492 5064 2583 5119 sed
2625 5063 2757 5133 pigri
2782 5069 3111 5130 spectatores
3147 5056 3420 5120 assistant,

1837 5175 1901 5213 eo
1924 5169 2042 5228 post
2063 5168 2335 5213 certamen
2367 5158 2483 5211 sine
2506 5154 2694 5209 bravio
2719 5159 3052 5213 remaneant,
3081 5164 3187 5218 quo
3211 5162 3351 5201 nunc.
3370 5162 3419 5198 ιιι

1836 5249 2130 5305 certamine
2152 5265 2257 5304 non
2289 5247 2569 5310 laborant;
2592 5254 2643 5299 et
2669 5252 2795 5298 tunc
2825 5256 3012 5296 eorum
3046 5240 3252 5310 palmas
3282 5236 3418 5291 allii-

1836 5409 2007 5461 solute
2033 5408 2251 5462 verbum
2297 5408 2425 5468 hoc,
2458 5414 2513 5460 ut
2549 5405 2601 5459 in
2639 5402 2788 5471 praef.
2835 5403 3048 5467 Moral.,
3090 5418 3138 5457 c.
3188 5417 3267 5467 ιιι,
3321 5403 3411 5457 lib.

1838 5496 2002 5533 χχχιιι
2033 5496 2177 5532 nmn.
2206 5480 2257 5537 1,
2292 5493 2495 5531 necnon
2539 5474 2740 5541 praefat.
2772 5473 2838 5529 ad
2866 5473 2959 5529 lib.
2993 5490 3177 5529 xxvnt.

1907 5559 1930 5587 ο
1964 5550 2208 5615 Longip.,
2232 5549 2455 5601 rediviva
2483 5547 2657 5615 febris.

1910 5619 1927 5657 ί
1965 5622 2017 5673 In
2046 5612 2284 5684 detinet»,
2314 5628 2431 5689 post
2476 5612 2890 5679 correctionem,
2932 5615 3168 5669 insidiari
3217 5614 3268 5666 in
3307 5612 3418 5683 ejus

1832 5692 2102 5744 utentibus.

1906 5772 1929 5807 ις
1962 5762 2234 5827 ltottiom.,
2267 5761 2392 5833 Lyr.
2430 5768 2482 5814 ct
2512 5765 2623 5815 tres
2650 5759 2883 5822 Gcmet.,
2917 5764 3239 5825 repetentem.
