3968 6356
537 384 602 435 65
1744 382 1981 437 SANCTI
2021 380 2344 436 GREGOllll
2387 382 2595 436 MAGNI
3764 380 3829 432 (il

537 502 603 553 cti
638 499 942 566 t'eSpiciatt=,
970 500 1019 549 in
1053 514 1275 564 quorum
1313 515 1451 550 nunc
1502 496 1769 549 laboribus
1805 497 1960 549 otiosi
1996 512 2088 563 per
2153 506 2193 553 Α
2227 495 2560 558 vehementer,
2591 505 2637 544 et
2660 494 2877 545 concidit
2907 493 3070 545 vultus
3122 498 3235 562 ejus
3261 491 3467 560 (Cenes.
3507 509 3584 553 tv,
3628 492 3709 555 4).
3740 494 3827 543 |.i-

535 592 749 644 durant.
786 590 951 643 Valde
982 590 1175 658 quippe
1209 604 1508 655 peccamus,
1530 589 1569 639 si
1603 588 1771 639 aliena
1806 588 1938 639 bene
1966 597 2111 653 gesta

536 700 641 737 non
682 682 974 752 diligimus.
1008 680 1115 735 Sed
1149 681 1217 734 nil
1271 680 1532 733 mercedis
1559 680 1783 747 agimus,
1816 680 1858 731 si
1908 693 1967 729 ea
2000 693 2118 745 qua:

536 774 1157 842 diligimus,inquantnm
1183 786 1466 839 possumus
1489 786 1592 823 non
1618 771 1907 823 imitamur.
1926 769 2118 821 Dicen-

535 864 659 915 dum
684 864 858 931 itaque
885 869 966 915 est
997 862 1284 925 benevolis,
1310 861 1433 929 quia
1460 862 1501 913 si
1527 860 1721 914 imitari
1745 861 1878 914 boaa
1899 860 2116 914 minime

538 958 790 1010 festinant
815 970 933 1024 qua:
986 955 1257 1008 laudantes
1284 953 1601 1022 approbant,
1629 953 1707 1006 sic
1761 954 1839 1007 eis
1864 954 2115 1006 virtutum

536 1053 787 1103 sanctitas
804 1053 941 1104 sicut
966 1051 1143 1104 stultis
1162 1049 1553 1118 spectatoribus
1581 1047 1901 1101 ludicrarum
1923 1046 2114 1100 artium

538 1142 741 1194 vanitas
770 1141 961 1207 placet.
998 1140 1078 1193 llli
1112 1154 1340 1206 namque
1378 1139 1679 1205 aurigarum
1710 1145 1765 1189 et
1796 1136 2115 1191 histrionum

537 1242 681 1297 gesta
711 1240 736 1264 ει
772 1230 1037 1283 favoribus
1061 1229 1305 1290 efferunt,
1331 1242 1429 1281 nec
1476 1237 1651 1280 tamen
1707 1228 1841 1280 tales
1872 1242 1992 1281 esse
2020 1228 2115 1281 de-

538 1320 788 1381 siderant,
814 1320 995 1386 quales
1047 1320 1166 1372 illos
1195 1319 1530 1387 conspiciunt
1578 1333 1699 1371 esse
1726 1334 1857 1385 quos
1882 1319 2113 1371 laudant.

540 1417 793 1470 Mirantur
821 1431 913 1468 eos
969 1417 1155 1483 placita
1186 1415 1381 1481 egis~e,
1414 1414 1508 1468 sed
1540 1424 1714 1469 tamen
1770 1414 2010 1467 devitant
2047 1415 2121 1465 si—

540 1508 732 1559 militer
757 1506 987 1574 placere.
1028 1505 1313 1558 Dicendum
1338 1514 1421 1559 est
1449 1504 1558 1575 46
1610 1505 1882 1558 benevolis
1914 1515 1967 1557 ut
1998 1521 2117 1559 cum

541 1600 900 1665 proximorum
928 1597 1061 1649 facta
1088 1596 1447 1663 con5piciunt,
1483 1596 1548 1649 ad
1581 1612 1733 1649 suum
1757 1610 1849 1649 cor
1876 1596 2117 1656 redeant,

538 1698 591 1738 et
620 1688 687 1740 de
715 1687 903 1739 alienis
930 1686 1135 1739 actibus
1165 1702 1269 1740 non
1324 1695 1648 1754 praesumant
1674 1704 1687 1751 ;
1730 1702 1797 1739 ne
1828 1688 1959 1739 bona
2003 1688 2118 1740 lau-

539 1779 690 1838 deut,
721 1786 771 1827 et
792 1791 949 1842 agere
972 1784 1238 1829 recusent.
1273 1774 1499 1829 Gravius
1527 1777 1722 1843 quippe
1752 1784 1992 1829 extrema
2042 1779 2121 1829 u'-

2228 602 2321 635 \or
2345 587 2519 650 itaque
2550 584 2816 647 sacrificii,
2852 585 3130 638 fratricidii
3161 585 3503 639 seminarium
3536 585 3660 638 fuit.
3688 583 3823 637 Nam

2223 694 2378 745 quem
2413 678 2684 731 meliorem
2743 692 2802 730 se
2830 691 2948 731 esse
2993 677 3192 743 doluit,
3224 693 3291 731 ne
3340 686 3618 746 utcunque
3678 689 3829 729 esset

2232 778 2252 804 ε
2284 768 2596 835 amputavit.
2632 767 2922 820 Dicendum
2947 779 3025 821 est
3048 768 3241 821 invidis
3272 769 3393 836 quia
3436 770 3564 821 dum
3612 783 3677 822 se
3724 771 3826 821 ista

2226 859 2545 912 intrinsecus
2599 869 2751 926 peste
2796 867 3136 920 consumunt,
3167 858 3323 911 etiam
3374 858 3641 927 quidquid
3675 857 3732 910 in
3768 873 3825 909 se

2226 948 2369 1001 aliud
2403 947 2525 1001 boni
2558 947 2756 1002 habere
2786 948 3035 1001 videntur
3064 949 3399 1002 interimunt.
3434 948 3594 1003 Unde
3642 950 3822 1016 scrip-

2226 1048 2334 1090 tum
2358 1049 2440 1091 est
2472 1055 2485 1093 :
2524 1038 2641 1091 Vita
2671 1042 2903 1091 carnium
2936 1040 3123 1092 sanitas
3146 1040 3339 1103 cordis,
3370 1041 3592 1109 putredo
3625 1042 3828 1092 ossium

2224 1130 2416 1181 invidia
2440 1127 2620 1199 (Prov.
2655 1143 2763 1191 xlv,
2785 1129 2900 1194 50).
2921 1128 3057 1194 Quid
3085 1128 3227 1182 enim
3253 1143 3345 1196 per
3369 1143 3563 1182 carnes
3590 1127 3701 1181 nisi
3747 1129 3828 1181 in—

2227 1221 2372 1273 firma
2411 1221 2650 1289 quaedam
2676 1235 2738 1273 ac
2761 1230 2961 1284 tenera,
2988 1232 3039 1273 et
3062 1221 3187 1289 quid
3221 1236 3314 1287 per
3338 1235 3458 1273 ossa
3490 1221 3595 1273 nisi
3652 1219 3823 1273 fortia

2224 1320 2340 1364 acta
2382 1312 2698 1380 signantur?
2727 1311 2790 1364 Et
2846 1312 3161 1379 plerumque
3209 1311 3472 1379 contingit
3500 1321 3555 1363 ut
3602 1312 3828 1373 quidam

2223 1418 2347 1457 cum
2369 1404 2547 1458 cordis
2578 1404 2880 1458 innocentia
2932 1404 2985 1456 in
3018 1404 3288 1456 nonnullis
3338 1402 3448 1457 Silis
3478 1403 3699 1457 actibus
3745 1404 3833 1456 in-

2228 1495 2363 1547 firmi
2398 1495 2698 1561 videantur,
2727 1495 2942 1564 quidam
2976 1510 3101 1548 vero
3130 1494 3240 1564 jam
3272 1494 3515 1563 qumdam
3548 1505 3686 1549 autc
3721 1494 3826 1548 hu-

2231 1600 2420 1639 manos
2472 1586 2657 1640 oculos
2709 1586 2926 1640 robusta
2972 1597 3283 1650 exerceant,
3313 1586 3407 1640 sed
3465 1595 3654 1639 tamen
3698 1600 3827 1654 erga

2229 1675 2453 1727 aliorum
2480 1675 2615 1728 bona
2634 1675 2777 1733 intus
2796 1676 3008 1730 invidiae
3031 1676 3331 1743 pestilentia
3356 1676 3664 1731 tabescant.
3688 1678 3833 1731 Bene

2229 1781 2355 1838 ergo
2380 1766 2735 1821 dicittterita
2761 1771 2992 1821 carnium
3014 1770 3204 1820 sanitas
3218 1768 3417 1833 cordis;
3436 1769 3563 1836 quia
3598 1769 3647 1823 si
3679 1786 3831 1824 men-

542 1868 683 1918 tione
707 1864 928 1920 feriendi
954 1866 1309 1936 sunt,quibus
1333 1866 1687 1936 placuitquod
1716 1866 1911 1919 imitari
1943 1867 2125 1920 nolue-
2162 1865 2206 1922 B
2239 1858 2304 1912 lis
2353 1859 2658 1913 innocentia
2706 1860 3025 1925 custoditur,
3055 1862 3215 1914 etiam
3242 1862 3285 1913 si
3314 1878 3413 1929 qua
3447 1861 3580 1915 foris
3613 1862 3828 1915 infirma

541 1968 684 2009 l‘UlIl.

612 2046 949 2101 Admonendi
979 2054 1101 2101 sunt
1134 2046 1321 2109 invidi,
1345 2055 1402 2100 ut
1433 2047 1766 2115 perpendant
1787 2056 1997 2112 quanta-
2021 2061 2125 2099 ca:—

545 2138 723 2191 citatis
771 2146 914 2201 sunt,
973 2140 1060 2206 qui
1108 2139 1285 2192 alieno
1328 2147 1582 2205 provectu
1625 2138 1906 2201 deficiunt,
1949 2138 2122 2190 aliena

544 2228 571 2265 ι)
590 2230 947 2283 exsultatione
964 2229 1366 2282 conlabascunt.
1390 2228 1613 2293 Quanta:
1627 2228 1955 2282 infelicitatis
1974 2236 2122 2294 sunt,

544 2320 634 2387 qui
690 2320 1058 2374 melioratione
1110 2320 1331 2388 proximi
1361 2320 1656 2375 deteriores
1708 2321 2124 2389 fiunt;dumqne

547 2421 825 2476 augmenta
876 2413 1062 2464 alienae
1117 2410 1487 2479 prosperitatis
1539 2412 1823 2478 aspiciunt,
1855 2414 1993 2479 apud
2034 2426 2120 2465 se-

548 2504 802 2567 metipsos
847 2502 1004 2552 anxie
1035 2501 1236 2561 afflicti,
1285 2501 1462 2555 cordis
1503 2501 1585 2553 sui
1629 2510 1775 2568 peste
1803 2502 2120 2555 moriuntur.

549 2592 687 2656 Quid
722 2591 837 2645 istis
861 2592 1149 2656 infelicius,
1173 2606 1306 2660 quos
1326 2591 1450 2645 dum
1482 2604 1766 2660 conspecta
1799 2592 2025 2646 felicitas
2048 2592 2124 2647 af-

549 2682 678 2744 ficit,
708 2695 863 2748 pmna
916 2682 1198 2749 nequiores
1221 2681 1429 2735 reddit?
1458 2681 1835 2735 Aliorumvero
1858 2682 1992 2735 bona
2006 2698 2124 2750 qua-

546 2774 744 2827 habere.
768 2789 869 2827 non
926 2782 1165 2842 possunt,
1196 2775 1238 2827 si
1283 2774 1600 2845 diligerent,
1625 2789 1720 2827 sua
1753 2773 2005 2828 facerent.
2037 2774 2126 2827 Sic

547 2868 740 2934 quippe
766 2876 889 2919 sunt
917 2867 1150 2921 universi
1178 2866 1534 2921 consistentes
1564 2866 1615 2919 in
1650 2866 1771 2928 fide,
1797 2864 1930 2919 sicut
1962 2865 2124 2918 multa

547 2956 783 3011 membra
836 2973 940 3012 uno
973 2959 1025 3010 in
1070 2973 1294 3026 corpore
1326 2975 1339 3009 :
1366 2973 1481 3023 quae
1516 2972 1607 3024 per
1646 2956 1879 3009 officium
1911 2958 2122 3025 quidem

546 3048 756 3102 diversa
813 3060 958 3112 sunt,
987 3048 1081 3102 sed
1130 3063 1194 3102 eo
1224 3062 1329 3116 quo
1370 3047 1473 3101 sibi
1524 3046 1756 3102 vicissim
1800 3056 2121 3118 congruunt,

549 3153 709 3192 unum
740 3138 891 3193 fiunt.
912 3139 1062 3193 Unde
1091 3136 1147 3189 fit
1176 3146 1231 3190 ut
1253 3152 1344 3205 pes
1370 3151 1461 3205 per
1488 3136 1699 3191 oculum
1730 3136 1924 3201 videat,
1949 3146 2005 3191 et
2032 3153 2125 3205 per

2226 1960 2349 2003 sunt
2373 1951 2696 2019 quandoque
2727 1951 3066 2005 roborantur.
3094 1951 3197 2020 47
3234 1952 3296 2004 Et
3325 1964 3469 2006 recte
3494 1952 3608 2007 illic
3639 1953 3831 2007 sude

2230 2050 2317 2094 tur
2348 2057 2362 2093 :
2400 2042 2625 2094 Putrcdo
2653 2045 2843 2095 ossium
2865 2043 3081 2105 invidia,
3107 2044 3225 2107 quia
3275 2058 3371 2109 per
3412 2043 3606 2097 livoris
3636 2044 3830 2096 vitium

2227 2147 2351 2190 ante
2380 2135 2472 2188 Dei
2516 2136 2702 2189 oculos
2752 2149 2973 2203 pereunt
3007 2141 3168 2188 etiam
3218 2152 3335 2205 qua:
3363 2137 3619 2189 humanis
3651 2136 3830 2190 oeulis

2227 2222 2381 2277 fortia
2411 2224 2678 2278 videntur.
2706 2222 2837 2276 Ossa
2852 2224 3045 2291 quippe
3065 2240 3156 2290 per
3187 2224 3440 2278 invidiam
3472 2239 3817 2293 putrescere,

2226 2322 2310 2368 est
2332 2314 2575 2383 quaedam
2599 2315 2758 2367 etiam
2796 2314 3009 2368 robusta
3041 2317 3307 2383 deperire.

2649 2404 2877 2459 CAPUT
2906 2404 2974 2458 χι
3005 2404 3112 2472 ιιίι.
3136 2405 3294 2458 XXX
3312 2405 3395 2475 vi.

2374 2494 2642 2561 Quomodo
2674 2496 2988 2548 admonendi
3014 2496 3267 2563 simplices
3297 2507 3341 2552 et
3358 2498 3681 2568 versipelles.

2300 2586 2619 2653 (Admonitio
2650 2584 2762 2651 12.)
2790 2587 2962 2640 Aliter
3009 2586 3333 2640 admonendi
3364 2598 3488 2642 sunt
3513 2589 3822 2658 simplices,

2227 2684 2386 2743 atque
2431 2675 2586 2729 aliter
2626 2676 2841 2743 impuri.
2870 2675 3144 2731 Laudandi
3194 2689 3321 2733 sunt
3367 2680 3646 2748 simplices
3680 2683 3821 2749 quod

2228 2767 2478 2821 studeant
2503 2781 2769 2834 nunquam
2801 2766 2929 2820 falsa
2959 2768 3159 2836 dicere,
3196 2769 3287 2824 sed
3315 2769 3653 2825 admonendi
3706 2785 3823 2825 sum

2230 2870 2287 2913 ut
2338 2860 2586 2914 noverint
2627 2874 3005 2925 nonnunquam
3037 2876 3160 2914 vera
3196 2863 3447 2915 reticere.
3474 2865 3627 2915 Sicut
3684 2866 3823 2917 enim

2228 2965 2446 3018 semper
2471 2950 2737 3005 dicentem
2779 2948 2804 2986 ά
2840 2948 3042 3005 falsitas
3090 2952 3264 3015 laesit,
3314 2953 3383 3005 ita
3436 2970 3822 3023 nonnunquam

2228 3042 2537 3109 quibusdam
2569 3042 2748 3094 audita
2780 3055 2901 3096 vera
2953 3052 3270 3097 nocuerunt.
3297 3040 3449 3098 Unde
3490 3058 3681 3099 coram
3716 3047 3821 3100 dis-

2226 3135 2417 3201 cipulis
2439 3135 2693 3188 Dominus
2716 3134 3035 3189 locutionem
3060 3151 3209 3188 suam
3232 3136 3445 3190 silentio
3474 3146 3815 3207 temperans,

550 3229 712 3297 pedes
736 3228 875 3283 oculi
928 3227 1270 3295 gradiantur;
1307 3228 1386 3281 ori
1418 3227 1630 3281 auditus
1661 3228 1870 3282 aurium
1901 3229 2120 3291 serviat,
2153 3230 2197 3289 (ζ
2229 3227 2304 3279 ait
2331 3242 2344 3277 :
2378 3224 2548 3278 Multa
2587 3225 2747 3278 habeo
2776 3226 2915 3278 vobis
2942 3226 3127 3288 dicere,
3150 3228 3239 3279 sed
3278 3243 3415 3279 nunc
3458 3244 3563 3281 non
3611 3231 3823 3297 potestis

551 3328 606 3372 et
627 3319 691 3372 ad
725 3335 875 3377 usum
908 3334 1059 3373 suum
1087 3319 1302 3374 auribus
1330 3320 1440 3375 oris
1469 3320 1643 3390 lingua
1667 3330 1986 3380 concurrat;
2015 3319 2129 3374 suf-

552 3410 785 3478 fragetur
831 3418 1016 3463 venter
1068 3410 1338 3474 manibus,
1371 3412 1541 3466 ventri
1584 3419 1875 3478 operentur
1919 3426 2128 3464 manus.

554 3499 609 3552 In
638 3500 750 3570 ipsa
786 3502 942 3569 igitur
971 3500 1209 3567 corporis
1242 3502 1507 3567 positione
1540 3503 1853 3570 accipimus,
1883 3502 2023 3568 quod
2079 3502 2131 3555 in

553 3591 763 3645 actione
786 3605 1080 3645 servemus.
1106 3590 1273 3643 Nimis
1304 3591 1482 3659 itaque
1506 3601 1659 3658 turpe
1690 3599 1771 3645 est
1800 3606 1903 3644 non
1937 3591 2129 3643 imitari

553 3682 690 3748 quod
710 3696 912 3734 sumus.
945 3681 1131 3734 Nostra
1164 3691 1287 3734 sunt
1344 3682 1618 3746 nimirum,
1653 3697 1773 3749 qum
1801 3681 1900 3734 etsi
1935 3682 2128 3735 imitari

555 3787 657 3822 non
694 3785 993 3837 possumus,
1021 3786 1263 3823 amamus
1308 3772 1355 3823 in
1389 3772 1535 3833 aliis;
1569 3783 1621 3825 et
1670 3772 1959 3825 amantium
2001 3773 2132 3828 limit

554 3878 774 3929 qumque
802 3872 1045 3914 amantur
1076 3862 1128 3915 in
1164 3862 1334 3917 nobis.
1371 3863 1502 3917 llinc
1540 3878 1667 3931 ergo
1694 3875 1918 3933 pensent
1944 3865 2129 3930 invidi,

555 3953 782 4005 cbaritas
836 3962 1047 4020 quanta:
1098 3955 1307 4007 virtutis
1367 3964 1448 4007 est
1483 3996 1495 4019 ,
1542 3971 1658 4022 quae
1700 3955 1860 4007 alieni
1936 3957 2132 4010 laboris

556 4058 734 4109 opera,
766 4050 942 4094 nostra
974 4042 1089 4095 sine
1142 4044 1321 4097 labore
1351 4043 1496 4097 facit.
1531 4045 2020 4113 Dicendumitaqne
2046 4054 2131 4100 est

557 4134 767 4195 invidis,
800 4134 919 4202 quia
948 4134 1070 4185 dum
1104 4149 1160 4186 se
1189 4150 1215 4185 a
1263 4135 1428 4187 livore
1473 4136 1691 4189 minime
1725 4136 2055 4199 custodiunt,
2080 4138 2131 4190 in

558 4225 825 4293 antiquam
882 4225 1078 4279 versuti
1136 4225 1305 4279 bustis
1381 4228 1670 4295 nequitiam
1725 4228 2129 4297 demerguntur.

560 4317 632 4371 lie
681 4317 775 4370 illo
807 4330 1034 4385 namque
1060 4316 1317 4381 scriptum
1367 4327 1485 4370 est:
1520 4317 1723 4370 Invidia
1749 4328 1919 4371 autem
1943 4320 2135 4372 diaboli

559 4423 692 4460 mors
730 4408 936 4462 intrarit
984 4408 1035 4459 in
1090 4407 1255 4460 orbem
1308 4418 1556 4461 terrarum
1586 4409 1740 4479 (Sap.
1768 4426 1829 4476 tt,
1854 4410 1968 4480 24).
2003 4412 2133 4477 Quia

556 4500 697 4553 enim
729 4500 841 4566 ipse
879 4499 1065 4553 caelum
1095 4501 1341 4568 perdidit,
1377 4504 1590 4557 condito
1642 4504 1740 4557 hoc
1771 4504 1968 4559 homini
2003 4504 2135 4559 invi-

2235 3316 2327 3369 illa
2356 3327 2562 3385 portare
2603 3316 2784 3385 (Joan.
2824 3331 2931 3379 xvn,
2965 3314 3077 3384 i2).
3107 3314 3444 3369 Admonendi
3489 3327 3620 3371 sunt
3666 3319 3823 3387 igitur

2234 3408 2531 3475 simplices,
2558 3418 2616 3460 ut
2656 3409 2795 3462 sicut
2826 3406 3090 3460 fallaciam
3122 3421 3335 3476 semper
3373 3409 3579 3463 utiliter
3626 3410 3814 3473 vitant,

2234 3501 2304 3552 ita
2335 3499 2613 3553 veritatem
2662 3514 2875 3566 semper
2918 3500 3122 3554 utiliter
3152 3503 3444 3568 proferant.
3478 3505 3821 3560 Admonendi

2233 3597 2360 3641 sont
2382 3598 2438 3641 ut
2459 3588 2815 3656 simplicitatis
2836 3591 2977 3645 bono
3003 3592 3337 3657 prudentiam
3360 3593 3820 3665 aiijungant,qua-

2234 3687 2389 3734 tenus
2420 3681 2498 3733 sic
2547 3684 2884 3736 securitatem
2925 3684 2991 3737 de
3021 3683 3358 3750 simplicitate
3391 3687 3731 3753 possideant,
3764 3697 3817 3741 ut

2235 3772 2770 3837 circuuiSpectionem
2842 3775 3137 3841 prudentia:
3210 3791 3312 3829 non
3366 3779 3639 3833 amittant.
3692 3778 3821 3832 Hinc

2235 3878 2463 3941 namque
2493 3880 2585 3931 per
2606 3864 2882 3918 doctorem
2904 3867 3137 3934 gentium
3169 3865 3362 3919 dicitur
3395 3884 3409 3920 :
3449 3866 3581 3922 Volo
3611 3885 3699 3922 vos
3745 3886 3822 3923 sa-

2241 3958 2434 4023 pientes
2462 3972 2569 4008 εδει
2614 3956 2665 4008 in
2724 3955 2873 4018 bono,
2900 3958 3155 4025 simplices
3181 3968 3355 4010 aulem
3396 3960 3445 4012 in
3484 3959 3821 4030 malo(llom.

2240 4063 2353 4114 xvn,
2384 4048 2495 4117 19).
2530 4048 2662 4101 llioc
2706 4048 2906 4101 (‘ieClOS
2937 4064 3064 4102 suos
3097 4063 3189 4116 per
3219 4050 3566 4117 semetipsam
3619 4050 3823 4105 Veritas

2238 4141 2509 4197 admonet.
2538 4141 2723 4194 dicens
2759 4158 2770 4191 :
2807 4139 2984 4192 Estote
3010 4140 3282 4207 prudentes
3313 4142 3445 4194 sicut
3476 4152 3759 4213 serpentes,
3780 4151 3823 4194 et

2237 4233 2493 4298 simplices
2514 4235 2643 4284 sicut
2668 4233 2914 4285 columba:
2940 4231 3153 4302 (Matth.
3190 4249 3241 4297 κ,
3272 4233 3375 4301 lii).
3409 4232 3545 4298 Quia
3580 4233 3822 4287 videlicet

2240 4324 2291 4377 in
2320 4324 2608 4378 electorum
2638 4323 2889 4378 cordibus
2917 4324 3074 4377 debet
3097 4332 3151 4377 et
3180 4322 3581 4392 simplicitatem
3615 4324 3818 4379 colum-

2240 4415 2321 4470 bae
2341 4416 2531 4470 astutia
2553 4417 2815 4483 serpentis
2842 4430 3052 4478 acuere,
3085 4426 3139 4470 et
3158 4417 3427 4485 serpentis
3448 4419 3708 4471 astutiam
3730 4431 3819 4469 co-

2242 4506 2437 4560 lumbae
2474 4506 2788 4574 simplicitas
2818 4516 3145 4575 temperare,
3188 4516 3448 4575 quatenus
3480 4523 3583 4563 nec
3622 4507 3820 4563 seducti

560 4593 656 4657 dit,
688 4599 741 4645 et
766 4589 1165 4647 damnationem
1199 4607 1349 4645 suam
1382 4594 1619 4660 perditus
1647 4596 1821 4649 adlmc
1849 4599 1981 4649 alios
2014 4611 2128 4663 per-
2167 4592 2215 4651 D
2245 4606 2268 4634 ο
2304 4612 2397 4666 per
2428 4598 2758 4665 prudentiam
2790 4598 3038 4662 calleant,
3068 4612 3166 4652 nec
3193 4599 3261 4653 ab
3302 4600 3615 4655 intellectus
3651 4598 3820 4655 studio

558 4681 731 4735 dendo
762 4681 1073 4736 etnnulavit.
1104 4681 1441 4736 Adtnonendi
1488 4694 1609 4737 sunt
1640 4686 1802 4739 invidi
1855 4695 1912 4740 ut
1937 4701 2132 4756 cogno-

558 4784 711 4828 scant
729 4775 939 4842 quantis
956 4774 1187 4843 lapsibus
1205 4780 1592 4831 succrescentis
1617 4781 1783 4833 ruinae
1804 4779 2135 4850 subiaceant,

558 4867 681 4933 quia
708 4865 833 4919 dum
858 4866 1076 4920 livorem
1099 4881 1127 4919 a
1171 4869 1333 4921 corde
1365 4884 1468 4921 non
1503 4868 1807 4938 projiciunt,
1838 4871 1903 4924 ad
1927 4881 2139 4940 apertas

558 4970 781 5025 operum
814 4956 1075 5025 nequitias
1108 4957 1492 5013 devolvuntur.
1529 4959 1568 5012 N
1595 4960 1639 5013 si
1663 4962 1805 5013 enim
1837 4960 1967 5014 Cain
2000 4962 2137 5014 invi-

566 5047 738 5103 disset
766 5058 1037 5115 acceptam
1068 5047 1243 5101 fratris
1296 5048 1543 5109 boSIiam,
1571 5051 1788 5104 minime
1816 5052 2144 5119 pervenisset

561 5138 627 5191 ad
659 5140 1100 5208 exstinguendam
1128 5142 1312 5193 vitam.
1339 5139 1491 5194 Unde
1522 5143 1780 5209 scriptqu
1803 5151 1887 5197 est
1911 5159 1923 5195 :
1951 5141 2017 5195 Et
2048 5148 2143 5197 r'es-

559 5230 693 5299 pexit
733 5229 982 5284 Dominus
1034 5231 1102 5284 ad
1128 5230 1251 5283 Abel
1302 5242 1348 5285 et
1377 5232 1444 5284 ad
1494 5248 1705 5285 munera
1731 5235 1876 5303 ejus;
1918 5235 1985 5285 ad
2015 5233 2140 5288 Cain

561 5336 675 5374 vero
696 5329 741 5375 et
768 5322 835 5373 ad
858 5337 1066 5374 munera
1096 5324 1205 5392 ejus
1248 5339 1346 5375 non
1376 5324 1613 5392 respexit.
1633 5321 1904 5391 (ratusque
1922 5333 1994 5376 est
2012 5323 2140 5378 Cain

632 5466 659 5492 ἰ
692 5455 941 5511 Bothum.
978 5462 1031 5508 et
1054 5455 1204 5523 l.yr.,
1228 5454 1481 5512 laudibus.

629 5523 656 5563 δ
689 5526 761 5579 Ita
799 5526 977 5588 Tretu,
1012 5525 1198 5589 Laud.,
1234 5527 1470 5590 llelvac.,
1498 5537 1603 5581 tres
1649 5526 1893 5594 Carnot.,
1919 5528 2126 5583 Tlteod.

559 5604 613 5665 ct
640 5596 746 5650 duo
773 5599 976 5665 priores
1005 5596 1235 5660 Gemet.,
1266 5599 1453 5665 quibus
1482 5600 1766 5652 concinunt
1806 5609 1912 5653 vet.
1950 5601 2047 5654 Ed.
2077 5602 2129 5653 In

558 5664 718 5721 Gilot.
745 5664 797 5719 et
820 5666 1207 5721 recentioribus
1232 5668 1332 5735 leg.
1366 5669 1693 5721 exultatione.

634 5746 657 5775 ε
694 5736 808 5789 Duo
862 5738 1065 5804 priores
1095 5737 1272 5801 Genu,
1303 5740 1526 5789 tentavit.
1561 5738 1612 5788 In
1636 5738 1793 5793 'l‘rec.
1826 5747 1879 5795 et
1900 5740 2131 5800 caneris.

560 5808 856 5876 antputarit,
886 5823 1038 5877 quos,
1074 5808 1197 5862 licet
1229 5823 1389 5877 aegre,
1418 5808 1709 5876 sequimur.

2243 4703 2308 4742 ex
2339 4687 2680 4755 simplicitate
2710 4696 3033 4754 torpescaot.

2321 4783 2390 4832 At
2426 4788 2610 4833 contra
2637 4780 2957 4834 admonendi
2987 4792 3109 4835 sunt
3138 4782 3350 4850 impuri,
3380 4792 3436 4836 ut
3464 4798 3629 4852 quam
3652 4781 3818 4852 gravis

2247 4868 2335 4933 sit,
2371 4884 2528 4937 quem
2579 4884 2699 4922 cum
2749 4869 2902 4938 culpa
2955 4872 3251 4938 sustinent,
3290 4874 3624 4943 duplicitatis
3679 4876 3817 4929 labor

2245 4968 2561 5027 agnoscant.
2592 4960 2723 5013 Dum
2766 4962 2909 5015 enim
2955 4963 3284 5031 deprehendi
3316 4975 3585 5029 metuunt,
3614 4978 3817 5031 semper

2248 5050 2516 5118 itnprobas
2539 5048 2878 5107 defensiones
2908 5064 3179 5122 quarrunt,
3204 5070 3416 5123 semper
3447 5056 3655 5124 pavidis
3700 5070 3816 5109 sus-

2247 5142 2544 5213 picionibus
2572 5145 2861 5212 agitantur.
2890 5144 2972 5199 Nil
3001 5156 3178 5200 autem
3210 5157 3291 5201 est
3326 5147 3393 5200 ad
3422 5146 3810 5204 defendendum

2249 5234 2474 5300 puritate
2498 5236 2681 5299 tutius,
2702 5236 2776 5289 nil
2796 5236 2860 5289 ad
2880 5236 3160 5292 dicendum
3186 5238 3406 5292 veritate
3436 5238 3661 5295 facilius.
3687 5237 3810 5292 Nam

2248 5327 2371 5381 dum
2408 5325 2427 5365 ῐ
2461 5326 2720 5382 fallaciam
2747 5342 2896 5383 suam
2938 5329 3072 5384 tueri
3102 5329 3326 5400 cogitur,
3360 5331 3493 5386 duro
3514 5348 3609 5386 cor
3639 5332 3809 5385 labore

2308 5455 2336 5495 ἀ
2370 5459 2529 5513 Iidem
2557 5457 2791 5527 Gemet.,
2824 5464 3044 5515 lacessit.

2314 5539 2335 5565 ο
2367 5528 2551 5595 Corb.,
2584 5531 2831 5596 Caruot.,
2865 5533 3033 5595 lli-Iv"
3079 5531 3357 5599 Rothom.,
3404 5534 3605 5601 primus
3650 5530 3804 5593 Aud.,

2243 5600 2391 5669 l.yr.,
2421 5618 2510 5673 per
2539 5603 3001 5673 prudentiantinovi
3028 5602 3265 5673 calleant.
3295 5602 3805 5673 Longip.,perprud.

2244 5686 2371 5722 nova
2403 5672 2505 5722 cal.
2533 5673 2818 5737 Sequimur
2846 5671 3027 5737 ΤΙ-θα,
3051 5672 3283 5737 GemeL,
3314 5684 3420 5728 etc.

2321 5739 2336 5777 ί
2374 5740 2584 5801 Excusi,
2607 5751 2726 5793 ante
2745 5740 2925 5800 Guss.,
2960 5742 3262 5803 falsitatem,
3287 5744 3667 5798 reluctantibus
3687 5739 3802 5793 Mss.

2241 5812 2472 5880 Anglic.,
2494 5810 2673 5875 Trcc.,
2701 5810 2905 5881 Nurun,
2934 5823 3039 5866 ctc.
3079 5811 3232 5879 lbid.,
3268 5816 3318 5867 iu
3357 5813 3514 5870 Gnss.
3545 5823 3600 5869 et
3628 5813 3779 5881 pluris
