4014 6340
148 273 198 328 ῖὸ

985 279 1286 333 ιιΕιλυΙλΕ
1333 281 1755 334 PASTOIlAHS

1880 282 2021 332 ‘llCll.
2064 312 2131 321 —
2167 281 2340 334 l‘AllS
2382 281 2655 335 TERTIA.
3376 287 3444 339 (:6

170 394 401 461 litigatur.
434 390 587 444 llinc
613 406 859 457 namque
881 393 1130 459 sciipium
1164 406 1271 446 est;
1307 393 1469 447 Labor
1496 395 1754 446 labinrmn
1789 402 1833 455 Α
1863 397 2209 449 sermocinari
2269 398 2498 461 dicitur;
2557 399 2676 466 quia
2733 399 2799 451 de
2860 415 3108 467 Superms
3174 408 3447 473 mysteriis

172 489 373 551 ipsorum
428 482 633 549 aperiet
689 499 780 534 eos
828 480 1246 550 (l’sachxxtx,
1297 486 1407 553 ω).
1460 486 1560 552 Qui
1615 488 1756 539 cnim

174 584 341 627 'uunc
370 573 593 638 implet,
620 582 755 626 tunc
785 575 979 641 operit,
1007 576 1127 641 quia
1152 575 1305 642 cujus
1350 592 1492 629 nunc
1523 578 1756 630 animum

170 683 253 731 per
275 666 529 719 blandam
560 665 995 732 inquietudinem
1026 668 1222 729 exerit,
1254 678 1377 721 tmte
1399 683 1495 735 per
1514 683 1757 735 asperam

165 758 570 811 retributionem
616 757 833 824 premit.
874 757 1010 811 Illuc
1041 772 1132 823 per
1179 758 1467 811 Jeremiam
1520 760 1755 812 dicitur:

166 850 462 900 ﬂoruerant
494 850 727 915 linguam
758 862 907 898 suam
933 848 1071 915 loqui
1112 850 1459 911 mendacium,
1487 860 1539 900 ut
1585 850 1763 917 inique

160 948 364 1007 agerent
388 938 759 990 laboraverunt
792 935 1009 1004 (Jerem.
1038 952 1112 1000 ix,
1146 936 1223 1004 ii).
1247 940 1321 990 Ac
1340 941 1383 991 si
1408 949 1591 1005 aperte
1622 941 1759 992 dice-

162 1040 316 1084 retur
348 1047 363 1082 :
396 1029 501 1094 Qui
524 1028 684 1080 amici
713 1042 836 1079 esse
868 1027 1104 1080 veritatis
1130 1028 1247 1080 sine
1282 1027 1467 1081 labore
1492 1036 1761 1095 poterant,

158 1130 214 1175 ut
267 1132 501 1189 peccent
526 1120 815 1179 laborant;
857 1132 1086 1187 cumque
1115 1117 1296 1172 vivere
1338 1119 1651 1185 simpliciter
1682 1135 1765 1171 τρ-

160 1222 362 1275 nuunt,
390 1211 661 1263 laboribus
691 1206 719 1246 ι’
750 1211 972 1277 exigunt
1028 1219 1083 1262 ut
1115 1210 1432 1264 moriantur.
1464 1211 1594 1263 Nam
1649 1211 1762 1278 ple-

161 1318 394 1370 rumque
422 1303 474 1355 in
506 1303 662 1368 culpa
709 1302 1056 1368 deprehensi,
1085 1301 1211 1354 dum
1244 1303 1428 1370 quales
1479 1302 1589 1355 sint
1622 1313 1644 1340 "-
1674 1317 1765 1356 c0-

161 1396 349 1461 gnosci
384 1395 675 1457 refugiunt,
706 1409 827 1447 sese
853 1394 951 1446 sub
999 1392 1225 1447 lallacize
1249 1393 1508 1447 velamine
1535 1394 1763 1446 abscon-

162 1488 319 1547 dunt,
340 1495 395 1539 et
421 1485 524 1537 hoc
542 1484 684 1553 quod
708 1483 1218 1551 peccant,quodque
1246 1485 1352 1552 jam
1377 1493 1560 1551 aperte
1586 1485 1763 1537 cerni-

174 1587 281 1635 tur,
320 1588 588 1627 excusare
625 1572 952 1635 moliuntur;
987 1573 1057 1625 ita
1103 1583 1158 1625 ut
1200 1588 1340 1639 swpe
1372 1574 1413 1625 is
1458 1574 1546 1639 eui
1580 1588 1763 1626 eorum

166 1667 353 1731 culpas
370 1663 656 1731 corripere
680 1666 880 1727 studet,
907 1679 1137 1729 asperso
1165 1663 1413 1716 falsitatis
1443 1664 1651 1716 nehulis
1682 1679 1767 1715 se-

1865 486 2073 539 illorum
2146 496 2350 540 utentes
2402 488 2553 541 radio
2598 502 2709 540 sum
2768 490 3087 545 visitationis
3158 493 3441 559 illuminat,

1863 592 1996 642 quos
2045 577 2189 627 nulla
2238 578 2422 629 umbra
2455 578 2782 644 duplicitatis
2822 581 3091 632 obscurat.
3132 582 3223 633 l-Ist
3267 593 3443 638 autem

1863 665 2096 730 speciale
2139 665 2430 732 duplicimu
2490 668 2730 729 malum,
2765 669 2883 733 quia
2914 669 3039 721 dum
3092 685 3340 736 perversa
3393 686 3447 725 et

1863 756 2059 822 duplici
2109 770 2318 809 actione
2368 770 2591 810 caeteros
2639 758 2866 821 fallunt,
2905 760 3054 826 quasi
3112 764 3447 821 prmstantius

1864 847 2071 898 ueteris
2141 848 2431 913 prudentes
2493 864 2550 901 se
2614 864 2733 901 esse
2807 850 3146 917 gloriantur;
3204 864 3259 907 et
3326 858 3449 924 quia

1865 935 2260 988 districtioneni
2296 938 2658 991 l't'll‘lllllliOIIlS
2687 954 2789 991 non
2820 940 3181 1007 considerant,
3212 944 3279 996 de
3302 945 3450 998 datu—

1866 1027 1950 1079 nis
1971 1027 2079 1078 suis
2098 1028 2273 1079 miseri
2300 1029 2591 1081 exsultant.
2614 1032 2843 1082 Audiant
2866 1040 3041 1084 autem
3068 1035 3333 1100 quomodo
3362 1050 3447 1089 su-

1872 1131 1963 1181 per
1988 1116 2108 1167 illos
2142 1118 2394 1183 propheta
2420 1116 2721 1184 Sophouias
2755 1120 2860 1171 vim
2886 1121 3079 1174 divina:
3105 1124 3460 1180 animadver-.

1870 1209 2037 1261 sionis
2063 1210 2324 1270 intendat,
2351 1209 2534 1261 dicens
2572 1228 2582 1261 ε
2620 1207 2753 1262 Ecce
2781 1212 2887 1263 dies
2918 1211 3122 1265 Domini
3169 1218 3302 1267 venit
3344 1233 3452 1269 ma-

1868 1316 1997 1367 gnus
2022 1310 2069 1351 ct
2102 1302 2381 1361 liviriiilis,
2417 1302 2521 1351 dies
2570 1302 2658 1353 ira!
2687 1301 2795 1353 dies
2840 1301 2955 1364 illa,
2990 1304 3094 1355 d.‘es
3133 1308 3451 1360 tenebrarum

1868 1402 1912 1443 et
1944 1393 2193 1460 caliginis,
2226 1392 2259 1442 d
2282 1408 2332 1443 es
2358 1392 2556 1444 nebulw
2580 1404 2625 1443 et
2657 1394 2891 1459 turbinis,
2922 1395 3028 1447 dies
3054 1398 3187 1447 lubw
3207 1408 3255 1449 et
3299 1400 3444 1449 clan-

1869 1483 2005 1551 goris
2031 1499 2182 1545 super
2210 1500 2382 1534 omnes
2413 1484 2594 1534 civitati
2611 1500 2633 1536 δ
2656 1486 2897 1546 munitas,
2922 1494 2969 1535 et
2986 1503 3135 1554 super
3157 1504 3327 1540 omne:
3357 1506 3452 1542 an-

1869 1574 2014 1640 gulos
2028 1574 2252 1625 excelsos
2273 1572 2459 1639 (δορὴ.
2487 1588 2520 1634 ι,
2544 1572 2627 1636 14,
2646 1573 2755 1642 lii).
2775 1575 2910 1637 Quid
2931 1576 3071 1628 enim
3100 1593 3192 1643 per
3212 1579 3449 1633 civitates

1874 1665 2103 1716 munitas
2126 1663 2470 1730 expiimitur,
2497 1665 2594 1716 nisi
2639 1678 2900 1732 suspecta:
2948 1678 3152 1721 mentes
3179 1680 3231 1721 et
3283 1672 3449 1723 lallaci

170 1759 387 1816 ductus,
423 1770 563 1821 pene
584 1760 828 1807 atnisisse
858 1769 917 1806 se
952 1756 1125 1806 videat
1155 1754 1296 1821 quod
1328 1757 1394 1808 de
1421 1759 1500 1809 eis
1530 1758 1631 1820 iam
1657 1771 1770 1808 cer-
1808 1768 1849 1824 Β
1878 1768 2091 1821 semper
2120 1754 2432 1806 defensione
2484 1753 2849 1821 circumdatae,
2884 1772 3001 1823 quae
3033 1759 3242 1824 quoties
3270 1775 3451 1812 ρίιιιιιιι

169 1858 279 1899 tum
315 1847 559 1901 tenebat.
595 1847 743 1901 Unde
776 1861 917 1899 teClt:
946 1848 1043 1899 sub
1079 1848 1275 1902 JUdiBtl:
1306 1851 1484 1916 specie
1532 1866 1623 1917 per
1653 1866 1773 1918 pto-

172 1938 386 2005 pbetam
412 1946 606 1992 contra
632 1949 943 2006 peccantem
970 1957 1204 1993 auinam
1226 1954 1679 2011 exetisantemque
1694 1960 1770 2008 se,

168 2031 409 2084 dicitur:
446 2029 532 2083 Ibi
564 2032 744 2083 habuit
790 2035 987 2100 foveam
1031 2034 1220 2086 ericius
1259 2033 1417 2101 (Iani.
1451 2051 1631 2100 xxxiv,
1662 2037 1769 2103 15).

182 2123 339 2175 Ericii
369 2125 573 2191 quippe
603 2123 819 2175 nomine
843 2124 1061 2189 impurte
1087 2126 1285 2176 tuentis
1320 2141 1546 2192 seseque
1585 2127 1774 2179 callide

173 2212 515 2266 defendentis
535 2212 825 2279 duplicitas
851 2213 1163 2279 dcs’ignatur
1188 2229 1201 2277 ;
1235 2214 1359 2281 quia
1397 2216 1642 2267 Vltit‘llCCl
1670 2216 1775 2269 eri-

176 2304 289 2354 cius
305 2316 425 2354 cum
442 2301 893 2368 apprehenditur,
918 2302 1034 2369 ejus
1053 2314 1109 2356 et
1134 2302 1417 2372 [ιιεςιψιιι
1431 2309 1688 2369 ccruitur,
1724 2317 1777 2360 et

178 2392 343 2457 pedes
358 2392 636 2455 videntur,
664 2401 719 2444 et
747 2408 944 2460 corpus
972 2408 1131 2446 omne
1156 2394 1626 2460 conspicimus-ed
1653 2411 1773 2449 mox

178 2489 237 2533 ut
259 2483 632 2549 apprehensus
658 2482 840 2544 fuerit,
874 2483 1221 2551 semetipsum
1249 2486 1300 2536 in
1325 2482 1347 2519 ά
1375 2487 1639 2551 splnrram
1668 2488 1777 2539 col-

177 2573 318 2641 ligit,
349 2574 515 2641 pedes
557 2575 827 2627 introrsus
870 2574 1156 2639 subtrahit,
1185 2585 1345 2642 caput
1395 2576 1693 2639 absentidit,
1725 2589 1777 2629 et

177 2672 317 2718 intra
346 2670 579 2719 tenentis
606 2681 798 2718 manus
835 2678 1001 2718 totum
1028 2667 1189 2718 simul
1212 2667 1496 2733 amittitur,
1529 2669 1669 2735 quod
1700 2680 1778 2720 to-

179 2766 288 2808 tum
318 2758 475 2809 simul
504 2766 631 2809 ante
665 2758 964 2809 videbatur.
989 2756 1079 2810 Sic
1139 2758 1413 2818 nimirum,
1446 2757 1522 2810 sic
1557 2761 1777 2824 impura:

180 2856 385 2901 mentes
419 2858 568 2912 sunt,
599 2864 725 2901 cum
757 2850 810 2901 in
835 2849 947 2900 suis
974 2848 1285 2903 excessibus
1308 2851 1778 2917 comprehendun-

182 2947 286 2990 tur.
317 2938 496 3006 Caput
542 2939 688 2992 enim
721 2940 873 2991 ericii
923 2939 1186 3003 cernitur,
1218 2942 1339 3007 quia
1371 2956 1476 3008 quo
1507 2941 1658 2993 iniiio
1712 2942 1777 2994 ad

180 3031 389 3096 culpam
427 3038 676 3095 peccator
706 3031 996 3082 accesserit
1019 3029 1250 3081 videtur.
1280 3029 1451 3082 Pedes
1477 3030 1626 3083 cricii
1652 3046 1780 3083 con-

1875 1846 2027 1912 culpa
2058 1846 2367 1913 corripitur,
2401 1845 2640 1898 veritatis
2680 1846 2743 1897 ad
2776 1863 2835 1899 se
2876 1847 3051 1915 jacu'a
3100 1865 3203 1901 non
3256 1852 3449 1903 admit-

1878 1937 2036 1988 tunt?
2103 1938 2161 1989 Et
2240 1938 2366 2005 quid
2446 1952 2541 2005 per
2599 1937 2845 1991 excelsos
2928 1940 3149 2004 angulos
3220 1942 3451 2008 (duplex

1876 2029 2070 2094 quippe
2111 2041 2324 2092 semper
2375 2036 2456 2079 est
2488 2028 2537 2078 in
2590 2028 2794 2094 angulis
2855 2030 3056 2098 paries)
3108 2031 3206 2082 nisi
3252 2033 3453 2097 impura

1877 2117 2037 2169 corda
2095 2118 2403 2185 signantur?
2452 2132 2570 2184 qua:
2618 2120 2742 2170 dum
2797 2123 3034 2171 veritatis
3064 2121 3454 2185 simplicitatem

1879 2207 2104 2271 fugiunt,
2139 2208 2203 2258 ad
2246 2206 2533 2274 semetipsa
2559 2208 2955 2275 quodammodo
2985 2204 3305 2274 dllllllCilalls
3342 2229 3456 2280 per-

1880 2297 2129 2348 \ersitute
2165 2299 2508 2362 replicantur,
2534 2311 2606 2361 et,
2640 2298 2779 2365 quod
2812 2308 2894 2352 est
2917 2301 3171 2365 deterius,
3202 2303 3335 2369 apud
3368 2318 3457 2356 co-

1876 2386 2164 2452 gitatiooes
2186 2402 2307 2439 suas
2338 2386 2389 2439 in
2418 2389 2556 2440 fastu
2605 2390 2900 2454 prudentia:
2948 2406 3014 2444 ex
3062 2393 3170 2459 ipsa
3221 2407 3280 2445 se
3307 2396 3457 2461 culpa

1881 2478 2203 2543 implllllllli-j
2227 2478 2504 2531 ettotlunt.
2538 2477 2667 2532 Dies
2694 2478 2854 2546 igitur
2878 2480 3087 2533 Domini
3109 2482 3355 2535 vindictzc
3376 2494 3459 2536 at-

1878 2586 1985 2638 que
2013 2571 2500 2624 animadversionis
2523 2570 2678 2638 plena
2707 2586 2868 2639 super
2896 2573 3133 2626 civitates
3151 2576 3382 2629 munitas
3409 2585 3462 2632 et

1887 2674 2048 2726 super
2069 2663 2311 2713 excelsos
2341 2662 2566 2729 angulos
2600 2665 2759 2723 venit,
2788 2662 2908 2729 quia
2944 2664 3019 2715 ira
3050 2668 3273 2716 extremi
3322 2666 3463 2732 judi-

1890 2748 1958 2799 cii
1994 2749 2219 2800 humana
2248 2748 2413 2801 corda
2442 2758 2496 2801 et
2540 2747 2943 2803 defensionibus
2974 2761 3155 2804 contra
3189 2754 3462 2807 veritatem

1887 2840 2067 2889 clausa
2100 2838 2357 2900 destruit,
2381 2848 2432 2889 et
2463 2838 2861 2905 duplicitatihus
2920 2843 3153 2894 involuta
3196 2844 3461 2898 dissolvit.

1881 2930 2029 2982 'l‘uuc
2079 2932 2219 2981 enim
2276 2931 2493 2981 munitae
2537 2931 2783 2982 civitates
2846 2933 3219 3001 cadunt,quia
3262 2946 3463 2990 mentes

1888 3020 1992 3072 lico
2022 3018 2037 3055 ί
2089 3020 2455 3087 impenetratze
2501 3020 2913 3074 damnabuntur.
2949 3022 3057 3091 [‘9
3083 3024 3231 3077 Tunc
3270 3028 3463 3083 excelsi

180 3122 505 3188 spiciuntur,
520 3123 639 3189 quia
665 3121 859 3188 quibus
882 3120 1118 3188 vestigiis
1138 3120 1372 3186 nequitia
1396 3124 1463 3172 sit
1483 3129 1771 3187 perpetrata

1884 3112 2063 3179 anguli
2106 3122 2385 3177 corruunt,
2413 3114 2534 3180 quia
2562 3116 2722 3166 corda
2758 3131 2871 3181 qua:
2904 3131 2962 3167 se
3007 3132 3101 3183 per
3144 3118 3463 3185 impuritatis

179 3213 552 3281 cognoscitur,
582 3223 634 3264 et
666 3222 843 3263 tamen
873 3210 1120 3263 adductis
1140 3220 1363 3277 repente
1410 3211 1771 3263 εχειιεδιίυιιι-

180 3303 524 3368 busimpura
555 3316 703 3353 meus
730 3306 992 3353 introrsus
1024 3301 1187 3367 pedes
1219 3301 1444 3369 colligit,
1470 3302 1591 3368 quia
1645 3317 1776 3354 cutt-

179 3403 261 3445 cta
295 3393 606 3460 iniquitatis
627 3405 734 3443 suae
762 3391 979 3459 vestigia
1020 3390 1322 3442 abscondit.
1347 3389 1521 3457 Caput
1569 3392 1777 3443 subtra-

181 3484 277 3548 hit,
307 3482 616 3553 quiamiris
637 3482 1045 3536 defensionibus
1067 3496 1163 3536 nec
1192 3483 1259 3535 int
1280 3482 1474 3537 hoasse
1496 3499 1555 3537 se
1581 3485 1776 3537 malum

180 3572 395 3641 aliquod
427 3571 681 3626 ostendit.
718 3574 777 3625 Et
808 3572 959 3641 quasi
988 3576 1198 3640 sphaera
1236 3574 1286 3624 in
1341 3588 1500 3625 manu
1546 3575 1778 3628 tenentis

184 3673 449 3727 remanet,
483 3662 609 3730 quia
642 3663 688 3715 is
727 3664 819 3729 qui
859 3663 1104 3729 corripit,
1136 3675 1327 3715 cuncta
1381 3678 1501 3730 qua:
1526 3664 1637 3731 jam
1687 3678 1779 3718 co-

182 3754 648 3823 guoveratsubito
672 3757 947 3814 amittens,
974 3754 1273 3806 involutum
1326 3752 1464 3807 intra
1493 3754 1779 3808 conscien-

184 3857 306 3896 tiam
341 3854 683 3912 peccatorem
716 3852 893 3907 tenet;
928 3852 985 3896 et
1004 3844 1093 3912 qui
1121 3852 1289 3897 totum
1339 3843 1449 3911 jam
1482 3844 1781 3911 deprehen-

179 3936 360 3987 uendo
394 3934 628 3993 viderat,
657 3935 1099 4001 tergiversatione
1148 3949 1325 4001 prava:
1355 3935 1682 3990 delensionis
1711 3937 1778 3990 il-

182 4026 333 4076 lusus
366 4036 541 4077 totum
574 4026 777 4091 pariter
802 4025 1033 4092 ignorat.
1065 4023 1300 4077 Foveam
1324 4038 1452 4090 ergo
1476 4024 1638 4077 habet
1675 4026 1781 4079 eri-

179 4117 293 4167 cius
340 4118 392 4166 in
423 4118 693 4183 reprobis,
728 4116 853 4182 quia
885 4123 907 4149 ε
939 4114 1224 4167 malitiosa:
1277 4113 1469 4168 tuentis
1495 4114 1780 4184 duplicitas

179 4218 299 4257 sese
329 4205 473 4257 intra
519 4219 579 4258 se
605 4206 867 4273 colligens
919 4206 1201 4259 abscondit
1234 4204 1287 4258 in
1321 4207 1560 4260 tenebris
1598 4208 1782 4262 delen-

179 4301 366 4351 εὲυιιιε.

250 4389 494 4441 Audiunt
542 4388 739 4456 impuri
770 4390 911 4456 quod
957 4389 1219 4457 scriptum
1252 4399 1334 4441 est
1361 4404 1374 4441 :
1407 4389 1505 4451 Qui
1552 4391 1779 4443 ambulat

1884 3203 2217 3267 prudentiam
2250 3206 2482 3271 erigunt,
2511 3218 2606 3270 per
2631 3204 2850 3271 iustitia:
2875 3205 3191 3258 sententiam
3223 3218 3463 3275 proster-

1880 3302 2096 3348 nuntur.

2273 3383 2498 3439 CAPUT
2526 3384 2615 3438 xu
2641 3384 2748 3457 [Αι.
2782 3386 2937 3439 XXX
2952 3386 3024 3439 Vl
3032 3388 3071 3457 j.

2029 3476 2294 3543 Quomodo
2320 3477 2627 3529 admonendi
2654 3486 2770 3529 sunt
2797 3478 3078 3531 incolumes
3108 3490 3154 3533 et
3181 3483 3327 3551 a’gri.

1956 3570 2277 3639 (Admonitio
2310 3568 2419 3637 15.)
2454 3568 2618 3620 Aliter
2647 3569 2964 3621 admonendi
2994 3580 3118 3623 sunt
3148 3573 3461 3639 incolumes,

1882 3669 2039 3728 atque
2069 3660 2225 3713 aliter
2253 3660 2401 3727 aegri.
2432 3660 2765 3711 Admonendi
2797 3668 2923 3711 sunt
2948 3662 3265 3729 incolumes,
3302 3675 3357 3717 ut
3381 3679 3464 3717 sa-

1883 3748 2048 3802 lutem
2080 3749 2321 3815 corporis
2361 3759 2647 3801 exerceant
2674 3749 2740 3800 ad
2777 3751 3004 3802 salutem
3042 3753 3271 3818 mimis;
3331 3771 3397 3809 ne
3420 3756 3465 3812 si

1885 3850 2121 3908 accepta:
2146 3840 2531 3892 incolumitatis
2561 3840 2785 3907 gratiam
2814 3844 2879 3894 ad
2914 3858 3064 3895 usum
3110 3848 3360 3913 nequitia:
3387 3849 3466 3900 iii-

1883 3934 2105 3997 clinent,
2156 3932 2297 3985 dono
2341 3932 2641 3985 deteriores
2696 3936 2853 3997 tiant;
2910 3945 2962 3987 et
3008 3950 3072 3987 eo
3128 3940 3465 4005 postmodum

1884 4022 2140 4090 supplicia
2167 4022 2419 4091 graviora
2454 4032 2790 4087 mereantur,
2840 4038 2944 4091 quo
2977 4041 3115 4079 nunc
3148 4030 3467 4097 largioribus

1885 4118 2037 4171 bonis
2089 4116 2182 4169 Dei
2222 4118 2359 4170 male
2415 4115 2489 4168 uti
2521 4130 2626 4169 non
2671 4127 2935 4170 metuunt.
2976 4119 3311 4174 Admonendi
3340 4132 3461 4178 sunt

1884 4210 2199 4272 incolumes,
2233 4222 2301 4261 ne
2341 4210 2792 4275 opportunitatem
2816 4208 3001 4261 salutis
3048 4210 3099 4262 in
3149 4223 3462 4279 perpetuum

1884 4299 2253 4367 promerendo:
2281 4298 2601 4365 despiciant.
2627 4297 2893 4367 Scriptum
2927 4315 3154 4368 namque
3182 4313 3266 4354 est
3290 4319 3302 4353 :
3337 4302 3465 4355 Ecce

1884 4408 2018 4444 nunc
2062 4401 2261 4458 tempus
2290 4388 2618 4456 acceptabile,
2671 4404 2782 4441 ecce
2838 4404 2975 4441 nunc
3022 4389 3128 4442 dies
3158 4392 3336 4445 salutis
3377 4392 3461 4461 (Il

179 4478 521 4546 simpliciter,
551 4479 779 4529 ambulat
808 4480 1125 4545 confidenter
1159 4479 1345 4546 (I’ror.
1372 4496 1422 4543 ιι,
1456 4482 1535 4549 9).
1563 4481 1775 4535 Fiducia
1808 4497 1857 4555 ο
1883 4485 2002 4540 Cor.
2031 4501 2104 4550 vr,
2128 4485 2208 4555 ‘2).
2242 4484 2582 4539 Admonendi
2612 4495 2737 4539 sunt
2776 4499 2841 4539 ne
2871 4486 3080 4554 placere
3114 4488 3222 4541 Deo
3267 4491 3310 4542 si
3341 4505 3461 4543 cum

181 4572 379 4637 quippe
408 4585 617 4638 magnae
648 4571 951 4624 securitatis
974 4571 1383 4639 estsimplicitas
1408 4575 1650 4627 actionis.
1670 4576 1777 4627 Au-

182 4664 335 4714 diani
365 4665 511 4730 quod
543 4664 803 4731 sapientis
822 4677 917 4717 ore
942 4663 1175 4717 dicitur:
1209 4663 1437 4728 Spiritus
1464 4677 1667 4717 sanctus
1697 4667 1776 4717 di-

181 4754 418 4820 sciplina:
464 4753 674 4821 e/Tugiet
726 4754 901 4819 ﬁctum
944 4753 1101 4822 (Sup.
1132 4770 1169 4819 ι,
1206 4752 1284 4820 5).
1339 4754 1572 4808 Audiaut
1627 4757 1768 4825 quod

185 4845 465 4909 Scriptura
499 4860 713 4897 rursum
739 4854 872 4898 teste
901 4846 1246 4913 perhibetur:
1281 4843 1410 4898 Cum
1460 4847 1777 4914 simplicibus

182 4936 548 4986 sermocinatio
568 4935 683 5001 ejus
710 4932 893 5001 (Prov.
926 4950 1003 4999 Ill,
1028 4936 1145 5004 52).
1177 4935 1285 4989 Deo
1333 4937 1475 4989 enim
1523 4940 1776 4992 sermoci-

185 5027 326 5091 nari,
350 5037 435 5079 est
457 5042 555 5096 per
585 5029 995 5082 illustrationem
1026 5043 1139 5081 sua:
1185 5029 1484 5095 przcsentice
1532 5032 1778 5084 humanis

184 5120 459 5174 mentibus
510 5133 702 5171 arcana
736 5122 995 5173 revelare.
1022 5118 1155 5173 Cum
1211 5119 1550 5187 simplicibus
1614 5122 1775 5189 igitur

183 5314 281 5363 que
316 5298 567 5357 Excusis,
600 5308 813 5350 conatur
852 5299 932 5349 vel
965 5308 1233 5359 conantur,
1268 5312 1364 5365 pro
1394 5297 1771 5365 cogitur,quod

187 5370 347 5422 itasz
375 5370 426 5419 in
460 5372 644 5429 Cori»,
670 5369 847 5431 'I'rcc.,
876 5370 1063 5429 Laud.,
1092 5379 1197 5421 etc.

253 5448 280 5476 ι
304 5442 555 5505 Quinque
587 5440 819 5506 Anglic,
848 5453 982 5491 nunc
1013 5440 1264 5507 implicat,
1297 5437 1444 5490 nullo
1482 5452 1545 5489 ex
1579 5438 1774 5492 nostris

185 5518 575 5562 consentiente.
1214 5518 1215 5521 ‘

252 5576 281 5616 δ
308 5578 504 5647 Corn,
539 5578 682 5631 Belv.
713 5586 769 5630 et
808 5578 1074 5633 secundos
1125 5576 1310 5640 Carm,
1334 5578 1643 5647 exiguntur;
1690 5593 1772 5635 se.

184 5650 401 5717 quimur
425 5646 577 5701 Troes
612 5658 665 5701 et
690 5660 931 5703 «cteros.

254 5729 278 5758 ε
302 5719 485 5781 Trec.,
518 5718 734 5773 Caruot.
756 5729 808 5774 et
842 5720 1074 5783 Itclvac.,
1106 5734 1402 5787 cognoscere
1425 5723 1659 5780 prium.

1887 4587 2113 4646 possunt
2151 4577 2442 4639 noluerint,
2469 4591 2589 4629 cum
2619 4576 2883 4629 voluerint
2934 4592 3056 4629 sero
3084 4592 3188 4629 non
3237 4580 3463 4645 possint.

1883 4666 2019 4719 lliuc
2040 4674 2122 4718 est
2153 4667 2296 4718 enim
2332 4664 2472 4732 quod
2491 4680 2583 4716 eos
2614 4673 2733 4729 post
2760 4662 3015 4730 sapientia
3046 4664 3278 4725 deserit,
3330 4681 3465 4732 quos

1882 4758 2029 4825 prius
2051 4756 2249 4809 diutius
2286 4761 2573 4808 renuentes
2599 4753 2825 4817 vocavit,
2878 4752 3065 4805 dicens
3101 4770 3113 4804 :
3167 4751 3372 4821 Vocnvi,
3420 4764 3464 4807 et

1882 4847 2161 4909 renuistis;
2200 4845 2403 4898 extendi
2426 4860 2631 4895 manum
2660 4858 2840 4907 meam,
2876 4851 2919 4896 et
2943 4860 3043 4895 non
3071 4843 3168 4913 fuit
3198 4845 3284 4913 qui
3325 4849 3464 4915 aspi-

1886 4949 2051 5003 ceret;
2083 4938 2384 5005 despexistis
2406 4952 2553 4990 omne
2578 4937 2847 4990 consilium
2873 4953 3056 5000 uicum,
3086 4948 3128 4988 et
3158 4938 3466 5002 increpatio-

1888 5053 1971 5089 nes
1995 5051 2129 5088 mens
2159 5034 2488 5106 neglexistis;
2538 5048 2629 5104 ego
2658 5048 2854 5101 quoque
2880 5034 2928 5084 in
2960 5035 3166 5085 ivteritu
3197 5044 3357 5086 vestro
3398 5036 3468 5085 ri-

1889 5128 2036 5191 debo,
2070 5135 2115 5178 et
2145 5125 2488 5185 subsannabo,
2514 5140 2626 5176 cum
2654 5123 2789 5176 t'obis
2810 5128 2946 5190 quod
2974 5128 3223 5178 tiiuebatis
3258 5128 3467 5178 advene'

1946 5295 1973 5334 ἀ
2004 5299 2186 5363 Trec.,
2218 5298 2413 5351 Bellov.
2444 5306 2501 5349 et
2545 5296 2630 5348 alii
2674 5304 2889 5355 vetust.,
2927 5313 3146 5365 operam.
3180 5298 3265 5352 Sic
3297 5293 3455 5350 scribi

1875 5370 2126 5433 apha’ram
2151 5372 2199 5420 in
2235 5366 2619 5433 antiquioribus
2643 5368 2808 5419 Codd.
2837 5372 2942 5431 jam
2968 5369 3388 5421 observavimus.

1954 5447 1976 5508 ς
2010 5439 2217 5491 Primus
2246 5440 2333 5490 Cat
2352 5448 2488 5498 not.,
2522 5438 2776 5508 malitiosa
2803 5456 2939 5489 im’ns
2967 5439 3242 5508 duplicato.

1955 5506 1974 5544 ί
2002 5509 2073 5561 lla
2105 5509 2285 5568 Trec.,
2316 5508 2561 5561 Rutheni.
2588 5520 2638 5560 et
2665 5509 2735 5559 al.
2765 5507 2948 5561 Norm.
2977 5506 3043 5559 Inv
3066 5513 3221 5562 lvi‘liti
3246 5510 3459 5561 Carnot.

1883 5579 2104 5645 legitur,
2128 5581 2513 5649 iiiipwnitcittes.
2541 5577 2596 5632 in
2640 5580 2883 5633 οιιιιιὶὺιιτ
2920 5580 2952 5631 Γ.
2975 5597 3027 5630 rc
3076 5582 3260 5639 liquis,
3289 5592 3467 5643 sitspe-

1879 5660 1990 5701 σιω.
