4014 6312
184 274 237 327 69
1014 250 1307 313 REGULAE
1353 246 1784 306 rasronaus
1823 243 2046 300 LIBER.
2088 275 2154 284 —
2200 245 2372 300 rans
2418 244 2687 299 Territa.
3381 249 3448 300 τυ

176 401 299 445 tam,
321 382 459 450 quod
478 381 534 433 in
565 378 794 431 hominis
828 390 945 429 voce
973 376 1182 442 loquens
1212 369 1470 438 prohibuit
1499 366 1765 433 praplieta:
1793 362 1843 421 Α

178 474 517 544 hsipientiam
544 468 636 537 (II
674 468 819 523 Petr.
854 482 912 531 tt,
937 464 1047 524 l5).
1082 463 1301 517 Insanus
1328 462 1524 529 quippe
1557 460 1715 511 humo
1736 472 1762 506 a

175 562 439 633 subjugali
459 571 614 615 muto
648 559 960 628 corripitur,
1009 555 1221 624 quando
1242 554 1381 607 elata
1410 566 1563 605 mens
1594 549 1768 602 humi-

173 656 339 711 litatis
366 656 575 709 bonum
600 651 744 719 quod
796 659 981 703 tenere
1026 648 1220 701 debeat
1258 644 1326 697 ab
1373 642 1573 696 afﬂicta
1606 654 1768 692 carne

176 757 540 802 memoratur.
588 740 699 798 Sed
742 739 900 809 hujus
928 735 1281 805 correptionis
1326 734 1526 786 donum
1567 729 1768 782 idcirco

182 838 401 893 Balaam
430 850 540 888 non
573 832 828 892 obtinuit,
872 830 996 898 quia
1051 828 1117 881 ad
1164 823 1590 880 maledicendum
1644 835 1767 889 per-

173 943 328 997 gens.
356 940 574 989 vocem,
602 939 707 977 non
735 931 969 975 mentem
998 918 1243 973 mutavit.
1285 912 1623 969 Admonendi
1644 921 1768 965 sunt

173 1019 307 1089 agri
330 1028 393 1072 ut
437 1015 783 1072 considerent
803 1011 988 1080 quanti
1010 1010 1080 1064 sit
1106 1008 1344 1063 muneris
1374 1004 1616 1059 molestia
1647 1017 1769 1057 cor-

178 1108 415 1177 poralis,
455 1120 572 1174 qua
592 1114 647 1156 et
672 1102 906 1156 admissa
934 1107 1149 1168 peccata
1172 1096 1348 1161 diluit,
1381 1105 1512 1148 etea
1536 1109 1652 1162 quae
1675 1093 1769 1145 ad-

172 1198 316 1252 mitti
358 1204 597 1264 pulerant
633 1192 961 1260 compescit;
994 1204 1114 1258 quae
1145 1200 1352 1252 sumpta
1382 1186 1451 1238 ab
1478 1183 1765 1239 exteriori-

174 1289 276 1339 bus
305 1287 501 1353 plagis,
528 1298 806 1338 concussa:
838 1282 1002 1335 menti
1030 1280 1357 1348 pauitantia:
1381 1279 1595 1331 vulnera
1626 1276 1768 1331 inﬂi-

172 1380 269 1447 git.
297 1376 454 1431 Unde
470 1376 728 1443 scriptum
757 1383 837 1426 est
857 1392 870 1425 :
890 1372 1044 1425 Livor
1068 1372 1290 1425 vulneris
1312 1370 1551 1440 abstergit
1568 1372 1723 1435 mala,
1742 1378 1768 1405 ⁸

174 1481 219 1520 et
248 1467 497 1536 plagaia
527 1465 885 1518 secretioribus
916 1466 1103 1517 reatris
1131 1461 1316 1531 (Prov.
1352 1477 1442 1523 xx,
1474 1461 1587 1517 50).
1634 1461 1769 1515 Mala

175 1561 319 1612 enim
352 1558 492 1611 livor
523 1556 760 1610 vulneris
782 1555 1059 1623 abstergit,
1110 1555 1231 1621 quia
1262 1552 1591 1622 ﬂagellorum
1617 1551 1771 1604 dolor

176 1652 259 1705 vel
292 1650 584 1718 cogitatas,
620 1648 703 1703 vel
733 1655 1065 1715 perpetratas
1096 1647 1358 1712 nequitias
1394 1644 1571 1698 diluit.
1622 1644 1771 1699 Solet

2250 359 2476 416 CAPUT
2506 360 2619 414 xm
2667 358 2773 429 [Αι.
2804 356 3070 428 XXXVII;

1941 473 2208 537 Quomodo
2230 473 2543 525 admonendi
2581 472 2669 540 qui
2700 469 2909 541 ﬂagella
2938 478 3187 535 metuunt,
3211 480 3261 524 et
3289 471 3379 537 qui

2486 548 2834 595 contemnunt.

1943 640 2258 709 (Admoniiio
2284 639 2396 707 Μ.)
2425 640 2590 693 Aliter
2628 638 2948 694 admonendi
2980 646 3104 692 sunt
3124 638 3211 706 qui
3238 636 3449 707 ﬂagella

1870 741 2134 792 metuunt,
2168 732 2275 801 52
2306 741 2357 784 et
2386 740 2659 798 propterea
2689 731 3003 784 innocenter
3031 728 3208 782 vivunt
3235 743 3251 791 ;
3291 738 3452 796 atque

1868 821 2022 874 aliter
2050 820 2373 875 admonendi
2407 830 2549 880 sunt,
2596 822 2685 886 qui
2716 821 2793 875 sic
2843 822 2893 875 in
2949 821 3229 891 iniquitate
3251 819 3454 875 durue-

1869 926 2016 980 rnnt,
2075 925 2133 969 ut
2184 932 2356 983 neque
2390 932 2486 985 per
2513 917 2721 985 ﬂagella
2751 917 3109 987 corrigantur.
3162 916 3454 971 Dicendum

1871 1021 2105 1075 namque
2132 1016 2211 1060 est
2244 1006 2449 1075 ﬂagella
2486 1008 2816 1071 timentibus,
2848 1017 2903 1059 ut
2941 1017 2992 1061 et
3022 1008 3158 1060 bona
3188 1016 3456 1075 tempora-

1873 1097 1938 1150 lia
1973 1113 2311 1167 nequaquam
2344 1114 2439 1167 pro
2487 1115 2684 1169 magno
2713 1100 3045 1165 desiderent,
3097 1116 3216 1169 quae
3269 1100 3453 1155 adesse

1870 1189 2032 1243 etiam
2064 1191 2240 1256 pravis
2272 1191 2486 1255 vident;
2543 1200 2597 1244 ct
2636 1191 2770 1244 mala
2805 1192 3084 1255 pra-sentin
3117 1206 3455 1260 nequaquam

1871 1280 2016 1331 velut
2049 1279 2403 1332 intolerabilia
2460 1280 2678 1348 fugiant,
2737 1280 2929 1349 quibus
2990 1281 3075 1334 hic
3137 1280 3448 1349 plerumque

1871 1368 2030 1422 etiam
2061 1369 2236 1423 bonos
2257 1369 2395 1423 allici
2421 1386 2523 1423 non
2569 1373 2837 1438 ignorant.
2888 1370 3224 1424 Admonendi
3251 1379 3373 1424 sunt
3399 1376 3458 1423 ut

1872 1460 1914 1512 si
1950 1461 2102 1512 malis
2129 1460 2394 1513 veraciter
2419 1475 2608 1514 carere
2654 1460 2986 1527 desiderant,
3020 1470 3218 1514 eterna
3247 1459 3457 1528 suppli-

1872 1547 1951 1601 cia
1984 1548 2418 1613 perhorrescant,
2449 1565 2621 1618 neque
2645 1550 2696 1603 in
2729 1551 2827 1604 hoc
2846 1551 3230 1618 suppliciorum
3262 1551 3457 1605 timore

1877 1650 2209 1704 remaneant,
2264 1642 2358 1694 sed
2389 1641 2454 1694 ad
2487 1643 2687 1695 amoris
2720 1643 2941 1711 gratiam
2980 1642 3304 1695 nutrimento
3329 1643 3456 1697 cha-

178 1758 304 1795 vero
364 1742 574 1796 ventris
628 1740 985 1809 appellatione
1016 1753 1166 1793 mens
1220 1735 1418 1802 accipi;
1470 1740 1592 1805 quia
1634 1738 1771 1790 sicut
1806 1721 1850 1778 Β
1879 1731 2050 1785 ritatis
2105 1747 2374 1787 excrescat
2400 1742 2438 1786 t.
2495 1732 2762 1802 Scriptum
2800 1736 2997 1801 quippe
3040 1743 3165 1789 est:
3221 1732 3455 1803 Perfecta

180 1843 369 1887 venter
395 1831 673 1886 consumit
700 1844 883 1894 escas,
915 1827 985 1881 ita
1016 1843 1166 1881 mens
1210 1826 1584 1895 pertractando
1610 1841 1770 1879 erro-

178 1922 292 1988 quit
312 1932 495 1971 curas.
531 1914 665 1982 Quia
714 1915 859 1969 enim
888 1922 1078 1967 venter
1114 1928 1266 1965 mens
1297 1912 1514 1977 dicitur,
1558 1927 1620 1965 ea
1652 1927 1767 1965 sen-

183 2010 345 2062 teut-ia
369 2009 601 2061 docetur
651 2021 753 2075 qua
800 2005 1056 2073 scriptum
1114 2010 1240 2057 est:
1300 2001 1535 2055 Lucerna
1567 2002 1772 2055 Domini

181 2100 499 2167 spiraculum
550 2097 771 2149 hominis
797 2139 813 2163 ,
870 2111 986 2165 qua:
1037 2094 1308 2164 investigat
1361 2094 1535 2146 omnia
1577 2102 1770 2146 secreta

184 2191 368 2245 ventris
394 2188 610 2258 (Ibid.).
662 2190 738 2242 Ac
766 2187 809 2241 si
842 2186 1047 2240 diceret
1076 2201 1092 2240 :
1126 2185 1298 2238 Divini
1323 2182 1534 2237 afﬂatus
1573 2183 1772 2236 illumi-

191 2285 358 2346 natio,
379 2296 505 2335 eum
533 2281 585 2332 in
612 2288 843 2332 mentem
870 2276 1100 2331 hominis
1128 2278 1353 2339 venerit,
1383 2290 1500 2329 cam
1527 2275 1771 2327 sibimet-

190 2373 287 2437 ipsi
342 2372 651 2425 illuminans
694 2368 951 2429 ostendit.
1005 2382 1125 2434 qua;
1167 2379 1293 2421 ante
1336 2366 1564 2435 Spiritus
1598 2366 1767 2419 sancti

184 2463 471 2516 adventum
506 2460 861 2530 Cogitationes
892 2472 1091 2525 pravas
1118 2468 1172 2512 et
1204 2467 1417 2525 portare
1450 2465 1675 2525 poterat,
1718 2466 1771 2511 et

186 2566 417 2619 pensare
467 2547 766 2604 nesciebat.
843 2548 1002 2602 Livor
1048 2562 1175 2617 ergo
1227 2547 1464 2601 vulneris
1517 2547 1773 2615 abstergit

184 2643 351 2704 mala,
380 2652 433 2695 et
457 2643 626 2710 plaga:
676 2640 729 2693 in
781 2639 1163 2694 secretioribus
1194 2638 1427 2701 ventris;
1480 2642 1602 2705 quia
1649 2654 1770 2693 cum

182 2732 455 2787 eaterius‘
491 2732 868 2800 percutimur,
940 2730 1007 2783 ad
1058 2739 1398 2798 peccatorum
1468 2740 1771 2783 nostrorum

186 2823 503 2876 memoriam
542 2822 685 2876 taciti
724 2821 1014 2887 afﬂictique
1070 2835 1417 2886 revocamur,
1463 2831 1621 2888 atque
1651 2829 1776 2873 ante

188 2913 366 2965 oculos
390 2924 609 2967 nostros
656 2923 852 2966 cuncta
882 2927 1000 2979 qua:
1033 2927 1061 2965 a
1112 2912 1267 2965 nobis
1296 2923 1418 2963 sunt
1449 2913 1587 2964 male
1628 2920 1773 2979 gesta

189 3005 513 3067 reducimus,
562 3014 615 3058 et
671 3019 767 3071 per
814 3006 915 3059 hoc
946 3004 1083 3074 quod
1120 3003 1250 3057 foris
1280 3002 1545 3071 patimur,
1606 3005 1773 3073 magis

190 3093 329 3147 intus
360 3096 504 3163 quod
540 3070 756 3149 iecimus
776 3070 1043 3152 dolemus.
1088 3096 1242 3151 Unde
1267 3070 1323 3149 lit
1346 3109 1398 3149 ut
1423 3095 1566 3149 inter
1589 3070 1772 3163 apeita
1800 3070 1848 3133 θ

195 3190 417 3241 volnera
451 3191 693 3254 corporis
742 3190 971 3259 amplius
1013 3204 1110 3243 nos
1158 3190 1336 3244 abluat
1366 3190 1516 3257 plaga
1568 3198 1774 3243 secreta

191 3284 425 3344 ventris,
471 3284 595 3349 quia
639 3293 790 3338 sanat
824 3283 1090 3353 nequitias
1120 3283 1268 3352 pravi
1299 3284 1477 3351 operis
1505 3282 1775 3336 occultum

192 3376 394 3427 vulnus
420 3373 644 3427 doloris.

261 3466 609 3517 Admonendi
633 3473 754 3517 sunt
781 3465 907 3528 κατί
940 3474 1200 3534 quatenus
1230 3464 1499 3532 patientia:
1525 3464 1774 3516 virtutem

194 3569 432 3625 servent,
461 3568 513 3611 ut
541 3558 872 3614 incessanter
891 3568 1087 3629 quanta
1122 3559 1449 3627 Redemptor
1501 3566 1686 3611 noster
1712 3558 1777 3610 ab

201 3652 279 3702 his
301 3666 443 3718 quos
472 3663 772 3714 creaverat,
797 3652 1014 3720 pertulit
1044 3652 1203 3717 mala,
1228 3650 1603 3713 considerent;
1637 3649 1775 3717 quod

197 3751 274 3794 tot
302 3741 514 3809 abjrcta
562 3743 922 3795 conviciorum
972 3743 1161 3810 probra
1202 3741 1485 3807 sustinuit;
1534 3741 1675 3806 quod
1710 3738 1778 3793 de

204 3848 367 3886 manu
402 3833 601 3898 antiqui
634 3835 803 3886 hostis
831 3834 1161 3899 captivorum
1191 3834 1397 3887 animas
1427 3834 1662 3901 quotidie
1689 3846 1779 3885 ra-

194 3939 370 3991 piet»,
395 3925 764 3977 ιιιρυιιειιιιυιιι
788 3925 971 3993 alapas
994 3924 1229 3995 accepit;
1256 3926 1401 3995 quod
1433 3940 1567 3994 aqua
1597 3924 1782 3979 salutis

199 4031 298 4070 nos
326 4017 564 4083 diluens,
592 4031 623 4070 a
650 4015 977 4086 perﬁdorum
1002 4020 1175 4085 sputis
1205 4017 1399 4072 faciem
1421 4033 1526 4072 non
1557 4017 1785 4071 abscon-

194 4104 310 4169 dit;
350 4104 381 4145 δ
414 4107 560 4175 quod
613 4106 965 4173 advocatione
991 4123 1084 4162 sua
1118 4123 1215 4163 nos
1246 4109 1316 4163 ab
1341 4111 1555 4164 aeternis
1582 4108 1786 4178 suppli-

196 4202 295 4256 eiis
320 4202 601 4265 liberans,
653 4188 844 4256 tacitus
890 4202 1096 4281 ﬂagella
1137 4202 1418 4268 toleravit;
1470 4203 1611 4273 quod
1640 4202 1785 4256 inter

194 4294 521 4363 angelorum
553 4293 750 4348 choros
779 4309 1042 4363 perennes
1077 4295 1234 4349 nobis
1264 4295 1500 4351 honores
1525 4294 1783 4360 tribuens,

195 4386 464 4453 colaphos
497 4383 749 4451 pertulit;
791 4386 930 4454 quod
960 4400 988 4436 a
1044 4395 1380 4454 peccatorum
1412 4399 1508 4439 nos
1540 4384 1784 4453 punctio-

195 4475 355 4527 nibus
368 4475 472 4526 sali
490 4488 613 4537 ans,
641 4475 809 4542 spinis
836 4485 995 4541 caput
1016 4490 1318 4544 supponere
1346 4490 1450 4528 non
1476 4478 1782 4542 recusavit;

197 4562 340 4629 quod
371 4570 578 4616 eterna
607 4578 705 4618 nos
728 4563 1006 4620 dulcedine
1036 4565 1307 4619 inebrians
1338 4565 1389 4616 in
1410 4565 1498 4617 siti
1529 4579 1621 4619 sua
1649 4565 1784 4620 fellis

199 4652 620 4707 amaritudinem
643 4656 885 4723 accepit;
913 4656 1054 4725 quod
1100 4657 1189 4723 qui
1224 4671 1320 4722 pro
1370 4656 1522 4709 nobis
1552 4656 1784 4724 Patrem,

200 4744 455 4810 quamvis
477 4743 763 4798 divinitate
788 4754 932 4799 esset
949 4746 1171 4813 aequalis
1190 4786 1206 4813 ,
1241 4746 1506 4812 adoravit,
1538 4748 1639 4800 sub
1668 4747 1789 4801 irri-

204 4835 363 4886 sione
382 4832 632 4888 adoratus
656 4844 853 4895 tacu.t:
884 4837 1022 4905 quod
1037 4838 1197 4890 vitam
1214 4838 1435 4891 mortuis
1459 4852 1785 4905 prasparans,

212 4938 393 4992 usque
440 4924 507 4978 ad
556 4936 786 4980 mortem
832 4927 943 4996 ipse
990 4929 1097 4981 vita
1139 4928 1398 4995 pervenit.
1448 4927 1555 4981 Cur
1610 4928 1788 4994 itaque

204 5027 467 5082 aSperum
497 5013 753 5081 creditur,
783 5026 888 5069 uta
907 5016 1016 5070 Deo
1051 5016 1211 5070 homo
1238 5018 1427 5077 toleret
1455 5018 1660 5087 ﬂagella
1688 5032 1787 5086 pro

206 5103 391 5166 malis,
424 5102 470 5155 si
496 5115 639 5157 tanta
672 5104 812 5159 Deus
852 5105 919 5157 ab
952 5106 1257 5160 hominibus
1286 5107 1501 5173 pertulit
1531 5106 1666 5160 mala
1697 5122 1791 5173 pro

208 5192 419 5247 bonis?
472 5197 582 5248 Aut
637 5197 757 5263 quis
797 5210 927 5250 sana
974 5190 1318 5265 intelligentia
1351 5199 1419 5251 de
1450 5200 1793 5263 percussione

209 5297 300 5335 sua
352 5287 598 5352 ingratus
626 5285 848 5349 existat,
898 5303 958 5342 se
986 5289 1102 5356 ipse
1134 5289 1255 5341 hinc
1306 5290 1423 5341 sine
1451 5288 1660 5356 ﬂagello
1687 5306 1791 5344 non

208 5375 363 5433 exiit,
395 5377 486 5441 qui
523 5376 608 5428 hic
634 5377 751 5429 sine
781 5389 998 5443 peccato
1030 5378 1196 5431 vixit?

279 5605 305 5632 ⁸
332 5591 759 5654 (ἶριιιριίρειιεες,
794 5604 841 5645 et
862 5593 1042 5663 plaga.

279 5666 305 5703 δ
346 5665 487 5717 editi
540 5679 729 5715 milites
822 5667 1002 5716 invius
1060 5666 1184 5718 Mss.
1240 5664 1446 5733 Anglic.
1499 5676 1550 5719 et
1597 5665 1815 5726 nostris,

1869 1823 2093 1876 charitas
2119 1829 2257 1891 [oras
2285 1825 2435 1878 mittit
2467 1825 2695 1878 timorem
2730 1823 2785 1893 (Ι
2811 1823 2965 1877 Joan.
2986 1840 3059 1886 tv,
3093 1824 3206 1893 18).
3252 1826 3311 1878 Et
3336 1840 3453 1877 rure

1870 1930 1990 1968 sum
2012 1915 2272 1984 scriptum
2304 1925 2383 1969 est
2414 1933 2426 1967 :
2489 1915 2610 1969 Non
2639 1916 2901 1983 accepistis
2941 1915 3177 1985 spiritum
3204 1916 3456 1970 servitutis

1870 2004 2051 2055 iterum
2082 2005 2133 2056 in
2171 2006 2373 2067 timore,
2404 2003 2494 2056 sed
2522 2006 2759 2073 spiritum
2789 2005 3079 2069 adoptionis
3110 2008 3355 2073 ﬁliorum,
3399 2007 3455 2057 in

1870 2108 1968 2160 quo
2024 2091 2306 2144 clamamus
2336 2107 2357 2146 :
2386 2092 2525 2145 Abba
2577 2103 2724 2160 pater
2779 2092 2952 2161 (liam.
2988 2110 3103 2154 vut,
3135 2096 3245 2164 15).
3303 2093 3454 2149 Unde

1872 2184 2011 2238 idem
2038 2184 2226 2236 doctor
2253 2183 2441 2236 iterum
2471 2183 2597 2237 dicit
2634 2202 2646 2235 :
2708 2182 2805 2237 Ubi
2856 2186 3069 2251 spiritus
3119 2185 3346 2252 Domini,
3382 2189 3453 2241 ibi

1871 2277 2074 2330 libertas
2130 2274 2214 2345 (II
2244 2274 2364 2329 Cor.
2399 2291 2479 2341 ιιι,
2530 2278 2642 2346 17).
2698 2276 2754 2331 Si
2803 2293 2930 2346 ergo
2987 2279 3161 2333 adhuc
3216 2295 3243 2331 a
3292 2296 3451 2348 prava

1870 2373 2083 2421 actione
2113 2367 2391 2420 li-rmiilata
2426 2381 2577 2434 ptena
2605 2368 2870 2434 prohibet,
2906 2368 3147 2436 profecto
3169 2368 3455 2423 formidan-

1875 2460 1944 2514 tis
1974 2460 2208 2512 animum
2234 2460 2374 2511 nulla
2406 2459 2624 2527 spiritus
2658 2459 2876 2514 libertas
2910 2469 3070 2514 tenet.
3117 2462 3244 2515 Nam
3269 2462 3312 2516 si
3342 2476 3455 2529 p03-

1880 2565 2001 2603 nam
2030 2567 2133 2603 non
2164 2560 2446 2616 metueret,
2479 2552 2686 2620 culpam
2721 2552 3072 2619 proculdubio
3097 2566 3450 2623 perpetraret.

1877 2640 2089 2709 Ignorat
2135 2642 2309 2711 itaque
2355 2655 2511 2696 mens
2555 2644 2780 2711 gratiam
2811 2642 3092 2707 libertatis,
3136 2659 3291 2712 quam
3328 2644 3453 2711 ligat

1872 2731 2107 2785 servitus
2138 2732 2366 2786 timoris.
2412 2732 2553 2785 Bona
2578 2732 2718 2786 enim
2754 2747 2848 2801 pro
2898 2734 3199 2801 semetipsis
3228 2735 3452 2788 amanda

1872 2832 2020 2888 sunt,
2049 2831 2102 2878 et
2125 2838 2229 2877 non
2261 2823 2432 2893 ptenis
2461 2825 2907 2893 compellentibus
2932 2826 3292 2892 exsequenda.
3321 2826 3450 2880 Nam

1873 2914 1965 2981 qui
1993 2923 2268 2981 propterea
2319 2916 2458 2969 bona
2499 2915 2645 2979 facit,
2694 2916 2815 2983 quia
2860 2923 3244 2969 tormentorum
3301 2916 3439 2971 mala

1877 3006 2090 3071 metuit,
2120 3006 2231 3059 vult
2260 3021 2365 3060 non
2396 3020 2516 3060 esse
2540 3009 2679 3075 quod
2721 3015 2940 3069 metuat,
2979 3015 3035 3058 ut
3059 3007 3316 3059 audenter
3347 3006 3458 3059 illi-

1877 3095 1983 3148 cita
2007 3098 2325 3151 committat.
2377 3097 2527 3151 Unde
2576 3098 2694 3152 luce
2724 3098 2919 3151 clarius
2959 3106 3167 3150 constat
3196 3096 3334 3162 quod
3364 3109 3458 3148 co-

1877 3204 1991 3242 ram
2026 3189 2135 3240 Deo
2165 3188 2469 3242 innocentia
2500 3188 2784 3252 amittitur,
2816 3194 2940 3240 ante
2969 3187 3120 3254 cujus
3147 3187 3331 3239 oculos
3358 3185 3455 3238 dc-

1877 3280 2079 3335 siderio
2111 3287 2381 3347 peccatur.

1955 3382 2019 3434 At
2041 3388 2229 3436 contra
2264 3379 2338 3446 hi,
2387 3391 2524 3449 quos
2571 3376 2643 3431 ab
2689 3377 3054 3447 iniquitatibus
3100 3392 3201 3433 nec
3250 3377 3460 3448 ﬂagella

1877 3477 2245 3538 compescunt,
2287 3477 2434 3523 tanto
2486 3465 2679 3522 acriori
2720 3467 3020 3521 invectione
3050 3468 3278 3523 feriendi
3305 3479 3457 3534 sunt,

1878 3573 2079 3632 quanto
2109 3562 2297 3631 majori
2330 3561 2742 3616 insensibilitate
2785 3560 3102 3613 durueruut.
3139 3560 3459 3628 Plerumque

1882 3656 2027 3709 enim
2058 3654 2176 3707 sine
2204 3652 2581 3722 dedignatione
2610 3649 2930 3720 dedignaudi
2956 3658 3100 3717 sunt,
3125 3650 3242 3704 sine
3268 3650 3463 3719 despe-

1883 3749 2092 3801 ratione
2142 3743 2489 3813 desperandi;
2528 3744 2595 3798 ita
2620 3746 2900 3805 duntaxat,
2931 3752 3062 3796 utet
3102 3751 3315 3796 ostensa
3370 3741 3464 3797 tle-

1882 3838 2116 3905 Speratio
2145 3836 2481 3889 formidinem
2508 3835 2748 3897 incutiat,
2773 3840 2828 3886 et
2855 3832 3137 3901 subjuncta
3166 3831 3465 3886 admonitio

1884 3931 1949 3984 ad
1972 3946 2121 3998 Spem
2146 3929 2388 3983 reducat.
2423 3927 2674 3982 Districte
2701 3926 2878 3993 itaque
2904 3934 3093 3979 contra
3114 3925 3233 3980 illos
3270 3925 3467 3981 divina:

1884 4022 2170 4077 sententia:
2202 4017 2533 4088 proferenda:
2564 4026 2709 4081 sunt,
2759 4025 2817 4068 ut
2863 4016 2927 4067 ad
2974 4017 3332 4086 cognitionem
3381 4018 3467 4073 sui

1889 4114 2226 4169 considerata
2265 4119 2464 4166 interna
2498 4108 2966 4163 animadversione
2995 4119 3333 4162 revocentur.
3365 4111 3469 4163 Au-

1889 4204 2037 4258 diant
2068 4202 2208 4258 enim
2242 4204 2293 4256 in
2329 4217 2388 4255 se
2411 4201 2685 4269 impletum
2714 4214 2834 4253 esse
2873 4200 3010 4267 quod
3042 4201 3296 4266 scriptum
3346 4209 3467 4253 est:

1891 4296 1952 4351 Si
1982 4295 2277 4349 contuderis
2305 4294 2519 4346 stultum
2565 4292 2619 4343 in
2646 4291 2776 4360 pila,
2826 4290 2974 4357 quasi
3015 4291 3241 4356 ptisanas
3274 4290 3471 4360 ferienti

1892 4388 2106 4457 desuper
2120 4386 2242 4456 pilo,
2263 4400 2368 4438 non
2397 4387 2661 4452 auferetur
2689 4382 2752 4433 ab
2787 4398 2844 4434 eo
2873 4382 3091 4435 stultitia
3120 4385 3228 4448 ejus
3285 4381 3473 4453 (Prov.

1896 4492 2060 4545 xxvn,
2090 4476 2204 4541 22).
2245 4475 2442 4529 Contra
2472 4473 2568 4526 hos
2617 4474 2875 4541 propheta
2932 4474 3155 4526 Domino
3189 4478 3474 4542 Conqueri-

1896 4577 1998 4631 tur,
2024 4566 2204 4620 dicens
2231 4583 2247 4621 :
2279 4564 2527 4617 Attrivisti
2559 4578 2662 4627 eos,
2690 4571 2736 4615 et
2765 4573 3036 4615 renuerunt
3061 4564 3291 4631 accipere
3315 4563 3476 4616 disci-

1894 4658 2089 4726 plinam
2135 4654 2270 4723 (Jer.
2299 4669 2352 4717 v,
2402 4654 2481 4720 '5).
2535 4653 2666 4705 llinc
2710 4659 2793 4704 est
2828 4652 2965 4719 quod
3002 4651 3261 4704 Dominus
3294 4652 3426 4705 dicit
3458 4668 3473 4704 :

1895 4745 2141 4813 lnterfeei
2163 4756 2208 4796 et
2227 4744 2427 4813 perdidi
2448 4742 2694 4808 populum
2722 4741 2896 4805 istum,
2928 4749 2974 4792 et
3008 4752 3173 4793 tamen
3202 4758 3233 4794 a
3256 4742 3348 4794 viis
3373 4743 3475 4794 suis

1897 4855 1997 4891 non
2025 4844 2141 4889 sunt
2171 4835 2354 4889 reversi
2379 4832 2530 4903 (Isai.
2563 4848 2638 4897 ts,
2672 4834 2781 4901 l5).
2820 4833 2953 4887 Hinc
2975 4849 3184 4887 rttrsnm
3209 4835 3286 4888 ait
3316 4851 3330 4887 :
3367 4834 3477 4888 Po-

1895 4929 2047 4999 pultis
2074 4944 2173 4979 non
2202 4934 2273 4979 est
2303 4940 2533 4978 reversus
2553 4925 2621 4977 ad
2645 4925 3001 4994 percutieutem
3029 4940 3081 4977 se
3123 4923 3254 4992 (Jer.
3285 4941 3373 4990 xv,
3399 4924 3477 4995 6).

1901 5021 2032 5075 Hinc
2062 5035 2192 5074 voce
2247 5018 2629 5087 ﬂagellantium
2682 5018 2938 5086 propheta
2997 5019 3363 5084 conqueritur,
3398 5020 3478 5072 di-

1898 5127 2027 5168 cens
2062 5128 2075 5165 :
2108 5111 2411 5164 Curavimus
2436 5107 2752 5177 Babylonem
2788 5119 2834 5160 et
2881 5124 2983 5161 non
3008 5118 3079 5161 est
3106 5119 3289 5161 sanata
3341 5107 3479 5179 (lar.

1902 5220 1973 5267 ιι,
2005 5204 2081 5272 9).
2128 5201 2363 5271 Babylon
2393 5200 2591 5269 quippe
2613 5210 2852 5261 curatur,
2903 5214 3000 5252 nec
3040 5207 3219 5252 tamen
3248 5199 3313 5253 ad
3340 5198 3479 5254 sani-

1904 5302 2066 5348 tatem
2100 5292 2395 5355 reducitur,
2420 5290 2633 5360 quando
2663 5303 2815 5342 mens
2844 5288 2894 5342 in
2926 5305 3089 5359 prava
3120 5291 3333 5345 actione
3352 5306 3479 5346 con-

1907 5392 2042 5447 iusa,
2068 5386 2230 5439 verba
2274 5382 2632 5450 correptionis
2659 5380 2826 5441 audit.
2870 5381 3081 5450 ﬂagella
3128 5384 3481 5451 Correptiopis

1914 5479 2159 5548 percipit,
2184 5486 2238 5531 et
2261 5486 2435 5529 tamen
2462 5474 2526 5526 ad
2552 5484 2691 5527 recta
2716 5475 2901 5528 salutis
2934 5475 3121 5528 itinera
3150 5475 3325 5529 redire
3352 5488 3479 5530 con-

1913 5594 2047 5661 quod
2068 5592 2328 5646 vocatione
2354 5605 2467 5642 sua.
2527 5589 2865 5656 Signiﬁcatur
2894 5589 3187 5654 Christum,
3242 5600 3301 5645 ut
3326 5591 3480 5645 docet

1927 5667 2183 5726 Joannes,
2215 5661 2530 5715 advocatum
2574 5661 2711 5728 apud
2740 5674 2941 5728 patrem
2971 5678 3068 5717 nos
3096 5662 3312 5715 habere.
