3968 6370
523 315 572 365 71
1722 282 1959 342 S.\NCTI
2005 274 2329 331 GllEGOItll
2372 275 2579 327 MACNI
3735 283 3804 332 τε

518 420 725 477 temnit.
778 420 910 474 Hinc
941 418 1150 486 captivo
1180 412 1471 471 lsraemico
1505 405 1722 477 ροριιιο,
1760 414 1858 454 nec
1912 406 2088 449 tamen
2119 392 2171 446 Α
2201 386 2677 453 reprehensoribus
2732 399 2835 437 non
2872 386 3139 440 videntur.
3196 387 3347 441 Unde
3397 404 3806 459 nonnunquam

520 512 584 565 ab
606 511 883 579 iniquitate
910 522 1169 563 converso
1194 503 1454 557 Dominus
1501 494 1812 563 exprobrat,
1862 487 2048 579 dicens

521 603 683 656 Versa
714 612 781 655 est
822 600 948 653 milii
984 600 1162 651 d‘omus
1197 593 1363 647 Israel
1388 593 1439 643 in
1478 589 1730 647 scoriam;
1784 595 1955 633 omnes
2009 576 2093 629 isti

522 711 608 759 res,
666 708 713 746 et
746 702 770 728 ει
802 701 1060 753 stantium,
1111 696 1157 741 ct
1211 687 1518 755 ferrutn,.et
1549 676 1805 747 plumbum
1852 672 1905 724 in
1930 668 2095 721 medio

524 784 743 851 fornacis
768 780 982 848 (Ezech.
1018 793 1147 839 xxii,
1178 777 1293 839 18).
1345 773 1419 825 Ac
1458 771 1500 823 si
1528 778 1709 833 aperte
1737 765 1874 817 dicat
1907 780 1918 813 :
1966 760 2098 812 Pur-

524 891 648 942 gare
679 889 772 927 eos
802 886 896 940 per
938 871 1111 937 ignem
1143 861 1501 926 tribulationis
1534 856 1698 920 volui,
1735 864 1789 908 et
1818 859 2095 922 argentum

532 940 651 1019 illos
679 962 763 1016 vel
791 975 980 1014 aurum
1017 958 1131 1011 ﬁeri
1156 954 1395 1025 qumsivi,
1436 949 1529 1002 sed
1561 950 1611 999 in
1642 940 1859 997 fornace
1889 941 2013 993 mihi
2048 940 2100 991 in

526 1069 624 1115 res,
671 1062 945 1113 stannum,
998 1057 1052 1101 et
1101 1047 1322 1107 ferrum,
1378 1051 1432 1095 et
1481 1038 1756 1107 plumbum
1788 1032 1924 1085 versi
1959 1037 2101 1092 sunt,

527 1141 645 1209 quia
670 1139 851 1192 nonad
878 1135 1149 1196 virtutem,
1193 1134 1282 1185 sed
1313 1131 1376 1183 ad
1413 1127 1534 1180 vitia
1589 1125 1749 1178 etiam
1805 1123 1855 1174 in
1888 1120 2104 1173 trtbula-

531 1233 674 1284 tione
692 1236 1074 1297 proruperunt.
1117 1225 1211 1278 [Es
1236 1220 1579 1292 quippedutn
1631 1214 1948 1283 percntitur,
2000 1226 2110 1264 atu-

531 1320 672 1386 plius
717 1318 946 1372 metallis
975 1316 1183 1369 caneris
1230 1315 1459 1366 sttuitum
1492 1309 1683 1363 reddit.
1737 1305 1835 1372 Qui
1861 1304 2019 1373 igitur
2053 1301 2106 1355 in

535 1408 883 1476 percussione
912 1407 1115 1473 positus
1154 1402 1384 1468 erumpit
1412 1399 1477 1452 ad
1526 1399 1760 1452 sonitum
1805 1408 2108 1447 murmura-

536 1500 715 1563 tionis,
745 1499 796 1550 in
827 1512 901 1550 ws
932 1509 1119 1548 versus
1164 1501 1246 1546 cst
1274 1492 1376 1560 53
1405 1493 1457 1542 in
1490 1488 1663 1541 medio
1686 1483 1935 1540 fornacis.
1961 1483 2113 1537 Stan-

537 1605 663 1642 num
692 1603 820 1641 vero
847 1601 966 1639 cum
986 1600 1047 1638 ex
1081 1593 1196 1637 arte
1219 1581 1579 1648 componitur,
1632 1577 1838 1646 argenti
1879 1574 2110 1642 speciem

540 1679 813 1731 mentitur.
871 1676 972 1739 Qui
1025 1690 1149 1739 ergo
1181 1671 1534 1725 simulationis
1563 1669 1689 1721 vitio
1722 1682 1825 1720 non
1868 1673 2017 1719 caret
2063 1665 2111 1715 in

2197 491 2347 529 mens
2379 478 2429 528 in
2457 475 2760 543 superbiam
2789 478 3083 541 extollitur,
3114 488 3166 531 et
3200 493 3333 546 quos
3372 480 3671 548 loquentes
3705 498 3807 535 au-

2196 565 2308 627 dit,
2342 566 2491 634 quasi
2545 566 2785 619 iulirmos
2839 568 3084 634 deSpicit.
3134 569 3372 638 Cumque
3423 587 3482 625 os
3538 578 3806 640 corporis

2197 656 2417 719 claudit,
2452 665 2704 724 quantum
2749 671 2807 711 se
2836 658 2980 710 vitiis
3027 661 3384 726 superbiendo
3413 662 3633 727 aperiat
3688 679 3799 717 non

2200 749 2457 816 agnoscit.
2491 748 2747 816 Linguam
2770 752 2967 803 etenim
2996 753 3457 817 pretnit,mentem
3488 757 3716 817 elevat;
3752 767 3805 809 et

2202 854 2321 893 cum
2359 855 2508 893 suam
2538 841 2826 908 nequitiam
2861 841 3079 895 minime
3108 845 3432 910 considerat,
3466 854 3626 899 tanto
3659 849 3808 914 apud

2204 950 2263 989 se
2290 947 2512 989 cunctos
2542 936 2781 1001 liberius,
2816 945 3015 1003 quanto
3044 946 3097 990 et
3127 938 3387 992 secretius
3415 951 3667 993 accusat.
3699 941 3811 993 Ad-

2207 1029 2454 1080 monendi
2486 1037 2610 1081 sunt
2640 1027 2799 1097 igitur
2852 1027 3009 1080 nimis
3061 1030 3225 1091 taciti,
3284 1039 3340 1083 ttt
3378 1033 3516 1085 scire
3564 1032 3812 1085 sollicite

2208 1117 2476 1181 studeant,
2530 1133 2634 1170 non
2694 1117 2866 1171 solum
2927 1121 3108 1184 quales
3156 1119 3285 1171 foris
3331 1122 3650 1185 ostendere,
3712 1126 3807 1173 sed

2207 1209 2367 1260 etiam
2422 1208 2605 1277 quales
2662 1225 2719 1263 se
2775 1210 3003 1263 debeant
3057 1214 3195 1264 iultts
3241 1215 3516 1283 exhibere,
3573 1226 3634 1267 ttt
3689 1217 3811 1282 plus

2211 1314 2273 1351 ex
2317 1300 2726 1365 cogitationibus
2768 1303 3033 1355 occultum
3068 1304 3323 1371 judicium
3376 1322 3535 1371 quun
3576 1323 3649 1359 ex
3688 1322 3811 1360 ser-

2214 1388 2461 1441 monibus
2534 1392 3002 1457 reprebenstonem
3077 1402 3318 1447 metuant
3397 1398 3808 1463 proximorum.

2216 1481 2481 1549 Scriptum
2535 1498 2762 1551 namque
2790 1495 2914 1537 est:
2970 1483 3075 1538 Fili
3118 1488 3211 1551 mi,
3268 1492 3472 1541 attende
3495 1491 3813 1557 sapientiam

2216 1590 2400 1638 meam,
2430 1584 2477 1628 et
2509 1578 2790 1643 prudentia:
2818 1594 2942 1631 mea:
2971 1579 3164 1632 inclina
3194 1598 3367 1634 aurem
3403 1593 3565 1641 tuam.
3621 1594 3680 1634 ut
3719 1600 3812 1636 cu-

2217 1665 2413 1716 stodias
2450 1668 2783 1733 cogitationes
2807 1666 2987 1738 (Prov.
3021 1685 3052 1720 v
3076 1711 3089 1733 ,
3128 1672 3200 1736 i).
3235 1671 3315 1723 Nil
3347 1674 3542 1740 quiptm
3576 1675 3630 1725 in
3661 1677 3815 1727 nobis

540 1769 901 1829 tribulatione,
964 1777 1208 1817 stannum
1247 1764 1413 1816 lactus
1442 1772 1521 1815 est
1554 1762 1605 1813 in
1656 1759 1891 1812 fornace.
1954 1758 2115 1811 Ferro
2148 1756 2194 1815 B
2221 1770 2300 1811 cst
2328 1762 2489 1813 corde
2520 1761 2774 1828 fugacius,
2803 1763 2943 1829 quod
2977 1779 3004 1815 a
3038 1764 3189 1817 nobis
3222 1766 3380 1818 toties
3411 1771 3640 1830 recedit,
3677 1783 3817 1836 quo-

540 1867 716 1911 autent
764 1858 945 1918 utitur,
992 1858 1079 1923 qui
1115 1857 1235 1906 vita:
1268 1854 1497 1921 proximi
1546 1852 1847 1905 insidiatur.
1898 1850 2116 1903 Ferrum

542 1954 717 2017 itaque
746 1949 794 2000 itt
821 1948 1034 2000 fornace
1065 1955 1149 1998 est
1174 1944 1261 2011 qui
1296 1944 1517 1996 nocendi
1544 1943 1799 1996 malitiam
1822 1955 1924 1993 non
1957 1947 2119 1991 amit-

545 2042 607 2094 tit
639 2044 687 2091 in
712 2037 1081 2092 tribulatione.
1105 2036 1389 2088 Pltttnbutn
1414 2047 1624 2101 quoque
1647 2031 1861 2083 caeteris
1894 2031 2126 2082 metallis

544 2142 626 2184 est
663 2129 897 2199 gravius.
948 2128 1001 2179 In
1053 2128 1265 2179 fornace
1315 2139 1442 2192 ergo
1500 2122 1774 2189 plumbum
1834 2120 2121 2178 invenitur,

547 2225 636 2293 qui
674 2225 751 2276 sic
784 2223 985 2289 peccati
1035 2221 1117 2271 sui
1168 2218 1401 2286 pondere
1434 2215 1709 2283 premitur,
1758 2222 1815 2263 ut
1858 2209 2017 2264 etiam
2072 2210 2123 2261 itt

552 2311 900 2365 tribulatione
923 2311 1125 2378 posiuis
1163 2307 1186 2344 δ
1237 2323 1264 2359 a
1297 2307 1521 2359 terrenis
1544 2304 1823 2358 desideriis
1854 2318 1961 2354 non
1986 2301 2129 2354 leve-

552 2415 653 2456 tur.
680 2402 816 2456 Hittc
846 2414 1058 2453 rursum
1099 2400 1355 2465 scriptum
1400 2405 1483 2449 est
1512 2411 1525 2447 :
1579 2394 1744 2446 Multo
1773 2394 1945 2446 labore
1972 2393 2129 2443 suda-

552 2503 658 2544 tum
681 2501 773 2556 est,
808 2500 851 2543 et
881 2507 981 2542 non
1011 2490 1163 2541 exivit
1200 2500 1220 2525 ε
1256 2490 1316 2539 de
1352 2504 1409 2539 ea
1441 2486 1598 2538 nimia
1627 2485 1804 2554 rubigo
1834 2487 1947 2554 ejus
1972 2499 2131 2551 neque

554 2598 643 2649 per
664 2583 825 2650 ignem
853 2578 1067 2648 (Ezeclt.
1095 2594 1243 2643 xxiv,
1282 2577 1393 2647 12).
1427 2578 1603 2646 Ignem
1633 2576 1826 2645 quippe
1850 2574 2003 2629 nobis
2035 2574 2132 2627 tri-

555 2673 842 2724 bulationis
874 2670 1147 2731 admovet,
1180 2665 1206 2703 d
1264 2677 1319 2720 ut
1346 2667 1397 2720 in
1438 2667 1590 2719 nobis
1639 2666 1934 2733 rubiginetn
1982 2664 2136 2718 vitio-

544 2784 672 2833 .rum
707 2776 923 2832 purget;
972 2763 1061 2816 sed
1109 2777 1204 2814 nec
1238 2775 1331 2828 per
1378 2763 1549 2829 ignem
1599 2759 1896 2829 rubiginem
1938 2758 2138 2811 amitti-

559 2872 699 2921 tuus,
751 2853 963 2921 quando
1016 2863 1067 2905 et
1109 2852 1251 2905 inter
1290 2849 1492 2917 ﬂagella
1542 2850 1670 2903 vitio
1704 2865 1805 2902 non
1860 2862 2130 2901 caremus.

566 2948 696 3001 Iliuc
722 2946 979 3011 Propheta
1012 2944 1199 2996 iterum
1222 2941 1354 2994 dicit
1379 2958 1390 2993 :
1424 2940 1643 2993 Frustra
1674 2940 1911 3006 conflavit
1941 2939 2139 3005 conﬂa-

560 3053 670 3103 tor;
701 3040 907 3091 mulitite
931 3052 1107 3090 eorum
1134 3051 1233 3088 non
1266 3044 1383 3087 sunt
1414 3042 1725 3101 consumptae
1750 3030 1882 3097 (Jer.
1916 3045 1985 3095 vt,
2020 3029 2137 3095 29).

2226 1852 2322 1904 lies
2350 1868 2441 1917 per
2466 1868 2652 1917 pravas
2681 1855 3030 1922 cogitationes
3057 1858 3259 1911 defluit.
3285 1860 3415 1914 llinc
3432 1864 3639 1915 etenim
3671 1861 3815 1914 Psal-

2226 1944 2378 1994 tuista
2410 1952 2519 1995 att:
2555 1942 2654 1996 Cor
2679 1962 2843 1997 meum
2874 1946 3143 2016 dereliquit
3192 1965 3269 2000 me
3298 1949 3416 2019 (Ps.
3450 1967 3620 2004 χχχιχ
3652 1992 3668 2015 ,
3706 1951 3816 2017 15).

2230 2034 2359 2087 llinc
2386 2035 2448 2087 ad
2482 2038 2825 2102 semetipsum
2858 2039 3094 2106 rediens,
3120 2042 3229 2093 ait:
3268 2040 3464 2095 Inrenit
3490 2061 3670 2096 servus
3696 2054 3814 2098 tuus

2228 2141 2315 2176 cor
2340 2143 2487 2177 suum
2522 2138 2574 2178 ut
2601 2138 2764 2180 oraret
2795 2128 2943 2198 te(II
2979 2132 3101 2200 Reg.
3129 2147 3220 2197 vtt,
3253 2132 3366 2185 ΞἨ.
3403 2134 3534 2186 Cum
3563 2151 3700 2202 ergo
3728 2150 3816 2186 co-

2231 2214 2415 2278 gitatio
2448 2231 2540 2281 per
2585 2218 2882 2271 custodiam
2913 2218 3019 2289 5a.
3047 2221 3409 2290 restringitur,
3440 2238 3533 2276 cor
3562 2224 3713 2290 quod
3743 2222 3816 2277 fu.

2230 2322 2355 2374 gere
2382 2312 2655 2361 consuevit
2678 2311 2963 2364 invenitur.
3041 2326 3045 2330 '

2305 2398 2623 2467 Plerumque
2670 2409 2845 2453 autem
2879 2400 3035 2454 nimis
3078 2400 3221 2454 taciti
3269 2417 3392 2456 cum
3425 2403 3695 2456 nonnulla
3748 2403 3816 2455 in-

2229 2488 2372 2555 inata
2404 2490 2670 2555 patiuntur
2695 2534 2708 2554 ,
2742 2506 2806 2543 eo
2854 2491 2905 2544 in
2941 2492 3197 2545 acriorem
3230 2492 3473 2545 dolorem
3524 2494 3818 2558 prodeunt,

2233 2593 2338 2647 quo
2368 2593 2428 2633 ea
2456 2595 2573 2646 qua:
2601 2575 2863 2634 sustinent
2912 2596 3014 2634 non
3047 2582 3354 2650 loquuntur.
3388 2583 3517 2636 Nam
3552 2585 3602 2638 si
3650 2584 3818 2637 illatas

2237 2669 2506 2723 molestias
2556 2670 2837 2738 tranquille
2885 2672 3057 2739 lingua
3089 2673 3310 2737 diceret,
3356 2683 3380 2721 ε
3414 2689 3440 2725 a
3488 2678 3818 2743 conscientia

2235 2758 2394 2812 dolor
2415 2770 2712 2813 emanaret.
2757 2761 2983 2815 Vulnera
3018 2763 3157 2817 enim
3186 2761 3364 2817 Clausa
3414 2764 3529 2831 plus
3556 2769 3818 2820 cruciant.

2238 2849 2369 2903 Nam
2412 2866 2531 2904 cum
2566 2851 2789 2917 putredo
2834 2867 2953 2919 qua:
3004 2853 3230 2908 interius
3286 2853 3457 2909 fervet
3485 2856 3729 2924 eiicitur,
3759 2856 3817 2908 ad

2239 2940 2464 2993 salutem
2494 2942 2648 2994 dolor
2682 2942 2938 3010 aperitur.
2970 2942 3120 2999 Scire
3162 2944 3324 3015 igitur
3350 2946 3569 3011 debent,
3599 2948 3691 3015 qui
3718 2946 3820 3013 plus

2241 3044 2401 3096 quam
2423 3032 2639 3098 expedit
2668 3042 2863 3098 tacent,
2899 3049 2966 3088 ne
2993 3034 3132 3089 inter
3165 3037 3389 3091 molesta
3419 3053 3537 3105 quae
3573 3039 3820 3102 tolerant,

629 3129 914 3184 Sciendum
943 3141 1068 3181 vero
1098 3135 1200 3191 est,
1230 3125 1369 3194 quod
1402 3137 1780 3191 nonnunquam
1826 3135 1947 3174 cum
1994 3120 2134 3173 inter
2161 3114 2209 3175 C
2241 3121 2365 3174 dum
2392 3122 2623 3191 linguam
2657 3133 2859 3191 tenent,
2889 3129 3002 3181 vim
3022 3120 3222 3181 doloris
3248 3139 3597 3199 exaggerent.
3629 3133 3822 3185 Admo-

565 3222 893 3292 llagellorunt
919 3219 1168 3273 duritiam
1202 3226 1483 3272 remanent
1509 3214 1818 3279 incorrecti,
1849 3213 1988 3267 dulci
2013 3219 2139 3264 sunt

562 3311 924 3366 admonitione
953 3310 1238 3365 mulcendi.
1272 3309 1419 3374 Quos
1461 3308 1601 3362 enim
1632 3304 1992 3359 cruciamenta
2029 3316 2136 3355 non

562 3403 855 3467 corrigunt,
902 3414 1278 3469 nonnunquam
1311 3398 1378 3451 ab
1425 3396 1618 3466 iniquis
1657 3396 1959 3449 actionibus
2003 3393 2137 3446 leuia

565 3493 922 3546 blandimenta
964 3498 1343 3559 compescunt;
1377 3489 1500 3554 quia
1527 3496 1580 3539 et
1604 3486 1913 3554 plerumque
1945 3499 2137 3550 aegros,

564 3600 695 3651 quos
727 3583 879 3637 fortis
913 3591 935 3617 ⁶
971 3582 1362 3649 pigmentorum
1399 3578 1541 3641 potio
1572 3590 1760 3628 curare
1796 3590 1898 3627 non
1957 3576 2139 3637 valuit,

565 3674 631 3727 ad
662 3674 885 3726 salutem
908 3671 1181 3737 pristinam
1213 3676 1396 3731 tepens
1427 3680 1562 3733 aqua
1594 3664 1901 3727 revocavit;
1927 3674 1981 3716 et
2011 3679 2145 3716 non-

569 3762 714 3815 nulla
740 3761 960 3812 vulnera
992 3771 1108 3823 qua:
1131 3754 1303 3823 curari
1332 3754 1588 3806 incisione
1618 3766 1917 3821 nequeunt,
1944 3752 2144 3806 fumen-

570 3853 636 3906 tis
658 3851 758 3903 olei
791 3857 1064 3902 sanantur.
1098 3845 1164 3897 Et
1193 3844 1358 3896 durus
1389 3840 1405 3877 ί
1442 3843 1662 3896 adamas
1692 3842 2005 3896 incisionem
2037 3843 2145 3895 ler-

572 3947 612 3998 ri
648 3942 867 3995 minime
899 3938 1119 4007 recipit,
1153 3935 1246 3990 sed
1279 3936 1385 3990 leni
1427 3935 1695 3990 hircorum
1726 3934 1986 4003 sanguine
2012 3933 2149 3988 mol-

571 4039 741 4092 lesoit.

911 4121 1137 4178 CAPUT
1173 4103 1289 4175 ‘xw
1326 4119 1433 4191 [Αι.
1466 4119 1618 4173 xxx
1636 4117 1823 4190 VIII].

752 4217 1018 4282 Quomodo
1057 4212 1370 4265 admonendi
1402 4211 1643 4263 taciturni
1672 4221 1718 4263 et
1749 4210 1965 4264 verbosi.

646 4308 962 4379 (Admonitio
998 4304 1293 4375 l5.)Aliter
1324 4300 1782 4355 admonendisunt
1810 4300 1969 4354 nimis
1986 4299 2153 4364 taciti,

576 4408 734 4465 atque
762 4397 914 4448 aliter
961 4392 1294 4459 multiloqttio
1323 4400 1591 4443 vacantes.
1624 4389 1888 4444 lnsinuari
1923 4403 2153 4457 namque

2242 3209 2403 3264 nendi
2436 3223 2559 3265 sunt
2586 3215 2729 3268 enim
2758 3225 2813 3269 ut
2841 3217 2881 3269 si
2908 3217 3182 3285 proximos
3204 3218 3340 3272 sicut
3362 3235 3420 3275 se
3441 3219 3702 3291 diliguttt,
3730 3221 3821 3275 ini-

2244 3302 2387 3355 nime
2413 3302 2518 3356 illis
2542 3313 2751 3359 taceant
2780 3306 2917 3360 unde
2940 3322 3033 3361 eos
3052 3307 3194 3377 juste
3216 3311 3647 3377 reprehendunt.
3676 3312 3823 3367 Vocis

2245 3397 2388 3447 enim
2442 3396 2794 3451 medicamine
2844 3407 3189 3468 utrorumque
3234 3401 3389 3454 saluti
3445 3406 3821 3470 concurritur,

2247 3485 2370 3534 dum
2428 3485 2578 3539 etiab
2614 3487 2703 3537 illo
2732 3487 2818 3553 qui
2861 3487 3021 3539 infert
3051 3490 3186 3541 actio
3238 3506 3394 3557 prava
3442 3495 3821 3561 compescitur,

2247 3585 2299 3625 et
2322 3574 2388 3625 ab
2417 3574 2515 3626 ltoc
2543 3572 2630 3639 qui
2660 3574 2885 3627 sustinet
2927 3576 3125 3630 doloris
3172 3579 3346 3633 fervor
3376 3582 3600 3636 vulnere
3646 3594 3822 3650 aperto

2250 3673 2593 3729 temperatur.
2628 3663 2724 3728 Qui
2765 3665 2906 3717 enim
2942 3668 3300 3730 proximorum
3338 3673 3471 3726 mala
3504 3677 3817 3742 respiciunt,

2254 3762 2308 3804 et
2356 3768 2531 3805 tamen
2579 3752 2630 3805 in
2670 3753 2880 3808 silentio
2911 3756 3140 3825 linguam
3191 3773 3454 3827 premunt,
3491 3767 3649 3832 quasi
3677 3782 3825 3820 cons-

2254 3844 2420 3911 pectis
2453 3844 2757 3899 vulneribus
2798 3862 2961 3900 usum'
2982 3850 3348 3905 medicaminis
3394 3854 3739 3917 subtrahunt,
3782 3865 3827 3909 et

2251 3949 2319 3989 eo
2349 3936 2537 3988 mortis
2584 3949 2833 3993 auctores
2863 3939 3016 4005 fiunt,
3065 3957 3171 4009 quo
3213 3944 3361 3998 virus
3400 3945 3545 4013 quod
3596 3956 3827 4013 poterant

2255 4039 2445 4080 curare
2475 4025 2779 4081 noluerunt.
2834 4028 3033 4098 Lingua
3078 4031 3255 4099 itaque
3303 4035 3535 4089 discrete
3585 4037 3827 4092 frenanda

2256 4125 2360 4180 est,
2406 4132 2510 4169 non
2544 4116 2904 4175 insolabiliter
2953 4122 3257 4191 obliganda.
3308 4129 3582 4192 scriptum
3618 4144 3830 4197 namque

2257 4219 2368 4261 est:
2403 4208 2624 4277 Sapiens
2652 4212 2831 4263 tacebit
2875 4228 3033 4281 usque
3080 4216 3148 4266 ad
3179 4225 3372 4282 tempus
3407 4217 3601 4288 (Ereti.
3638 4237 3725 4283 xx,
3760 4220 3829 4285 7).

2260 4307 2317 4350 ttt
2346 4301 2596 4353 nimirum
2627 4316 2747 4355 cum
2781 4312 3132 4370 opportunum
3173 4308 3498 4374 considerat,
3540 4312 3827 4380 postposita

2261 4403 2487 4444 censura
2516 4390 2740 4458 silentii,
2789 4393 3059 4462 loquendo
3089 4412 3209 4464 quae
3236 4410 3563 4466 congruunt,
3598 4403 3648 4453 in
3691 4416 3830 4453 nsunt

579 4490 738 4541 nitnis
770 4488 939 4540 tacitis
968 4486 1145 4550 debet,
1175 4484 1297 4553 quia
1343 4482 1467 4535 dum
1515 4481 1755 4550 quoidam
1786 4481 1909 4534 vitia
1942 4482 2154 4535 incaute
2183 4484 2235 4543 D
2260 4496 2320 4535 se
2345 4483 2593 4538 utilitatis
2622 4484 2915 4552 impendat.
2949 4485 3014 4538 Et
3040 4501 3250 4540 rursum
3270 4488 3521 4556 scriptum
3542 4499 3629 4544 est
3654 4508 3664 4541 :
3691 4488 3831 4541 Τρηιτ

581 4580 805 4649 fugiunt,
840 4576 1047 4631 occulte
1071 4573 1430 4628 deterioribus
1458 4571 1818 4641 implicantur.
1846 4571 1976 4625 Nam
2010 4585 2152 4638 saepe

578 4674 813 4740 linguam
835 4669 955 4736 quia
983 4665 1387 4720 immoderatius
1412 4666 1640 4725 frenant,
1672 4665 1720 4716 in
1752 4665 1913 4718 corde
1942 4665 2153 4733 gravius

578 4763 965 4828 multiloquium
1007 4760 1274 4822 tolerant;
1324 4768 1379 4810 ut
1408 4772 1473 4812 eo
1529 4757 1648 4824 plus
1698 4757 2051 4827 cogitationes
2101 4759 2153 4808 in

582 4866 761 4909 tuente
794 4850 1055 4942 ferveant,
1085 4865 1191 4918 quo
1219 4849 1335 4902 illas
1363 4848 1592 4902 violenta
1617 4848 1853 4900 t-uStodia
1881 4848 2155 4901 indiscreti

583 4943 777 4999 silentii
825 4935 1091 5010 angustat.
1125 4940 1255 5004 Qum
1306 4940 1619 5007 plerumque
1663 4946 1809 4989 tanto
1861 4939 2014 4991 latius
2060 4935 2163 4992 dif-

582 5038 772 5099 ﬂuunt,
797 5043 993 5104 quanto
1019 5048 1077 5086 se
1105 5046 1224 5085 esse
1254 5031 1492 5085 securius
1520 5031 1803 5095 :cstimant,
1828 5030 1948 5098 quia
1983 5032 2107 5084 foris
2134 5048 2163 5083 a

654 5158 678 5184 ιι
712 5149 807 5199 llic
853 5156 907 5198 et
932 5144 1064 5199 infra
1094 5159 1307 5209 semper
1339 5144 1549 5211 legitur,
1579 5152 1839 5212 stagnum,
1881 5144 1929 5196 in
1979 5144 2159 5213 Trec.,

584 5217 765 5278 (Iorb.,
795 5216 960 5269 Laud.
990 5225 1044 5267 et
1064 5215 1273 5268 Getnet.

653 5285 679 5323 δ
710 5287 914 5339 Gentet.
960 5284 1153 5352 aliique
1183 5285 1362 5336 Norm.
1397 5299 1517 5338 cum
1554 5283 1708 5336 tertio
1742 5280 1979 5343 Carnot.,
2014 5293 2163 5339 teter-

587 5358 662 5410 nis
692 5355 958 5407 desideriis
986 5372 1086 5406 non
1112 5354 1347 5405 aleretur.

660 5437 681 5462 ε
713 5424 875 5486 Corb,
900 5425 961 5474 de
986 5439 1064 5475 eo.
1092 5424 1296 5484 'Laud.,
1326 5425 1386 5475 de
1406 5425 1619 5475 camino.

657 5494 683 5529 ἀ
711 5491 890 5554 Trec.,
912 5492 1099 5555 Corb.,
1135 5491 1331 5555 Laud,
1365 5492 1571 5547 Getnct.
1597 5506 1648 5548 ct
1676 5494 1762 5547 alii
1792 5494 2001 5561 Nurm.,
2027 5505 2082 5547 ut
2108 5498 2160 5548 in

589 5580 795 5615 ἤθεα...
828 5570 1030 5630 purget.

659 5642 684 5670 ο
718 5632 930 5700 (ἔπειρε.
963 5631 1183 5695 primus.
1219 5639 1692 5700 purgamentorum,
1724 5649 1879 5700 quem
1910 5651 2163 5697 sequere-

591 5720 707 5755 tuur
730 5704 825 5754 nisi
852 5698 1011 5753 Trcc.
1038 5709 1090 5751 et
1117 5701 1293 5754 t-asteri
1325 5699 1446 5752 Mss.
1481 5715 1577 5752 nos
1601 5698 1850 5769 cogerent
1880 5706 2155 5773 prarferre,

2263 4589 2356 4643 pus
2400 4576 2620 4636 tacendi,
2671 4585 2717 4629 et
2744 4586 2940 4643 tempus
2986 4576 3223 4645 loquendi
3270 4577 3469 4641 (Eccle.
3500 4595 3587 4647 ut,
3622 4581 3696 4650 7).
3729 4578 3832 4631 Dis-

2265 4674 2409 4717 crete
2450 4666 2648 4733 quippe
2676 4666 3095 4722 vicissitudinum
3128 4668 3398 4736 pensanda
3427 4681 3552 4724 sunt
3588 4685 3830 4740 tempora.

2268 4770 2334 4809 ne
2363 4767 2451 4810 aut
2480 4772 2600 4810 cum
2641 4759 2887 4826 restringi
2941 4762 3110 4831 lingua
3142 4764 3320 4831 debet,
3372 4781 3463 4834 per
3494 4770 3654 4823 verba
3685 4767 3830 4820 iuuti«

2270 4848 2389 4902 liter
2414 4849 2646 4914 deﬂuat;
2676 4861 2762 4903 aut
2794 4867 2912 4905 cum
2945 4853 3083 4921 loqui
3127 4857 3325 4911 utiliter
3356 4869 3549 4927 potest,
3596 4860 3831 4926 semetip-

2271 4956 2383 4995 satn
2418 4942 2566 5009 pigre
2596 4943 2901 5011 restringat.
2932 4943 3081 5010 Quod
3129 4948 3263 5003 bene
3292 4952 3574 5006 Psalmista
3606 4951 3827 5009 conside-

2275 5048 2418 5098 rans,
2466 5033 2633 5087 dicit:
2668 5032 2830 5102 Pone,
2885 5036 3119 5104 Domine,
3167 5044 3451 5095 custodiam
3493 5047 3572 5099 ori
3612 5062 3735 5110 meo,
3789 5052 3827 5094 et

2271 5150 2665 5219 pigmgntorum.

2400 5213 2583 5275 Trec"
2612 5215 2717 5295 “"9
2741 5219 3196 5299 .Pri9'eS_G¢m_et.
3230 5235 3283 5280 et
3308 5235 3529 5299 vetust.,
3557 5229 3789 5299 adamans
3815 5240 3824 5279 :

2270 5287 2426 5367 ibid.,
2462 5300 2556 5352 pro
2597 5287 2792 5356 recipit,
2843 5289 3007 5367 Laud.
3042 5295 3200 5348 habet
3250 5298 3458 5367 minime
3490 5287 3590 5352 non
3643 5296 3827 5362 recipit,

2270 5361 2683 5438 ονρξῖιηοβυηειι.
2720 5372 2819 5438 sc...
2854 5361 3072 5417 adamas
3102 5379 3168 5419 ne
3199 5366 3475 5420 minimam
3508 5369 3713 5437 quidem
3745 5372 3826 5415 ter-

2271 5444 2311 5480 rt
2345 5442 2657 5479 tnctstonem
2689 5439 2903 5495 patttnr.

2345 5505 2369 5542 ⁸
2399 5496 2609 5576 (Ῑοζιλν,
2636 5496 2824 5576 Ιδπιξίις,
2861 5501 3093 5576 Belgae”
3129 5506 3395 5560 secundus
3436 5506 3670 5569 (ἔπι-ηομ,
3703 5518 3826 5556 utrm

2269 5583 2299 5619 a
2330 5568 2657 5620 conscientia:
2705 5568 2879 5621 dolore
2905 5572 3073 5625 aliena
3103 5586 3349 5629 maneret.
3394 5578 3539 5631 Belv.
3588 5590 3751 5629 tamen
3780 5582 3827 5622 et

2268 5637 2533 5689 secundus
2566 5637 2778 5714 (iamut.
2813 5638 3027 5714 babent,
3056 5656 3302 5714 magar-er,
3350 5662 3445 5714 ρτιο
3484 5656 3721 5710 manem,
3752 5656 3827 5693 ετ.

2270 5722 2388 5759 rore
2420 5706 2781 5758 amanuensis.
2810 5709 3094 5776 Sequimur
3127 5706 3449 5769 Tamensem
3476 5728 3529 5773 et
3552 5718 3697 5769 alios.
