4014 6312
206 308 255 362 75
1001 301 1302 357 REGULIE
1345 300 1777 357 PASTORAIJS
1820 298 2042 353 LIBER.
2087 327 2152 338 -—
2196 295 2371 352 PARS
2409 296 2688 352 TERTIA.
3370 300 3431 353 7i

202 419 356 472 cilium
403 413 802 467 circumstantia
846 411 993 466 labiis
1023 414 1146 466 meis
1180 413 1296 483 (Ps.
1345 427 1474 478 (ιιι,
1499 412 1578 481 5).
1633 411 1746 466 Non
1776 413 1824 472 Α
1852 407 2082 465 Iacobus
2127 409 2202 463 ait
2228 426 2241 462 :
2276 409 2338 464 Si
2361 410 2473 478 quis
2502 419 2645 480 putat
2674 426 2727 463 se
2758 410 3048 478 religiosum
3095 427 3202 466 esse
3231 429 3332 466 non
3357 430 3437 466 ro-

201 508 316 561 enim
344 504 461 572 poni
505 505 588 557 ori
624 519 729 558 suo
756 513 1029 572 parietem,
1056 505 1150 558 sed
1199 505 1392 558 ostium
1424 504 1577 571 petit,
1609 503 1748 571 quod

201 599 412 650 videlicet
454 595 700 662 aperitur
729 605 777 648 et
801 593 1082 648 clauditur.
1133 593 1282 648 Unde
1309 605 1363 647 et
1411 593 1565 646 nobis
1596 603 1751 646 caute

201 687 474 740 discendum
503 693 612 743 est,
670 697 929 753 quatenus
977 699 1038 737 os
1089 684 1378 737 discretum
1407 694 1460 736 et
1516 698 1751 752 congruo

203 791 404 846 tempore
433 792 529 831 vox
549 776 778 845 aperiat,
819 785 874 830 et
901 791 1108 830 rursum
1135 789 1373 842 congruo
1408 775 1752 828 taciturnitas

205 869 404 924 claudat.

259 964 512 1014 Ateontra
560 958 888 1014 admonendi
938 969 1060 1013 sunt
1090 959 1425 1026 multiloquio
1473 970 1746 1022 vacantes,

203 1060 250 1102 ut
270 1051 525 1119 vigilanter
549 1050 815 1117 aspiciant
835 1063 865 1101 a
894 1061 1094 1117 quanto
1119 1049 1452 1103 rectitudinis
1486 1059 1626 1102 statu
1655 1050 1749 1103 de-

205 1151 420 1210 pereunt,
447 1143 563 1196 dum
595 1158 696 1211 per
737 1143 1052 1212 multiplicia
1088 1144 1248 1196 verba
1281 1143 1610 1197 dilabuntur.
1643 1144 1751 1196 Ilu-

205 1250 333 1286 mana
361 1234 543 1287 etenim
573 1247 734 1286 mens
760 1247 913 1300 aquae
943 1247 1093 1287 more
1123 1241 1149 1269 ⁸
1179 1233 1530 1286 circumclusa
1561 1232 1626 1284 ad
1659 1249 1750 1284 su-

205 1325 382 1392 periora
409 1324 692 1390 colligitur,
724 1325 844 1391 quia
879 1322 1004 1376 illud
1037 1322 1228 1391 repetit
1259 1323 1404 1378 unde
1432 1323 1747 1384 descendit;

204 1423 246 1467 et
271 1414 477 1466 relaxata
501 1415 737 1483 deperit,
766 1414 886 1482 quia
907 1428 968 1468 se
994 1428 1089 1482 per
1115 1413 1294 1468 infima
1322 1414 1580 1468 inutiliter
1598 1429 1752 1482 spar-

204 1504 277 1573 git.
306 1504 429 1570 Quot
451 1506 596 1558 enim
629 1507 980 1573 supervacuis
1009 1505 1190 1558 verbis
1215 1519 1244 1559 a
1275 1505 1470 1560 silentii
1500 1507 1583 1559 sui
1624 1520 1752 1560 ceu-

203 1609 300 1646 sura
328 1596 620 1661 dissipatur,
658 1597 813 1662 quasi
848 1605 924 1648 tot
955 1596 1082 1648 rivis
1115 1604 1264 1649 extra
1293 1611 1352 1650 se
1378 1595 1607 1650 ducitur.
1653 1595 1752 1651 Un-

204 1684 256 1737 de
279 1697 321 1736 et
347 1686 507 1738 redire
539 1685 770 1739 interius
794 1686 860 1738 ad
888 1685 969 1740 sui
1000 1687 1363 1755 cognitionem
1395 1702 1498 1741 non
1527 1688 1747 1748 sufficit.

202 1781 298 1843 quia
329 1793 410 1840 per
439 1779 830 1844 multiloquium
880 1791 1084 1843 sparsa,
1137 1793 1165 1830 a
1193 1787 1405 1832 secreto
1455 1793 1515 1833 se
1546 1779 1749 1832 intima:
1785 1781 1828 1840 Β

203 1866 606 1920 eousiilerationis
649 1867 914 1920 excludit.
966 1869 1153 1922 Totam
1187 1884 1313 1923 vero
1343 1883 1403 1923 se
1448 1870 1752 1926 insidiantis

206 1957 342 2010 hostis
369 1958 672 2012 vulneribus
706 1958 927 2026 detegit,
960 1960 1082 2024 quia
1119 1961 1263 2013 nulla
1311 1960 1603 2015 munitione
1633 1977 1755 2015 cus-

206 2048 330 2101 mdia
363 2051 750 2103 circnmcludit.
803 2049 953 2104 Unde
993 2052 1249 2118 scriptum
1293 2059 1413 2105 est:
1447 2053 1594 2106 Sicut
1635 2055 1753 2108 urbs

204 2151 348 2206 petens
372 2153 415 2195 et
441 2144 626 2210 absque
655 2158 923 2194 murorum
951 2146 1171 2206 ambitu,
1202 2144 1275 2195 ita
1303 2144 1379 2196 vir
1405 2145 1494 2211 qui
1533 2161 1631 2196 non
1662 2162 1756 2213 po-

205 2243 278 2286 test
313 2236 356 2286 in
384 2237 624 2300 loquendo
657 2237 896 2288 cohibere
943 2236 1182 2305 spiritum
1206 2251 1356 2287 suum
1384 2235 1564 2304 (Prov.
1623 2252 1749 2302 xxv,

203 2324 298 2392 2i).
324 2326 436 2390 Quia
465 2325 603 2380 enim
635 2341 852 2379 murum
883 2324 1078 2378 silentii
1125 2340 1230 2378 non
1261 2325 1440 2389 habet,
1476 2333 1622 2392 patet
1652 2327 1753 2379 ini-

206 2416 302 2468 inici
328 2417 496 2482 iaculis
525 2418 725 2470 civitas
770 2415 1001 2478 mentis;
1033 2424 1086 2468 et
1113 2430 1234 2468 eum
1264 2431 1322 2468 se
1349 2430 1444 2484 per
1469 2417 1630 2470 verba
1660 2431 1754 2470 ex-

205 2512 268 2556 Ira
295 2509 604 2574 semetipsam
636 2506 811 2576 ejicit,
844 2517 1081 2575 apertam
1128 2522 1188 2561 se
1231 2507 1541 2563 adversario
1569 2522 1752 2563 osten-

203 2594 280 2646 dit.
307 2596 448 2661 Quam
486 2609 632 2650 tanto
667 2598 764 2650 ille
816 2597 932 2650 sine
987 2597 1169 2651 labore
1199 2608 1433 2666 superat,
1467 2610 1668 2667 quanto
1695 2607 1752 2653 et

205 2688 296 2752 ipsa
331 2704 430 2755 quae
474 2690 730 2754 vini-itur,
761 2698 945 2742 contra
993 2694 1332 2758 semetipsum
1365 2705 1458 2759 per
1508 2692 1747 2746 multilo-

203 2779 352 2845 quium
379 2794 584 2849 pugnat.

262 2870 544 2941 Plerumque
575 2883 761 2926 autem
791 2875 916 2941 quia
950 2887 1044 2939 per
1098 2874 1354 2940 quosdam
1386 2872 1582 2943 gradus
1610 2872 1753 2925 desi-

204 2963 322 3014 diosa
370 2979 510 3017 utens
549 2965 599 3017 iu
661 2965 872 3030 lapsum
915 2979 1072 3018 casus
1121 2963 1436 3030 impellitur,
1469 2966 1592 3018 dum
1643 2964 1750 3034 55

199 3053 338 3104 otiosa
370 3070 550 3108 cavere
595 3055 764 3108 verba
815 3055 1132 3122 negligimus
1154 3093 1171 3119 ,
1203 3053 1268 3106 ad
1311 3055 1465 3106 noxia
1499 3057 1746 3120 perveni-

1856 501 2062 568 [renans
2085 501 2320 567 linguam
2345 517 2492 553 suam
2519 544 2532 566 ,
2565 502 2652 552 sed
2678 500 2924 553 scducens
2961 516 3048 552 cor
3084 517 3254 567 suum,
3284 503 3438 573 hujus

1853 606 1985 642 rana
2011 601 2084 642 est
2105 591 2289 658 religio
2308 589 2452 659 (Jac.
2486 607 2526 652 t,
2551 591 2666 659 ‘26).
2689 592 2819 644 lliuc
2848 606 3058 644 rursum
3088 593 3194 644 ait:
3221 594 3303 647 Sit
3329 610 3438 647 om.

1853 683 1930 734 nis
1963 683 2114 734 homo
2151 683 2296 734 velox
2332 683 2398 734 ad
2431 683 2784 746 audiendum,
2824 681 3004 734 tardus
3049 691 3216 735 autem
3253 685 3320 736 ad
3360 688 3440 738 lo-

1852 773 2110 842 quendam
2145 771 2334 842 (Ibid.,
2373 772 2482 840 l9).
2519 772 2652 826 lliuc
2676 775 2886 839 iterum,
2922 773 3116 842 linguae
3166 775 3269 826 vim
3300 775 3435 829 deli-

1853 865 2007 917 niens
2039 902 2056 927 ,
2103 863 2382 933 adjungtt:
2444 863 2736 931 Inquietum
2782 865 2995 927 malum,
3043 865 3193 932 plena
3248 881 3438 920 veneno

1853 954 2121 1023 mortifero
2148 952 2290 1024 (Jac.
2325 970 2339 1006 ι
2365 970 2402 1021 ι,
2431 954 2507 1023 8).
2541 954 2671 1008 lluc
2705 969 2796 1022 per
2825 955 3164 1023 seuretipsam
3194 972 3290 1011 nos
3336 959 3437 1011 Ve-

1853 1043 1984 1096 ritas
2024 1043 2274 1096 admonet
2299 1083 2312 1103 ,
2364 1043 2577 1102 dicens:
2615 1041 2780 1094 Omne
2808 1045 3010 1096 verbum
3055 1047 3272 1098 otiosum
3303 1052 3438 1113 quod

1853 1133 2004 1184 locuti
2036 1131 2222 1199 fuerint
2255 1131 2483 1184 homines
2505 1172 2519 1195 ,
2553 1133 2762 1185 reddent
2794 1137 2858 1186 de
2886 1150 2945 1187 eo
2978 1137 3228 1188 rationem
3259 1139 3310 1188 in
3354 1140 3437 1190 die

1843 1225 2037 1294 judicii
2064 1224 2277 1292 (Matth.
2312 1239 2405 1288 xtt,
2431 1225 2542 1289 36).
2574 1225 2814 1279 Otiosum
2859 1228 3054 1296 quippe
3081 1229 3300 1282 verbum
3331 1239 3434 1294 est,

1853 1316 1995 1384 quod
2036 1325 2127 1369 aut
2167 1318 2372 1370 ratione
2407 1315 2568 1383 justas
2604 1318 2938 1372 necessitatis
2961 1361 2975 1383 ,
3008 1329 3099 1374 aut
3143 1320 3438 1374 intentione

1858 1407 1958 1476 piae
1987 1408 2227 1461 utilitatis
2271 1417 2439 1462 caret.
2471 1408 2526 1462 Si
2557 1424 2682 1477 ergo
2709 1409 2777 1464 de
2821 1410 2994 1466 otioso
3025 1426 3274 1466 sermone
3303 1413 3438 1466 ratio

1853 1500 2112 1568 ειὶείιυτ.
2140 1514 2427 1567 Ρεηεεηιυε
2455 1515 2573 1568 qum
2606 1515 2759 1566 pinna
2784 1504 3172 1571 multiloquium
3202 1517 3434 1570 maneat,

1856 1590 1906 1643 in
1933 1605 2039 1658 quo
2067 1593 2227 1643 etiam
2262 1604 2357 1656 per
2390 1591 2546 1642 noxia
2578 1590 2738 1642 verba
2773 1601 3043 1656 peccatur.

2229 1676 2458 1732 CAPUT
2504 1677 2594 1729 XV
2629 1677 2736 1748 [ΑΙ.
2767 1677 3088 1752 ΧΧΧΙ.’(’].’

2060 1767 2332 1831 Quomodo
2361 1769 2671 1820 admonendi
2703 1769 2838 1838 pigri
2864 1780 2910 1822 et
2939 1773 3244 1840 praecipites.

1929 1859 2251 1926 (Admonitio
2298 1858 2411 1926 16.)
2445 1858 2614 1912 Aliter
2641 1859 2960 1913 admonendi
2993 1873 3117 1916 sunt
3162 1864 3316 1934 pigri,
3355 1874 3436 1918 at-

1855 1965 1959 2019 que
1983 1949 2141 2003 aliter
2169 1948 2488 2017 prascipites.
2526 1948 2601 2002 Illi
2637 1964 2866 2018 namque
2896 1953 3149 2007 suadendi
3193 1966 3336 2022 sunt,
3369 1973 3436 2011 ne

1853 2039 2056 2105 agenda
2087 2038 2247 2108 bona,
2274 2039 2398 2092 dum
2425 2039 2676 2093 differunt
2699 2079 2716 2106 ,
2747 2040 3033 2108 amittant;
3070 2044 3153 2097 isti
3182 2061 3312 2099 vero
3340 2048 3436 2100 ad-

1855 2132 2107 2184 monendi
2137 2140 2280 2195 sunt,
2313 2145 2379 2184 ne
2405 2130 2530 2184 dum
2561 2132 2820 2186 bonorum
2853 2143 3062 2202 tempus
3091 2137 3302 2192 incaute
3337 2140 3437 2193 fes-

1857 2225 2077 2276 tinando
2106 2222 2460 2289 pra-veniunt,
2493 2238 2677 2276 eorum
2712 2225 2899 2278 merita
2935 2228 3234 2283 immutent.
3271 2230 3437 2300 Pigris

1855 2319 2034 2383 itaque
2086 2315 2436 2370 intimandum
2483 2325 2566 2372 est
2610 2316 2751 2384 quod
2802 2332 2945 2386 saepe
2974 2320 3098 2372 dum
3142 2336 3438 2388 opportune

1862 2421 2022 2474 agere
2051 2422 2169 2476 qua:
2215 2421 2492 2473 possumus
2542 2408 2813 2475 nolumus,
2866 2413 3020 2477 paulo
3057 2421 3176 2480 post
3201 2429 3319 2466 cum
3354 2430 3440 2467 vo-

1860 2498 2037 2550 lumus
2068 2512 2173 2550 non
2203 2498 2458 2552 valemus.
2491 2497 2610 2567 Ipsa
2637 2501 2832 2567 quippe
2865 2503 3059 2556 metuis
3086 2503 3290 2558 desidia
3317 2504 3439 2560 dum

1856 2602 2095 2657 congruo
2126 2587 2339 2642 fervore
2373 2602 2476 2642 ηοω
2508 2591 2837 2650 accenditur,
2879 2607 2909 2643 a
2945 2592 3205 2648 bonorum
3235 2595 3438 2651 deside-

1855 2678 1938 2732 rio
1968 2677 2226 2741 funditus,
2257 2678 2663 2734 convalescente
2693 2681 2871 2735 furtim
2902 2695 3115 2753 torpore
3149 2696 3432 2747 mactatur.

1859 2772 2008 2825 Unde
2035 2781 2216 2836 aperte
2242 2786 2333 2834 per
2363 2770 2703 2826 Salomouem
2729 2773 2924 2828 diu-itur
2951 2793 2964 2828 :
2999 2775 3222 2846 Pigredo
3248 2781 3436 2834 immit-

1856 2863 1915 2915 tit
1945 2877 2180 2931 soporem
2224 2859 2405 2930 (Prov.
2458 2877 2568 2929 xix,
2604 2863 2714 2933 t5).
2766 2864 2920 2932 Piger
2959 2865 3102 2921 enim
3135 2878 3280 2924 recte
3318 2885 3438 2926 seno

1861 2953 2045 3008 tieudo
2073 2953 2226 3022 quasi
2257 2953 2464 3022 vigilat,
2487 2957 2730 3023 quamvis
2759 2957 2828 3010 nil
2852 2961 3128 3025 Operatido
3152 2973 3440 3030 torpescat;

1857 3047 1949 3098 sed
1968 3044 2184 3114 pigredo
2208 3059 2455 3113 soporem
2481 3046 2768 3102 immittere
2788 3050 3002 3117 dicitur,
3024 3055 3146 3122 quia
3171 3057 3438 3125 paulisper

203 3158 328 3206 tuus;
367 3156 416 3197 ut
447 3147 588 3213 ptius
615 3146 763 3213 loqui
787 3145 958 3197 aliena
990 3146 1168 3207 libeat,
1206 3145 1543 3212 postmodum
1575 3144 1752 3197 detra-
1781 3141 1826 3202 C
1859 3143 2020 3198 etiam
2069 3142 2095 3181 ά
2126 3157 2272 3199 recte
2312 3147 2575 3201 sentiendi
2621 3146 2886 3214 vigilantia
2927 3147 3206 3212 amittitur,
3238 3147 3364 3201 dum
3409 3164 3438 3202 a

200 3232 437 3286 ctiontbus
458 3249 638 3288 eorum
671 3237 834 3287 vitam
852 3232 877 3271 δ
905 3235 972 3287 de
999 3234 1190 3301 quibus
1217 3233 1702 3302 loquiturtnordeat
1730 3272 1746 3296 ,

200 3324 252 3375 ad
271 3336 557 3378 extremum
587 3342 713 3380 vero
734 3342 899 3396 usque
921 3327 986 3379 ad
1019 3335 1234 3394 apertas
1261 3327 1436 3394 lingua
1465 3337 1748 3380 contume-

200 3413 279 3467 lias
299 3426 548 3484 erumpat.
571 3417 701 3471 lliuc
718 3419 885 3470 sentin
907 3429 1050 3470 ontur
1073 3417 1295 3480 stimuli,
1324 3419 1566 3471 oriuntur
1591 3420 1742 3481 rixa},

199 3509 522 3561 accenduntur
569 3512 708 3562 faces
750 3511 995 3561 odiorqu
1024 3551 1036 3572 ,
1093 3523 1189 3575 pax
1222 3509 1574 3577 exstinguitur
1617 3523 1747 3561 cor-

202 3597 344 3650 dtum.
379 3599 517 3653 Unde
542 3602 679 3654 bene
709 3616 801 3668 per
822 3600 1163 3653 S-IIOMOIIelII
1188 3599 1381 3652 dicitur
1408 3617 1420 3651 :
1450 3599 1550 3666 Qui
1572 3601 1748 3652 dimit-

202 3692 246 3737 tit
294 3706 479 3754 aquam,
537 3701 693 3756 caput
746 3701 818 3742 est
863 3691 1156 3758 jurgiorum
1207 3687 1387 3757 (Prov.
1445 3704 1575 3748 xvtt,
1637 3688 1745 3758 Η).

202 3780 379 3844 Aquam
408 3782 591 3850 quippe
621 3779 894 3833 dimittere
925 3792 1006 3832 est
1057 3779 1288 3849 linguam
1321 3779 1373 3832 in
1407 3780 1606 3833 ﬂuxum
1640 3781 1751 3832 elo-

200 3870 288 3936 quii
317 3872 556 3927 relaxare.
607 3874 728 3940 Quo
757 3883 941 3925 contra
991 3873 1041 3925 in
1075 3874 1211 3926 bona
1258 3873 1418 3926 etiam
1468 3882 1617 3940 parte
1651 3873 1746 3924 ite-

202 3974 296 4013 rutn
319 3963 492 4016 dicitur
517 3982 532 4018 :
565 3968 718 4029 Aqua
762 3964 1046 4034 profunda,
1075 3964 1222 4016 verba
1242 3979 1304 4018 ea:
1331 3979 1417 4016 ore
1443 3964 1536 4016 uiri
1561 3963 1747 4033 (lbid.,

203 4067 322 4115 mu,
351 4053 420 4123 4).
445 4057 538 4121 Qui
571 4070 706 4124 ergo
730 4055 950 4108 dimittit
989 4069 1181 4123 aquam
1207 4095 1223 4120 ,
1255 4062 1414 4122 caput
1442 4065 1518 4106 est
1547 4053 1754 4120 jurgio-

201 4158 314 4208 rum,
353 4149 460 4213 quia
490 4150 581 4217 qui
644 4150 872 4214 linguam
934 4162 1039 4200 non
1074 4146 1306 4199 refrenat
1333 4187 1348 4206 .
1403 4144 1748 4198 concbrdiam

201 4235 402 4305 dissipat.
437 4238 588 4293 Unde
621 4253 651 4291 e
695 4238 904 4290 diverso
950 4237 1206 4301 scriptum
1238 4244 1356 4288 est:
1395 4235 1496 4300 Qui
1535 4236 1751 4302 imponit

201 4329 324 4380 stulto
348 4332 594 4383 silentium
623 4371 638 4397 ,
669 4331 774 4382 iras
814 4330 1016 4399 mitigat
1049 4326 1238 4398 (Ibid..
1273 4343 1421 4380 xxvt.
1459 4328 1568 4394 10).
1597 4326 1749 4391 Quod

202 4428 346 4473 autem
389 4423 717 4488 multiloquio
744 4422 966 4488 quisque
996 4420 1259 4481 serviens,
1297 4427 1318 4453 ε
1376 4416 1746 4470 rectitudinetn

1862 3233 1998 3286 bene
2029 3235 2286 3299 operandi
2335 3237 2514 3288 studio
2543 3245 2804 3290 cessatur.
2842 3235 2939 3290 Ubi
2989 3246 3132 3292 recte
3169 3236 3438 3306 subjungi~

1855 3333 1938 3376 tur
1962 3341 1977 3379 :
2013 3324 2079 3375 Et
2109 3326 2282 3376 anima
2310 3327 2561 3378 dissoluta
2590 3329 2775 3379 esurict
2823 3328 3035 3398 (Ibid.).
3067 3328 3199 3383 Nam
3227 3330 3349 3397 quia
3375 3345 3437 3385 se

1854 3413 1920 3466 ad
1961 3414 2237 3480 superiora
2271 3415 2582 3483 stringendo
2633 3431 2738 3468 non
2788 3415 2990 3486 dirigit,
3037 3421 3338 3488 neglectam
3377 3437 3438 3476 se

1854 3503 2078 3558 inferius
2126 3519 2219 3571 per
2258 3505 2520 3559 desideria
2553 3506 2808 3575 expandit
2835 3524 2850 3573 ;
2881 3517 2936 3563 et
2983 3509 3106 3563 dum
3140 3511 3438 3566 studiorum

1853 3597 2166 3650 sublimium
2203 3597 2380 3664 vigore
2411 3613 2517 3650 non
2547 3598 2951 3668 constringitur,
2982 3601 3291 3669 cupiditatis
3318 3602 3440 3656 iuti-

1854 3700 1956 3739 tua:
1986 3695 2010 3723 0
2041 3688 2179 3740 fame
2208 3689 2476 3741 sauciatur
2501 3705 2515 3754 ;
2547 3697 2604 3742 ut
2641 3703 2748 3758 quo
2776 3705 2834 3744 se
2863 3706 2958 3760 per
2980 3692 3314 3762 disciplinam
3337 3695 3440 3766 56

1855 3777 2026 3845 ligare
2054 3777 2374 3842 dissimulat,
2400 3793 2466 3832 eo
2505 3795 2564 3834 se
2587 3782 2829 3834 esuriens
2859 3798 2952 3848 per
2983 3785 3314 3852 voluptatum
3341 3786 3441 3841 de-

1853 3867 2047 3920 sideria
2099 3877 2336 3936 Spargat.
2388 3869 2522 3924 lliuc
2572 3871 2641 3926 ab
2687 3873 2876 3927 eodem
2930 3890 3115 3928 rursus
3157 3876 3441 3932 Salomone

1853 3959 2140 4014 scribitur:
2180 3957 2246 4012 In
2278 3961 2545 4015 desideriis
2587 3972 2660 4015 est
2691 3966 2855 4016 omnis
2885 3966 3078 4018 otiosus
3117 3966 3302 4035 (Prov.
3331 3984 3440 4030 xxi,

1852 4049 1970 4119 26).
2007 4051 2140 4105 Hinc
2171 4052 2280 4121 ipsa
2316 4051 2553 4106 Veritate
2596 4055 2918 4120 prmdicante
2961 4056 3174 4124 (Matth.
3221 4073 3317 4124 xu,
3349 4059 3439 4121 44,

1854 4141 1946 4207 45)
1974 4179 1992 4207 ,
2039 4157 2144 4195 uno
2191 4142 2404 4211 quidem
2433 4155 2662 4199 exeunte
2699 4147 2887 4214 spiritu
2919 4148 3112 4201 munda
3143 4148 3335 4204 domus
3363 4151 3442 4204 di~

1853 4238 2012 4302 citur,
2045 4237 2139 4290 sed
2171 4236 2516 4305 multiplicius
2563 4237 2821 4293 redeunte
2855 4239 2980 4292 dum
3025 4249 3180 4294 vacat
3210 4257 3439 4312 occupa-

1857 4336 1962 4382 tur.
1998 4328 2316 4395 Plerumque
2364 4329 2515 4396 piger
2556 4329 2680 4382 dum
2723 4329 3022 4384 necessaria
3070 4345 3230 4400 agere
3274 4333 3440 4403 negli-

1854 4420 1964 4488 git,
2017 4419 2259 4488 quaedam
2311 4418 2414 4473 sibi
2458 4418 2698 4474 difﬁcilia
2748 4422 2988 4488 opponit,
3031 4422 3273 4490 qumdam
3313 4440 3439 4478 vero

201 4505 382 4574 iustitia:
411 4521 598 4565 tenere
627 4525 957 4578 nequaquam
987 4507 1177 4575 possit,
1205 4516 1429 4559 testatur
1461 4505 1746 4574 Propheta,
1781 4499 1832 4558 D
1859 4512 2070 4564 incaute
2120 4508 2405 4573 formidat;
2439 4519 2493 4564 et
2531 4511 2656 4563 dum
2705 4512 2853 4578 quasi
2886 4511 3088 4566 invenit
3130 4513 3268 4578 quod
3297 4515 3440 4567 velut

202 4602 272 4663 qui
309 4602 400 4652 ait:
458 4603 541 4654 l’ir
594 4603 858 4670 linguosus
915 4616 1017 4652 non
1058 4599 1306 4666 dirigetur
1353 4613 1506 4664 super
1554 4607 1744 4650 terram

200 4687 510 4757 (Ps.cxxxix,
545 4694 654 4761 I2).
686 4692 819 4746 Huic
846 4706 1058 4759 quoque
1080 4691 1331 4742 Salomon
1362 4689 1551 4742 iterum
1580 4688 1743 4740 dicit:

201 4775 255 4829 In
297 4783 594 4852 nultiloquio
650 4799 749 4834 non
801 4783 959 4834 deerit
1003 4790 1261 4847 peccatum
1292 4777 1475 4848 (Prov.
1524 4793 1578 4845 x,
1636 4778 1744 4846 I9).

200 4871 312 4926 lliuc
340 4874 482 4928 Isaias
511 4876 623 4928 ait:
656 4873 840 4928 Cultus
864 4872 1082 4941 justitiaz
1127 4869 1382 4923 silentium
1423 4867 1529 4936 (Is.
1572 4884 1743 4930 xxxu,

200 4965 292 5028 li),
324 4967 547 5021 videlicet
583 4968 825 5020 indicans
855 4966 975 5032 quia
1021 4966 1214 5016 mentis
1241 4963 1446 5028 justitia
1477 4963 1748 5015 desolatur

197 5057 379 5116 quando
401 5061 464 5110 ab
490 5058 844 5110 immoderata
876 5054 1147 5106 locutione
1191 5069 1294 5105 nou
1325 5053 1584 5125 parcitur.
1615 5053 1747 5106 lliuc

258 5179 277 5203 ι
308 5169 353 5220 In
380 5171 556 5238 Angl.,
587 5186 730 5239 aqua
754 5186 894 5223 more
923 5169 1294 5220 circumclustt'.
1326 5167 1476 5239 Stant
1504 5181 1602 5234 pro
1628 5181 1744 5218 nos-

201 5248 258 5359 ἵε
287 5237 498 5294 lectione
540 5237 720 5307 Τινὲς).⁹
756 5243 933 5301 Belin,
984 5248 1090 5291 tres
1129 5240 1374 5301 Carnot.,
1414 5237 1734 5306 Ilotltomug.

235 5324 299 5359 rr.

234 5324 299 5376 yr.

256 5378 279 5415 δ
302 5381 477 5445 Laud,
502 5385 564 5436 de
589 5381 770 5450 quibus
793 5380 1070 5447 loquimur.

258 5461 274 5486 ε
305 5453 436 5506 Belv.
472 5465 525 5508 et
555 5445 656 5506 duo
689 5445 890 5516 priores
919 5451 1140 5504 Carnot.
1172 5492 1186 5512 ,
1220 5448 1442 5502 serviens
1465 5486 1480 5508 ,
1517 5445 1746 5517 linguam

202 5517 370 5589 frenare
398 5525 670 5589 nequiverit
702 5521 897 5573 accidet
930 5527 984 5570 ut
1014 5521 1388 5578 rectitudinem,
1421 5526 1524 5570 etc.

260 5588 282 5624 ⁸
317 5592 365 5641 1η
404 5585 573 5655 Buqu
623 5592 810 5653 Corb.,
858 5590 1065 5642 Tlieod.
1116 5599 1172 5642 et
1222 5591 1427 5643 duobus
1481 5585 1748 5654 prioribus

201 5657 410 5725 Carnot.,
448 5673 577 5716 recte
623 5660 906 5715 sentiendo.
941 5660 1070 5723 Qua:
1123 5661 1280 5712 lectio
1310 5674 1340 5711 a
1391 5666 1538 5710 recto
1582 5671 1743 5707 sensu

203 5741 287 5780 non
336 5733 620 5792 abhorret,
680 5732 838 5784 modo
886 5729 965 5783 sic
1022 5730 1261 5794 legatur:
1316 5727 1437 5797 quia
1489 5727 1748 5795 paulisper

457 5828 715 5885 I‘nuoa.
751 5821 1074 5882 LXXVII.

1849 4602 1992 4673 juste
2021 4611 2217 4656 metuat
2243 4643 2257 4663 ,
2291 4603 2523 4656 ostendit
2549 4603 2776 4671 quodin
2809 4603 2916 4654 otio
2945 4604 3096 4668 quasi
3127 4618 3232 4655 non
3269 4603 3438 4670 injus-

1857 4702 1909 4748 te
1933 4701 2218 4757 torpescat.
2250 4692 2346 4745 Cui
2375 4701 2520 4745 recte
2545 4708 2638 4759 per
2667 4692 3008 4744 Salomonem
3033 4692 3227 4747 dicitur
3252 4712 3264 4745 :
3298 4693 3435 4746 Pra-

1845 4783 2136 4852 pterfrigus
2166 4783 2306 4851 piger
2332 4797 2481 4834 arare
2515 4782 2678 4833 noluit
2707 4797 2724 4845 ;
2752 4781 3056 4834 mendicabit
3079 4799 3199 4853 ergo
3238 4795 3432 4852 estate,

1856 4883 1903 4927 et
1930 4890 2033 4926 non
2059 4873 2260 4925 dabitur
2283 4875 2326 4925 ei
2354 4870 2535 4940 (Prov.
2566 4887 2655 4934 xx,
2689 4872 2766 4940 4).
2802 4872 3024 4941 Propter
3053 4874 3217 4943 frigus
3243 4876 3437 4944 quippe

1860 4965 2009 5032 piger
2051 4980 2156 5017 non
2187 4973 2323 5032 arat,
2359 4963 2378 5001 ί
2412 4964 2539 5017 dum
2570 4964 2788 5018 desidiae
2829 4976 3046 5034 torpore
3089 4967 3432 5029 constrictus,

1853 5071 2010 5125 agere
2036 5071 2156 5125 qua:
2182 5056 2339 5111 debet
2375 5058 2513 5110 bona
2538 5057 2859 5111 dissimulat.
2894 5056 3117 5126 Propter
3157 5056 3322 5125 frigus
3354 5058 3433 5125 pi-

1849 5169 2003 5220 etiam
2032 5176 2165 5220 recte
2195 5168 2460 5221 sentiendo
2491 5167 2757 5237 vigilantia
2801 5168 3073 5219 amittitur.
3093 5167 3304 5220 Scilicet
3332 5183 3436 5222 non

1850 5238 2046 5292 sul'licit
2075 5248 2214 5291 recte
2242 5241 2463 5298 sentire,
2493 5241 2589 5291 nisi
2625 5239 2822 5291 bonum
2851 5253 3153 5305 operemur,
3195 5253 3298 5304 quo
3330 5253 3426 5291 ne-

1851 5308 2024 5375 glecm
2071 5311 2330 5362 amittitur
2377 5309 2673 5376 vigilantia.
2722 5309 2833 5362 Alia
2865 5308 3022 5361 lectio
3062 5323 3218 5376 quam
3251 5309 3435 5378 sequi-

1854 5393 1996 5439 mur,
2033 5390 2112 5431 est
2137 5379 2317 5443 'I‘rec.,
2349 5379 2581 5441 Gemet.,
2606 5386 2714 5431 etc.

1931 5458 1954 5484 ε
1985 5448 2150 5501 Laud.
2185 5457 2239 5501 ct
2279 5449 2482 5517 primus
2511 5447 2753 5509 Carnot.,
2787 5464 2908 5514 cup.
2953 5447 3173 5514 inﬁrma:
3210 5449 3442 5500 acumine

1853 5534 1996 5572 saur.
2035 5517 2182 5570 Belv.
2213 5527 2267 5570 et
2289 5518 2554 5571 secundus
2574 5519 2734 5572 Cum.
2771 5519 2968 5572 habent
2996 5519 3152 5570 etiam
3180 5519 3434 5580 acumine,

1855 5589 2049 5643 additis
2078 5598 2194 5657 post
2234 5590 2521 5654 sauciatur,
2563 5589 2643 5641 his
2671 5589 2870 5652 verbis,
2901 5589 2976 5640 vel
3019 5589 3177 5654 fontes
3203 5596 3432 5658 augetur.

1931 5658 1948 5696 τ
1979 5658 2165 5713 Nurm.
2189 5669 2241 5714 et
2263 5658 2502 5726 Carnot.,
2531 5660 2654 5712 dum
2681 5659 2879 5714 desidia
2907 5668 2954 5711 et
2986 5668 3119 5725 torp.

2995 5812 3035 5866 3
