3968 6310
526 293 591 344 75
1723 293 1964 348 saucrt
2005 296 2330 352 GRECORII
2369 299 2575 354 MAGNI
3201 256 3206 262 ’
3707 301 3773 353 7r.

517 417 613 468 ger
641 415 747 453 non
793 408 930 460 arat,
970 399 1096 455 dum
1130 413 1289 469 parva
1335 415 1400 453 cx
1444 401 1668 454 adverso
1697 403 1837 456 mala
1870 407 2093 468 metuit,
2127 411 2176 468 Α
2207 410 2334 475 ipsis
2377 409 2648 476 patiuntur
2689 407 2828 462 irati.
2866 407 3258 478 Nonnunquam
3307 425 3436 466 vero
3463 449 3478 476 ,
3519 414 3660 481 quod
3689 423 3774 466 est

520 500 800 562 etoperart
841 495 1071 546 maxima
1099 496 1473 561 praetermittit.
1503 495 1644 548 Bene
1669 506 1844 549 autem
1873 499 2093 552 dicitur:

520 585 835 640 Mendicabit
875 594 1073 651 testate,
1115 594 1161 638 et
1189 601 1290 638 non
1322 586 1524 638 dabitur
1551 587 1616 639 ei.
1651 587 1748 651 Qui
1781 590 1921 642 enim
1955 603 2097 644 nunc
2125 569 2128 571 ⁸

519 678 571 730 in
606 679 756 731 bonis
785 676 1036 744 operibus
1075 691 1179 730 non
1225 677 1467 744 exsudat,
1509 693 1629 731 cum
1661 680 1941 746 soljudicii
1990 681 2097 735 fer-

519 768 726 822 ventior
757 767 1082 835 apparuerit,
1127 767 1252 835 quia
1289 767 1477 821 frustra
1503 771 1649 838 regni
1679 771 1878 824 aditum
1914 780 2100 838 postu-

517 860 610 924 lat,
657 861 727 914 nil
778 859 1046 928 accipiens
1089 872 1276 916 testate
1308 862 1594 916 mendicat.
1651 865 1792 919 Bene
1835 867 1956 919 huic
2004 881 2099 933 per

517 953 767 1028 eumdem
808 952 1146 1006 Salomouem
1201 969 1407 1006 rursum
1457 955 1685 1008 dicitur:
1739 957 1836 1020 Qui
1866 960 2099 1010 observat

517 1061 734 1105 ventum,
771 1062 870 1097 non
925 1050 1251 1109 seminat;et
1303 1062 1389 1114 qut
1419 1049 1700 1099 considerat
1732 1050 1910 1110 nubes,
1963 1067 2096 1101 nun-

515 1155 666 1205 quam
696 1139 836 1189 metit
867 1135 1063 1207 (Eccle.
1109 1153 1184 1202 XI,
1227 1136 1305 1207 4).
1356 1137 1491 1202 Quid
1540 1140 1681 1192 enim
1730 1153 1824 1208 per
1854 1149 2092 1207 ventum,

515 1233 616 1286 nisi
669 1231 1015 1300 malignorum
1045 1232 1323 1298 Spirituum
1357 1232 1576 1285 tentatio
1620 1232 1937 1299 exprimitur
1979 1233 2094 1286 ?Et

516 1327 639 1393 quid
667 1339 761 1394 per
788 1324 956 1377 nubes
984 1338 1101 1392 qua:
1143 1333 1430 1377 moventur
1449 1338 1476 1375 a
1512 1333 1688 1388 vento,
1716 1324 1813 1375 nisi
1847 1332 1872 1358 ει
1904 1323 2092 1377 adver-

517 1417 702 1469 sitates
747 1428 1031 1483 pravorum
1080 1412 1354 1467 hominum
1396 1414 1782 1482 designantur?
1828 1414 1871 1468 Α
1921 1415 2093 1468 ventis

517 1505 767 1559 videlicet
801 1505 1147 1571 impelluntur
1177 1507 1369 1570 nubes,
1400 1505 1519 1572 quia
1555 1504 1946 1558 immundorum
1982 1505 2093 1573 spi-

516 1598 709 1649 rituum
753 1598 934 1650 alliatu
976 1597 1125 1665 pravi
1170 1596 1469 1649 excitantur
1517 1596 1783 1648 homines.
1816 1595 1915 1660 Qui
1965 1610 2093 1665 ergo

515 1686 764 1739 observat
810 1696 1051 1751 ventum,
1104 1701 1208 1739 non
1261 1685 1525 1749 seminat;
1558 1695 1610 1739 et
1656 1686 1744 1753 qui
1791 1688 2094 1741 considerat

515 1777 702 1838 nubes,
757 1791 1026 1845 nunquam
1082 1779 1266 1841 metit;
1297 1778 1416 1845 quia
1457 1777 1695 1845 quisquis
1742 1779 2087 1834 tentatiouem
2129 1809 2167 1866 Β

517 1868 868 1934 malignorum
899 1867 1183 1934 spirituum
1204 1907 1218 1932 ,
1249 1869 1489 1936 quisquis
1521 1867 1944 1936 persecutionem
1978 1884 2089 1935 pra-

519 1977 704 2014 verum
729 1974 1003 2014 nonuuum
1033 1961 1249 2024 metuit,
1275 1975 1446 2028 neque
1473 1974 1611 2024 nunc
1633 1973 1794 2028 grana
1821 1960 1942 2013 boni
1965 1975 2094 2028 ope-

516 2053 590 2106 ris
638 2054 906 2116 seminat,
940 2067 1112 2120 neque
1145 2063 1269 2106 tunc
1301 2052 1604 2121 manipulos
1630 2061 1828 2106 sancta:
1859 2052 2091 2106 retribu-

517 2144 674 2197 tionis
704 2152 872 2196 secat.

585 2237 648 2291 At
678 2247 879 2302 contra,
897 2236 1199 2306 prtecipites
1217 2236 1341 2290 dum
1365 2236 1624 2292 bonorum
1653 2247 1862 2292 actuum
1891 2252 2093 2307 praeve-

516 2330 665 2382 niunt
693 2340 924 2398 tempus,
956 2329 1199 2383 meritum
1232 2338 1561 2397 pervertunt,
1595 2339 1648 2383 et
1673 2344 1813 2397 smpe
1855 2329 1906 2383 in
1939 2329 2093 2382 malis

515 2431 787 2484 corruunt,
817 2421 942 2475 dum
976 2420 1114 2474 bona
1141 2420 1358 2474 minime
1386 2421 1715 2475 discernunt.
1748 2419 1848 2487 Qui
1892 2434 2091 2487 nequa-

516 2529 672 2583 quam
699 2529 816 2582 quze
856 2514 1067 2581 quando
1096 2522 1254 2580 agant
1301 2512 1608 2582 inspiciunt,
1641 2513 1734 2567 sed
1781 2513 2097 2582 plerumque

517 2614 630 2658 acta
660 2605 779 2673 quia
811 2605 881 2656 ita
925 2619 1030 2658 non
1060 2603 1357 2656 debuerunt
1395 2619 1549 2672 agere
1579 2612 1926 2672 cognoscunt.
1961 2603 2092 2669 Qui-

517 2698 611 2748 bas
653 2697 754 2748 sub
799 2695 1054 2748 auditoris
1099 2697 1278 2760 specie
1322 2705 1465 2747 recte
1501 2694 1640 2762 apud
1675 2693 1701 2731 δ
1743 2693 2089 2748 Salomonem

517 2786 738 2838 dicitur:
775 2781 901 2847 Fili,
933 2785 1038 2836 sine
1067 2784 1282 2836 consilio
1310 2784 1439 2836 nihil
1460 2786 1640 2853 facias,
1675 2797 1721 2837 et
1754 2794 1866 2852 post
1896 2782 2094 2854 factum

518 2891 617 2928 non
650 2873 908 2941 ptruitebis
937 2871 1127 2943 (Eccli.
1162 2887 1331 2938 xxxtt,
1377 2871 1494 2941 ‘26).
1538 2873 1603 2926 Et
1634 2889 1841 2926 rursum
1869 2891 1879 2924 :
1915 2872 2098 2926 l’albe-

519 2967 617 3018 brw
644 2976 742 3017 tua:
771 2965 1042 3033 precedant
1070 2980 1270 3034 gressus
1301 2973 1414 3016 tuos
1439 2963 1615 3033 (Prov.
1649 2979 1732 3028 tv,
1760 2963 1872 3028 ς25).
1906 2963 2094 3032 Palpe-

519 3059 627 3112 bras
672 3059 867 3125 quippe
905 3070 1120 3124 gressus
1168 3055 1498 3122 praecedunt,
1555 3069 1674 3106 cun
1730 3053 2095 3120 operationem

520 3160 752 3202 nostram
793 3147 1016 3200 consilia
1048 3154 1192 3199 recta
1223 3144 1574 3213 prteveniunt.
1619 3144 1720 3210 Qui
1751 3144 1892 3196 enim
1926 3142 2092 3211 negli-

2198 501 2429 567 gravius,
2478 500 2570 552 ira:
2613 514 2723 552 sua:
2768 500 3042 553 stimulum
3083 501 3299 568 justitia:
3339 501 3509 555 zelum
3559 511 3770 569 putant.

2202 590 2266 642 Et
2297 605 2417 643 cum
2448 591 2630 643 vitium
2676 590 2843 643 virtus
2871 591 3130 655 creditur,
3173 593 3288 645 sine
3318 601 3460 647 metu
3503 593 3655 660 culpa
3684 607 3775 646 cu.

2199 681 2450 734 mutatur.
2507 679 2662 748 Saepe
2692 687 2820 748 ergo
2846 681 3107 734 mansueti
3159 680 3524 735 dissolutionis
3569 690 3774 750 torpes-

2199 786 2326 827 cunt
2359 773 2556 838 tardio;
2591 787 2735 840 saepe
2778 771 3017 825 iracundi
3051 772 3384 826 rectitudinis
3421 771 3674 825 falluntur
3699 787 3777 826 se-

2200 866 2270 918 io.
2303 865 2515 918 illorum
2550 866 2728 933 itaque
2752 863 2935 918 virtuti
2966 864 3148 917 vitium
3179 866 3403 918 latenter
3433 865 3776 933 adjungitur;

2204 957 2283 1010 his
2309 966 2485 1008 autem
2518 972 2672 1009 suum
2704 957 2886 1010 vitium
2918 957 3068 1024 quasi
3103 957 3272 1008 virtus
3304 956 3513 1009 fervens
3542 957 3775 1010 videtur.

2203 1050 2536 1106 Admonendi
2565 1060 2692 1104 sunt
2721 1050 2876 1118 igitur
2907 1050 2981 1102 illi
3012 1059 3070 1101 ut
3101 1047 3302 1116 fugiant
3339 1048 3476 1117 quod
3505 1047 3657 1116 juxta
3699 1049 3779 1115 ip-

2206 1157 2294 1195 sos
2315 1151 2417 1205 est,
2451 1142 2535 1195 isti
2582 1141 2723 1209 quod
2773 1142 2824 1194 in
2849 1140 2977 1208 ipsis
3029 1149 3110 1193 est
3155 1139 3469 1204 attemiant;
3503 1139 3578 1194 illi
3629 1140 3780 1207 quod

2208 1247 2312 1286 nou
2347 1231 2544 1285 habent
2586 1231 2912 1292 discernant,
2945 1239 2967 1267 ε
3000 1229 3085 1283 isti
3112 1229 3251 1298 quod
3294 1229 3510 1282 habent.
3556 1229 3778 1297 Ample-

2205 1331 2420 1374 ctantur
2465 1321 2726 1375 mansueti
2755 1318 3186 1383 sollicitudinem,
3238 1320 3494 1373 damnent
3540 1320 3782 1375 iracundi

2200 1412 2676 1479 perturbationem.
2719 1411 3050 1466 Admonendi
3080 1420 3202 1464 sunt
3246 1411 3549 1476 mansueti,
3583 1421 3641 1464 ut
3684 1413 3780 1464 ha-

2207 1501 2334 1556 bere
2375 1502 2532 1556 etiam
2583 1501 2972 1555 simulationem
3002 1501 3222 1571 justitiai
3261 1502 3550 1566 studeant;
3584 1502 3774 1555 admo-

2201 1593 2355 1646 nendi
2387 1603 2512 1647 sunt
2543 1594 2805 1658 iracundi,
2855 1603 2910 1646 ut
2949 1594 3270 1648 aemulationi
3297 1607 3456 1662 quam
3487 1608 3546 1648 se
3577 1592 3784 1647 habere

2198 1683 2547 1748 existimant,
2631 1684 3092 1737 mansuetudinem
3166 1684 3506 1753 subjuugant.
3579 1683 3787 1737 Idcirco

2200 1790 2426 1843 namque
2457 1773 2683 1843 Spiritus
2721 1783 2939 1827 sanctus
2965 1774 3018 1826 in
3046 1774 3290 1828 columba
3323 1775 3474 1826 nobis
3517 1782 3681 1828 estet
3721 1775 3778 1826 iu

2201 1866 2318 1931 igne
2346 1873 2698 1928 monstratus,
2730 1863 2852 1932 quia
2883 1863 3127 1917 videlicet
3173 1878 3362 1917 omnes
3391 1877 3527 1931 quos
3575 1865 3786 1930 implet,

2199 1967 2253 2008 et
2282 1954 2543 2009 columba:
2573 1954 2914 2022 simplicitate
2941 1965 3248 2008 mansuetos
3271 1994 3287 2020 ,
3333 1961 3387 2008 et
3418 1957 3538 2022 igne
3567 1953 3662 2008 zeli
3696 1970 3787 2008 ar-

2200 2048 2388 2102 dentes
2409 2046 2649 2100 exhibet.

2272 2136 2612 2203 Nequaquam
2659 2149 2788 2203 ergo
2833 2143 3018 2188 sancto
3062 2133 3260 2201 Spiritu
3311 2134 3496 2198 plenus
3534 2144 3644 2197 est,
3681 2133 3778 2201 qui

2207 2226 2378 2280 autin
2413 2223 2790 2292 tranquillitate
2833 2223 3254 2276 mansuetudinis
3302 2222 3566 2277 fervorem
3613 2238 3786 2276 aruu-

2203 2314 2413 2367 latiouis
2458 2313 2684 2378 deserit,
2716 2321 2806 2366 aut
2850 2328 3058 2368 rursum
3090 2314 3140 2366 in
3184 2313 3542 2367 aemulationis
3580 2315 3782 2368 ardore

2201 2403 2450 2457 virtutem
2497 2401 2920 2456 mansuetudinis
2957 2401 3173 2454 amittit.
3217 2402 3366 2467 Quod
3414 2404 3638 2456 fortasse
3672 2417 3786 2456 me.

2201 2493 2301 2547 lius
2347 2494 2701 2557 ostendimus,
2745 2492 2791 2546 si
2840 2492 2891 2546 in
2936 2492 3169 2546 medium
3217 2492 3364 2546 Pauli
3413 2495 3789 2559 magisterium

2201 2582 2554 2652 proferamus,
2573 2583 2661 2652 qui
2684 2582 2891 2637 duobus
2911 2583 3187 2650 discipuls
3209 2592 3262 2636 et
3285 2598 3388 2637 non
3410 2583 3620 2638 diversa
3653 2585 3794 2638 cha-

2204 2675 2361 2729 ritate
2389 2673 2876 2742 praeditis,diversa
2897 2682 3071 2727 tamen
3100 2672 3360 2740 adjutoria
3393 2674 3796 2741 praedicationis

2202 2765 2479 2833 impendit.
2503 2764 2838 2818 Timotheum
2860 2779 3088 2831 namque
3118 2765 3430 2824 admonens,
3459 2765 3531 2816 ait
3553 2779 3569 2819 :
3592 2766 3796 2833 Argue,

2199 2860 2433 2924 obsecra,
2459 2858 2662 2925 increpa
2691 2856 2743 2908 in
2772 2856 2906 2908 omni
2927 2856 3172 2921 patientia
3193 2865 3239 2908 et
3276 2855 3508 2908 doctrina
3539 2855 3623 2915 (11
3647 2856 3794 2911 Tim.

2202 2963 2272 3014 tv,
2295 2948 2373 3017 2).
2399 2949 2574 3001 Titum
2605 2961 2814 3014 quoque
2862 2945 3112 3000 admonet
3157 2946 3339 2998 dicens
3367 2963 3378 2997 :
3407 2944 3532 2998 Ilatc
3559 2944 3796 3015 loquere,

2200 3051 2247 3093 et
2274 3041 2563 3102 eat/tonare,
2596 3049 2642 3092 et
2671 3055 2830 3108 argue
2857 3055 2970 3091 eum
2997 3039 3136 3092 omni
3180 3038 3392 3108 imperio
3425 3038 3553 3108 (Tit.
3578 3055 3611 3092 ιι
3630 3080 3644 3102 ,
3675 3039 3796 3107 15).

2201 3132 2335 3198 Quid
2364 3142 2449 3185 est
2471 3130 2612 3200 quod
2635 3130 2928 3184 doctrinam
2951 3145 3100 3183 suam
3145 3140 3286 3183 tanta
3329 3139 3446 3184 arte
3485 3131 3790 3198 dispensat,

520 3246 594 3310 gn
623 3238 1015 3294 considerando
1067 3191 1359 3305 ["19quch
1389 3235 1528 3306 quod
1562 3237 1703 3299 tacti,
1737 3248 1952 3302 gressus
1982 3243 2096 3287 ten.
2125 3191 2170 3253 (δ
2201 3219 2227 3258 ά
2262 3231 2318 3274 ιιι
2346 3222 2396 3274 in
2435 3221 2732 3275 exhibenda
2762 3221 2881 3287 hac,
2905 3220 3056 3274 alteri
3096 3220 3407 3288 imperium,
3440 3231 3600 3287 atque
3629 3221 3790 3272 alteri

520 3333 615 3393 dit,
646 3333 830 3385 oculos
857 3329 1073 3394 claudit,
1105 3328 1374 3398 pergendo
1403 3327 1504 3381 iter
1524 3327 1758 3390 coniicit,
1789 3326 1882 3379 sed
1914 3327 2102 3393 praevio

521 3427 694 3480 dendo
718 3423 1034 3491 sibimetipsi
1059 3438 1162 3476 non
1193 3422 1480 3486 antecedit,
1503 3431 1662 3489 atque
1710 3421 1915 3473 idcirco
1945 3421 2102 3472 citius

520 3517 738 3584 corruit,
783 3517 905 3586 quia
937 3531 1041 3584 quo
1071 3515 1261 3583 pedem
1295 3513 1470 3581 cperis
1505 3527 1702 3580 ponere
1743 3511 1959 3573 debeat,
2008 3525 2102 3577 per

521 3611 826 3678 palpebram
851 3606 1058 3662 consilii
1084 3621 1190 3658 non
1221 3604 1467 3658 attendit.

961 3734 1186 3790 CAPUT
1229 3733 1344 3788 XVI
1374 3732 1481 3805 [Αι.
1516 3731 1656 3802 XL].

668 3847 937 3914 Quomodo
977 3846 1285 3900 admonendi
1326 3845 1577 3898 mansueti
1615 3854 1659 3897 et
1699 3843 1960 3896 iracundi.

593 3960 914 4031 (Adntonitio
945 3957 1061 4027 i7.)
1106 3958 1279 4011 Aliter
1307 3957 1632 4011 admouendi
1664 3967 1785 4008 sunt
1815 3955 2100 4018 mansueti,

529 4062 689 4121 atque
734 4053 890 4105 aliter
921 4048 1182 4104 Iracundi.
1229 4048 1619 4117 Nonnunquam
1666 4047 1808 4101 enim
1842 4047 2104 4100 mansueti

527 4161 648 4199 cum
675 4151 930 4212 pra-sunt,
961 4141 1190 4196 vicinum
1222 4151 1273 4196 et
1302 4140 1452 4210 quasi
1480 4141 1628 4210 juxta
1660 4139 1890 4209 positum
1923 4149 2105 4207 torpo-

527 4253 636 4292 rem
670 4235 894 4290 desidia:
937 4234 1235 4305 patiuntur.
1267 4234 1331 4286 Et
1362 4234 1674 4302 plerumque
1705 4232 1870 4286 nimia
1902 4231 2106 4286 resolu-

528 4332 672 4382 tione
718 4327 974 4390 lenitatis,
1005 4325 1141 4378 ultra
1171 4339 1328 4392 quam
1360 4339 1580 4377 uemsse
1610 4333 1692 4377 est
1734 4323 1968 4392 vigorem
1998 4323 2104 4376 dis-

531 4420 792 4474 trictionis
843 4417 1142 4471 emolliunt.
1190 4420 1260 4469 At
1301 4423 1483 4469 contra
1516 4414 1754 4468 iracundi
1798 4427 1920 4468 cum
1967 4411 2106 4480 regi-

529 4513 729 4566 miuum
765 4511 877 4562 loca
913 4507 1251 4576 percipiunt,
1282 4522 1387 4575 quo
1414 4506 1723 4574 impellente
1747 4506 1824 4558 ira
1856 4506 1908 4557 iu
1951 4519 2105 4558 men-

530 4603 596 4656 tis
621 4598 908 4655 vaasaniam
950 4597 1053 4668 57
1081 4596 1454 4658 devolvuntur,
1488 4611 1553 4649 co
1583 4595 1741 4648 etiam
1771 4595 2104 4649 subditorum

528 4693 691 4745 vitam
751 4688 1008 4755 dissipata
1060 4686 1254 4757 quietis
1309 4685 1693 4754 tranquillitate
1748 4684 2104 4739 confundunt.

529 4787 674 4852 Quos
710 4799 830 4837 cum
886 4782 1038 4836 furor
1082 4781 1188 4851 agit
1240 4781 1291 4834 in
1342 4794 1601 4848 praeceps,
1661 4780 1907 4848 ignorant
1941 4779 2097 4847 quid-

529 4875 654 4945 quid
706 4875 825 4928 irati
892 4873 1137 4936 faciunt,
1197 4872 1440 4941 ignorant
1495 4871 1753 4940 quidquid
1815 4884 1844 4922 a
1901 4879 2106 4925 semet-

604 4998 629 5026 ι
661 4988 776 5042 lioc
805 4996 906 5048 est,
939 4982 1327 5037 adversantium
1359 4997 1640 5047 pravorum
1668 4985 1918 5048 impetus,
1942 4993 1994 5037 et
2017 4999 2106 5050 op-

532 5059 906 5126 pugnationes.
941 5054 1014 5126 De
1043 5069 1202 5107 sensu
1232 5052 1377 5106 vocis
1409 5053 1564 5122 hujus
1591 5054 1730 5122 apud
1764 5053 2100 5122 Gregorium,

531 5125 652 5182 vide
681 5130 716 5181 l.
745 5143 778 5180 ιι
804 5125 985 5181 Moral.
1013 5141 1069 5177 ιι.
1100 5126 1188 5178 Si.

604 5198 631 5234 ι)
665 5199 760 5250 llic
793 5206 1007 5249 sanctus
1044 5193 1233 5247 doctor
1271 5195 1464 5248 librum
1510 5192 1745 5246 Ecclesia
1783 5193 1868 5246 tiei
1910 5193 2108 5246 diserte

535 5266 806 5323 Salomoni
837 5264 1039 5325 tribuit,
1068 5266 1219 5329 cujus
1250 5279 1521 5317 auctori-tu
1554 5280 1695 5330 saepe
1722 5265 1844 5316 alilti
1878 5266 2108 5331 appellat

535 5349 760 5399 tantum,
792 5335 1059 5403 quemdam
1089 5337 1382 5399 sapientem.
1406 5335 1537 5387 Vide
1563 5335 1596 5386 I.
1631 5350 1696 5386 vti
1716 5334 1900 5397 Moral,
1927 5350 1979 5386 ιι.
2005 5333 2108 5399 45;

537 5409 573 5462 l.
624 5422 712 5467 xx,
746 5422 798 5458 ιι.
827 5406 886 5457 5i
919 5420 932 5467 ;
965 5405 999 5455 l.
1031 5419 1195 5467 xxvtt,
1226 5407 1395 5464 n.55;
1434 5408 1466 5457 Ι.
1502 5419 1669 5458 xxxut
1702 5445 1717 5470 ,
1749 5422 1801 5458 ιι.
1830 5405 1919 5459 23.
1944 5403 2106 5468 Infra,

539 5481 588 5530 in
637 5474 998 5530 admoniti-inc
1042 5473 1131 5536 ‘22,
1163 5475 1438 5537 Salomon,
1477 5475 1624 5542 juxta
1673 5477 1927 5543 quosdam
1980 5474 2107 5527 Mss.

537 5548 751 5617 optimm
782 5544 924 5617 lidei,
957 5546 1324 5610 pronuntiatur
1351 5547 1577 5612 scriptor
1609 5545 1763 5614 hujus
1798 5546 1933 5600 sacri
1967 5544 2109 5598 hbri.

539 5613 770 5671 conside
798 5613 988 5666 ibidem
1013 5623 1189 5666 notam
1221 5631 1273 5666 α.
1683 5613 1687 5614 '
1964 5637 1974 5646 ι

611 5695 637 5724 ο
677 5685 953 5740 Secundus
1001 5688 1190 5744 (2aru.,
1236 5683 1416 5744 Corh.,
1472 5684 1712 5750 Longtp.,
1768 5685 2107 5748 Rolhomag.,

545 5759 665 5820 Lyr.
691 5766 744 5811 et
766 5756 951 5811 tertius
976 5752 1180 5809 Gemct.
1206 5772 1216 5805 :
1245 5753 1336 5806 Isti
1359 5758 1495 5822 quod
1517 5757 1698 5806 habent
1721 5758 2109 5822 amplectantur.

2207 3315 2510 3381 patientiam
2542 3323 2835 3382 prapouat,
2867 3313 2964 3366 nisi
2994 3312 3134 3379 quod
3167 3314 3542 3366 mausuetioris
3564 3310 3792 3377 spiritus

2205 3405 2412 3468 Titum,
2443 3415 2496 3456 et
2526 3403 2681 3470 paulo
2711 3402 3050 3457 ferventioris
3082 3402 3210 3454 vidit
3247 3417 3370 3456 esse
3414 3402 3750 3456 Timorheum
3771 3405 3800 3456 Ἰ

2208 3497 2353 3548 illum
2389 3511 2479 3562 per
2509 3495 2863 3548 aemulationis
2893 3494 3071 3547 studiu
3097 3511 3124 3543 ιι
3159 3495 3480 3560 inﬂammat,
3518 3496 3658 3548 hunc
3693 3511 3795 3562 per

2208 3584 2477 3636 leuitatem
2511 3584 2783 3651 patientiae
2814 3591 3097 3646 temperat.
3130 3582 3207 3637 illi
3237 3585 3374 3653 quod
3404 3585 3552 3638 deest
3578 3585 3790 3654 jungit,

2207 3675 2326 3727 huic
2354 3675 2492 3743 quod
2533 3689 2692 3742 super
2720 3684 2805 3729 est
2833 3675 3120 3730 subtrahit.
3162 3676 3314 3730 Illum
3355 3677 3576 3730 stimulo
3602 3677 3799 3746 impel-

2206 3767 2314 3819 lere
2344 3767 2548 3825 nititur,
2581 3765 2722 3820 hunc
2752 3766 2902 3820 freno
2952 3767 3280 3820 moderatur.
3323 3767 3549 3835 Magnus
3592 3767 3798 3835 quippe

2206 3870 2466 3928 suscepta:
2497 3860 2746 3914 Ecclesiae
2771 3861 3011 3924 colonus,
3037 3860 3172 3914 alios
3196 3862 3436 3928 palmites
3465 3869 3523 3912 ot
3546 3874 3802 3912 crescere

2207 3951 2436 4005 debeant
2464 3951 2626 4020 rigat;
2659 3950 2792 4004 alios
2823 3965 2943 4004 cum
2977 3951 3095 4018 plus
3130 3949 3278 4018 justo
3309 3963 3552 4003 crescere
3582 3947 3803 4015 conspi-

2207 4043 2278 4094 cit
2310 4051 2545 4106 resecat,
2574 4057 2640 4095 ne
2665 4052 2752 4095 aut
2783 4057 2885 4097 non
2911 4042 3201 4095 crescendo
3225 4057 3328 4094 non
3364 4044 3531 4094 lerant
3563 4043 3800 4105 fructus,

2206 4144 2326 4197 aut,
2364 4133 2713 4187 immoderate
2757 4133 3069 4196 crescendo,
3101 4148 3234 4200 quos
3279 4133 3598 4201 protulerint
3639 4131 3799 4184 aruit-

2208 4233 2340 4279 tant.
2374 4223 2478 4280 Sed
2520 4224 2676 4294 longe
2723 4223 2826 4276 alia
2877 4233 2959 4277 est
3004 4224 3080 4276 ira
3128 4239 3249 4292 qua:
3295 4223 3394 4276 sub
3437 4223 3803 4276 aemulationis

2208 4315 2386 4384 specie
2417 4315 2675 4383 subripit,
2709 4315 2810 4368 alia
2839 4330 2956 4384 quae
2988 4315 3252 4368 turbatum
3285 4328 3379 4367 cor
3405 4324 3461 4367 et
3485 4312 3602 4366 sine
3639 4311 3805 4378 justa-

2211 4411 2298 4463 tizc
2329 4416 2588 4476 praetextu
2617 4406 2913 4462 confundit.
2951 4406 3040 4459 Illa
3067 4405 3210 4459 enim
3243 4406 3294 4459 iu
3329 4405 3428 4458 hoc
3456 4403 3597 4472 quod
3627 4404 3800 4456 debet.

2211 4501 2509 4555 inordinate
2536 4500 2861 4565 extenditur,
2895 4499 3008 4552 lucc
3034 4506 3212 4551 autem
3244 4513 3458 4566 semper
3486 4497 3538 4550 iu
3567 4496 3650 4550 his
3674 4511 3808 4565 qua:

2212 4611 2313 4648 ιιοιι
2338 4596 2491 4649 debet
2522 4595 2897 4648 inllammatur.
2927 4592 3210 4648 Sciendum
3237 4593 3437 4663 quippe
3459 4600 3542 4646 est
3573 4591 3695 4658 quia
3733 4591 3789 4645 in

2215 4689 2314 4741 hoc
2341 4688 2408 4742 ab
2447 4687 2848 4756 impatientibus
2873 4686 3107 4740 iracundi
3140 4685 3421 4747 dili'crunt,
3451 4683 3592 4753 quod
3623 4682 3700 4737 illi
3733 4683 3806 4736 ab

2210 4779 2330 4831 aliis
2362 4778 2504 4831 illata
2536 4793 2641 4831 non
2672 4777 2932 4841 tolerant,
2965 4775 3048 4829 isti
3080 4785 3256 4830 autem
3289 4785 3449 4830 etiam
3492 4789 3613 4843 qua:
3660 4774 3806 4825 tole—

2215 4877 2400 4923 rentur
2431 4870 2738 4936 important.
2770 4868 2898 4919 Nam
2929 4865 3167 4921 iracundi
3197 4882 3337 4935 saepe
3371 4865 3533 4920 etiam
3566 4873 3590 4902 ο
3623 4878 3683 4918 se
3712 4864 3808 4916 dc-

2217 4983 2467 5035 Mausueti
2512 4999 2600 5050 per
2645 4982 3040 5034 sollicitudinem
3087 4991 3343 5051 torperent
3384 4980 3660 5042 damnent,
3695 4978 3805 5051 ira-

2209 5054 2361 5105 cundi
2392 5053 2840 5120 perturbationem.
2877 5052 2948 5104 ita
2977 5054 3135 5104 etiam
3173 5050 3390 5120 primus
3421 5053 3663 5112 Caruot.,
3695 5050 3806 5101 ad-

2207 5125 2350 5189 jecm
2392 5133 2477 5184 ut,
2509 5135 2629 5175 ante
2675 5133 2948 5188 torperent.
3003 5123 3053 5175 In
3104 5123 3294 5187 Laud.,
3345 5121 3489 5174 Belv.
3535 5128 3589 5173 et
3639 5122 3809 5172 tertio

2213 5197 2431 5245 (inruet.
2463 5211 2474 5248 :
2511 5192 2602 5245 Illi
2631 5195 2753 5260 quid
2803 5193 2983 5244 habent
3029 5194 3346 5251 discernunt,
3379 5190 3463 5242 isti
3507 5191 3645 5258 quod
3695 5205 3806 5240 non

2215 5263 2398 5335 habent
2429 5264 2824 5328 amplectantur.
2854 5261 3107 5335 Mansueti
3129 5263 3633 5335 persollicitudiuem
3660 5268 3802 5335 tarn.

2215 5334 2478 5386 damnent.
2514 5336 2624 5386 Duo
2657 5337 2857 5399 priores
2895 5327 3143 5387 Gemeni
3183 5332 3438 5386 Mansueti
3470 5347 3562 5401 pro
3604 5327 3798 5401 sollici-

2217 5405 2388 5456 tudine
2419 5415 2553 5471 tarp.
2587 5397 2848 5457 damnent.
2894 5408 3143 5472 Sequitur
3189 5420 3308 5456 cum
3357 5397 3603 5457 omnibus
3646 5397 3794 5451 Edtt.

2217 5473 2558 5528 Trecensem.

2290 5547 2313 5579 α
2348 5544 2490 5598 Belv.
2520 5555 2572 5598 et
2598 5546 2859 5598 secondus
2886 5544 3068 5605 Carm,
3098 5551 3152 5595 ut
3182 5543 3251 5596 ad
3282 5543 3567 5597 exhibenda
3595 5540 3726 5591 Inrr.

2292 5624 2312 5649 °
2350 5615 2538 5678 Laud.,
2573 5615 2907 5684 dedignantes
2938 5615 3093 5680 inser].
3120 5614 3330 5668 Tertius
3359 5614 3601 5674 Carnol.,
3635 5610 3804 5663 dec'i-

2223 5697 2397 5739 nantes
2431 5695 2478 5738 ut
2514 5687 2845 5753 dedignantes
2872 5686 3024 5745 inscq.
