4014 6316
203 319 252 374 Π
1004 311 1306 368 ιιεςυιηιε
1351 307 1779 365 PASTORALIS

1935 304 2048 359 Eli.
2089 331 2156 342 ——
2200 300 2379 356 PARS
2416 298 2694 353 TERTIA.
3434 299 3501 349 7.8

203 436 465 489 clinantes
496 428 887 496 insequuntur,
912 441 1038 480 ιιιω
1066 425 1405 480 occasionem
1431 430 1804 484 commovent,
1841 422 1883 479 Α
1913 416 2018 470 sint
2065 425 2265 471 aeterna
2315 430 2432 484 qua:
2475 419 2760 482 appetunt,
2810 425 2968 478 quam
3025 410 3332 466 transitoria
3382 427 3502 483 qua:

204 527 386 579 labore
406 518 789 577 contentionis
813 517 1075 586 gaudent;
1101 532 1237 587 quos
1266 527 1445 570 tamen
1475 515 1667 568 melius
1699 529 1808 567 cor-

207 615 453 686 rigimus,
481 613 530 666 si
561 612 618 665 in
652 611 768 678 ipsa
801 610 890 663 irae
919 625 1029 662 sua:
1058 607 1422 662 commotione
1450 606 1806 662 declinamus.

207 705 513 763 Perturbati
554 703 762 771 quippe
792 699 917 768 quid
962 699 1180 752 audiant
1221 699 1497 766 ignorant,
1532 696 1626 751 sed
1657 696 1722 748 ad
1753 710 1812 749 se

209 800 420 854 reducti
450 806 599 850 tanto
625 803 652 830 ⁸
681 793 900 847 liberius
921 791 1307 845 exhortationis
1328 789 1489 843 verba
1514 788 1810 855 recipiunt,

208 900 414 959 quanto
458 903 520 942 se
568 883 912 953 tranquillius
958 881 1213 935 toleratos
1261 881 1609 934 erubescunt.
1645 877 1809 932 Menti

207 995 393 1037 autem
423 979 600 1033 lurore
631 976 819 1038 ebriae,
849 989 1010 1028 omne
1043 982 1244 1028 rectum
1275 972 1416 1040 qttod
1447 971 1666 1036 dicitur,
1703 985 1814 1035 per-

209 1089 436 1128 versum
484 1071 716 1125 videtur.
753 1069 904 1123 Unde
941 1077 993 1120 et
1039 1066 1204 1120 Nabal
1249 1066 1399 1120 ebrio
1446 1064 1656 1131 culpam
1706 1061 1815 1131 58

207 1182 376 1220 suam
407 1163 608 1231 Abigail
642 1159 979 1214 laudabiliter
1010 1159 1204 1220 tacuit,
1237 1173 1397 1225 quam
1441 1155 1650 1223 digesto
1693 1154 1815 1206 vino

209 1257 562 1312 laudabiliter
586 1255 720 1307 dixit
749 1250 805 1321 (I
838 1252 962 1321 Reg.
987 1266 1112 1317 xxv,
1144 1243 1260 1319 57).
1290 1249 1494 1303 Idcirco
1520 1247 1660 1302 enim
1697 1262 1814 1298 ina-

209 1352 322 1404 lom
345 1349 489 1417 quod
526 1346 755 1413 fecerat,
779 1357 1105 1412 cognoscere
1131 1342 1333 1410 potuit,
1358 1340 1480 1409 quia
1509 1337 1609 1392 hoc
1631 1337 1815 1393 ebrius

209 1461 318 1498 non
358 1441 592 1495 audivit.

281 1535 421 1589 Cum
451 1548 587 1586 vero
615 1533 686 1586 ita
718 1529 960 1584 iracundi
981 1527 1119 1581 alios
1148 1527 1446 1594 itnpetunt,
1475 1535 1532 1580 ut
1560 1522 1815 1579 declinari

209 1627 442 1682 omnino
472 1639 579 1678 non
611 1624 850 1691 possint,
883 1635 986 1672 non
1024 1631 1208 1686 aperta
1254 1619 1686 1686 exprobratione,
1719 1617 1815 1670 sed

208 1721 314 1776 sub
341 1717 580 1787 quadam
629 1724 756 1769 sunt
799 1712 1012 1767 cautela
1059 1711 1376 1765 reverentiae
1423 1711 1690 1778 parcendo
1737 1708 1812 1761 fc-

1876 578 1882 583 .
1915 517 2298 571 contemnunt;
2329 506 2546 560 audiant
2576 501 2702 557 elati
2729 517 2886 571 quam
2917 501 3024 555 sint
3053 504 3355 558 transitoria
3381 521 3502 575 qua:

1917 598 2188 662 ambiunt,
2221 612 2380 666 quam
2411 604 2610 650 aeterna
2641 607 2759 661 qua:
2788 591 3036 659 perdunt.
3069 592 3303 648 Audiant
3333 595 3506 651 humi-

1917 688 1996 741 les
2020 703 2084 741 ex
2116 687 2367 756 magistra
2391 700 2520 740 voce
2546 683 2793 739 Veritatis
2819 699 2830 735 :
2859 680 3040 736 Omnis
3061 683 3148 751 qui
3168 699 3222 736 se
3248 684 3507 755 humilint,

1916 779 2225 832 e.raltabitur
2275 777 2445 846 (Luc.
2482 791 2638 838 xvm,
2675 772 2808 842 M);
2860 774 3080 827 audiant
3127 775 3250 828 elati
3283 793 3296 829 :
3335 777 3515 833 Omnis

1917 873 2003 941 qui
2031 888 2084 925 se
2109 872 2300 924 exaltat
2319 915 2332 937 ,
2365 869 2721 922 humiliabitur
2749 866 3202 936 (lbid.).:\udiant
3247 868 3473 925 humiles
3497 889 3510 923 :

1919 962 2151 1016 Gloriam
2186 963 2426 1030 praecedit
2459 961 2754 1023 humilitas;
2785 960 3008 1012 audiant
3037 960 3161 1014 elati
3190 978 3201 1012 :
3236 965 3365 1016 An‘e
3405 965 3516 1016 rui-

1918 1072 2039 1108 nam
2082 1057 2336 1108 ea'altatur
2380 1054 2592 1123 spiritus
2639 1053 2823 1120 (Prov.
2849 1068 2940 1114 xv,
2969 1054 3070 1116 '53;
3106 1069 3191 1107 ινι
3214 1098 3226 1120 ,
3257 1055 3368 1125 18).
3402 1060 3513 1110 Au-

1919 1148 2004 1200 dia
2048 1155 2068 1200 t
2099 1145 2365 1200 humiles:
2398 1146 2476 1197 Αιι
2507 1161 2657 1213 quem
2693 1144 3000 1210 respiciam,
3033 1145 3133 1198 nisi
3172 1145 3240 1198 ad
3270 1145 3513 1199 humilem

1919 1251 1968 1294 et
1991 1243 2239 1310 quietum,
2260 1249 2306 1293 et
2330 1247 2621 1292 trementem
2640 1252 2894 1290 sermones
2917 1251 3051 1290 meos
3073 1233 3231 1304 (Isai.
3252 1253 3371 1290 LXVI
3390 1280 3404 1302 ,
3423 1236 3517 1307 2)?

1922 1332 2142 1383 audiant
2172 1329 2295 1384 elati
2326 1347 2336 1380 :
2375 1329 2512 1393 Quid
2556 1328 2783 1395 superbit
2814 1337 2950 1379 terra
2977 1337 3023 1380 et
3066 1328 3193 1380 cinis
3229 1328 3419 1397 (Eccli.
3450 1345 3480 1382 Χ
3506 1371 3515 1391 ,

1923 1421 2018 1486 9)?
2050 1420 2282 1473 Audiant
2321 1418 2547 1472 humiles
2575 1433 2590 1473 :
2623 1416 2761 1470 Deus
2793 1415 3008 1469 humilia
3037 1418 3275 1484 respicit;
3304 1419 3517 1472 audiant

1921 1514 2044 1567 elati
2082 1531 2092 1565 :
2131 1511 2196 1564 Et
2244 1515 2350 1564 alta
2381 1527 2413 1562 α
2460 1512 2612 1580 longe
2657 1512 2913 1578 coynosrit
2960 1509 3133 1580 (Psal.
3160 1528 3409 1576 cxxxvu,
3438 1513 3516 1580 6).

1924 1603 2154 1659 Audiant
2185 1605 2292 1673 59
2326 1603 2576 1665 humiles,
2610 1601 2730 1664 quia
2763 1597 2935 1652 Filius
2979 1602 3198 1655 hominis
3239 1619 3341 1656 non
3383 1607 3517 1656 venit

1925 1697 2236 1758 ministrari,
2280 1696 2368 1747 sed
2418 1693 2718 1746 ministrare
2763 1693 2977 1761 (Jlatth.
3007 1709 3098 1755 xx,
3127 1692 3256 1760 28);
3303 1696 3519 1749 audiant

212 1783 413 1866 rieud'i.
463 1807 618 1874 Quod
676 1807 868 1858 melius
910 1803 1267 1866 ostendimus,
1301 1802 1345 1854 si
1397 1803 1580 1855 Abner
1619 1800 1815 1853 factum

1931 1790 2045 1840 elati
2063 1827 2078 1851 ,
2099 1788 2218 1854 quia
2245 1787 2448 1838 initium
2477 1786 2640 1837 omnis
2668 1785 2863 1853 peccati
2889 1783 3126 1854 superbia
3147 1795 3218 1837 est
3246 1785 3434 1846 (Eccli.
3464 1803 3515 1851 χ,

211 1907 278 1958 ad
312 1902 557 1957 medium
589 1899 939 1953 deducamus.
985 1895 1138 1949 Hunc
1182 1894 1379 1963 quippe
1408 1908 1530 1948 cum
1565 1893 1722 1946 Asael
1768 1892 1816 1944 vi

211 1997 450 2050 incautae
509 1981 953 2062 przecipitationis
1012 1989 1329 2056 impete-ret,
1381 1987 1638 2054 scriptum
1690 1994 1816 2037 est:

212 2089 446 2140 Locutus
476 2096 553 2140 est
585 2086 756 2138 Abner
783 2085 851 2134 ad
883 2083 1032 2135 Αδαεί
1051 2119 1069 2147 ,
1099 2082 1274 2134 dicens
1308 2094 1326 2131 :
1360 2077 1578 2142 Recede,
1607 2077 1710 2129 noli
1741 2091 1821 2128 me

214 2182 490 2251 persequi,
523 2196 587 2232 ne
629 2177 912 2242 compellar
961 2175 1236 2244 confodere
1283 2180 1331 2224 te
1375 2173 1427 2223 in
1471 2182 1675 2223 terram.
1721 2170 1818 2234 Qui

213 2276 400 2326 audire
439 2271 774 2340 contempsit,
804 2279 850 2322 et
878 2268 1041 2320 noluit
1078 2267 1359 2319 declinare.
1400 2261 1662 2316 Percussit
1702 2278 1821 2329 ergo

214 2385 330 2421 runt
363 2368 534 2421 Abner
562 2378 741 2415 aversa
773 2366 922 2413 hasta
945 2361 998 2412 iu
1024 2359 1252 2428 inguine,
1289 2365 1333 2409 et
1365 2355 1642 2422 transfodit
1668 2369 1783 2405 eum
1804 2393 1817 2414 ,

215 2471 263 2510 rt
295 2467 535 2510 mortuus
563 2462 635 2508 est
664 2450 751 2523 (II
783 2453 907 2520 Reg.
934 2466 1000 2515 ll,
1027 2449 1130 2513 2‘2,
1161 2448 1279 2515 25).
1302 2447 1466 2514 Cujus
1487 2447 1630 2499 enim
1664 2445 1819 2498 Asacl

216 2558 406 2617 typum
454 2545 664 2607 tenuit,
704 2541 808 2595 nisi
851 2554 1074 2601 eorum,
1108 2552 1244 2607 quos
1284 2540 1634 2590 vehementer
1681 2535 1814 2588 arri-

216 2639 372 2705 piens
403 2635 554 2687 l‘uror
584 2633 635 2686 in
671 2646 910 2700 praeceps
953 2631 1136 2682 ducit?
1164 2628 1263 2694 Qui
1314 2634 1363 2680 in
1405 2627 1595 2681 eodem
1631 2627 1822 2679 [ureris

215 2733 424 2798 impetu
456 2736 608 2779 tanto
634 2735 794 2780 caute
823 2723 999 2776 declin
1020 2722 1126 2775 undi
1155 2733 1301 2782 sunt,
1325 2728 1526 2789 quanto
1549 2729 1603 2772 et
1636 2721 1821 2772 insane

215 2823 524 2892 rapiuntur.
552 2818 708 2874 Unde
731 2825 782 2872 et
816 2819 1016 2877 Ahuer,
1043 2815 1132 2882 qui
1167 2823 1352 2867 nostro
1376 2827 1626 2865 sermone
1657 2810 1822 2877 patris

215 2916 438 2968 lucerna
488 2911 710 2972 dicitur,
762 2907 929 2976 fugit,
976 2906 1099 2972 quia
1147 2904 1425 2957 doctorum
1476 2902 1652 2970 lingua
1703 2915 1825 2969 qua:

214 3018 510 3072 sopernum
548 3000 643 3052 Dei
672 3000 848 3051 lumen
881 2997 1106 3061 indicat,
1136 3010 1255 3047 cum
1290 3009 1382 3060 per
1413 2994 1636 3060 abrupta
1666 2992 1815 3044 luro-

215 3099 286 3152 ris
313 3104 560 3149 mentem
584 3090 878 3158 cujuspiani
912 3086 1034 3141 ferri
1059 3100 1190 3138 cons
1229 3085 1314 3138 icit
1337 3125 1350 3144 ,
1379 3098 1608 3151 cumque
1636 3090 1821 3134 contra

1927 1879 2036 1944 15).
2073 1879 2301 1932 Audiam
2355 1877 2604 1937 humiles,
2644 1877 2765 1947 quia
2802 1876 3111 1941 Redemptor
3142 1889 3312 1930 noster
3353 1878 3519 1932 humi-

1925 1971 2068 2024 liaoit
2109 1972 2460 2035 semetipsum,
2493 1972 2660 2036 factus
2709 1968 2944 2020 obed‘eus
2994 1984 3150 2037 usque
3195 1970 3262 2022 ad
3307 1981 3520 2023 mortem

1929 2060 2150 2130 (Philip.
2177 2077 2241 2125 ιι,
2276 2062 2362 2128 8);
2397 2060 2615 2113 audiant
2657 2059 2779 2113 elati
2825 2060 2964 2128 quod
2994 2058 3062 2112 de
3109 2075 3296 2114 eorum
3345 2063 3520 2130 capite

1924 2153 2180 2221 scriptum
2232 2165 2353 2206 est:
2393 2150 2513 2221 Ipse
2541 2161 2612 2203 est
2641 2166 2730 2203 rea:
2772 2166 2926 2217 super
2964 2151 3223 2203 universos
3273 2152 3407 2218 ﬁlios
3437 2170 3521 2205 su-

1924 2249 2111 2313 perbire
2157 2245 2299 2313 (Job.
2331 2261 2451 2306 xu,
2477 2244 2592 2310 9.5).
2622 2243 2848 2297 Occasio
2892 2242 3053 2312 igitur
3083 2243 3398 2310 perditionis
3431 2263 3522 2298 no-

1925 2351 2048 2392 st-rte
2077 2339 2209 2392 facta
2251 2347 2332 2391 est
2373 2336 2625 2403 superbia
2655 2334 2850 2387 diahol»
2874 2373 2889 2396 ,
2923 2344 2978 2387 et
3020 2342 3391 2402 argumentum
3427 2351 3515 2388 re-

1927 2429 2255 2498 demptionis
2288 2438 2485 2481 nostra:
2533 2427 2743 2480 intenta
2777 2435 2857 2479 est
2887 2426 3161 2480 humilitas
3196 2426 3310 2480 Dei.
3345 2428 3522 2480 Hostis

1927 2523 2069 2574 ett-itii
2102 2533 2291 2573 noster
2322 2521 2461 2571 inter
2483 2532 2662 2568 omnia
2686 2516 2954 2581 conditus,
2982 2515 3143 2570 voluit
3173 2515 3338 2571 videri
3366 2535 3524 2586 supra

1928 2612 2104 2665 omnia
2135 2611 2345 2664 elatus:
2381 2607 2705 2676 Iledemptor
2735 2615 2914 2660 autem
2943 2616 3128 2660 noster
3159 2622 3385 2676 magnus
3418 2626 3524 2662 uia-

1932 2717 2067 2756 oens
2107 2715 2270 2769 super
2313 2700 2514 2763 omnia,
2551 2709 2572 2736 ο
2606 2700 2721 2752 lieri
2768 2698 2907 2752 inter
2953 2698 3131 2750 omnia
3163 2697 3410 2768 dignatus
3445 2714 3523 2756 est

1932 2807 2145 2859 parvus.

2006 2883 2218 2936 Dicatur
2247 2897 2375 2951 ergo
2408 2880 2717 2942 humilibus,
2744 2881 2866 2948 quia
2893 2879 3016 2932 dum
3045 2893 3104 2933 se
3134 2878 3258 2948 dejit
3279 2882 3386 2934 iunt
3413 2921 3426 2943 ,
3459 2883 3523 2936 ad

1934 2972 2026 3026 Dei
2073 2973 2468 3026 similitudinem
2521 2972 2863 3024 ascendunt:
2906 2970 3118 3024 dicatur
3162 2973 3351 3034 elatis,
3405 2974 3524 3039 quia

1932 3066 2056 3117 dum
2088 3079 2146 3117 Se
2173 3065 2413 3131 erigunt,
2451 3064 2502 3116 in
2535 3072 2793 3130 aposmta:
2821 3063 2996 3130 angeli
3047 3061 3398 3114 imitationem
3429 3078 3524 3114 ca-

215 3191 550 3244 irascentem
610 3179 916 3235 dissimulat
973 3179 1256 3230 verborum
1321 3175 1498 3243 jacula
1558 3174 1819 3234 reddere,

1940 3156 2096 3209 dunt.
2128 3156 2265 3220 Quid
2297 3159 2476 3222 itaque
2502 3155 2732 3207 eL-tione
2760 3154 3037 3220 dejectuis,
3066 3168 3186 3220 qua:
3212 3154 3335 3205 dum
3369 3169 3524 3223 supra

212 3280 378 3348 quasi
406 3282 819 3344 persequentem
846 3285 948 3324 non
974 3269 1090 3321 vult
1111 3266 1178 3322 fet
1195 3269 1294 3320 ire.
1313 3267 1418 3321 Sed
1437 3280 1556 3318 cum
1582 3263 1824 3318 iracundi

213 3373 367 3427 nulla
400 3364 831 3422 consideratione
857 3378 917 3417 se
945 3361 1220 3430 mitigant,
1249 3369 1301 3412 et
1329 3357 1476 3425 quasi
1508 3356 1664 3408 Asael
1702 3370 1823 3419 per-

213 3463 372 3532 sequi
404 3470 462 3515 et
491 3457 728 3512 insanire
768 3471 872 3508 non
903 3463 1146 3514 cessant,
1184 3465 1402 3504 necesse
1435 3457 1518 3503 est
1550 3457 1604 3501 ut
1654 3447 1706 3499 hi
1737 3447 1824 3514 qui

214 3556 466 3608 furentes
487 3557 754 3604 conantur
779 3546 1090 3613 reprimere,
1117 3556 1448 3611 nequaquam
1479 3555 1539 3594 se
1566 3541 1615 3592 in
1645 3539 1826 3591 furore

215 3649 462 3714 erigant,
492 3642 589 3696 sed
621 3638 876 3710 quidquid
924 3647 1006 3691 est
1053 3634 1452 3703 tranquillitatis
1499 3633 1822 3694 ostendant;

217 3737 472 3806 quedam
504 3748 636 3787 vero
665 3730 935 3784 subtiliter
968 3728 1233 3796 proferant
1253 3768 1267 3791 ,
1297 3727 1349 3778 in
1383 3724 1575 3792 quibus
1599 3740 1662 3775 ex
1694 3724 1828 3774 ohli-

216 3842 327 3895 quo
361 3823 593 3878 furentis
633 3822 870 3874 animum
913 3824 1169 3885 pungunt.
1206 3815 1356 3870 Unde
1397 3824 1450 3868 et
1481 3815 1660 3868 Abner
1705 3828 1824 3866 cum

217 3930 414 3972 contra
446 3923 864 3984 persequentem
895 3911 1164 3973 substitit,
1214 3923 1317 3960 non
1362 3921 1484 3959 eum
1535 3914 1701 3967 recta,
1733 3903 1827 3957 sed

222 4025 420 4064 aversa
452 4018 572 4060 asta
604 4002 973 4058 transforavit.
1001 4001 1079 4055 Ει
1112 4013 1366 4052 mucrone
1394 3997 1589 4065 quippe
1641 4009 1828 4061 percu-

221 4114 359 4165 tere,
387 4112 471 4154 est
498 4102 702 4168 impetu
727 4109 928 4167 apertae
958 4095 1348 4163 increpationis
1368 4094 1605 4147 obviare.
1627 4094 1826 4145 Aversa

218 4209 352 4248 vero
385 4195 543 4246 hasta
595 4198 1003 4257 persequentem
1051 4188 1232 4252 ferire,
1265 4194 1348 4238 est
1386 4185 1649 4238 furentem
1683 4193 1827 4235 tran-

217 4287 389 4355 tlllilie
430 4299 498 4337 ex
531 4283 848 4351 quibusdam
895 4292 1131 4350 tangere,
1165 4288 1219 4332 et
1247 4279 1395 4346 quasi
1431 4280 1697 4346 parcendo
1738 4291 1826 4327 su-

221 4391 440 4442 perare.
475 4375 635 4427 Asael
666 4385 841 4425 autem
884 4372 1126 4441 protinus
1172 4370 1477 4434 occumbit,
1511 4369 1632 4437 quia
1679 4382 1826 4420 com-

219 4483 384 4523 mota:
435 4477 647 4520 mentes
674 4466 796 4517 dum
829 4476 883 4518 et
923 4464 1066 4531 parci
1100 4464 1202 4516 sibi
1249 4478 1289 4515 s-
1313 4453 1516 4525 iitiunt,
1549 4473 1602 4514 et
1650 4471 1824 4514 tamen

1935 3261 1994 3300 se
2027 3248 2279 3308 ιθιιιιὶίιιι,
2301 3247 2368 3297 ab
2389 3245 2667 3298 altitudine
2691 3261 2830 3299 vera:
2852 3245 3182 3298 celsitudinis
3205 3247 3523 3314 elmgatur?

1935 3341 2000 3394 Et
2032 3341 2157 3409 quid
2211 3339 2506 3392 humilitate
2553 3339 2856 3398 sublimius,
2902 3354 3019 3405 qua:
3051 3339 3176 3390 dum
3221 3354 3279 3392 se
3325 3340 3374 3392 in
3419 3340 3524 3394 ima

1932 3431 2214 3499 deprimit,
2248 3432 2448 3483 auctori
2477 3444 2578 3483 suo
2611 3429 2845 3482 manenti
2878 3445 3038 3497 super
3068 3445 3276 3482 summa
3305 3432 3524 3498 conjun-

1931 3525 2046 3591 git?
2079 3524 2174 3576 Est
2207 3536 2379 3575 tamen
2427 3522 2566 3574 aliud
2598 3522 2739 3588 quod
2771 3521 2822 3574 in
2869 3523 2946 3576 eis
2991 3523 3183 3578 debeat
3212 3537 3367 3581 caute
3400 3544 3523 3595 pen-

1933 3616 2076 3681 sari,
2108 3615 2230 3683 quia
2274 3628 2417 3682 smpe
2447 3614 2660 3681 quidam
2695 3614 3007 3667 humilitatis
3039 3615 3378 3684 decipiuntur
3405 3635 3528 3687 ερον

1931 3709 2036 3770 cie,
2065 3707 2278 3774 quidam
2308 3722 2438 3760 vero
2465 3707 2710 3759 elationis
2737 3721 2847 3758 suae
2879 3707 3212 3774 ignoratione
3242 3708 3518 3762 falluntur.

1929 3799 2065 3853 Nam
2101 3800 2410 3867 plerumque
2440 3799 2707 3851 nonnullis
2735 3798 2822 3867 qui
2854 3800 2953 3852 sibi
2990 3800 3218 3854 humiles
3249 3802 3520 3867 videntur,

1935 3892 1981 3944 is
2011 3892 2098 3960 qui
2133 3893 2437 3944 hominibus
2482 3890 2680 3944 deferri
2727 3907 2831 3943 non
2873 3892 3061 3956 debet,
3098 3894 3416 3961 conjunctus
3447 3908 3524 3950 est

1934 3983 2114 4046 timor;
2151 3989 2462 4050 pleiuuique
2495 3999 2620 4035 vero
2655 3983 2823 4035 elatos
2869 3986 3113 4037 comitari
3155 3986 3291 4040 solet
3341 3988 3522 4040 liberte

1934 4078 2078 4131 vocis
2109 4083 2357 4130 assertio.
2391 4078 2456 4130 Et
2497 4092 2618 4128 cum
2651 4075 2895 4144 quaedam
2939 4077 3262 4144 increpanda
3295 4087 3420 4132 sunt
3453 4081 3524 4131 vi-

1935 4170 2029 4235 tia,
2064 4171 2138 4224 illi
2171 4172 2399 4224 reticent
2429 4186 2494 4222 ex
2537 4171 2751 4234 timore,
2782 4178 2836 4222 et
2879 4179 3054 4222 tamen
3089 4178 3264 4223 tacere
3291 4186 3349 4223 se
3380 4173 3525 4223 ξιτειὶ-

1935 4272 2082 4316 utaut
2107 4279 2173 4316 ex
2217 4263 2534 4324 humilitate,
2567 4263 2652 4316 isti
2686 4262 2971 4329 loquuntur
3003 4275 3098 4329 per
3130 4262 3515 4329 impatientiam

1933 4358 2199 4420 elationis,
2225 4366 2279 4410 et
2310 4368 2487 4411 tamen
2533 4373 2590 4411 se
2618 4356 2844 4411 credunt
2892 4357 3034 4422 loqui
3088 4374 3182 4426 per
3223 4359 3522 4413 libertatein

1934 4448 2288 4503 ι-ιοιὶιιιόὶιιὶε.
2342 4449 2466 4503 Illos
2518 4458 2573 4502 ut
2621 4464 2870 4517 perversa
2917 4465 3020 4503 non
3074 4451 3378 4518 incrcpent,
3425 4455 3522 4506 sub

222 4571 618 4627 responsorum
681 4557 886 4608 ratione
938 4553 992 4607 in
1041 4554 1246 4607 intimis
1291 4553 1390 4604 sub
1445 4552 1826 4619 u-auquinnam
1859 4571 1906 4628 ο
1937 4543 2114 4610 specie
2147 4543 2460 4596 humilitatis
2508 4546 2700 4612 premit
2729 4545 2882 4609 culpa
2930 4541 3266 4604 formidinis;
3300 4545 3428 4596 istos
3460 4547 3525 4598 ad

220 4659 543 4719 tanguntur,
573 4647 640 4698 ab
676 4660 742 4699 eo
785 4645 926 4710 quod
967 4654 1022 4698 et
1052 4653 1340 4700 erexerant
1382 4645 1560 4697 statim
1608 4644 1823 4697 cadunt.

220 4744 326 4810 Qui
358 4755 493 4811 ergo
517 4739 543 4776 δ
574 4754 604 4791 a
636 4736 863 4792 fervoris
885 4739 968 4792 sui
997 4739 1192 4806 impetu
1219 4738 1319 4791 sub
1350 4737 1583 4790 lenitatis
1613 4751 1829 4805 percus-

221 4838 386 4887 sione
413 4833 686 4895 resiliunt,
710 4830 863 4899 quasi
889 4831 1006 4883 sine
1034 4829 1176 4883 ferro
1205 4829 1526 4881 moriuntur.

669 4924 894 4979 eaeor
926 4922 1062 4977 xvu
1093 4921 1198 4993 [Αι.
1221 4920 1394 4989 xui.

474 5017 746 5083 Quomodo
769 5013 1081 5067 admonendi
1108 5013 1326 5064 Immites
1351 5023 1394 5063 et
1424 5011 1564 5064 elati.

290 5109 624 5181 (Admonitio
671 5106 776 5176 l8.)
824 5106 994 5160 Aliter
1033 5104 1351 5158 admonendi
1399 5113 1522 5156 sunt
1572 5101 1822 5163 humiles,

214 5214 384 5271 atque
409 5199 567 5251 aliter
588 5198 734 5252 elati.
767 5197 874 5250 Illis
907 5194 1284 5249 insinuandum
1309 5202 1390 5246 est
1420 5209 1578 5262 quam
1604 5193 1671 5245 sit
1698 5205 1824 5245 vera

214 5289 551 5346 excellentia
598 5304 756 5358 quam
805 5285 1074 5355 Sperando
1115 5295 1328 5347 tenent;
1364 5285 1480 5337 istis
1527 5297 1654 5337 vero
1702 5283 1827 5335 inti-

216 5383 484 5437 mandum
516 5392 602 5434 est
627 5395 786 5448 quam
821 5378 890 5432 sit
922 5378 1067 5431 nulla
1098 5377 1406 5443 temporalis
1436 5374 1626 5443 gloria,
1661 5390 1822 5442 quam

214 5487 269 5528 et
299 5476 702 5544 amplectentes
729 5488 832 5525 non
873 5479 1080 5526 tenent.
1113 5470 1346 5523 Audiant
1395 5469 1623 5524 humiles
1665 5485 1823 5538 quam

290 5600 317 5627 ι
353 5588 573 5644 Gemel.
599 5604 662 5642 ac
692 5587 762 5651 pl.
794 5586 1003 5648 Norm.,
1033 5594 1174 5638 tanta
1200 5585 1460 5637 libentius.

289 5662 317 5696 δ
353 5661 525 5722 Ειιῖιι,
550 5678 586 5711 a
613 5659 803 5727 furoris
832 5657 943 5722 sui,
975 5667 1160 5710 contra
1193 5657 1317 5709 Mss.
1345 5665 1450 5708 tatu
1475 5654 1630 5722 Angl.
1661 5668 1816 5722 quam

220 5747 314 5782 nn-
325 5743 338 5778 I
351 5746 536 5782 rornm
573 5731 728 5780 fidem
740 5768 751 5779 .

300 5813 322 5838 ε
363 5801 437 5854 De
469 5805 570 5855 hoc
605 5797 850 5867 loquendi
902 5799 1062 5849 modo
1107 5796 1366 5865 Gregorio
1399 5793 1675 5861 familiari,
1703 5796 1822 5847 vide

1936 4635 2254 4700 increpanda
2285 4652 2404 4703 qua:
2452 4651 2555 4688 non
2586 4634 2815 4696 debent,
2848 4644 2939 4685 aut
2980 4636 3150 4700 magis
3201 4637 3519 4702 iurrepanda

1937 4740 2098 4794 quam
2131 4725 2358 4787 debent,
2403 4724 2506 4778 sub
2538 4725 2765 4788 imagine
2809 4723 3068 4774 libertatis
3096 4723 3372 4778 eli'renatio
3420 4727 3521 4779 iiii-

1936 4818 2085 4887 pellit
2113 4816 2354 4870 tumoris.
2386 4814 2410 4852 ἀ
2441 4815 2590 4869 Unde
2620 4824 2673 4867 et
2698 4814 2821 4868 elati
2850 4815 3172 4869 admonendi
3202 4827 3324 4870 sunt
3354 4819 3440 4886 (it,
3469 4836 3519 4887 q.

1935 4911 1987 4974 7,
2011 4925 2059 4963 c.
2088 4909 2457 4977 Admonendi),
2489 4923 2555 4964 ne
2587 4909 2704 4976 plus
2745 4923 2900 4977 quam
2930 4909 3084 4963 decet
3113 4912 3220 4964 sint
3250 4911 3432 4975 liberi;
3466 4924 3520 4967 et

1936 5003 2165 5056 humiles
2195 5002 2518 5057 admonendi
2549 5011 2705 5065 sunt,
2738 5016 2803 5054 ne
2836 5001 2956 5070 plus
2982 5017 3140 5070 quam
3172 5004 3382 5072 expedit
3415 5004 3520 5058 sint

1933 5095 2198 5162 subjecti,
2243 5109 2308 5148 ne
2348 5105 2438 5147 aut
2483 5093 2558 5146 illi
2591 5094 2956 5147 defensionem
2985 5094 3205 5161 justititn
3235 5105 3442 5150 vertant
3471 5098 3522 5151 in

1930 5185 2366 5237 exercitationem
2398 5183 2611 5250 superbi
2633 5202 2682 5249 ι’,
2716 5192 2804 5235 aut
2849 5183 2933 5236 isti
2973 5199 3094 5238 cum
3137 5185 3356 5240 student
3403 5189 3522 5257 plus

1932 5293 2090 5343 quam
2143 5292 2362 5330 necesse
2409 5286 2490 5329 est
2537 5276 2838 5331 hominibus
2880 5278 3102 5345 subjici,
3133 5282 3525 5347 compellantur

1930 5383 2114 5420 eorum
2138 5369 2297 5422 etiam
2321 5366 2442 5420 vitia
2473 5366 2732 5420 tenet-ani.

2013 5461 2470 5516 Considerandum
2523 5475 2648 5514 vero
2680 5471 2762 5514 est
2806 5461 2942 5526 quod
2994 5461 3305 5531 ΙτΙιΊίιιιιιμιιξ
3357 5466 3527 5518 elatos

1932 5580 1966 5632 Ι.
1996 5594 2057 5629 xv
2091 5576 2298 5636 Morul.,
2325 5590 2376 5626 ιι.
2402 5574 2500 5636 20;
2539 5575 2573 5626 l.
2607 5589 2723 5635 xvr,
2754 5591 2804 5624 ιι.
2835 5571 2924 5638 57,
2959 5588 3018 5625 ac
3052 5579 3270 5640 passim.

1995 5647 2336 5772 Salluntinos
2363 5643 2479 5701 litec
2512 5646 2774 5710 referens,
2823 5660 2926 5698 non
2967 5649 3127 5700 verba
3158 5646 3250 5700 sed
3299 5662 3518 5704 sensum

2069 5729 2123 5771 η.

1934 5729 2123 5774 reddu.
