3968 6310
472 310 537 361 79

1664 305 1905 361 SANCTI
1947 307 2273 363 GREGORII
2315 309 2519 363 MAGNI

3664 308 3734 360 ὅ.)

468 421 646 473 utilius
676 418 1016 487 corripimus,
1048 418 1091 472 si
1122 433 1302 472 eorum
1333 419 1759 485 correptionibus
1800 422 2039 489 quaedam
2074 427 2118 484 Α
2147 422 2288 489 quod
2321 424 2470 475 valle
2501 435 2558 475 se
2588 418 2943 487 despicientes
2992 419 3293 488 negligant,
3326 428 3379 472 et
3428 417 3550 472 ideo
3598 419 3733 474 levi-

466 510 681 565 Iaudum
732 510 962 564 fomenta
994 510 1330 563 misceamus.
1365 509 1641 563 Inferenda
1686 526 1909 579 namque
1940 513 2044 566 illis

466 612 588 656 sunt
615 610 704 654 aut
728 602 831 653 alia
863 600 997 653 bona
1041 616 1158 665 qua)
1200 602 1249 653 in
1284 600 1411 667 ipsis
1454 610 1607 664 sunt,
1642 610 1732 652 aut
1761 601 2043 655 dicendum

468 704 612 747 certe
639 708 755 762 quae
784 702 1027 762 poterant
1051 706 1170 744 esse
1194 692 1237 744 si
1270 707 1372 744 non
1406 701 1562 755 sunt;
1596 700 1650 745 et
1682 702 1804 745 tunc
1832 693 2043 745 demum

470 786 757 842 resecando
786 796 909 837 sunt
933 786 1067 835 mala
1091 800 1205 852 quae
1237 785 1388 837 nobis
1415 784 1729 851 displicent,
1754 799 1872 837 cum
1899 787 2045 851 prius

467 877 531 929 ad
582 874 902 928 audiendum
953 888 1135 926 eorum
1190 874 1499 939 placabilem
1554 883 1781 926 mentem
1826 874 2046 926 fecerint

469 967 741 1035 praemissa
766 966 900 1017 bona
929 980 1042 1031 qua:
1074 965 1299 1030 placent.
1328 962 1456 1015 Nam
1481 974 1534 1015 et
1560 978 1725 1031 equos
1756 963 2047 1015 indomitos

470 1057 657 1112 blanda
690 1056 833 1123 prius
879 1071 1033 1107 manu
1085 1055 1365 1123 tangimus,
1396 1063 1449 1106 ut
1498 1069 1587 1106 eos
1638 1054 1789 1107 nobis
1837 1053 2044 1122 plenius

470 1148 801 1217 postmodum
846 1147 1005 1199 etiam
1039 1162 1130 1213 per
1162 1147 1361 1214 ﬂagella
1402 1147 1729 1216 subigamus.
1769 1148 1832 1198 Et
1861 1161 2043 1198 amaro

469 1241 862 1309 pigmentorum
907 1238 1092 1303 poculo
1136 1238 1308 1289 mellis
1353 1236 1575 1289 dulcedo
1622 1237 1940 1305 adjungitur,
1979 1251 2043 1289 ne

467 1348 529 1386 ea
573 1346 691 1398 qua:
733 1329 889 1382 saluti
932 1329 1201 1395 profutura
1244 1338 1355 1393 est,
1388 1329 1438 1380 in
1490 1328 1605 1396 ipso
1649 1338 1803 1395 gustu
1852 1342 2038 1392 aspera

466 1423 763 1479 amaritudo
803 1422 1092 1485 sentiatur;
1122 1421 1248 1473 dum
1278 1435 1405 1473 vero
1437 1429 1620 1487 gustus
1672 1434 1763 1486 per
1806 1419 2043 1471 dulcedi-

468 1529 584 1567 nem
617 1513 831 1577 fallitur,
862 1520 887 1547 ι
920 1511 1106 1563 humor
1142 1509 1446 1562 mortiferus
1498 1524 1589 1571 per
1632 1508 2040 1561 amaritudinem

468 1611 742 1657 vacuatur.
793 1602 905 1669 Ipsa
959 1616 1085 1669 ergo
1140 1600 1191 1652 in
1240 1599 1393 1653 elatis
1445 1598 1757 1651 inchtionis
1800 1598 2040 1661 exordia,

466 1692 725 1759 permixta
757 1700 880 1742 sunt
910 1690 1062 1743 laude
1107 1687 1470 1756 temperanda,
1508 1696 1563 1740 ut
1603 1688 1727 1741 dum
1758 1688 2046 1741 admittunt

2153 522 2256 565 tate
2286 513 2666 580 cogitationum
2699 526 2726 563 a
2760 525 2855 564 suo
2881 512 3083 579 judicio
3124 526 3216 579 per
3263 519 3558 579 temporum
3608 528 3730 565 mo-

2152 615 2323 658 menta
2358 604 2658 656 flectuntur.
2694 603 2802 655 Illis
2831 603 3111 655 dicendum
3139 609 3220 655 est
3249 603 3371 670 quia
3402 602 3506 657 nisi
3538 604 3735 656 melio'

2152 711 2234 748 res
2273 711 2328 747 se
2377 694 2586 748 creteris
2634 695 2993 756 mstimareut,
3039 706 3368 761 nequaquam
3416 704 3734 747 cunctorum

2148 789 2363 840 consilia
2396 800 2506 839 sua:
2544 784 2915 839 deliberationi
2958 792 3367 852 postponerent;
3398 783 3513 837 istis
3550 784 3707 838 dicen

2148 880 2270 932 dum
2295 890 2375 931 est
2397 881 2519 945 quia
2548 878 2592 931 si
2622 878 2721 929 hoc
2746 876 2884 945 quod
2916 884 3058 938 sunt,
3084 886 3349 943 utcunque
3371 875 3735 937 attenderem,

2152 985 2484 1037 nequaquam
2517 984 2608 1021 eos
2650 984 2743 1036 per
2771 977 2844 1019 tot
2878 976 2900 1003 ε
2935 968 3205 1021 varietatis
3248 968 3410 1021 latera
3457 966 3734 1020 mutabili—

2149 1059 2271 1111 tatis
2314 1073 2439 1110 aura
2476 1065 2733 1109 versaret.
2768 1057 2869 1107 Illis
2903 1072 2995 1123 per
3027 1056 3242 1108 Paulum
3289 1056 3517 1110 dicitur:
3548 1056 3731 1110 Nolite

2148 1148 2419 1215 prudentes
2464 1162 2571 1199 esse
2614 1147 2754 1211 apud
2802 1146 3130 1210 vosmetipsos
3178 1145 3352 1212 (Rom.
3379 1163 3481 1209 xtl,
3518 1148 3635 1215 16);
3680 1158 3734 1202 at

2148 1250 2331 1290 eontra
2366 1238 2448 1289 isti
2482 1236 2702 1288 audiunt
2731 1252 2744 1287 :
2781 1234 2903 1287 Non
2934 1237 3353 1298 circnmferamur
3398 1238 3535 1289 omni
3582 1250 3733 1292 ιτηό

2148 1330 2394 1383 doctrinm
2430 1328 2643 1397 (Eplws.
2676 1344 2746 1391 tv,
2778 1328 2885 1397 It).
2921 1329 2991 1380 De
3024 1330 3126 1381 illis
3157 1344 3248 1394 per
3279 1329 3601 1383 Salomonen
3651 1330 3737 1383 di-

2147 1423 2285 1475 citur
2314 1441 2325 1475 :
2361 1421 2633 1474 Comedent
2664 1425 2857 1489 fructus
2887 1422 2978 1473 via:
3008 1437 3130 1483 sum,
3159 1423 3360 1489 suisque
3387 1423 3613 1474 consiliis
3642 1440 3731 1475 sa-

2149 1515 2452 1567 tarabuntur
2486 1511 2663 1575 (Prov.
2688 1530 2734 1577 ι,
2758 1512 2881 1579 51);
2922 1512 2988 1565 de
3017 1513 3131 1565 istis
3153 1521 3329 1564 autem
3358 1512 3424 1564 ab
3454 1527 3517 1565 eo
3543 1527 3729 1565 rursus

2147 1606 2397 1659 scribitur
2423 1621 2434 1656 :
2466 1604 2565 1657 Cor
2596 1606 2868 1656 stultorum
2899 1604 3145 1655 dissimile
3172 1602 3268 1654 erit
3313 1601 3502 1670 (lbid.,
3534 1617 3626 1667 xv,
3653 1602 3733 1668 7).

2148 1694 2252 1749 Cor
2280 1696 2473 1763 quippe.
2499 1696 2793 1764 sapientum
2824 1693 3137 1759 sibimetipsi
3169 1708 3381 1760 semper
3408 1702 3489 1746 est
3518 1693 3694 1746 simile
3718 1708 3733 1755 ;

466 1781 675 1834 favores
706 1795 839 1848 quos
888 1781 1145 1851 di‘igunt,
1174 1781 1333 1833 etiam
1378 1778 1741 1846 correptiones
1784 1779 2041 1847 recipiant

2172 1791 2266 1857 [uia
2291 1790 2413 1840 dum
2439 1797 2596 1841 rectis
2622 1784 2986 1855 persuasionib
3013 1800 3051 1837 rs
3074 1785 3391 1851 aequiescit.
3418 1799 3447 1838 c
3474 1795 3735 1837 nstanter

464 1888 595 1941 quas
626 1872 873 1925 oderunt.

538 1964 852 2030 Plerumque
883 1970 1061 2014 autem
1111 1962 1430 2029 persuadere
1461 1961 1611 2015 elatis
1656 1961 1802 2015 utilia
1851 1961 2040 2015 melius

467 2070 763 2125 possumus,
788 2056 829 2109 si
857 2055 1147 2123 profectum
1173 2069 1357 2107 eorum
1384 2054 1534 2107 nobis
1562 2055 1734 2122 potius
1750 2055 1859 2124 60
1881 2068 2043 2121 quam

469 2148 570 2209 illis
616 2145 947 2213 profuturum
992 2145 1253 2209 dicamus,
1281 2145 1323 2197 si
1353 2160 1539 2198 eorum
1564 2144 1589 2183 ι’
1624 2144 2043 2199 melioratiouem

471 2238 619 2293 nobis
648 2241 812 2305 magis
852 2252 1005 2303 quam
1053 2236 1155 2289 sibi
1204 2237 1435 2304 lmpeudi
1491 2236 1835 2304 postnlemus.
1868 2234 2044 2288 Facile

471 2332 606 2385 enim
651 2329 716 2382 ad
749 2328 943 2380 bonum
987 2328 1147 2380 elatio
1188 2328 1436 2390 ﬂectitur,
1470 2330 1513 2381 si
1556 2338 1607 2382 et
1655 2327 1771 2381 aliis
1813 2328 1928 2395 ejus
1968 2330 2046 2380 in-

473 2420 623 2474 flexio
647 2418 897 2486 prodesse
920 2418 1187 2471 credatur.
1213 2418 1359 2472 Unde
1384 2418 1615 2490 Moyses,
1635 2422 1721 2487 qui
1748 2427 1965 2486 regente
1986 2433 2045 2471 se

474 2512 599 2571 Ileo,
626 2509 821 2564 deserti
853 2510 950 2562 iter
980 2524 1134 2564 aerea
1166 2509 1409 2564 columna
1437 2511 1571 2564 duce
1603 2513 1853 2577 pergebat
1877 2521 1898 2549 ο
1924 2526 2043 2564 cum

475 2601 653 2656 IIobab
694 2610 977 2669 cognatum
1018 2614 1171 2654 suum
1219 2616 1247 2653 a
1289 2602 1599 2670 gentilitatis
1642 2603 2049 2656 conversatione

476 2694 629 2749 vellet
670 2693 922 2756 educere,
954 2700 1007 2745 et
1035 2694 1417 2760 omnipltlentis
1460 2693 1554 2746 Dei
1597 2693 1832 2747 dominio
1862 2693 2047 2760 subju-

477 2805 595 2859 gare
623 2807 635 2840 :
674 2788 1059 2857 Proﬁciscimur
1080 2790 1147 2839 ad
1179 2789 1345 2841 locum
1376 2804 1525 2855 quem
1560 2787 1808 2839 Dominus
1838 2789 2050 2838 daturus

479 2890 541 2935 est
574 2880 747 2942 nobis;
777 2882 887 2934 veni
918 2882 1208 2941 nobiscum,
1242 2888 1292 2931 ut
1333 2880 1454 2932 bene
1493 2880 1740 2948 faciamus
1780 2880 1899 2943 tibi,
1932 2880 2052 2946 quia

480 2971 720 3023 Dominus
750 2971 879 3022 bona
911 2972 1141 3037 promisit
1176 2971 1381 3024 Israeli.
1420 2968 1513 3022 Cui
1546 2986 1662 3022 cum
1709 2969 2051 3036 respondisset

481 3065 601 3116 ille:
634 3061 751 3114 Non
784 3064 965 3115 vadam
993 3072 1154 3115 tecum
1175 3105 1188 3127 ,
1219 3064 1307 3115 sed
1338 3072 1558 3116 revertar
1590 3063 1642 3114 in
1675 3072 1864 3114 terram
1894 3078 2052 3115 meum

481 3156 525 3206 in
551 3170 651 3220 qua
679 3161 826 3206 natus
845 3169 992 3218 sum;
1023 3154 1162 3205 illico
1184 3153 1420 3221 adjunin
1441 3167 1460 3206 :
1486 3151 1608 3206 Noli
1630 3168 1721 3204 nos
1744 3154 2053 3217 re‘inquere;

484 3255 530 3297 tu
560 3246 692 3297 enim
723 3245 857 3297 nosti
888 3244 938 3295 in
969 3244 1148 3312 quibus
1177 3244 1301 3295 locis
1335 3260 1422 3310 per
1464 3244 1717 3296 desertum
1761 3253 1929 3295 castra
1969 3259 2060 3313 po-

485 3353 598 3389 nere
646 3336 938 3399 debeamus,
970 3346 1016 3387 et
1061 3335 1159 3387 eris
1208 3336 1388 3387 ductor
1436 3346 1603 3387 noster
1651 3333 1849 3405 (Num.
1879 3350 1939 3399 ιι,
1968 3333 2056 3399 29,

484 3424 633 3493 seq.).
662 3426 842 3494 Neque
885 3426 1027 3479 enim
1060 3426 1225 3494 Moysi
1260 3435 1489 3479 mentem
1522 3427 1817 3494 ignorantia
1862 3425 2064 3478 itineris

483 3517 825 3585 angustabat,
859 3533 1014 3585 quem
1062 3526 1117 3570 et
1146 3515 1169 3551 ά
1198 3516 1262 3568 ad
1302 3516 1592 3584 prophetiae
1640 3516 1915 3568 scientiam
1967 3531 2063 3567 co-

489 3609 649 3678 gnitio
677 3608 972 3662 Divinitatis
995 3606 1351 3675 expauderat,
1376 3620 1531 3673 quem
1557 3606 1799 3658 columna
1823 3604 2061 3657 exterius

490 3700 738 3767 prmibat,
769 3713 924 3765 quem
956 3697 1020 3749 de
1046 3696 1252 3750 cunctis
1296 3696 1516 3748 interius
1559 3709 1652 3762 per
1696 3695 2064 3749 conversatio-

492 3803 611 3841 nem
639 3801 757 3840 cum
790 3787 899 3839 Deo
923 3786 1159 3839 sedulam
1194 3786 1389 3839 locutio
1431 3784 1705 3837 familiaris
1751 3784 2067 3837 instruebat.

494 3881 597 3936 Sed
634 3880 879 3934 videlicet
906 3880 987 3933 vir
1028 3879 1280 3948 providus
1308 3879 1447 3933 elato
1479 3878 1705 3931 auditori
1736 3878 2073 3946 colloquens,

496 3970 739 4024 solatium
779 3968 965 4037 petivit
992 3980 1047 4022 ut
1088 3969 1269 4032 daret;
1312 3968 1498 4022 ducem
1541 3969 1844 4036 requirebat
1887 3969 1937 4021 in
1971 3968 2076 4033 via,

498 4070 554 4114 ut
583 4061 686 4113 dux
719 4059 768 4112 ei
797 4060 907 4113 fieri
941 4061 1199 4130 potuisset
1230 4060 1294 4111 ad
1324 4058 1507 4111 vitam.
1536 4058 1653 4127 Egit
1681 4058 1858 4127 itaque
1888 4066 1946 4111 ut
1985 4073 2079 4110 su-

500 4152 694 4221 perbus
738 4152 948 4206 auditor
980 4151 1097 4205 voci
1146 4151 1211 4204 ad
1253 4150 1477 4203 meliora
1523 4149 1764 4203 suadenti
1799 4165 1865 4202 eo
1914 4149 2081 4216 magis

504 4244 653 4296 ﬁeret
675 4243 917 4305 devotus,
947 4258 1050 4311 quo
1081 4252 1353 4310 putaretur
1382 4239 1741 4303 necessarius;
1770 4248 1825 4293 et
1853 4240 1991 4292 unde
2022 4254 2080 4293 se

503 4332 899 4387 exhortatorem
929 4347 1083 4386 suum
1118 4331 1418 4399 przecedere
1443 4331 1720 4394 crederet,
1754 4330 1877 4384 inde
1902 4345 1959 4385 se
1981 4329 2079 4384 sub

506 4423 681 4479 verbis
709 4425 1039 4480 exbortantis
1075 4424 1373 4478 inclinaret.

894 4536 1119 4591 CAPUT
1158 4533 1320 4588 χχιιι
1354 4533 1457 4605 [Αι.
1491 4530 1699 4603 XLII].

610 4628 877 4692 Quomodo
907 4628 1213 4681 admonendi
1246 4628 1528 4695 pertinaces
1551 4635 1598 4677 et
1627 4627 1993 4677 inconstantes.

595 4723 906 4794 (Admonitio
938 4722 1049 4790 I9.)
1077 4720 1241 4773 Aliter
1270 4718 1589 4772 admonendi
1621 4725 1745 4771 sunt
1771 4717 2087 4785 pertinaces,

515 4836 674 4892 atque
723 4817 874 4868 aliter
919 4812 1301 4865 inconstantes.
1336 4808 1443 4861 Illis
1489 4807 1771 4861 dicendum
1820 4815 1901 4859 est
1945 4805 2087 4873 quod

516 4920 633 4987 plus
670 4911 738 4964 de
783 4921 842 4960 se
883 4918 1040 4973 quam
1086 4910 1210 4955 sunt
1252 4901 1519 4963 sentiunt,
1553 4908 1608 4953 et
1657 4899 1853 4952 idcirco
1904 4898 2095 4951 alienis

517 5002 757 5062 consiliis
787 5012 891 5052 non
921 4995 1291 5064 acquiescant;
1326 4991 1439 5045 istis
1465 5005 1593 5045 vero
1635 4990 1984 5043 intimandum
2016 4999 2097 5043 est

594 5178 616 5203 ³
651 5166 814 5219 Laud.
844 5173 896 5213 et
924 5162 1183 5215 secundus
1218 5158 1445 5219 Uemet.,
1479 5159 1663 5209 humor
1710 5156 1961 5216 mortifer.
2009 5155 2098 5208 Sic

521 5253 731 5308 quoque
777 5234 963 5301 legitur
1015 5232 1067 5283 iu
1121 5230 1329 5283 Getnet.
1383 5231 1582 5297 primo,
1632 5226 1723 5279 sed
1779 5241 1806 5275 a
1864 5226 2097 5279 secunda

525 5322 845 5434 mabmllsaud”
872 5370 1115 5438 L0iigip.,
1146 5368 1259 5420 Val.
1288 5367 1392 5429 CL,
1416 5370 1520 5421 duo
1551 5365 1754 5436 priores
1782 5364 2014 5427 Gemet.,
2048 5373 2102 5418 et

528 5448 711 5505 tertius
738 5442 979 5498 Carnol..
1011 5440 1425 5491 moderationem.

600 5529 623 5557 ε
660 5510 960 5581 A|.,Jetro.
1006 5509 1136 5564 Cod.
1170 5508 1327 5561 Corb.
1376 5508 1532 5561 habet
1581 5518 1857 5575 utramque
1910 5504 2097 5559 lectio-

532 5603 861 5715 neanlaaud”
906 5650 1179 5713 Rotbom.,
1227 5646 1375 5714 Lyr.,
1405 5649 1472 5698 ad
1516 5648 1791 5713 prophetia.
1828 5644 1879 5697 lu
1922 5644 2106 5703 Trec..

532 5728 693 5783 ϐοή).
732 5736 784 5781 et
823 5722 1085 5792 plenisque
1135 5716 1343 5784 legitur,
1378 5733 1559 5784 quant,
1593 5730 1667 5768 sc.
1716 5724 1981 5777 mentem,
2017 5728 2111 5781 pro

2150 1895 2207 1933 se
2241 1879 2291 1931 in
2344 1878 2481 1931 bono
2528 1890 2692 1942 Opere
2722 1865 2920 1943 dirigit.
2950 1873 3052 1927 Cor
3081 1890 3208 1927 vero
3248 1875 3527 1926 stultorum
3572 1872 3739 1925 dissi-

2150 1970 2274 2022 mile
2301 1978 2414 2029 est,
2445 1968 2564 2035 quia
2595 1965 2719 2019 dum
2752 1965 3100 2018 mutabilitate
3140 1979 3197 2018 se
3228 1964 3429 2017 varium
3476 1963 3735 2026 exhibet,

2150 2073 2416 2126 nunquam
2468 2056 2516 2109 id
2557 2055 2695 2125 quod
2753 2058 2917 2108 luerat
2964 2064 3163 2107 manet.
3212 2057 3274 2106 Et
3322 2058 3441 2120 quia
3481 2054 3728 2119 quaedam

2152 2149 2277 2201 vitia
2309 2148 2445 2200 sicut
2487 2160 2553 2199 ex
2602 2145 2903 2212 semetipsis
2949 2143 3171 2212 gignunt
3217 2144 3337 2205 alia,
3386 2142 3455 2196 ita
3497 2158 3563 2197 es
3611 2142 3736 2196 aliis

2149 2241 2413 2302 oriuntur,
2460 2238 2735 2291 sciendum
2783 2250 3123 2304 summopere
3173 2245 3255 2288 est
3300 2236 3438 2303 quod
3491 2247 3617 2289 tunc
3666 2250 3731 2289 ea

2149 2328 2484 2396 eorripieudo
2512 2328 2700 2381 melius
2733 2329 3008 2394 tergimus,
3040 2341 3157 2401 cum
3190 2324 3256 2376 ab
3308 2324 3423 2393 ips»
3472 2334 3737 2377 amantu-

2150 2419 2288 2474 dinis
2316 2435 2426 2473 sua:
2457 2417 2602 2473 fonte
2656 2420 2937 2472 siccantus.
2973 2416 3268 2470 Pertinacia
3319 2418 3513 2481 quippe
3541 2430 3605 2468 ex
3640 2428 3735 2468 su-

2153 2512 2354 2581 perbia,
2388 2510 2733 2563 inconstantia
2770 2524 2895 2562 vero
2923 2524 2984 2562 ex
3017 2508 3233 2560 levitate
3258 2515 3565 2575 generatur.

2225 2604 2557 2658 Admonendi
2609 2604 2766 2672 igitur
2809 2611 2934 2656 sunt
2976 2604 3290 2671 pertinaces,
3334 2610 3391 2654 ut
3436 2604 3738 2655 elationem

2152 2710 2261 2749 suze
2311 2694 2646 2763 cogitatZOnis
2694 2704 3015 2762 agnoscant,
3055 2704 3108 2747 et
3152 2694 3469 2760 semetipsos
3522 2694 3742 2747 vincere

2152 2788 2428 2849 studeant;
2460 2802 2523 2839 ne
2569 2784 2693 2838 dum
2743 2787 2902 2839 rectis
2942 2785 3166 2838 aliorum
3213 2784 3553 2837 suasionibus
3606 2783 3749 2837 for.s

2153 2878 2387 2945 superari
2418 2875 2746 2943 despiciunt,
2781 2876 2921 2927 intus
2951 2890 2977 2925 a
3009 2874 3252 2942 superbia
3286 2874 3389 2942 61
3419 2873 3610 2941 captivi
3649 2884 3746 2925 tc—

2156 2976 2398 3021 neantur.
2428 2966 2762 3020 Admonendi
2794 2974 2949 3031 sunt,
2984 2973 3039 3016 ut
3068 2964 3293 3017 solerter
3318 2965 3577 3029 aSpiciant
3609 2964 3739 3031 quia

2157 3059 2321 3112 Filius
2350 3057 2599 3120 hominis,
2629 3058 2711 3110 cui
2744 3071 2844 3109 una
2891 3070 3101 3122 semper
3131 3069 3251 3107 cum
3302 3054 3458 3107 Patre
3494 3052 3751 3105 voluntas

2163 3162 2275 3217 est,
2308 3161 2364 3205 ut
2389 3155 2687 3220 exemplum
2717 3154 2868 3204 nobis
2901 3150 3201 3219 frangenda:
3227 3158 3422 3202 nostra:
3452 3148 3749 3201 voluntatis

2168 3255 2432 3315 praebeat,
2474 3246 2644 3299 dicit:
2680 3243 2798 3296 Non
2838 3259 3011 3308 quer
3055 3242 3368 3295 voluntatem
3413 3257 3611 3305 meam,
3654 3242 3748 3293 sed

2169 3339 2480 3390 voluntatem
2505 3338 2616 3406 ejus
2643 3335 2729 3404 qui
2760 3335 2892 3385 misit
2924 3349 3000 3386 me
3030 3332 3201 3385 Patris
3232 3330 3409 3400 (Jonn.
3431 3348 3482 3395 v,
3508 3332 3618 3399 50).
3648 3331 3752 3395 Qui

2169 3439 2226 3481 ut
2259 3429 2414 3496 hujus
2461 3429 2633 3479 adhuc
2676 3427 2885 3478 virtutis
2914 3426 3135 3492 gratiam
3166 3423 3599 3486 commendaret,
3630 3437 3754 3476 ser-

2179 3530 2427 3574 valttrutn
2454 3534 2513 3572 se
2544 3518 2641 3570 hoc
2665 3518 2714 3569 in
2741 3527 2982 3570 extremo
3003 3516 3201 3583 judicio
3227 3515 3507 3583 praemisit,
3530 3514 3754 3567 dicens:

2176 3613 2283 3683 Ego
2306 3629 2336 3663 α
2368 3628 2444 3663 me
2483 3611 2594 3679 ipso
2623 3626 2722 3661 non
2751 3624 2955 3677 possum
2984 3609 3149 3676 facere
3172 3608 3479 3675 quidquam,
3507 3606 3593 3658 sed
3624 3605 3761 3656 sicut

2174 3706 2351 3769 audio,
2376 3703 2558 3773 judico
2588 3701 2797 3772 (lbid.).
2828 3700 2939 3765 Qua
2984 3703 3159 3766 itaque
3192 3696 3211 3735 ί
3244 3696 3569 3751 conscientia
3600 3693 3762 3747 dedi.

2176 3805 2371 3863 gnatur
2409 3794 2570 3845 homo
2618 3792 2804 3843 aliena:
2840 3787 3094 3840 voluntati
3138 3785 3500 3854 acquiescere,
3544 3783 3763 3853 quando

2182 3885 2271 3939 Dei
2298 3895 2352 3939 et
2381 3884 2609 3937 hominis
2636 3881 2821 3947 Filius,
2846 3895 2965 3934 cum
2997 3878 3203 3932 virtutis
3223 3894 3332 3930 sua:
3363 3879 3583 3945 gloriam
3615 3879 3765 3931 venit

2180 3975 2481 4036 ostendere.
2509 3985 2731 4029 testatur
2752 3988 2810 4027 se
2838 3988 2941 4025 non
2968 3987 2995 4025 a
3030 3972 3316 4039 semetipso
3340 3970 3615 4038 judicare?

2254 4072 2321 4124 At
2340 4080 2524 4124 contra
2546 4063 2865 4118 admonendi
2890 4073 3008 4115 sunt
3032 4062 3411 4124 inconstantes,
3438 4070 3495 4114 ut
3532 4069 3767 4112 mentem

2183 4162 2443 4233 gravitate
2474 4158 2751 4211 roburent.
2783 4154 2933 4207 Tunc
2954 4152 3096 4204 enim
3128 4149 3399 4219 genimina
3434 4150 3484 4200 in
3509 4162 3569 4201 se
3596 4158 3771 4200 muta-

2189 4254 2408 4310 bilitatis
2423 4263 2447 4299 ιι
2461 4249 2775 4311 arefaciuut,
2791 4262 2909 4299 i-um
2927 4261 2954 4297 a
2973 4244 3134 4298 corde
3153 4244 3299 4311 prius
3326 4242 3559 4295 radicem
3580 4241 3772 4294 levita-

2190 4350 2257 4401 tis
2284 4345 2591 4404 abscidunt,
2625 4340 2745 4408 quia
2775 4348 2827 4392 et
2855 4351 2979 4390 tunc
3011 4336 3209 4388 fabrica
3257 4334 3472 4387 robusta
3503 4332 3775 4384 C0!hll‘lli-

2193 4449 2298 4502 tur,
2333 4452 2451 4490 cum
2487 4434 2632 4502 prius
2680 4434 2827 4485 locus
2867 4428 3087 4492 solidus,
3137 4429 3188 4480 in
3219 4442 3325 4495 quo
3367 4425 3774 4479 fundamentum

2120 4564 2162 4619 θ
2197 4533 2316 4601 puni
2349 4530 2557 4594 debeat,
2588 4525 2771 4595 provid
2793 4533 2913 4576 -tttr.
2946 4522 3054 4574 Nisi
3086 4536 3212 4588 ergo
3235 4530 3358 4572 ante
3393 4520 3587 4570 mentis
3626 4517 3773 4568 levi-

2200 4635 2279 4678 tas
2306 4633 2583 4683 caveatur,
2611 4616 2990 4685 cogitationum
3022 4608 3376 4664 inconstantia
3410 4608 3625 4661 minime
3654 4608 3781 4659 vin-

2199 4715 2358 4767 citur.
2393 4715 2434 4765 A
2465 4710 2656 4780 quibus
2683 4721 2742 4761 se
2772 4707 3005 4758 alienmu
3054 4703 3248 4756 Paulus
3275 4701 3437 4754 fuisse
3466 4697 3776 4769 perhibuit,

2200 4822 2320 4860 cum
2350 4804 2481 4858 dicit
2508 4816 2522 4854 :
2556 4798 2802 4868 Nunquid
2848 4796 3047 4849 levitate
3076 4811 3199 4848 usus
3241 4795 3391 4846 sum?
3422 4800 3509 4844 aut
3552 4805 3663 4859 qua:
3692 4804 3785 4841 co-

2203 4898 2327 4967 gito.
2360 4893 2639 4948 secundum
2668 4906 2871 4944 carnem
2897 4889 3081 4956 cogito,
3120 4895 3174 4939 ut
3205 4888 3268 4938 sit
3297 4886 3437 4953 apud
3475 4900 3575 4941 me.
3617 4891 3690 4934 est
3734 4892 3786 4934 et

2205 5004 2304 5041 non
2336 4985 2386 5054 (l
2421 4986 2536 5038 Cor.
2566 5000 2613 5050 ι,
2648 4983 2775 5052 17)?
2828 4986 2902 5036 Ac
2932 4982 2974 5034 si
3004 4988 3188 5048 aperte
3218 4976 3400 5031 dicat:
3426 4973 3635 5027 Idcirco
3665 4988 3787 5025 mu-

2277 5171 2371 5204 em.

2203 5171 2476 5274 qusnlidit.
2510 5218 2795 5287 pleneque,
2821 5212 3077 5287 varietatis
3105 5208 3312 5287 littora,
3341 5205 3533 5287 quibus
3556 5218 3622 5256 ex
3655 5202 3789 5257 Mss.

2205 5277 2533 5356 ignoramus:
2561 5277 2718 5342 l’aulo
2748 5277 2864 5353 post
2894 5285 3115 5343 habent,
3152 5282 3350 5356 fructus
3376 5277 3532 5329 vinem
3560 5288 3795 5356 διαί-ιντο

2204 5344 2509 5417 sianum.
2541 5344 2998 5423 textus,'ejusque
3042 5344 3333 5423 versiones,
3374 5362 3606 5402 necnon
3651 5344 3782 5397 Mss.

2204 5436 2372 5490 sancti
2405 5427 2641 5500 Gregorii
2671 5436 2866 5500 cogunt
2897 5426 3093 5493 legere.
3118 5422 3211 5473 vite
3234 5435 3357 5472 sum.

2284 5504 2301 5542 ῐ
2339 5498 2860 5565 Laud.,constantia.
2911 5565 2927 5566 γ

2285 5586 2309 5624 s
2339 5552 2530 5637 fat—itii]:
2558 5552 2614 5626 et
2663 5572 2849 5624 tertius
2896 5565 3129 5623 Gemet.,
3157 5568 3411 5614 arescunt.
3445 5555 3549 5609 Alii
3581 5552 3794 5620 Norm.,

2213 5648 2457 5715 are/iant.
