4014 6340
241 392 287 447 81
970 383 1272 441 ΒεϐυιτΕ
1316 380 1742 440 PASTORALIS
1786 379 2013 434 LIBER.
2054 409 2122 419 —
2163 376 2337 433 PARS
2375 378 2655 434 TERTIA.
3388 372 3459 427 82

241 503 472 562 ubilitatis
499 515 626 557 aura
658 515 762 555 non
796 515 1010 556 moveor
1029 541 1045 567 ,
1075 502 1201 570 quia
1233 501 1468 555 levitatis
1494 499 1624 553 vitio
1658 514 1761 551 non
1793 499 1844 555 Α
1871 497 1924 548 in
1951 497 2139 548 honore
2155 495 2325 563 aliqua
2341 494 2408 546 ad
2427 493 2749 546 saturitatem
2773 491 2943 545 carnis
2973 490 3197 560 (Coloss.
3238 505 3307 556 ιι,
3338 489 3456 559 23).

239 595 501 652 succumbo.
1874 587 1986 654 Qua
2015 587 2065 639 in
2101 601 2156 640 re
2206 586 2496 640 notandum
2542 595 2626 640 est
2695 587 2836 654 quod
2869 587 2919 637 in
2965 583 3325 651 disputatione
3363 596 3460 640 sua

583 681 802 737 CAPUT
834 679 953 735 XIX
986 680 1092 752 [ΑΙ.
1121 677 1368 749 XLIII].
1875 679 2197 746 praedicator
2215 679 2463 748 egregius
2486 678 2857 747 superstitioni
2885 676 3203 730 humilitatis
3227 677 3460 743 speciem

243 795 465 860 Quomodo
529 794 830 847 admonendi
893 794 979 860 qui
1043 791 1502 856 intemperantius,
1568 801 1616 844 et
1683 794 1770 859 qui
1868 769 2061 838 inlisit.
2117 769 2238 837 (ιιιίιι
2268 769 2396 822 dum
2432 767 2552 836 Plus
2583 782 2742 860 (Nam
2774 779 2996 860 ηεθθεδθ
3024 771 3108 860 (ξεί
3155 763 3462 833 ΡθΓδδδιί⁴

675 864 875 931 parcius
898 864 1011 915 cibo
1037 874 1263 914 utuntur.
1876 863 2260 914 uentiamcaro
2314 861 2583 924 atteritur,
2637 859 2910 913 humilitas
2960 859 3089 912 iuris
3134 859 3460 921 ostenditur,

292 955 576 1024 (Admonitio
602 953 722 1022 20.)
748 954 920 1008 Aliter
944 953 1556 1022 admonendisuntgulm
1576 951 1766 1016 dediti,
1871 953 1964 1006 sed
1990 953 2057 1006 de
2089 952 2187 1005 hac
2219 953 2331 1019 ipsa
2365 953 2659 1005 humilitate
2683 953 2920 1019 graviter
2947 950 3171 1004 interius
3216 949 3462 1014 superbi-

239 1059 367 1115 Itque
391 1050 528 1102 aliter
555 1049 906 1101 abstinentes.
935 1047 1059 1100 Illos
1081 1050 1222 1101 enim
1250 1047 1595 1114 superﬂuitas
1622 1045 1769 1099 locu-
1873 1053 1978 1098 tur.
2038 1044 2101 1098 Et
2133 1044 2238 1098 nisi
2285 1044 2574 1112 aliquando
2617 1059 2769 1097 mens
2799 1059 2862 1097 ex
2900 1043 3238 1097 abstinentiae
3267 1042 3463 1096 virtute

239 1139 392 1204 tionis,
418 1139 583 1193 levitas
614 1139 812 1208 operis,
851 1149 1013 1206 atque
1043 1138 1248 1191 luxuria
1277 1155 1290 1202 ;
1343 1139 1474 1191 istos
1506 1153 1636 1191 vero
1667 1152 1769 1190 s:e-
1873 1143 2220 1198 tumesceret,
2247 1148 2583 1203 nequaquam
2619 1133 2755 1186 hanc
2788 1135 2935 1186 velut
2966 1134 3106 1188 inter
3135 1147 3324 1202 magna
3352 1148 3463 1186 me-

239 1230 633 1296 peimpatientite,
662 1243 803 1296 saepe
827 1243 957 1281 vero
979 1227 1248 1295 superbiae
1276 1228 1428 1295 culpa
1453 1229 1761 1281 comitatur.
1871 1230 1972 1283 rita
1998 1228 2298 1282 Pharisaeus
2321 1243 2578 1296 arrogans
2601 1228 2844 1280 studiose
2873 1233 3203 1288 numeraret,
3231 1225 3418 1278 dicens
3445 1243 3459 1278 :

237 1320 322 1374 Nisi
349 1321 471 1373 enim
497 1320 629 1387 gulae
653 1318 860 1372 deditos
893 1319 1247 1372 immoderata
1272 1317 1568 1387 loquacitas
1599 1333 1758 1385 rape-
1869 1319 2061 1390 Jejuno
2088 1321 2162 1372 bis
2198 1317 2482 1372 inSabbato
2528 1318 2686 1387 (Luc.
2723 1333 2883 1384 xvnt,
2941 1315 3066 1386 Η).
3117 1313 3456 1370 Admonendi

239 1423 322 1477 rct,
350 1414 478 1466 dives
506 1412 592 1466 ille
621 1412 709 1481 qui
753 1412 1000 1478 epulatus
1032 1411 1270 1479 quotidie
1301 1411 1496 1464 dicitur
1525 1410 1766 1479 splendi-
1873 1427 2001 1482 ergo
2031 1421 2154 1465 sunt
2185 1411 2324 1480 gulae
2344 1409 2535 1477 dediti,
2570 1425 2635 1463 ne
2667 1411 2715 1463 in
2740 1425 2804 1463 co
2835 1409 2974 1478 quod
3026 1422 3270 1462 escarum
3303 1406 3457 1459 delc-

236 1502 286 1552 de
322 1502 365 1554 in
413 1502 574 1570 lingua
626 1500 840 1570 gravius
896 1514 1002 1552 non
1052 1500 1300 1560 arderet.
1353 1496 1767 1551 dicens:Pater
1868 1503 2086 1557 etationi
2112 1502 2387 1566 incubant,
2414 1502 2637 1555 luxuriae
2658 1514 2715 1553 se
2741 1514 2999 1553 mucrone
3027 1498 3372 1565 transﬁgant;
3403 1504 3458 1548 et

236 1590 467 1656 Αθταίιαπι,
497 1592 729 1643 ’πίπτετε
763 1590 893 1654 νηοί,
917 1599 962 1643 ει
993 1593 1134 1642 mule
1168 1588 1441 1651 ιαιαηιηι,
1469 1596 1521 1640 ιιι
1546 1588 1764 1658 ἱηιὶηςαι
1868 1607 2064 1666 quanta
2091 1595 2190 1649 sibi
2237 1609 2331 1663 per
2363 1609 2512 1648 esum
2557 1593 2885 1662 loquacitas,
2923 1600 3120 1662 quanta
3155 1589 3348 1644 mentis
3380 1587 3457 1642 le-

232 1693 462 1735 extremum
488 1683 626 1752 digiti
657 1683 739 1735 sui
767 1683 822 1735 in
860 1698 1080 1751 aquam,
1129 1691 1180 1733 ut
1224 1681 1486 1750 refrigeret
1533 1682 1763 1750 linguam
1874 1693 2009 1742 vitas
2058 1687 2365 1750 insidietur,
2414 1687 2716 1754 aspiciant,
2768 1700 2835 1738 ne
2864 1685 2989 1737 dum
3023 1682 3193 1737 ventri
3225 1681 3456 1734 molliter

234 1791 378 1839 meum,
397 1776 506 1844 quia
533 1777 730 1827 crucior
767 1776 823 1826 in
869 1775 964 1827 hac
1012 1776 1218 1840 [lamina
1267 1773 1428 1843 (Luc.
1466 1791 1572 1838 xvt,
1628 1774 1696 1828 24
1718 1775 1757 1842 ).

1866 1782 2134 1842 serviunt,
2186 1778 2440 1832 vitiorum
2491 1778 2693 1846 laqueis
2732 1776 3022 1830 crudeliter
3063 1774 3451 1842 astringantur.

232 1867 393 1930 Quibus
440 1860 667 1933 profecto
721 1865 903 1919 verbis
957 1866 1258 1920 ostenditur
1321 1866 1443 1933 quia
1491 1865 1755 1934 epulando
1789 1884 1832 1943 Β
1870 1871 2042 1923 Tanto
2084 1871 2226 1922 enim
2275 1868 2482 1936 longius
2534 1882 2561 1919 a
2610 1865 2846 1920 secundo
2895 1872 3117 1933 parente
3158 1861 3450 1924 receditur,

231 1956 423 2023 quotidie
441 1958 670 2012 crebrius
707 1956 760 2010 in
793 1956 968 2025 lingua
1004 1965 1342 2023 peccaverat,
1377 1956 1466 2025 qui
1499 1965 1639 2010 totus
1669 1972 1758 2010 ar-
1863 1969 2066 2029 quanto
2098 1975 2192 2022 per
2241 1958 2656 2012 immoderatum
2691 1971 2841 2029 nsum
2886 1957 3012 2009 dum
3055 1967 3246 2009 manus
3288 1954 3353 2006 ad
3379 1954 3452 2006 ei-

229 2045 702 2114 densreirigerarise
725 2047 1263 2114 praecipueinliugua
1282 2048 1761 2116 requirebatJiur—
1867 2027 1992 2105 bum
2043 2051 2300 2114 tenditur,
2359 2049 2593 2116 parentis
2654 2027 2810 2114 primi
2861 2045 3043 2113 lapsus
3096 2044 3335 2096 iteratur.
3383 2045 3454 2095 At

229 2149 320 2189 sum
337 2138 439 2205 quia
461 2139 588 2206 gulae
610 2139 718 2192 ded
727 2143 825 2191 itos
839 2138 1025 2192 levitas
1042 2139 1288 2206 protinus
1301 2138 1480 2206 operis
1492 2139 1754 2204 sequitur,

1864 2153 2046 2198 contra
2078 2141 2404 2196 admonendi
2429 2149 2556 2194 sunt
2587 2138 2944 2201 abstinentes,
2973 2144 3031 2188 ut
3051 2134 3282 2189 sollicite
3309 2147 3449 2186 sem-

227 2229 462 2282 auctoritas
481 2245 622 2284 sacra
648 2239 900 2294 testatur,
925 2231 1108 2284 dicens
1135 2248 1146 2283 :
1175 2231 1322 2285 Sedit
1351 2233 1572 2300 populus
1603 2248 1755 2284 man-
1864 2251 1957 2304 per
1986 2235 2280 2303 aspiciant,
2314 2247 2380 2287 ne
2405 2247 2525 2285 cum
2555 2231 2693 2299 gula:
2723 2230 2910 2282 vitium
2945 2227 3188 2297 fugiunt,
3241 2225 3448 2279 acriora

230 2318 694 2387 ducareetbibere,et
720 2323 1242 2376 surrexeruntludere
1264 2321 1458 2392 (Exod.
1485 2339 1654 2391 xxxii,
1674 2321 1752 2390 6).
1862 2327 1946 2380 his
1977 2327 2105 2379 vitia
2155 2324 2308 2395 quasi
2338 2340 2402 2379 ex
2433 2324 2626 2377 virtute
2658 2333 3020 2392 generentur;
3057 2334 3124 2373 ne
3171 2317 3297 2371 dum
3330 2331 3451 2370 car-

226 2409 343 2474 Qttos
367 2413 656 2482 plerumque
714 2415 953 2469 edacitas
1001 2429 1175 2482 uSquc
1206 2416 1270 2468 ad
1323 2416 1587 2469 luxuriam
1639 2431 1758 2484 per-
1864 2434 1984 2470 nem
2010 2423 2303 2481 macerant,
2338 2416 2402 2468 ad
2436 2414 2827 2482 impatientiam
2876 2411 3097 2480 spiritus
3124 2415 3446 2476 erumpant:

227 2500 376 2565 trahit,
403 2505 511 2573 quia
539 2506 664 2559 dum
717 2507 965 2561 satietate
996 2517 1183 2560 venter
1212 2509 1538 2573 extenditur,
1584 2509 1755 2562 aculei
1862 2521 1915 2565 et
1941 2512 2080 2564 nulla
2111 2511 2219 2579 jam
2255 2509 2422 2563 virtus
2448 2507 2680 2576 sitquod
2710 2521 2838 2560 caro
2869 2504 3124 2567 vincitur,
3158 2502 3202 2557 si
3229 2502 3450 2570 spiritus

225 2592 413 2649 libidinis
437 2600 755 2654 excitantur.
787 2599 943 2655 Unde
968 2611 1020 2654 et
1049 2601 1184 2655 hosti
1211 2601 1441 2666 callido,
1475 2602 1564 2671 qui
1599 2603 1755 2670 primi
1862 2602 1930 2655 ab
1962 2603 2037 2656 ira
2084 2613 2394 2671 superatur.
2452 2600 2754 2668 Aliquando
2781 2607 2957 2652 autem
2991 2599 3116 2650 dum
3151 2609 3301 2649 mens
3330 2595 3451 2648 abs-

223 2682 413 2741 hoininis
435 2705 636 2744 sensum
671 2692 730 2746 in
757 2693 1192 2761 concupiscentia
1221 2693 1364 2760 pomi
1397 2696 1633 2761 aperuit,
1661 2696 1754 2748 sed
1864 2695 2143 2748 tinentium
2176 2695 2242 2746 ab
2269 2693 2346 2746 ira
2397 2707 2456 2746 se
2484 2692 2763 2760 deprimit,
2799 2690 2935 2744 hanc
2965 2688 3118 2757 quasi
3169 2686 3450 2755 peregrina

221 2773 261 2824 in
282 2779 447 2840 peccati
478 2780 662 2849 laqueo
699 2782 939 2846 strinxit,
993 2783 1168 2837 divina
1215 2799 1346 2838 voce
1401 2783 1597 2839 dicitur
1622 2803 1635 2836 :
1665 2785 1758 2838 Pe-
1864 2789 2086 2842 veniens
2118 2786 2302 2841 laetitia
2348 2786 2683 2854 corrumpit,
2717 2794 2767 2838 et
2795 2798 2861 2836 eo
2883 2783 3222 2836 abstinentia:
3247 2779 3447 2832 bonum

221 2879 329 2920 ctare
353 2881 392 2922 et
417 2884 570 2928 ventre
593 2893 745 2944 repes
778 2874 933 2945 (Gen.
965 2891 1046 2941 lit,
1083 2878 1198 2944 M),
1224 2893 1288 2932 ac
1311 2877 1357 2932 si
1388 2878 1434 2932 ei
1462 2889 1646 2948 aperte
1677 2880 1757 2934 di-
1862 2878 2106 2948 deprrit.
2141 2894 2248 2948 quo
2291 2894 2410 2933 sese
2446 2893 2475 2932 a
2521 2879 2853 2947 spiritalibus
2905 2875 3048 2929 vitiis
3094 2873 3313 2928 minime
3351 2887 3449 2924 cu—

219 2970 390 3015 ceretur
410 2980 423 3017 :
445 2965 777 3036 Cogitatione
805 2979 857 3022 et
902 2969 1137 3038 ingluvie
1166 2984 1328 3034 super
1371 2971 1600 3025 humana
1630 2987 1754 3025 cor-
1862 2972 2045 3025 stodit.
2073 2969 2227 3024 Unde
2257 2980 2400 3024 recte
2440 2986 2534 3038 per
2559 2969 2869 3037 pr0phetam
2906 2967 3102 3021 dicitur
3128 2982 3141 3018 :
3170 2962 3234 3016 In
3273 2963 3450 3015 diebus

217 3046 268 3098 da
291 3050 635 3113 dominaberis.
671 3061 814 3125 Qu'a
847 3061 982 3128 gula:
1010 3062 1217 3116 deditos
1243 3061 1454 3116 luxuria
1481 3064 1750 3133 sequitur,
1854 3065 2178 3134 jejuniorum
2227 3075 2509 3116 vestrorum
2567 3066 2895 3117 inveniuntur
2943 3063 3230 3114 voluntates
3274 3067 3450 3110 vestrae

215 3142 426 3208 propheta
457 3155 692 3214 testatur,
747 3151 834 3218 qui
886 3151 1014 3204 dum
1065 3163 1246 3220 aperta
1280 3163 1499 3217 narrat,
1547 3156 1750 3209 occulta
1865 3151 2018 3220 (Isai.
2046 3169 2190 3216 Lvtu,
2211 3151 2264 3216 5,
2293 3170 2395 3206 sec.
2427 3152 2619 3221 LXX).
2649 3153 2714 3206 Et
2739 3154 2896 3220 paulo
2918 3166 3032 3218 pOSt
3055 3169 3066 3204 :
3089 3149 3154 3201 In
3176 3149 3384 3216 judicia
3399 3158 3447 3201 et

214 3228 474 3324 denuntiat,
518 3238 702 3294 dicens
730 3257 744 3293 :
775 3240 1024 3311 Princeps
1077 3260 1318 3296 cocorum
1347 3245 1599 3298 destruarit
1642 3262 1752 3298 mu-
1783 3263 1830 3324 ρ
1863 3247 2002 3298 rixas
2019 3248 2291 3316 jejunatis,
2323 3256 2369 3299 ct
2397 3247 2662 3313 percutitis
2694 3247 2879 3315 pugnis
2911 3245 2957 3313 (I
2970 3245 3100 3311 bid.)
3136 3251 3162 3280 ι
3189 3241 3445 3296 Voluntas

211 3335 277 3373 ras
301 3321 568 3380 Jerusalem
598 3332 733 3394 (Jer.
779 3348 942 3386 xxxix
965 3374 977 3393 .
1003 3333 1069 3398 9;
1101 3333 1182 3386 IV
1211 3332 1339 3404 Reg.
1373 3351 1497 3402 xxv,
1526 3336 1621 3400 IO,
1651 3353 1750 3390 sec.
1796 3321 1828 3324 —
1862 3337 2056 3405 quippe
2084 3339 2147 3388 ad
2181 3337 2419 3388 laetitiam
2455 3339 2707 3403 pertinet,
2744 3349 2949 3402 pugnus
2980 3335 3043 3386 ad
3079 3336 3232 3388 iram.
3272 3333 3449 3386 Incas-

214 3408 381 3480 LXX).
412 3414 648 3485 Princeps
691 3435 923 3487 namque
953 3437 1207 3476 cocorum
1254 3434 1441 3478 venter
1470 3433 1552 3479 est
1585 3425 1752 3495 (Dist.
1860 3442 1977 3480 sum
2003 3443 2132 3498 ergo
2165 3441 2257 3494 per
2284 3425 2666 3480 abstinentiam
2692 3440 2890 3491 corpus
2921 3425 3200 3488 atteritur,
3229 3424 3274 3476 si
3305 3424 3450 3476 inor-

210 3500 284 3566 “,
310 3504 484 3576 initio),
516 3511 592 3563 cui
626 3528 818 3580 magna
842 3528 968 3566 cura
998 3513 1313 3584 obsequium
1341 3531 1369 3568 a
1393 3517 1535 3570 cocis
1559 3518 1759 3584 impen-
1862 3516 2058 3571 dinatis
2084 3516 2308 3571 dimissa
2343 3517 2576 3570 motibus
2604 3530 2755 3568 mens
2783 3514 2924 3568 vitiis
2965 3515 3282 3582 dissipatur.
3314 3513 3450 3566 Rur-

213 3593 352 3660 ditur,
404 3609 454 3651 ut
503 3602 610 3669 ipse
657 3604 1055 3659 delectabiliter
1109 3607 1238 3659 cibis
1281 3607 1588 3676 impleatur.
1623 3611 1756 3663 .‘lluri
1862 3623 2089 3674 sumque
2135 3608 2457 3662 admonendi
2491 3618 2639 3672 sunt,
2673 3617 2730 3660 ut
2761 3606 3142 3660 abstinentiam
3195 3619 3344 3658 suam
3396 3614 3449 3657 et

213 3696 363 3740 autem
389 3687 668 3749 Jerusalem
699 3701 926 3749 virtutes
950 3707 1075 3750 sunt
1101 3696 1316 3760 animus,
1341 3699 1405 3751 ad
1429 3699 1757 3754 desiderium
1863 3720 2078 3774 semper
2125 3705 2241 3759 sine
2296 3702 2666 3758 imminutione
2729 3702 3035 3756 custodiant
3086 3709 3143 3754 et
3174 3714 3442 3767 nunquam

213 3789 424 3843 superna:
441 3785 576 3847 pacis
598 3787 856 3841 elevatae.
886 3790 1148 3844 (Iocorum
1179 3790 1342 3860 igitur
1366 3793 1619 3861 princeps
1648 3810 1759 3847 mu—
1866 3798 2003 3851 hanc
2025 3795 2164 3864 apud
2188 3796 2454 3850 occultum
2477 3794 2711 3864 judicem
2735 3794 2953 3848 eximiae
2976 3792 3184 3846 virtutis
3205 3791 3447 3852 credant,

215 3879 286 3919 ros
309 3867 576 3929 Jerusalem
609 3877 798 3945 di-jicit
821 3895 833 3942 ;
860 3881 981 3946 quia
1015 3879 1139 3932 dum
1176 3891 1365 3934 venter
1392 3881 1629 3949 ingluvie
1661 3898 1756 3936 ex-

1865 3903 1933 3942 ne
1965 3889 2007 3941 si
2039 3887 2268 3941 fortasse
2300 3886 2476 3955 magni
2504 3901 2625 3940 esse
2657 3886 2833 3939 meriti
2862 3884 3117 3946 creditur,
3145 3898 3238 3936 cor
3267 3883 3318 3936 in
3342 3881 3450 3934 ela-

214 3961 426 4025 tenditur,
457 3967 682 4023 virtutes
719 3969 914 4023 anima:
946 3987 1041 4039 per
1073 3973 1344 4026 luxuriam
1371 3971 1748 4028 destruuntur.
1867 3982 2063 4033 tionem
2099 3981 2428 4031 sublevetur.
2464 3977 2598 4030 Hinc
2631 3991 2859 4044 namque
2892 3991 2987 4043 per
3020 3973 3340 4044 prophetam
3369 3972 3452 4022 di-

266 4053 358 4125 62
383 4056 488 4122 Quo
515 4075 707 4115 contra
739 4064 838 4116 nisi
871 4074 1078 4118 mentes
1104 4065 1488 4120 abstinentium
1523 4067 1759 4134 plerum-
1865 4073 2048 4125 citur:
2085 4069 2337 4137 Nunquid
2389 4071 2489 4122 tale
2531 4077 2604 4122 est
2647 4069 2912 4137 jejunium
2963 4066 3099 4135 quod
3129 4065 3297 4135 elegi?
3346 4061 3452 4118 Sed

213 4157 294 4207 tlitt:
319 4148 626 4215 impatientia
672 4171 704 4207 a
739 4156 857 4209 sinu
892 4159 1295 4226 tranquillitatis
1323 4169 1620 4224 excuteret,
1671 4177 1761 4214 nc-
1867 4164 2046 4232 [range
2072 4162 2315 4216 esurienti
2338 4177 2518 4229 pinem
2550 4171 2721 4220 tuum,
2759 4168 2806 4212 et
2844 4174 3027 4230 egenos
3058 4171 3314 4227 vagosque
3357 4155 3444 4207 in-

211 4250 433 4308 ‘l'laquam
462 4244 645 4301 Petrus
673 4263 800 4301 cum
834 4250 1035 4303 diceret
1063 4266 1076 4302 :
1106 4249 1401 4303 Ministrate
1446 4252 1499 4304 in
1542 4252 1645 4318 fide
1685 4267 1764 4305 t'e-
1865 4257 1964 4307 duc
1992 4255 2043 4306 in
2072 4254 2276 4306 domum
2310 4261 2447 4305 tuam
2479 4251 2668 4323 (Ibid.,
2696 4250 2772 4319 5).

209 4338 296 4378 stra
320 4333 570 4402 virtutem,
618 4342 670 4393 in
705 4340 890 4392 virtute
928 4350 1100 4393 autem
1121 4342 1415 4409 scientiam,
1448 4343 1502 4394 in
1548 4343 1760 4396 scientia
1936 4345 2049 4411 Qua
2121 4347 2172 4399 in
2227 4361 2283 4398 te
2336 4343 2665 4412 pensandum
2733 4349 2817 4396 est
2882 4339 3050 4394 virtus
3115 4335 3453 4392 abSliIIenliu!

212 4431 349 4474 autem
377 4429 734 4484 abstinentiam
759 4431 842 4502 (ll
883 4431 1027 4486 Petr.
1057 4450 1091 4496 l,
1124 4431 1217 4502 5);
1252 4435 1494 4502 protinus
1536 4433 1761 4503 vigilan-
1867 4454 2026 4509 quam
2059 4452 2219 4506 parva
2247 4438 2554 4502 resiiicitur,
2586 4451 2704 4502 quze
2738 4433 2954 4487 nonnisi
2997 4445 3065 4485 ex
3092 4429 3213 4483 aliis
3247 4427 3454 4481 virtuti-

210 4520 273 4564 ιε’
298 4517 612 4587 adiungeret.
641 4525 870 4577 dicens:
906 4521 973 4575 In
1014 4525 1328 4577 abstinentia
1356 4533 1525 4577 autem
1556 4526 1758 4594 patien-
1869 4533 1967 4586 bus
1999 4531 2426 4585 commendatur.
2461 4530 2597 4583 llinc
2637 4527 2750 4582 Joel
2793 4527 2862 4580 ait
2891 4543 2904 4578 :
2938 4525 3273 4585 Sanctiﬁcate
3307 4518 3453 4588 jeju-

211 4603 326 4656 tiam.
357 4607 543 4666 Deesse
569 4615 776 4682 quippe
819 4611 1212 4667 abstinentibus
1265 4615 1575 4682 patientiam
1626 4631 1760 4682 prze-
1790 4636 1796 4694 1

1869 4624 2031 4676 nium.
2085 4622 2352 4691 Jejuninm
2409 4623 2606 4689 quippe
2655 4616 3029 4676 sanctiﬁcare,
3059 4624 3141 4666 est
3186 4610 3454 4678 adjunctis

208 4697 337 4764 τίάίίν
365 4718 472 4770 Ψιεὲ
503 4707 582 4760 Eis
614 4717 675 4760 υῑ
705 4707 920 4760 achSel
953 4707 1251 4761 admonuit-
1282 4707 1514 4761 Rllrsum
1544 4709 1640 4760 IIiSi
1671 4723 1758 4761 εο-
1870 4715 1988 4769 aliis
2007 4715 2162 4768 bonis
2185 4713 2400 4782 dignam
2422 4712 2533 4764 Deo
2554 4710 2928 4763 abstinentiam
2950 4705 3128 4759 carnis
3148 4701 3452 4757 ostendere.

206 4791 458 4854 simiones
484 4797 874 4851 abstinentiam
921 4813 1302 4867 nonnunquam
1353 4799 1618 4866 superbiae
1649 4799 1764 4852 cul-
1875 4804 2210 4860 Admonendi
2242 4813 2361 4856 sunt
2391 4802 2746 4864 abstinentes,
2780 4806 2838 4851 ut
2885 4795 3134 4850 noverint
3177 4795 3297 4860 quia
3332 4801 3457 4845 tunc

205 4893 259 4944 lia
300 4887 648 4957 transﬁgeret,
704 4889 901 4944 Paulus
952 4892 1175 4945 minime
1222 4891 1482 4945 dixisset:
1514 4893 1615 4957 Qui
1662 4909 1764 4947 non
1874 4899 2169 4964 placentem
2219 4893 2329 4947 Deo
2371 4891 2753 4945 abstinentiam
2794 4889 3055 4950 offerunt,
3105 4886 3212 4956 63
3243 4899 3363 4938 cum
3397 4897 3458 4936 ea

204 4977 469 5046 manducet,
513 4984 919 5036 manducantem
961 5001 1061 5036 non
1077 4985 1278 5056 judicct
1311 4983 1500 5054 (Rom.
1538 5001 1643 5038 inv.
1672 4985 1762 5055 '5).
1874 5002 1993 5056 quae
2023 4984 2125 5039 sibi
2157 4987 2224 5038 de
2273 4983 2540 5038 alimentis
2570 4980 2928 5045 subtrahunt,
2958 4975 3317 5045 indigentibus
3351 4973 3457 5024 lar-

202 5062 286 5129 Ουί
315 5083 512 5126 rursum
545 5074 614 5128 ad
647 5075 790 5129 alios
844 5075 1089 5144 loquens,
1137 5077 1264 5129 dum
1311 5076 1378 5130 de
1427 5076 1767 5132 abstinentiae
1875 5079 2112 5146 giuntur.
2148 5077 2386 5129 Solerter
2416 5088 2646 5140 namque
2675 5072 2998 5126 audiendum
3030 5077 3145 5131 est,
3177 5063 3316 5134 quod
3366 5074 3461 5130 per

203 5155 374 5214 Virtute
395 5165 739 5230 gloriantium
765 5177 1030 5236 praecepta
1057 5167 1460 5236 perSIringeret,
1487 5169 1763 5238 adjunxit:
1875 5167 2186 5235 prophetam
2232 5167 2487 5220 Dominus
2517 5166 2820 5234 redarguit,
2854 5165 3039 5219 dicens
3066 5181 3078 5217 :
3106 5163 3233 5218 Cum
3254 5164 3461 5232 jejuna-

207 5246 314 5311 Ουίῑν
336 5265 448 5308 sunt
475 5260 734 5312 rationem
755 5261 961 5328 quidem
983 5261 1220 5313 habentia
1236 5261 1504 5326 sapientia:
1522 5263 1578 5314 in
1600 5277 1768 5331 super-
1874 5262 2061 5314 naretis
2091 5271 2135 5312 et
2160 5260 2468 5327 plnnqeretis
2496 5259 2750 5327 inquinto
2772 5269 2818 5310 et
2849 5260 2902 5310 in
2929 5259 3142 5327 septimo
3173 5273 3343 5309 mense
3371 5272 3461 5327 per

203 5339 374 5395 stitione
387 5349 768 5415 ethumilitate,
793 5360 956 5405 etnon
979 5353 1048 5404 ad
1067 5354 1388 5418 parcendum
1405 5355 1634 5425 corpori,
1660 5370 1767 5407 non
1875 5353 1966 5406 lies
2013 5355 2333 5420 septuaginta
2363 5366 2525 5404 annos
2544 5391 2558 5416 ,
2612 5351 2843 5420 nunquid
2882 5350 3144 5419 jejunium
3184 5350 3464 5420 jejunastis

265 5530 284 5602 ξ
310 5523 494 5602 Trec.,_
520 5527 744 5583 Carnot.
790 5531 994 5598 primus
1020 5541 1074 5585 et
1104 5531 1252 5586 Belv.
1275 5573 1289 5593 ,
1322 5547 1348 5585 a
1379 5534 1546 5600 prima
1576 5546 1767 5602 manu,
1879 5532 2230 5586 desumuntur
2277 5531 2483 5586 laudata
2524 5531 2718 5596 verba,
2772 5532 2966 5602 legitur
3003 5533 3237 5585 voluntas
3265 5541 3355 5584 aut
3383 5546 3464 5583 eo-

205 5591 429 5678 fuittptas.
473 5591 1140 5678 Iietinuimusvoluntas,
1186 5591 1328 5670 quod
1381 5591 1649 5678 referatur
1701 5591 1769 5654 ad
1879 5604 2226 5678 luntatesnln
2265 5603 2603 5678 versionibtts
2648 5591 2864 5678 εῖτ-ἱειρὶ
2901 5613 2953 5656 et
3004 5604 3227 5656 Arabica
3266 5602 3464 5678 habes,

209 5661 358 5746 locum
389 5666 570 5746 Isaiae,
603 5671 658 5721 in
687 5684 791 5746 quo
837 5674 1028 5739 legitur
1055 5661 1336 5746 volun-tates
1363 5684 1557 5746 vestrte.
1588 5672 1770 5746 Quan-
1880 5674 2246 5746 cupiditatibus
2294 5675 2601 5746 indulgens,
2634 5661 2942 5741 cupiditates
2971 5675 3222 5746 qmeritis.
3266 5661 3462 5746 Vertnn

205 5744 340 5821 gula-tn
379 5739 729 5821 iti_Trecens_i
767 5742 1046 5821 legamus,
1077 5745 1378 5821 voluptates.
1412 5749 1481 5796 At
1525 5744 1576 5794 in
1607 5743 1768 5796 li‘ebr.
1884 5739 1967 5797 hic
1989 5744 2295 5821 cupiditates
2318 5762 2421 5799 non
2445 5739 2669 5814 possunt
2692 5739 2998 5813 Signilicare
3025 5743 3461 5810 voluptates,.sed

207 5796 333 5860 tante
370 5814 425 5862 et
455 5808 508 5863 in
555 5796 910 5867 translatione
956 5796 1531 5883 septuagintaluterp.
1577 5827 1639 5868 ex
1670 5827 1774 5882 qua
1882 5796 2523 5885 propriamivotuntatein.
