4014 6396
493 415 562 467 85
1679 415 1922 470 δΑΝωτι
1961 416 2282 472 GBEGORII
2323 421 2532 477 MAGNI
3706 437 3775 490 8.5

491 526 659 579 mihi?
705 525 771 579 Et
820 542 933 578 eum
986 533 1008 559 κ
1035 527 1329 580 comedistis
1366 537 1411 579 et
1443 527 1657 591 bibistis,
1692 530 1925 596 nunquid
1974 547 2075 584 non
2104 533 2154 591 Α
2181 532 2504 587 subsistunt.
2537 535 2870 593 Admonendi
2903 555 3028 596 sunt
3057 544 3217 614 igitur
3244 562 3332 617 qut
3350 563 3464 618 tam
3492 565 3612 620 qua:
3644 568 3767 622 pug.

490 617 857 685 t'obismetipsis
936 619 1243 680 comedistis,
1322 629 1367 670 et
1435 619 1811 678 t-obistnetipsis
1883 621 2075 674 bibistis

493 710 689 777 (Zach.
736 727 836 774 vtt,
882 713 915 766 5
950 711 1135 781 seq.)?
1184 711 1300 766 Non
1344 713 1620 778 enimDeo,
1654 717 1746 768 sed
1781 717 1880 769 sibi
1931 718 2080 784 quis-

491 815 594 867 que
614 800 854 870 jejunat,
886 804 928 854 si
960 818 1020 855 ea
1075 817 1196 870 qua:
1244 802 1419 856 ventri
1449 803 1515 855 ad
1541 813 1750 871 tempus
1781 805 2072 869 subtrahit,

493 907 596 943 non
664 893 847 960 egenis
904 891 1118 957 tribuit,
1173 892 1266 946 sed
1309 892 1480 946 ventri
1538 896 1876 962 postmodunt
1945 895 2076 948 ofl'e-

493 981 656 1035 renda
678 982 931 1035 custodit.

561 1075 743 1142 Itaque
774 1090 840 1130 ne
883 1086 971 1129 aut
998 1076 1118 1130 illos
1157 1076 1424 1145 appetitus
1456 1076 1593 1145 gula:
1622 1092 1648 1128 a
1683 1077 1876 1132 mentis
1923 1087 2066 1131 statu

491 1169 725 1234 dejiciat,
761 1179 852 1222 aut
883 1171 1014 1224 istos
1061 1170 1258 1224 afflicta
1289 1186 1414 1223 caro
1446 1187 1511 1223 ex
1546 1171 1777 1223 elatione
1812 1170 2072 1238 supplan—

495 1272 590 1323 tet,
621 1262 840 1314 audiant
861 1262 938 1315 illi
965 1278 1027 1316 ex
1061 1278 1154 1315 ore
1185 1263 1437 1315 Veritatis
1463 1280 1475 1314 :
1505 1262 1763 1314 Attendite
1789 1271 1957 1313 autem
1988 1277 2073 1312 vo-

491 1351 586 1417 bis,
611 1368 671 1404 ne
701 1353 828 1420 forte
856 1361 1127 1422 graventur
1149 1353 1304 1404 corda
1328 1362 1494 1405 vestra
1522 1353 1575 1404 in
1604 1352 1818 1419 crapula
1844 1360 1888 1403 et
1915 1351 2069 1403 ebrie-

492 1452 612 1508 tate,
647 1453 693 1496 et
723 1446 861 1496 curis
899 1445 1051 1514 hujus
1083 1444 1262 1496 mundi
1291 1443 1444 1513 (Luc.
1483 1458 1595 1504 xst,
1623 1443 1736 1511 54).
1791 1442 1886 1496 Ubi
1923 1443 2068 1496 utilis

492 1551 704 1603 quoque
737 1551 896 1602 pavor
943 1536 1246 1605 adjungitur
1275 1553 1285 1586 :
1315 1534 1380 1587 Et
1427 1536 1745 1602 superveniat
1792 1535 1844 1587 in
1877 1551 1962 1586 vcs
1993 1549 2070 1585 re-

491 1630 698 1692 pentina
730 1628 838 1681 dies
876 1627 989 1680 illa.
1024 1626 1293 1696 Tanquam
1327 1629 1538 1693 laqueus
1570 1628 1701 1678 enim
1749 1625 2070 1692 superveniet

488 1718 538 1766 in
566 1732 756 1778 omnes,
782 1719 870 1784 qui
888 1720 1059 1769 sedent
1079 1734 1231 1782 super
1253 1718 1436 1785 faciem
1461 1718 1622 1768 omnis
1649 1724 1793 1767 terra:
1823 1715 1872 1783 (Ι
1883 1715 2066 1782 bidem,

487 1803 597 1871 13:5).
631 1806 862 1856 Audia-t
889 1806 974 1858 isti
1005 1824 1016 1858 :
1048 1805 1167 1858 Non
1214 1805 1349 1873 quod
1379 1806 1537 1856 intrat
1570 1806 1620 1856 in
1671 1821 1745 1865 os,
1779 1804 2069 1870 coinquinat

2183 621 2363 675 sident
2391 624 2810 682 misericorditer
2835 631 3105 702 tribuunt,
3140 647 3198 689 ttt
3228 651 3258 690 a
3281 641 3492 696 caelesti
3537 621 3770 700 Domino

2178 710 2581 779 dispensatores
2613 731 2672 770 se
2721 720 2926 786 positos
2981 725 3341 781 subsidiorum
3385 736 3765 800 temporalium

2177 814 2503 870 agnoscant;
2534 815 2587 858 et
2632 815 2778 862 tanto
2812 812 3084 866 humiliter
3123 818 3398 886 praebeant
3423 865 3437 888 ,
3481 835 3686 892 quanto
3713 841 3765 882 et

2175 893 2352 944 aliena
2383 908 2504 947 esse
2542 896 2842 966 intelligunt
2875 917 2997 969 quae
3027 906 3357 974 dispensant.
3409 914 3654 983 Cumque
3711 921 3762 972 in

2184 980 2397 1035 illorum
2442 983 2741 1042 ministerio
2791 994 2985 1059 quibus
3037 1011 3251 1068 accepta
3305 980 3604 1070 largiuntur
3649 1010 3762 1080 ϐε

2175 1084 2500 1130 Constitutos
2532 1095 2590 1132 se
2634 1096 2755 1136 esse
2785 1087 3149 1153 considerant,
3204 1107 3541 1162 nequaquam
3572 1115 3762 1156 eorum

2176 1175 2382 1219 mentes
2412 1175 2591 1222 tumor
2636 1174 2903 1240 sublevet,
2934 1178 3027 1231 sed
3061 1181 3221 1234 timor
3267 1197 3492 1250 premat.
3528 1190 3682 1246 Unde
3710 1205 3761 1248 et

2176 1270 2398 1310 necesse
2444 1269 2527 1312 est
2574 1273 2629 1314 ut
2680 1265 2909 1320 sollicite
2955 1274 3286 1338 perpendant
3315 1273 3430 1333 due
3471 1287 3757 1338 commissa

2173 1346 2388 1414 indigne
2417 1351 2762 1434 distribuant;
2815 1375 2880 1413 tte
2921 1365 3164 1430 quaedam
3209 1369 3403 1433 quibus
3454 1375 3636 1438 nulla,
3691 1393 3757 1431 tte

2176 1441 2318 1490 nulla
2347 1440 2540 1507 quibus
2570 1447 2845 1514 quaedam;
2893 1467 2960 1506 ne
2993 1455 3160 1507 multa
3210 1458 3406 1525 quibus
3454 1477 3617 1529 pauca
3643 1507 3657 1531 ,
3695 1482 3760 1521 ne

2175 1540 2340 1593 pauca
2366 1532 2634 1622 praebeant
2664 1537 2857 1603 quibus
2881 1541 3195 1608 impendere
3227 1548 3389 1600 tmtlta
3420 1550 3754 1622 debuerunt;

2174 1630 2243 1668 ne
2273 1619 2698 1686 praecipitatione
2735 1626 2837 1681 hoc
2864 1629 3004 1696 quod
3049 1632 3290 1689 tribuunt
3316 1637 3578 1694 inutiliter
3605 1619 3759 1712 spar-

2174 1715 2333 1772 gant;
2366 1723 2432 1761 ne
2462 1711 2711 1766 tarditate
2743 1725 2984 1781 petentes
3031 1724 3189 1776 noxie
3218 1727 3489 1794 crucient;
3519 1745 3586 1785 ne
3613 1734 3757 1786 reci-

2177 1797 2380 1861 pienda:
2430 1798 2516 1853 ltic
2555 1805 2738 1867 gratia:
2791 1805 3014 1861 intentio
3063 1814 3348 1880 snbrepat;
3401 1833 3467 1871 ne
3513 1819 3746 1876 dationis

485 1894 758 1958 hominem,
789 1898 874 1946 sed
912 1898 1048 1953 quod
1075 1898 1301 1965 procedit
1329 1913 1392 1948 c1:
1423 1912 1528 1958 ore,
1559 1897 1854 1963 coinquinat
1899 1895 2065 1946 homi-
2099 1889 2146 1948 Β
2180 1882 2352 1937 ¹¹¹¹¹¹θ¹¹
2414 1887 2584 1940 “mdis
2643 1894 2959 1951 ίτ³¹¹ςίῑοτίῖἓ
3005 1902 3258 1967 appetitio
3303 1906 3636 1974 ειειίηειιθκ
3685 1925 3751 1964 ne

486 2002 598 2038 nem
619 1986 936 2054 (Matt/nu,
974 1988 1086 2053 11).
1115 1987 1344 2040 Audiam
1366 1988 1435 2041 illi
1466 2005 1476 2037 :
1508 1987 1641 2040 Esca
1678 1989 1854 2048 vettlri,
1886 1997 1930 2038 et
1965 2002 2073 2037 ren-

487 2088 561 2130 ter
583 2078 746 2142 escis;
776 2079 909 2130 Deus
940 2088 1110 2131 autent
1135 2089 1182 2131 et
1206 2078 1384 2130 hunch
1416 2091 1462 2132 et
1488 2080 1579 2131 has
1612 2079 1833 2130 destruet
1867 2077 1914 2146 (l
1949 2077 2066 2130 Cor.

487 2183 557 2231 νι,
587 2167 696 2237 15).
723 2172 746 2218 Ir
768 2176 786 2220 t
805 2185 1015 2222 rursum
1043 2187 1055 2221 :
1088 2169 1206 2221 Non
1231 2171 1281 2222 in
1313 2169 1816 2221 commessationtbns
1840 2178 1882 2220 et
1908 2168 2069 2220 ebrie-

485 2261 668 2313 tatibus
702 2260 892 2330 (Rotn.
929 2277 1055 2322 xm,
1092 2263 1215 2330 15).
1271 2263 1334 2315 Ει
1375 2277 1583 2315 rursum
1616 2276 1626 2316 :
1658 2262 1789 2313 lisra
1834 2278 1922 2312 nos
1967 2277 2068 2312 non

485 2354 802 2402 commendat
832 2351 942 2403 Deo
973 2353 1016 2414 (I
1052 2351 1294 2416 Cor.vttt,
1324 2352 1402 2419 ὃ).
1430 2352 1661 2404 Audiam
1685 2352 1793 2411 isti,
1819 2352 1936 2417 quia
1968 2367 2068 2401 ont-

489 2440 573 2490 nia
606 2441 797 2492 munda
839 2443 1077 2501 mundis;
1108 2442 1445 2510 coinquinatis
1486 2451 1657 2493 autem
1685 2453 1728 2494 et
1772 2440 2066 2501 infidelibus

487 2531 619 2583 nihil
658 2541 733 2584 est
761 2532 1003 2583 mundum
1035 2531 1160 2603 (Tit.
1189 2547 1225 2594 ι,
1265 2532 1376 2592 15).
1431 2532 1661 2585 Audiant
1693 2532 1766 2584 illi
1799 2549 1810 2583 ε
1841 2531 2066 2594 Quorum

485 2620 610 2672 deus
639 2631 808 2673 venter
833 2633 924 2685 est,
961 2634 1004 2674 et
1032 2624 1193 2691 gloria
1219 2625 1270 2674 in
1310 2625 1608 2692 confusione
1640 2624 1870 2689 ipsorum
1914 2620 2069 2692 (Phi-

485 2713 572 2779 lip.
606 2728 691 2774 ιιι,
740 2714 850 2781 19).
886 2713 1112 2765 Audiant
1146 2714 1226 2766 isti
1263 2731 1276 2766 :
1314 2712 1403 2766 Dis
1425 2715 1581 2766 edent
1633 2716 1842 2782 quidant
1885 2731 1917 2766 a
1964 2715 2067 2782 ﬁde

486 2805 533 2869 (l
572 2804 707 2857 Tim.
732 2820 812 2869 tv,
847 2807 909 2867 1.
941 2804 1018 2874 5).
1057 2807 1120 2858 Et
1153 2802 1308 2872 paulo
1359 2815 1475 2872 post
1503 2822 1520 2860 '.
1549 2804 1938 2858 Prohibentium
1971 2823 2061 2858 nu-

485 2896 618 2963 bere,
648 2897 898 2950 abstinere
924 2915 953 2949 a
984 2898 1128 2962 cibis,
1160 2913 1286 2965 quos
1317 2895 1449 2950 Deus
1474 2898 1658 2949 creavit
1694 2901 1763 2946 ad
1791 2895 2066 2964 percipien-

484 2992 605 3040 dum
636 3006 748 3042 cum
781 2993 1063 3060 gratiarum
1095 2990 1294 3040 actione
1321 2988 1558 3054 ﬁdelibus
1584 2998 1628 3040 et
1659 2990 1734 3039 his
1761 2988 1850 3056 qui
1878 3004 2068 3057 cogno-

484 3091 660 3134 verunt
689 3085 969 3136 veritatem.
1001 3081 1231 3134 Audiant
1257 3081 1327 3133 illi
1354 3096 1366 3132 :
1393 3079 1591 3134 Bonum
1622 3090 1695 3132 est
1723 3096 1824 3132 non
1849 3081 2062 3132 mandu-

483 3190 598 3226 care
628 3190 851 3238 carnem,
885 3191 1048 3242 neque
1078 3174 1240 3226 bibere
1268 3175 1438 3226 vinum
1474 3192 1485 3225 :
1514 3189 1671 3242 neque
1699 3174 1750 3225 in
1781 3190 1878 3236 quo
1904 3176 2064 3235 frater

2175 1974 2410 2027 oblatum
2463 1993 2652 2030 munus
2709 1983 2991 2049 conjuncta
3040 1988 3254 2045 tristitia
3285 1991 3562 2059 obsideat;
3597 2012 3667 2051 ne
3704 2001 3752 2052 in

2175 2062 2314 2116 bene
2341 2066 2524 2119 oblato
2567 2084 2785 2124 munere
2815 2074 3024 2129 animus
3058 2078 3174 2144 plus
3220 2095 3378 2149 quam
3411 2083 3568 2138 decet
3622 2087 3753 2139 hila-

2175 2163 2371 2220 rescat,
2407 2169 2474 2208 ne
2500 2155 2600 2209 sibi
2626 2159 2938 2229 quidquam,
2965 2180 3085 2218 cum
3113 2175 3280 2221 totum
3315 2180 3462 2224 recte
3493 2172 3751 2240 intpleve-

2174 2242 2299 2306 rint,
2336 2244 2590 2310 tritmant,
2619 2259 2670 2302 et
2699 2252 2860 2304 simul
2909 2257 3086 2309 omnia
3133 2269 3411 2326 postquam
3447 2265 3750 2331 peregerint

2173 2338 2416 2403 perdant.
2450 2338 2525 2392 Ne
2556 2342 2699 2394 enim
2730 2344 2829 2397 sibi
2865 2346 3106 2401 virtutem
3136 2365 3246 2403 sua:
3291 2351 3630 2407 liberalitatis
3659 2355 3751 2410 de-

2177 2439 2395 2495 putent,
2428 2432 2645 2484 audiant
2674 2435 2812 2500 quod
2843 2436 3097 2504 scriptmn
3130 2449 3212 2492 est
3238 2457 3250 2492 :
3277 2439 3338 2493 Si
3371 2443 3486 2510 quis
3529 2445 3749 2497 ιιάηιὶιιόρ

2171 2529 2320 2582 strat,
2338 2529 2576 2588 tanquam
2592 2539 2654 2575 ea:
2670 2526 2854 2578 virtute
2867 2543 3021 2595 quam
3036 2530 3355 2583 administrat
3374 2531 3510 2586 Deus
3539 2533 3587 2599 (Ι
3608 2532 3747 2588 Petr.

2173 2626 2244 2672 tv,
2298 2609 2410 2680 11).
2456 2611 2609 2666 Neiu
2666 2614 2960 2669 benefactis
3012 2620 3406 2675 immoderatius
3456 2625 3746 2692 gaudeant,

2170 2701 2388 2752 audiant
2414 2703 2554 2770 quod
2582 2705 2839 2772 scriptum
2870 2718 2954 2760 est
2981 2725 2992 2760 :
3020 2707 3145 2762 Cum
3186 2712 3405 2780 feceritis
3438 2718 3614 2767 omnia
3641 2733 3747 2784 qua:

2171 2804 2423 2859 pt'wrepta
2466 2805 2583 2848 sunt
2627 2798 2796 2864 vobis,
2850 2801 3003 2852 dicite
3035 2817 3053 2854 :
3083 2803 3226 2856 Servi
3286 2805 3493 2859 inutiles
3541 2824 3746 2875 sumus,

2169 2884 2305 2949 quod
2333 2884 2598 2937 debuimus
2621 2890 2826 2954 facere,
2861 2897 2885 2924 ε
2910 2890 3117 2949 fecimus
3149 2891 3308 2959 (Luc.
3331 2910 3434 2948 xvu
3457 2937 3472 2959 ,
3521 2896 3645 2964 10).
3676 2899 3746 2951 Ne

2171 2973 2468 3042 largitatem
2494 2977 2708 3029 tristitia
2733 2991 3060 3046 corrumpat,
3090 2984 3310 3036 audiant
3329 2985 3468 3053 quod
3491 2989 3745 3056 scriptum

2170 3074 2251 3115 est
2277 3082 2289 3114 :
2318 3062 2560 3116 Hilarem
2599 3067 2733 3119 enim
2763 3069 2989 3122 datorem
3020 3070 3189 3140 diligit
3223 3074 3361 3127 Deus
3388 3073 3474 3143 (II
3505 3075 3628 3131 Cor.
3659 3093 3709 3131 ts
3729 3118 3743 3141 ,

2169 3155 2247 3223 7).
2284 3156 2357 3210 Ne
2380 3173 2442 3210 ex
2468 3158 2706 3226 impenso
2733 3175 2952 3214 munere
2977 3164 3339 3218 transitoriam
3368 3167 3578 3221 laudem
3603 3185 3746 3238 qtt:c-

482 3277 599 3319 tuus
627 3268 1005 3320 scandalizatur
1028 3267 1202 3337 (liam.
1233 3282 1342 3333 xw,
1375 3267 1491 3334 Ἠ).
1525 3266 1756 3319 Attdiattt
1788 3266 1871 3318 isti
1903 3283 1912 3316 :
1949 3265 2060 3317 Μο-

2173 3257 2307 3311 rant,
2337 3248 2554 3302 audiant
2582 3248 2722 3317 quod
2752 3251 3005 3318 scriptum
3030 3261 3112 3306 est
3144 3271 3157 3303 :
3184 3253 3396 3308 Nesciat
3423 3259 3634 3312 sinistra
3665 3271 3746 3311 tua

482 3360 594 3410 dico
623 3360 740 3411 vino
796 3370 933 3411 utere
962 3371 1170 3428 propter
1197 3359 1518 3410 stomachum
1550 3367 1593 3410 et
1627 3357 1916 3425 frequentes
1951 3368 2062 3406 tuas

483 3452 800 3517 infirmitates
824 3451 892 3519 (1
918 3453 1053 3506 Tim.
1088 3469 1116 3505 v
1139 3497 1152 3518 ,
1178 3451 1296 3520 ‘25).
1325 3452 1597 3517 Quatenus
1627 3465 1678 3503 et
1729 3452 1801 3504 illi
1854 3448 2065 3502 discant

484 3544 636 3597 cibos
665 3544 845 3598 carnis
879 3554 900 3580 ο
927 3544 1226 3597 inordinate
1256 3559 1360 3596 non
1389 3557 1473 3609 ap;
1495 3551 1673 3605 etete,
1707 3551 1759 3594 et
1791 3541 1874 3593 isti
1907 3555 2062 3593 crea-

484 3651 653 3690 turatn
687 3637 779 3690 Dei
811 3649 971 3703 quam
1022 3651 1127 3688 non
1159 3644 1448 3701 appetunt,
1501 3647 1607 3685 non
1648 3632 1883 3684 audeant
1929 3647 2062 3686 con-

483 3728 755 3780 detttnare.

913 3814 1140 3869 CAPUT
1167 3813 1257 3868 xx
1284 3814 1392 3885 (Al.
1412 3812 1638 3884 XLIV].

488 3927 758 3991 Quomodo
807 3925 1116 3978 admonendi
1185 3927 1273 3994 qui
1323 3941 1417 3976 sua
1482 3924 1829 3990 distribuunt,
1879 3933 1926 3979 et
1973 3925 2063 3993 qui

1053 3997 1257 4067 rapiunt
1285 3995 1479 4047 aliena.

554 4087 1008 4157 (Admonitioﬁl)
1057 4088 1228 4142 Aliter
1271 4087 1593 4141 admonendi
1645 4095 1770 4141 sunt
1816 4088 1903 4156 qui
1948 4088 2058 4157 jam

489 4197 581 4238 sua
614 4181 1034 4235 misericorditer
1073 4181 1344 4243 tribuunt,
1374 4190 1533 4248 atque
1562 4180 1718 4233 aliter
1763 4180 1850 4248 qui
1884 4182 2060 4234 adhuc

481 4286 531 4329 et
558 4258 728 4326 aliena
746 4287 932 4341 rapere
951 4271 1301 4326 contendunt.
1326 4270 1662 4324 Admoneudi
1688 4285 1914 4338 namque
1935 4279 2061 4324 sunt

481 4369 569 4435 qui
587 4368 696 4437 jam
716 4382 807 4421 sua
824 4365 1240 4420 misericorditer
1260 4365 1516 4429 tribuuttt,
1545 4379 1612 4417 ne
1634 4362 1957 4430 cegitatione
1972 4373 2056 4416 tu-

478 4461 620 4514 mida
636 4475 793 4528 super
814 4475 904 4514 eos
927 4475 985 4513 se
1000 4460 1193 4527 quibus
1208 4469 1415 4511 terrena
1438 4458 1753 4526 largiuntur,
1771 4472 1834 4508 ex
1848 4457 2056 4519 tollant;

477 4568 543 4606 ne
574 4554 772 4606 idcirco
804 4567 861 4606 se
888 4553 1138 4607 meliores
1163 4552 1428 4604 acStiment
1456 4591 1470 4613 ,
1501 4552 1622 4618 quia
1651 4553 1911 4605 contineri
1961 4567 2055 4618 per

2169 3339 2288 3408 quid
2315 3340 2468 3408 faciat
2495 3341 2700 3393 dextera
2728 3351 2814 3394 tua
2847 3341 3060 3409 (Matth.
3094 3359 3165 3405 vt,
3195 3346 3281 3412 3);
3318 3346 3370 3400 Id
3400 3357 3504 3412 est,
3537 3350 3640 3417 pia:
3669 3351 3744 3402 di-

2169 3431 2494 3497 spensationi
2525 3449 2858 3503 nequaquant
2889 3451 2949 3490 se
2989 3437 3154 3506 gloria
3187 3441 3309 3492 vita:
3340 3444 3622 3508 prazsentis
3652 3445 3745 3496 ad-

2170 3526 2416 3587 misceat,
2469 3526 2560 3576 sed
2623 3541 2757 3592 opus
2802 3528 3134 3581 rectitudinis
3181 3527 3197 3565 τ
3234 3533 3489 3597 appetitio
3532 3534 3743 3601 ignoret

2168 3613 2387 3667 favoris.
2417 3615 2493 3667 Ne
2524 3615 2777 3683 impensas
2794 3618 2977 3684 gratia:
2999 3619 3417 3675 vicissitudinem
3443 3625 3742 3691 requirant,

2168 3705 2386 3757 audiant
2415 3706 2556 3773 quod
2583 3707 2842 3775 scriptum
2873 3719 2956 3763 est
2982 3728 2993 3762 :
3022 3710 3150 3764 Cum
3195 3713 3321 3780 facis
3352 3716 3628 3781 prandium
3656 3728 3743 3768 aut

2165 3813 2388 3861 caenam,
2425 3799 2528 3850 noli
2556 3814 2734 3852 vocare
2772 3803 2963 3853 amicos
2994 3811 3137 3864 tuos,
3180 3820 3339 3872 neque
3380 3808 3566 3872 fratres
3611 3817 3740 3867 tuos,

2165 3903 2322 3954 neque
2352 3899 2611 3957 cognatos,
2643 3905 2805 3956 neque
2829 3891 3020 3944 vicinos
3049 3892 3259 3955 divites,
3305 3909 3366 3944 ne
3391 3894 3522 3962 forte
3551 3905 3597 3948 et
3643 3897 3742 3964 ipsi

2166 3989 2212 4032 te
2241 3981 2524 4043 reinvitent,
2558 3989 2604 4032 et
2637 3981 2726 4048 fiat
2757 3981 2846 4032 tibi
2874 3981 3137 4034 retributio
3164 4001 3176 4034 :
3199 3984 3289 4034 sed
3313 3999 3426 4036 cum
3457 3987 3584 4053 fucis
3623 4004 3744 4040 con-

2165 4074 2366 4138 vivium,
2387 4089 2507 4126 voca
2525 4092 2792 4144 pauperes,
2823 4077 3031 4139 debiles,
3068 4077 3280 4130 claudos
3294 4093 3476 4140 carcos;
3508 4091 3554 4132 et
3571 4081 3743 4132 beatus

2167 4168 2284 4228 eris,
2310 4167 2430 4231 quia
2445 4183 2548 4218 non
2565 4168 2747 4219 habent
2773 4177 2797 4213 ε
2817 4169 3244 4221 underetribuere
3262 4169 3518 4240 tibi(Luc.
3545 4186 3658 4233 XIV,
3679 4173 3742 4224 l9.

2161 4272 2264 4325 seq.
2291 4265 2395 4310 etc.
2417 4257 2659 4323 ).i\'equa3
2676 4257 2956 4324 prasbenda
2980 4267 3104 4310 sunt
3126 4259 3303 4324 citius,
3329 4275 3450 4312 sero
3467 4260 3740 4326 praebean-

2165 4357 2269 4411 tur,
2285 4347 2504 4400 audiant
2522 4349 2659 4414 quod
2676 4349 2930 4416 scriptum
2950 4359 3029 4401 est
3046 4367 3059 4400 :
3078 4349 3159 4401 Ne
3170 4352 3394 4402 dicasau.
3405 4351 3484 4404 ico
3503 4362 3586 4403 tuo
3608 4370 3623 4406 :
3649 4351 3740 4403 Va.

2162 4438 2227 4491 de
2253 4448 2299 4490 et
2331 4448 2608 4503 revertere,
2653 4450 2698 4491 et
2729 4455 2841 4490 cras
2871 4441 3002 4491 dabo
3035 4441 3158 4506 tibi,
3215 4457 3327 4492 cum
3362 4445 3531 4494 statim
3580 4444 3743 4508 possis

2161 4529 2284 4581 dare
2311 4527 2490 4594 (Prov.
2530 4544 2607 4592 ιιι,
2649 4528 2761 4596 28).
2795 4529 2871 4583 Ne
2911 4531 3013 4583 sub
3054 4532 3273 4584 obtentu
3320 4530 3345 4566 ι’
3372 4532 3629 4601 largitatis
3682 4550 3742 4585 ea

475 4660 535 4697 se
585 4653 808 4698 caeteros
852 4643 1056 4696 vident.
1108 4643 1235 4695 Nam
1291 4651 1518 4695 terrente
1565 4643 1754 4695 domus
1805 4642 2056 4695 dominus

2172 4635 2281 4688 qua:
2318 4620 2586 4686 possident
2616 4619 2873 4672 inutiliter
2900 4631 3170 4690 spargant,
3199 4622 3415 4675 audiant
3445 4624 3587 4692 quod
3609 4626 3740 4677 scri-

475 4734 791 4788 famulorum
821 4734 1036 4787 ordines
1066 4734 1468 4802 ministeriaque
1496 4734 1843 4800 diSperticns,
1875 4735 1969 4786 bos
2003 4743 2057 4786 ιιι

475 4837 692 4896 regant,
728 4829 845 4881 illos
875 4844 1004 4881 vero
1045 4831 1229 4881 statuit
1261 4839 1309 4879 ut
1345 4830 1412 4880 ab
1452 4829 1569 4881 aliis
1613 4838 1883 4896 regantur.
1923 4826 2056 4878 Istos

475 4920 620 4991 jtibet
653 4927 710 4970 ttt
747 4918 1046 4972 necessaria
1094 4920 1307 4972 caeteris
1342 4923 1638 4985 prazbeant,
1668 4920 1786 4972 illos
1821 4931 1872 4971 ιιι
1903 4935 2058 4974 acce-

476 5023 560 5079 pta
594 5011 661 5064 ab
689 5011 808 5065 aliis
839 5020 1072 5064 sumant.
1106 5011 1172 5064 Et
1204 5021 1380 5065 tamen
1421 5011 1734 5080 plerumque
1777 5012 2055 5064 offendunt

474 5103 561 5170 qui
592 5112 801 5170 regunt,
834 5113 885 5154 et
913 5102 967 5154 in
997 5100 1392 5167 patrisfamilias
1421 5103 1587 5168 gratia
1623 5112 1936 5168 permanent
1962 5103 2053 5170 qui

477 5202 749 5258 reguntur.
809 5192 944 5245 Iram
990 5200 1266 5245 merentur
1321 5191 1404 5258 qui
1457 5192 1854 5259 dispensatores
1893 5204 2050 5258 sunt,

473 5283 591 5336 sine
620 5282 917 5336 offensione
944 5283 1230 5349 perdurant
1253 5282 1341 5350 qui
1366 5298 1429 5336 ex
1454 5283 1629 5336 aliena
1654 5282 2055 5347 dispensatione

536 5427 558 5451 τ’
594 5417 787 5480 l.aud.,
821 5416 1034 5469 Val.Cl.
1066 5417 1255 5480 Corb.,
1287 5419 1522 5477 Gemet.,
1553 5418 1817 5472 comeditis
1847 5431 1891 5470 et
1918 5419 2050 5472 bibi-

476 5484 555 5536 tis.
589 5488 768 5549 'l‘rcc,
802 5502 915 5536 cum
939 5489 1132 5538 comedi
1157 5488 1201 5538 is
1232 5499 1279 5539 et
1307 5505 1422 5540 cum
1450 5489 1637 5541 bibitis.

545 5560 568 5591 υ
603 5558 767 5628 Laud.
796 5556 949 5628 Trvc.
984 5564 1036 5608 et
1055 5557 1165 5628 (duo
1190 5559 1393 5628 priores
1425 5559 1631 5612 Gemct.
1652 5599 1664 5621 ,
1697 5569 1743 5611 et
1771 5559 1900 5611 lucc.

547 5636 568 5663 ε
595 5627 798 5677 (iamet.
833 5635 886 5677 et
919 5625 1112 5686 l.aud.,
1145 5625 1496 5681 inmoderate.

545 5691 570 5731 δ
596 5696 758 5750 Corb.
793 5697 876 5747 ltic
903 5705 958 5747 ct
988 5696 1242 5764 deinceps
1274 5697 1425 5766 longa
1453 5700 1593 5753 serie
1624 5699 1779 5752 habet
1805 5714 1919 5763 nec,
1952 5713 2048 5766 pro

471 5781 551 5818 ne.

550 5843 571 5870 ο
602 5836 741 5888 Aud.
778 5837 997 5904 primtts,
1031 5854 1130 5889 non
1158 5839 1396 5905 fecimus.

2169 4721 2314 4779 ptuttt
2345 4721 2427 4764 est
2455 4730 2467 4763 :
2500 4712 2999 4782 Sudeteleumosyna
3039 4715 3091 4766 in
3133 4731 3286 4767 manu
3334 4726 3443 4768 tua.
3497 4715 3574 4768 Ne
3619 4731 3741 4769 cum

2167 4803 2329 4856 tnulta
2364 4817 2584 4854 necesse
2612 4803 2751 4863 sint,
2791 4819 2955 4870 pauca
2993 4804 3307 4870 largiantur,
3339 4807 3561 4859 audiant
3589 4808 3732 4875 quod

2165 4895 2420 4957 Scriptum
2452 4900 2534 4944 est
2560 4910 2572 4942 :
2601 4893 2701 4957 Qui
2732 4908 2883 4958 parce
2920 4895 3168 4960 seminat,
3201 4912 3350 4963 parce
3384 4905 3429 4948 et
3454 4907 3602 4950 metet
3647 4895 3744 4965 (ll

2166 4982 2282 5035 Cor.
2320 4997 2392 5044 Ix,
2419 4980 2496 5048 6).
2521 4981 2596 5033 Ne
2619 4997 2736 5033 cum
2765 4996 2926 5048 pauca
2950 4992 3189 5050 oportet,
3223 4985 3443 5050 plurima
3468 4993 3748 5055 prteheaut

2165 5085 2217 5128 et
2242 5076 2337 5140 ipsi
2365 5075 2700 5141 postmodum
2727 5075 2946 5129 minime
2977 5077 3206 5145 itt0piam
3237 5078 3529 5133 tolerantes
3549 5081 3612 5133 ad
3645 5081 3746 5132 int-

2160 5167 2468 5235 patientiant
2525 5175 2845 5235 erumpant,
2878 5169 3095 5222 audiant
3122 5170 3260 5237 quod
3311 5171 3568 5239 scriptum
3612 5184 3741 5226 est:

2160 5258 2282 5312 Non
2313 5268 2365 5311 ut
2397 5259 2512 5311 aliis
2533 5261 2595 5311 sit
2624 5260 2878 5324 remissio,
2905 5261 3040 5313 vobis
3065 5272 3234 5314 autem
3261 5263 3541 5328 tribulatio,
3573 5266 3663 5317 sed
3688 5279 3752 5315 ex

2237 5418 2254 5456 ί
2291 5420 2346 5472 In
2380 5419 2521 5473 Edit.
2547 5461 2559 5479 ,
2591 5419 2976 5489 appetitionem.
3009 5421 3260 5488 (Iogimur
3289 5424 3436 5487 sequi
3470 5421 3594 5476 Mss.
3632 5433 3750 5478 ture

2161 5493 2303 5557 bam,
2330 5499 2383 5542 et
2405 5490 2615 5557 quidem
2635 5502 2980 5563 optimorum,
3007 5506 3108 5553 sc.,
3135 5490 3314 5554 Trcc.,
3341 5493 3529 5559 Laud.,
3553 5494 3748 5563 Corb.,

2164 5567 2384 5613 dumum
2420 5577 2477 5622 pr
2499 5575 2651 5611 orum
2680 5560 2897 5610 (larunt.

2234 5641 2256 5704 ιξ
2285 5628 2773 5704 lta‘Qorlt._,_'l‘rt-_c.,
2809 5629 2975 5683 Laud.
3001 5628 3257 5704 ,‘Gemet.
3309 5628 3590 5704 Qouseutit
3635 5643 3750 5691 vet.

2162 5701 2303 5755 Etlit.
2339 5699 2493 5752 1518.
2529 5699 2661 5752 Altae
2691 5698 2907 5760 habent,
2933 5700 3070 5751 unde
3098 5698 3395 5756 retribuaitt.

2236 5769 2258 5806 δ
2291 5771 2454 5822 Laud.
2486 5779 2539 5821 ct
2568 5768 2825 5833 nonnulli,
2860 5770 3083 5836 pietatis.
