4014 6316
263 343 318 395 85
1090 351 1390 407 ΙίῐιῖϐυιιιΕ
1434 353 1856 409 l‘ASTUIiALlS

1978 355 2120 410 BER.
2163 387 2233 396 ——
2275 358 2450 412 PARS
2491 357 2764 414 TERTH.
3505 363 3573 422 86

275 458 578 525 aequalitate,
603 471 790 514 vestra
813 464 1126 516 abundantia
1147 465 1355 517 illorum
1373 466 1598 534 inopiam
1618 468 1876 534 suppleat,
1907 470 1952 526 Α
1982 483 2090 537 quo
2117 482 2213 524 eos
2239 471 2439 538 obliget
2470 482 2621 525 reatu
2654 487 2741 526 res
2768 483 2937 540 rapta,
2971 474 3015 526 si
3047 474 3136 527 tali
3165 475 3374 542 subjicit
3400 493 3572 547 ῃωυίιιξ

285 562 322 604 et
339 559 392 602 ut
411 550 626 602 illorum
644 552 978 607 abundantia
994 556 1364 624 vestrtcinOpia:
1381 557 1446 608 sit
1469 559 1880 625 supplementum

288 640 439 704 (Ibid.
468 657 598 704 vttt,
630 642 729 706 15.
765 643 879 713 14).
911 645 1041 699 Cum
1071 646 1214 699 enim
1240 646 1417 701 dantis
1447 662 1598 701 mens
1632 645 1772 701 ferre
1794 645 1878 701 in-

287 733 459 802 opiam
503 735 712 798 nescit,
755 735 802 790 si
848 739 1011 790 multa
1049 738 1149 791 sibi
1199 739 1495 808 subtrahit,
1539 741 1876 794 occasionem

291 837 470 881 contra
514 842 573 881 se
604 828 959 895 impatientia:
1004 831 1255 897 exquirit.
1287 829 1441 886 Prius
1474 847 1704 900 namque
1735 849 1879 898 prae-

291 917 557 983 parandus
604 927 688 972 est
731 918 1004 987 patientiae
1047 921 1290 985 animus,
1334 931 1388 974 et
1430 931 1552 974 tunc
1580 931 1671 974 aut
1709 922 1877 974 multa

288 1019 410 1062 sunt
437 1019 532 1064 aut
555 1021 745 1065 cuncta
779 1012 1050 1081 largienda
1073 1055 1088 1073 ,
1140 1028 1206 1066 ne
1234 1013 1362 1066 dum
1413 1015 1593 1067 minus
1640 1014 1876 1081 aequani-

289 1101 450 1152 miter
496 1098 670 1162 inopia
703 1097 916 1152 irruens
965 1101 1153 1163 fertur,
1205 1111 1260 1155 et
1302 1104 1592 1170 praemissa:
1622 1102 1879 1171 largitatis

289 1203 498 1244 merces
526 1200 719 1257 pereat,
751 1203 807 1245 et
836 1193 1016 1247 adhuc
1044 1203 1274 1248 mentem
1302 1194 1540 1250 deterius
1567 1209 1878 1249 murmura-

289 1282 364 1334 tio
385 1281 719 1351 subsequens
748 1283 955 1350 perdat.
982 1283 1056 1338 Ne
1077 1284 1300 1338 omnino
1316 1285 1448 1339 nihil
1469 1285 1548 1339 eis
1573 1287 1871 1355 prsbeant,

287 1373 474 1440 quibus
505 1373 752 1428 conferre
779 1374 974 1442 aliquid
1007 1390 1227 1443 parvum
1251 1376 1472 1441 debent,
1493 1379 1706 1432 audiant
1731 1379 1874 1444 quod

283 1465 537 1530 scriptum
562 1473 681 1519 est:
713 1465 866 1518 Omni
919 1469 1109 1533 petenti
1133 1477 1180 1521 te
1208 1469 1368 1523 tribue
1415 1470 1434 1540 (
1463 1469 1587 1526 Luc.
1622 1487 1671 1525 Vt
1693 1512 1706 1534 ,
1739 1472 1809 1527 30
1831 1473 1873 1541 ).

283 1557 355 1612 Ne
382 1558 574 1614 saltem
605 1560 806 1627 aliquid
839 1562 1132 1629 pra-beant,
1164 1562 1354 1632 quibus
1385 1565 1604 1618 omnino
1625 1566 1872 1621 conferre

282 1650 350 1702 nil
377 1648 604 1713 debent,
655 1650 875 1703 audiant
901 1651 1046 1719 quod
1077 1653 1333 1721 scriptum
1367 1665 1444 1706 est
1475 1671 1487 1706 :
1520 1653 1601 1706 Da
1629 1654 1783 1718 bono,
1827 1666 1873 1710 et

283 1759 379 1793 non
402 1744 655 1809 receperis
687 1754 1007 1808 peccatorem
1032 1761 1050 1809 ;
1084 1745 1292 1813 benefac
1319 1745 1530 1811 humili,
1563 1758 1609 1800 et
1649 1764 1750 1800 non
1777 1749 1866 1800 de-

1987 578 2091 617 non
2123 564 2340 617 tradita.
2385 564 2726 632 Perpendant
2750 567 2874 635 quid
2920 575 3188 621 mereatur
3219 569 3476 636 iujustitia
3509 573 3575 624 il-

1985 653 2112 719 lata,
2142 654 2186 708 si
2218 662 2369 709 tanta
2415 659 2764 725 percussione
2811 658 2969 728 digna
3000 669 3085 712 est
3112 659 3280 727 pictas
3330 676 3435 715 non
3475 664 3570 716 int-

1987 757 2169 809 pensa.

2059 833 2191 886 Cum
2223 835 2395 888 aliena
2429 851 2618 904 rapere
2646 837 2964 900 ‘intendunt.
2998 840 3217 895 audiant
3254 840 3394 909 Quod
3438 843 3573 896 srri-

1985 937 2129 992 ptum
2158 935 2279 979 est:
2314 927 2405 980 Va:
2443 929 2490 980 ei
2515 930 2604 998 qui
2650 929 2963 999 multiplicat
3007 949 3108 984 non
3151 948 3244 984 sua
3268 949 3286 996 ;
3313 947 3570 1000 usquequo

1981 1026 2224 1087 aggravat
2277 1027 2455 1071 contra
2499 1037 2551 1073 se
2602 1021 2815 1072 densum
2865 1022 3028 1075 lutum
3079 1022 3306 1090 (ﬂabac.
3362 1039 3421 1086 tt,
3474 1023 3572 1090 (5)?

1985 1112 2161 1162 Avaro
2190 1110 2387 1178 quippe
2432 1120 2618 1164 eontra
2671 1127 2729 1164 se
2772 1113 2994 1165 densum
3043 1113 3208 1166 lutum
3257 1128 3566 1182 aggravare,

1981 1210 2063 1253 est
2106 1209 2318 1253 terrena
2371 1201 2514 1254 lucra
2571 1216 2691 1255 cum
2739 1203 2975 1270 pondere
3021 1204 3223 1272 peccati
3274 1207 3566 1258 cumulare.

1981 1292 2114 1346 Cum
2155 1293 2511 1347 multinlicare
2542 1295 2691 1365 large
2742 1295 3087 1349 habitationis
3116 1295 3283 1365 spatia
3322 1297 3564 1363 cupiunt,

1979 1382 2198 1436 audiant.
2225 1384 2366 1452 quod
2421 1385 2676 1451 scriptum
2726 1395 2846 1439 est:
2885 1384 2976 1438 Va:
3002 1386 3086 1454 qui
3129 1387 3444 1455 conjungitis
3478 1390 3568 1437 do-

1977 1490 2116 1526 mum
2144 1474 2211 1526 ad
2252 1474 2481 1538 domum,
2526 1484 2572 1527 et
2601 1490 2785 1543 agrum
2814 1491 2940 1544 agro
2983 1476 3260 1545 copulatis,
3305 1491 3460 1544 usque
3500 1485 3566 1526 aa

1979 1567 2252 1619 terminum
2284 1566 2407 1620 loci.
2455 1564 2708 1634 Nunquid
2737 1565 3027 1620 habitabitis
3055 1567 3153 1620 soli
3183 1582 3269 1619 vos
3300 1569 3351 1620 in
3401 1568 3566 1620 medio

1976 1669 2123 1712 terra
2144 1657 2300 1727 (lsai.
2327 1674 2377 1722 ν,
2410 1658 2502 1728 8)?
2525 1660 2602 1712 Ac
2630 1660 2672 1712 si
2703 1666 2887 1728 aperte
2913 1658 3114 1713 diceret
3135 1676 3148 1712 :
3168 1660 3451 1730 Quousque
3475 1676 3567 1712 vos

1975 1749 2284 1813 extenditis,
2323 1748 2347 1784 δ
2380 1749 2466 1816 qui
2501 1749 2698 1804 habere
2729 1749 2780 1802 in
2814 1749 3084 1804 communi
3116 1749 3314 1803 mundo
3346 1765 3568 1803 consor-

282 1831 410 1886 deris
427 1833 588 1898 impio
621 1832 837 1902 (Ecccli.
864 1849 956 1896 ιιι,
982 1834 1062 1903 ιι).
1118 1836 1184 1888 Et
1214 1853 1427 1890 rursum
1457 1855 1471 1894 :
1507 1836 1701 1891 Panem
1726 1847 1869 1892 tuum
1902 1842 1950 1902 B
1979 1852 2059 1896 tes
2106 1843 2329 1897 minime
2364 1843 2622 1910 potestis?
2669 1842 2995 1912 L‘onjunetos
3031 1843 3244 1911 quidem
3301 1844 3565 1910 premitis,

279 1931 322 1974 et
345 1924 517 1974 tinum
545 1940 700 1994 super
723 1924 1040 1989 sepulturam
1055 1928 1188 1996 justi
1217 1932 1488 1992 constitue,
1523 1939 1570 1982 et
1594 1931 1699 1982 uoti
1727 1946 1789 1983 ea:
1815 1947 1872 1984 eo

278 2016 589 2068 manducare
621 2025 669 2068 rt
697 2017 865 2069 bibere
894 2034 1008 2069 cum
1056 2022 1406 2086 peccatoribus
1434 2020 1453 2090 (
1477 2020 1604 2073 'l'ob.
1630 2037 1681 2074 Iv
1699 2063 1713 2087 ,
1741 2024 1803 2076 17
1829 2026 1868 2090 ).

342 2105 448 2176 ὦ
483 2106 682 2160 Panem
706 2108 848 2160 enim
872 2125 1028 2162 suum
1053 2120 1104 2162 et
1129 2111 1309 2164 vinum
1339 2113 1709 2179 peccatoribus
1734 2129 1872 2181 prte-

277 2195 384 2259 bet,
415 2197 503 2264 qui
537 2197 737 2265 iniquis
758 2199 990 2252 subsidia
1025 2215 1121 2268 pro
1149 2216 1214 2254 eo
1240 2203 1382 2270 quod
1417 2201 1582 2272 iniqui
1614 2215 1736 2258 sunt
1769 2207 1868 2258 im-

281 2287 482 2351 pendit.
522 2288 671 2348 Unde
697 2299 752 2343 et
781 2292 1023 2343 nonnulli
1070 2292 1228 2361 hujus
1281 2295 1464 2348 mundi
1497 2297 1710 2360 divites,
1747 2311 1869 2352 cum

277 2385 418 2437 tame
445 2384 755 2438 crucientur
782 2385 979 2439 Christi
1015 2402 1297 2454 pauperes,
1320 2388 1504 2441 elTusis
1532 2390 1867 2456 largizatibus

275 2475 518 2526 nutriunt
563 2475 877 2530 histriones.
908 2478 1007 2544 Qui
1041 2493 1167 2531 vero
1193 2477 1448 2549 indigenti
1481 2482 1642 2534 etiam
1684 2498 1866 2548 pecca-

275 2566 378 2617 tori
411 2580 598 2633 panem
627 2583 805 2631 suum,
842 2569 1094 2637 nonquia
1130 2582 1403 2638 peccator,
1429 2573 1524 2627 sed
1555 2574 1676 2641 quia
1708 2575 1867 2628 homo

270 2665 381 2720 est,
417 2661 632 2724 tribuit;
682 2660 940 2715 nimirum
985 2679 1089 2716 non
1139 2673 1498 2734 peccatorem,
1543 2669 1636 2721 sed
1666 2669 1865 2735 justum

271 2767 558 2822 pauperem
591 2756 781 2821 nutrit,
814 2759 938 2826 quia
971 2760 1024 2813 in
1061 2760 1154 2814 illo
1185 2776 1288 2814 non
1321 2762 1553 2830 culpam,
1586 2764 1679 2818 sed
1715 2775 1868 2818 natu-

271 2858 387 2895 ram
414 2844 601 2912 diligit.

339 2933 676 2988 Admonendi
706 2946 833 2990 sunt
861 2936 1022 2991 etiam
1055 2945 1140 3007 qui
1166 2940 1276 3009 jam
1309 2956 1402 2996 sua
1433 2943 1862 3000 misericorditer

277 3024 597 3093 largiuntur,
652 3034 711 3080 ut
752 3028 982 3083 sollicite
1014 3032 1284 3088 custodire
1331 3034 1603 3101 studeant,
1637 3051 1705 3089 ne
1747 3052 1866 3090 eum

268 3117 559 3170 commissa
591 3131 810 3186 peccata
841 3119 1198 3192 eleemosynis
1236 3125 1527 3193 redimunt,
1567 3126 1740 3181 adhuc
1775 3143 1864 3181 re-

1983 1934 2076 1988 sed
2109 1943 2294 1987 contra
2333 1948 2468 2001 quos
2496 1932 2720 1987 valeatis
2771 1947 2866 1986 vos
2895 1933 3210 1998 extendere,
3245 1948 3459 2001 semper
3490 1935 3567 1985 in-

1978 2024 2193 2079 venitis.
2224 2022 2356 2078 Cum
2377 2024 2633 2094 augendis
2659 2025 2898 2092 pecuniis
2923 2024 3148 2090 inhiant,
3175 2025 3394 2078 audiant
3424 2026 3563 2092 quod

1971 2117 2236 2187 scriptum
2286 2119 2626 2172 estzzivarus
2663 2135 2764 2172 non
2811 2119 3051 2187 impletur
3100 2120 3357 2187 pecunia;
3390 2129 3438 2173 et
3493 2119 3580 2185 qui

1973 2219 2108 2263 amat
2137 2209 2362 2270 divitias,
2397 2225 2497 2262 non
2544 2211 2711 2275 capiet
2756 2212 2955 2278 fructus
2983 2225 3045 2262 ea:
3082 2211 3155 2264 eis
3179 2209 3374 2279 (Eccle.
3410 2226 3462 2272 v,
3488 2211 3562 2274 9).

1974 2302 2201 2357 Fructus
2231 2302 2430 2371 quippe
2459 2317 2523 2355 ex
2561 2302 2664 2356 illis
2686 2313 2925 2370 caperet,
2955 2302 3001 2356 si
3028 2317 3120 2356 eas
3151 2303 3287 2357 bene
3311 2318 3564 2371 Spargere

1971 2410 2078 2450 non
2113 2395 2344 2449 amando
2373 2395 2650 2449 voluisset.
2687 2396 2786 2462 Qui
2844 2411 2968 2450 vero
2998 2410 3090 2450 eas
3131 2396 3400 2464 diligendo
3431 2398 3563 2450 reti-

1973 2497 2084 2551 net,
2118 2488 2203 2542 hic
2233 2489 2416 2556 utique
2441 2489 2558 2542 sine
2599 2489 2770 2541 fructu
2801 2487 3162 2556 derelinquet.
3191 2487 3323 2541 Cum
3366 2488 3562 2556 repleri

1973 2581 2183 2634 cunctis
2233 2582 2391 2634 simul
2441 2591 2464 2618 ε
2500 2578 2693 2647 opibus
2746 2580 3106 2643 inardescunt,
3161 2580 3381 2633 audiant
3419 2580 3562 2648 quod

1972 2674 2231 2740 scriptum
2277 2682 2396 2728 est:
2428 2673 2531 2737 Qui
2559 2674 2768 2743 festinat
2815 2673 2998 2738 ditari,
3043 2688 3144 2724 non
3183 2673 3273 2724 erit
3319 2673 3562 2724 innocens

1973 2763 2155 2830 (Prov.
2174 2780 2369 2828 xxvm,
2388 2765 2479 2834 ΞΟ)
2506 2781 2519 2830 ;
2550 2764 2788 2831 profecto
2810 2764 2952 2818 enim
2971 2764 3060 2833 qui
3088 2778 3286 2832 augere
3305 2777 3434 2831 Opes
3453 2777 3561 2816 am-

1975 2854 2072 2918 bit,
2107 2856 2278 2909 vitare
2310 2863 2584 2923 peccatum
2614 2854 2829 2925 negligit
2854 2871 2868 2920 ;
2898 2863 2952 2908 et
2974 2869 3126 2908 more
3146 2854 3323 2906 avium
3352 2860 3558 2921 captus,

1973 2959 2095 3001 cum
2128 2963 2306 3002 escam
2340 2957 2675 3001 terrenarum
2709 2962 2885 3000 rerum
2916 2945 3106 3000 avidus
3132 2945 3415 3012 conspicit,
3459 2957 3561 3010 quo

1975 3039 2338 3106 stranguletur
2380 3038 2582 3104 peccati
2622 3038 2810 3105 laqueo
2841 3051 2944 3089 non
2994 3036 3254 3103 agnusrit.
3286 3034 3396 3101 66
3423 3031 3554 3085 Cum

1976 3128 2232 3195 quailibet
2274 3127 2555 3195 praesentis
2603 3126 2786 3179 mundi
2820 3125 2962 3179 lucra
3014 3124 3344 3182 desiderant,
3396 3131 3449 3175 et
3496 3134 3558 3173 ea

263 3207 523 3260 dimenda
557 3210 922 3276 committant;
957 3230 1022 3266 ne
1049 3217 1288 3270 venalem
1315 3217 1405 3272 Dei
1431 3218 1691 3287 justitiam
1724 3221 1866 3274 aasti-
1894 3221 1941 3284 (ζ
1975 3233 2092 3285 qu:e
2123 3217 2188 3271 de
2221 3217 2397 3270 futuro
2420 3216 2446 3252 (ι
2478 3216 2669 3269 damna
2705 3216 2997 3284 patientur,
3029 3216 3294 3282 ignorant,
3343 3212 3560 3266 audiant

261 3305 444 3359 ment,
481 3298 530 3349 si
561 3313 681 3351 cum
721 3313 900 3355 curant
933 3318 1029 3371 pro
1061 3307 1293 3372 peccatis
1329 3323 1577 3363 nummos
1607 3311 1864 3375 tribuere,

259 3385 616 3440 arbitrentur
641 3403 698 3442 se
731 3405 880 3458 posse
911 3393 1077 3449 inulte
1109 3410 1354 3464 peccare.
1389 3397 1517 3452 Plus
1540 3409 1613 3454 est
1638 3416 1869 3469 namque

259 3478 446 3529 animo
466 3494 625 3546 quam
649 3495 782 3545 esca,
808 3493 856 3536 et
875 3500 1062 3550 corpus
1084 3502 1239 3554 quam
1269 3491 1624 3544 vestimentum
1649 3491 1862 3560 (Matth.

261 3581 339 3630 vr,
375 3566 478 3631 25;
515 3567 649 3623 Luc.
682 3587 775 3636 xtt,
807 3572 925 3642 23).
952 3575 1052 3640 Qui
1086 3591 1214 3645 ergo
1249 3593 1428 3632 escam
1462 3591 1556 3634 aut
1586 3583 1866 3637 vestimen-

265 3665 388 3709 tum
421 3660 744 3727 pauperibus
775 3661 1018 3732 largitur,
1054 3665 1148 3720 sed
1191 3675 1368 3722 tamen
1413 3669 1603 3724 anima:
1633 3672 1716 3724 vel
1747 3687 1868 3726 cor-

263 3747 416 3814 poris
454 3748 736 3816 iniquitate
786 3754 1058 3820 polluitur,
1112 3759 1256 3825 quod
1306 3762 1484 3816 minus
1527 3771 1608 3816 est
1645 3763 1866 3832 justitia:

257 3840 483 3908 obtulit,
526 3845 750 3911 etquod
807 3846 980 3914 majus
1033 3858 1136 3916 est,
1179 3852 1384 3920 culpm;
1436 3869 1531 3908 sua
1563 3855 1708 3910 enim
1758 3858 1868 3913 Deo

253 3932 431 3997 dedit,
459 3944 515 3987 et
539 3949 597 3989 se
629 3936 868 3991 diabolo.

338 4025 412 4076 At
441 4033 630 4078 contra
665 4028 990 4084 admonendi
1018 4041 1140 4084 sunt
1171 4032 1260 4100 qui
1291 4033 1467 4089 adhuc
1496 4043 1550 4089 et
1576 4037 1747 4091 aliena
1783 4053 1867 4091 ra-

257 4129 399 4177 pere
423 4118 779 4180 contendunt,
813 4129 870 4174 ut
898 4122 1128 4177 sollicite
1154 4124 1376 4179 audiant.
1405 4127 1533 4195 quid
1565 4132 1787 4184 veniens
1813 4131 1866 4184 in

250 4205 526 4272 judicium
588 4207 846 4264 Dominus
898 4212 1063 4266 dicat.
1113 4215 1204 4269 Ait
1251 4231 1516 4284 namque:
1548 4219 1771 4286 Esuritvi,
1821 4232 1868 4275 et

255 4312 371 4347 non
410 4298 632 4352 dedistis
676 4301 803 4353 mihi
841 4305 1190 4370 manducare;
1219 4307 1381 4372 sitivi,
1413 4320 1463 4361 et
1503 4327 1604 4364 non
1656 4312 1869 4368 dedistis

253 4387 396 4440 mihi
420 4389 634 4453 bibere;
677 4397 861 4460 hospes
901 4412 1062 4462 eram,
1087 4408 1134 4450 et
1164 4415 1265 4451 non
1315 4401 1588 4469 collegistis
1629 4420 1742 4466 me;
1774 4422 1869 4458 nu-

257 4479 388 4539 dus,
417 4488 466 4536 et
503 4496 607 4532 non
643 4485 916 4548 aperuistis
961 4490 1337 4556 me;infirmus
1379 4500 1428 4544 et
1466 4493 1518 4544 in
1564 4510 1786 4560 carcere,
1819 4505 1869 4550 et

1974 3305 2114 3374 quod
2147 3305 2402 3371 scriptum
2433 3313 2514 3358 est
2542 3321 2556 3355 :
2583 3304 2876 3358 Htereditas
2907 3303 2976 3354 ad
3021 3320 3171 3371 quam
3210 3303 3479 3370 festinatur
3508 3303 3560 3354 in

1975 3395 2247 3463 principio,
2302 3396 2356 3447 in
2404 3395 2678 3448 novissimo
2731 3395 3080 3448 benedictione
3133 3395 3323 3447 carebit
3378 3395 3558 3464 (Prov.

1977 3502 2072 3551 xx,
2103 3485 2219 3554 2|).
2260 3486 2341 3538 Ex
2373 3489 2472 3540 hac
2494 3487 2692 3555 quippe
2723 3486 2827 3540 vita
2873 3486 3080 3540 initium
3112 3485 3376 3553 ducimus,
3407 3498 3462 3540 ut
3492 3489 3557 3541 ad

1978 3578 2368 3632 benedictionis
2414 3589 2614 3631 sortem
2663 3582 2715 3632 in
2767 3578 3060 3632 novissimo
3104 3580 3383 3633 veniamus
3427 3582 3556 3647 :qui

1951 3669 2154 3735 itaque
2181 3669 2233 3723 in
2269 3667 2531 3735 principio
2563 3666 2871 3722 haereditari
2919 3669 3192 3733 festinam,
3224 3677 3424 3722 sortem
3454 3669 3555 3722 sibi

1975 3759 2027 3813 in
2087 3758 2842 3814 novissimoebenedietionis
2893 3769 3205 3826 amputant;
3257 3761 3377 3828 quia
3430 3760 3554 3814 dum

1974 3863 2072 3917 per
2097 3850 2336 3904 avaritiae
2365 3849 2658 3918 nequitiam
2706 3850 2791 3904 hic
2820 3849 3156 3919 multiplicari
3191 3861 3464 3920 appezuut,
3496 3853 3556 3905 il-

1976 3941 2044 3995 lic
2075 3943 2142 3995 ab
2171 3951 2376 3996 interno
2416 3942 2736 4006 patrimonio
2764 3943 3080 3997 exhaaredes
3111 3945 3262 3998 ﬁunt.
3308 3944 3442 3997 Cum
3477 3945 3553 3997 vel

1974 4032 2206 4101 plttrima
2250 4032 2514 4094 ambiunt,
2547 4031 2630 4084 vel
2676 4032 2918 4085 obtinere
2963 4042 3155 4086 cuncta
3189 4048 3306 4103 quin
3355 4033 3555 4086 ambie-

1973 4123 2084 4177 rint
2113 4132 2357 4192 possunt,
2385 4123 2600 4175 audiant
2628 4123 2768 4191 quod
2795 4123 3052 4190 scriptum
3083 4132 3166 4177 est
3193 4141 3204 4175 :
3235 4124 3372 4186 Quid
3402 4125 3555 4185 prodo

1973 4224 2046 4266 cst
2095 4214 2285 4267 homini
2345 4215 2388 4265 si
2427 4223 2585 4264 totum
2629 4213 2876 4266 mundum
2925 4214 3176 4276 lucretur,
3222 4215 3409 4267 anima:
3444 4230 3558 4267 vero

1972 4324 2082 4362 sua:
2101 4307 2459 4360 detrimentum
2486 4307 2643 4375 faciat
2669 4305 2887 4374 (Matth.
2913 4322 3020 4372 xvr,
3048 4305 3141 4376 26)
3161 4307 3183 4359 ?
3205 4308 3282 4361 Ac
3307 4307 3353 4361 si
3375 4317 3558 4375 aperte

1976 4397 2182 4451 Veritas
2218 4397 2398 4452 dicat:
2428 4397 2562 4465 Quid
2617 4397 2838 4466 prodest
2878 4397 3082 4452 homini
3125 4399 3168 4452 si
3219 4409 3384 4453 latum
3415 4401 3554 4467 quod

1971 4499 2120 4544 extra
2151 4505 2209 4544 se
2238 4498 2321 4544 est
2346 4500 2654 4560 congregat,
2679 4490 2724 4544 si
2756 4490 2855 4544 hoc
2877 4491 3048 4558 ipsum
3079 4491 3250 4545 solum
3274 4491 3414 4558 quod
3444 4491 3558 4558 ipse

251 4585 367 4620 non
398 4569 646 4624 visitastis
673 4589 752 4625 me
781 4573 1000 4641 (Hatth.
1036 4592 1170 4642 xxv,
1199 4577 1291 4645 55,
1324 4578 1440 4650 56).
1467 4581 1670 4647 Quibus
1699 4585 1859 4640 etiam
1892 4597 1940 4654 ι)
1972 4593 2072 4642 est.
2099 4583 2355 4637 damnat?
2385 4583 2708 4651 Plerumque
2738 4591 2914 4637 autem
2941 4584 3098 4636 citius
3130 4594 3402 4649 raptorum
3433 4599 3529 4636 ava

252 4660 564 4724 pmmittit,
591 4661 778 4718 dicens
803 4681 818 4717 :
841 4663 1096 4720 Discedite
1115 4685 1147 4720 a
1177 4686 1277 4737 me,
1307 4671 1588 4738 maledicti,
1618 4676 1671 4728 in
1696 4677 1863 4746 ignem

250 4760 541 4838 «ternum,
586 4755 674 4819 qui
728 4765 944 4822 paratus
1001 4768 1074 4812 est
1133 4759 1344 4814 diabolo
1401 4773 1447 4816 et
1495 4765 1696 4835 angelis
1755 4771 1866 4838 ejus

252 4837 492 4907 (Matth.
527 4857 647 4907 xxv,
680 4844 796 4914 Η).
834 4847 972 4902 Ecce
1004 4865 1340 4919 nequaquam
1391 4854 1634 4919 audiunt,
1671 4867 1695 4893 ⁸
1739 4837 1863 4926 quia

251 4932 489 5000 rapinas
517 4938 599 4990 vel
641 4939 900 5007 quaelibet
937 4942 1040 4995 alia
1085 4943 1318 4999 violenta
1361 4949 1768 5008 commiserunt.
1813 4961 1869 5006 et

250 5032 446 5077 tamen
496 5030 714 5082 attentis
743 5030 1002 5100 gehennae
1028 5033 1242 5103 ignibus
1289 5038 1683 5105 mancipantur.
1732 5040 1864 5093 Hinc

249 5129 396 5183 ergo
445 5119 805 5187 colligendum
863 5132 947 5177 est
983 5134 1180 5192 quanta
1214 5126 1557 5184 damnatione
1599 5130 1862 5197 plectendi

248 5217 390 5261 sntit
421 5210 514 5277 qui
548 5211 760 5276 rapiunt
791 5211 984 5280 aliena,
1023 5215 1068 5268 si
1107 5225 1252 5272 tanta
1293 5220 1761 5276 animadversione
1789 5222 1867 5276 l'e-

251 5301 476 5357 riuntur
518 5305 611 5373 qui
664 5319 760 5360 sua
810 5307 1104 5364 indiscrete
1164 5322 1467 5368 tenuerunt.
1527 5316 1868 5379 Perpendant

301 5436 575 5536 :lforbu
613 5438 792 5536 [fequ
836 5451 892 5495 et
928 5443 1039 5497 duo
1088 5442 1295 5513 priores
1345 5445 1588 5512 Carnot.,
1639 5449 1728 5514 qui
1769 5464 1859 5500 να-

293 5524 434 5562 ιιιιη.

254 5523 564 5656 “illius,
593 5588 706 5656 tres
728 5579 969 5656 Gemet.,
999 5582 1277 5656 Rothom.,
1299 5585 1566 5650 Audoen.,
1601 5586 1752 5656 Lyr.,
1776 5587 1864 5649 qui

251 5662 360 5697 non
393 5650 585 5726 habere
608 5651 675 5726 _in_
714 5655 971 5726 communi
1004 5655 1196 5707 mundo
1225 5656 1433 5709 minime
1461 5650 1693 5726 potestis.
1728 5658 1863 5711 For-

253 5727 395 5796 tasse
425 5723 512 5776 hic
543 5723 780 5796 minime,
816 5739 931 5796 non,
952 5725 1111 5779 habet
1140 5726 1245 5778 vim
1281 5723 1533 5796 negandi,
1571 5727 1664 5782 sed
1699 5729 1866 5796 sngui-

253 5792 372 5846 beat
400 5808 416 5849 :
452 5809 516 5847 ne
551 5791 829 5845 minimam
849 5794 1054 5864 quidem
1084 5795 1261 5850 mundi
1297 5791 1582 5866 portionem
1618 5797 1734 5853 aliis
1752 5791 1866 5852 7m-

1972 4672 2093 4725 ritia
2124 4672 2428 4739 corrigitur,
2466 4673 2510 4725 si
2560 4673 2611 4724 in
2644 4671 2821 4725 verbis
2847 4670 3186 4726 admonentis
3224 4687 3383 4739 quam
3416 4672 3553 4741 fugi-

1973 4763 2078 4813 tiva
2108 4761 2178 4814 sit
2209 4774 2447 4826 praesens
2483 4761 2611 4821 vita,
2645 4768 3001 4814 monstretur:
3050 4761 3092 4814 si
3125 4775 3315 4815 eorum
3345 4762 3411 4815 ad
3445 4778 3552 4817 tne-

1969 4852 2115 4905 dium
2147 4851 2402 4906 memoria
2429 4851 2744 4918 deducatur,
2770 4853 2860 4921 qui
2891 4862 2946 4906 et
2971 4853 3128 4907 ditari
3153 4856 3202 4907 in
3236 4855 3334 4908 hoc
3358 4856 3557 4910 mundo

1970 4945 2060 5000 diu
2083 4945 2262 5000 conati
2307 4952 2449 5004 sunt.
2480 4955 2534 4999 et
2561 4953 2735 4999 tamen
2783 4947 2836 5000 in
2866 4946 3072 5014 adeptis
3098 4947 3295 5001 divitiis
3323 4947 3410 5001 ditt
3444 4963 3551 5001 ma-

1975 5054 2103 5094 nere
2134 5038 2506 5107 nequiverunt,
2560 5039 2753 5107 quibus
2803 5039 2992 5096 festina
3039 5055 3183 5094 mors
3233 5049 3453 5108 repente
3503 5049 3556 5094 et

1973 5132 2131 5187 simul
2176 5133 2392 5185 abstulit
2435 5131 2690 5202 quidquid
2739 5147 2926 5186 eorum
2978 5131 3213 5202 nequitia
3258 5146 3355 5187 nec
3397 5132 3554 5187 simul

1976 5239 2075 5280 nec
2113 5234 2333 5294 repente
2371 5223 2749 5294 congregavit;
2796 5224 2883 5292 qui
2916 5238 3022 5278 non
3065 5224 3235 5278 solum
3280 5223 3367 5277 hic
3409 5234 3556 5293 rapta

1975 5317 2331 5385 reliquerunt,
2363 5316 2456 5370 sed
2503 5329 2685 5371 secum
2716 5314 2782 5368 ad
2818 5313 3080 5383 judicium
3121 5330 3311 5371 causas
3361 5317 3558 5385 rapinae

1970 5449 2231 5501 bitandam
2263 5447 2562 5502 conceditis.
2592 5447 2726 5500 Vide
2747 5462 2929 5515 supra,
2960 5461 3009 5500 c.
3048 5449 3140 5511 i3,
3176 5459 3295 5502 nota
3330 5468 3373 5503 ι’.

2046 5530 2066 5554 ε
2095 5520 2149 5572 In
2181 5529 2287 5572 vet.
2321 5520 2461 5573 Edit.
2495 5517 2632 5574 1518
2662 5526 2717 5573 et
2761 5519 3056 5584 Gussanv.,
3087 5522 3346 5586 operibus,
3373 5536 3558 5576 crasso

2035 5604 2174 5642 rore.

1972 5605 2069 5696 ad
2102 5658 2304 5714 Vitiose
2335 5659 2386 5714 in
2414 5659 2661 5723 Excusts,
2703 5661 2766 5715 de
2794 5661 2970 5729 futuro
2999 5658 3212 5714 damna.

2049 5741 2069 5766 ο
2098 5731 2385 5798 Gussanv.,
2418 5746 2518 5786 non
2555 5731 2748 5785 minori
2780 5746 2985 5796 errore,
3017 5729 3384 5784 benedictione.
