3968 6348
507 388 574 441 s7
1718 380 1953 436 ssnon
1995 380 2323 435 cnecunu
2361 382 2409 435 M
2430 382 2574 436 \GNI
3708 393 3779 446 εδ

508 500 836 554 detulerunt.
868 501 1068 555 Horum
1102 500 1279 567 itaque
1308 498 1554 565 exempla
1585 497 1821 563 audiant,
1865 512 1999 566 quos
2028 498 2081 550 in
2112 498 2161 557 Α
2189 494 2281 549 sed
2312 497 2432 562 quia
2468 494 2817 549 immoderato
2846 512 2940 549 usu
2971 507 3135 551 totum
3168 514 3227 553 se
3251 498 3410 553 licitis
3440 499 3678 556 tradidit.

507 590 693 645 verbis
721 592 831 644 suis
854 592 1040 663 procul
1060 590 1223 644 dubio
1262 600 1314 643 et
1346 589 1442 657 ipsi
1467 589 1855 653 condemnant;
1890 597 1947 642 ut
1972 604 2091 643 cum

508 691 627 749 post
658 681 821 736 verba
848 682 913 734 ad
944 696 1038 734 cor
1068 684 1313 749 redeunt,
1341 682 1538 736 imitari
1568 682 1755 736 saltem
1786 696 1919 751 quos
1944 682 2091 751 judi-

506 784 651 837 cant,
684 773 1021 829 erubescant.

910 862 1135 917 (λιι)οΤ
1177 863 1291 917 XXI
1337 863 1447 935 [AL
1491 862 1683 933 XLV].

507 957 777 1021 Quomodo
805 958 1112 1008 admonendi
1144 960 1227 1022 qui
1254 956 1423 1010 aliena
1453 974 1553 1008 non
1582 966 1849 1022 appetunt,
1881 960 1967 1011 sed
1994 975 2088 1011 sua

540 1028 791 1091 retinent;
813 1030 964 1094 etqui
986 1044 1081 1079 sua
1110 1029 1402 1085 tribuentes.
1432 1029 1596 1080 aliena
1625 1040 1792 1080 tamen
1817 1032 2047 1096 rapiunt.

579 1118 899 1188 (Admonitio
927 1119 1042 1186 9'2.)
1085 1119 1257 1173 Aliter
1309 1118 1630 1170 admonendi
1685 1127 1807 1170 sunt
1850 1120 1941 1187 qui
1989 1133 2085 1172 nec

505 1208 683 1262 aliena
713 1218 991 1277 appetunt,
1019 1224 1115 1261 nec
1148 1224 1240 1261 sua
1270 1208 1602 1275 largiuntur;
1635 1219 1791 1275 atque
1822 1209 1975 1261 a‘iter
1996 1209 2083 1276 qui

504 1308 563 1353 et
586 1315 649 1353 ea
680 1316 797 1370 qua:
827 1300 1022 1353 habent
1055 1298 1311 1362 tribuunt,
1362 1306 1417 1351 et
1459 1308 1633 1351 tamen
1684 1298 1855 1349 aliena
1898 1313 2086 1364 rapere

504 1410 611 1447 non
644 1394 927 1448 desistunt.
961 1392 1293 1447 Adtnoneudi
1326 1402 1448 1444 sunt
1478 1391 1567 1459 qui
1602 1406 1698 1444 nec
1729 1392 1898 1443 aliena
1930 1406 2086 1459 appe-

502 1500 641 1555 tnut,
676 1505 774 1545 nec
814 1504 905 1543 sna
939 1488 1253 1555 largiuntur,
1286 1496 1343 1539 ut
1386 1487 1554 1540 sciant
1586 1487 1816 1541 sollicite
1849 1487 1987 1555 quod
2018 1501 2081 1540 ea

500 1584 569 1640 de
596 1600 697 1654 qua
721 1583 918 1651 sumpti
944 1590 1087 1644 sunt,
1114 1582 1317 1634 cunctis
1342 1580 1643 1635 hominibus
1677 1589 1815 1633 terra
1843 1595 2084 1633 commu-

504 1679 585 1730 nis
614 1686 719 1739 est,
752 1684 807 1729 et
836 1675 1033 1728 idcirco
1074 1674 1326 1727 alimenta
1381 1688 1593 1742 quoque
1634 1672 1882 1725 omnibus
1930 1686 2081 1724 com-

503 1769 738 1821 muniter
759 1767 985 1835 profert.
1009 1765 1280 1818 Incassum
1304 1780 1433 1832 ergo
1459 1779 1514 1817 se
1532 1764 1843 1816 innocentes
1871 1770 2076 1828 putant,

2268 585 2603 639 Admonendi
2649 594 2774 639 sunt
2821 597 3055 652 tenaces,
3090 600 3144 643 ut
3193 593 3438 645 noverint
3466 595 3606 661 quod
3637 595 3779 649 banc

2197 675 2420 742 primani
2456 676 2702 744 injuriam
2735 675 2933 731 faciunt
2968 680 3099 745 Deo,
3131 680 3248 749 quia
3274 683 3536 737 dantisibi
3570 688 3777 752 uninia,

2194 772 2392 823 nullam
2438 772 2824 825 misericordia:
2880 772 3106 827 hostiam
3156 776 3401 829 reddunt.
3445 777 3580 830 Hinc
3632 781 3776 832 enirn

2196 859 2475 913 Psalmista
2528 862 2600 913 ait
2626 879 2641 915 :
2666 861 2786 914 Non
2819 863 2957 916 dabit
2992 865 3097 917 Deo
3148 867 3562 933 propitiationem
3602 886 3773 931 suam,

2193 967 2285 1003 nec
2317 954 2535 1019 pretium
2557 954 2917 1022 redemptionis
2940 957 3123 1008 anima:
3151 974 3256 1010 sua:
3279 958 3450 1027 (Psal.
3482 977 3665 1023 vam,
3694 962 3772 1029 8).

2194 1040 2431 1093 Pretium
2464 1056 2691 1110 namque
2720 1045 3101 1111 redemptionis
3132 1048 3275 1115 dare,
3305 1062 3387 1101 est
3412 1066 3544 1116 opus
3577 1052 3775 1104 bonum

2194 1134 2549 1198 pra-venienti
2577 1149 2672 1185 nos
2692 1136 2876 1202 gratia:
2908 1137 3149 1191 reddere.
3180 1139 3309 1191 llinc
3338 1138 3571 1193 Joannes
3595 1144 3777 1194 excla—

2192 1231 2301 1275 mat
2356 1223 2537 1277 dicens
2564 1241 2576 1275 :
2600 1222 2720 1277 Jam
2756 1228 2947 1278 securis
2987 1226 3052 1277 ad
3093 1228 3312 1281 radicem
3356 1230 3553 1282 arboris
3602 1235 3774 1298 posita

2192 1330 2241 1367 es
2254 1324 2289 1367 t.
2327 1314 2508 1367 Omnis
2537 1316 2688 1367 arbor
2730 1333 2842 1383 qua:
2874 1333 2972 1369 non
2998 1318 3121 1383 facit
3144 1318 3370 1385 fructum
3399 1320 3605 1387 bonum,
3638 1324 3773 1373 exci-

2188 1408 2355 1469 detur,
2389 1418 2435 1458 et
2474 1406 2527 1458 in
2572 1407 2738 1475 ignem
2768 1407 2993 1459 mittetur
3017 1406 3165 1475 (Luc.
3193 1424 3268 1471 ιιι,
3302 1409 3381 1475 9).
3416 1410 3514 1474 Qui
3546 1425 3676 1478 ergo
3716 1426 3776 1464 se

2188 1493 2455 1558 innoxios,
2496 1498 2618 1562 quia
2663 1496 2836 1548 aliena
2886 1512 2988 1550 non
3039 1499 3250 1565 rapiunt
3279 1499 3565 1563 a’sdmant,
3611 1504 3775 1553 ictmn

2187 1586 2393 1638 securis
2422 1586 2610 1639 vicinze
2658 1588 3008 1654 prmvideant,
3047 1599 3100 1640 et
3140 1598 3408 1654 torporem
3459 1592 3777 1659 improvida:

2188 1678 2491 1733 securitatis
2518 1679 2787 1743 amittant,
2821 1694 2886 1733 ne
2914 1696 3033 1733 cum
3066 1678 3205 1734 ferre
3233 1681 3460 1734 fructum
3494 1682 3616 1736 boni
3644 1698 3777 1749 ope-

2190 1768 2265 1821 ris
2304 1769 2595 1836 negligunt,
2627 1785 2653 1820 a
2687 1769 2936 1836 praesenti
2964 1771 3066 1821 vita
3093 1769 3369 1824 funditqu
3402 1772 3551 1839 quasi
3584 1788 3612 1825 a
3646 1774 3777 1826 viri-

502 1859 588 1926 qui
619 1873 902 1912 commune
952 1856 1045 1911 Dei
1094 1868 1285 1909 munus
1325 1854 1422 1907 sibi
1475 1854 1735 1920 privatum
1772 1852 2073 1916 vindicant;
2113 1861 2158 1918 Β
2186 1855 2351 1911 ditate
2384 1857 2575 1910 radicis
2602 1868 2940 1911 enecentur,

502 1951 589 2019 qui
618 1966 736 2005 cum
765 1961 983 2018 accepta
1017 1964 1118 2002 non
1156 1948 1415 2009 tribuunt,
1450 1946 1499 1998 in
1551 1946 1915 2012 proximorum
1948 1957 2079 1996 nece

498 2055 828 2116 grassantur,
871 2042 996 2110 quia
1043 2051 1117 2093 tot
1164 2053 1300 2105 pene
1355 2035 1591 2105 quotidie
1621 2036 1905 2103 perimunt,
1954 2039 2083 2101 quot

505 2136 846 2192 morientium
877 2148 1169 2203 pauperum
1201 2130 1338 2199 apud
1366 2144 1424 2183 se
1455 2129 1690 2182 snhsidia
1718 2126 2079 2181 abscondunt.

499 2229 630 2283 Nam
658 2242 778 2281 cum
809 2226 1062 2293 quaelibet
1095 2221 1395 2276 necessaria
1420 2220 1778 2289 indigentibus
1808 2218 2083 2272 ministra-

500 2337 638 2384 mns,
672 2335 764 2373 sua
799 2319 903 2372 illis
930 2317 1225 2378 reddimus,
1259 2329 1362 2367 non
1395 2323 1575 2367 nostra
1606 2312 1892 2379 largimur;
1920 2310 2079 2378 justi-

502 2415 587 2468 tite
632 2413 867 2467 debitum
920 2410 1095 2479 potius
1151 2406 1434 2467 solvimus,
1490 2420 1646 2471 quam
1703 2400 2081 2455 misericordia:

500 2520 661 2569 opera
693 2503 995 2570 implemns.
1031 2498 1181 2552 Unde
1205 2505 1261 2552 et
1295 2498 1407 2565 ipsa
1443 2494 1650 2549 Veritas
1676 2508 1794 2547 cum
1825 2491 1893 2545 de
1924 2490 2081 2543 mise-

501 2596 731 2652 riciirdia
760 2604 916 2647 caute
963 2588 1266 2644 exhibenda
1310 2588 1638 2656 loqueretur,
1691 2581 2085 2635 ait:Attendite

502 2705 563 2741 ne
580 2687 840 2760 justitiam
864 2693 1079 2738 vestrum
1104 2672 1307 2752 faciatis
1338 2694 1509 2731 coram
1545 2677 1830 2729 hominibus
1863 2672 2081 2741 (Matth.

505 2794 579 2845 vi,
616 2775 691 2846 1).
724 2776 821 2832 Cui
851 2788 1061 2845 quoque
1091 2772 1370 2827 sententiae.
1399 2770 1556 2824 etiam
1587 2767 1867 2821 Psalmista
1900 2763 2083 2819 conci-

506 2886 641 2927 nens
688 2870 848 2924 dicit:
882 2867 1132 2936 Dispersit
1172 2864 1315 2917 dedit
1361 2860 1692 2930 pauperibus,
1736 2859 1931 2927 iustitia
1977 2858 2086 2926 ejus

505 2973 672 3019 manet
699 2964 753 3015 in
801 2974 1046 3017 internum
1078 2960 1255 3027 (Psat.
1290 2972 1363 3019 cr,
1398 2954 1476 3022 9).
1511 2952 1643 3008 Cum
1686 2953 1828 3005 enim
1871 2950 2086 3018 largita-

509 3068 618 3112 tem
670 3057 966 3124 impensam
1024 3050 1341 3120 panperihus
1389 3045 1753 3114 prmmisisset,
1804 3057 1911 3095 non
1950 3041 2087 3094 hanc

508 3163 699 3203 vocare
742 3143 1186 3205 misericordiam,
1238 3139 1334 3195 sed
1381 3138 1637 3204 justitiam
1700 3134 1915 3197 maluit;
1963 3132 2084 3200 quia

2260 1954 2328 2003 At
2358 1964 2541 2004 contra
2584 1951 2907 2004 admonendi
2949 1961 3090 2017 sunt,
3117 1952 3206 2021 qui
3232 1962 3285 2006 et
3321 1969 3383 2007 ea
3414 1970 3533 2023 qua:
3570 1956 3775 2010 habent

2188 2042 2450 2109 tribuunt,
2488 2054 2541 2098 et
2578 2044 2750 2096 aliena
2781 2060 2971 2112 rapere
3010 2060 3114 2097 non
3161 2045 3445 2111 desistunt,
3470 2058 3491 2085 ε
3527 2063 3592 2102 ne
3616 2049 3775 2102 valde

2189 2139 2423 2193 munifici
2454 2139 2621 2194 videri
2666 2151 2940 2209 appetant,
2969 2152 3023 2196 et
3053 2143 3119 2196 de
3162 2143 3287 2195 boni
3317 2144 3495 2211 specie
3532 2144 3774 2197 deterio-

2188 2246 2277 2284 res
2310 2230 2456 2283 fiant.
2505 2232 2567 2285 lli
2603 2233 2801 2286 etenim
2847 2235 3060 2300 propria
3113 2234 3399 2287 indiscrete
3450 2235 3767 2295 tribuentes,

2189 2338 2295 2374 non
2342 2322 2513 2374 solum
2549 2332 2605 2373 ut
2634 2337 2794 2385 supra
2841 2321 2951 2389 jam
3003 2323 3264 2386 diximus,
3316 2324 3379 2375 ad
3425 2324 3773 2392 impatientia:

2186 2414 2658 2467 murmurationem
2709 2423 3005 2481 proruunt;
3062 2413 3153 2466 sed
3205 2423 3429 2478 cogente
3471 2429 3531 2468 se
3565 2415 3771 2481 inopia,

2189 2519 2357 2571 usque
2402 2504 2466 2555 ad
2499 2505 2772 2556 avaritiam
2825 2505 3201 2557 devolvuntur.
3244 2506 3377 2568 Quid
3415 2520 3543 2573 ergo
3581 2519 3774 2558 eorum

2188 2606 2365 2649 mente
2398 2594 2684 2658 infelicius,
2719 2596 2909 2662 quibus
2940 2596 3004 2649 de
3042 2596 3288 2664 largitate
3322 2597 3556 2648 nascitur
3585 2595 3770 2649 avari-

2191 2687 2284 2748 tia,
2310 2696 2358 2740 et
2394 2694 2730 2753 peccatorum
2763 2700 2916 2754 seges
2947 2686 3095 2754 quasi
3127 2701 3191 2739 ex
3218 2688 3410 2738 virtute
3437 2686 3775 2738 seminatur?

2189 2777 2343 2831 Prius
2372 2778 2553 2845 itaque
2599 2776 2919 2829 admonendi
2953 2787 3073 2830 sunt
3105 2786 3160 2829 ut
3197 2788 3381 2830 tenere
3408 2791 3502 2830 sua
3535 2779 3777 2830 rationa-

2190 2867 2370 2920 biliter
2400 2869 2591 2933 sciant,
2621 2879 2674 2922 et
2704 2877 2827 2921 tunc
2854 2869 3066 2921 demum
3092 2878 3149 2921 ut
3173 2868 3343 2921 aliena
3375 2883 3479 2920 non
3510 2868 3773 2922 ambiant.

2192 2962 2247 3016 Si
2282 2961 2423 3014 enim
2456 2962 2603 3014 radix
2648 2963 2819 3029 culpa:
2861 2962 2914 3014 in
2947 2962 3054 3028 ipsa
3085 2960 3346 3013 elusione
3373 2975 3476 3011 non
3505 2962 3776 3024 exuritur,

2194 3068 2465 3120 nunquam
2497 3069 2589 3119 per
2617 3068 2796 3106 ramos
2829 3055 3127 3106 exuberans
3175 3051 3412 3103 avaritiae
3442 3052 3592 3117 spina
3619 3050 3643 3085 ά
3676 3054 3780 3105 sic-

2192 3150 2362 3195 catur.
2413 3142 2635 3194 Occasio
2688 3157 2814 3209 ergo
2870 3142 3110 3209 rapiendi
3143 3141 3494 3203 subtrahitur,
3545 3140 3589 3193 si
3637 3140 3781 3192 bene

508 3240 653 3309 quod
683 3254 712 3292 a
741 3235 1012 3293 communi
1058 3233 1099 3286 D
1122 3232 1283 3285 unioo
1315 3231 1584 3290 tribuitur.
1611 3228 1813 3297 justum
1846 3223 2083 3293 profecto
2112 3226 2157 3287 C
2200 3232 2346 3299 ptius
2371 3232 2456 3300 jus
2490 3232 2791 3299 possidendi
2850 3233 3074 3300 dispona
3104 3248 3187 3283 ur.
3231 3231 3378 3282 'func
3414 3245 3541 3283 vero
3584 3230 3780 3282 admo-

508 3341 608 3394 rst,
640 3339 696 3384 ut
725 3331 1027 3398 quiconqne
1050 3325 1333 3392 accipiunt,
1366 3336 1430 3376 eo
1457 3320 1811 3375 communiter
1848 3323 2084 3369 utantur.

513 3422 643 3473 llinc
685 3421 845 3474 etiam
901 3417 1155 3472 Salomon
1197 3417 1312 3468 ait:
1347 3413 1444 3478 Qui
1487 3415 1653 3482 justus
1699 3417 1791 3475 est,
1822 3407 2008 3460 tribuet
2045 3415 2089 3457 et

509 3529 607 3565 non
640 3509 852 3564 cessabit
898 3507 1076 3576 (Prov.
1125 3522 1237 3569 xxu,
1268 3503 1387 3572 26).
1432 3498 1769 3555 Αόιῐιοηειιάί
1811 3505 2090 3565 snntquo-

510 3621 611 3674 que
640 3613 693 3656 ut
719 3602 946 3656 sollicite
971 3599 1249 3653 attendant
1275 3595 1416 3663 quod
1448 3595 1672 3648 ficulnea
1718 3606 1835 3658 qua:
1861 3590 2089 3642 fructum

511 3710 613 3747 non
647 3694 849 3757 habuit,
881 3700 1069 3745 contra
1101 3691 1238 3742 hanc
1259 3687 1533 3739 districtus
1560 3682 1790 3751 agricola
1823 3683 2088 3749 queritur,

509 3786 654 3851 quod
710 3785 871 3837 etiam
924 3791 1122 3835 terram
1165 3778 1466 3846 occupavit.
1496 3778 1599 3846 67
1632 3775 1853 3828 Terram
1897 3772 2092 3840 quippe

512 3874 741 3929 ficulnea
772 3872 888 3925 sine
919 3871 1090 3923 fructu
1123 3879 1368 3935 occupat,
1398 3867 1615 3936 quando
1643 3880 1796 3921 mens
1825 3864 2089 3917 tenacium

513 3967 614 4018 hoc
640 3964 779 4032 quod
807 3962 1060 4030 prodesse
1118 3960 1296 4013 multis
1329 3969 1557 4027 poterat,
1592 3960 1851 4017 inutiliter
1888 3967 2086 4017 servat.

510 4056 728 4109 Terram
766 4054 986 4106 ficulnea
1023 4053 1138 4107 sine
1182 4053 1351 4104 fructu
1393 4058 1638 4118 occupat,
1667 4050 1879 4119 quando
1913 4050 2089 4103 locum

510 4161 671 4215 quem
698 4160 948 4200 exercere
988 4145 1123 4197 alius
1146 4152 1169 4178 ει
1203 4158 1299 4212 per
1322 4142 1488 4195 solem
1521 4144 1643 4195 boni
1688 4142 1867 4211 operis
1899 4142 2087 4206 valuit,

510 4238 701 4292 stultus
734 4254 826 4304 per
856 4235 1077 4291 desidia:
1109 4236 1349 4289 umbram
1384 4236 1598 4301 premit.

580 4331 642 4383 lli
667 4341 842 4383 autem
891 4343 1267 4397 nonnunquam
1320 4327 1496 4381 dicere
1546 4326 1719 4380 solent
1761 4325 2090 4381 :Concessis

510 4424 730 4486 utimur,
762 4423 933 4476 aliena
968 4438 1070 4475 non
1102 4421 1410 4490 quanimus,
1440 4431 1494 4474 et
1524 4421 1569 4473 si
1600 4422 1754 4489 digna
1786 4421 2091 4475 misericor-

509 4516 611 4569 dia:
644 4515 998 4568 retributione
1039 4529 1144 4567 non
1174 4514 1399 4581 agimus,
1442 4513 1579 4564 nulla
1613 4521 1785 4565 tanien
1836 4527 2087 4580 perversa

2196 3325 2291 3377 niti
2341 3323 2579 3385 audiant,
2630 3323 2895 3389 quomodo
2943 3340 3062 3391 quae
3113 3322 3308 3374 habent
3357 3319 3781 3372 misericprditer

2198 3418 2453 3483 tribuant,
2478 3416 2691 3484 quando
2722 3416 2969 3469 nimirum
2993 3416 3291 3471 didicerunt
3313 3429 3369 3472 ut
3391 3419 3527 3471 bona
3559 3416 3779 3471 miseri-

2194 3506 2393 3559 cordia:
2424 3521 2519 3573 per
2546 3506 2877 3572 interjectam
2920 3508 3117 3573 rapinae
3165 3509 3452 3576 nequitiam
3504 3524 3608 3559 non
3644 3522 3781 3559 con-

2193 3595 2437 3650 fundant.
2475 3596 2746 3650 Violenter
2778 3599 2918 3650 enim
2947 3600 3233 3667 exquirunt
3260 3616 3376 3667 quze
3405 3597 3781 3652 misericordi—

2196 3696 2275 3740 ter
2297 3690 2611 3757 largiuntur.
2643 3689 2747 3743 Sed
2780 3689 2921 3742 aliud
2953 3700 3034 3742 est
3082 3705 3175 3757 pro
3208 3689 3435 3753 peccatis
3467 3688 3782 3741 misericor-

2199 3780 2341 3834 diam
2386 3782 2582 3843 facere,
2627 3781 2770 3834 aliud
2823 3796 2919 3849 pro
2964 3780 3328 3833 misericordia
3369 3780 3605 3833 facienda
3653 3794 3782 3847 pec.

2197 3873 2630 3940 carezqumjam
2676 3887 3011 3940 nequaquam
3062 3873 3425 3925 misericordia
3478 3872 3780 3936 nuncupari

2200 3971 2394 4031 potest,
2426 3964 2547 4032 quia
2580 3963 2645 4015 ad
2668 3964 2876 4017 dulcem
2909 3964 3137 4017 fructum
3175 3977 3278 4016 n0n
3309 3961 3515 4029 prolicit
3540 3978 3657 4029 qum
3682 3975 3782 4029 per

2199 4053 2346 4106 virus
2393 4055 2658 4121 pestiferae
2713 4054 2907 4107 radicis
2956 4055 3259 4108 amarescit.
3329 4054 3460 4106 llinc
3508 4064 3585 4106 est
3633 4053 3782 4104 enim

2197 4146 2337 4212 quod
2383 4146 2492 4209 ipsa
2526 4146 2683 4197 etiam
2714 4146 2976 4199 sacriﬁcia
3029 4164 3123 4211 per
3155 4146 3467 4215 prophetam
3518 4145 3783 4198 Dominus

2204 4239 2473 4302 reprobat.
2506 4238 2693 4291 dicens
2720 4256 2731 4289 :
2770 4238 2879 4307 Ego
2905 4239 3157 4291 Dominus
3188 4239 3407 4306 diligens
3425 4238 3706 4307 judicium,
3732 4248 3785 4288 et

2197 4331 2315 4383 odio
2368 4330 2559 4383 habens
2611 4332 2850 4395 rapinam
2912 4332 2964 4383 in
3006 4331 3309 4383 holocausta
3356 4328 3507 4394 (lsai.
3554 4341 3657 4384 ut,
3694 4325 3781 4387 8).

2196 4423 2333 4477 ilinc
2370 4424 2559 4477 iterum
2605 4422 2740 4475 dixit
2771 4441 2782 4474 :
2819 4422 3020 4476 Hostia:
3067 4423 3340 4487 impiorum
3386 4420 3779 4480 abominabiles,

2193 4529 2309 4581 qua:
2338 4516 2448 4584 68
2490 4514 2776 4581 offeruntur
2830 4529 2893 4566 ex
2926 4514 3111 4567 scelere
3153 4512 3335 4581 (Prov.
3380 4527 3486 4574 xxi,
3527 4510 3633 4577 27).
3675 4509 3783 4572 Qui

509 4614 901 4673 perpetramus.
951 4604 1102 4671 Quod
1137 4604 1337 4657 idcirco
1373 4604 1629 4665 sentiunt,
1667 4604 1787 4671 quia
1836 4603 2086 4656 videlicet
2126 4600 2170 4655 1)
2198 4620 2341 4667 saepe
2371 4620 2582 4672 quoque
2630 4614 2683 4658 et
2739 4604 3096 4673 indigentibus
3140 4603 3461 4656 subtrahunt
3506 4616 3625 4669 qua:
3667 4598 3785 4651 Deo

508 4713 690 4752 aurem
729 4696 906 4750 cordis
936 4710 965 4748 a
1014 4694 1194 4748 verbis
1241 4694 1550 4749 caelestibus
1599 4694 1871 4745 claudunt.
1909 4692 2089 4761 Neque

510 4792 651 4844 enim
680 4790 826 4842 dives
862 4788 912 4840 in
960 4787 1273 4856 Evangelia,
1307 4786 1395 4853 qui
1428 4784 1746 4838 induebatur
1777 4796 2007 4850 purpura
2037 4791 2091 4834 et

511 4883 692 4952 bysso,
726 4881 814 4949 qui
846 4883 1165 4947 epulabatur
1203 4877 1439 4944 quotidie
1480 4874 1763 4945 splendide
1791 4875 1942 4944 (Luc.
1978 4889 2085 4935 xw,

514 4976 600 5040 l9,
636 4972 791 5041 seq.),
835 4973 1009 5025 aliena
1050 4970 1314 5038 rapuisse,
1363 4967 1457 5020 sed
1504 4966 1831 5019 infructuose
1864 4966 2088 5032 propriis

509 5081 633 5119 usus
662 5066 825 5125 fuisse
868 5063 1202 5132 perhibetur,
1235 5074 1459 5126 eumque
1490 5069 1604 5126 post
1652 5058 1789 5109 hanc
1822 5057 1978 5109 vitam
2011 5055 2090 5107 ul-

508 5162 607 5213 trix
622 5162 863 5225 gehenna
888 5158 1138 5224 suscepit,
1157 5170 1261 5210 non
1284 5154 1404 5217 quia
1428 5150 1624 5219 aliquid
1643 5150 1884 5203 illicitum
1905 5148 2087 5216 gessit,

576 5290 603 5318 ⁸
633 5281 850 5333 Carnot.
905 5280 1129 5346 primus,
1179 5291 1271 5341 per
1317 5273 1538 5346 sobolem
1587 5272 1701 5323 boni
1746 5269 1954 5346 operis;
1996 5269 2080 5346 alii

507 5340 918 5411 contradicunt,
970 5340 1288 5414 aliundeque
1343 5345 1621 5413 legendum
1678 5342 1837 5393 solem
1895 5340 2086 5407 prohat

510 5427 703 5475 umbra:
729 5420 1019 5486 uppositio.

583 5494 606 5529 δ
631 5481 889 5551 Corrupte
919 5489 1101 5549 Gnss.,
1150 5488 1296 5556 quasi
1326 5486 1565 5556 ariditate
1582 5481 1779 5556 radicis
1824 5482 2079 5556 estsiccen-

514 5574 615 5615 tur.
665 5560 899 5612 Lectioni
951 5551 1366 5611 nostrafl‘avent
1394 5556 1500 5607 duo
1554 5554 1675 5605 Mss.
1707 5554 1766 5603 S.
1818 5551 1999 5604 Germ.
2030 5560 2085 5603 et

508 5632 708 5685 Cameri.
764 5628 916 5687 Rat‘o
975 5643 1181 5693 quoque
1224 5626 1573 5688 suffragatur;
1624 5638 1743 5674 nam
1790 5633 2083 5674 emerentur

509 5705 712 5765 optime
733 5702 959 5751 refertur
981 5700 1042 5751 ad
1070 5715 1129 5751 ea
1162 5712 1282 5765 qure
1305 5695 1611 5749 immediate
1636 5694 1906 5758 praemissa
1937 5702 2085 5744 sunt:

510 5774 663 5824 ictum
693 5770 884 5822 securis
912 5772 1089 5823 vicina’
1114 5768 1450 5839 pra'videant.

583 5850 603 5879 θ
635 5842 853 5905 Εηυει,
891 5832 1198 5894 inconsultis
1231 5839 1379 5902 5125.,
1418 5852 1477 5889 ne
1508 5834 1625 5885 dum
1674 5832 1818 5885 vutde
1859 5832 2087 5896 muniﬁci

2198 4696 2515 4764 largiuntur.
2551 4695 2653 4749 Sed
2704 4706 2895 4762 quanta
2939 4710 3034 4748 eos
3076 4693 3539 4748 animadversione
3570 4700 3770 4745 renuat

2199 4798 2222 4825 ε
2264 4804 2358 4856 per
2384 4788 2667 4855 quemdam
2706 4789 3000 4852 sapientem
3039 4788 3293 4841 Dominus
3319 4786 3669 4845 demonstrat,
3696 4781 3781 4834 di—

2193 4892 2360 4932 cens:
2391 4878 2490 4943 Qui
2535 4877 2682 4942 offert
2720 4879 3027 4945 sacriﬁcium
3074 4880 3137 4931 de
3182 4879 3468 4931 substantia
3508 4874 3778 4946 pauperis,

2191 4968 2338 5037 quasi
2366 4968 2454 5035 qui
2481 4969 2701 5020 victimot
2733 4970 2898 5033 ﬁlium
2945 4971 2997 5021 in
3040 4980 3306 5039 conspectu
3347 4969 3509 5035 patris
3539 4965 3617 5015 sui
3641 4962 3780 5032 (Ec-

2198 5058 2286 5109 cli.
2320 5073 2500 5113 xxxw.
2533 5057 2646 5126 24).
2677 5058 2815 5123 Quid
2843 5076 3070 5128 namque
3101 5077 3219 5114 esse
3252 5056 3634 5112 intolerabilius
3683 5071 3787 5121 pu-

2201 5156 2325 5215 test,
2357 5164 2513 5219 quam
2544 5167 2688 5205 nmrs
2728 5150 2817 5205 lilii
2859 5164 2981 5207 ante
3010 5152 3191 5207 oculos
3214 5149 3417 5214 patris?
3448 5150 3558 5204 lloc
3602 5149 3788 5217 itaque

2187 5270 2352 5323 videri
2381 5278 2644 5339 appetunt,
2669 5268 2730 5319 de
2756 5268 2889 5339 boni.

2262 5339 2288 5377 ά
2315 5340 2533 5394 Carnot.
2565 5338 2856 5399 secundus,
2890 5346 3107 5390 secatur.

2316 5411 2429 5463 Duo
2475 5408 2680 5476 priores
2717 5407 2949 5467 Gemet.,
3000 5422 3089 5474 per
3135 5404 3484 5458 Salomonem.
3522 5401 3576 5455 In
3610 5400 3782 5455 Trcc.

2194 5482 2407 5543 legitur,
2462 5479 2734 5548 quemdam
2792 5477 3093 5548 sapientem.
3167 5477 3315 5548 Atin
3350 5490 3517 5541 marg.
3564 5480 3788 5548 notatur

2193 5542 2379 5604 eadem
2434 5542 2780 5618 nianu,.4put
2830 5547 3179 5607 Salonianum,
3215 5547 3263 5599 id
3315 5553 3418 5603 est,
3466 5544 3613 5618 apud
3659 5542 3783 5618 Sat.

2194 5622 2324 5675 Nam
2374 5623 2424 5673 in
2467 5631 2573 5673 vet.
2622 5614 2749 5671 Mss.
2799 5628 2817 5669 t
2861 5634 2952 5684 pro
2999 5618 3031 5667 d
3079 5618 3216 5669 Solet
3264 5614 3527 5683 nsnrpari.
3578 5614 3787 5684 Eadem

2200 5703 2323 5745 nota
2363 5691 2555 5760 legitur
2593 5688 2832 5760 infragin
2863 5682 3135 5760 hoc‘Qud.
3195 5688 3247 5741 in
3299 5682 3532 5740 Admoti.
3562 5682 3653 5745 5i,
3689 5683 3787 5738 ubi

2202 5755 2442 5817 laudatur
2466 5760 2602 5813 alius
2634 5755 2995 5811 Ecclesiastici
3028 5756 3191 5811 locus.
