4014 6322
307 347 366 401 8!)
1102 356 1402 412 REGULE
1443 359 1864 413 PAS'I'OIULIS
1907 359 2128 414 LIBER.
2169 391 2238 400 —-
2279 363 2453 418 PARS
2491 365 2768 420 TERTIA.
3501 375 3572 424 9‘.)

299 460 625 517 sacriﬁcium
669 476 874 534 quanta
918 469 994 522 ira
1041 472 1328 539 aSpiciatur
1379 473 1700 537 ostenditur,
1751 472 1888 540 quod
1921 481 1966 531 Α
1995 477 2336 528 contentiones
2377 485 2496 528 sunt
2543 479 2594 530 in
2640 481 2792 532 corde
2821 491 3002 547 vestro,
3056 485 3212 537 nolite
3257 486 3490 554 gloriari,
3521 499 3570 540 et

298 552 466 606 orbati
497 556 676 621 patris
699 557 875 611 dolori
896 570 1258 623 comparatur.
1290 561 1353 614 Et
1378 571 1553 616 tamen
1579 563 1890 630 plerumque

297 653 490 710 quanta
551 646 821 712 tribuunt,
876 661 1134 718 pensant;
1176 663 1371 720 quanta
1429 663 1606 708 autem
1655 656 1885 720 rapiunt,

296 734 644 790 considerare
670 737 1030 792 dissimulant.
1056 741 1216 805 Quasi
1247 745 1546 796 mercedem
1581 753 1882 807 numerant,

296 837 348 879 et
373 829 714 894 perpendere
745 830 928 896 culpas
972 843 1239 885 recusant.
1271 835 1500 887 Audiam
1538 835 1715 903 itaque
1742 836 1882 902 quod

294 920 551 984 scriptum
593 927 717 972 est:
748 921 850 984 Qui
882 923 1130 974 mercedes
1169 925 1516 992 congregavit,
1547 925 1681 976 misit
1722 941 1806 977 eas
1831 926 1883 976 in

292 1009 558 1060 sacculum
602 1020 870 1073 pertusum
921 1010 1139 1080 (Aggwi.
1183 1013 1281 1080 Vt).
1331 1014 1386 1066 In
1436 1015 1654 1068 sacculo
1685 1017 1880 1083 quippe

298 1108 519 1164 pertuso
581 1099 829 1167 videtur,
900 1102 1111 1168 quando
1183 1104 1404 1170 pecunia
1473 1106 1728 1170 mittitur;
1789 1107 1881 1160 sed

295 1188 517 1256 quando
570 1190 858 1254 amittitur,
917 1207 1024 1245 non
1078 1193 1312 1248 videtur.
1365 1195 1463 1260 Qui
1524 1211 1650 1264 ergo
1686 1206 1880 1264 quanta

291 1278 597 1348 largiuntnr
625 1280 914 1348 aspiciunt.
941 1283 1034 1336 sed
1068 1295 1325 1351 quantum
1359 1289 1571 1354 rapiunt
1613 1301 1718 1339 non
1761 1302 1881 1354 per-

289 1375 560 1441 pendunt,
595 1376 646 1427 in
670 1385 890 1443 pertuso
925 1378 1139 1432 sacculo
1169 1379 1444 1433 mercedes
1486 1379 1726 1445 mittunt,
1759 1383 1878 1450 quia

288 1468 537 1533 prolecm
562 1467 655 1520 ltas
681 1478 704 1503 ⁸
731 1469 783 1521 in
815 1484 962 1534 spem
1007 1484 1118 1524 sua:
1149 1472 1357 1524 ﬁducia:
1386 1473 1653 1526 intuentes
1684 1487 1882 1540 conge-

284 1566 438 1622 runt,
469 1556 565 1609 sed
600 1572 702 1610 non
729 1557 1004 1613 intuentes
1033 1561 1282 1627 perdunt.

645 1669 873 1725 CAPUT
916 1671 1102 1725 xxm.
1147 1672 1255 1746 [AL
1288 1671 1517 1741 XLVI].

396 1759 671 1825 Quomodo
705 1761 1014 1814 admonendi
1045 1774 1159 1815 sunt
1201 1762 1458 1815 discordes
1496 1771 1543 1815 et
1572 1777 1762 1834 pacati.

1995 566 2259 619 mendaces
2281 584 2389 621 esse
2408 573 2670 622 adversum
2692 571 2972 624 veritatem.
3003 572 3122 627 Non
3149 585 3224 625 est
3253 577 3347 627 ista
3369 579 3569 646 sapien-

1993 659 2062 708 tia
2092 659 2357 712 desursum
2388 663 2716 723 descendens,
2750 663 2840 714 sed
2878 673 3101 725 terrena,
3154 666 3414 728 animalis,
3457 671 3570 720 dia-

1991 750 2174 804 bolica.
2231 753 2357 818 Qua:
2409 763 2578 805 autem
2625 756 2892 807 desursum
2935 765 3008 808 est
3055 759 3303 819 sapientia
3351 761 3571 826 primum

1987 839 2195 906 quidem
2238 842 2424 909 pudica
2467 853 2560 906 est,
2591 843 2775 894 deinde
2826 845 3046 910 paciﬁca
3075 843 3214 916 (Jac.
3249 862 3326 909 ιιι,
3361 849 3448 912 H,
3483 848 3568 910 15,

1992 929 2102 997 t7).
2138 931 2328 982 Pudica
2363 931 2629 998 videlicet,
2683 933 2805 1000 quia
2846 944 2994 988 caste
3040 935 3315 1004 intelligit;
3352 937 3568 1003 paciﬁca

1988 1029 2186 1084 autem,
2221 1017 2248 1053 ἀ
2274 1019 2394 1085 quia
2426 1035 2522 1085 per
2559 1021 2846 1075 elationem
2898 1038 2956 1076 se
2985 1025 3203 1077 minime
3231 1041 3259 1077 a
3292 1027 3568 1093 proximo-

1987 1125 2100 1162 rum
2129 1110 2385 1163 societate
2406 1111 2681 1181 disiungit.
2710 1114 3045 1167 Admonendi
3075 1126 3198 1168 sunt
3220 1117 3564 1179 dissidentes,

1987 1211 2046 1254 ut
2077 1203 2323 1255 nmerint
2351 1204 2489 1270 quod
2523 1205 2704 1259 tandiu
2734 1208 2939 1261 nullum
2987 1210 3108 1263 boni
3139 1213 3313 1274 aperis
3340 1211 3451 1265 Deo
3481 1227 3568 1263 sa-

1983 1296 2244 1347 erilicium
2293 1295 2592 1359 immolant,
2623 1300 2854 1366 quandiu
2904 1316 2932 1352 a
2984 1306 3343 1368 proximorum
3389 1303 3567 1356 chari-

1987 1394 2092 1438 tate
2123 1384 2450 1438 discordant.
2484 1387 2752 1455 Scriptum
2785 1406 3012 1457 namque
3043 1403 3159 1446 est:
3190 1394 3250 1448 Si
3278 1395 3427 1461 offers
3451 1413 3563 1448 mu-

1982 1491 2077 1528 nus
2109 1486 2247 1527 tuum
2277 1477 2343 1529 ad
2370 1478 2554 1542 altare,
2583 1490 2627 1531 et
2654 1481 2722 1531 ibi
2747 1485 3043 1536 recordatus
3072 1486 3230 1552 fueris
3259 1489 3379 1554 quia
3407 1490 3565 1554 frater

1979 1576 2094 1618 tuus
2137 1566 2282 1620 habet
2330 1569 2526 1635 aliquid
2573 1570 2842 1622 adversum
2886 1583 2952 1638 te,
3005 1577 3231 1642 relinque
3274 1575 3342 1626 ibi
3378 1593 3564 1628 munus

1979 1667 2122 1709 tuum
2152 1667 2269 1710 ante
2296 1660 2480 1722 altare,
2517 1668 2561 1712 et
2599 1661 2723 1713 vade
2753 1665 2896 1728 prius
2921 1664 3240 1718 reconciliari
3268 1667 3418 1735 fratri
3447 1677 3558 1736 tuo,

1978 1761 2022 1802 et
2072 1760 2192 1804 tunc
2238 1752 2437 1804 veniens
2485 1751 2666 1819 oﬂ'eres
2714 1771 2897 1807 munus
2945 1769 3087 1808 suum
3121 1755 3332 1825 (Matth.
3378 1773 3429 1820 ν,
3463 1759 3554 1822 28,

354 1869 685 1935 (Admonitio
715 1869 830 1939 23.)
873 1870 1041 1923 Aliter
1067 1868 1387 1922 admonendi
1421 1879 1548 1923 sunt
1577 1872 1866 1939 discordes,

1979 1843 2095 1912 25).
2148 1844 2219 1896 Ex
2283 1859 2388 1908 qua
2446 1843 2650 1898 scilicet
2705 1850 3060 1914 praeceptione
3105 1849 3434 1915 pensandum
3480 1861 3559 1904 est

279 1969 446 2026 atque
499 1960 657 2012 aliter
710 1960 907 2027 pacati.
957 1959 1241 2012 Discorch
1289 1975 1514 2027 namque
1552 1961 1869 2015 admonendi

277 2060 409 2104 sunt
431 2062 486 2104 ιιι
515 2051 818 2106 certissime
844 2053 1016 2106 sciant
1058 2052 1180 2120 quia
1212 2053 1560 2122 quantislibet
1589 2057 1872 2109 virtutibus

279 2143 548 2206 polleant,
578 2144 849 2209 spiritales
876 2143 991 2198 lieri
1025 2144 1334 2198 nullatenus
1367 2156 1611 2213 pos~unt,
1653 2147 1696 2200 si
1730 2148 1870 2202 uniri

277 2250 378 2297 per
401 2236 744 2288 concordiam
774 2236 1030 2304 proximis
1054 2235 1346 2305 negligunt.
1373 2235 1640 2304 Scriptum
1670 2240 1869 2307 quippe

275 2330 362 2374 est
395 2339 407 2372 :
443 2320 670 2374 Fructus
710 2335 878 2374 autem
926 2324 1137 2390 spiritus
1187 2333 1262 2376 est
1308 2324 1549 2386 charitas,
1595 2328 1864 2394 gaudium,

275 2426 387 2475 pas:
426 2407 570 2474 (Gal.
598 2426 648 2475 ν,
682 2409 798 2478 22).
833 2410 930 2476 Qui
979 2425 1106 2481 ergo
1143 2425 1360 2463 servare
1393 2427 1576 2479 pacem
1626 2430 1729 2466 non
1771 2431 1867 2467 cu-

275 2508 386 2563 rat,
420 2499 558 2553 l’erre
590 2499 820 2552 fructum
853 2501 1075 2566 spiritus
1105 2510 1334 2553 recusat.
1369 2500 1504 2555 llinc
1536 2502 1728 2557 Paulus
1755 2504 1862 2558 ait:

273 2591 408 2644 Cum
454 2591 518 2642 sit
543 2593 672 2644 inter
703 2608 789 2643 vos
819 2591 958 2643 zelus
1011 2601 1058 2642 et
1103 2592 1382 2654 contentio,
1425 2609 1594 2645 nonne
1629 2593 1865 2648 carnales

268 2681 400 2734 estis
433 2679 483 2745 (l
517 2680 638 2733 Cor.
673 2696 756 2746 ιιι,
789 2680 883 2746 '5)?
909 2679 1039 2733 Hinc
1072 2680 1265 2733 iterum
1297 2696 1510 2750 quoque
1558 2682 1688 2736 dicit
1717 2701 1729 2735 :
1761 2685 1862 2736 Pa-

266 2787 378 2824 cem
420 2772 693 2839 sequimini
733 2787 851 2823 cum
898 2770 1156 2835 omnibus,
1211 2781 1259 2824 et
1310 2773 1721 2837 sanctimoniam,
1754 2775 1864 2827 sine

266 2880 368 2929 qua
395 2879 546 2916 nemo
572 2862 758 2916 videbit
791 2861 954 2916 Deum
979 2862 1164 2935 (Hebr.
1207 2879 1300 2928 xu,
1330 2863 1444 2930 H).
1487 2864 1621 2918 llinc
1650 2881 1860 2918 rursum

265 2956 570 3010 admonens
623 2955 699 3008 ait
729 2972 740 3007 :
769 2954 998 3009 Solliciti
1027 2971 1224 3008 servare
1270 2957 1517 3007 unitatem
1563 2957 1771 3024 spiritus
1807 2958 1860 3010 in

263 3045 475 3099 uinculo
529 3046 671 3113 pacis
697 3060 716 3097 :
745 3061 902 3097 unum
961 3061 1145 3113 corpus
1185 3055 1235 3098 et
1280 3062 1411 3098 unus
1449 3047 1683 3114 spiritus,
1727 3048 1859 3101 sicut

262 3140 432 3192 rocati
456 3140 576 3192 estis
598 3140 651 3190 in
678 3155 781 3190 una
805 3154 894 3206 spe
931 3138 1210 3190 vocationis
1238 3146 1419 3192 vestra:
1445 3137 1662 3209 (Ephes.
1697 3155 1769 3205 Iv,
1799 3142 1850 3206 3,

1977 1949 2201 2002 quorum
2253 1934 2423 1988 hostia
2468 1934 2765 2002 repellitur,
2813 1953 2968 2005 quam
3023 1939 3370 1993 intolerabilis
3400 1941 3554 2006 culpa

1977 2033 2322 2076 monstratur.
2360 2024 2488 2078 Nam
2521 2041 2640 2079 cum
2685 2027 2822 2080 mala
2880 2039 3066 2082 cuncta
3099 2032 3252 2083 bonis
3283 2034 3554 2099 sequenti-

1978 2113 2076 2166 bus
2106 2114 2396 2177 diluantur,
2446 2131 2731 2184 pensemus
2779 2129 2975 2186 quanta
3026 2120 3131 2172 sint
3175 2124 3308 2172 mala
3341 2123 3546 2175 discor-

1973 2203 2096 2267 diae,
2146 2220 2265 2273 quas
2317 2203 2415 2258 nisi
2469 2208 2738 2260 exstincta
2795 2209 3030 2262 funditus
3087 2209 3304 2275 fuerint,
3354 2211 3549 2266 bonum

1972 2295 2222 2363 subsequi
2270 2310 2373 2347 non
2426 2297 2754 2362 permittunt.
2811 2299 3143 2353 Admonendi
3191 2312 3314 2354 sunt
3344 2301 3547 2355 discor-

1971 2386 2085 2452 des,
2127 2396 2185 2438 ut
2225 2387 2268 2440 si
2313 2402 2469 2440 aures
2499 2403 2527 2440 a
2561 2390 2821 2443 mandatis
2870 2393 3177 2446 ctelestibus
3205 2403 3227 2430 °
3258 2393 3551 2458 declinant,

1973 2477 2168 2530 mentis
2210 2478 2396 2530 oculos
2445 2479 2511 2531 ad
2559 2480 2948 2535 consideranda
2994 2498 3056 2536 ea
3104 2501 3223 2553 quae
3256 2486 3307 2538 in
3354 2487 3551 2540 intimis

1973 2575 2255 2618 versantur
2283 2568 2559 2635 aperiant;
2593 2570 2732 2636 quod
2765 2585 2906 2637 saepe
2938 2588 3063 2626 aves
3095 2576 3248 2627 unius
3280 2575 3550 2642 ejusdem-

1969 2671 2072 2722 que
2095 2657 2308 2722 generis
2337 2673 2458 2712 sese
2486 2659 2758 2715 socialiter
2781 2663 3007 2715 volando
3037 2679 3140 2715 non
3182 2665 3456 2729 deserunt,
3486 2678 3540 2720 et

1967 2751 2106 2817 quod
2154 2751 2412 2820 gregatim
2461 2753 2708 2805 animalia
2761 2753 2914 2807 bruta
2967 2767 3276 2820 past'untur.
3328 2758 3459 2824 Quia
3495 2757 3542 2810 si

1964 2840 2190 2894 solerter
2245 2841 2566 2909 aspicimus,
2624 2844 3000 2897 coucordando
3053 2846 3154 2899 sibi
3218 2846 3540 2900 irrationalis

1964 2941 2149 2985 natura
2182 2931 2396 2998 indicat,
2431 2942 2688 3001 quantum
2735 2936 2930 2988 malum
2980 2951 3072 3004 per
3100 2937 3424 2990 discordiam
3456 2953 3542 2989 ra-

1963 3025 2180 3077 tionalis
2212 3033 2399 3078 natura
2429 3027 2747 3092 committat,
2779 3030 2990 3095 quando
3037 3030 3149 3083 haec
3183 3029 3203 3065 ί
3236 3045 3265 3081 a
3318 3030 3542 3083 rationis

1963 3116 2260 3170 intentione
2289 3115 2539 3184 perdidit,
2573 3119 2714 3186 quod
2745 3119 2832 3172 illa
2861 3130 3006 3172 motu
3037 3120 3261 3172 naturali
3285 3120 3536 3172 custodit.

259 3232 342 3294 ι).
379 3232 464 3283 Ad
495 3247 653 3283 unam
692 3245 820 3299 ergo
849 3231 1144 3284 vocationis
1183 3245 1332 3298 apem
1374 3207 1705 3300 nequaquam
1737 3250 1856 3299 per-
1887 3207 1931 3264 (ἶ
2035 3230 2103 3283 At
2133 3239 2317 3284 contra
2347 3229 2668 3285 admonendi
2711 3245 2834 3285 sunt
2881 3236 3081 3300 pacati,
3130 3248 3197 3287 ne
3241 3234 3365 3287 dum
3418 3237 3536 3304 plus

259 3322 524 3391 tingitur,
555 3322 600 3374 si
639 3336 740 3374 non
773 3322 836 3374 a‘d
879 3337 998 3374 eam
1046 3325 1191 3374 unita
1239 3337 1357 3375 cum
1390 3323 1648 3391 proximis
1681 3333 1859 3376 mente

259 3424 544 3467 curratur.
576 3412 644 3466 At
679 3429 817 3482 saepe
847 3414 1088 3467 nonnulli
1122 3430 1228 3484 quo
1258 3415 1504 3482 quasdam
1553 3416 1858 3482 specialiter

261 3507 412 3558 dona
444 3505 767 3573 percipiunt,
814 3520 879 3558 eo
915 3504 1276 3573 superbiendo
1307 3505 1506 3558 donum
1555 3504 1858 3558 concordia:

263 3594 415 3663 quod
447 3595 620 3663 majus
649 3606 752 3657 est,
784 3596 1032 3647 amittunt
1059 3610 1073 3658 ;
1107 3607 1160 3647 ut
1184 3594 1226 3648 si
1256 3595 1482 3649 fortasse
1511 3609 1726 3648 carnem
1749 3610 1860 3662 prae

264 3686 483 3739 caeteris
525 3685 665 3754 gula
705 3685 1065 3739 refrenatione
1096 3687 1215 3751 quis
1255 3686 1493 3749 edomat,
1529 3685 1860 3740 concordare

263 3775 349 3827 eis
380 3789 520 3842 quos
546 3785 766 3842 superat
795 3775 1114 3828 abstinendo
1137 3783 1473 3828 contemnat.
1504 3775 1609 3828 Sed
1641 3776 1728 3843 qui
1759 3776 1858 3827 ab-

264 3864 578 3917 stinentiam
609 3881 637 3917 a
667 3863 951 3918 concordia
982 3875 1216 3933 separat,
1245 3864 1370 3932 quid
1397 3865 1682 3919 admoneat
1714 3865 1860 3919 Psal-

263 3956 431 4009 mista
461 3956 792 4024 perpendat;
821 3956 898 4009 ait
926 3955 1068 4009 enim
1097 3974 1108 4008 :
1137 3956 1368 4009 Laudate
1395 3972 1508 4010 eum
1539 3957 1594 4009 in
1619 3968 1861 4026 tympano

264 4055 311 4096 et
343 4044 509 4096 choro
540 4044 713 4115 (Psal.
747 4060 832 4108 CL,
865 4043 944 4113 4).
980 4045 1033 4098 In
1066 4054 1320 4115 tympano
1347 4061 1579 4114 namque
1626 4047 1763 4100 sicca
1809 4059 1862 4101 et

266 4149 529 4203 percussa
561 4135 718 4203 pellis
754 4144 991 4200 resonat,
1025 4137 1076 4189 in
1109 4135 1276 4189 clioro
1318 4147 1496 4189 autem
1527 4134 1554 4174 δ
1585 4151 1743 4191 voces
1769 4154 1860 4190 so-

262 4230 465 4282 cietate
497 4228 848 4280 concordant.
902 4226 1152 4296 Quisquis
1184 4229 1363 4292 itaiue
1410 4243 1604 4296 corpus
1648 4228 1858 4298 alﬂigil.

264 4318 363 4372 sed
390 4317 737 4371 concordiam
765 4318 985 4381 deserit,
1012 4319 1174 4373 Deum
1198 4319 1410 4388 quidem
1438 4320 1618 4373 laudat
1644 4319 1695 4374 in
1725 4331 1863 4390 lym-

265 4424 433 4478 pano,
483 4411 579 4464 sed
633 4427 737 4464 non
791 4412 968 4465 laudat
994 4412 1044 4465 iu
1100 4412 1284 4466 choro.
1343 4412 1497 4481 Saepe
1543 4428 1673 4467 vero
1727 4415 1851 4466 dum

265 4499 536 4566 quosdam
571 4499 743 4568 major
783 4501 1002 4554 scientia
1036 4501 1216 4570 erigit,
1251 4517 1278 4554 a
1320 4513 1635 4556 cazterornm
1684 4505 1855 4556 socie-

1963 3335 2120 3388 quam
2155 3334 2376 3373 necesse
2405 3331 2507 3382 est,
2541 3336 2722 3386 pacem
2755 3337 2913 3388 quam
2949 3323 3223 3389 possident
3250 3336 3452 3388 amant,
3477 3328 3541 3380 ad

1966 3419 2274 3478 perpetuam
2308 3411 2585 3479 pervenire
2615 3428 2716 3465 non
2749 3422 3021 3480 appetant.
3051 3414 3372 3484 Plerumque
3395 3419 3535 3472 enim

1962 3500 2174 3568 gravius
2228 3499 2581 3554 intentioiiem
2630 3503 2887 3554 mentium
2947 3519 3127 3558 rerum
3185 3509 3542 3576 tranquillitas

1964 3600 2129 3645 tentat
2156 3608 2170 3655 ;
2199 3601 2253 3644 ut
2280 3607 2384 3660 quo
2416 3606 2519 3644 non
2547 3601 2673 3646 sunt
2704 3594 2926 3647 molesta
2957 3610 3074 3663 qua:
3107 3606 3310 3661 tenent,
3342 3614 3406 3650 eo
3433 3599 3534 3650 mi-

1964 3697 2064 3735 nus
2108 3681 2354 3734 amabilia
2410 3681 2537 3735 ﬁant
2585 3699 2702 3749 qua:
2752 3693 2976 3749 Vocant;
3018 3693 3072 3739 et
3118 3701 3225 3754 quo
3277 3686 3544 3740 delectant

1965 3774 2244 3843 praesentia
2268 3814 2281 3838 ,
2313 3790 2377 3828 eo
2405 3789 2509 3828 non
2543 3774 2880 3843 inquirantur
2922 3786 3144 3830 aeterna.
3181 3777 3329 3832 Unde
3365 3787 3417 3831 et
3449 3792 3543 3845 per

1964 3869 2304 3936 semetipsam
2326 3867 2535 3922 Veritas
2566 3869 2816 3936 loquens,
2847 3885 2966 3923 cum
3001 3883 3267 3924 terrenam
3303 3886 3484 3938 pacem
3507 3886 3537 3924 a

1964 3973 2194 4028 superna
2225 3959 2598 4029 distingueret,
2630 3969 2788 4030 atque
2818 3962 2884 4014 ad
2922 3971 3201 4016 venturam
3246 3963 3540 4032 discipulos

1965 4065 2029 4105 ex
2060 4051 2307 4118 praesenti
2345 4059 2660 4118 provocaret
2681 4090 2696 4114 ,
2723 4051 2833 4103 ait:
2867 4049 3056 4104 Pacem
3098 4052 3327 4119 relinquo
3370 4053 3542 4117 vobis,

1966 4158 2141 4213 pacem
2170 4159 2332 4194 meam
2359 4143 2425 4195 do
2455 4142 2591 4195 vobis
2618 4140 2796 4210 (Joan.
2829 4157 2936 4206 xw,
2965 4142 3080 4205 27).
3107 4142 3368 4210 Relinque
3396 4144 3538 4196 scili-

1965 4243 2052 4288 cet
2096 4237 2483 4300 transilmiam,
2515 4236 2585 4289 do
2615 4253 2938 4290 mansuram.
2985 4237 3040 4290 Si
3080 4251 3207 4306 ergo
3259 4238 3308 4289 in
3357 4251 3418 4289 ea
3448 4251 3541 4289 cor

1966 4341 2085 4393 quae
2114 4326 2294 4379 reliCta
2326 4337 2407 4380 est
2432 4327 2628 4395 ﬁgitur,
2659 4341 2927 4394 nunquam
2949 4326 3017 4379 ad
3051 4326 3193 4378 illam
3223 4342 3339 4393 qua!
3363 4327 3537 4378 danda

1967 4427 2071 4483 est,
2101 4419 2423 4488 pervenitur.
2456 4419 2562 4473 Pax
2589 4419 2747 4487 igitur
2779 4433 3011 4488 praesens
3043 4421 3110 4470 ita
3156 4416 3382 4471 tenenda
3420 4427 3503 4471 est
3528 4455 3542 4478 ,

1968 4522 2019 4566 et
2050 4521 2107 4565 ut
2146 4511 2287 4581 diligi
2317 4511 2509 4565 debeat
2538 4520 2591 4564 et
2629 4511 2934 4574 contemni;
2987 4525 3054 4564 ne
3102 4509 3144 4562 si
3193 4508 3542 4561 immoderate

268 4599 384 4643 tate
414 4588 700 4657 disiungit,
725 4600 778 4643 et
807 4592 957 4659 quasi
988 4607 1096 4658 quo
1143 4591 1262 4659 plus
1297 4595 1533 4660 sapiunt,
1563 4607 1628 4646 eo
1672 4605 1701 4644 a
1730 4607 1860 4646 cen-

1972 4574 2521 4671 diligiturxdtligentis
2551 4603 2763 4654 animus
2808 4602 2858 4654 iu
2900 4603 3050 4666 culpa
3095 4600 3356 4666 capiatur.
3394 4598 3541 4651 Unde

267 4679 475 4736 cordia:
525 4681 722 4734 virtute
768 4681 1118 4749 desipiscunt.
1153 4682 1214 4736 Hi
1263 4683 1440 4749 itaque
1491 4683 1706 4736 audiant
1735 4684 1865 4751 quid

268 4787 372 4838 per
404 4773 748 4839 semetipsam
783 4773 992 4826 Veritas
1033 4773 1175 4825 dicat
1209 4790 1222 4824 :
1260 4773 1456 4830 Habetc
1485 4773 1564 4826 sal
1609 4775 1660 4826 in
1704 4775 1863 4838 vobis,

267 4872 318 4915 et
348 4879 533 4932 pacem
559 4864 740 4916 habete
763 4865 895 4916 inter
939 4879 1026 4917 ros
1068 4863 1263 4932 (Marc.
1297 4881 1370 4929 ix,
1407 4864 1518 4929 49).
1552 4865 1642 4919 Sal
1670 4869 1864 4934 quippe

265 4958 396 5012 sine
429 4970 558 5025 pace
607 4972 712 5010 non
744 4957 953 5009 virtutis
998 4966 1079 5011 est
1106 4958 1329 5021 donum,
1360 4958 1453 5010 sed
1500 4959 1863 5012 damnationis

263 5057 672 5116 argumentum.
706 5048 825 5113 Quo
859 5048 998 5102 enim
1053 5049 1280 5117 quisque
1323 5050 1514 5102 melius
1548 5060 1706 5118 sapit,
1741 5061 1762 5088 ε
1797 5068 1862 5103 eo

264 5141 520 5194 deterius
547 5142 839 5210 delinquit;
887 5151 942 5194 et
973 5142 1173 5195 idcirco
1203 5143 1645 5196 inexcusabiliter
1685 5159 1860 5196 mere-

265 5231 421 5283 bitur
475 5235 817 5302 supplicium,
878 5232 1000 5297 quia
1048 5232 1538 5303 prudentersssi
1583 5235 1860 5301 voluisset,

265 5324 452 5389 potuit
481 5327 649 5380 vitare
679 5334 979 5394 peccatum.
1013 5323 1220 5390 Quibus
1245 5335 1392 5377 recte
1415 5338 1624 5392 quoque
1654 5340 1750 5394 per
1770 5325 1864 5379 Ja-

267 5417 469 5467 cnlium
516 5415 752 5469 dicitur:
787 5417 939 5481 Quod
983 5417 1027 5469 si
1069 5415 1235 5467 zelum
1267 5431 1503 5468 amarum
1543 5415 1761 5481 habetis,
1814 5427 1865 5471 et

344 5534 374 5562 ι
406 5525 576 5578 Laud.
609 5537 661 5579 et
691 5529 894 5595 primus
937 5526 1101 5591 Aud.,
1145 5529 1197 5578 in
1237 5530 1404 5592 specie
1431 5543 1538 5580 sua:
1562 5527 1789 5593 [Μυσίαν.

348 5595 376 5628 δ
403 5595 712 5650 Editoribus
750 5599 919 5660 magis
971 5597 1189 5663 placuit,
1242 5614 1384 5652 voces
1424 5599 1652 5657 sociata.
1686 5599 1866 5653 invitis

270 5666 534 5720 omnibus
567 5666 694 5720 Mss.
729 5668 949 5720 nostris.

353 5744 378 5808 ἶ
404 5733 549 5808 l_._aud
585 5775 600 5796 ,
636 5753 691 5788 eo
722 5737 1048 5791 concordiam
1091 5737 1323 5793 deserens
1350 5738 1567 5793 deterius
1593 5737 1863 5808 delinquit.

352 5803 378 5840 ⁴
411 5805 598 5871 Corb.,
623 5812 743 5872 quia
771 5809 1089 5877 pralotiouc.

1971 4705 2024 4749 et
2052 4692 2367 4746 admonendi
2401 4701 2527 4745 sunt
2571 4691 2774 4758 pacati,
2827 4705 2892 4741 ne
2922 4689 3045 4740 dum
3075 4688 3230 4740 nimis
3258 4689 3542 4739 liutnanam

1970 4798 2153 4852 pacem
2180 4782 2523 4845 desiderant,
2570 4794 2758 4850 pravos
2790 4780 3061 4833 hominum
3114 4793 3292 4832 mores
3342 4792 3540 4846 nequa-

1967 4888 2124 4941 quam
2180 4872 2533 4940 redarguant;
2582 4883 2635 4926 et
2683 4873 3070 4927 consentiendo
3124 4870 3421 4938 perversis,
3473 4870 3540 4922 ab

1968 4962 2200 5016 auctoris
2224 4961 2304 5016 sui
2335 4977 2394 5015 se
2423 4977 2549 5030 pace
2580 4961 2910 5030 disjungaut;
2939 4976 3006 5014 ne
3034 4961 3159 5013 dum
3201 4961 3427 5012 humana
3459 4957 3540 5008 lo-

1965 5070 2052 5108 ras
2092 5055 2263 5121 jurgia
2316 5063 2593 5119 metuont,
2643 5051 2837 5106 interni
2895 5052 3112 5105 l‘auleris
3160 5060 3184 5096 ε
3232 5047 3546 5101 discissione

1965 5143 2243 5198 feriantur.
2273 5143 2408 5208 Quid
2439 5154 2520 5198 est
2547 5147 2690 5196 enim
2729 5159 2826 5210 pax
2863 5141 3166 5194 transitoria
3190 5179 3204 5202 ,
3236 5139 3338 5192 nisi
3372 5139 3545 5206 quod-

1966 5238 2086 5287 dam
2119 5233 2397 5300 vestigium
2431 5232 2574 5300 pacis
2603 5232 2850 5285 :rterna‘?
2872 5230 3004 5296 Quid
3030 5245 3158 5296 ergo
3179 5243 3298 5282 esse
3320 5228 3541 5282 demen-

1965 5325 2072 5379 tius
2102 5337 2295 5394 potem,
2327 5339 2483 5393 quam
2515 5324 2738 5390 vestigia
2769 5324 2820 5375 in
2859 5321 3077 5388 pulvere
3121 5321 3387 5388 impressa
3416 5321 3544 5373 dili-

1967 5433 2124 5488 gere,
2157 5417 2249 5469 sed
2295 5417 2466 5484 ipsum
2496 5430 2523 5467 a
2556 5431 2659 5481 quo
2691 5416 2946 5484 impressa
2997 5423 3157 5479 sunt,
3193 5430 3299 5467 non
3332 5413 3548 5468 ariiare!

2049 5537 2070 5565 ε
2103 5525 2294 5591 Corb.,
2323 5543 2425 5579 non
2459 5527 2745 5581 declinant.

2050 5594 2068 5634 ί
2105 5597 2270 5650 Laud.
2303 5607 2357 5650 et
2385 5597 2496 5650 Val.
2523 5599 2627 5659 CL,
2657 5614 2773 5649 cum
2803 5596 3040 5650 rationis.
3073 5596 3136 5649 Et
3158 5596 3370 5664 quidem
3392 5610 3550 5648 sensit

1974 5683 2026 5721 m
2049 5668 2201 5723 -liori.
2231 5666 2481 5735 Cogimur
2507 5677 2680 5720 tamen
2713 5670 2860 5736 sequi
2886 5669 3044 5720 Trec.
3069 5676 3123 5720 et
3146 5675 3369 5720 Caeteros
3392 5665 3549 5729 Cod..

1978 5748 2088 5793 ίυΙΙὶ
2119 5754 2277 5790 manu
2305 5751 2572 5797 exaratos,
2598 5748 2709 5791 tum
2740 5752 2983 5790 εκειιδοε.

2052 5817 2076 5854 ε
2103 5809 2258 5864 Bclv.
2289 5817 2343 5864 et
2370 5807 2476 5863 duo
2505 5807 2709 5872 priores
2730 5808 2913 5867 (.‘tat'n.l
2947 5805 3282 5861 discussione.
