3968 6320
471 317 533 369 91
1686 319 1927 374 S\NCTI
1969 318 2296 378 GREGOIKII
2341 325 2550 382 MAGNI
3670 337 3737 390 9‘2

477 432 613 484 Ilinc
642 430 807 484 David
839 431 963 486 dum
1007 441 1177 486 totum
1207 448 1267 488 se
1294 436 1359 488 ad
1393 435 1604 488 l'tedera
1637 435 1781 502 pacis
1822 435 2050 489 interna:
2085 437 2135 496 Α
2165 446 2343 491 tamen
2370 440 2422 492 in
2451 452 2624 496 vestra
2654 444 2743 511 qui
2771 447 3038 512 corripitis
3068 456 3250 503 mente
3291 458 3556 505 teneatur.
3585 452 3732 506 Unde

469 521 862 591 constringeret
889 562 905 588 ,
945 531 1169 576 testatur
1199 523 1340 592 quod
1372 539 1490 578 cum
1528 523 1683 577 malis
1707 524 2052 578 concordiam

470 627 577 664 non
612 621 848 676 teneret,
898 611 1082 664 dieeus
1114 630 1124 664 :
1161 611 1347 665 Nonne
1385 614 1470 682 qui
1514 621 1559 665 te
1601 613 1848 677 oderunt,
1882 612 2055 677 Deus,

468 703 676 754 oderam
705 703 842 764 illos,
877 712 922 754 et
951 719 1106 766 super
1131 702 1364 756 inimicos
1394 711 1509 756 tuos
1541 703 1854 756 tabescebam
1875 706 1898 755 ?
1922 703 2054 756 Pcr-

470 795 599 863 fccto
630 796 749 848 odio
789 795 997 847 oderam
1029 795 1168 861 illos,
1191 796 1389 850 inimici
1430 796 1555 863 facti
1579 807 1696 850 sunt
1727 797 1850 850 mihi
1883 797 2054 867 (Psal.

469 902 729 953 cxxxvrtt,
752 888 844 952 21,
871 887 984 953 29.).
1015 887 1265 942 Inimicos
1297 889 1495 944 etenim
1531 889 1624 942 Dei
1665 890 1903 958 perfecto
1931 892 2055 947 odio

471 978 668 1042 odisse,
703 985 785 1032 est
813 987 867 1032 et
895 979 1036 1048 quod
1067 980 1188 1034 facti
1221 989 1346 1035 sunt
1375 980 1626 1049 diligere,
1678 983 1787 1052 70
1829 994 1883 1038 et
1914 986 2056 1052 quod

475 1069 679 1121 faciunt
726 1069 1033 1139 increpare;
1067 1084 1245 1124 mores
1282 1085 1572 1140 parvorum
1624 1087 1902 1140 premere,
1934 1075 2059 1129 vitte

473 1159 748 1229 prodesse.

550 1250 887 1305 Pensandum
938 1266 1066 1320 ergo
1121 1260 1244 1315 est,
1299 1252 1516 1321 quando
1567 1253 1634 1307 ab
1687 1254 2061 1322 increpatione

472 1339 787 1406 quiescitur,
821 1351 1014 1410 quanta
1057 1343 1214 1411 culpa
1244 1358 1364 1396 cum
1411 1344 1659 1413 pessimis
1694 1361 1793 1412 pax
1823 1353 2058 1413 tenetur,

472 1427 516 1479 si
554 1430 811 1496 propheta
843 1439 1019 1484 tantus
1051 1432 1152 1484 hoc
1184 1432 1322 1485 velut
1355 1432 1406 1484 in
1441 1433 1670 1486 hostiam
1708 1434 1816 1488 Deo
1844 1435 2058 1501 obtulit,

473 1519 612 1585 quod
643 1531 828 1574 contra
856 1536 914 1576 se
948 1538 1041 1591 pro
1065 1522 1290 1576 Domino
1322 1539 1607 1590 pravorum
1635 1523 1943 1579 inimicitias
1966 1542 2062 1582 ex-

473 1609 816 1664 citavitJIinc
840 1620 923 1666 est
944 1613 1082 1682 quod
1109 1614 1277 1666 tribus
1297 1613 1422 1667 Levi
1445 1616 1734 1683 assumptis
1751 1616 1944 1684 gladiis
1968 1633 2063 1686 per

472 1708 768 1754 castrorum
814 1703 987 1756 media
1048 1706 1351 1768 transiens,
1404 1706 1527 1774 quia
1580 1706 1835 1761 feriendis
1891 1710 2062 1764 noluit

471 1793 846 1857 peccatoribus
879 1810 1134 1860 parcere,
1172 1797 1280 1850 Deo
1312 1812 1503 1850 manus
1547 1797 1691 1851 dicta
1739 1808 1822 1853 est
1867 1813 2060 1854 conse-
2093 1799 2137 1855 Β

473 1897 654 1936 crasse
683 1881 904 1954 (Exuit,
942 1901 1084 1938 χχιιι
1113 1927 1127 1949 ,
1157 1889 1257 1952 2'7,
1294 1891 1449 1955 seq.).
1491 1888 1625 1942 lIinc
1668 1889 1898 1944 Pltinees
1939 1905 2061 1959 pecs

473 1972 705 2027 cautium
734 1973 927 2028 civium
953 1975 1172 2045 gratiam
1206 1992 1490 2045 spernens,
1521 1987 1778 2034 coeuntes
1810 1995 1932 2034 eum
1958 1982 2062 2035 Illa-

474 2063 692 2118 diauitis
742 2067 1000 2134 percolit,
1056 2078 1109 2122 et
1164 2070 1299 2121 iram
1358 2069 1570 2124 Domini
1622 2071 1786 2126 iratus
1837 2073 2064 2140 placarit

477 2156 664 2225 (Num.
703 2176 828 2222 xxv,
853 2162 932 2219 9).
961 2161 1091 2213 llinc
1115 2177 1208 2229 per
1237 2163 1579 2230 semetipsam
1608 2164 1816 2219 Veritas
1843 2173 1867 2200 ⁸
1893 2165 2061 2219 dicit:

479 2247 655 2300 Nolite
677 2251 938 2316 arbitrari,
973 2252 1092 2319 quia
1123 2253 1342 2304 venerim
1370 2269 1544 2320 pacem
1564 2255 1761 2308 mittere
1778 2255 1828 2309 in
1853 2265 2062 2312 terram.

481 2339 602 2392 Non
633 2343 745 2394 veni
777 2359 948 2406 pacem
973 2346 1170 2397 mittere
1188 2386 1201 2406 ,
1228 2346 1315 2397 sed
1337 2345 1572 2414 gladium
1598 2347 1815 2416 (Matth.
1854 2365 1883 2402 χ
1901 2391 1916 2414 ,
1948 2348 2062 2417 54).

482 2432 742 2485 Malorum
777 2449 1004 2502 namque
1043 2450 1162 2488 cum
1214 2436 1423 2490 incaute
1470 2438 1724 2492 amicitiis
1765 2437 2064 2507 jungimur,

479 2526 651 2594 culpis
679 2527 925 2597 Iigamur.
964 2527 1116 2582 Unde
1144 2527 1418 2596 .Iosapltat,
1456 2529 1544 2598 qui
1596 2539 1672 2583 tot
1715 2529 1785 2584 de
1824 2541 2064 2584 anteacta

481 2620 588 2672 vita
637 2621 914 2687 praeconiis
966 2623 1244 2687 attollitur,
1293 2621 1361 2675 de
1404 2623 1588 2676 Achab
1630 2626 1774 2691 regis
1817 2625 2066 2678 amicitiis

496 2724 632 2777 pene
657 2711 920 2776 periturus
945 2711 1380 2780 increpatnriui
1412 2727 1440 2764 a
1465 2712 1691 2766 Domino
1714 2729 1808 2781 per
1839 2715 2065 2782 prophe-

489 2812 594 2852 tam
630 2799 826 2854 tlicitur
857 2820 870 2855 :
905 2799 1075 2869 Impia
1101 2802 1293 2872 prwbes
1317 2803 1589 2866 auxilium,
1625 2813 1670 2856 et
1712 2803 1791 2856 his
1831 2805 1918 2873 qui
1946 2804 2067 2856 ode-

481 2901 597 2942 runt
629 2889 923 2957 Dominum,
955 2894 1182 2947 amicitia
1202 2895 1437 2963 jungeris
1458 2910 1477 2957 ,°
1497 2905 1544 2946 et
1575 2895 1764 2946 idcirco
1797 2897 1926 2946 iram
1951 2896 2068 2964 qui-

483 2982 597 3034 dem
627 2982 835 3037 Domini
867 2985 1158 3052 merebaris,
1196 2988 1284 3037 sed
1313 2988 1443 3039 bona
1488 3003 1644 3056 opera
1689 2987 1892 3040 inventa
1941 2997 2061 3040 sunt

485 3075 537 3125 in
563 3086 630 3142 te,
655 3090 712 3127 eo
742 3075 879 3143 quod
908 3075 1177 3129 abstuleris
1210 3080 1350 3129 lucos
1388 3078 1450 3130 de
1473 3088 1606 3130 terra
1627 3076 1770 3130 Juda
1813 3075 1900 3148 (11
1934 3075 2062 3130 Par.

486 3180 592 3231 xix,
623 3167 841 3238 θυμω)
871 3168 964 3221 illo
993 3168 1137 3222 enim
1163 3172 1253 3238 qui
1283 3186 1491 3223 summe
1521 3179 1698 3224 rectus
1731 3180 1835 3237 est,
1862 3185 1926 3225 eo
1949 3171 2067 3240 ipso
2099 3169 2141 3229 C

483 3255 531 3326 ia
556 3275 585 3308 n
617 3257 903 3327 discrepat,
935 3274 1040 3328 quo
1070 3275 1440 3328 perversurum
1466 3262 1719 3315 amicitiis
1753 3263 1856 3315 vita
1881 3271 2064 3316 nostra

487 3350 797 3405 concordat.
829 3351 1167 3407 Admonendi
1199 3363 1323 3409 sunt
1353 3354 1560 3422 pacati,
1595 3370 1662 3410 ne
1701 3354 1746 3408 si
1778 3354 1844 3409 ad
1887 3370 2070 3410 corre-

489 3442 684 3506 ptionis
713 3431 873 3496 verba
902 3443 1202 3510 prosiliant,
1235 3446 1582 3512 temporalem
1606 3458 1803 3515 ;‘pacem
1827 3446 1928 3500 sibi
1954 3463 2074 3512 per-

487 3534 701 3589 turbare
731 3536 1033 3589 turmideut.
1073 3537 1407 3604 Rursumque
1436 3536 1762 3590 admouendi
1801 3547 1965 3605 sunt,
2006 3548 2065 3591 ut

484 3626 727 3680 eamdem
755 3641 934 3694 parem
959 3627 1244 3682 dilectione
1269 3628 1471 3696 integra
1494 3628 1816 3682 intrinsecus
1837 3638 2072 3695 teneant,

489 3737 646 3786 quam
672 3737 765 3788 per
793 3723 1144 3776 invectionetn
1172 3723 1316 3778 vocis
1339 3725 1440 3776 sibi
1465 3723 1801 3779 extrinsecus
1835 3727 2069 3781 turbant.

488 3810 640 3878 Quod
665 3821 948 3880 utrumque
972 3815 1189 3880 provide
1221 3830 1278 3867 se
1314 3816 1477 3868 David
1507 3831 1758 3871 servasse
1787 3818 2034 3883 perhibet
2060 3861 2071 3882 ,

488 3919 609 3956 cum
642 3904 803 3957 dicit:
831 3904 960 3958 Cum
987 3907 1063 3958 his
1096 3910 1182 3976 qui
1215 3909 1431 3961 oderunt
1470 3926 1674 3976 pacem,
1708 3928 1848 3964 erum
1893 3915 2076 3983 paciﬁ-

489 4008 595 4056 cus,
623 4008 738 4043 cum
763 3991 1000 4061 loquebar
1027 3995 1151 4059 illis,
1180 3997 1547 4068 impugnabant
1581 4015 1658 4051 me
1697 4002 1857 4070 gratis
1900 4002 2072 4070 (Psal.

491 4101 613 4138 cxtx
636 4126 650 4150 ,
682 4087 756 4154 7).
785 4087 920 4141 Ecce
946 4097 999 4142 et
1032 4089 1252 4158 loquens
1299 4092 1744 4162 impugnabatur;
1799 4108 1852 4149 et
1898 4107 2074 4151 tamen

495 4177 852 4246 impugnatus,
885 4191 1002 4234 erat
1036 4181 1310 4250 paciﬁcus,
1333 4186 1455 4252 quia
1490 4201 1588 4241 nec
1612 4187 1941 4243 insanientes
1966 4207 2008 4246 ci
2031 4206 2078 4245 s-

496 4267 647 4320 sabat
704 4270 1135 4338 reprehendere,
1205 4289 1302 4329 nec
1359 4277 1717 4344 reprehensos
1773 4282 2074 4348 negligebat

495 4373 693 4413 amare.
726 4362 854 4417 llinc
875 4363 1034 4418 etiam
1070 4366 1260 4421 Paulus
1290 4369 1365 4421 ait
1392 4390 1406 4425 :
1439 4369 1500 4424 Si
1525 4372 1638 4438 ﬁeri
1657 4381 1836 4443 potest,
1861 4375 1998 4444 quod
2014 4393 2078 4430 ea:

496 4450 636 4505 vobis
681 4462 793 4516 est,
838 4471 950 4508 cum
991 4458 1224 4511 omnibus
1275 4460 1563 4515 hominibus
1613 4480 1791 4532 pacem
1839 4465 2075 4519 habentes

2163 528 2304 582 idem
2332 546 2539 585 rursum
2563 533 2848 603 discipulos
2875 537 3146 604 admonet,
3170 540 3387 595 (licens:
3418 542 3480 596 Si
3502 544 3614 612 quis
3639 561 3740 598 non

2163 620 2326 673 obedit
2356 622 2501 675 verbo
2533 632 2726 693 nostra,
2759 643 2850 694 per
2872 629 3142 697 epistolam
3170 634 3305 683 hunc
3335 640 3546 687 notate:
3567 643 3614 686 et
3642 651 3743 688 non

2159 714 2586 768 commisceamiui
2607 733 2721 769 cum
2750 718 2862 780 illo,
2898 729 2952 771 ut
2982 721 3432 790 confundatur“!
3453 722 3632 782 Thess.
3660 740 3743 786 ιιι,

2166 802 2278 873 14).
2305 806 2478 875 Atque
2502 807 2646 862 illico
2674 809 2918 878 adjunxit
2943 829 2955 863 :
2992 811 3058 864 Et
3087 813 3242 866 nolite
3264 823 3320 867 ut
3343 815 3611 869 inimicum
3637 821 3744 869 exi-

2161 898 2369 951 stimare
2396 898 2567 963 illum,
2588 902 2678 954 sed
2705 903 2947 970 corripite
2981 913 3034 955 ut
3063 907 3275 973 fratrem
3299 904 3489 974 (Ibid.,
3523 907 3637 975 15).
3664 911 3740 962 Ac

2163 991 2207 1044 si
2256 992 2494 1045 diceret:
2523 993 2710 1047 Pacem
2765 1007 2884 1046 cmn
2916 1009 2982 1048 eo
3020 995 3339 1050 exteriorem
3385 998 3609 1062 solvite,
3647 1001 3741 1051 sed

2163 1081 2470 1137 interiorem
2501 1084 2642 1138 circa
2689 1086 2840 1139 illum
2879 1086 3184 1141 medullitus
3205 1089 3506 1154 custodite;
3539 1101 3596 1143 ut
3631 1107 3747 1158 pec-

2163 1175 2334 1229 eatitis
2362 1185 2594 1230 mentem
2627 1181 2705 1231 sic
2741 1189 2913 1232 vestra
2944 1179 3207 1233 discordia
3249 1181 3441 1244 feriat,
3479 1193 3748 1250 quatenus

2165 1278 2266 1331 pax
2295 1281 2324 1318 a
2353 1268 2601 1321 cordibus
2631 1269 2822 1321 vestris
2854 1283 2950 1322 nec
2978 1269 3238 1338 abnegata
3260 1271 3520 1324 discedat.

2519 1397 2747 1452 CAPUT
2787 1397 2950 1452 XXIII
2994 1399 3100 1471 [ΑΙ.
3144 1399 3411 1472 XLVII].

2217 1512 2484 1579 Quomodo
2513 1513 2824 1568 admonendi
2849 1516 2938 1585 qui
2959 1516 3140 1586 jurgia
3163 1526 3359 1582 serunt,
3392 1527 3438 1571 et
3469 1517 3692 1584 paciﬁci.

2236 1629 2553 1698 (Admonitia
2582 1628 2700 1698 24.)
2727 1631 2894 1684 Aliter
2922 1631 3244 1686 admonendi
3273 1640 3398 1685 sunt
3418 1633 3751 1686 seminantes

2161 1718 2356 1790 jurgia,
2387 1729 2547 1790 atque
2567 1722 2720 1776 aliter
2750 1722 2973 1791 paciﬁci.
2998 1724 3338 1778 Admonendi
3368 1739 3601 1794 namque
3623 1736 3750 1779 sunt

2167 1813 2255 1879 qui
2286 1815 2391 1884 71
2417 1813 2592 1882 jurgia
2621 1814 2906 1881 scminant,
2927 1824 2982 1867 ut
3000 1815 3152 1884 cujus
3174 1815 3281 1870 sint
3301 1831 3562 1885 sequaces
3583 1831 3752 1886 agno-

2167 1913 2338 1959 scant.
2376 1906 2449 1960 De
2477 1915 2713 1973 apostata
2749 1905 2945 1974 quippe
2973 1908 3162 1974 angelo
3186 1908 3443 1975 scriptum
3475 1915 3594 1973 est,
3625 1922 3753 1961 cum

2169 1998 2320 2052 boote
2343 2000 2500 2052 messi
2524 1996 2552 2036 δ
2583 2000 2778 2052 inserta
2815 2000 3002 2053 fuisset
3040 1999 3246 2053 zizania
3274 2017 3285 2051 :
3312 1998 3564 2053 Inimicus
3596 2000 3753 2053 homo

2168 2087 2262 2140 hoc
2291 2087 2409 2156 fecit
2441 2087 2654 2159 (Matth.
2687 2105 2781 2142 xm
2802 2133 2816 2156 ,
2861 2089 2974 2158 9.8).
3011 2089 3084 2143 De
3128 2089 3280 2158 cujus
3309 2091 3468 2145 etiam
3503 2093 3753 2144 menter

2170 2196 2263 2247 per
2294 2181 2633 2235 Salomoncm
2662 2181 2854 2234 dicitur
2879 2197 2893 2234 :
2925 2180 3097 2234 Homo
3125 2191 3384 2252 apostata,
3413 2183 3490 2235 vir
3513 2184 3715 2236 inutilis
3741 2224 3757 2244 ,

2168 2270 2402 2339 graditur
2427 2286 2512 2322 ore
2539 2287 2792 2340 perverso,
2823 2271 3000 2323 annuit
3029 2273 3210 2336 oculis,
3242 2273 3358 2324 terit
3387 2273 3547 2342 pede;
3583 2273 3751 2341 digito

2168 2365 2409 2432 loquitur,
2436 2380 2590 2431 pravo
2622 2365 2774 2417 corde
2804 2364 3123 2416 machinatur
3143 2365 3358 2428 malum,
3385 2373 3432 2417 et
3464 2366 3602 2417 omni
3627 2374 3759 2418 tem-

2171 2478 2291 2529 pare
2309 2461 2489 2531 jurgia
2519 2461 2731 2513 seminat
2762 2459 2942 2527 (Prov.
2975 2475 3023 2514 γι
3044 2500 3060 2525 ,
3087 2459 3197 2528 12).
3226 2459 3363 2514 Ecce
3398 2475 3554 2528 quem
3591 2459 3758 2513 semi-

2171 2562 2384 2605 nautem
2412 2553 2584 2622 jurgia
2617 2552 2792 2606 dicere
2821 2552 3017 2614 voluit,
3051 2552 3193 2619 prius
3224 2559 3523 2620 apostatam
3575 2555 3758 2610 nomi-

2173 2649 2349 2695 navit:
2373 2643 2492 2710 quia
2525 2643 2625 2696 nisi
2651 2658 2799 2696 more
2820 2642 3178 2711 superbientis
3201 2643 3373 2709 angeli
3405 2658 3433 2695 a
3455 2654 3756 2710 conspectu

2171 2731 2475 2784 Conditoris
2523 2731 2667 2800 prius
2721 2732 2861 2785 intus
2910 2732 3198 2785 aversione
3254 2731 3448 2784 mentis
3503 2731 3750 2794 caderet,

2174 2821 2315 2875 foras
2366 2821 2701 2889 postmodum
2759 2800 2926 2890 usque
2975 2823 3040 2876 ad
3094 2821 3403 2876 seminanda
3434 2823 3604 2892 jnrgia
3646 2840 3761 2878 non

2175 2914 2399 2967 veniret.
2433 2914 2532 2977 Qui
2581 2922 2728 2967 recte
2775 2913 3099 2968 describitur
3139 2914 3277 2982 quod
3325 2917 3510 2968 annuit
3546 2916 3717 2970 oculis
3745 2958 3762 2978 .

2175 3007 2340 3073 digito
2373 3007 2627 3074 loquitur,
2661 3005 2782 3058 terit
2812 3006 2972 3072 pede.
3022 3005 3250 3058 Interior
3295 3021 3522 3074 namque
3549 3015 3635 3061 est
3664 3022 3764 3060 cu-

2177 3099 2369 3159 studia,
2409 3108 2430 3135 ο
2462 3112 2580 3167 quae
2611 3096 2852 3150 ordinata
2884 3106 3061 3151 servat
3091 3097 3327 3151 exterius
3365 3097 3624 3151 membra.
3651 3098 3760 3164 Qui

2173 3203 2301 3256 ergo
2325 3197 2517 3241 statum
2548 3187 2745 3241 mentis
2783 3187 3044 3255 perd;dit,
3086 3186 3474 3256 subsequenter
3518 3188 3659 3242 foras
3707 3189 3762 3242 in

2174 3282 2584 3335 inconstantiam
2615 3283 2863 3337 motionis
2894 3283 3028 3346 ﬂuit,
3063 3290 3227 3352 atque
3253 3283 3505 3338 exteriori
3531 3283 3760 3338 mobili-

2178 3382 2285 3428 tate
2335 3374 2573 3439 indicat,
2625 3374 2765 3443 quod
2801 3375 2939 3428 nulla
2992 3376 3219 3430 interius
3261 3377 3442 3432 radice
3468 3377 3758 3431 subsistat.

2177 3466 2412 3519 Audiant
2435 3467 2734 3534 iurgiorum
2768 3467 3123 3520 seminatores
3167 3466 3307 3536 quod
3335 3467 3593 3535 scriptum
3634 3475 3762 3521 est:

2177 3556 2326 3610 Beati
2357 3558 2578 3625 paciﬁci,
2610 3558 2855 3627 quoniam
2883 3559 2982 3628 ﬁlii
3009 3557 3105 3612 Dei
3131 3558 3442 3611 vocabuntur
3465 3556 3686 3624 (Matth.
3710 3573 3764 3620 v,

2177 3644 2256 3713 9).
2289 3649 2459 3714 Atque
2482 3661 2512 3701 e
2541 3646 2756 3701 diverso
2782 3648 3061 3716 colligant,
3089 3649 3208 3716 quia
3240 3647 3284 3699 si
3311 3647 3402 3700 ﬁlii
3441 3647 3533 3700 Dei
3561 3661 3791 3719 vocan-_

2181 3747 2264 3789 tor
2293 3738 2378 3805 qui
2407 3751 2586 3805 pacem
2616 3739 2835 3804 faciunt,
2866 3740 3220 3808 proculdubio
3246 3738 3463 3794 Satanae
3500 3746 3627 3793 sunt
3667 3738 3766 3791 lilii

2179 3831 2270 3896 qui
2301 3830 2661 3884 confundunt.
2707 3831 2909 3886 Omnes
2958 3843 3133 3886 autem
3183 3834 3272 3901 qtti
3321 3848 3413 3900 per
3439 3832 3766 3886 discordiam

2181 3931 2496 3988 separantur
2521 3935 2549 3974 a
2582 3921 2847 3976 viriditate
2877 3922 3200 3985 dilectionis,
3235 3925 3487 3977 areliunt.
3517 3923 3617 3989 Qui
3658 3924 3768 3976 etsi

2180 4012 2305 4065 [ωιιί
2356 4015 2533 4079 operis
2583 4013 2786 4066 fructus
2834 4016 2883 4066 in
2935 4014 3046 4067 suis
3095 4014 3398 4068 actionibus
3445 4014 3761 4082 proferunt,

2184 4102 2421 4170 profecto
2445 4104 2572 4156 nulli
2602 4117 2746 4170 sunt,
2776 4105 2900 4172 quia
2934 4118 3037 4158 non
3071 4102 3098 4139 ἀ
3132 4119 3199 4160 ex
3243 4104 3446 4158 unitate
3484 4103 3769 4158 charitatis

2182 4199 2443 4252 oriuntur.
2479 4198 2611 4252 Ilinc
2641 4214 2773 4268 ergo
2807 4198 3140 4266 perpendaut
3183 4197 3509 4252 seminantcs
3544 4197 3723 4266 iurgia
3754 4240 3768 4259 ,

2180 4307 2336 4360 quam
2388 4291 2753 4358 multipliciter
2785 4291 3158 4360 peccantzqui
3207 4290 3331 4344 dum
3376 4306 3537 4345 unam
3569 4292 3764 4358 nequi-

2184 4386 2310 4438 tiam
2343 4392 2670 4453 perpetrant,
2703 4384 2770 4437 ab
2803 4383 3050 4438 humanis
3080 4383 3331 4438 cordibus
3355 4394 3572 4436 cunctas
3599 4381 3770 4435 simul

2185 4479 2404 4531 virtutes
2429 4477 2721 4532 eradicant.
2755 4478 2806 4531 In
2843 4491 2950 4530 uno
2977 4476 3121 4531 enim
3155 4477 3297 4531 malo
3329 4476 3607 4529 innumera
3639 4489 3766 4542 per-

501 4542 680 4609 (llam.
706 4560 806 4636 xui,
838 4545 945 4613 I8).
978 4548 1291 4604 Ilortaturns
1321 4554 1462 4604 enim
1487 4553 1777 4622 discipulos
1803 4567 1858 4608 ιιι
1891 4573 2074 4623 pacem
2113 4536 2158 4594 ι)
2184 4577 2380 4635 agunt,
2412 4569 2531 4636 quia
2565 4568 2878 4622 seminando
2907 4568 3229 4622 discordiam
3255 4609 3270 4632 ,
3303 4566 3617 4621 charitatem
3639 4536 3774 4632 qua:

498 4648 620 4686 cum
653 4635 900 4691 omnibus
934 4639 1192 4694 haberent
1216 4685 1229 4706 ,
1267 4646 1554 4710 praemisit,
1607 4646 1828 4702 dicens:
1863 4649 1924 4703 Si
1967 4651 2081 4717 ﬁeri

501 4736 685 4794 potest,
721 4739 879 4799 atque
907 4732 1222 4802 subjnnxit:
1259 4735 1408 4802 Quod
1447 4755 1508 4791 ea:
1551 4740 1691 4794 vobis
1730 4753 1822 4795 est.
1856 4742 2080 4799 Dillicile

499 4818 698 4886 quippe
722 4831 836 4874 erat
867 4829 922 4874 ut
951 4822 994 4876 si
1038 4824 1176 4877 male
1207 4834 1323 4878 acta
1356 4829 1719 4898 corriperent,
1749 4830 1950 4886 habere
1984 4849 2080 4900 pa-

498 4924 616 4963 cem
644 4925 760 4965 cum
795 4915 1045 4968 omnibus
1074 4929 1309 4982 possent.
1346 4922 1448 4974 Sed
1479 4938 1596 4976 cum
1629 4926 1938 4992 temporalis
1973 4943 2074 4994 pax

499 5001 551 5054 iu
585 5018 866 5069 pravorum
897 5007 1150 5062 cordibus
1175 5025 1239 5063 ex
1267 5021 1446 5065 nostra
1469 5014 1834 5080 increpatione
1854 5018 2081 5071 confun-

498 5092 665 5161 ditur,
696 5095 944 5152 inviolata
978 5115 1198 5156 necesse
1229 5111 1313 5157 est
1350 5114 1400 5157 ut
1447 5105 1496 5158 in
1539 5117 1722 5162 nostro
1767 5109 1930 5163 corde
1961 5125 2079 5164 ser-

503 5192 674 5236 vetur.
695 5185 859 5242 Recte
887 5189 1064 5258 itaque
1084 5193 1156 5245 ait
1181 5212 1194 5246 :
1228 5195 1377 5259 Quod
1398 5213 1459 5249 ea:
1479 5197 1614 5249 vobis
1636 5207 1728 5251 est.
1757 5200 1834 5253 Ac
1857 5200 1902 5252 si
1927 5200 2082 5254 nimi-

502 5290 618 5330 rum
647 5278 787 5334 dicat
817 5297 832 5336 :
864 5283 995 5348 Quia
1025 5301 1123 5354 pax
1176 5303 1237 5340 ex
1277 5289 1500 5344 tlutrum
1547 5292 1773 5358 partium
1818 5307 2082 5349 consensu

501 5371 764 5438 subsistit,
789 5375 830 5428 si
857 5377 923 5431 ab
947 5379 1023 5432 eis
1046 5381 1132 5450 qui
1159 5385 1518 5454 corripiuntur
1540 5389 1845 5456 expellitur,
1872 5389 2076 5460 integra

579 5539 603 5564 ιι
627 5526 732 5609 llic
761 5530 1092 5609 restitti_i_miis
1124 5542 1326 5609 textum
1353 5536 1580 5609 Evaug.,
1620 5555 1806 5609 magna
1843 5554 1906 5593 ex
1939 5551 2088 5606 parte

509 5598 752 5652 mutilum
788 5602 838 5654 in
883 5600 1075 5667 Editi‘s,
1119 5602 1345 5660 duorum
1393 5598 1600 5673 Gerun,
1637 5598 1868 5673 Belvac.,
1902 5598 2087 5678 'I‘Ircc.,

509 5679 641 5736 εις..
673 5686 796 5736 ope.

581 5735 606 5776 δ
637 5738 689 5792 In
715 5735 879 5796 Laud.
904 5751 956 5798 et
983 5745 1136 5798 lcrtio
1158 5745 1392 5811 Gemcl.,
1419 5749 1603 5802 inserta
1624 5749 1840 5812 fuissent
1863 5754 2080 5806 zizania.

2187 4657 2438 4713 nimirum
2465 4660 2717 4713 virtutum
2765 4661 3003 4713 omnium
3038 4668 3210 4715 mater
3249 4667 3333 4714 est
3357 4700 3370 4718 .
3400 4657 3774 4725 exstinguunt.

2184 4752 2316 4816 Quia
2340 4759 2516 4805 autem
2551 4750 2682 4803 nihil
2714 4751 2998 4812 pretiosius
3029 4761 3112 4807 est
3147 4751 3256 4804 Deo
3287 4751 3485 4803 virtute
3513 4748 3771 4802 dilectio-

2187 4846 2290 4910 nis,
2317 4843 2389 4896 nil
2423 4852 2506 4897 est
2531 4842 2938 4896 desiderabilius
2969 4843 3180 4897 diabolo
3204 4842 3563 4898 exstinctione
3591 4839 3775 4894 chari-

2189 4933 2332 4986 tatis.
2383 4933 2636 4998 Quisquis
2683 4947 2812 5000 ergo
2853 4933 3172 4986 seminando
3207 4932 3382 5001 jurgia
3424 4929 3774 4984 dilectionem

2188 5024 2549 5091 proximorum
2583 5025 2833 5090 perimit,
2886 5025 3023 5079 hosti
3067 5025 3156 5079 Dei
3208 5022 3523 5077 familiarius
3561 5021 3776 5083 servit,

2186 5118 2306 5183 quia
2358 5129 2460 5183 qua
2512 5115 2598 5168 ille
2644 5116 2841 5170 amissa
2895 5117 3126 5181 cecidit,
3179 5115 3316 5170 hanc
3353 5117 3454 5168 iste
3480 5114 3778 5169 vulneratis

2189 5204 2438 5260 cordibus
2460 5207 2805 5272 subtrahens,
2838 5207 2918 5262 eis
2948 5206 3048 5261 iter
3081 5209 3410 5262 ascensionis
3440 5206 3696 5260 abscidit.

2261 5297 2328 5351 At
2357 5306 2540 5352 contra
2570 5300 2890 5355 admonendi
2920 5309 3044 5354 sunt
3072 5301 3298 5370 paciﬁci,
3325 5315 3391 5354 ne
3414 5310 3574 5355 tanta:
3600 5301 3777 5353 actio-

2193 5390 2277 5444 nis
2326 5393 2532 5459 poudus
2565 5391 2835 5459 levigent,
2885 5393 2928 5447 si
2975 5393 3112 5447 inter
3147 5406 3283 5462 quos
3332 5392 3553 5447 Iuttdare
3588 5407 3775 5462 pacem

2197 5544 2250 5599 In
2282 5546 2438 5619 Trec.
2465 5557 2519 5603 et
2543 5547 2683 5612 aliis,
2715 5550 2913 5602 zizania
2947 5559 3233 5619 usurpatur
3265 5551 3314 5604 in
3345 5547 3628 5610 singulari.

2269 5627 2291 5692 ξ
2322 5618 2538 5692 parum.
2569 5621 2768 5692 primus
2799 5630 2851 5673 et
2879 5618 3110 5692 Th_eod.,
3140 5637 3255 5692 qua:
3285 5631 3487 5674 trnuta.

2263 5684 2288 5724 ἀ
2321 5687 2516 5758 Laud.,
2554 5684 2615 5743 ex
2644 5691 2828 5746 virtute
2855 5684 3105 5744 caritatis;
