4014 6312
236 308 303 360 93
1076 321 1378 380 ηεϐυωε
1417 323 1850 380 PASTUBALIS
1889 322 2116 376 LIBER.
2161 355 2226 368 —-
2269 327 2448 382 PARS
2488 328 2763 384 TERTIA.
3497 341 3567 394 95

243 426 514 489 debeant.
550 432 845 503 ignorent.
874 436 1002 491 Nam
1029 439 1165 492 sirut
1189 402 1412 493 multum
1440 452 1596 495 nocet
1620 441 1663 494 si
1689 442 1868 494 unitas
1897 439 1947 497 Α
1976 439 2266 495 salubriter
2280 442 2598 500 abscindere
2628 446 2861 500 sauciata
2883 448 3202 506 debuerunt.
3223 455 3560 515 Admonentli

253 519 395 574 desit
426 520 627 591 bonis,
665 527 741 578 ita
772 527 924 580 valde
951 541 1034 581 est
1061 531 1276 584 noxium
1306 531 1348 584 si
1383 546 1486 584 non
1520 534 1657 586 desit
1690 533 1865 588 malis.

260 614 315 669 Si
340 629 474 685 ergo
502 630 903 685 perversurum
935 621 1166 688 nequitia
1204 624 1255 676 in
1290 637 1417 691 pace
1441 623 1710 692 jungitur,
1746 637 1868 692 pro-

274 707 405 760 iecto
434 722 635 762 eorum
664 711 825 766 malis
852 712 1060 767 actibus
1086 715 1250 768 robur
1278 727 1540 782 augetur;
1584 717 1709 784 quia
1757 732 1867 784 quo

276 796 371 850 sibi
401 797 454 850 in
486 799 699 854 malitia
741 812 1071 870 congruunt,
1102 818 1168 857 eo
1201 819 1259 860 se
1288 805 1560 859 robustius
1605 807 1867 860 bonorum

279 887 662 944 afﬂictionibus
695 891 927 949 illidunt.
960 894 1091 948 llinc
1121 912 1348 964 namque
1383 908 1468 952 est
1511 899 1654 966 quod
1684 908 1708 934 α
1735 913 1866 951 con-

280 990 356 1031 tra
383 981 620 1033 damnati
656 981 798 1035 illius
827 984 997 1047 vasis,
1027 985 1276 1040 videlicet
1306 987 1624 1040 Antichristi
1669 989 1869 1056 pradi-

279 1081 511 1132 catores,
534 1070 717 1125 divina
738 1072 882 1127 'voce
926 1074 1081 1128 beato
1103 1075 1203 1128 .Iob
1232 1075 1466 1132 dicitur:
1495 1076 1724 1130 Membra
1754 1096 1869 1132 car-

282 1160 431 1215 nium
471 1167 578 1232 ejus
623 1165 935 1218 cohmrentia
978 1167 1073 1218 sibi
1103 1164 1243 1238 (Job.
1281 1183 1396 1234 xu,
1440 1169 1550 1236 M).
1598 1170 1730 1222 Hinc
1767 1171 1869 1224 sub

275 1267 622 1316 squamarum
671 1253 856 1319 specie
895 1255 963 1308 de
992 1257 1109 1322 ejus
1152 1258 1469 1313 satellitibus
1511 1261 1862 1328 perhibetur:

277 1341 400 1395 Una
431 1346 519 1394 uni
546 1345 899 1414 conjungitur,
925 1356 973 1398 et
998 1363 1060 1400 ne
1087 1349 1400 1415 spiraculum
1440 1351 1643 1419 quidem
1679 1354 1868 1406 incedit

273 1449 365 1496 par
391 1449 476 1485 eos
511 1432 704 1499 (lbid.,
734 1435 1101 1504 7).Sequares
1142 1439 1337 1508 quippe
1385 1440 1526 1496 illius
1574 1457 1682 1510 quo
1726 1444 1865 1498 nu‘la

275 1526 417 1578 inter
443 1540 505 1578 se
535 1526 822 1582 discordiis
848 1531 1171 1586 adversitate
1213 1534 1366 1587 divisi
1400 1547 1556 1601 sunt,
1588 1552 1652 1589 eo
1683 1538 1734 1590 in
1769 1539 1868 1590 bc-

271 1632 466 1668 norum
512 1619 729 1686 gravius
771 1635 903 1674 nece
931 1623 1313 1691 glomerantur.
1349 1628 1450 1689 Qui
1492 1643 1621 1693 ergo
1652 1629 1862 1695 iniquos

275 1719 404 1769 pace
432 1705 628 1765 sociat,
661 1707 921 1768 iniquitati
956 1711 1098 1765 vires
1126 1713 1499 1780 administrat,
1530 1718 1653 1784 quia
1696 1717 1866 1773 bonos

1973 541 2132 595 sunt,
2179 542 2235 585 ut
2274 536 2607 603 perpendam
2650 551 2757 606 quo
2794 538 3071 606 Scriptura
3120 557 3271 597 sacra
3313 547 3364 600 in
3398 559 3556 603 nocte

1972 620 2095 674 vitae
2125 627 2404 688 praesentis
2432 628 2581 695 quasi
2608 628 2850 695 quasdam
2891 630 3048 685 nobis
3093 632 3308 689 lucerna
3356 637 3424 690 sit
3465 653 3560 708 po-

1971 710 2095 775 sita,
2127 712 2282 781 cujus
2306 717 2565 770 nimirum
2591 718 2751 773 verba
2775 720 2900 774 dum
2928 736 3031 775 non
3063 732 3209 778 recte
3234 725 3555 798 intelligunt,

1971 799 2039 852 de
2066 800 2264 857 lumine
2288 807 2688 861 tenebrescunt.
2703 808 2849 876 Quos
2871 811 3120 866 videlicet
3137 814 3202 866 ad
3229 815 3557 871 intellectum

1974 903 2193 956 pravum
2243 893 2475 950 intentio
2524 911 2776 964 perversa
2825 915 2930 954 non
2971 913 3218 970 raperet,
3260 905 3360 960 nisi
3414 908 3561 976 prius

1970 980 2215 1046 superbia
2247 983 2482 1040 innaret.
2510 986 2642 1040 Dum
2673 989 2814 1043 enim
2843 1003 2904 1046 se
2950 1007 3058 1058 pra:
3100 995 3312 1050 caeteris
3341 1000 3558 1067 sapien-

1972 1079 2052 1123 tes
2079 1073 2427 1138 arbitrantnr,
2461 1080 2614 1148 sequi
2648 1081 2782 1134 alios
2811 1081 2877 1136 ad
2919 1084 3110 1138 melius
3156 1086 3422 1143 intellecta
3457 1092 3553 1145 tle-

1969 1164 2231 1230 spiciunt;
2264 1177 2424 1238 atque
2469 1179 2527 1224 ut
2568 1173 2708 1240 apud
2755 1174 3037 1241 imperium
3073 1178 3262 1246 vulgus
3313 1182 3551 1236 scientia:

1969 1256 2072 1310 sibi
2119 1275 2310 1313 nomen
2353 1272 2737 1331 extorqueant,
2774 1266 2990 1320 student
3029 1281 3370 1338 summOpere
3396 1281 3450 1325 et
3481 1274 3549 1325 ab

1971 1351 2088 1406 aliis
2119 1360 2265 1405 recte
2297 1351 2565 1407 intellecta
2597 1355 2893 1418 destruere,
2920 1367 2970 1412 et
2999 1374 3092 1412 sua
3119 1376 3372 1429 perversa
3397 1363 3552 1417 robo-

1972 1455 2113 1495 rare.
2147 1440 2298 1496 Unde
2339 1444 2475 1496 bene
2517 1459 2610 1508 per
2654 1446 2966 1513 prophetam
3008 1449 3234 1504 dicitur:
3271 1451 3556 1506 Secuerunt

1969 1541 2287 1600 prmgnantes
2333 1530 2538 1584 Galaad
2583 1535 2651 1586 ad
2697 1535 3017 1590 dilatandam
3071 1543 3344 1595 terminth
3407 1561 3553 1596 suum

1971 1620 2147 1688 (Amos
2175 1636 2211 1686 t,
2241 1620 2355 1689 15).
2383 1623 2581 1677 Galaad
2617 1641 2844 1694 namque
2883 1645 3108 1686 acervus
3149 1637 3436 1690 testimonii
3469 1639 3550 1690 in-

1973 1719 2320 1780 terpretatnr.
2349 1713 2413 1766 Et
2443 1715 2564 1783 quia
2593 1728 2783 1771 cuncta
2813 1721 2972 1774 simul
3001 1727 3346 1792 congregatio
3371 1728 3554 1782 Eccle-

274 1797 514 1850 deterius
542 1798 878 1866 deprimttnt,
911 1817 1044 1867 quos
1074 1813 1130 1857 et
1165 1807 1487 1862 unanimiter
1531 1823 1863 1877 persequun-
1900 1778 1942 1836 Β
1970 1808 2062 1860 size
2089 1823 2182 1875 per
2202 1809 2596 1866 Confessiouetn
2626 1816 2793 1868 servit
2825 1818 3131 1872 testimonio
3157 1822 3416 1886 veritatis,
3447 1839 3552 1877 non

273 1895 374 1937 tur.
414 1885 570 1940 Unde
616 1890 936 1954 praedicator
978 1896 1224 1962 egregEus
1273 1900 1419 1966 gravi
1469 1899 1860 1956 Pharisaeorum

274 1977 800 2049 Sulducreorumque
846 1985 1219 2049 persecutione
1264 1990 1632 2057 deprehensus
1659 2035 1673 2059 ,
1721 1995 1865 2051 inter

271 2071 598 2136 semetipsns
627 2072 870 2129 dividere
902 2077 1126 2144 studuit,
1160 2095 1297 2148 quos
1324 2091 1508 2135 contra
1543 2097 1603 2137 se
1630 2087 1861 2153 graviter

272 2159 447 2212 unitos
476 2161 633 2223 vidit,
667 2178 788 2216 cum
816 2165 1080 2236 clamavit,
1113 2169 1340 2226 dicens:
1384 2170 1493 2226 Viri
1521 2173 1733 2242 fratres,
1762 2194 1857 2243 ego

273 2251 573 2308 Phariscus
598 2273 738 2325 sum,
764 2259 903 2323 filius
928 2259 1316 2316 Pharisworum
1334 2307 1348 2330 ,
1388 2266 1453 2318 de
1479 2283 1568 2333 spe
1603 2277 1648 2320 et
1688 2284 1857 2321 resur-

273 2344 497 2395 rectione
522 2357 838 2400 mortuorum
869 2365 960 2418 ego
973 2353 1186 2420 judicor
1213 2354 1349 2418 (Act.
1383 2371 1543 2415 xxttt.
1579 2355 1659 2424 6).
1695 2357 1858 2411 Dum-

273 2449 378 2500 que
403 2433 679 2490 Sadduczei
709 2452 861 2501 spem
896 2444 1450 2513 resurrectiOnemque
1479 2447 1583 2516 72
1620 2457 1859 2502 mortuo-

274 2541 390 2577 rum
435 2540 558 2582 esse
598 2527 962 2596 denegarem,
994 2548 1154 2600 quam
1213 2534 1467 2588 Pharis-ei
1518 2535 1670 2604 juvla
1717 2540 1855 2592 sacri

275 2618 467 2685 eloquii
518 2629 784 2686 praecepta
819 2623 1134 2689 crederent,
1168 2625 1300 2680 facta
1351 2627 1402 2680 io
1457 2639 1855 2695 persccnt'rrum

274 2710 623 2764 unanimitate
671 2711 933 2767 dissensio
975 2724 1096 2780 est,
1149 2725 1202 2770 et
1249 2716 1416 2771 divisa
1466 2719 1614 2773 turba
1658 2720 1857 2774 illmsus

275 2797 460 2854 Paulus
490 2801 684 2866 exivit,
710 2818 832 2870 quae
858 2805 998 2858 bttnc
1031 2807 1351 2875 unita’prius
1376 2809 1679 2864 immaniter
1705 2826 1855 2878 prea-

274 2893 353 2945 sit.
377 2893 718 2948 Admonendi
743 2895 921 2964 itaque
948 2906 1072 2951 sunt
1097 2900 1185 2968 qui
1213 2901 1467 2954 faciendae
1492 2904 1638 2970 pacis
1664 2903 1858 2957 studiis

273 2995 624 3053 occupantur,
673 2997 730 3040 ut
775 3003 1056 3054 pravorum
1104 2993 1372 3047 tuentibus
1416 2993 1565 3061 prius
1613 3009 1853 3048 amorem

271 3075 501 3130 debeant
531 3077 760 3131 internae
787 3080 935 3146 pacis
966 3079 1278 3148 infundere,
1309 3092 1575 3154 quatenus
1600 3084 1678 3137 eis
1708 3093 1854 3151 post-

273 3168 489 3221 modum
528 3171 702 3224 valeat
726 3173 962 3226 exterior
990 3189 1088 3241 pax
1120 3175 1400 3242 prodesse;
1429 3189 1482 3230 ut
1504 3178 1630 3231 dum
1669 3194 1855 3233 eorum
1883 3145 1930 3205 α

273 3273 369 3312 ror
397 3261 450 3312 in
480 3261 624 3313 il'ins
649 3259 676 3298 δ
703 3265 1006 3331 cognitione
1036 3268 1401 3334 suspenditur,
1435 3285 1766 3339 nequaquam
1791 3270 1856 3323 ad

275 3357 581 3420 nequitiam
613 3368 675 3408 ex
705 3356 855 3423 hujus
905 3361 1248 3428 perceptione
1299 3363 1572 3430 rapiatur;
1623 3363 1854 3430 dumque

279 3451 302 3480 ε
327 3456 625 3508 supernam
655 3447 948 3514 provident,
983 3463 1247 3504 terrenam
1273 3453 1418 3507 nullo
1440 3454 1597 3506 modo
1617 3453 1680 3505 ad
1704 3469 1857 3506 usum

277 3547 390 3585 sure
437 3532 868 3591 deterioratioois
922 3540 1200 3597 inclinent.
1249 3543 1382 3596 Cum
1429 3558 1557 3596 vero
1620 3544 1856 3609 perversi

277 3624 475 3691 σιυίίιιιθ
507 3626 639 3680 ιλιιεε
669 3640 815 3691 sunt,
841 3641 897 3683 ut
929 3647 1122 3687 nocere
1145 3634 1300 3689 bonis
1333 3643 1623 3704 nequeant,
1648 3637 1858 3690 etiamsi

279 3719 676 3781 concupiscant,
712 3721 852 3774 inter
891 3721 985 3776 hos
1028 3725 1275 3779 nimirum
1323 3726 1480 3780 debet
1515 3738 1724 3781 terrena
1760 3742 1860 3795 pax

277 3811 518 3862 construi
547 3824 600 3864 et
631 3815 939 3882 priusquam
967 3818 1035 3872 ab
1061 3819 1140 3872 eis
1173 3821 1345 3874 valeat
1380 3837 1612 3888 superna
1661 3838 1862 3891 cogno-

279 3899 389 3961 sci;
421 3911 477 3955 ut
516 3902 567 3954 hi
597 3905 806 3959 scilicet
829 3922 960 3974 quos
989 3923 1173 3964 contra
1207 3912 1552 3967 dilectionem
1588 3915 1677 3967 Dei
1711 3915 1863 3968 mali-

281 3987 348 4042 tia
392 4006 505 4044 suae
552 3994 842 4064 impietatis
886 4014 1208 4070 exasperat,
1269 4006 1456 4059 saltem
1505 4021 1572 4061 ex
1635 4007 1863 4075 proximi

278 4094 467 4135 amore
516 4100 920 4155 mansuescant;
969 4102 1022 4146 et
1071 4095 1224 4162 quasi
1267 4111 1297 4149 e
1343 4099 1519 4152 vicino
1555 4099 1620 4152 ad
1674 4099 1865 4151 melius

279 4180 581 4242 transeant,
637 4190 692 4233 ut
736 4182 800 4235 ad
851 4185 994 4239 illam
1038 4203 1160 4257 quae
1203 4204 1232 4242 a
1275 4205 1334 4244 se
1366 4191 1520 4259 longe
1549 4201 1650 4255 est,
1684 4207 1864 4259 pacem

277 4263 592 4322 Conditoris
625 4273 935 4330 ascendant.

623 4405 850 4463 CAPUT
887 4409 1050 4465 xxw
1092 4413 1198 4487 [Αι.
1238 4415 1534 4489 XLVIII].

359 4516 634 4578 Quomodo
661 4521 970 4597 admonendi
1009 4532 1160 4580 rudes
1192 4531 1242 4581 in
1274 4532 1509 4585 doctrina
1533 4551 1716 4597 sacra,
1750 4545 1795 4589 et

747 4594 903 4654 docti,
932 4598 1020 4649 sed
1050 4615 1150 4650 non
1176 4599 1415 4656 humiles.

364 4696 681 4758 (-tdmonitio
707 4701 826 4769 25.)
855 4711 878 4740 α
903 4707 1069 4760 Aliter
1094 4709 1412 4766 admonendi
1441 4716 1674 4784 suntqui
1701 4732 1869 4770 sacrte

289 4783 424 4849 legis
453 4789 608 4841 verba
652 4807 755 4845 non
798 4805 940 4850 recte
987 4797 1317 4866 intelligent;
1368 4813 1528 4872 atque
1575 4783 1731 4859 aliter
1779 4807 1869 4875 qui

288 4884 438 4927 recte
465 4879 676 4943 quidem
711 4884 1040 4952 intelligunt,
1076 4890 1168 4942 sed
1201 4891 1315 4944 hmc
1346 4893 1621 4950 humiliter
1651 4914 1756 4949 non
1789 4901 1866 4950 lo-

287 4978 544 5032 quuntur.
571 4972 902 5028 Admonendi
1013 4979 1159 5034 enim
1234 4992 1361 5037 sunt
1420 4987 1506 5052 qui
1539 5002 1708 5040 sat-rae
1739 4988 1869 5058 legis

287 5059 454 5111 verba
505 5075 609 5114 non
658 5074 805 5118 recte
854 5067 1185 5138 intelligunt,
1237 5083 1294 5126 ut
1337 5077 1705 5143 perpendam,
1748 5081 1868 5148 quia

286 5149 701 5206 saluberrimum
752 5155 858 5209 vini
892 5169 1072 5226 potum
1115 5160 1164 5213 in
1211 5163 1398 5217 veneni
1455 5167 1555 5220 sibi
1623 5172 1868 5232 poculum

289 5249 526 5306 vertunt,
559 5259 620 5297 ac
653 5262 745 5312 per
766 5249 1082 5305 medicinale
1105 5252 1300 5308 ferrum
1331 5259 1549 5313 vulnere
1577 5263 1787 5315 mortali
1812 5279 1870 5318 se

291 5330 513 5394 feriunt,
546 5334 669 5387 dum
703 5352 796 5403 per
825 5338 924 5392 hoc
956 5341 1006 5394 in
1033 5357 1092 5397 se
1120 5360 1247 5398 sana
1279 5349 1570 5411 perimunt.
1605 5367 1698 5414 per
1726 5355 1866 5415 quod

362 5450 393 5535 Γ
418 5443 667 5535 (idonei
698 5448 784 5535 alii
813 5464 1248 5535 recentqfontra
1277 5461 1511 5535 damnati
1536 5466 1676 5519 illius
1707 5485 1828 5523 vasa
1851 5514 1864 5535 ,

291 5515 679 5572 reluctantibus
701 5519 826 5601 Mss.
848 5522 998 5602 Trec.
1011 5515 1035 5586 ,⁷
1046 5527 1298 5602 German.
1311 5572 1324 5591 .
1351 5515 1586 5600 Belvac.,
1600 5515 1870 5602 'ét'c.',"itiui

291 5591 996 5670 repugnantensanetissimo
1012 5597 1247 5670 doctore
1263 5643 1276 5664 ,
1305 5603 1396 5670 qui
1431 5591 1867 5665 solet'Anticlii'i4

291 5667 431 5706 stum
589 5660 801 5745 ‘t'liaboli
843 5667 1135 5745 appellare.
1171 5660 1439 5745 Videllib.
1475 5692 1617 5728 xxxtt
1649 5660 1860 5745 Merui;

295 5742 440 5779 ttuut.
472 5724 560 5781 2:3.
589 5726 689 5785 llic
718 5724 892 5788 autem
914 5724 1207 5794 editoribus
1235 5724 1738 5809 placclpc‘c‘ca-tores
1762 5724 1868 5805 Au.-

1971 1899 2258 1968 incongrue
2290 1915 2384 1968 per
2415 1900 2614 1957 Galaad
2650 1906 2884 1962 Ecclesia
2925 1910 3264 1977 exprimitur,
3300 1930 3418 1981 qua:
3458 1929 3553 1970 ore

1965 1999 2284 2044 cunctorum
2320 1991 2575 2060 tidelium,
2604 1994 2672 2049 de
2699 1995 2806 2052 Deo
2832 2013 3054 2069 qumque
3082 2017 3207 2056 vera
3237 2013 3356 2057 sunt
3393 2013 3552 2058 testa-

1967 2087 2072 2133 tur.
2100 2080 2444 2152 Praegnantes
2475 2095 2652 2139 autem
2685 2099 2942 2143 vocantur
2971 2092 3162 2146 animae
3182 2135 3196 2158 ,
3227 2109 3347 2164 qua:
3388 2097 3550 2150 intel-

1965 2168 2160 2225 lectum
2215 2175 2361 2228 verbi
2407 2190 2475 2229 ex
2525 2177 2705 2232 divino
2753 2194 2936 2236 amore
2988 2186 3326 2254 concipiunt,
3386 2189 3430 2240 si
3483 2189 3549 2241 ad

1963 2263 2257 2330 perlectum
2289 2275 2498 2334 tempus
2524 2270 2763 2335 venia'tt,
2790 2285 3106 2343 conceptam
3143 2277 3548 2347 intelligentiam

1960 2355 2137 2419 operis
2181 2356 2487 2410 ostensione
2541 2361 2811 2426 perituras.
2864 2363 3176 2420 Terminum
3218 2383 3346 2423 vero
3397 2384 3550 2422 suum

1961 2441 2208 2508 dilatare,
2238 2454 2323 2500 est
2347 2449 2613 2516 Opinionis
2642 2467 2758 2506 suae
2787 2471 2981 2509 nomen
3010 2460 3322 2514 extendere.
3354 2462 3552 2516 Secuto—

1961 2546 2085 2588 runt
2114 2550 2241 2604 ergo
2275 2550 2610 2609 praegnantes
2640 2543 2841 2599 Galaad
2873 2547 2937 2600 ad
2971 2549 3302 2604 dilatandum
3353 2564 3551 2606 termi-

1961 2637 2087 2677 num
2122 2639 2310 2693 suum;
2340 2632 2459 2697 quia
2491 2633 2741 2688 nimirum
2776 2636 3014 2693 haeretici
3060 2653 3272 2696 mentes
3312 2643 3549 2698 ﬁdelium

1959 2727 2078 2782 quae
2104 2715 2214 2784 jam
2247 2719 2448 2788 aliquid
2481 2722 2550 2777 de
2587 2727 2824 2781 veritatis
2879 2729 3155 2786 intellectu
3198 2750 3553 2805 conceperant

1962 2821 2211 2874 perversa
2264 2813 2648 2876 praedicatione
2699 2819 3011 2887 perimunt,
3058 2833 3112 2876 et
3161 2826 3396 2882 scientia:
3445 2830 3547 2883 sibi

1959 2911 2154 2953 nomen
2201 2905 2519 2962 extendunt.
2566 2907 2918 2966 Parvulorum
2960 2915 3121 2970 corda
3162 2917 3271 2986 jatn
3304 2920 3371 2972 de
3405 2923 3550 2975 verlii

1960 2993 2310 3060 conceptione
2339 2997 2587 3064 gravida,
2620 3001 2725 3069 73
2754 3006 2954 3057 erroris
2985 3006 3162 3074 gladio
3193 3009 3465 3072 scindunt,
3498 3020 3552 3063 et

1960 3084 2109 3147 quasi
2139 3083 2396 3139 doctrinas
2425 3089 2524 3140 sibi
2549 3091 2854 3156 opinionem
2891 3093 3109 3148 faciunt.
3143 3096 3249 3149 llos
3278 3111 3404 3166 ergo
3427 3113 3546 3151 cum

1962 3183 2221 3225 conamur
2244 3173 2503 3229 instruere
2532 3193 2599 3231 ne
2625 3194 2872 3244 perversa
2897 3183 3148 3250 sentiant,
3164 3185 3548 3241 admoneamus

1964 3260 2111 3325 prius
2155 3275 2378 3316 necesse
2424 3274 2540 3329 est,
2580 3282 2648 3320 ne
2689 3269 2900 3323 inanem
2932 3273 3158 3340 gloriam
3195 3286 3461 3343 quaerant.
3492 3279 3551 3332 Si

1964 3348 2107 3401 enim
2155 3349 2305 3403 radix
2333 3351 2582 3408 elationis
2621 3355 2936 3423 absciditur,
2978 3372 3370 3432 consequenter
3415 3369 3549 3422 rami

1965 3453 2141 3507 pravae
2172 3443 2480 3497 assertionis
2509 3447 2758 3504 areliunt.
2804 3450 3145 3507 Admouendi
3189 3464 3317 3508 sunt
3355 3458 3550 3522 etiam,

1969 3543 2036 3583 ne
2068 3545 2286 3585 errores
2317 3533 2719 3606 discordiasque
2746 3543 3086 3609 generando,
3117 3544 3287 3614 legem
3319 3547 3410 3602 Dei
3433 3566 3551 3618 (ιιιω

1967 3625 2169 3680 idcirco
2196 3627 2318 3680 data
2345 3639 2425 3682 est
2455 3640 2509 3682 ut
2539 3633 2800 3686 sacriﬁcia
2834 3633 3047 3690 Satante
3077 3641 3378 3708 prohibeat,
3401 3657 3550 3696 eam-

1965 3716 2085 3772 dem
2115 3718 2284 3786 ipsam
2320 3720 2370 3772 in
2402 3721 2614 3777 Satana:
2647 3727 2967 3782 sacriﬁcium
2999 3739 3234 3784 vertant.
3267 3732 3418 3788 Unde
3452 3749 3548 3802 per

1966 3812 2278 3878 prophetam
2308 3812 2564 3869 Dominus
2595 3819 2858 3886 queritur,
2894 3822 3077 3876 dicens
3104 3839 3117 3875 :
3149 3824 3282 3877 Dedi
3325 3827 3396 3880 eis
3439 3828 3553 3896 frn-

1967 3913 2209 3966 mcntum,
2241 3903 2412 3956 vinum
2438 3915 2485 3957 et
2511 3907 2697 3972 oleum,
2727 3919 2772 3962 et
2802 3923 3074 3979 argentum
3102 3915 3443 3985 multiplicavi
3479 3918 3551 3972 eis

1966 4003 2011 4043 et
2039 4008 2248 4056 aurum,
2275 4011 2389 4062 qua:
2419 3996 2643 4062 fecerunt
2673 3999 2800 4053 Baal
2829 4001 2998 4071 (Oscae
3020 4021 3074 4069 tt,
3110 4006 3188 4073 8).
3208 4007 3550 4063 Frumentum

1969 4087 2162 4153 quippe
2192 4101 2217 4136 a
2253 4086 2475 4140 Domino
2505 4092 2817 4158 accipimus,
2841 4099 3064 4164 quando
3098 4100 3149 4152 in
3176 4100 3335 4155 dictis
3362 4103 3552 4156 obscu-

1970 4175 2201 4227 rioribus
2234 4177 2495 4232 subducto
2526 4184 2755 4250 tegmine
2791 4186 2981 4240 littera!
3009 4205 3101 4256 per
3125 4191 3412 4246 medullam
3442 4197 3552 4261 spi-

1970 4267 2103 4319 ritus
2135 4267 2267 4336 legis
2307 4269 2514 4324 interna
2558 4278 2842 4330 sentimus.
2879 4278 3064 4333 Vinum
3107 4297 3261 4337 suum
3296 4283 3553 4338 Dominus

1971 4360 2122 4412 nobis
2149 4371 2364 4428 pra‘Slal
2387 4407 2401 4428 ,
2431 4379 2552 4416 cum
2583 4365 2871 4434 Scriptura:
2896 4387 3006 4424 suae
3037 4373 3142 4424 alta
3175 4375 3554 4442 praedicatione

1973 4463 2068 4503 nos
2098 4449 2326 4505 debriat.
2359 4453 2544 4507 Oleum
2574 4471 2787 4526 quoque
2811 4473 2965 4514 suum
3001 4464 3155 4517 nobis
3182 4466 3402 4530 tribuit,
3431 4482 3550 4519 cum

1903 4518 1949 4575 ί)
1974 4543 2252 4610 ρτωεεριὶε
2272 4545 2630 4612 apertioribus
2652 4551 2810 4602 vitam
2841 4561 3080 4605 nostram
3111 4555 3302 4608 blanda
3337 4557 3555 4613 lenitate

1974 4630 2229 4698 disponit.
2261 4635 2553 4701 Argentum
2587 4640 2899 4706 multiplicat
2925 4659 3044 4695 cum
3074 4645 3228 4699 nobis
3259 4647 3378 4700 luce
3408 4649 3554 4703 veri-

1977 4723 2100 4774 tatis
2147 4723 2302 4789 plena
2359 4725 2568 4793 eloquia
2615 4729 3000 4786 subministrat.
3037 4736 3179 4788 Auro
3207 4752 3419 4805 quoque
3460 4755 3557 4793 nos

1975 4816 2127 4880 ditat,
2160 4817 2372 4885 quando
2395 4833 2489 4871 cor
2518 4831 2756 4875 nostrum
2797 4824 3069 4880 intellectu
3104 4831 3295 4885 summi
3329 4830 3556 4902 fulgoris

1978 4908 2214 4963 irradiat.
2243 4910 2370 4976 Quae
2417 4923 2605 4966 cuncta
2659 4917 2896 4972 haeretici
2947 4920 3068 4974 Baal
3120 4923 3388 5008 oll‘erupt,
3433 4928 3555 4993 quia

1974 4997 2111 5064 apud
2143 4999 2441 5054 auditorum
2474 5015 2688 5057 suorum
2719 5008 2879 5060 corda
2909 5019 3160 5076 corrupte
3181 4997 3359 5065 omnia
3387 5013 3555 5067 intel-

1975 5089 2186 5158 ligendo
2218 5101 2550 5159 pervertunt.
2579 5093 2641 5148 Et
2670 5096 2737 5150 de
2779 5098 3048 5153 frumento
3079 5101 3206 5168 Dei,
3239 5103 3364 5156 vino
3398 5116 3556 5172 atque

1973 5183 2115 5246 oleo,
2149 5191 2369 5250 argento
2418 5185 2616 5251 pariter
2668 5196 2722 5241 et
2769 5204 2921 5253 auro,
2970 5191 3182 5245 Satanae
3228 5193 3548 5249 sacriﬁcium

1974 5271 2268 5334 immolant,
2293 5274 2414 5342 quia
2444 5276 2506 5328 ad
2537 5290 2772 5331 errorem
2797 5279 3081 5336 discordiae
3105 5284 3259 5337 verba
3294 5285 3437 5352 pacis
3468 5287 3554 5339 iti-

1973 5361 2193 5416 clinant.
2229 5363 2380 5419 Unde
2407 5365 2730 5422 admonendi
2761 5382 2885 5426 sunt
2930 5384 2985 5426 ιιι
3030 5377 3392 5443 perpcttdattt,
3424 5377 3549 5445 quia

1979 5473 2206 5548 tichristi
2233 5491 2357 5548 vasa
2392 5494 2719 5548 nuncupare.

2050 5543 2076 5581 b
2113 5545 2226 5622 Duo
2255 5543 2724 5622 Gemetapri'ot'es,
2754 5554 3082 5622 cogitatione.

2053 5625 2073 5651 ε
2107 5614 2268 5669 Corb.
2292 5627 2344 5670 ct
2373 5614 2558 5673 tertius
2583 5614 2759 5690 Geni"
2788 5614 3074 5696 superna...
3102 5638 3332 5693 terrena;
3351 5626 3550 5697 optime

1970 5701 2264 5758 supernam,
2291 5703 2394 5751 sc.,
2429 5704 2636 5758 pacem.

2045 5755 2069 5792 ά
2097 5756 2260 5811 Laud.
2286 5770 2338 5812 et
2361 5755 2546 5822 Corb..
2573 5763 2731 5818 Aliter
2751 5765 2893 5819 adm.
2919 5768 3205 5821 enimsunt.
