3968 6328
470 351 538 403 95
1668 340 1909 396 SANCTI
1950 338 2275 393 GREGORII
2316 338 2523 393 MAGNI
3657 338 3724 393 96

469 460 590 511 dum
616 470 862 524 perversa
882 464 1057 508 mente
1073 454 1138 507 de
1157 452 1434 521 praeceptis
1458 452 1600 519 pacis
1623 451 1940 505 discordiam
1963 451 2038 503 la-
2068 455 2117 511 Α
2144 450 2353 518 jungas.
2377 468 2442 505 ne
2476 453 2525 505 in
2550 452 2712 506 divini
2736 452 2885 505 verbi
2911 451 3208 505 ministerio
3233 451 3411 504 hostes
3435 458 3553 504 tuos
3575 452 3641 505 ad
3675 464 3725 505 te

469 550 634 606 ciunt.
653 548 794 613 justo
812 546 903 599 Dei
920 546 1162 599 examine
1187 545 1282 611 ipsi
1306 544 1371 596 de
1387 542 1559 597 verbis
1586 544 1704 596 vitae
1719 544 2039 599 moriuntur.

558 641 624 690 At
653 646 834 689 centra
866 634 1180 687 admonendi
1211 642 1332 685 sunt
1354 634 1440 699 qui
1472 640 1615 685 recte
1642 633 1852 700 quidem
1881 634 2040 685 verba

478 728 609 794 legis
644 726 967 791 intelligunt,
1001 730 1089 775 sed
1123 726 1234 774 lIJ‘C
1263 722 1530 775 humiliter
1562 737 1665 773 non
1719 723 2037 789 loquuntur;

475 828 531 867 nt
563 818 614 868 in
642 815 833 868 divinis
860 814 1193 867 sermonibus
1236 815 1379 881 prius
1409 828 1566 879 quam
1603 813 1721 865 aliis
1752 827 1843 865 eos
1868 812 2045 880 profe-

479 915 617 967 rant,
658 906 974 970 semetipsiis
1007 904 1297 971 requirant,
1354 918 1420 954 ne
1452 903 1791 969 insequentes
1821 901 2043 955 aliorum

480 998 635 1057 facta,
682 1009 741 1047 se
782 994 1060 1054 deserant;
1108 1002 1159 1044 et
1209 1006 1329 1044 cum
1383 999 1528 1043 recte
1566 1000 1754 1042 cuncta
1799 991 1865 1044 de
1895 1007 2045 1045 sacra

480 1085 756 1149 Scriptura
789 1084 1046 1145 sentiunt,
1075 1081 1173 1133 hoc
1198 1080 1368 1133 solum
1400 1079 1541 1146 quod
1577 1094 1666 1146 per
1692 1078 1831 1132 illam
1862 1089 2045 1133 contra

477 1175 645 1227 elatos
697 1172 909 1234 dicitur,
958 1188 1060 1223 non
1107 1170 1407 1221 attendant.
1464 1169 1740 1235 Improbus
1768 1168 1963 1234 quippe
1993 1180 2045 1222 et

479 1262 755 1328 imperitus
788 1271 869 1314 est
895 1261 1154 1320 medicus,
1185 1260 1270 1325 qui
1302 1258 1534 1309 alienum
1578 1257 1777 1310 mederi
1822 1257 2045 1325 appetit,

472 1366 524 1407 et
557 1356 669 1421 ipse
698 1355 888 1406 vulnus
920 1352 1055 1420 quod
1087 1355 1281 1419 patitur
1307 1352 1498 1403 nescit.
1545 1352 1643 1418 Qui
1701 1352 1855 1418 igitur
1886 1353 2046 1405 verba

479 1447 569 1499 Dei
603 1447 872 1500 humiliter
922 1460 1023 1496 non
1075 1444 1382 1508 loquuntur,
1436 1442 1674 1508 profecto
1717 1442 2043 1495 admonendi

478 1551 619 1600 sunt,
651 1549 843 1593 utcum
869 1537 1214 1590 medicamina
1235 1536 1388 1604 :egris
1418 1543 1709 1602 apponunt,
1735 1535 1877 1599 prius
1901 1536 2042 1589 virus

477 1645 587 1682 sua:
616 1630 780 1697 pestis
811 1629 1114 1696 inspiciant,
1150 1635 1175 1662 ι
1223 1642 1289 1679 ne
1336 1626 1468 1678 alios
1513 1624 1773 1679 medendo
1801 1626 1899 1692 ipsi
1927 1641 2041 1678 mo-

477 1721 699 1771 riantur.
731 1718 1019 1771 Admoneri
1044 1717 1258 1777 debent,
1290 1714 1697 1768 utciinsiderent
1729 1729 1794 1768 ne
1824 1713 1849 1751 δ
1873 1730 1902 1767 a
1924 1720 2037 1770 vir-

2149 543 2432 610 partii-ipes
2463 544 2743 597 admittas.
2776 545 2954 611 Aquas
2983 558 3110 610 ergo
3140 552 3195 596 et
3226 543 3274 595 in
3308 542 3496 609 plateis
3527 543 3724 599 dividi-

2148 647 2286 693 mus,
2334 642 2388 685 et
2431 642 2603 685 tamen
2632 633 2730 686 soli
2778 632 3130 698 possidemus,
3163 631 3378 698 quando
3402 641 3455 685 et
3477 636 3722 689 exterius

2146 722 2254 775 late
2286 724 2720 789 praedicationem
2752 722 3042 783 fundimus,
3070 735 3121 774 et
3147 732 3323 775 tamen
3358 737 3449 789 per
3475 739 3591 776 eam
3617 724 3719 777 hu-

2148 828 2332 866 manas
2365 814 2547 867 laudes
2574 817 2785 881 assequi
2812 814 3028 867 minime
3058 813 3342 866 amhimus.

2526 925 2751 979 CAPUT
2794 925 2936 978 xxv
2981 923 3086 995 [AL
3121 923 3351 995 XLIX].

2152 1034 2418 1096 Quomodo
2449 1037 2761 1088 admonendi
2788 1037 2873 1102 qui
2920 1037 3131 1105 ofﬁcium
3164 1037 3535 1099 pra'dicationis
3556 1038 3713 1091 nimia

2222 1106 2515 1157 humilitate
2558 1108 2855 1168 detrectant,
2912 1118 2958 1158 et
3000 1109 3087 1171 qui
3121 1109 3367 1175 ργαιεὶρίιὶ
3408 1108 3728 1175 festinatione

2222 1184 2487 1241 occupant.

2223 1266 2543 1322 (Admonitio
2574 1267 2689 1332 26.)
2722 1266 2891 1320 Aliter
2929 1267 3248 1321 admonendi
3301 1277 3425 1320 sunt
3472 1268 3558 1331 qtti
3606 1282 3726 1321 cum

2154 1354 2445 1421 praedicare
2476 1356 2635 1423 digne
2665 1357 2897 1420 valeant,
2928 1373 3034 1425 prie
3083 1358 3247 1411 nimia
3298 1358 3592 1411 humilitate
3622 1360 3731 1412 lor-

2156 1446 2392 1511 midant;
2425 1456 2583 1512 atque
2612 1448 2767 1501 aliter
2789 1448 3114 1502 admonendi
3146 1456 3271 1501 sunt
3300 1465 3434 1516 quos
3465 1464 3493 1501 a
3538 1450 3731 1517 praedi-

2158 1537 2372 1591 catione
2407 1537 2741 1605 imperfectio
2764 1540 2845 1593 vel
2868 1548 2999 1593 tetas
3032 1541 3294 1608 prohibet,
3316 1552 3371 1595 et
3398 1551 3570 1595 tamen
3594 1556 3731 1610 prae-

2157 1626 2401 1694 cipitatio
2432 1628 2678 1694 impellit.
2713 1628 3045 1685 Adtnonendi
3078 1645 3303 1698 namque
3330 1641 3452 1684 sunt
3474 1632 3561 1699 qui
3605 1646 3730 1684 cum

2151 1719 2448 1786 prmdicare
2479 1721 2683 1775 utiliter
2713 1732 2953 1789 possunt,
2977 1723 3326 1776 immoderata
3347 1733 3518 1776 tamen
3554 1725 3729 1777 humi-

480 1816 588 1860 tute
619 1807 767 1871 dicti,
804 1807 1012 1859 dicendi
1041 1807 1295 1872 qualitate
1322 1805 1645 1869 discordem,
1689 1820 1757 1858 ne
1780 1805 2047 1874 loquendo
2079 1802 2125 1861 Β
2153 1810 2299 1863 litate
2331 1812 2628 1879 refugiunt;
2662 1820 2721 1864 ut
2746 1827 2810 1865 ex
2870 1812 3065 1865 minori
3114 1814 3541 1867 consideratione
3581 1812 3731 1866 colli-

475 1900 643 1963 aliud,
672 1909 726 1952 et
755 1898 1084 1951 ostendendo
1114 1898 1252 1949 aliud
1281 1897 1586 1963 prazdicent.
1608 1898 1841 1951 Audiant
1870 1901 2047 1967 itaque

476 1989 613 2056 quod
644 1989 897 2053 scriptum
923 1998 1005 2039 est
1040 2004 1052 2039 :
1086 1986 1145 2039 Si
1177 1988 1287 2055 quis
1336 1988 1580 2051 loquitur,
1625 1989 1769 2054 quasi
1796 2005 2048 2043 sermones

479 2077 574 2130 Dei
604 2076 655 2147 (I
692 2076 832 2129 Petr.
870 2094 940 2140 tv,
975 2078 1084 2145 il).
1115 2076 1213 2142 Qui
1239 2094 1367 2145 ergo
1396 2078 1557 2131 verba
1598 2094 1715 2145 quae
1749 2080 2046 2150 proferunt,

474 2182 539 2219 ex
576 2166 805 2234 propriis
860 2182 962 2218 non
998 2167 1212 2233 habent,
1268 2182 1363 2219 cur
1394 2168 1543 2235 quasi
1575 2166 1641 2219 de
1684 2169 1914 2237 propriis
1963 2180 2046 2225 tu-

478 2257 661 2310 ment?
693 2258 925 2310 Audiant
949 2259 1088 2324 quod
1119 2258 1374 2323 scriptum
1402 2268 1480 2311 est
1516 2274 1528 2310 :
1562 2257 1707 2310 Sicut
1738 2276 1799 2311 ex
1829 2258 1934 2312 Deo
1960 2277 2049 2313 co-

477 2366 588 2402 ram
620 2349 726 2401 Deo
756 2350 805 2400 in
836 2348 1035 2400 Christo
1068 2351 1323 2417 loquimur
1356 2347 1436 2418 (II
1471 2347 1589 2402 Cor.
1615 2364 1671 2412 ιι,
1705 2350 1809 2416 17).
1841 2351 1917 2404 Ex
1943 2352 2049 2405 Deo

476 2441 620 2493 enim
646 2453 825 2491 coram
862 2439 965 2491 Deo
992 2438 1249 2505 loquitur,
1294 2441 1381 2505 qui
1410 2438 1799 2505 pra‘dicationis
1830 2440 2047 2494 verbum

480 2543 534 2584 et
564 2532 681 2598 quia
711 2545 738 2582 a
772 2530 877 2582 Di-o
909 2532 1116 2597 accepit
1160 2530 1428 2599 intelligit,
1479 2540 1532 2583 et
1566 2534 1774 2597 p'acere
1806 2532 2048 2600 perillud

483 2623 594 2676 Deo
625 2638 726 2675 non
760 2622 1061 2674 horninibus
1091 2622 1301 2691 quaerit.
1355 2622 1587 2677 Audiant
1617 2624 1755 2693 quod
1789 2626 2048 2693 scriptum

476 2728 553 2768 εει
579 2731 592 2766 :
624 2715 943 2765 Abominatio
968 2713 1170 2765 Domini
1199 2724 1269 2767 est
1293 2715 1455 2766 omnis
1478 2731 1723 2785 arrogans
1743 2714 1922 2783 (Prov.
1939 2732 2047 2781 χιιι,

487 2803 602 2871 15).
626 2806 827 2868 —Quia
856 2805 1103 2857 videlicet
1132 2804 1253 2857 dum
1284 2805 1333 2856 in
1369 2804 1530 2857 verbo
1557 2804 1648 2858 Dei
1678 2805 1900 2869 gloriam
1934 2821 2051 2864 pro-

478 2903 645 2963 priam
671 2895 880 2964 quierit,
907 2894 994 2964 jus
1047 2896 1224 2948 dantis
1256 2895 1482 2958 invadit;
1513 2912 1741 2963 eumque
1773 2896 1910 2949 laudi
1940 2911 2051 2950 sute

480 2999 801 3056 postponere
835 3004 1164 3057 nequaquam
1187 2988 1391 3052 metuit,
1413 3004 1443 3041 a
1464 3002 1570 3056 quo
1596 2988 1693 3041 hoc
1716 2990 1886 3053 ipsum
1908 2990 2045 3057 quod

478 3084 721 3136 laudatur
760 3087 983 3150 accepit.
1022 3082 1252 3135 Audiant
1275 3081 1414 3150 quod
1465 3083 1801 3147 praedicatori
1836 3097 1927 3150 per
1953 3082 2046 3137 Sa-

478 3183 743 3227 tomonem
774 3174 967 3228 dicitur
1001 3191 1013 3227 :
1047 3171 1170 3226 Bibe
1221 3189 1405 3240 aquam
1456 3174 1515 3224 de
1569 3173 1788 3225 cisterna
1842 3183 1950 3239 tua,
2002 3184 2047 3225 et
2076 3157 2120 3216 Ο

477 3266 669 3332 ﬂuenta
694 3267 829 3335 putei
864 3266 956 3317 tui.
984 3264 1287 3317 Dcriventur
1311 3265 1471 3333 fontes
1502 3265 1574 3317 tui
1600 3274 1765 3335 foras,
1796 3276 1842 3318 et
1873 3266 1925 3318 in
1946 3267 2052 3335 pla-

477 3360 569 3411 teis
598 3374 754 3426 aquas
787 3357 974 3409 divide.
996 3355 1198 3409 Habeto
1219 3373 1306 3409 eas
1329 3358 1489 3422 solus,
1517 3372 1606 3409 nec
1633 3357 1731 3409 sint
1757 3357 1911 3409 alieni
1930 3373 2050 3422 par-

478 3448 653 3516 ticipes
684 3448 752 3499 tiii
782 3446 964 3513 (Prov.
1011 3462 1067 3507 ν,
1120 3445 1229 3515 15).
1282 3452 1485 3511 Aquam
1517 3446 1710 3513 quippe
1735 3445 2050 3512 praedicator

476 3540 543 3592 de
592 3540 819 3591 cisterna
873 3553 967 3590 sua
1022 3537 1172 3601 bibit,
1225 3552 1344 3590 cum
1399 3536 1460 3587 ad
1492 3551 1586 3588 eor
1628 3551 1780 3589 sumn
1813 3535 2046 3601 rediens,

478 3631 625 3699 prius
653 3629 760 3699 74
788 3629 938 3682 audit
965 3628 1078 3695 ipse
1109 3629 1247 3695 quod
1272 3627 1421 3679 dicit.
1458 3627 1595 3679 Bibit
1624 3627 1704 3679 sui
1736 3627 1928 3679 llucnta
1954 3642 2047 3693 pu-

476 3724 566 3785 tei,
592 3724 635 3775 si
664 3724 743 3774 sui
775 3722 1081 3786 irrigatione
1109 3719 1251 3771 verbi
1286 3717 1600 3769 infunditur.
1629 3717 1723 3771 Ubi
1750 3717 1886 3771 bene
1922 3716 2048 3769 sub-

475 3812 749 3883 jungitur:
780 3808 1075 3861 Diriventur
1123 3808 1285 3877 fontes
1332 3807 1405 3858 tui
1462 3808 1620 3877 foras.
1668 3816 1716 3861 et
1771 3810 1821 3859 in
1869 3805 2049 3874 plateis

474 3920 632 3972 aquas
665 3900 833 3953 divide
864 3896 1051 3969 (lbid.,
1086 3895 1198 3963 i8).
1232 3896 1453 3950 Rectum
1483 3897 1679 3965 quippe
1707 3905 1788 3949 est
1836 3906 1894 3950 ut
1935 3900 2049 3965 ipse

475 3994 623 4059 prius
652 3990 817 4053 bibat,
841 3999 896 4041 et
918 3997 1041 4041 tunc
1072 3986 1412 4057 priedicando
1443 3987 1561 4039 aliis
1609 3985 1813 4041 inﬂuat.
1848 3986 2044 4041 Fontes

478 4094 707 4149 namque
738 4078 878 4131 loras
903 4077 1172 4141 derivare,
1198 4085 1279 4131 est
1300 4078 1535 4130 exterius
1578 4076 1697 4129 aliis
1722 4079 1828 4131 vim
1860 4077 2049 4145 praedi-

475 4170 700 4224 ciitionis
724 4166 1024 4222 infundere.
1072 4168 1125 4221 In
1160 4168 1347 4233 plateis
1377 4177 1552 4220 autem
1598 4182 1763 4235 aquas
1791 4168 2047 4233 dividere,

478 4272 560 4318 est
587 4264 638 4317 in
669 4277 856 4332 magna
891 4262 1192 4316 auditorum
1228 4262 1580 4330 amplitudine
1623 4261 1770 4330 juxta
1802 4262 2051 4314 uniuscu-

475 4361 672 4427 jusque
691 4359 999 4424 qualitatem
1025 4357 1202 4409 divina
1226 4357 1435 4424 eloquia
1464 4355 1800 4421 dispensare.
1844 4356 1907 4407 Et
1926 4357 2049 4423 quia

482 4449 794 4518 plerumque
822 4447 995 4500 inanis
1020 4446 1200 4515 gloria:
1228 4447 1495 4514 appetitus
1523 4445 1761 4512 subrepit
1792 4444 1916 4498 dum
1937 4460 2051 4499 ser-

477 4556 565 4595 mo
615 4541 706 4593 Dei
753 4539 818 4593 ad
870 4539 1155 4592 multorum
1213 4538 1452 4613 notitiam
1511 4537 1710 4603 currit,
1771 4546 2044 4604 postquam
2078 4520 2238 4595 Drin-

473 4631 671 4684 dictnm
704 4638 785 4683 est
817 4646 830 4681 :
860 4627 922 4681 In
956 4628 1138 4697 plateis
1167 4644 1324 4697 aquas
1352 4628 1541 4689 divide,
1592 4640 1735 4681 reete
1764 4626 2044 4697 subjungi-

471 4733 553 4776 tur
585 4720 826 4775 :Ilabeto
853 4737 940 4775 eas
986 4722 1149 4787 solus,
1199 4737 1288 4773 nec
1339 4723 1440 4774 sint
1485 4722 1645 4774 alieni
1676 4722 1947 4789 participes
1975 4722 2048 4772 tui

472 4812 683 4881 (lbid.).
728 4811 945 4866 Alienos
976 4810 1170 4879 quippe
1220 4812 1477 4879 malignos
1526 4811 1746 4878 spiritus
1777 4820 1946 4876 vocat,
1979 4810 2046 4863 de

472 4906 669 4969 quibus
696 4918 790 4971 per
816 4900 1134 4968 Proplietain
1168 4903 1348 4955 tentati
1375 4902 1602 4955 hominis
1652 4917 1782 4955 voce
1808 4901 2003 4954 tlicitur
2028 4916 2044 4952 :

469 4994 637 5048 Alieni
660 4993 1044 5045 insurrexerunt
1068 4993 1117 5043 in
1146 5003 1303 5057 me,et
1320 4997 1475 5061 fortes
1496 4993 1799 5061 quaesierunt
1824 4993 2047 5044 animam

469 5102 634 5137 meam
666 5086 783 5153 (Ps.
817 5099 928 5149 LIII,
963 5082 1036 5153 5).
1071 5084 1155 5136 Ait
1178 5098 1342 5153 ergo:
1376 5085 1555 5151 Aquas
1583 5088 1635 5134 et
1664 5079 1715 5134 in
1752 5082 1940 5149 plateis
1965 5082 2044 5135 di-

470 5180 612 5245 vide,
641 5189 694 5231 et
725 5187 898 5230 tamen
926 5177 1070 5230 solus
1103 5176 1259 5228 habe.
1291 5176 1370 5229 Ac
1399 5176 1442 5226 si
1476 5173 1711 5240 apertius
1741 5174 1923 5227 dicat:
1957 5174 2046 5227 Sic

472 5285 694 5325 necesse
723 5279 805 5322 est
833 5278 891 5321 ut
918 5268 1276 5337 praedicationi
1315 5269 1550 5321 exterius
1597 5265 1825 5331 servias,
1858 5278 2045 5336 quate-

472 5376 572 5415 nus
613 5377 706 5428 per
730 5362 1018 5416 elationem
1052 5369 1102 5414 te
1133 5360 1421 5413 immundis
1468 5358 1746 5425 Spiiitibus
1777 5374 1882 5413 non
1918 5376 2047 5414 cpn-

545 5464 570 5492 ⁸
600 5453 758 5509 Trec.
790 5463 843 5508 et
871 5454 959 5505 alii
995 5453 1119 5506 Mss.
1152 5454 1470 5505 unanimiter
1500 5452 1567 5505 ita
1628 5452 1848 5519 habent,
1899 5456 2037 5523 quod

466 5529 790 5582 recentiores
820 5532 1095 5578 mutarunt
1120 5523 1193 5584 in,
1226 5523 1343 5575 aliis
1372 5524 1642 5576 medendo.

535 5596 563 5635 δ
594 5597 788 5649 Eadem
824 5596 1085 5655 libertate,
1143 5592 1338 5658 spretis
1387 5593 1535 5656 Mss.,
1568 5592 1730 5645 Gilot.
1755 5599 1808 5644 et
1837 5591 1925 5645 alii
1960 5610 2043 5647 re-

465 5677 607 5721 cent.
634 5666 849 5727 habent,
884 5682 916 5716 a
945 5663 1128 5714 virtute
1154 5662 1375 5723 dicendi,
1418 5663 1615 5715 vivendi
1656 5664 1901 5730 qualitate
1929 5666 2040 5718 dis-

466 5740 691 5798 iordent.
723 5736 828 5799 vel,
859 5753 891 5789 a
920 5735 1103 5787 virtute
1129 5732 1271 5797 dicti,
1298 5733 1514 5799 vivendi,
1548 5741 1652 5786 etc.

2149 1908 2281 1967 gant
2326 1911 2582 1969 quantum
2638 1902 2688 1954 in
2722 1902 3012 1970 majoribus
3049 1903 3208 1957 rebus
3248 1904 3638 1972 derelinquant.
3671 1903 3732 1959 δί

2150 1995 2289 2044 enim
2323 1990 2682 2059 indigentibus
2712 1994 2968 2061 proximis
2998 1995 3097 2062 ipsi
3120 2010 3253 2065 quas
3280 1995 3538 2049 baberent
3566 2010 3732 2063 pecu-

2154 2080 2270 2132 nias
2301 2080 2717 2147 absconderent,
2755 2094 2775 2120 °
2811 2083 3088 2153 adjutores
3138 2086 3482 2152 proculdubio
3515 2086 3733 2138 calami-

2152 2171 2274 2224 tatis
2292 2174 2645 2227 exstiti>sent.
2668 2176 2781 2241 Quo
2804 2190 2933 2245 ergo
2955 2186 3106 2230 reatu
3136 2178 3570 2245 constringantur
3592 2176 3732 2244 aspi-

2151 2264 2314 2324 ciant,
2342 2264 2430 2330 qui
2453 2264 2578 2318 dum
2609 2266 2952 2333 peccantibus
2990 2267 3237 2319 fratribus
3285 2268 3501 2319 verbum
3533 2266 3732 2334 prtedi-

2152 2356 2380 2409 ciitionis
2427 2356 2763 2420 subtrabunt,
2815 2360 3165 2412 morientibus
3196 2360 3462 2413 mentibus
3496 2360 3617 2413 vitta
3642 2375 3733 2413 re—

2152 2447 2323 2500 media
2371 2447 2730 2503 abscondunt.
2778 2449 2928 2504 Unde
2972 2460 3025 2503 et
3072 2451 3205 2504 bene
3244 2452 3455 2520 quidam
3506 2450 3730 2516 sapiens

2152 2535 2281 2589 dicit
2310 2554 2325 2591 :
2359 2536 2627 2606 Sapientia
2650 2540 2948 2591 abscondita
2976 2550 3020 2592 et
3041 2539 3306 2593 thesaurus
3335 2538 3361 2577 ἀ
3385 2542 3598 2609 invisus,
3623 2560 3736 2611 qua

2154 2627 2351 2679 utilitas
2373 2628 2425 2679 in
2451 2629 2675 2693 utrisque
2707 2627 2895 2699 (Eccli.
2938 2646 3029 2695 xx,
3059 2629 3184 2699 3'2)?
3211 2632 3267 2685 Si
3316 2633 3540 2700 populos
3569 2634 3737 2688 fames

2152 2726 2430 2780 attererel.
2455 2728 2509 2771 et
2539 2719 2743 2772 occulta
2806 2720 3067 2773 frumenta
3119 2721 3215 2787 ipsi
3245 2730 3547 2782 servarent.
3582 2733 3604 2758 ε
3633 2738 3736 2776 au-

2132 2818 2334 2887 ‘ctores
2358 2810 2711 2878 proculdubio
2737 2812 2922 2865 mortis
2939 2814 3251 2866 existerent.
3278 2814 3387 2878 Qua
3416 2814 3594 2882 itaque
3616 2817 3738 2885 ple-

2154 2901 2333 2954 ctendi
2366 2912 2490 2955 sunt
2520 2917 2675 2970 paena
2718 2905 3081 2967 c0nsiderent,
3117 2906 3204 2973 qui
3233 2921 3351 2959 cum
3396 2906 3535 2960 fame
3583 2909 3737 2962 verbi

2154 2991 2346 3043 anima:
2379 3002 2620 3059 pereant,
2654 2993 2751 3058 ipsi
2778 3009 2965 3060 panem
3001 3007 3264 3063 percepta:
3295 2998 3478 3065 gratia:
3507 3012 3609 3051 non
3635 2999 3737 3052 nii-

2156 3086 2405 3136 niSIrant.
2436 3084 2584 3137 Unde
2606 3094 2661 3138 et
2695 3086 2831 3139 bene
2861 3101 2955 3153 per
2983 3087 3325 3141 Salornonem
3369 3091 3561 3144 dicitur
3589 3108 3602 3143 :
3630 3090 3737 3155 Qui

2154 3173 2421 3226 abscondit
2447 3178 2724 3241 frumenta,
2761 3178 3092 3229 maledicetur
3114 3179 3167 3230 in
3206 3178 3408 3247 populis
3434 3179 3611 3248 (Prov.
3655 3197 3735 3241 ιι,

2154 3267 2269 3335 20‘).
2300 3270 2590 3324 Frumenta
2624 3274 2819 3339 quippe
2848 3272 3199 3337 abscondere,
3235 3285 3314 3327 est
3342 3274 3735 3342 praedicationis

2156 3372 2361 3417 sanctae
2387 3364 2525 3433 apud
2559 3379 2621 3418 se
2650 3365 2811 3418 verba
2841 3366 3091 3420 retinere.
3126 3366 3177 3417 In
3210 3368 3421 3435 populis
3452 3377 3625 3421 autem
3654 3378 3736 3419 ta-

2157 3452 2221 3506 lis
2253 3453 2481 3521 quisque
2512 3455 2872 3520 maledicitur,
2905 3458 3025 3524 quia
3057 3458 3107 3509 in
3151 3457 3314 3509 solius
3360 3459 3507 3521 culpa
3538 3459 3735 3512 silentii

2156 3558 2252 3607 pro
2284 3545 2572 3597 multorum
2592 3560 2725 3614 quos
2753 3547 3021 3615 corrigere
3038 3548 3209 3617 potuit
3239 3562 3389 3616 pmna
3426 3550 3730 3602 damnatur.

2154 3634 2211 3687 Si
2245 3635 2583 3689 medicinalis
2616 3638 2748 3691 artis
2779 3639 2999 3693 minime
3023 3641 3189 3707 ignari
3219 3641 3505 3694 secandum
3544 3641 3737 3694 vulnus

2151 3734 2452 3789 cernerent,
2475 3734 2531 3779 et
2550 3734 2726 3780 tamen
2759 3743 2943 3782 secare
2974 3740 3301 3793 recusarent,
3336 3730 3572 3797 profecto
3599 3745 3730 3800 pec-

2154 3828 2331 3870 caturo
2364 3818 2610 3870 fraternas
2630 3818 2820 3872 mortis
2848 3836 2910 3873 ex
2929 3820 3047 3874 solo
3078 3828 3293 3889 torpore
3309 3822 3735 3876 committerent.

2152 3908 2361 3974 Quanta
2418 3924 2546 3978 ergo
2597 3908 2749 3976 culpa
2804 3910 3141 3964 involvantur
3182 3912 3463 3978 aspiciant,
3491 3911 3576 3980 qui
3606 3911 3737 3966 dum

2155 4008 2490 4067 cognoscunt
2530 3999 2749 4053 Vulnera
2802 4001 3084 4064 mentium,
3119 4016 3309 4055 curare
3350 4017 3412 4055 ea
3463 4002 3738 4069 negligunt

2154 4090 2395 4143 sectione
2441 4092 2751 4146 verborum.
2806 4089 2955 4145 Unde
2987 4101 3040 4144 et
3093 4092 3231 4145 bene
3280 4108 3374 4160 per
3422 4093 3739 4161 prophetam

2153 4182 2258 4251 75
2282 4180 2477 4234 dicitur
2505 4198 2519 4235 :
2552 4180 2860 4235 Maledictus
2886 4182 2970 4250 qui
3000 4183 3230 4249 prohibet
3268 4182 3499 4251 gladium
3524 4199 3678 4235 suum
3706 4198 3739 4237 a

2152 4271 2404 4338 sanguine
2436 4271 2570 4340 (Jer.
2598 4288 2781 4335 XLVIII,
2806 4274 2911 4340 l0).
2935 4271 3180 4325 Gladium
3202 4274 3395 4341 quippe
3424 4290 3449 4327 a
3480 4274 3740 4341 sanguine

2155 4360 2465 4429 prohibere,
2490 4373 2575 4418 est
2606 4362 3004 4431 praedicationis
3032 4364 3251 4417 verbum
3284 4380 3313 4417 a
3339 4366 3569 4419 carnalis
3610 4365 3740 4417 vitae

2163 4452 2538 4507 interiectiOne
2568 4454 2819 4507 retinere.
2859 4454 2930 4507 De
2958 4468 3066 4521 quo
3121 4470 3332 4508 rursum
3376 4456 3548 4522 gladio
3601 4454 3741 4508 dici-

2285 4560 2296 4594 :
2346 4541 2412 4595 Et
2453 4545 2655 4615 gladius
2706 4560 2841 4597 meus
2888 4542 2905 4581 ¹
2952 4545 3282 4598 manducabit
3327 4562 3503 4599 carnes
3555 4544 3737 4613 (Deut.

2157 4650 2322 4693 χχιιι.
2358 4635 2473 4696 42).

2229 4729 2292 4783 lli
2327 4730 2502 4799 itaque
2531 4745 2650 4784 cum
2701 4732 2840 4800 apud
2889 4747 2949 4787 se
2980 4747 3282 4787 sermonem
3340 4733 3739 4801 prrdicationis

2157 4820 2452 4885 occultant,
2504 4822 2712 4875 divinas
2766 4832 2951 4875 contra
3001 4838 3060 4877 se
3101 4824 3396 4877 sententias
3426 4824 3739 4879 terribiliter

2156 4910 2403 4973 audiant,
2433 4920 2695 4979 quatenus
2722 4913 2788 4966 ab
2816 4929 3000 4966 eorutn
3026 4916 3279 4968 cordibus
3308 4917 3549 4968 timorem
3576 4915 3740 4971 timor

2153 5005 2412 5072 expellat.
2446 5005 2676 5058 Audiant
2708 5008 2847 5074 quod
2878 5009 3155 5087 ‘talentum
3187 5010 3273 5078 qui
3297 5025 3518 5080 erogare
3542 5012 3735 5074 noluit.

2152 5112 2272 5149 cum
2305 5099 2569 5151 sententia
2600 5098 2955 5154 damnationis
3012 5102 3190 5155 amisit
3233 5101 3448 5173 (Matth.
3491 5104 3737 5170 xxv.‘2i,

2151 5188 2307 5255 seq.).
2340 5187 2573 5241 Audiant
2595 5190 2747 5256 quod
2768 5190 2961 5245 Paulus
2986 5207 3050 5245 eo
3073 5207 3129 5245 se
3158 5208 3185 5244 a
3219 5198 3580 5261 proximorum
3605 5209 3731 5245 san-

2150 5278 2311 5342 guine
2340 5276 2597 5330 mundum
2628 5278 2877 5345 credidit,
2928 5296 3037 5349 quo
3070 5281 3325 5337 leriendis
3356 5300 3537 5338 eorum
3589 5284 3737 5339 vitiis

2150 5381 2254 5418 non
2298 5368 2554 5433 pepercit,
2606 5369 2839 5424 dicens:
2874 5371 3140 5427 Contestor
3182 5390 3268 5427 vos
3322 5376 3572 5430 hodierna
3622 5378 3731 5441 die,

2225 5470 2245 5495 ο
2276 5460 2539 5526 Laudun.,
2571 5474 2824 5519 auctores.

2218 5529 2243 5564 ά
2278 5530 2498 5603 ςιιηιοι.
2534 5533 2755 5600 primus,
2789 5545 2841 5588 et
2871 5536 3073 5603 primus
3103 5540 3264 5603 Aud.,
3294 5541 3644 5597 absconditus.

2224 5610 2245 5670 ς
2270 5601 2476 5655 Cernet.
2506 5613 2558 5656 et
2580 5604 2651 5669 pl.
2685 5601 2892 5670 Norm.,
2918 5615 3198 5660 exactores.

2225 5666 2244 5707 ί
2276 5671 2483 5728 Gemet.
2515 5666 2635 5727 cuiu
2665 5673 2840 5743 primo
2865 5666 3028 5743 Aud.,
3060 5678 3342 5737 devorabit.
