4014 6322
191 320 248 376 97
1043 321 1340 379 REGULIE
1381 319 1808 378 PASTORALIS
1848 317 2079 375 LIBER.
2119 345 2192 359 -
2249 316 2427 373 PARS
2465 314 2740 371 TERTIA.
3468 321 3544 380 9i:

206 456 320 512 qua
352 441 610 492 mundus
635 455 765 493 sum
790 455 823 492 a
844 453 1090 509 sanguine
1120 436 1350 490 omnium
1376 451 1397 491 :
1424 452 1524 489 non
1553 437 1688 488 enim
1717 436 1848 490 sub-
1875 441 1922 498 Α
1952 433 2193 502 profecto
2223 447 2344 488 esse
2369 447 2428 488 se
2453 432 2543 487 Dei
2574 433 2826 503 denegat,
2854 432 2944 503 qui
2974 433 3286 506 iiiquantum
3315 439 3538 506 sufficit,

219 533 408 604 terfugi
461 532 769 601 quominus
811 531 1171 583 annuntiarem
1217 545 1368 583 omne
1419 527 1691 582 consilium
1749 527 1847 579 Dei
1953 527 2229 594 increpare
2252 527 2412 579 vitam
2444 526 2740 580 carnalium
2768 536 3002 580 recusat.

230 629 360 682 vobis
390 627 541 693 (Act.
577 641 680 691 xx,
709 624 807 688 ‘26,
830 623 947 692 27).
983 622 1219 676 Audiam
1268 621 1406 691 quod
1449 634 1581 674 voce
1609 619 1846 687 angelica
2022 620 2093 672 At
2144 627 2333 671 contra
2376 618 2698 672 admonendi
2745 628 2868 671 sunt
2919 633 3054 684 quos
3085 633 3113 671 a
3147 621 3542 687 praedicationis

249 722 475 777 Joannes
509 718 875 783 admonetur,
907 732 1028 770 cum
1057 715 1254 769 dicitur
1285 731 1298 768 ;
1331 715 1431 779 Qui
1460 714 1627 776 audit,
1670 712 1846 765 dicat:

256 813 372 867 Veni
397 812 594 882 (Apoc.
633 824 774 871 xxii,
807 808 922 876 17).
953 807 1019 862 Ut
1043 807 1291 859 nimirum
1326 807 1407 859 cui
1460 818 1518 857 se
1549 818 1650 856 vox
1682 803 1846 856 inter-

245 919 310 960 na
330 902 598 965 insinuat,
634 899 768 953 illuc
790 901 952 953 etiam
987 898 1270 951 clamando
1299 896 1438 949 alios
1474 911 1579 962 quo
1611 895 1727 960 ipse
1761 910 1847 946 ra-

245 997 385 1062 pitur
410 991 624 1054 trahat;
651 1005 724 1043 ne
749 989 966 1042 clausas
986 986 1130 1041 fores
1149 987 1310 1040 etiam
1341 996 1562 1038 vocatus
1587 984 1844 1047 inveniat,

245 1086 290 1138 si
316 1084 529 1137 vocanti
559 1094 764 1135 vacuus
790 1078 1210 1147 appropinquat.
1244 1077 1477 1130 Audiant
1507 1077 1650 1143 quod
1685 1074 1847 1126 Isaias

245 1176 375 1244 quia
405 1189 435 1227 a
481 1172 627 1227 verbi
671 1168 975 1224 ministerio
1027 1169 1214 1230 tacuit,
1260 1167 1562 1219 illustratus
1612 1177 1846 1231 superno

246 1268 475 1329 lumine,
506 1277 701 1333 magna
734 1277 864 1315 voce
893 1260 1223 1329 paenitentiae
1250 1272 1309 1312 se
1338 1258 1452 1326 ipse
1479 1255 1846 1324 reprehendit,

241 1363 478 1416 dicens:
519 1356 612 1410 Va:
641 1355 768 1408 mihi
813 1354 938 1424 quia
983 1354 1120 1406 tacui
1171 1351 1329 1421 (Isai.
1380 1366 1454 1415 Vl,
1504 1348 1582 1416 5).
1618 1348 1850 1402 Audiant

243 1449 388 1519 quod
410 1463 508 1516 per
539 1445 890 1501 Salomonem
922 1443 974 1496 in
1009 1442 1163 1495 illum
1195 1438 1590 1508 praidicaiionis
1620 1437 1845 1490 scientia

250 1538 606 1610 multiplicari
634 1535 989 1606 promittitur,
1023 1532 1112 1601 qui
1162 1532 1213 1585 in
1267 1530 1369 1584 hoc
1400 1529 1540 1598 quod
1571 1530 1677 1595 jam
1707 1529 1848 1580 Ollli-

245 1633 388 1696 nuit,
421 1628 663 1696 torporis
690 1626 822 1680 vitio
849 1640 956 1678 non
988 1631 1221 1677 tenetur.
1253 1621 1342 1674 Ait
1364 1635 1595 1685 namque
1625 1635 1639 1671 :
1666 1619 1850 1670 Anima

241 1738 357 1791 quia
388 1719 668 1782 benedicit,
691 1715 1142 1785 impinguabitur;
1169 1722 1215 1764 et
1237 1710 1326 1779 qui
1343 1711 1582 1775 inebriat,
1599 1709 1705 1778 ipse
1724 1724 1850 1774 quo-

1953 709 2132 764 officio
2159 711 2242 763 vel
2276 711 2628 778 imperfectio,
2674 710 2755 764 vel
2809 721 2939 764 aetas
2971 711 3242 778 prohibet.
3281 723 3334 766 et
3365 725 3539 770 tamen

1955 805 2312 873 praacipitatio
2367 805 2613 873 impellit,
2648 821 2715 858 ne
2746 805 2868 858 dum
2901 806 3030 858 tanti
3073 805 3176 860 sibi
3208 823 3343 862 onus
3373 809 3538 864 officii

1953 896 2380 962 praacipitatione
2407 905 2677 962 arrogant,
2707 897 2845 948 viam
2873 897 2972 950 sibi
3005 898 3384 966 subsequentis
3428 918 3542 954 nie-

1954 988 2255 1042 liorationis
2281 989 2590 1052 abscidam;
2620 998 2674 1041 et
2702 1004 2823 1042 cuin
2870 991 3137 1056 arripiunt
3168 991 3541 1062 intempestive

1955 1080 2099 1145 quod
2134 1095 2240 1133 non
2266 1081 2467 1144 valent,
2503 1080 2726 1144 perdant
2759 1080 2918 1134 etiam
2949 1083 3088 1148 quod
3122 1083 3343 1150 implere
3373 1100 3541 1151 quau-

1950 1169 2127 1239 doque
2157 1170 2474 1236 tempestive
2521 1170 2850 1239 potuissent;
2904 1180 3062 1240 atque
3089 1175 3388 1236 scientiam,
3416 1175 3539 1244 quia

1953 1264 2247 1329 incongrue
2299 1273 2581 1316 conantur.
2617 1263 2937 1325 ostendere,
2987 1264 3132 1330 juste
3185 1268 3538 1320 ostendantur

1952 1357 2216 1409 amisisse.
2247 1354 2587 1408 Admonendi
2637 1366 2760 1408 sunt
2791 1364 2847 1408 ut
2871 1359 3216 1410 considerent
3241 1358 3381 1425 quod
3409 1359 3536 1426 pulli

1951 1449 2128 1500 avium
2177 1447 2219 1500 si
2253 1459 2376 1500 ante
2429 1461 2722 1515 pennarum
2753 1448 3138 1514 peifectionem
3173 1454 3353 1504 volare
3375 1466 3540 1520 appe-

1954 1551 2090 1604 tant,
2124 1542 2264 1594 unde
2290 1542 2365 1618 ire
2399 1543 2449 1593 in
2480 1542 2583 1594 alta
2607 1541 2853 1608 cupiunt,
2888 1543 3009 1596 inde
3056 1545 3106 1597 in
3154 1544 3256 1598 ima
3287 1562 3537 1614 mergun-

1952 1643 2055 1686 tur.
2083 1633 2420 1686 Admonendi
2446 1641 2570 1686 sunt
2591 1644 2647 1686 ut
2677 1636 3017 1689 considerent
3048 1640 3211 1702 quod,
3243 1642 3530 1694 structuris

1956 1725 2260 1778 recentibus
2309 1736 2538 1778 necuum
2596 1725 2857 1788 solidatis,
2896 1733 2919 1762 ο
2951 1729 2993 1779 si
3031 1729 3292 1796 tignorum
3329 1728 3537 1796 poiidus

241 1809 695 1876 queinebriabitur
717 1805 904 1876 (Prov.
931 1819 1004 1868 xi,
1027 1802 1140 1870 25).
1160 1802 1258 1867 Qui
1294 1803 1436 1856 enim
1461 1803 1699 1854 exterius
1717 1815 1843 1867 prae-

1957 1817 2359 1885 superponitur,
2392 1830 2496 1869 non
2522 1815 2906 1882 habitaculum,
2931 1819 3025 1872 sed
3056 1819 3206 1872 ruina
3225 1819 3531 1874 fabricatur.

245 1903 482 1958 dicando
512 1899 807 1964 benedicit,
848 1897 1120 1951 interioris
1167 1904 1441 1964 augmenti
1472 1894 1846 1962 pinguedinem

243 1995 475 2062 recipit;
507 2001 562 2045 et
599 1999 624 2027 ³
657 1990 782 2043 dum
835 1990 958 2041 vino
1005 1987 1199 2054 eloquii
1254 1984 1561 2038 auditorum
1613 1993 1846 2036 mentem

247 2086 503 2141 debriare
531 2097 642 2136 non
673 2079 892 2142 desinit,
923 2087 1051 2146 potu
1091 2075 1437 2144 multiplicati
1480 2073 1718 2128 muneris
1748 2072 1845 2127 de-

244 2177 456 2230 briatus
499 2170 786 2228 excrescit.
839 2167 1076 2221 Audiaiit
1111 2164 1254 2234 quod
1296 2162 1459 2216 David
1509 2163 1610 2215 hoc
1639 2162 1748 2215 Deo
1794 2161 1845 2214 in

242 2284 474 2323 munere
518 2265 736 2328 obtulit,
781 2261 921 2331 quod
975 2258 1373 2329 praedicationis
1421 2257 1646 2326 gratiam
1684 2271 1842 2325 quam

245 2367 540 2426 acceperat
588 2371 693 2409 non
750 2351 1054 2414 abscondit,
1101 2350 1286 2404 dicens
1321 2366 1334 2400 :
1369 2348 1503 2402 Ecce
1548 2347 1847 2407 labia,mea

249 2467 357 2504 non
384 2447 677 2515 prohibebo.
716 2444 954 2506 Domine,
985 2453 1038 2494 tu
1081 2442 1393 2509 cegnovtsti;
1412 2439 1673 2510 justitiam
1705 2448 1846 2490 tuam

244 2559 350 2595 non
377 2538 622 2592 abscondi
649 2541 701 2589 in
740 2536 894 2588 corde
924 2548 1056 2596 meo,
1087 2532 1352 2585 veritatem
1383 2541 1523 2582 tuam
1549 2539 1594 2582 et
1621 2531 1846 2582 salutare

244 2644 394 2684 suum
426 2629 536 2682 dixi
567 2626 687 2697 (Ps.
723 2639 906 2686 xxxix,
944 2623 1028 2684 lt),
1079 2605 1188 2688 ibi).
1221 2621 1457 2674 Audiant
1500 2620 1638 2688 quod
1663 2618 1842 2687 sponsi

242 2720 513 2787 colloquio
540 2718 606 2770 ad
637 2729 891 2784 sponsam
916 2714 1113 2768 dicitur
1138 2729 1151 2766 :
1189 2712 1318 2778 Qute
1344 2710 1549 2764 habitas
1582 2713 1632 2763 in
1661 2711 1841 2776 hortis,

241 2813 393 2865 amici
442 2810 775 2870 auscultant;
825 2809 911 2876 [ac
962 2820 1042 2856 me
1085 2804 1266 2856 audire
1295 2819 1466 2856 vocem
1497 2815 1636 2855 tuam
1668 2803 1840 2871 (Cant.

241 2919 359 2970 viis,
395 2905 510 2972 15).
549 2903 790 2955 Ecclesia
832 2899 1029 2968 quippe
1061 2899 1110 2951 in
1145 2897 1315 2950 hortis
1348 2896 1574 2960 habitat,
1631 2912 1746 2964 quae
1774 2897 1841 2951 ad

243 2999 571 3052 viriditatem
625 2995 864 3048 intimam
897 2992 1106 3046 exculta
1137 2992 1399 3060 plantaria
1430 2993 1686 3044 virtutum
1720 3007 1840 3045 ser-

247 3101 353 3144 vat.
406 3091 578 3156 Cujus
629 3101 819 3140 vocem
873 3084 1078 3138 amicos
1119 3082 1441 3147 auscultare,
1497 3092 1576 3135 est
1637 3084 1839 3135 electos

1956 1907 2298 1963 Admoneudi
2329 1914 2456 1961 sunt
2504 1916 2564 1960 ut
2589 1908 2930 1962 considerent
2960 1909 3102 1978 quod
3132 1923 3421 1978 conceptas
3450 1925 3537 1964 so-

1952 1999 2108 2054 boles
2162 1999 2377 2053 femina:
2406 1999 2449 2052 si
2484 2005 2793 2069 priusquam
2849 2001 3007 2070 plene
3037 2002 3334 2057 formentur
3362 2003 3536 2071 profe-

1951 2100 2098 2152 runt,
2134 2105 2469 2158 nequaquam
2492 2091 2704 2154 domos,
2735 2091 2826 2146 sed
2863 2093 3094 2148 tumulos
3125 2095 3350 2160 replent.
3404 2093 3536 2150 Ilinc

1951 2195 2033 2235 est
2063 2188 2207 2236 enim
2238 2181 2378 2250 quod
2409 2183 2521 2249 ipsa
2557 2181 2789 2246 Veritas,
2821 2199 2940 2251 quai
2972 2196 3194 2253 repente
3216 2199 3352 2252 quos
3374 2185 3535 2240 vellet

1952 2271 2209 2326 roborare
2241 2273 2521 2338 potuisset,
2549 2283 2606 2326 ut
2632 2274 2943 2339 exemplum
2986 2275 3333 2341 sequentibus
3361 2274 3536 2342 daret,

1960 2377 2025 2414 ne
2083 2362 2380 2431 imperfecti
2438 2364 2733 2431 praedicare
2788 2376 3196 2431 pra:sumerent,
3255 2375 3535 2433 postquam

1953 2454 2111 2521 plene
2139 2453 2435 2519 discipulos
2463 2463 2484 2491 ε
2514 2454 2582 2508 de
2613 2455 2806 2507 virtute
2830 2455 3224 2522 prwdicaliouis
3265 2457 3534 2517 instruxit,

1950 2543 2093 2597 illico
2123 2543 2398 2613 adjtinxit:
2426 2543 2526 2598 Vos
2544 2557 2715 2597 autem
2739 2546 2904 2598 sedete
2926 2547 2978 2597 in
2994 2547 3196 2598 civitate
3209 2547 3538 2615 quoadusque

1947 2635 2237 2687 induamini
2265 2635 2452 2688 uirtute
2480 2651 2545 2688 ea:
2571 2634 2678 2688 alto
2705 2634 2860 2704 (Luc.
2892 2651 3036 2700 xxiv,
3079 2637 3192 2706 49).
3223 2636 3277 2689 In
3320 2645 3536 2691 civitate

1927 2719 1932 2725 ’
1957 2726 2154 2794 quippe
2181 2726 2550 2792 considemus,
2579 2727 2622 2779 si
2656 2728 2790 2778 intra
2825 2727 3081 2780 mentium
3114 2739 3411 2780 nostrarum
3437 2741 3536 2780 nos

1947 2820 2176 2873 claustra
2207 2818 2650 2888 constringimus,
2681 2834 2746 2874 ne
2780 2822 3042 2888 l0queiido
3074 2824 3308 2876 exterius
3339 2838 3530 2892 evage-

1947 2928 2100 2975 mur;
2133 2920 2192 2966 ut
2219 2927 2339 2966 cum
2371 2915 2568 2967 virtute
2608 2913 2786 2967 divina
2822 2915 3053 2980 perfecte
3086 2917 3373 2975 induimur,
3405 2922 3532 2968 tunc

1947 3007 2104 3072 quasi
2137 3022 2164 3058 a
2197 3006 2601 3074 nobismetipsis
2629 3007 2768 3058 foras
2823 3005 2978 3058 etiam
3029 3007 3164 3058 alios
3213 3007 3534 3058 instruentes

1947 3112 2230 3152 exeamus.
2283 3098 2423 3151 Hinc
2472 3111 2570 3166 per
2616 3098 2900 3163 quemdam
2961 3100 3255 3166 sapientem
3291 3097 3530 3150 dicitur:

249 3197 496 3252 quosque
554 3180 774 3233 verbum
834 3176 1224 3246 prmdicationis
1272 3175 1414 3227 illius
1467 3172 1778 3227 desiderare
1821 3190 1836 3226 :

1950 3190 2256 3243 Adolescens
2284 3191 2489 3257 loquere
2519 3191 2569 3241 in
2602 3206 2756 3242 causa
2789 3199 2873 3241 tua
2905 3190 3017 3253 vix;
3071 3199 3115 3240 et
3143 3190 3186 3239 si
3213 3189 3287 3241 bis
3316 3190 3533 3242 interro-

239 3289 407 3345 quam
441 3272 695 3325 videlicet
721 3285 910 3324 vocem
941 3282 1174 3336 sponsus
1197 3267 1380 3320 audire
1400 3266 1690 3328 desiderat,
1715 3265 1837 3332 quia

240 3367 306 3420 ad
338 3364 781 3434 prmdicationem
799 3363 916 3432 ejus
946 3378 1041 3432 per
1063 3362 1359 3415 electorum
1384 3374 1605 3413 suorum
1632 3359 1837 3410 animas

239 3459 477 3514 anhelat.
497 3455 731 3510 Audiam
753 3455 891 3523 quod
925 3455 1133 3523 Moyses
1161 3469 1280 3506 cum
1309 3453 1632 3506 irascentem
1668 3449 1834 3504 Deum

247 3551 450 3619 pepuio
477 3555 748 3608 cerneret,
781 3556 835 3600 et
878 3547 1076 3599 assumi
1136 3545 1202 3597 ad
1257 3541 1622 3596 ulciscendum
1663 3539 1840 3610 gladio

242 3643 495 3711 juberet;
529 3639 649 3692 illos
703 3654 732 3691 a
777 3648 931 3706 parte
971 3637 1062 3690 Dei
1087 3635 1421 3692 denuntiavit
1461 3635 1714 3693 existere.
1747 3634 1837 3700 qui

250 3730 679 3798 delinquentium
709 3730 918 3783 scelera
949 3730 1320 3782 incunctanter
1344 3727 1589 3790 ferirent,
1616 3723 1834 3778 dicens:

242 3823 303 3879 Si
331 3824 449 3890 quis
475 3820 682 3874 Domini
724 3831 820 3880 est.
845 3821 1099 3890 jungatur
1129 3819 1288 3884 mihi;
1320 3827 1476 3887 ponat
1508 3818 1583 3869 vir
1613 3818 1841 3887 gladium

242 3913 585 3980 reperiemur
613 3927 765 3964 suum
790 3927 808 3964 :
840 3913 907 3964 ite
937 3921 983 3964 et
1011 3911 1172 3964 redite
1193 3913 1256 3961 de
1282 3921 1428 3978 porta
1450 3925 1606 3974 usque
1635 3909 1701 3960 ad
1723 3925 1844 3976 por-

241 4017 346 4056 tam
369 4019 462 4071 per
478 4004 705 4056 medium
732 4013 1038 4066 castrorum,
1064 4012 1110 4055 et
1139 4002 1338 4054 occidat
1365 4002 1714 4069 unusquisque
1736 4002 1845 4070 fra-

241 4104 396 4155 trem,
431 4102 479 4145 et
509 4093 756 4156 amicum,
790 4101 836 4146 et
880 4095 1172 4160 proximum
1217 4108 1368 4144 suum
1421 4091 1618 4159 (Exod.
1674 4107 1842 4154 xxxii,

246 4184 370 4252 27).
404 4183 654 4238 Gladium
680 4184 876 4252 quippe
902 4198 1064 4250 super
1092 4181 1267 4236 femur
1290 4198 1511 4250 ponere,
1540 4193 1618 4234 est
1654 4183 1845 4250 praedi-

245 4275 478 4329 cationis
544 4274 780 4326 studium
825 4273 1186 4341 voluptatibus
1236 4275 1412 4326 carnis
1443 4271 1746 4335 anteferre;
1792 4279 1846 4323 ut

254 4381 380 4420 cum
411 4376 598 4418 sancta
621 4367 742 4433 quis
772 4364 952 4418 studet
973 4365 1176 4428 dicere,
1209 4373 1363 4418 curet
1391 4378 1609 4417 necessn-
1640 4372 1722 4416 est
1744 4363 1844 4416 illi—

250 4467 392 4519 citas
413 4464 789 4533 suggestiones
820 4463 1096 4518 edomare.
1133 4464 1208 4518 De
1239 4473 1390 4531 porta
1424 4477 1553 4515 vero
1583 4477 1751 4531 usque
1780 4461 1845 4513 ad

1948 3292 2098 3350 gaius
2129 3283 2313 3348 fueris,
2331 3281 2514 3332 habent
2539 3281 2743 3332 initium
2765 3282 3026 3348 responsio
3043 3290 3128 3332 tua
3147 3279 3336 3349 (Eccli.
3364 3294 3530 3344 xxxtl,

1949 3372 2066 3439 10).
2101 3372 2239 3425 llinc
2269 3381 2350 3425 est
2377 3372 2516 3440 quod
2562 3369 2702 3424 idem
2756 3370 3077 3434 liedeuipter
3106 3381 3308 3435 noster,
3335 3385 3455 3424 cum
3478 3371 3533 3427 in

1949 3464 2100 3517 (GENS
2122 3467 2193 3516 sit
2222 3463 2488 3527 conditor,
2515 3471 2567 3516 et
2585 3463 2893 3515 ostensione
2917 3476 3027 3514 suae
3053 3463 3302 3528 potentia:
3323 3477 3532 3529 semper

1949 3553 2138 3605 doctor
2168 3552 2499 3620 angelorum,
2533 3565 2656 3605 ante
2706 3551 2995 3604 triceniiale
3029 3560 3236 3618 tempus
3290 3553 3340 3604 in
3392 3560 3531 3605 terra

1945 3650 2196 3710 magister
2226 3642 2395 3694 noluit
2423 3642 2536 3696 fieri
2571 3641 2877 3703 hominum;
2913 3650 2969 3693 tit
3001 3641 3244 3695 videlicet
3288 3640 3533 3708 principi-

1947 3733 2069 3784 tatis
2097 3732 2202 3784 vim
2252 3730 2594 3785 saluberrimi
2661 3731 2865 3783 timoris
2905 3730 3230 3794 infunderet,
3264 3746 3384 3784 cum
3419 3731 3532 3798 ipse

1948 3823 2233 3890 etiam,qui
2264 3822 2372 3876 labi
2401 3837 2503 3875 non
2532 3831 2737 3890 posset,
2771 3823 3020 3890 perfectae
3042 3824 3162 3876 vitae
3184 3825 3407 3892 gratiam
3426 3841 3531 3878 non

1949 3916 2050 3969 nisi
2088 3917 2321 3983 perlecta
2347 3924 2506 3968 aetate
2534 3915 2869 3981 pra-dicazet.
2905 3916 3170 3983 Scriptum
3192 3916 3388 3984 quippe
3411 3926 3489 3969 est
3517 3933 3529 3968 :

1946 4003 2075 4060 Cum
2119 4005 2287 4073 [actus
2343 4013 2469 4058 esset
2524 4021 2778 4058 annorum
2809 4005 3103 4070 duodecim,
3135 4008 3376 4060 remansit
3405 4024 3531 4076 puer

1947 4095 2096 4148 Jesus
2125 4111 2176 4146 in
2199 4093 2486 4148 Jerusalem
2517 4095 2667 4164 (Luc.
2704 4109 2761 4158 ii,
2793 4095 2909 4158 42).
2947 4096 3021 4149 De
3042 4112 3147 4166 quo
3168 4113 3196 4150 a
3229 4099 3532 4164 parentibus

1949 4190 2228 4256 requisita,
2281 4190 2437 4258 paulo
2470 4202 2588 4259 post
2633 4192 2877 4245 subditur
2908 4209 2921 4244 :
2968 4191 3274 4246 Invenerunt
3303 4195 3448 4247 illum
3479 4197 3532 4248 in

1950 4281 2137 4348 templo
2169 4283 2418 4334 sedentem
2448 4284 2498 4334 in
2530 4283 2697 4334 medio
2744 4283 3030 4346 doctorum,
3077 4285 3364 4337 audientem
3415 4285 3532 4339 illos

1952 4379 1999 4422 et
2027 4371 2427 4442 interrogantem
2457 4371 2651 4440 (Ibid,
2675 4373 2792 4442 46).
2822 4373 3062 4441 Vigilaiiti
3087 4376 3260 4444 itaque
3287 4378 3533 4430 conside-

1953 4463 2167 4516 ratione
2215 4464 2543 4529 pensandum
2594 4473 2696 4528 est,
2749 4466 2888 4534 quod
2924 4482 3042 4520 cuiu
3084 4468 3236 4521 Jesus
3267 4483 3528 4522 annorum

251 4576 460 4633 portam
496 4566 594 4626 ire,
624 4571 708 4618 est
738 4577 767 4616 a
794 4563 926 4616 vitio
957 4577 1128 4631 usque
1155 4562 1220 4616 ad
1254 4563 1462 4625 vitium,
1493 4578 1586 4630 per
1613 4562 1752 4631 quod
1776 4561 1840 4614 ad
1874 4564 1923 4623 ι)
1953 4555 2232 4608 duodecim
2285 4555 2479 4610 dicitur
2531 4557 2583 4608 in
2636 4557 2810 4611 medio
2856 4558 3132 4612 doetoruin
3176 4560 3389 4625 sedens,
3422 4579 3526 4615 non

259 4673 498 4718 iacntem
523 4678 668 4716 mors
695 4662 1014 4731 ingreditur,
1042 4662 1366 4728 increpando
1389 4661 1721 4715 discurrere.
1743 4661 1845 4716 Per

252 4763 492 4816 medium
520 4776 648 4816 vero
677 4773 975 4815 castrorum
1011 4761 1259 4828 transire,
1318 4771 1402 4815 est
1445 4772 1588 4814 tanta
1621 4762 1841 4830 :equali-

248 4871 363 4914 tate
393 4860 528 4914 intra
578 4860 875 4914 Eeclesiani
927 4861 1129 4924 vivere,
1176 4870 1233 4912 ut
1286 4860 1372 4926 qui
1411 4859 1839 4927 delinquentium

251 4965 442 5033 culpas
472 4963 769 5033 redarguit,
805 4964 855 5016 in
881 4964 1075 5017 nullius
1106 4978 1164 5017 se
1191 4963 1384 5016 debeat
1416 4963 1651 5016 favorem
1682 4963 1846 5017 decli-

248 5079 403 5117 nare.
461 5063 613 5118 Unde
660 5072 718 5116 et
772 5073 916 5117 recte
965 5063 1299 5132 subiungitur
1332 5081 1344 5113 2
1383 5063 1596 5116 Occidui
1629 5067 1705 5117 vir
1736 5065 1845 5133 fra—

246 5181 408 5229 trem,
443 5175 490 5217 et
513 5166 758 5230 amicum,
788 5174 834 5217 et
860 5165 1146 5234 proximum
1171 5182 1340 5217 suum.
1376 5165 1611 5218 Fiatreiii
1641 5167 1845 5218 scilicet

249 5279 302 5320 et
323 5267 560 5320 amicum
596 5276 652 5321 et
685 5268 984 5334 proximum
1012 5265 1284 5328 interficit,
1317 5266 1551 5334 quicum
1580 5265 1843 5334 punienda

249 5369 480 5428 invenit,
505 5365 573 5418 ab
606 5363 994 5434 increpationis
1015 5365 1124 5434 76
1153 5364 1332 5434 gladio
1364 5380 1461 5420 nec
1491 5380 1568 5420 eis
1591 5381 1722 5434 quos
1751 5381 1845 5434 per

253 5468 634 5539 cognationem
663 5467 838 5538 diligit
869 5467 1058 5536 parcit.
1092 5466 1149 5521 Si
1196 5482 1324 5536 ergo
1379 5467 1465 5521 ille
1501 5467 1592 5520 Dei
1645 5468 1842 5520 dicitur

250 5571 342 5641 qui
389 5570 454 5623 ad
509 5569 753 5624 ferienda
799 5569 926 5621 vitia
975 5567 1091 5622 zelo
1122 5567 1284 5621 divini
1316 5574 1515 5620 amoris
1557 5567 1840 5628 excitatur,

320 5715 343 5741 ι
371 5703 529 5757 Corb.
566 5712 621 5756 et
640 5702 730 5754 alii
760 5717 788 5754 a
824 5699 985 5756 Guss.
1013 5701 1134 5767 visi,
1164 5700 1284 5752 dum
1313 5698 1483 5754 divino
1507 5698 1728 5767 eloquio.

318 5781 340 5812 ι·
377 5773 560 5839 Corb.,
592 5775 634 5824 si
656 5772 930 5840 lignorum.

1949 4651 2174 4713 dtht‘IIS,
2207 4651 2299 4704 sed
2335 4651 2667 4720 inteurogans
2700 4653 2990 4705 invenitur.
3016 4652 3132 4717 Quo
3155 4653 3400 4717 exemplo
3429 4652 3527 4704 sci-

1954 4742 2078 4794 licet
2105 4740 2408 4793 ostciiditur
2459 4756 2525 4794 ne
2555 4744 2795 4793 inuruiiis
2840 4742 2924 4794 dot
2943 4757 3035 4794 ere
3063 4739 3182 4808 quis
3229 4740 3438 4804 audeat,
3485 4740 3530 4793 si

1950 4833 2035 4886 ille
2071 4848 2198 4900 puer
2226 4832 2405 4886 doceri
2430 4832 2810 4900 interrogando
2840 4833 3025 4895 voluit,
3061 4831 3150 4900 qui
3199 4846 3290 4899 per
3337 4831 3530 4885 divini-

1957 4923 2078 4976 tatis
2104 4922 2394 4991 potentiam
2420 4923 2639 4975 verbum
2665 4921 2900 4977 scientiae
2929 4922 3058 4989 ipsis
3084 4926 3192 4975 suis
3223 4924 3532 4974 doctoribus

1963 5017 2300 5070 ministravit.
2325 5016 2458 5070 Cum
2489 5032 2618 5070 vero
2647 5031 2739 5085 per
2771 5016 2989 5068 Paulum
3023 5015 3281 5082 tiisCiptliO
3306 5015 3529 5067 dicitur;

1955 5108 2188 5176 Prtecipe
2215 5109 2321 5160 tunc
2350 5117 2394 5160 et
2424 5109 2549 5161 doce
2575 5123 2593 5161 .'
2625 5124 2772 5162 nemo
2811 5107 3203 5160 adolescentiam
3235 5118 3375 5157 tuam
3404 5121 3531 5156 con-

1953 5210 2142 5253 temnat
2167 5198 2219 5270 (1
2253 5199 2384 5252 Tim.
2415 5217 2484 5263 iv,
2520 5199 2643 5268 ii);
2676 5201 2950 5254 δεῖνιιάυιιι
2990 5200 3144 5253 nobis
3189 5212 3269 5251 est
3311 5199 3432 5267 quia
3478 5199 3530 5252 iii

1957 5306 2112 5345 sacro
2134 5293 2346 5358 eloquio
2375 5291 2663 5354 aliquando
2695 5289 3053 5343 adolescentia
3099 5291 3345 5356 juventus
3376 5303 3530 5342 voca.

1955 5391 2061 5436 tur.
2095 5383 2243 5446 Quod
2276 5383 2433 5434 t'illllS
2461 5382 2838 5444 osteiidittir,si
2873 5380 3174 5435 Salomonis
3198 5381 3264 5432 ad
3297 5379 3528 5433 medium

1950 5475 2108 5526 verba
2143 5473 2500 5540 proferantur,
2533 5474 2619 5541 qui
2665 5475 2737 5524 ait
2770 5489 2782 5524 :
2813 5471 3012 5525 [κακαῖς
3054 5472 3258 5542 juvenis
3305 5470 3356 5522 in
3403 5481 3530 5521 atto-

1950 5566 2186 5621 lescentia
2213 5576 2300 5618 tua
2329 5563 2527 5635 (Eccle.
2569 5579 2643 5629 xi,
2677 5564 2758 5633 9).
2806 5565 2862 5620 Si
2899 5565 3039 5618 enim
3097 5576 3319 5633 utraque
3366 5579 3529 5616 unum

2022 5708 2045 5737 ⁸
2079 5700 2270 5767 Lautl.,
2303 5701 2367 5756 de
2388 5703 2588 5755 virtutis
2609 5700 2990 5769 purificatione.
