  <div class='ocr_page' id='page_1' title='image "/cluster/home/n/w/nwhite01/storage/ocr_20150623/77/uva.x000827089/057.png"; bbox 0 0 3968 6342; ppageno 0'>
   <div class='ocr_carea' id='block_1_1' title="bbox 473 345 3747 422">
    <p class='ocr_par' dir='ltr' id='par_1_1' title="bbox 473 345 3747 422">
     <span class='ocr_line' id='line_1_1' title="bbox 473 345 3747 422; baseline -0.004 -8"><span class='ocrx_word' id='word_1_1' title='bbox 473 365 540 422; x_wconf 84' lang='lat'><strong>99</strong></span> <span class='ocrx_word' id='word_1_2' title='bbox 1680 351 1922 409; x_wconf 77' lang='lat' dir='ltr'><strong>SANCTI</strong></span> <span class='ocrx_word' id='word_1_3' title='bbox 1966 347 2294 404; x_wconf 78' lang='lat' dir='ltr'><strong>GREGORII</strong></span> <span class='ocrx_word' id='word_1_4' title='bbox 2336 349 2546 404; x_wconf 70' lang='lat' dir='ltr'><strong>MAGNI</strong></span> <span class='ocrx_word' id='word_1_5' title='bbox 3655 345 3747 402; x_wconf 73' lang='lat'><strong>100</strong></span> 
     </span>
    </p>
   </div>
   <div class='ocr_carea' id='block_1_2' title="bbox 476 460 3751 543">
    <p class='ocr_par' dir='ltr' id='par_1_2' title="bbox 476 460 3751 543">
     <span class='ocr_line' id='line_1_2' title="bbox 476 460 3751 543; baseline -0.005 -9"><span class='ocrx_word' id='word_1_6' title='bbox 476 493 598 534; x_wconf 80' lang='lat' dir='ltr'><strong>esse</strong></span> <span class='ocrx_word' id='word_1_7' title='bbox 620 490 725 532; x_wconf 91' lang='lat' dir='ltr'><strong>non</strong></span> <span class='ocrx_word' id='word_1_8' title='bbox 757 475 1091 538; x_wconf 74' lang='lat' dir='ltr'><strong>decerneret,</strong></span> <span class='ocrx_word' id='word_1_9' title='bbox 1125 485 1283 543; x_wconf 86' lang='lat' dir='ltr'><strong>quem</strong></span> <span class='ocrx_word' id='word_1_10' title='bbox 1314 469 1566 526; x_wconf 87' lang='lat' dir='ltr'><strong>monebat</strong></span> <span class='ocrx_word' id='word_1_11' title='bbox 1596 471 1648 523; x_wconf 88' lang='lat' dir='ltr'><strong>in</strong></span> <span class='ocrx_word' id='word_1_12' title='bbox 1671 463 2051 527; x_wconf 80' lang='lat' dir='ltr'><strong>adolescentia,</strong></span> <span class='ocrx_word' id='word_1_13' title='bbox 2083 466 2131 523; x_wconf 79' lang='grc' dir='ltr'><strong>Α</strong></span> <span class='ocrx_word' id='word_1_14' title='bbox 2160 479 2289 530; x_wconf 89' lang='lat' dir='ltr'><strong>cvn,</strong></span> <span class='ocrx_word' id='word_1_15' title='bbox 2323 467 2402 534; x_wconf 85' lang='lat'><strong>7).</strong></span> <span class='ocrx_word' id='word_1_16' title='bbox 2434 465 2616 533; x_wconf 85' lang='lat' dir='ltr'><strong>Neque</strong></span> <span class='ocrx_word' id='word_1_17' title='bbox 2645 463 2787 517; x_wconf 82' lang='lat' dir='ltr'><strong>enim</strong></span> <span class='ocrx_word' id='word_1_18' title='bbox 2811 461 2887 515; x_wconf 98' lang='lat' dir='ltr'><strong>ait</strong></span> <span class='ocrx_word' id='word_1_19' title='bbox 2914 476 3094 526; x_wconf 87' lang='lat' dir='ltr'><strong>manu,</strong></span> <span class='ocrx_word' id='word_1_20' title='bbox 3120 460 3211 515; x_wconf 90' lang='lat' dir='ltr'><strong>sed</strong></span> <span class='ocrx_word' id='word_1_21' title='bbox 3245 460 3491 525; x_wconf 81' lang='lat' dir='ltr'><strong>dextera;</strong></span> <span class='ocrx_word' id='word_1_22' title='bbox 3525 469 3582 514; x_wconf 91' lang='lat' dir='ltr'><strong>ut</strong></span> <span class='ocrx_word' id='word_1_23' title='bbox 3610 461 3751 518; x_wconf 89' lang='lat' dir='ltr'><strong>vide-</strong></span> 
     </span>
    </p>
   </div>
   <div class='ocr_carea' id='block_1_3' title="bbox 476 571 1126 639">
    <p class='ocr_par' dir='ltr' id='par_1_3' title="bbox 476 571 1126 639">
     <span class='ocr_line' id='line_1_3' title="bbox 476 571 1126 639; baseline -0.009 -15"><span class='ocrx_word' id='word_1_24' title='bbox 476 571 728 639; x_wconf 85' lang='lat' dir='ltr'><strong>juvcnem</strong></span> <span class='ocrx_word' id='word_1_25' title='bbox 757 581 860 622; x_wconf 94' lang='lat' dir='ltr'><strong>non</strong></span> <span class='ocrx_word' id='word_1_26' title='bbox 892 573 1126 620; x_wconf 83' lang='lat' dir='ltr'><strong>vocaret.</strong></span> 
     </span>
    </p>
   </div>
   <div class='ocr_carea' id='block_1_4' title="bbox 857 669 1673 748">
    <p class='ocr_par' dir='ltr' id='par_1_4' title="bbox 857 669 1673 748">
     <span class='ocr_line' id='line_1_4' title="bbox 857 669 1673 748; baseline -0.01 -16"><span class='ocrx_word' id='word_1_27' title='bbox 857 678 961 748; x_wconf 85' lang='lat'><strong><em>77</em></strong></span> <span class='ocrx_word' id='word_1_28' title='bbox 991 673 1217 730; x_wconf 79' lang='lat' dir='ltr'><strong>CAPUT</strong></span> <span class='ocrx_word' id='word_1_29' title='bbox 1261 670 1424 727; x_wconf 85' lang='lat' dir='ltr'><strong>xxvt</strong></span> <span class='ocrx_word' id='word_1_30' title='bbox 1456 670 1564 741; x_wconf 84' lang='grc' dir='ltr'><strong>[Αι.</strong></span> <span class='ocrx_word' id='word_1_31' title='bbox 1593 669 1673 740; x_wconf 84' lang='grc' dir='ltr'><strong>ι].</strong></span> 
     </span>
    </p>
   </div>
   <div class='ocr_carea' id='block_1_5' title="bbox 480 761 2057 841">
    <p class='ocr_par' dir='ltr' id='par_1_5' title="bbox 480 761 2057 841">
     <span class='ocr_line' id='line_1_5' title="bbox 480 761 2057 841; baseline -0.009 -15"><span class='ocrx_word' id='word_1_32' title='bbox 480 768 752 841; x_wconf 83' lang='lat' dir='ltr'><strong>Quomodo</strong></span> <span class='ocrx_word' id='word_1_33' title='bbox 800 766 1112 820; x_wconf 87' lang='lat' dir='ltr'><strong>admonendi</strong></span> <span class='ocrx_word' id='word_1_34' title='bbox 1152 766 1346 841; x_wconf 74' lang='lat' dir='ltr'><strong>quibus</strong></span> <span class='ocrx_word' id='word_1_35' title='bbox 1373 765 1637 841; x_wconf 65' lang='lat' dir='ltr'><strong>omniaex</strong></span> <span class='ocrx_word' id='word_1_36' title='bbox 1659 761 1909 814; x_wconf 72' lang='lat' dir='ltr'><strong>sententia</strong></span> <span class='ocrx_word' id='word_1_37' title='bbox 1937 776 2057 812; x_wconf 85' lang='lat' dir='ltr'><strong>suc-</strong></span> 
     </span>
    </p>
   </div>
   <div class='ocr_carea' id='block_1_6' title="bbox 926 834 1612 903">
    <p class='ocr_par' dir='ltr' id='par_1_6' title="bbox 926 834 1612 903">
     <span class='ocr_line' id='line_1_6' title="bbox 926 834 1612 903; baseline -0.007 -14"><span class='ocrx_word' id='word_1_38' title='bbox 926 840 1132 896; x_wconf 85' lang='lat' dir='ltr'><strong>cedunt,</strong></span> <span class='ocrx_word' id='word_1_39' title='bbox 1166 846 1212 887; x_wconf 79' lang='lat' dir='ltr'><strong>et</strong></span> <span class='ocrx_word' id='word_1_40' title='bbox 1241 835 1423 903; x_wconf 83' lang='lat' dir='ltr'><strong>quibus</strong></span> <span class='ocrx_word' id='word_1_41' title='bbox 1453 834 1612 884; x_wconf 79' lang='lat' dir='ltr'><strong>nulla.</strong></span> 
     </span>
    </p>
   </div>
   <div class='ocr_carea' id='block_1_7' title="bbox 551 920 2060 996">
    <p class='ocr_par' dir='ltr' id='par_1_7' title="bbox 551 920 2060 996">
     <span class='ocr_line' id='line_1_7' title="bbox 551 920 2060 996; baseline -0.01 -11"><span class='ocrx_word' id='word_1_42' title='bbox 551 930 868 996; x_wconf 85' lang='lat' dir='ltr'><strong>(Admonitio</strong></span> <span class='ocrx_word' id='word_1_43' title='bbox 896 927 1013 994; x_wconf 77' lang='grc'><strong>27.)</strong></span> <span class='ocrx_word' id='word_1_44' title='bbox 1062 925 1231 980; x_wconf 85' lang='lat' dir='ltr'><strong>Aliter</strong></span> <span class='ocrx_word' id='word_1_45' title='bbox 1257 923 1575 978; x_wconf 85' lang='lat' dir='ltr'><strong>admonendi</strong></span> <span class='ocrx_word' id='word_1_46' title='bbox 1604 929 1730 974; x_wconf 90' lang='lat' dir='ltr'><strong>sunt</strong></span> <span class='ocrx_word' id='word_1_47' title='bbox 1758 923 1846 989; x_wconf 87' lang='lat' dir='ltr'><strong>qui</strong></span> <span class='ocrx_word' id='word_1_48' title='bbox 1877 920 1928 974; x_wconf 92' lang='lat' dir='ltr'><strong>in</strong></span> <span class='ocrx_word' id='word_1_49' title='bbox 1961 920 2060 972; x_wconf 83' lang='lat' dir='ltr'><strong>hoc</strong></span> 
     </span>
    </p>
   </div>
   <div class='ocr_carea' id='block_1_8' title="bbox 478 1010 2063 1091">
    <p class='ocr_par' dir='ltr' id='par_1_8' title="bbox 478 1010 2063 1091">
     <span class='ocr_line' id='line_1_8' title="bbox 478 1010 2063 1091; baseline -0.008 -16"><span class='ocrx_word' id='word_1_50' title='bbox 478 1023 618 1091; x_wconf 89' lang='lat' dir='ltr'><strong>quod</strong></span> <span class='ocrx_word' id='word_1_51' title='bbox 653 1018 1018 1088; x_wconf 82' lang='lat' dir='ltr'><strong>tetttporaliter</strong></span> <span class='ocrx_word' id='word_1_52' title='bbox 1047 1024 1303 1085; x_wconf 85' lang='lat' dir='ltr'><strong>appetunt</strong></span> <span class='ocrx_word' id='word_1_53' title='bbox 1334 1020 1745 1082; x_wconf 72' lang='lat' dir='ltr'><strong>prosperantur;</strong></span> <span class='ocrx_word' id='word_1_54' title='bbox 1780 1020 1936 1078; x_wconf 88' lang='lat' dir='ltr'><strong>atque</strong></span> <span class='ocrx_word' id='word_1_55' title='bbox 1965 1010 2063 1063; x_wconf 64' lang='lat' dir='ltr'><strong>alio</strong></span> 
     </span>
    </p>
   </div>
   <div class='ocr_carea' id='block_1_9' title="bbox 482 1102 2060 1180">
    <p class='ocr_par' dir='ltr' id='par_1_9' title="bbox 482 1102 2060 1180">
     <span class='ocr_line' id='line_1_9' title="bbox 482 1102 2060 1180; baseline -0.008 -15"><span class='ocrx_word' id='word_1_56' title='bbox 482 1125 565 1167; x_wconf 88' lang='lat' dir='ltr'><strong>ter</strong></span> <span class='ocrx_word' id='word_1_57' title='bbox 605 1111 694 1180; x_wconf 92' lang='lat' dir='ltr'><strong>qui</strong></span> <span class='ocrx_word' id='word_1_58' title='bbox 743 1124 806 1164; x_wconf 91' lang='lat' dir='ltr'><strong>ea</strong></span> <span class='ocrx_word' id='word_1_59' title='bbox 837 1110 1052 1176; x_wconf 80' lang='lat' dir='ltr'><strong>quidem</strong></span> <span class='ocrx_word' id='word_1_60' title='bbox 1101 1122 1218 1174; x_wconf 71' lang='lat' dir='ltr'><strong>qua:</strong></span> <span class='ocrx_word' id='word_1_61' title='bbox 1263 1105 1442 1157; x_wconf 91' lang='lat' dir='ltr'><strong>mundi</strong></span> <span class='ocrx_word' id='word_1_62' title='bbox 1487 1113 1613 1156; x_wconf 93' lang='lat' dir='ltr'><strong>sunt</strong></span> <span class='ocrx_word' id='word_1_63' title='bbox 1651 1102 2060 1170; x_wconf 89' lang='lat' dir='ltr'><strong>concupiscunt,</strong></span> 
     </span>
    </p>
   </div>
   <div class='ocr_carea' id='block_1_10' title="bbox 482 1192 2057 1263">
    <p class='ocr_par' dir='ltr' id='par_1_10' title="bbox 482 1192 2057 1263">
     <span class='ocr_line' id='line_1_10' title="bbox 482 1192 2057 1263; baseline -0.008 -5"><span class='ocrx_word' id='word_1_64' title='bbox 482 1205 574 1263; x_wconf 87' lang='lat' dir='ltr'><strong>sed</strong></span> <span class='ocrx_word' id='word_1_65' title='bbox 605 1213 781 1256; x_wconf 87' lang='lat' dir='ltr'><strong>tamen</strong></span> <span class='ocrx_word' id='word_1_66' title='bbox 814 1198 1155 1254; x_wconf 86' lang='lat' dir='ltr'><strong>adversitatis</strong></span> <span class='ocrx_word' id='word_1_67' title='bbox 1185 1197 1367 1250; x_wconf 87' lang='lat' dir='ltr'><strong>labore</strong></span> <span class='ocrx_word' id='word_1_68' title='bbox 1391 1196 1696 1260; x_wconf 74' lang='lat' dir='ltr'><strong>fatigantur.</strong></span> <span class='ocrx_word' id='word_1_69' title='bbox 1729 1192 2057 1248; x_wconf 83' lang='lat' dir='ltr'><strong>Admoncndt</strong></span> 
     </span>
    </p>
   </div>
   <div class='ocr_carea' id='block_1_11' title="bbox 481 1284 2065 1362">
    <p class='ocr_par' dir='ltr' id='par_1_11' title="bbox 481 1284 2065 1362">
     <span class='ocr_line' id='line_1_11' title="bbox 481 1284 2065 1362; baseline -0.011 -13"><span class='ocrx_word' id='word_1_70' title='bbox 481 1306 709 1362; x_wconf 82' lang='lat' dir='ltr'><strong>namque</strong></span> <span class='ocrx_word' id='word_1_71' title='bbox 738 1299 863 1343; x_wconf 91' lang='lat' dir='ltr'><strong>sunt</strong></span> <span class='ocrx_word' id='word_1_72' title='bbox 890 1288 979 1358; x_wconf 88' lang='lat' dir='ltr'><strong>qui</strong></span> <span class='ocrx_word' id='word_1_73' title='bbox 1017 1289 1070 1340; x_wconf 91' lang='lat' dir='ltr'><strong>in</strong></span> <span class='ocrx_word' id='word_1_74' title='bbox 1104 1290 1206 1339; x_wconf 91' lang='lat' dir='ltr'><strong>hoc</strong></span> <span class='ocrx_word' id='word_1_75' title='bbox 1234 1286 1374 1353; x_wconf 91' lang='lat' dir='ltr'><strong>quod</strong></span> <span class='ocrx_word' id='word_1_76' title='bbox 1407 1284 1774 1352; x_wconf 84' lang='lat' dir='ltr'><strong>temporaliter</strong></span> <span class='ocrx_word' id='word_1_77' title='bbox 1803 1289 2065 1349; x_wconf 72' lang='lat' dir='ltr'><strong>appetunt</strong></span> 
     </span>
    </p>
   </div>
   <div class='ocr_carea' id='block_1_12' title="bbox 481 1380 2061 1455">
    <p class='ocr_par' dir='ltr' id='par_1_12' title="bbox 481 1380 2061 1455">
     <span class='ocr_line' id='line_1_12' title="bbox 481 1380 2061 1455; baseline -0.011 -15"><span class='ocrx_word' id='word_1_78' title='bbox 481 1395 891 1455; x_wconf 88' lang='lat' dir='ltr'><strong>prosperantur,</strong></span> <span class='ocrx_word' id='word_1_79' title='bbox 940 1396 1006 1434; x_wconf 90' lang='lat' dir='ltr'><strong>ne</strong></span> <span class='ocrx_word' id='word_1_80' title='bbox 1055 1394 1176 1433; x_wconf 90' lang='lat' dir='ltr'><strong>cum</strong></span> <span class='ocrx_word' id='word_1_81' title='bbox 1226 1387 1416 1432; x_wconf 87' lang='lat' dir='ltr'><strong>cuncta</strong></span> <span class='ocrx_word' id='word_1_82' title='bbox 1447 1380 1512 1429; x_wconf 91' lang='lat' dir='ltr'><strong>ad</strong></span> <span class='ocrx_word' id='word_1_83' title='bbox 1546 1386 1724 1429; x_wconf 76' lang='lat' dir='ltr'><strong>votum</strong></span> <span class='ocrx_word' id='word_1_84' title='bbox 1755 1382 2061 1442; x_wconf 69' lang='lat' dir='ltr'><strong>suppetunt,</strong></span> 
     </span>
    </p>
   </div>
   <div class='ocr_carea' id='block_1_13' title="bbox 482 1465 2066 1541">
    <p class='ocr_par' dir='ltr' id='par_1_13' title="bbox 482 1465 2066 1541">
     <span class='ocr_line' id='line_1_13' title="bbox 482 1465 2066 1541; baseline -0.009 -11"><span class='ocrx_word' id='word_1_85' title='bbox 482 1479 698 1531; x_wconf 82' lang='lat' dir='ltr'><strong>dantem</strong></span> <span class='ocrx_word' id='word_1_86' title='bbox 741 1487 984 1541; x_wconf 68' lang='lat' dir='ltr'><strong>quaatere</strong></span> <span class='ocrx_word' id='word_1_87' title='bbox 1016 1470 1324 1539; x_wconf 75' lang='lat' dir='ltr'><strong>negligant;</strong></span> <span class='ocrx_word' id='word_1_88' title='bbox 1357 1477 1380 1504; x_wconf 71' lang='grc' dir='ltr'><strong>θ·</strong></span> <span class='ocrx_word' id='word_1_89' title='bbox 1414 1467 1507 1522; x_wconf 89' lang='lat' dir='ltr'><strong>sed</strong></span> <span class='ocrx_word' id='word_1_90' title='bbox 1539 1467 1591 1519; x_wconf 92' lang='lat' dir='ltr'><strong>in</strong></span> <span class='ocrx_word' id='word_1_91' title='bbox 1622 1467 1704 1519; x_wconf 88' lang='lat' dir='ltr'><strong>his</strong></span> <span class='ocrx_word' id='word_1_92' title='bbox 1729 1481 1846 1533; x_wconf 72' lang='lat' dir='ltr'><strong>quae</strong></span> <span class='ocrx_word' id='word_1_93' title='bbox 1873 1465 2066 1516; x_wconf 54' lang='lat' dir='ltr'><strong>duntur</strong></span> 
     </span>
    </p>
   </div>
   <div class='ocr_carea' id='block_1_14' title="bbox 479 1555 2063 1636">
    <p class='ocr_par' dir='ltr' id='par_1_14' title="bbox 479 1555 2063 1636">
     <span class='ocr_line' id='line_1_14' title="bbox 479 1555 2063 1636; baseline -0.009 -16"><span class='ocrx_word' id='word_1_94' title='bbox 479 1567 713 1620; x_wconf 85' lang='lat' dir='ltr'><strong>animum</strong></span> <span class='ocrx_word' id='word_1_95' title='bbox 734 1566 997 1632; x_wconf 78' lang='lat' dir='ltr'><strong>ligant;ne</strong></span> <span class='ocrx_word' id='word_1_96' title='bbox 1017 1561 1494 1630; x_wconf 77' lang='lat' dir='ltr'><strong>peregrinationem</strong></span> <span class='ocrx_word' id='word_1_97' title='bbox 1521 1573 1615 1627; x_wconf 89' lang='lat' dir='ltr'><strong>pro</strong></span> <span class='ocrx_word' id='word_1_98' title='bbox 1637 1556 1802 1636; x_wconf 72' lang='lat' dir='ltr'><strong>patria</strong></span> <span class='ocrx_word' id='word_1_99' title='bbox 1820 1555 2063 1623; x_wconf 89' lang='lat' dir='ltr'><strong>diligant,</strong></span> 
     </span>
    </p>
   </div>
   <div class='ocr_carea' id='block_1_15' title="bbox 484 1648 2065 1717">
    <p class='ocr_par' dir='ltr' id='par_1_15' title="bbox 484 1648 2065 1717">
     <span class='ocr_line' id='line_1_15' title="bbox 484 1648 2065 1717; baseline -0.008 -5"><span class='ocrx_word' id='word_1_100' title='bbox 484 1674 551 1712; x_wconf 90' lang='lat' dir='ltr'><strong>ne</strong></span> <span class='ocrx_word' id='word_1_101' title='bbox 583 1656 821 1710; x_wconf 84' lang='lat' dir='ltr'><strong>subsidia</strong></span> <span class='ocrx_word' id='word_1_102' title='bbox 866 1653 1074 1707; x_wconf 85' lang='lat' dir='ltr'><strong>itineris</strong></span> <span class='ocrx_word' id='word_1_103' title='bbox 1123 1653 1174 1706; x_wconf 90' lang='lat' dir='ltr'><strong>in</strong></span> <span class='ocrx_word' id='word_1_104' title='bbox 1224 1653 1498 1705; x_wconf 86' lang='lat' dir='ltr'><strong>obstacula</strong></span> <span class='ocrx_word' id='word_1_105' title='bbox 1549 1648 1909 1717; x_wconf 68' lang='lat' dir='ltr'><strong>permotionis</strong></span> <span class='ocrx_word' id='word_1_106' title='bbox 1945 1661 2065 1700; x_wconf 71' lang='lat' dir='ltr'><strong>vero</strong></span> 
     </span>
    </p>
   </div>
   <div class='ocr_carea' id='block_1_16' title="bbox 482 1739 2064 1816">
    <p class='ocr_par' dir='ltr' id='par_1_16' title="bbox 482 1739 2064 1816">
     <span class='ocr_line' id='line_1_16' title="bbox 482 1739 2064 1816; baseline -0.009 -11"><span class='ocrx_word' id='word_1_107' title='bbox 482 1761 620 1816; x_wconf 84' lang='lat' dir='ltr'><strong>tant,</strong></span> <span class='ocrx_word' id='word_1_108' title='bbox 666 1765 734 1804; x_wconf 91' lang='lat' dir='ltr'><strong>ne</strong></span> <span class='ocrx_word' id='word_1_109' title='bbox 782 1759 1046 1801; x_wconf 87' lang='lat' dir='ltr'><strong>nocturno</strong></span> <span class='ocrx_word' id='word_1_110' title='bbox 1077 1746 1217 1798; x_wconf 76' lang='lat' dir='ltr'><strong>luna:</strong></span> <span class='ocrx_word' id='word_1_111' title='bbox 1247 1744 1446 1798; x_wconf 89' lang='lat' dir='ltr'><strong>lumine</strong></span> <span class='ocrx_word' id='word_1_112' title='bbox 1468 1743 1742 1808; x_wconf 70' lang='lat' dir='ltr'><strong>delectati,</strong></span> <span class='ocrx_word' id='word_1_113' title='bbox 1771 1739 2064 1794; x_wconf 88' lang='lat' dir='ltr'><strong>claritatem</strong></span> 
     </span>
    </p>
   </div>
   <div class='ocr_carea' id='block_1_17' title="bbox 2163 553 3749 621">
    <p class='ocr_par' dir='ltr' id='par_1_17' title="bbox 2163 553 3749 621">
     <span class='ocr_line' id='line_1_17' title="bbox 2163 553 3749 621; baseline 0 -13"><span class='ocrx_word' id='word_1_114' title='bbox 2163 555 2288 610; x_wconf 90' lang='lat' dir='ltr'><strong>licet</strong></span> <span class='ocrx_word' id='word_1_115' title='bbox 2330 570 2450 609; x_wconf 89' lang='lat' dir='ltr'><strong>cum</strong></span> <span class='ocrx_word' id='word_1_116' title='bbox 2495 554 2772 608; x_wconf 81' lang='lat' dir='ltr'><strong>dexteram</strong></span> <span class='ocrx_word' id='word_1_117' title='bbox 2808 553 3032 616; x_wconf 83' lang='lat' dir='ltr'><strong>diceret,</strong></span> <span class='ocrx_word' id='word_1_118' title='bbox 3074 554 3197 621; x_wconf 85' lang='lat' dir='ltr'><strong>quia</strong></span> <span class='ocrx_word' id='word_1_119' title='bbox 3234 561 3488 606; x_wconf 62' lang='lat' dir='ltr'><strong>aeternam</strong></span> <span class='ocrx_word' id='word_1_120' title='bbox 3521 553 3749 609; x_wconf 76' lang='lat' dir='ltr'><strong>salutem</strong></span> 
     </span>
    </p>
   </div>
   <div class='ocr_carea' id='block_1_18' title="bbox 2163 644 3748 714">
    <p class='ocr_par' dir='ltr' id='par_1_18' title="bbox 2163 644 3748 714">
     <span class='ocr_line' id='line_1_18' title="bbox 2163 644 3748 714; baseline 0.003 -18"><span class='ocrx_word' id='word_1_121' title='bbox 2163 656 2448 714; x_wconf 56' lang='lat' dir='ltr'><strong>quareret,</strong></span> <span class='ocrx_word' id='word_1_122' title='bbox 2507 645 2788 699; x_wconf 88' lang='lat' dir='ltr'><strong>indicaret.</strong></span> <span class='ocrx_word' id='word_1_123' title='bbox 2852 644 2986 697; x_wconf 88' lang='lat' dir='ltr'><strong>Hinc</strong></span> <span class='ocrx_word' id='word_1_124' title='bbox 3041 660 3253 698; x_wconf 88' lang='lat' dir='ltr'><strong>rursum</strong></span> <span class='ocrx_word' id='word_1_125' title='bbox 3311 644 3569 712; x_wconf 88' lang='lat' dir='ltr'><strong>scriptum</strong></span> <span class='ocrx_word' id='word_1_126' title='bbox 3627 656 3748 700; x_wconf 87' lang='lat' dir='ltr'><strong>est:</strong></span> 
     </span>
    </p>
   </div>
   <div class='ocr_carea' id='block_1_19' title="bbox 2164 734 3748 803">
    <p class='ocr_par' dir='ltr' id='par_1_19' title="bbox 2164 734 3748 803">
     <span class='ocr_line' id='line_1_19' title="bbox 2164 734 3748 803; baseline 0.002 -16"><span class='ocrx_word' id='word_1_127' title='bbox 2164 735 2383 788; x_wconf 78' lang='lat' dir='ltr'><strong>Dextera</strong></span> <span class='ocrx_word' id='word_1_128' title='bbox 2409 751 2591 787; x_wconf 87' lang='lat' dir='ltr'><strong>manus</strong></span> <span class='ocrx_word' id='word_1_129' title='bbox 2613 746 2724 795; x_wconf 84' lang='lat' dir='ltr'><strong>tua,</strong></span> <span class='ocrx_word' id='word_1_130' title='bbox 2756 734 2992 797; x_wconf 80' lang='lat' dir='ltr'><strong>Domine,</strong></span> <span class='ocrx_word' id='word_1_131' title='bbox 3018 736 3265 803; x_wconf 76' lang='lat' dir='ltr'><strong>confregit</strong></span> <span class='ocrx_word' id='word_1_132' title='bbox 3291 734 3521 788; x_wconf 86' lang='lat' dir='ltr'><strong>inimicos</strong></span> <span class='ocrx_word' id='word_1_133' title='bbox 3549 735 3748 803; x_wconf 74' lang='lat' dir='ltr'><strong>(Exod.</strong></span> 
     </span>
    </p>
   </div>
   <div class='ocr_carea' id='block_1_20' title="bbox 2163 826 3753 894">
    <p class='ocr_par' dir='ltr' id='par_1_20' title="bbox 2163 826 3753 894">
     <span class='ocr_line' id='line_1_20' title="bbox 2163 826 3753 894; baseline 0.001 -14"><span class='ocrx_word' id='word_1_134' title='bbox 2163 843 2251 890; x_wconf 81' lang='lat' dir='ltr'><strong>xv,</strong></span> <span class='ocrx_word' id='word_1_135' title='bbox 2275 827 2329 892; x_wconf 89' lang='lat'><strong>6,</strong></span> <span class='ocrx_word' id='word_1_136' title='bbox 2361 843 2465 882; x_wconf 90' lang='lat' dir='ltr'><strong>sec.</strong></span> <span class='ocrx_word' id='word_1_137' title='bbox 2509 826 2703 894; x_wconf 81' lang='lat' dir='ltr'><strong>LXX).</strong></span> <span class='ocrx_word' id='word_1_138' title='bbox 2754 827 2945 881; x_wconf 88' lang='lat' dir='ltr'><strong>Hostes</strong></span> <span class='ocrx_word' id='word_1_139' title='bbox 2993 827 3135 879; x_wconf 91' lang='lat' dir='ltr'><strong>enim</strong></span> <span class='ocrx_word' id='word_1_140' title='bbox 3185 827 3278 880; x_wconf 91' lang='lat' dir='ltr'><strong>Dei</strong></span> <span class='ocrx_word' id='word_1_141' title='bbox 3318 828 3419 881; x_wconf 91' lang='lat' dir='ltr'><strong>etsi</strong></span> <span class='ocrx_word' id='word_1_142' title='bbox 3452 827 3503 882; x_wconf 91' lang='lat' dir='ltr'><strong>in</strong></span> <span class='ocrx_word' id='word_1_143' title='bbox 3535 828 3753 882; x_wconf 73' lang='lat' dir='ltr'><strong>sinistra</strong></span> 
     </span>
    </p>
   </div>
   <div class='ocr_carea' id='block_1_21' title="bbox 2163 918 3752 988">
    <p class='ocr_par' dir='ltr' id='par_1_21' title="bbox 2163 918 3752 988">
     <span class='ocr_line' id='line_1_21' title="bbox 2163 918 3752 988; baseline 0.001 -16"><span class='ocrx_word' id='word_1_144' title='bbox 2163 920 2282 988; x_wconf 87' lang='lat' dir='ltr'><strong>ejus</strong></span> <span class='ocrx_word' id='word_1_145' title='bbox 2309 919 2609 987; x_wconf 80' lang='lat' dir='ltr'><strong>proficiunt,</strong></span> <span class='ocrx_word' id='word_1_146' title='bbox 2642 921 2861 972; x_wconf 72' lang='lat' dir='ltr'><strong>destera</strong></span> <span class='ocrx_word' id='word_1_147' title='bbox 2895 918 3211 987; x_wconf 86' lang='lat' dir='ltr'><strong>franguntur</strong></span> <span class='ocrx_word' id='word_1_148' title='bbox 3278 919 3400 985; x_wconf 85' lang='lat' dir='ltr'><strong>quia</strong></span> <span class='ocrx_word' id='word_1_149' title='bbox 3436 920 3752 988; x_wconf 82' lang='lat' dir='ltr'><strong>plerumque</strong></span> 
     </span>
    </p>
   </div>
   <div class='ocr_carea' id='block_1_22' title="bbox 2167 1012 3755 1080">
    <p class='ocr_par' dir='ltr' id='par_1_22' title="bbox 2167 1012 3755 1080">
     <span class='ocr_line' id='line_1_22' title="bbox 2167 1012 3755 1080; baseline 0.003 -16"><span class='ocrx_word' id='word_1_150' title='bbox 2167 1028 2362 1080; x_wconf 82' lang='lat' dir='ltr'><strong>pravos</strong></span> <span class='ocrx_word' id='word_1_151' title='bbox 2410 1022 2512 1064; x_wconf 86' lang='lat' dir='ltr'><strong>vita</strong></span> <span class='ocrx_word' id='word_1_152' title='bbox 2554 1027 2790 1079; x_wconf 67' lang='lat' dir='ltr'><strong>praesens</strong></span> <span class='ocrx_word' id='word_1_153' title='bbox 2828 1012 3034 1077; x_wconf 78' lang='lat' dir='ltr'><strong>elevat,</strong></span> <span class='ocrx_word' id='word_1_154' title='bbox 3093 1012 3187 1065; x_wconf 89' lang='lat' dir='ltr'><strong>sed</strong></span> <span class='ocrx_word' id='word_1_155' title='bbox 3231 1013 3493 1067; x_wconf 83' lang='lat' dir='ltr'><strong>adventus</strong></span> <span class='ocrx_word' id='word_1_156' title='bbox 3535 1025 3755 1068; x_wconf 68' lang='lat' dir='ltr'><strong>aeterna:</strong></span> 
     </span>
    </p>
   </div>
   <div class='ocr_carea' id='block_1_23' title="bbox 2168 1103 2776 1156">
    <p class='ocr_par' dir='ltr' id='par_1_23' title="bbox 2168 1103 2776 1156">
     <span class='ocr_line' id='line_1_23' title="bbox 2168 1103 2776 1156; baseline -0.002 0"><span class='ocrx_word' id='word_1_157' title='bbox 2168 1103 2512 1156; x_wconf 86' lang='lat' dir='ltr'><strong>beatitudinis</strong></span> <span class='ocrx_word' id='word_1_158' title='bbox 2538 1105 2776 1156; x_wconf 87' lang='lat' dir='ltr'><strong>damnat.</strong></span> 
     </span>
    </p>
   </div>
   <div class='ocr_carea' id='block_1_24' title="bbox 2237 1193 3750 1264">
    <p class='ocr_par' dir='ltr' id='par_1_24' title="bbox 2237 1193 3750 1264">
     <span class='ocr_line' id='line_1_24' title="bbox 2237 1193 3750 1264; baseline 0.001 -16"><span class='ocrx_word' id='word_1_159' title='bbox 2237 1195 2570 1248; x_wconf 87' lang='lat' dir='ltr'><strong>Adtnnnendi</strong></span> <span class='ocrx_word' id='word_1_160' title='bbox 2604 1204 2727 1247; x_wconf 89' lang='lat' dir='ltr'><strong>sunt</strong></span> <span class='ocrx_word' id='word_1_161' title='bbox 2754 1194 2845 1264; x_wconf 89' lang='lat' dir='ltr'><strong>qui</strong></span> <span class='ocrx_word' id='word_1_162' title='bbox 2893 1194 2943 1247; x_wconf 92' lang='lat' dir='ltr'><strong>in</strong></span> <span class='ocrx_word' id='word_1_163' title='bbox 2977 1193 3078 1247; x_wconf 86' lang='lat' dir='ltr'><strong>hoc</strong></span> <span class='ocrx_word' id='word_1_164' title='bbox 3110 1194 3309 1246; x_wconf 87' lang='lat' dir='ltr'><strong>mundo</strong></span> <span class='ocrx_word' id='word_1_165' title='bbox 3336 1204 3750 1263; x_wconf 79' lang='lat' dir='ltr'><strong>prosperantur,</strong></span> 
     </span>
    </p>
   </div>
   <div class='ocr_carea' id='block_1_25' title="bbox 2171 1287 3756 1356">
    <p class='ocr_par' dir='ltr' id='par_1_25' title="bbox 2171 1287 3756 1356">
     <span class='ocr_line' id='line_1_25' title="bbox 2171 1287 3756 1356; baseline 0.003 -18"><span class='ocrx_word' id='word_1_166' title='bbox 2171 1298 2227 1341; x_wconf 92' lang='lat' dir='ltr'><strong>ut</strong></span> <span class='ocrx_word' id='word_1_167' title='bbox 2275 1289 2507 1342; x_wconf 82' lang='lat' dir='ltr'><strong>solerter</strong></span> <span class='ocrx_word' id='word_1_168' title='bbox 2556 1288 2904 1342; x_wconf 88' lang='lat' dir='ltr'><strong>considerent</strong></span> <span class='ocrx_word' id='word_1_169' title='bbox 2929 1288 3049 1355; x_wconf 88' lang='lat' dir='ltr'><strong>quia</strong></span> <span class='ocrx_word' id='word_1_170' title='bbox 3083 1287 3361 1354; x_wconf 66' lang='lat' dir='ltr'><strong>prmacntis</strong></span> <span class='ocrx_word' id='word_1_171' title='bbox 3385 1289 3509 1341; x_wconf 60' lang='lat' dir='ltr'><strong>vita!</strong></span> <span class='ocrx_word' id='word_1_172' title='bbox 3535 1304 3756 1356; x_wconf 83' lang='lat' dir='ltr'><strong>prospe-</strong></span> 
     </span>
    </p>
   </div>
   <div class='ocr_carea' id='block_1_26' title="bbox 2171 1379 3762 1450">
    <p class='ocr_par' dir='ltr' id='par_1_26' title="bbox 2171 1379 3762 1450">
     <span class='ocr_line' id='line_1_26' title="bbox 2171 1379 3762 1450; baseline -0.001 -16"><span class='ocrx_word' id='word_1_173' title='bbox 2171 1382 2299 1434; x_wconf 87' lang='lat' dir='ltr'><strong>ritas</strong></span> <span class='ocrx_word' id='word_1_174' title='bbox 2347 1380 2632 1449; x_wconf 81' lang='lat' dir='ltr'><strong>aliquando</strong></span> <span class='ocrx_word' id='word_1_175' title='bbox 2685 1380 2884 1434; x_wconf 92' lang='lat' dir='ltr'><strong>idcirco</strong></span> <span class='ocrx_word' id='word_1_176' title='bbox 2929 1379 3085 1432; x_wconf 88' lang='lat' dir='ltr'><strong>datur</strong></span> <span class='ocrx_word' id='word_1_177' title='bbox 3129 1387 3186 1432; x_wconf 88' lang='lat' dir='ltr'><strong>nt</strong></span> <span class='ocrx_word' id='word_1_178' title='bbox 3233 1380 3298 1432; x_wconf 90' lang='lat' dir='ltr'><strong>ad</strong></span> <span class='ocrx_word' id='word_1_179' title='bbox 3342 1379 3618 1433; x_wconf 88' lang='lat' dir='ltr'><strong>meliorem</strong></span> <span class='ocrx_word' id='word_1_180' title='bbox 3648 1381 3762 1450; x_wconf 76' lang='lat'><strong>78</strong></span> 
     </span>
    </p>
   </div>
   <div class='ocr_carea' id='block_1_27' title="bbox 2173 1472 3761 1542">
    <p class='ocr_par' dir='ltr' id='par_1_27' title="bbox 2173 1472 3761 1542">
     <span class='ocr_line' id='line_1_27' title="bbox 2173 1472 3761 1542; baseline -0.001 -17"><span class='ocrx_word' id='word_1_181' title='bbox 2173 1475 2338 1527; x_wconf 72' lang='lat' dir='ltr'><strong>vitam</strong></span> <span class='ocrx_word' id='word_1_182' title='bbox 2380 1483 2664 1541; x_wconf 85' lang='lat' dir='ltr'><strong>provocet.</strong></span> <span class='ocrx_word' id='word_1_183' title='bbox 2707 1472 2991 1542; x_wconf 84' lang='lat' dir='ltr'><strong>aliquando</strong></span> <span class='ocrx_word' id='word_1_184' title='bbox 3022 1486 3152 1526; x_wconf 88' lang='lat' dir='ltr'><strong>vero</strong></span> <span class='ocrx_word' id='word_1_185' title='bbox 3181 1482 3237 1525; x_wconf 90' lang='lat' dir='ltr'><strong>ut</strong></span> <span class='ocrx_word' id='word_1_186' title='bbox 3266 1473 3319 1525; x_wconf 94' lang='lat' dir='ltr'><strong>in</strong></span> <span class='ocrx_word' id='word_1_187' title='bbox 3349 1481 3610 1526; x_wconf 75' lang='lat' dir='ltr'><strong>:eternum</strong></span> <span class='ocrx_word' id='word_1_188' title='bbox 3646 1474 3761 1540; x_wconf 91' lang='lat' dir='ltr'><strong>ple-</strong></span> 
     </span>
    </p>
   </div>
   <div class='ocr_carea' id='block_1_28' title="bbox 2172 1562 3761 1630">
    <p class='ocr_par' dir='ltr' id='par_1_28' title="bbox 2172 1562 3761 1630">
     <span class='ocr_line' id='line_1_28' title="bbox 2172 1562 3761 1630; baseline -0.001 -12"><span class='ocrx_word' id='word_1_189' title='bbox 2172 1566 2292 1619; x_wconf 93' lang='lat' dir='ltr'><strong>nius</strong></span> <span class='ocrx_word' id='word_1_190' title='bbox 2343 1565 2591 1620; x_wconf 86' lang='lat' dir='ltr'><strong>damnet.</strong></span> <span class='ocrx_word' id='word_1_191' title='bbox 2651 1565 2783 1618; x_wconf 85' lang='lat' dir='ltr'><strong>Hinc</strong></span> <span class='ocrx_word' id='word_1_192' title='bbox 2823 1573 2908 1618; x_wconf 92' lang='lat' dir='ltr'><strong>est</strong></span> <span class='ocrx_word' id='word_1_193' title='bbox 2936 1565 3076 1618; x_wconf 91' lang='lat' dir='ltr'><strong>cnim</strong></span> <span class='ocrx_word' id='word_1_194' title='bbox 3108 1563 3248 1630; x_wconf 92' lang='lat' dir='ltr'><strong>quod</strong></span> <span class='ocrx_word' id='word_1_195' title='bbox 3279 1562 3416 1630; x_wconf 90' lang='lat' dir='ltr'><strong>plebi</strong></span> <span class='ocrx_word' id='word_1_196' title='bbox 3453 1563 3761 1617; x_wconf 73' lang='lat' dir='ltr'><strong>Israeliticae</strong></span> 
     </span>
    </p>
   </div>
   <div class='ocr_carea' id='block_1_29' title="bbox 2171 1656 3762 1727">
    <p class='ocr_par' dir='ltr' id='par_1_29' title="bbox 2171 1656 3762 1727">
     <span class='ocr_line' id='line_1_29' title="bbox 2171 1656 3762 1727; baseline -0.002 -15"><span class='ocrx_word' id='word_1_197' title='bbox 2171 1659 2425 1713; x_wconf 81' lang='lat' dir='ltr'><strong>Chanaan</strong></span> <span class='ocrx_word' id='word_1_198' title='bbox 2461 1669 2601 1711; x_wconf 89' lang='lat' dir='ltr'><strong>terra</strong></span> <span class='ocrx_word' id='word_1_199' title='bbox 2645 1658 2998 1727; x_wconf 77' lang='lat' dir='ltr'><strong>promittitur,</strong></span> <span class='ocrx_word' id='word_1_200' title='bbox 3030 1666 3086 1710; x_wconf 89' lang='lat' dir='ltr'><strong>ut</strong></span> <span class='ocrx_word' id='word_1_201' title='bbox 3114 1657 3437 1726; x_wconf 89' lang='lat' dir='ltr'><strong>quandoque</strong></span> <span class='ocrx_word' id='word_1_202' title='bbox 3458 1656 3524 1710; x_wconf 91' lang='lat' dir='ltr'><strong>ad</strong></span> <span class='ocrx_word' id='word_1_203' title='bbox 3555 1667 3762 1712; x_wconf 68' lang='lat' dir='ltr'><strong>aeterna</strong></span> 
     </span>
    </p>
   </div>
   <div class='ocr_carea' id='block_1_30' title="bbox 2170 1748 3763 1817">
    <p class='ocr_par' dir='ltr' id='par_1_30' title="bbox 2170 1748 3763 1817">
     <span class='ocr_line' id='line_1_30' title="bbox 2170 1748 3763 1817; baseline -0.002 -14"><span class='ocrx_word' id='word_1_204' title='bbox 2170 1751 2432 1816; x_wconf 81' lang='lat' dir='ltr'><strong>speranda</strong></span> <span class='ocrx_word' id='word_1_205' title='bbox 2478 1759 2820 1817; x_wconf 84' lang='lat' dir='ltr'><strong>provocetur.</strong></span> <span class='ocrx_word' id='word_1_206' title='bbox 2855 1749 3036 1816; x_wconf 82' lang='lat' dir='ltr'><strong>Neque</strong></span> <span class='ocrx_word' id='word_1_207' title='bbox 3065 1749 3209 1804; x_wconf 84' lang='lat' dir='ltr'><strong>enim</strong></span> <span class='ocrx_word' id='word_1_208' title='bbox 3243 1748 3387 1801; x_wconf 86' lang='lat' dir='ltr'><strong>rudis</strong></span> <span class='ocrx_word' id='word_1_209' title='bbox 3417 1748 3504 1803; x_wconf 92' lang='lat' dir='ltr'><strong>ille</strong></span> <span class='ocrx_word' id='word_1_210' title='bbox 3535 1750 3763 1817; x_wconf 86' lang='lat' dir='ltr'><strong>papulus</strong></span> 
     </span>
    </p>
   </div>
   <div class='ocr_carea' id='block_1_31' title="bbox 486 1833 2072 1911">
    <p class='ocr_par' dir='ltr' id='par_1_31' title="bbox 486 1833 2066 1904">
     <span class='ocr_line' id='line_1_31' title="bbox 486 1833 2066 1904; baseline -0.008 -10"><span class='ocrx_word' id='word_1_211' title='bbox 486 1840 620 1895; x_wconf 90' lang='lat' dir='ltr'><strong>solis</strong></span> <span class='ocrx_word' id='word_1_212' title='bbox 665 1839 850 1891; x_wconf 90' lang='lat' dir='ltr'><strong>videre</strong></span> <span class='ocrx_word' id='word_1_213' title='bbox 903 1835 1189 1904; x_wconf 84' lang='lat' dir='ltr'><strong>refugiant.</strong></span> <span class='ocrx_word' id='word_1_214' title='bbox 1243 1833 1577 1888; x_wconf 83' lang='lat' dir='ltr'><strong>Admonendi</strong></span> <span class='ocrx_word' id='word_1_215' title='bbox 1631 1833 1808 1899; x_wconf 89' lang='lat' dir='ltr'><strong>itaque</strong></span> <span class='ocrx_word' id='word_1_216' title='bbox 1847 1838 1969 1883; x_wconf 90' lang='lat' dir='ltr'><strong>sunt</strong></span> <span class='ocrx_word' id='word_1_217' title='bbox 2010 1838 2066 1882; x_wconf 93' lang='lat' dir='ltr'><strong>ut</strong></span> 
     </span>
    </p>
   </div>
   <div class='ocr_carea' id='block_1_32' title="bbox 2184 1833 3763 1911">
    <p class='ocr_par' dir='ltr' id='par_1_32' title="bbox 2184 1841 3763 1910">
     <span class='ocr_line' id='line_1_32' title="bbox 2184 1841 3763 1910; baseline -0.001 -15"><span class='ocrx_word' id='word_1_218' title='bbox 2184 1842 2618 1910; x_wconf 76' lang='lat' dir='ltr'><strong>promissionibus</strong></span> <span class='ocrx_word' id='word_1_219' title='bbox 2669 1841 2763 1894; x_wconf 90' lang='lat' dir='ltr'><strong>Dei</strong></span> <span class='ocrx_word' id='word_1_220' title='bbox 2815 1842 2865 1894; x_wconf 92' lang='lat' dir='ltr'><strong>in</strong></span> <span class='ocrx_word' id='word_1_221' title='bbox 2911 1842 3253 1910; x_wconf 85' lang='lat' dir='ltr'><strong>longinquum</strong></span> <span class='ocrx_word' id='word_1_222' title='bbox 3299 1841 3580 1906; x_wconf 87' lang='lat' dir='ltr'><strong>crederet,</strong></span> <span class='ocrx_word' id='word_1_223' title='bbox 3631 1857 3678 1894; x_wconf 87' lang='lat' dir='ltr'><strong>si</strong></span> <span class='ocrx_word' id='word_1_224' title='bbox 3731 1856 3763 1894; x_wconf 85' lang='lat' dir='ltr'><strong>a</strong></span> 
     </span>
    </p>
   </div>
   <div class='ocr_carea' id='block_1_33' title="bbox 481 1922 2070 2002">
    <p class='ocr_par' dir='ltr' id='par_1_33' title="bbox 481 1922 2070 2002">
     <span class='ocr_line' id='line_1_33' title="bbox 481 1922 2070 2002; baseline -0.008 -16"><span class='ocrx_word' id='word_1_225' title='bbox 481 1946 706 2002; x_wconf 67' lang='lat' dir='ltr'><strong>quaeque</strong></span> <span class='ocrx_word' id='word_1_226' title='bbox 735 1931 786 1983; x_wconf 93' lang='lat' dir='ltr'><strong>in</strong></span> <span class='ocrx_word' id='word_1_227' title='bbox 817 1929 918 1982; x_wconf 91' lang='lat' dir='ltr'><strong>hoc</strong></span> <span class='ocrx_word' id='word_1_228' title='bbox 947 1926 1148 1982; x_wconf 86' lang='lat' dir='ltr'><strong>mundo</strong></span> <span class='ocrx_word' id='word_1_229' title='bbox 1177 1937 1602 1994; x_wconf 88' lang='lat' dir='ltr'><strong>consequuntur,</strong></span> <span class='ocrx_word' id='word_1_230' title='bbox 1638 1922 1955 1978; x_wconf 86' lang='lat' dir='ltr'><strong>calamitatis</strong></span> <span class='ocrx_word' id='word_1_231' title='bbox 1981 1936 2070 1975; x_wconf 89' lang='lat' dir='ltr'><strong>so-</strong></span> 
     </span>
    </p>
   </div>
   <div class='ocr_carea' id='block_1_34' title="bbox 485 2011 2066 2088">
    <p class='ocr_par' dir='ltr' id='par_1_34' title="bbox 485 2011 2066 2088">
     <span class='ocr_line' id='line_1_34' title="bbox 485 2011 2066 2088; baseline -0.007 -12"><span class='ocrx_word' id='word_1_232' title='bbox 485 2024 632 2088; x_wconf 88' lang='lat' dir='ltr'><strong>latia,</strong></span> <span class='ocrx_word' id='word_1_233' title='bbox 667 2036 773 2074; x_wconf 89' lang='lat' dir='ltr'><strong>non</strong></span> <span class='ocrx_word' id='word_1_234' title='bbox 805 2032 985 2074; x_wconf 89' lang='lat' dir='ltr'><strong>autem</strong></span> <span class='ocrx_word' id='word_1_235' title='bbox 1027 2017 1246 2087; x_wconf 72' lang='lat' dir='ltr'><strong>praemia</strong></span> <span class='ocrx_word' id='word_1_236' title='bbox 1277 2015 1642 2070; x_wconf 85' lang='lat' dir='ltr'><strong>retributionis</strong></span> <span class='ocrx_word' id='word_1_237' title='bbox 1673 2013 1931 2078; x_wconf 86' lang='lat' dir='ltr'><strong>credant;</strong></span> <span class='ocrx_word' id='word_1_238' title='bbox 1972 2011 2066 2066; x_wconf 85' lang='lat' dir='ltr'><strong>sed</strong></span> 
     </span>
    </p>
   </div>
   <div class='ocr_carea' id='block_1_35' title="bbox 481 2105 2067 2175">
    <p class='ocr_par' dir='ltr' id='par_1_35' title="bbox 481 2105 2067 2175">
     <span class='ocr_line' id='line_1_35' title="bbox 481 2105 2067 2175; baseline -0.008 -5"><span class='ocrx_word' id='word_1_239' title='bbox 481 2123 667 2170; x_wconf 89' lang='lat' dir='ltr'><strong>contra</strong></span> <span class='ocrx_word' id='word_1_240' title='bbox 714 2114 927 2166; x_wconf 78' lang='lat' dir='ltr'><strong>favores</strong></span> <span class='ocrx_word' id='word_1_241' title='bbox 969 2110 1153 2164; x_wconf 88' lang='lat' dir='ltr'><strong>mundi</strong></span> <span class='ocrx_word' id='word_1_242' title='bbox 1197 2118 1429 2163; x_wconf 88' lang='lat' dir='ltr'><strong>mentem</strong></span> <span class='ocrx_word' id='word_1_243' title='bbox 1460 2108 1687 2175; x_wconf 81' lang='lat' dir='ltr'><strong>erigant,</strong></span> <span class='ocrx_word' id='word_1_244' title='bbox 1721 2121 1788 2160; x_wconf 91' lang='lat' dir='ltr'><strong>ne</strong></span> <span class='ocrx_word' id='word_1_245' title='bbox 1815 2106 1866 2158; x_wconf 90' lang='lat' dir='ltr'><strong>in</strong></span> <span class='ocrx_word' id='word_1_246' title='bbox 1895 2105 1974 2159; x_wconf 91' lang='lat' dir='ltr'><strong>eis</strong></span> <span class='ocrx_word' id='word_1_247' title='bbox 2003 2119 2067 2158; x_wconf 74' lang='lat' dir='ltr'><strong>ex</strong></span> 
     </span>
    </p>
   </div>
   <div class='ocr_carea' id='block_1_36' title="bbox 487 2198 2067 2268">
    <p class='ocr_par' dir='ltr' id='par_1_36' title="bbox 487 2198 2067 2268">
     <span class='ocr_line' id='line_1_36' title="bbox 487 2198 2067 2268; baseline -0.006 -9"><span class='ocrx_word' id='word_1_248' title='bbox 487 2217 596 2260; x_wconf 91' lang='lat' dir='ltr'><strong>tota</strong></span> <span class='ocrx_word' id='word_1_249' title='bbox 627 2206 808 2259; x_wconf 77' lang='lat' dir='ltr'><strong>cordis</strong></span> <span class='ocrx_word' id='word_1_250' title='bbox 836 2204 1192 2258; x_wconf 88' lang='lat' dir='ltr'><strong>delectatione</strong></span> <span class='ocrx_word' id='word_1_251' title='bbox 1220 2201 1586 2256; x_wconf 84' lang='lat' dir='ltr'><strong>succumbant.</strong></span> <span class='ocrx_word' id='word_1_252' title='bbox 1632 2199 1884 2268; x_wconf 84' lang='lat' dir='ltr'><strong>Quisquis</strong></span> <span class='ocrx_word' id='word_1_253' title='bbox 1926 2198 2067 2252; x_wconf 85' lang='lat' dir='ltr'><strong>enim</strong></span> 
     </span>
    </p>
   </div>
   <div class='ocr_carea' id='block_1_37' title="bbox 481 2291 2067 2365">
    <p class='ocr_par' dir='ltr' id='par_1_37' title="bbox 481 2291 2067 2365">
     <span class='ocr_line' id='line_1_37' title="bbox 481 2291 2067 2365; baseline -0.004 -15"><span class='ocrx_word' id='word_1_254' title='bbox 481 2296 889 2365; x_wconf 87' lang='lat' dir='ltr'><strong>prosperitatem</strong></span> <span class='ocrx_word' id='word_1_255' title='bbox 938 2310 1041 2360; x_wconf 88' lang='lat' dir='ltr'><strong>qua</strong></span> <span class='ocrx_word' id='word_1_256' title='bbox 1087 2295 1275 2360; x_wconf 89' lang='lat' dir='ltr'><strong>utitur,</strong></span> <span class='ocrx_word' id='word_1_257' title='bbox 1334 2291 1472 2360; x_wconf 86' lang='lat' dir='ltr'><strong>apud</strong></span> <span class='ocrx_word' id='word_1_258' title='bbox 1516 2291 1773 2359; x_wconf 86' lang='lat' dir='ltr'><strong>judicium</strong></span> <span class='ocrx_word' id='word_1_259' title='bbox 1850 2291 2067 2350; x_wconf 86' lang='lat' dir='ltr'><strong>cordis,</strong></span> 
     </span>
    </p>
   </div>
   <div class='ocr_carea' id='block_1_38' title="bbox 490 2381 2070 2453">
    <p class='ocr_par' dir='ltr' id='par_1_38' title="bbox 490 2381 2070 2453">
     <span class='ocr_line' id='line_1_38' title="bbox 490 2381 2070 2453; baseline -0.007 -9"><span class='ocrx_word' id='word_1_260' title='bbox 490 2390 728 2444; x_wconf 76' lang='lat' dir='ltr'><strong>melioris</strong></span> <span class='ocrx_word' id='word_1_261' title='bbox 779 2389 899 2441; x_wconf 66' lang='lat' dir='ltr'><strong>vita:</strong></span> <span class='ocrx_word' id='word_1_262' title='bbox 951 2401 1136 2440; x_wconf 90' lang='lat' dir='ltr'><strong>amore</strong></span> <span class='ocrx_word' id='word_1_263' title='bbox 1187 2401 1289 2439; x_wconf 89' lang='lat' dir='ltr'><strong>non</strong></span> <span class='ocrx_word' id='word_1_264' title='bbox 1344 2385 1606 2453; x_wconf 85' lang='lat' dir='ltr'><strong>reprimit,</strong></span> <span class='ocrx_word' id='word_1_265' title='bbox 1662 2381 1900 2436; x_wconf 79' lang='lat' dir='ltr'><strong>favorem</strong></span> <span class='ocrx_word' id='word_1_266' title='bbox 1947 2386 2070 2434; x_wconf 70' lang='lat' dir='ltr'><strong>vita:</strong></span> 
     </span>
    </p>
   </div>
   <div class='ocr_carea' id='block_1_39' title="bbox 490 2475 2066 2546">
    <p class='ocr_par' dir='ltr' id='par_1_39' title="bbox 490 2475 2066 2546">
     <span class='ocr_line' id='line_1_39' title="bbox 490 2475 2066 2546; baseline -0.007 -11"><span class='ocrx_word' id='word_1_267' title='bbox 490 2480 819 2535; x_wconf 88' lang='lat' dir='ltr'><strong>transeuntis</strong></span> <span class='ocrx_word' id='word_1_268' title='bbox 851 2480 901 2531; x_wconf 88' lang='lat' dir='ltr'><strong>iti</strong></span> <span class='ocrx_word' id='word_1_269' title='bbox 936 2479 1123 2532; x_wconf 91' lang='lat' dir='ltr'><strong>mortis</strong></span> <span class='ocrx_word' id='word_1_270' title='bbox 1177 2485 1450 2546; x_wconf 68' lang='lat' dir='ltr'><strong>perpetuae</strong></span> <span class='ocrx_word' id='word_1_271' title='bbox 1497 2475 1836 2530; x_wconf 87' lang='lat' dir='ltr'><strong>occasionem</strong></span> <span class='ocrx_word' id='word_1_272' title='bbox 1887 2475 2066 2527; x_wconf 81' lang='lat' dir='ltr'><strong>vertit.</strong></span> 
     </span>
    </p>
   </div>
   <div class='ocr_carea' id='block_1_40' title="bbox 481 2566 2070 2638">
    <p class='ocr_par' dir='ltr' id='par_1_40' title="bbox 481 2566 2070 2638">
     <span class='ocr_line' id='line_1_40' title="bbox 481 2566 2070 2638; baseline -0.008 -10"><span class='ocrx_word' id='word_1_273' title='bbox 481 2574 616 2628; x_wconf 86' lang='lat' dir='ltr'><strong>llinc</strong></span> <span class='ocrx_word' id='word_1_274' title='bbox 647 2582 728 2627; x_wconf 90' lang='lat' dir='ltr'><strong>est</strong></span> <span class='ocrx_word' id='word_1_275' title='bbox 751 2573 893 2626; x_wconf 88' lang='lat' dir='ltr'><strong>enim</strong></span> <span class='ocrx_word' id='word_1_276' title='bbox 924 2569 1066 2638; x_wconf 90' lang='lat' dir='ltr'><strong>quod</strong></span> <span class='ocrx_word' id='word_1_277' title='bbox 1099 2569 1199 2623; x_wconf 86' lang='lat' dir='ltr'><strong>sub</strong></span> <span class='ocrx_word' id='word_1_278' title='bbox 1230 2568 1580 2622; x_wconf 76' lang='lat' dir='ltr'><strong>ldumtcorum</strong></span> <span class='ocrx_word' id='word_1_279' title='bbox 1606 2582 1806 2635; x_wconf 77' lang='lat' dir='ltr'><strong>speete,</strong></span> <span class='ocrx_word' id='word_1_280' title='bbox 1835 2566 1924 2634; x_wconf 90' lang='lat' dir='ltr'><strong>qui</strong></span> <span class='ocrx_word' id='word_1_281' title='bbox 1954 2566 2070 2617; x_wconf 88' lang='lat' dir='ltr'><strong>vin-</strong></span> 
     </span>
    </p>
   </div>
   <div class='ocr_carea' id='block_1_41' title="bbox 482 2658 2071 2731">
    <p class='ocr_par' dir='ltr' id='par_1_41' title="bbox 482 2658 2071 2731">
     <span class='ocr_line' id='line_1_41' title="bbox 482 2658 2071 2731; baseline -0.006 -11"><span class='ocrx_word' id='word_1_282' title='bbox 482 2667 681 2721; x_wconf 85' lang='lat' dir='ltr'><strong>cendos</strong></span> <span class='ocrx_word' id='word_1_283' title='bbox 727 2664 754 2703; x_wconf 74' lang='grc' dir='ltr'>δ</span> <span class='ocrx_word' id='word_1_284' title='bbox 787 2680 846 2719; x_wconf 91' lang='lat' dir='ltr'><strong>se</strong></span> <span class='ocrx_word' id='word_1_285' title='bbox 894 2661 1236 2731; x_wconf 88' lang='lat' dir='ltr'><strong>prosperitati</strong></span> <span class='ocrx_word' id='word_1_286' title='bbox 1287 2676 1399 2715; x_wconf 62' lang='lat' dir='ltr'><strong>suae</strong></span> <span class='ocrx_word' id='word_1_287' title='bbox 1449 2660 1800 2728; x_wconf 88' lang='lat' dir='ltr'><strong>reliquerunt,</strong></span> <span class='ocrx_word' id='word_1_288' title='bbox 1834 2659 1884 2710; x_wconf 95' lang='lat' dir='ltr'><strong>in</strong></span> <span class='ocrx_word' id='word_1_289' title='bbox 1915 2658 2071 2723; x_wconf 77' lang='lat' dir='ltr'><strong>hujus</strong></span> 
     </span>
    </p>
   </div>
   <div class='ocr_carea' id='block_1_42' title="bbox 483 2738 2075 2820">
    <p class='ocr_par' dir='ltr' id='par_1_42' title="bbox 483 2738 2075 2820">
     <span class='ocr_line' id='line_1_42' title="bbox 483 2738 2075 2820; baseline -0.008 -7"><span class='ocrx_word' id='word_1_290' title='bbox 483 2757 666 2813; x_wconf 90' lang='lat' dir='ltr'><strong>mundi</strong></span> <span class='ocrx_word' id='word_1_291' title='bbox 696 2754 1036 2810; x_wconf 86' lang='lat' dir='ltr'><strong>successibus</strong></span> <span class='ocrx_word' id='word_1_292' title='bbox 1060 2753 1300 2807; x_wconf 76' lang='lat' dir='ltr'><strong>laetantes</strong></span> <span class='ocrx_word' id='word_1_293' title='bbox 1324 2752 1668 2820; x_wconf 89' lang='lat' dir='ltr'><strong>increpantur</strong></span> <span class='ocrx_word' id='word_1_294' title='bbox 1693 2766 1815 2805; x_wconf 90' lang='lat' dir='ltr'><strong>cum</strong></span> <span class='ocrx_word' id='word_1_295' title='bbox 1845 2738 2075 2804; x_wconf 59' lang='lat' dir='ltr'><strong>dicituri</strong></span> 
     </span>
    </p>
   </div>
   <div class='ocr_carea' id='block_1_43' title="bbox 485 2843 2072 2913">
    <p class='ocr_par' dir='ltr' id='par_1_43' title="bbox 485 2843 2072 2913">
     <span class='ocr_line' id='line_1_43' title="bbox 485 2843 2072 2913; baseline -0.006 -10"><span class='ocrx_word' id='word_1_296' title='bbox 485 2849 750 2903; x_wconf 88' lang='lat' dir='ltr'><strong>Dederunt</strong></span> <span class='ocrx_word' id='word_1_297' title='bbox 795 2858 982 2901; x_wconf 85' lang='lat' dir='ltr'><strong>terram</strong></span> <span class='ocrx_word' id='word_1_298' title='bbox 1022 2862 1183 2900; x_wconf 77' lang='lat' dir='ltr'><strong>nteant</strong></span> <span class='ocrx_word' id='word_1_299' title='bbox 1211 2844 1308 2897; x_wconf 85' lang='lat' dir='ltr'><strong>sibi</strong></span> <span class='ocrx_word' id='word_1_300' title='bbox 1340 2845 1391 2896; x_wconf 91' lang='lat' dir='ltr'><strong>in</strong></span> <span class='ocrx_word' id='word_1_301' title='bbox 1419 2843 1771 2896; x_wconf 69' lang='lat' dir='ltr'><strong>litereditaIem</strong></span> <span class='ocrx_word' id='word_1_302' title='bbox 1801 2859 1915 2895; x_wconf 89' lang='lat' dir='ltr'><strong>cum</strong></span> <span class='ocrx_word' id='word_1_303' title='bbox 1943 2859 2072 2913; x_wconf 87' lang='lat' dir='ltr'><strong>gau-</strong></span> 
     </span>
    </p>
   </div>
   <div class='ocr_carea' id='block_1_44' title="bbox 483 2933 2072 3005">
    <p class='ocr_par' dir='ltr' id='par_1_44' title="bbox 483 2933 2072 3005">
     <span class='ocr_line' id='line_1_44' title="bbox 483 2933 2072 3005; baseline -0.004 -12"><span class='ocrx_word' id='word_1_304' title='bbox 483 2942 591 3003; x_wconf 85' lang='lat' dir='ltr'><strong>dio,</strong></span> <span class='ocrx_word' id='word_1_305' title='bbox 612 2952 659 2993; x_wconf 92' lang='lat' dir='ltr'><strong>et</strong></span> <span class='ocrx_word' id='word_1_306' title='bbox 691 2950 794 2992; x_wconf 93' lang='lat' dir='ltr'><strong>toto</strong></span> <span class='ocrx_word' id='word_1_307' title='bbox 822 2941 993 3004; x_wconf 89' lang='lat' dir='ltr'><strong>corde,</strong></span> <span class='ocrx_word' id='word_1_308' title='bbox 1021 2948 1068 2990; x_wconf 78' lang='lat' dir='ltr'><strong>et</strong></span> <span class='ocrx_word' id='word_1_309' title='bbox 1093 2953 1159 2990; x_wconf 80' lang='lat' dir='ltr'><strong>ea:</strong></span> <span class='ocrx_word' id='word_1_310' title='bbox 1183 2937 1355 2989; x_wconf 89' lang='lat' dir='ltr'><strong>animo</strong></span> <span class='ocrx_word' id='word_1_311' title='bbox 1381 2934 1597 3005; x_wconf 76' lang='lat' dir='ltr'><strong>(Ezeclt.</strong></span> <span class='ocrx_word' id='word_1_312' title='bbox 1627 2949 1812 2998; x_wconf 76' lang='lat' dir='ltr'><strong>xxxvr,</strong></span> <span class='ocrx_word' id='word_1_313' title='bbox 1842 2933 1917 3002; x_wconf 81' lang='lat'><strong>5).</strong></span> <span class='ocrx_word' id='word_1_314' title='bbox 1945 2933 2072 2998; x_wconf 77' lang='lat' dir='ltr'><strong>Qui-</strong></span> 
     </span>
    </p>
   </div>
   <div class='ocr_carea' id='block_1_45' title="bbox 488 3027 2070 3099">
    <p class='ocr_par' dir='ltr' id='par_1_45' title="bbox 488 3027 2070 3099">
     <span class='ocr_line' id='line_1_45' title="bbox 488 3027 2070 3099; baseline -0.006 -13"><span class='ocrx_word' id='word_1_315' title='bbox 488 3035 588 3086; x_wconf 89' lang='lat' dir='ltr'><strong>bus</strong></span> <span class='ocrx_word' id='word_1_316' title='bbox 626 3031 801 3085; x_wconf 85' lang='lat' dir='ltr'><strong>verbis</strong></span> <span class='ocrx_word' id='word_1_317' title='bbox 852 3028 1223 3099; x_wconf 89' lang='lat' dir='ltr'><strong>perpenditur,</strong></span> <span class='ocrx_word' id='word_1_318' title='bbox 1270 3028 1412 3096; x_wconf 90' lang='lat' dir='ltr'><strong>quod</strong></span> <span class='ocrx_word' id='word_1_319' title='bbox 1447 3041 1552 3080; x_wconf 92' lang='lat' dir='ltr'><strong>non</strong></span> <span class='ocrx_word' id='word_1_320' title='bbox 1586 3031 1759 3078; x_wconf 88' lang='lat' dir='ltr'><strong>solum</strong></span> <span class='ocrx_word' id='word_1_321' title='bbox 1789 3027 1910 3094; x_wconf 91' lang='lat' dir='ltr'><strong>quia</strong></span> <span class='ocrx_word' id='word_1_322' title='bbox 1941 3039 2070 3092; x_wconf 86' lang='lat' dir='ltr'><strong>gau-</strong></span> 
     </span>
    </p>
   </div>
   <div class='ocr_carea' id='block_1_46' title="bbox 487 3116 2067 3191">
    <p class='ocr_par' dir='ltr' id='par_1_46' title="bbox 487 3116 2067 3191">
     <span class='ocr_line' id='line_1_46' title="bbox 487 3116 2067 3191; baseline -0.008 -12"><span class='ocrx_word' id='word_1_323' title='bbox 487 3127 670 3190; x_wconf 89' lang='lat' dir='ltr'><strong>deant,</strong></span> <span class='ocrx_word' id='word_1_324' title='bbox 720 3123 812 3178; x_wconf 90' lang='lat' dir='ltr'><strong>sed</strong></span> <span class='ocrx_word' id='word_1_325' title='bbox 862 3122 1005 3191; x_wconf 89' lang='lat' dir='ltr'><strong>quod</strong></span> <span class='ocrx_word' id='word_1_326' title='bbox 1038 3129 1146 3174; x_wconf 89' lang='lat' dir='ltr'><strong>toto</strong></span> <span class='ocrx_word' id='word_1_327' title='bbox 1173 3121 1336 3174; x_wconf 87' lang='lat' dir='ltr'><strong>corde</strong></span> <span class='ocrx_word' id='word_1_328' title='bbox 1361 3130 1414 3173; x_wconf 92' lang='lat' dir='ltr'><strong>et</strong></span> <span class='ocrx_word' id='word_1_329' title='bbox 1447 3133 1515 3171; x_wconf 78' lang='lat' dir='ltr'><strong>ex</strong></span> <span class='ocrx_word' id='word_1_330' title='bbox 1555 3117 1734 3171; x_wconf 90' lang='lat' dir='ltr'><strong>animo</strong></span> <span class='ocrx_word' id='word_1_331' title='bbox 1776 3116 2067 3185; x_wconf 78' lang='lat' dir='ltr'><strong>gaudeant,</strong></span> 
     </span>
    </p>
   </div>
   <div class='ocr_carea' id='block_1_47' title="bbox 2175 1933 3764 2002">
    <p class='ocr_par' dir='ltr' id='par_1_47' title="bbox 2175 1933 3764 2002">
     <span class='ocr_line' id='line_1_47' title="bbox 2175 1933 3764 2002; baseline 0 -17"><span class='ocrx_word' id='word_1_332' title='bbox 2175 1935 2504 2001; x_wconf 88' lang='lat' dir='ltr'><strong>promissore</strong></span> <span class='ocrx_word' id='word_1_333' title='bbox 2531 1947 2631 1987; x_wconf 91' lang='lat' dir='ltr'><strong>suo</strong></span> <span class='ocrx_word' id='word_1_334' title='bbox 2661 1947 2766 1986; x_wconf 92' lang='lat' dir='ltr'><strong>non</strong></span> <span class='ocrx_word' id='word_1_335' title='bbox 2799 1933 2961 1986; x_wconf 92' lang='lat' dir='ltr'><strong>etiam</strong></span> <span class='ocrx_word' id='word_1_336' title='bbox 2984 1947 3014 1986; x_wconf 93' lang='lat' dir='ltr'><strong>e</strong></span> <span class='ocrx_word' id='word_1_337' title='bbox 3042 1934 3219 1986; x_wconf 86' lang='lat' dir='ltr'><strong>vicino</strong></span> <span class='ocrx_word' id='word_1_338' title='bbox 3247 1933 3444 2002; x_wconf 89' lang='lat' dir='ltr'><strong>aliquid</strong></span> <span class='ocrx_word' id='word_1_339' title='bbox 3488 1935 3764 2001; x_wconf 77' lang='lat' dir='ltr'><strong>percepis-</strong></span> 
     </span>
    </p>
   </div>
   <div class='ocr_carea' id='block_1_48' title="bbox 2174 2023 3761 2093">
    <p class='ocr_par' dir='ltr' id='par_1_48' title="bbox 2174 2023 3761 2093">
     <span class='ocr_line' id='line_1_48' title="bbox 2174 2023 3761 2093; baseline -0.001 -15"><span class='ocrx_word' id='word_1_340' title='bbox 2174 2034 2276 2078; x_wconf 88' lang='lat' dir='ltr'><strong>set.</strong></span> <span class='ocrx_word' id='word_1_341' title='bbox 2325 2023 2394 2078; x_wconf 87' lang='lat' dir='ltr'><strong>Ut</strong></span> <span class='ocrx_word' id='word_1_342' title='bbox 2423 2039 2554 2093; x_wconf 86' lang='lat' dir='ltr'><strong>ergo</strong></span> <span class='ocrx_word' id='word_1_343' title='bbox 2580 2025 2644 2077; x_wconf 90' lang='lat' dir='ltr'><strong>ad</strong></span> <span class='ocrx_word' id='word_1_344' title='bbox 2676 2034 3000 2078; x_wconf 71' lang='lat' dir='ltr'><strong>aeternorum</strong></span> <span class='ocrx_word' id='word_1_345' title='bbox 3033 2024 3189 2078; x_wconf 75' lang='lat' dir='ltr'><strong>[idem</strong></span> <span class='ocrx_word' id='word_1_346' title='bbox 3220 2025 3419 2078; x_wconf 90' lang='lat' dir='ltr'><strong>certius</strong></span> <span class='ocrx_word' id='word_1_347' title='bbox 3450 2025 3761 2088; x_wconf 86' lang='lat' dir='ltr'><strong>roboretur,</strong></span> 
     </span>
    </p>
   </div>
   <div class='ocr_carea' id='block_1_49' title="bbox 2176 2115 3766 2184">
    <p class='ocr_par' dir='ltr' id='par_1_49' title="bbox 2176 2115 3766 2184">
     <span class='ocr_line' id='line_1_49' title="bbox 2176 2115 3766 2184; baseline -0.002 -14"><span class='ocrx_word' id='word_1_348' title='bbox 2176 2131 2512 2184; x_wconf 89' lang='lat' dir='ltr'><strong>nequaquam</strong></span> <span class='ocrx_word' id='word_1_349' title='bbox 2554 2116 2894 2168; x_wconf 79' lang='lat' dir='ltr'><strong>solummodo</strong></span> <span class='ocrx_word' id='word_1_350' title='bbox 2927 2131 3023 2182; x_wconf 90' lang='lat' dir='ltr'><strong>spe</strong></span> <span class='ocrx_word' id='word_1_351' title='bbox 3053 2115 3116 2168; x_wconf 92' lang='lat' dir='ltr'><strong>ad</strong></span> <span class='ocrx_word' id='word_1_352' title='bbox 3144 2130 3251 2177; x_wconf 90' lang='lat' dir='ltr'><strong>res,</strong></span> <span class='ocrx_word' id='word_1_353' title='bbox 3286 2115 3380 2170; x_wconf 91' lang='lat' dir='ltr'><strong>sed</strong></span> <span class='ocrx_word' id='word_1_354' title='bbox 3421 2115 3579 2168; x_wconf 89' lang='lat' dir='ltr'><strong>rebus</strong></span> <span class='ocrx_word' id='word_1_355' title='bbox 3626 2131 3766 2184; x_wconf 86' lang='lat' dir='ltr'><strong>quo-</strong></span> 
     </span>
    </p>
   </div>
   <div class='ocr_carea' id='block_1_50' title="bbox 2173 2207 3766 2277">
    <p class='ocr_par' dir='ltr' id='par_1_50' title="bbox 2173 2207 3766 2277">
     <span class='ocr_line' id='line_1_50' title="bbox 2173 2207 3766 2277; baseline 0.001 -20"><span class='ocrx_word' id='word_1_356' title='bbox 2173 2222 2275 2277; x_wconf 88' lang='lat' dir='ltr'><strong>que</strong></span> <span class='ocrx_word' id='word_1_357' title='bbox 2298 2209 2364 2260; x_wconf 89' lang='lat' dir='ltr'><strong>ad</strong></span> <span class='ocrx_word' id='word_1_358' title='bbox 2396 2222 2547 2274; x_wconf 87' lang='lat' dir='ltr'><strong>spem</strong></span> <span class='ocrx_word' id='word_1_359' title='bbox 2582 2207 2830 2262; x_wconf 79' lang='lat' dir='ltr'><strong>trahitur.</strong></span> <span class='ocrx_word' id='word_1_360' title='bbox 2879 2208 3031 2272; x_wconf 86' lang='lat' dir='ltr'><strong>Quod</strong></span> <span class='ocrx_word' id='word_1_361' title='bbox 3061 2208 3262 2275; x_wconf 90' lang='lat' dir='ltr'><strong>liquido</strong></span> <span class='ocrx_word' id='word_1_362' title='bbox 3284 2207 3564 2262; x_wconf 76' lang='lat' dir='ltr'><strong>Psalmista</strong></span> <span class='ocrx_word' id='word_1_363' title='bbox 3595 2218 3766 2262; x_wconf 86' lang='lat' dir='ltr'><strong>teSta-</strong></span> 
     </span>
    </p>
   </div>
   <div class='ocr_carea' id='block_1_51' title="bbox 2175 2296 3768 2366">
    <p class='ocr_par' dir='ltr' id='par_1_51' title="bbox 2175 2296 3768 2366">
     <span class='ocr_line' id='line_1_51' title="bbox 2175 2296 3768 2366; baseline -0.003 -15"><span class='ocrx_word' id='word_1_364' title='bbox 2175 2309 2293 2361; x_wconf 90' lang='lat' dir='ltr'><strong>tur,</strong></span> <span class='ocrx_word' id='word_1_365' title='bbox 2325 2297 2507 2351; x_wconf 89' lang='lat' dir='ltr'><strong>dicens</strong></span> <span class='ocrx_word' id='word_1_366' title='bbox 2535 2314 2546 2349; x_wconf 90' lang='lat'>:</span> <span class='ocrx_word' id='word_1_367' title='bbox 2574 2296 2725 2348; x_wconf 93' lang='lat' dir='ltr'><strong>Dedit</strong></span> <span class='ocrx_word' id='word_1_368' title='bbox 2776 2297 2848 2349; x_wconf 89' lang='lat' dir='ltr'><strong>eis</strong></span> <span class='ocrx_word' id='word_1_369' title='bbox 2897 2297 3128 2363; x_wconf 64' lang='lat' dir='ltr'><strong>regiones</strong></span> <span class='ocrx_word' id='word_1_370' title='bbox 3167 2298 3412 2366; x_wconf 83' lang='lat' dir='ltr'><strong>gentium,</strong></span> <span class='ocrx_word' id='word_1_371' title='bbox 3467 2308 3515 2350; x_wconf 88' lang='lat' dir='ltr'><strong>et</strong></span> <span class='ocrx_word' id='word_1_372' title='bbox 3561 2298 3768 2350; x_wconf 82' lang='lat' dir='ltr'><strong>labores</strong></span> 
     </span>
    </p>
   </div>
   <div class='ocr_carea' id='block_1_52' title="bbox 2176 2389 3768 2459">
    <p class='ocr_par' dir='ltr' id='par_1_52' title="bbox 2176 2389 3768 2459">
     <span class='ocr_line' id='line_1_52' title="bbox 2176 2389 3768 2459; baseline -0.002 -18"><span class='ocrx_word' id='word_1_373' title='bbox 2176 2391 2487 2458; x_wconf 80' lang='lat' dir='ltr'><strong>populorum</strong></span> <span class='ocrx_word' id='word_1_374' title='bbox 2532 2392 2980 2455; x_wconf 86' lang='lat' dir='ltr'><strong>possederunt:ut</strong></span> <span class='ocrx_word' id='word_1_375' title='bbox 3029 2389 3321 2442; x_wconf 79' lang='lat' dir='ltr'><strong>custodiant</strong></span> <span class='ocrx_word' id='word_1_376' title='bbox 3356 2389 3768 2459; x_wconf 81' lang='lat' dir='ltr'><strong>justiﬁcationes</strong></span> 
     </span>
    </p>
   </div>
   <div class='ocr_carea' id='block_1_53' title="bbox 2173 2479 3769 2551">
    <p class='ocr_par' dir='ltr' id='par_1_53' title="bbox 2173 2479 3769 2551">
     <span class='ocr_line' id='line_1_53' title="bbox 2173 2479 3769 2551; baseline -0.002 -18"><span class='ocrx_word' id='word_1_377' title='bbox 2173 2482 2304 2551; x_wconf 86' lang='lat' dir='ltr'><strong>ejus,</strong></span> <span class='ocrx_word' id='word_1_378' title='bbox 2322 2493 2368 2533; x_wconf 90' lang='lat' dir='ltr'><strong>et</strong></span> <span class='ocrx_word' id='word_1_379' title='bbox 2387 2481 2543 2550; x_wconf 85' lang='lat' dir='ltr'><strong>legem</strong></span> <span class='ocrx_word' id='word_1_380' title='bbox 2564 2483 2677 2546; x_wconf 79' lang='lat' dir='ltr'><strong>eius</strong></span> <span class='ocrx_word' id='word_1_381' title='bbox 2705 2481 2967 2549; x_wconf 86' lang='lat' dir='ltr'><strong>requirunt</strong></span> <span class='ocrx_word' id='word_1_382' title='bbox 2992 2479 3106 2549; x_wconf 85' lang='lat' dir='ltr'><strong>(Ps.</strong></span> <span class='ocrx_word' id='word_1_383' title='bbox 3127 2480 3360 2547; x_wconf 59' lang='lat' dir='ltr'><strong>om“).</strong></span> <span class='ocrx_word' id='word_1_384' title='bbox 3382 2480 3490 2533; x_wconf 76' lang='lat' dir='ltr'><strong>Sed</strong></span> <span class='ocrx_word' id='word_1_385' title='bbox 3510 2495 3637 2533; x_wconf 90' lang='lat' dir='ltr'><strong>cum</strong></span> <span class='ocrx_word' id='word_1_386' title='bbox 3659 2481 3769 2531; x_wconf 79' lang='lat' dir='ltr'><strong>lar-</strong></span> 
     </span>
    </p>
   </div>
   <div class='ocr_carea' id='block_1_54' title="bbox 2173 2571 3771 2644">
    <p class='ocr_par' dir='ltr' id='par_1_54' title="bbox 2173 2571 3771 2644">
     <span class='ocr_line' id='line_1_54' title="bbox 2173 2571 3771 2644; baseline -0.003 -18"><span class='ocrx_word' id='word_1_387' title='bbox 2173 2575 2404 2644; x_wconf 85' lang='lat' dir='ltr'><strong>gientem</strong></span> <span class='ocrx_word' id='word_1_388' title='bbox 2465 2576 2629 2626; x_wconf 84' lang='lat' dir='ltr'><strong>Deum</strong></span> <span class='ocrx_word' id='word_1_389' title='bbox 2681 2573 2912 2626; x_wconf 87' lang='lat' dir='ltr'><strong>humana</strong></span> <span class='ocrx_word' id='word_1_390' title='bbox 2971 2586 3124 2625; x_wconf 89' lang='lat' dir='ltr'><strong>mens</strong></span> <span class='ocrx_word' id='word_1_391' title='bbox 3177 2572 3298 2624; x_wconf 87' lang='lat' dir='ltr'><strong>boni</strong></span> <span class='ocrx_word' id='word_1_392' title='bbox 3350 2571 3530 2639; x_wconf 83' lang='lat' dir='ltr'><strong>operis</strong></span> <span class='ocrx_word' id='word_1_393' title='bbox 3573 2578 3599 2608; x_wconf 72' lang='grc'><strong><em>⁸</em></strong></span> <span class='ocrx_word' id='word_1_394' title='bbox 3651 2584 3771 2624; x_wconf 88' lang='lat' dir='ltr'><strong>res-</strong></span> 
     </span>
    </p>
   </div>
   <div class='ocr_carea' id='block_1_55' title="bbox 2176 2661 3768 2734">
    <p class='ocr_par' dir='ltr' id='par_1_55' title="bbox 2176 2661 3768 2734">
     <span class='ocr_line' id='line_1_55' title="bbox 2176 2661 3768 2734; baseline -0.006 -12"><span class='ocrx_word' id='word_1_395' title='bbox 2176 2669 2436 2733; x_wconf 85' lang='lat' dir='ltr'><strong>ponsione</strong></span> <span class='ocrx_word' id='word_1_396' title='bbox 2485 2681 2588 2721; x_wconf 87' lang='lat' dir='ltr'><strong>non</strong></span> <span class='ocrx_word' id='word_1_397' title='bbox 2639 2666 2902 2734; x_wconf 88' lang='lat' dir='ltr'><strong>sequitur.</strong></span> <span class='ocrx_word' id='word_1_398' title='bbox 2956 2663 3097 2716; x_wconf 91' lang='lat' dir='ltr'><strong>unde</strong></span> <span class='ocrx_word' id='word_1_399' title='bbox 3146 2663 3343 2716; x_wconf 87' lang='lat' dir='ltr'><strong>nutrita</strong></span> <span class='ocrx_word' id='word_1_400' title='bbox 3376 2663 3462 2730; x_wconf 90' lang='lat' dir='ltr'><strong>pie</strong></span> <span class='ocrx_word' id='word_1_401' title='bbox 3489 2661 3768 2721; x_wconf 88' lang='lat' dir='ltr'><strong>creditur,</strong></span> 
     </span>
    </p>
   </div>
   <div class='ocr_carea' id='block_1_56' title="bbox 2177 2753 3770 2830">
    <p class='ocr_par' dir='ltr' id='par_1_56' title="bbox 2177 2753 3770 2830">
     <span class='ocr_line' id='line_1_56' title="bbox 2177 2753 3770 2830; baseline -0.003 -18"><span class='ocrx_word' id='word_1_402' title='bbox 2177 2760 2300 2814; x_wconf 91' lang='lat' dir='ltr'><strong>inde</strong></span> <span class='ocrx_word' id='word_1_403' title='bbox 2339 2758 2543 2830; x_wconf 66' lang='lat' dir='ltr'><strong>iustius</strong></span> <span class='ocrx_word' id='word_1_404' title='bbox 2582 2756 2894 2810; x_wconf 82' lang='lat' dir='ltr'><strong>damnatur.</strong></span> <span class='ocrx_word' id='word_1_405' title='bbox 2950 2754 3083 2807; x_wconf 91' lang='lat' dir='ltr'><strong>llinc</strong></span> <span class='ocrx_word' id='word_1_406' title='bbox 3126 2756 3267 2806; x_wconf 67' lang='lat' dir='ltr'><strong>enim</strong></span> <span class='ocrx_word' id='word_1_407' title='bbox 3303 2768 3396 2822; x_wconf 91' lang='lat' dir='ltr'><strong>per</strong></span> <span class='ocrx_word' id='word_1_408' title='bbox 3424 2753 3770 2807; x_wconf 82' lang='lat' dir='ltr'><strong>Psaltnistant</strong></span> 
     </span>
    </p>
   </div>
   <div class='ocr_carea' id='block_1_57' title="bbox 2174 2843 3770 2918">
    <p class='ocr_par' dir='ltr' id='par_1_57' title="bbox 2174 2843 3770 2918">
     <span class='ocr_line' id='line_1_57' title="bbox 2174 2843 3770 2918; baseline -0.006 -13"><span class='ocrx_word' id='word_1_409' title='bbox 2174 2867 2388 2905; x_wconf 88' lang='lat' dir='ltr'><strong>rursum</strong></span> <span class='ocrx_word' id='word_1_410' title='bbox 2418 2850 2613 2903; x_wconf 92' lang='lat' dir='ltr'><strong>dicitur</strong></span> <span class='ocrx_word' id='word_1_411' title='bbox 2639 2867 2651 2899; x_wconf 89' lang='lat'><strong>:</strong></span> <span class='ocrx_word' id='word_1_412' title='bbox 2683 2847 2924 2918; x_wconf 87' lang='lat' dir='ltr'><strong>Dejecisti</strong></span> <span class='ocrx_word' id='word_1_413' title='bbox 2953 2861 3057 2906; x_wconf 76' lang='lat' dir='ltr'><strong>eos.</strong></span> <span class='ocrx_word' id='word_1_414' title='bbox 3087 2847 3211 2897; x_wconf 88' lang='lat' dir='ltr'><strong>dum</strong></span> <span class='ocrx_word' id='word_1_415' title='bbox 3255 2845 3594 2898; x_wconf 75' lang='lat' dir='ltr'><strong>alienarentur</strong></span> <span class='ocrx_word' id='word_1_416' title='bbox 3637 2843 3770 2916; x_wconf 82' lang='lat' dir='ltr'><strong>(Ps.</strong></span> 
     </span>
    </p>
   </div>
   <div class='ocr_carea' id='block_1_58' title="bbox 2175 2935 3770 3009">
    <p class='ocr_par' dir='ltr' id='par_1_58' title="bbox 2175 2935 3770 3009">
     <span class='ocr_line' id='line_1_58' title="bbox 2175 2935 3770 3009; baseline -0.005 -14"><span class='ocrx_word' id='word_1_417' title='bbox 2175 2957 2342 3006; x_wconf 78' lang='lat' dir='ltr'><strong>Lxxu,</strong></span> <span class='ocrx_word' id='word_1_418' title='bbox 2374 2941 2483 3009; x_wconf 83' lang='grc'><strong>18).</strong></span> <span class='ocrx_word' id='word_1_419' title='bbox 2527 2940 2659 3003; x_wconf 77' lang='lat' dir='ltr'><strong>Quia</strong></span> <span class='ocrx_word' id='word_1_420' title='bbox 2702 2938 2954 2992; x_wconf 88' lang='lat' dir='ltr'><strong>videlicet</strong></span> <span class='ocrx_word' id='word_1_421' title='bbox 3001 2935 3218 3005; x_wconf 86' lang='lat' dir='ltr'><strong>reprobi</strong></span> <span class='ocrx_word' id='word_1_422' title='bbox 3254 2950 3373 2988; x_wconf 89' lang='lat' dir='ltr'><strong>cum</strong></span> <span class='ocrx_word' id='word_1_423' title='bbox 3406 2945 3549 2988; x_wconf 89' lang='lat' dir='ltr'><strong>recta</strong></span> <span class='ocrx_word' id='word_1_424' title='bbox 3598 2949 3770 3002; x_wconf 82' lang='lat' dir='ltr'><strong>opera</strong></span> 
     </span>
    </p>
   </div>
   <div class='ocr_carea' id='block_1_59' title="bbox 2173 3024 3772 3097">
    <p class='ocr_par' dir='ltr' id='par_1_59' title="bbox 2173 3024 3772 3097">
     <span class='ocr_line' id='line_1_59' title="bbox 2173 3024 3772 3097; baseline -0.008 -9"><span class='ocrx_word' id='word_1_425' title='bbox 2173 3034 2371 3088; x_wconf 90' lang='lat' dir='ltr'><strong>divinis</strong></span> <span class='ocrx_word' id='word_1_426' title='bbox 2412 3032 2726 3085; x_wconf 82' lang='lat' dir='ltr'><strong>muneribus</strong></span> <span class='ocrx_word' id='word_1_427' title='bbox 2768 3045 2872 3083; x_wconf 91' lang='lat' dir='ltr'><strong>non</strong></span> <span class='ocrx_word' id='word_1_428' title='bbox 2909 3028 3231 3097; x_wconf 87' lang='lat' dir='ltr'><strong>rependunt,</strong></span> <span class='ocrx_word' id='word_1_429' title='bbox 3262 3041 3383 3079; x_wconf 90' lang='lat' dir='ltr'><strong>cum</strong></span> <span class='ocrx_word' id='word_1_430' title='bbox 3415 3034 3556 3079; x_wconf 88' lang='lat' dir='ltr'><strong>totos</strong></span> <span class='ocrx_word' id='word_1_431' title='bbox 3586 3039 3648 3078; x_wconf 91' lang='lat' dir='ltr'><strong>se</strong></span> <span class='ocrx_word' id='word_1_432' title='bbox 3679 3024 3772 3078; x_wconf 85' lang='lat' dir='ltr'><strong>hic</strong></span> 
     </span>
    </p>
   </div>
   <div class='ocr_carea' id='block_1_60' title="bbox 2175 3120 3772 3192">
    <p class='ocr_par' dir='ltr' id='par_1_60' title="bbox 2175 3120 3772 3192">
     <span class='ocr_line' id='line_1_60' title="bbox 2175 3120 3772 3192; baseline -0.005 -12"><span class='ocrx_word' id='word_1_433' title='bbox 2175 3127 2451 3189; x_wconf 88' lang='lat' dir='ltr'><strong>deserunt,</strong></span> <span class='ocrx_word' id='word_1_434' title='bbox 2502 3133 2556 3178; x_wconf 93' lang='lat' dir='ltr'><strong>et</strong></span> <span class='ocrx_word' id='word_1_435' title='bbox 2603 3123 2945 3177; x_wconf 82' lang='lat' dir='ltr'><strong>afﬂuentibus</strong></span> <span class='ocrx_word' id='word_1_436' title='bbox 2989 3121 3434 3192; x_wconf 65' lang='lat' dir='ltr'><strong>ptosiieritatibus</strong></span> <span class='ocrx_word' id='word_1_437' title='bbox 3467 3120 3772 3184; x_wconf 75' lang='lat' dir='ltr'><strong>dimittunt,</strong></span> 
     </span>
    </p>
   </div>
   <div class='ocr_carea' id='block_1_61' title="bbox 487 3196 3773 3287">
    <p class='ocr_par' dir='ltr' id='par_1_61' title="bbox 487 3196 3773 3287">
     <span class='ocr_line' id='line_1_61' title="bbox 487 3196 3773 3287; baseline -0.007 -17"><span class='ocrx_word' id='word_1_438' title='bbox 487 3217 723 3270; x_wconf 82' lang='lat' dir='ltr'><strong>districta</strong></span> <span class='ocrx_word' id='word_1_439' title='bbox 749 3212 1166 3282; x_wconf 86' lang='lat' dir='ltr'><strong>reprehensione</strong></span> <span class='ocrx_word' id='word_1_440' title='bbox 1193 3210 1471 3264; x_wconf 84' lang='lat' dir='ltr'><strong>feriantur.</strong></span> <span class='ocrx_word' id='word_1_441' title='bbox 1507 3210 1638 3262; x_wconf 90' lang='lat' dir='ltr'><strong>Ilinc</strong></span> <span class='ocrx_word' id='word_1_442' title='bbox 1669 3207 1922 3262; x_wconf 88' lang='lat' dir='ltr'><strong>Salomon</strong></span> <span class='ocrx_word' id='word_1_443' title='bbox 1955 3207 2064 3260; x_wconf 89' lang='lat' dir='ltr'><strong>ait:</strong></span> <span class='ocrx_word' id='word_1_444' title='bbox 2096 3196 2143 3258; x_wconf 84' lang='lat' dir='ltr'><strong>C</strong></span> <span class='ocrx_word' id='word_1_445' title='bbox 2181 3221 2320 3275; x_wconf 70' lang='lat' dir='ltr'><strong>unde</strong></span> <span class='ocrx_word' id='word_1_446' title='bbox 2373 3219 2607 3274; x_wconf 53' lang='lat' dir='ltr'><strong>exterius</strong></span> <span class='ocrx_word' id='word_1_447' title='bbox 2649 3218 2960 3287; x_wconf 60' lang='grc' dir='ltr'><strong>ριιυίίοίυηι,</strong></span> <span class='ocrx_word' id='word_1_448' title='bbox 3011 3215 3134 3268; x_wconf 72' lang='lat' dir='ltr'><strong>inde</strong></span> <span class='ocrx_word' id='word_1_449' title='bbox 3181 3215 3248 3267; x_wconf 69' lang='lat' dir='ltr'><strong>ab</strong></span> <span class='ocrx_word' id='word_1_450' title='bbox 3297 3214 3496 3268; x_wconf 63' lang='lat' dir='ltr'><strong>inlimis</strong></span> <span class='ocrx_word' id='word_1_451' title='bbox 3543 3213 3773 3267; x_wconf 52' lang='lat' dir='ltr'><strong>cadum.</strong></span> 
     </span>
    </p>
   </div>
   <div class='ocr_carea' id='block_1_62' title="bbox 489 3301 2074 3373">
    <p class='ocr_par' dir='ltr' id='par_1_62' title="bbox 489 3301 2074 3373">
     <span class='ocr_line' id='line_1_62' title="bbox 489 3301 2074 3373; baseline -0.007 -13"><span class='ocrx_word' id='word_1_452' title='bbox 489 3307 693 3361; x_wconf 67' lang='lat' dir='ltr'><strong>At&#39;ersio</strong></span> <span class='ocrx_word' id='word_1_453' title='bbox 723 3303 1054 3373; x_wconf 83' lang='lat' dir='ltr'><strong>parvulorum</strong></span> <span class='ocrx_word' id='word_1_454' title='bbox 1079 3302 1349 3371; x_wconf 73' lang='lat' dir='ltr'><strong>interﬁciat</strong></span> <span class='ocrx_word' id='word_1_455' title='bbox 1383 3317 1491 3368; x_wconf 86' lang='lat' dir='ltr'><strong>eos,</strong></span> <span class='ocrx_word' id='word_1_456' title='bbox 1523 3311 1569 3354; x_wconf 87' lang='lat' dir='ltr'><strong>et</strong></span> <span class='ocrx_word' id='word_1_457' title='bbox 1601 3301 1914 3370; x_wconf 81' lang='lat' dir='ltr'><strong>prosperitas</strong></span> <span class='ocrx_word' id='word_1_458' title='bbox 1942 3301 2074 3351; x_wconf 82' lang='lat' dir='ltr'><strong>stut-</strong></span> 
     </span>
    </p>
   </div>
   <div class='ocr_carea' id='block_1_63' title="bbox 489 3393 2076 3468">
    <p class='ocr_par' dir='ltr' id='par_1_63' title="bbox 489 3393 2076 3468">
     <span class='ocr_line' id='line_1_63' title="bbox 489 3393 2076 3468; baseline -0.005 -16"><span class='ocrx_word' id='word_1_459' title='bbox 489 3411 653 3452; x_wconf 86' lang='lat' dir='ltr'><strong>torum</strong></span> <span class='ocrx_word' id='word_1_460' title='bbox 683 3399 856 3468; x_wconf 82' lang='lat' dir='ltr'><strong>perdet</strong></span> <span class='ocrx_word' id='word_1_461' title='bbox 885 3397 1002 3449; x_wconf 76' lang='lat' dir='ltr'><strong>illos</strong></span> <span class='ocrx_word' id='word_1_462' title='bbox 1032 3396 1218 3464; x_wconf 80' lang='lat' dir='ltr'><strong>(Prov.</strong></span> <span class='ocrx_word' id='word_1_463' title='bbox 1252 3410 1293 3458; x_wconf 84' lang='grc' dir='ltr'><strong>ι,</strong></span> <span class='ocrx_word' id='word_1_464' title='bbox 1323 3394 1443 3462; x_wconf 70' lang='grc'><strong>52).</strong></span> <span class='ocrx_word' id='word_1_465' title='bbox 1477 3394 1608 3448; x_wconf 83' lang='lat' dir='ltr'><strong>Hinc</strong></span> <span class='ocrx_word' id='word_1_466' title='bbox 1659 3393 1851 3446; x_wconf 84' lang='lat' dir='ltr'><strong>Paulus</strong></span> <span class='ocrx_word' id='word_1_467' title='bbox 1891 3395 2076 3446; x_wconf 81' lang='lat' dir='ltr'><strong>admo-</strong></span> 
     </span>
    </p>
   </div>
   <div class='ocr_carea' id='block_1_64' title="bbox 488 3488 2070 3555">
    <p class='ocr_par' dir='ltr' id='par_1_64' title="bbox 488 3488 2070 3555">
     <span class='ocr_line' id='line_1_64' title="bbox 488 3488 2070 3555; baseline -0.006 -9"><span class='ocrx_word' id='word_1_468' title='bbox 488 3504 579 3548; x_wconf 89' lang='lat' dir='ltr'><strong>net</strong></span> <span class='ocrx_word' id='word_1_469' title='bbox 627 3492 849 3546; x_wconf 86' lang='lat' dir='ltr'><strong>dicens:</strong></span> <span class='ocrx_word' id='word_1_470' title='bbox 878 3489 976 3555; x_wconf 83' lang='lat' dir='ltr'><strong>Qui</strong></span> <span class='ocrx_word' id='word_1_471' title='bbox 1005 3497 1195 3550; x_wconf 79' lang='lat' dir='ltr'><strong>eruunt,</strong></span> <span class='ocrx_word' id='word_1_472' title='bbox 1238 3497 1482 3554; x_wconf 88' lang='lat' dir='ltr'><strong>tanquam</strong></span> <span class='ocrx_word' id='word_1_473' title='bbox 1516 3503 1616 3538; x_wconf 86' lang='lat' dir='ltr'><strong>non</strong></span> <span class='ocrx_word' id='word_1_474' title='bbox 1649 3488 1982 3553; x_wconf 82' lang='lat' dir='ltr'><strong>possidentes,</strong></span> <span class='ocrx_word' id='word_1_475' title='bbox 2024 3494 2070 3536; x_wconf 91' lang='lat' dir='ltr'><strong>et</strong></span> 
     </span>
    </p>
   </div>
   <div class='ocr_carea' id='block_1_65' title="bbox 490 3577 2072 3658">
    <p class='ocr_par' dir='ltr' id='par_1_65' title="bbox 490 3577 2072 3658">
     <span class='ocr_line' id='line_1_65' title="bbox 490 3577 2072 3658; baseline -0.008 -17"><span class='ocrx_word' id='word_1_476' title='bbox 490 3588 573 3658; x_wconf 78' lang='lat' dir='ltr'><strong>qui</strong></span> <span class='ocrx_word' id='word_1_477' title='bbox 616 3594 827 3639; x_wconf 82' lang='lat' dir='ltr'><strong>utuntur</strong></span> <span class='ocrx_word' id='word_1_478' title='bbox 857 3587 950 3636; x_wconf 80' lang='lat' dir='ltr'><strong>hoc</strong></span> <span class='ocrx_word' id='word_1_479' title='bbox 986 3581 1195 3643; x_wconf 86' lang='lat' dir='ltr'><strong>mundo,</strong></span> <span class='ocrx_word' id='word_1_480' title='bbox 1229 3591 1474 3647; x_wconf 85' lang='lat' dir='ltr'><strong>tanquam</strong></span> <span class='ocrx_word' id='word_1_481' title='bbox 1497 3595 1595 3630; x_wconf 88' lang='lat' dir='ltr'><strong>non</strong></span> <span class='ocrx_word' id='word_1_482' title='bbox 1627 3587 1837 3630; x_wconf 86' lang='lat' dir='ltr'><strong>utantur</strong></span> <span class='ocrx_word' id='word_1_483' title='bbox 1869 3577 1919 3646; x_wconf 88' lang='grc' dir='ltr'><strong>(ι</strong></span> <span class='ocrx_word' id='word_1_484' title='bbox 1955 3579 2072 3632; x_wconf 86' lang='lat' dir='ltr'><strong>Cor.</strong></span> 
     </span>
    </p>
   </div>
   <div class='ocr_carea' id='block_1_66' title="bbox 489 3671 2076 3746">
    <p class='ocr_par' dir='ltr' id='par_1_66' title="bbox 489 3671 2076 3746">
     <span class='ocr_line' id='line_1_66' title="bbox 489 3671 2076 3746; baseline -0.008 -14"><span class='ocrx_word' id='word_1_485' title='bbox 489 3695 585 3743; x_wconf 84' lang='lat' dir='ltr'><strong>vn,</strong></span> <span class='ocrx_word' id='word_1_486' title='bbox 613 3676 726 3746; x_wconf 74' lang='lat'><strong>30).</strong></span> <span class='ocrx_word' id='word_1_487' title='bbox 768 3675 836 3730; x_wconf 74' lang='lat' dir='ltr'><strong>lit</strong></span> <span class='ocrx_word' id='word_1_488' title='bbox 868 3674 1116 3726; x_wconf 83' lang='lat' dir='ltr'><strong>videlicet</strong></span> <span class='ocrx_word' id='word_1_489' title='bbox 1152 3672 1229 3724; x_wconf 89' lang='lat' dir='ltr'><strong>sic</strong></span> <span class='ocrx_word' id='word_1_490' title='bbox 1261 3671 1413 3723; x_wconf 88' lang='lat' dir='ltr'><strong>nobis</strong></span> <span class='ocrx_word' id='word_1_491' title='bbox 1443 3683 1560 3737; x_wconf 67' lang='lat' dir='ltr'><strong>quas</strong></span> <span class='ocrx_word' id='word_1_492' title='bbox 1593 3677 1899 3735; x_wconf 85' lang='lat' dir='ltr'><strong>suppetunt,</strong></span> <span class='ocrx_word' id='word_1_493' title='bbox 1931 3678 2076 3720; x_wconf 82' lang='lat' dir='ltr'><strong>exte-</strong></span> 
     </span>
    </p>
   </div>
   <div class='ocr_carea' id='block_1_67' title="bbox 489 3760 2080 3832">
    <p class='ocr_par' dir='ltr' id='par_1_67' title="bbox 489 3760 2080 3832">
     <span class='ocr_line' id='line_1_67' title="bbox 489 3760 2080 3832; baseline -0.009 -7"><span class='ocrx_word' id='word_1_494' title='bbox 489 3773 603 3826; x_wconf 89' lang='lat' dir='ltr'><strong>rius</strong></span> <span class='ocrx_word' id='word_1_495' title='bbox 629 3770 887 3830; x_wconf 84' lang='lat' dir='ltr'><strong>serviant,</strong></span> <span class='ocrx_word' id='word_1_496' title='bbox 910 3774 1170 3832; x_wconf 85' lang='lat' dir='ltr'><strong>quatenus</strong></span> <span class='ocrx_word' id='word_1_497' title='bbox 1189 3776 1216 3814; x_wconf 88' lang='lat' dir='ltr'><strong>a</strong></span> <span class='ocrx_word' id='word_1_498' title='bbox 1240 3774 1486 3830; x_wconf 70' lang='lat' dir='ltr'><strong>superna:</strong></span> <span class='ocrx_word' id='word_1_499' title='bbox 1519 3769 1541 3798; x_wconf 75' lang='grc' dir='ltr'><strong>ο</strong></span> <span class='ocrx_word' id='word_1_500' title='bbox 1573 3760 1941 3814; x_wconf 83' lang='lat' dir='ltr'><strong>delectationis</strong></span> <span class='ocrx_word' id='word_1_501' title='bbox 1967 3769 2080 3812; x_wconf 56' lang='lat' dir='ltr'><strong>stu:</strong></span> 
     </span>
    </p>
   </div>
   <div class='ocr_carea' id='block_1_68' title="bbox 491 3851 2080 3917">
    <p class='ocr_par' dir='ltr' id='par_1_68' title="bbox 491 3851 2080 3917">
     <span class='ocr_line' id='line_1_68' title="bbox 491 3851 2080 3917; baseline -0.008 0"><span class='ocrx_word' id='word_1_502' title='bbox 491 3865 580 3916; x_wconf 90' lang='lat' dir='ltr'><strong>dio</strong></span> <span class='ocrx_word' id='word_1_503' title='bbox 609 3861 848 3916; x_wconf 86' lang='lat' dir='ltr'><strong>animum</strong></span> <span class='ocrx_word' id='word_1_504' title='bbox 878 3872 984 3910; x_wconf 90' lang='lat' dir='ltr'><strong>non</strong></span> <span class='ocrx_word' id='word_1_505' title='bbox 1017 3856 1310 3917; x_wconf 85' lang='lat' dir='ltr'><strong>inflectant,</strong></span> <span class='ocrx_word' id='word_1_506' title='bbox 1348 3868 1414 3907; x_wconf 92' lang='lat' dir='ltr'><strong>ne</strong></span> <span class='ocrx_word' id='word_1_507' title='bbox 1437 3853 1636 3907; x_wconf 90' lang='lat' dir='ltr'><strong>luctum</strong></span> <span class='ocrx_word' id='word_1_508' title='bbox 1671 3851 1823 3905; x_wconf 91' lang='lat' dir='ltr'><strong>nobis</strong></span> <span class='ocrx_word' id='word_1_509' title='bbox 1856 3854 2080 3905; x_wconf 76' lang='lat' dir='ltr'><strong>interna:</strong></span> 
     </span>
    </p>
   </div>
   <div class='ocr_carea' id='block_1_69' title="bbox 493 3943 2080 4024">
    <p class='ocr_par' dir='ltr' id='par_1_69' title="bbox 493 3943 2080 4024">
     <span class='ocr_line' id='line_1_69' title="bbox 493 3943 2080 4024; baseline -0.006 -18"><span class='ocrx_word' id='word_1_510' title='bbox 493 3948 940 4024; x_wconf 78' lang='lat' dir='ltr'><strong>peregrinationis</strong></span> <span class='ocrx_word' id='word_1_511' title='bbox 987 3953 1289 4015; x_wconf 89' lang='lat' dir='ltr'><strong>temperent</strong></span> <span class='ocrx_word' id='word_1_512' title='bbox 1337 3959 1507 4014; x_wconf 89' lang='lat' dir='ltr'><strong>eaque</strong></span> <span class='ocrx_word' id='word_1_513' title='bbox 1554 3944 1607 3997; x_wconf 91' lang='lat' dir='ltr'><strong>in</strong></span> <span class='ocrx_word' id='word_1_514' title='bbox 1658 3943 1850 3997; x_wconf 72' lang='lat' dir='ltr'><strong>essilio</strong></span> <span class='ocrx_word' id='word_1_515' title='bbox 1891 3944 2080 4010; x_wconf 88' lang='lat' dir='ltr'><strong>positis</strong></span> 
     </span>
    </p>
   </div>
   <div class='ocr_carea' id='block_1_70' title="bbox 495 4037 2080 4115">
    <p class='ocr_par' dir='ltr' id='par_1_70' title="bbox 495 4037 2080 4115">
     <span class='ocr_line' id='line_1_70' title="bbox 495 4037 2080 4115; baseline -0.009 -12"><span class='ocrx_word' id='word_1_516' title='bbox 495 4048 793 4103; x_wconf 89' lang='lat' dir='ltr'><strong>subsidium</strong></span> <span class='ocrx_word' id='word_1_517' title='bbox 819 4043 1079 4115; x_wconf 66' lang='lat' dir='ltr'><strong>praebent;</strong></span> <span class='ocrx_word' id='word_1_518' title='bbox 1100 4049 1154 4094; x_wconf 88' lang='lat' dir='ltr'><strong>ct</strong></span> <span class='ocrx_word' id='word_1_519' title='bbox 1171 4040 1322 4110; x_wconf 87' lang='lat' dir='ltr'><strong>quasi</strong></span> <span class='ocrx_word' id='word_1_520' title='bbox 1346 4039 1528 4093; x_wconf 88' lang='lat' dir='ltr'><strong>felices</strong></span> <span class='ocrx_word' id='word_1_521' title='bbox 1554 4038 1606 4091; x_wconf 93' lang='lat' dir='ltr'><strong>in</strong></span> <span class='ocrx_word' id='word_1_522' title='bbox 1635 4037 1953 4091; x_wconf 87' lang='lat' dir='ltr'><strong>transitoriis</strong></span> <span class='ocrx_word' id='word_1_523' title='bbox 1981 4051 2080 4089; x_wconf 88' lang='lat' dir='ltr'><strong>nos</strong></span> 
     </span>
    </p>
   </div>
   <div class='ocr_carea' id='block_1_71' title="bbox 498 4129 2079 4209">
    <p class='ocr_par' dir='ltr' id='par_1_71' title="bbox 498 4129 2079 4209">
     <span class='ocr_line' id='line_1_71' title="bbox 498 4129 2079 4209; baseline -0.007 -16"><span class='ocrx_word' id='word_1_524' title='bbox 498 4141 851 4209; x_wconf 84' lang='lat' dir='ltr'><strong>gaudeamus,</strong></span> <span class='ocrx_word' id='word_1_525' title='bbox 898 4137 986 4205; x_wconf 91' lang='lat' dir='ltr'><strong>qui</strong></span> <span class='ocrx_word' id='word_1_526' title='bbox 1038 4133 1105 4186; x_wconf 88' lang='lat' dir='ltr'><strong>ab</strong></span> <span class='ocrx_word' id='word_1_527' title='bbox 1151 4129 1542 4187; x_wconf 70' lang='lat' dir='ltr'><strong>:cternisdnos</strong></span> <span class='ocrx_word' id='word_1_528' title='bbox 1593 4129 1806 4185; x_wconf 85' lang='lat' dir='ltr'><strong>interim</strong></span> <span class='ocrx_word' id='word_1_529' title='bbox 1855 4132 2079 4184; x_wconf 88' lang='lat' dir='ltr'><strong>miseros</strong></span> 
     </span>
    </p>
   </div>
   <div class='ocr_carea' id='block_1_72' title="bbox 497 4225 2080 4292">
    <p class='ocr_par' dir='ltr' id='par_1_72' title="bbox 497 4225 2080 4292">
     <span class='ocr_line' id='line_1_72' title="bbox 497 4225 2080 4292; baseline -0.008 -6"><span class='ocrx_word' id='word_1_530' title='bbox 497 4234 786 4286; x_wconf 87' lang='lat' dir='ltr'><strong>cernimus.</strong></span> <span class='ocrx_word' id='word_1_531' title='bbox 827 4228 957 4280; x_wconf 83' lang='lat' dir='ltr'><strong>liinc</strong></span> <span class='ocrx_word' id='word_1_532' title='bbox 1007 4240 1237 4291; x_wconf 85' lang='lat' dir='ltr'><strong>namque</strong></span> <span class='ocrx_word' id='word_1_533' title='bbox 1281 4235 1363 4276; x_wconf 89' lang='lat' dir='ltr'><strong>est</strong></span> <span class='ocrx_word' id='word_1_534' title='bbox 1413 4225 1554 4292; x_wconf 77' lang='lat' dir='ltr'><strong>quod</strong></span> <span class='ocrx_word' id='word_1_535' title='bbox 1606 4226 1898 4277; x_wconf 89' lang='lat' dir='ltr'><strong>electorum</strong></span> <span class='ocrx_word' id='word_1_536' title='bbox 1948 4236 2080 4274; x_wconf 86' lang='lat' dir='ltr'><strong>voce</strong></span> 
     </span>
    </p>
   </div>
   <div class='ocr_carea' id='block_1_73' title="bbox 496 4314 2079 4385">
    <p class='ocr_par' dir='ltr' id='par_1_73' title="bbox 496 4314 2079 4385">
     <span class='ocr_line' id='line_1_73' title="bbox 496 4314 2079 4385; baseline -0.008 -8"><span class='ocrx_word' id='word_1_537' title='bbox 496 4324 627 4378; x_wconf 86' lang='lat' dir='ltr'><strong>dicit</strong></span> <span class='ocrx_word' id='word_1_538' title='bbox 657 4321 891 4377; x_wconf 83' lang='lat' dir='ltr'><strong>Ecclesia</strong></span> <span class='ocrx_word' id='word_1_539' title='bbox 916 4336 929 4371; x_wconf 89' lang='lat'><strong>:</strong></span> <span class='ocrx_word' id='word_1_540' title='bbox 959 4318 1111 4371; x_wconf 70' lang='lat' dir='ltr'><strong>Lazva</strong></span> <span class='ocrx_word' id='word_1_541' title='bbox 1159 4319 1272 4382; x_wconf 78' lang='lat' dir='ltr'><strong>eius</strong></span> <span class='ocrx_word' id='word_1_542' title='bbox 1315 4315 1406 4369; x_wconf 88' lang='lat' dir='ltr'><strong>sub</strong></span> <span class='ocrx_word' id='word_1_543' title='bbox 1428 4316 1593 4385; x_wconf 83' lang='lat' dir='ltr'><strong>capite</strong></span> <span class='ocrx_word' id='word_1_544' title='bbox 1620 4331 1752 4379; x_wconf 85' lang='lat' dir='ltr'><strong>meo,</strong></span> <span class='ocrx_word' id='word_1_545' title='bbox 1784 4324 1830 4369; x_wconf 89' lang='lat' dir='ltr'><strong>et</strong></span> <span class='ocrx_word' id='word_1_546' title='bbox 1869 4314 2079 4366; x_wconf 76' lang='lat' dir='ltr'><strong>dextera</strong></span> 
     </span>
    </p>
   </div>
   <div class='ocr_carea' id='block_1_74' title="bbox 497 4407 2074 4486">
    <p class='ocr_par' dir='ltr' id='par_1_74' title="bbox 497 4407 2074 4486">
     <span class='ocr_line' id='line_1_74' title="bbox 497 4407 2074 4486; baseline -0.008 -15"><span class='ocrx_word' id='word_1_547' title='bbox 497 4419 642 4471; x_wconf 86' lang='lat' dir='ltr'><strong>illius</strong></span> <span class='ocrx_word' id='word_1_548' title='bbox 691 4413 1068 4486; x_wconf 76' lang='lat' dir='ltr'><strong>amplexabitur</strong></span> <span class='ocrx_word' id='word_1_549' title='bbox 1115 4426 1194 4463; x_wconf 87' lang='lat' dir='ltr'><strong>me</strong></span> <span class='ocrx_word' id='word_1_550' title='bbox 1227 4408 1401 4478; x_wconf 83' lang='lat' dir='ltr'><strong>(Cant.</strong></span> <span class='ocrx_word' id='word_1_551' title='bbox 1425 4424 1483 4473; x_wconf 82' lang='grc' dir='ltr'><strong>ιι,</strong></span> <span class='ocrx_word' id='word_1_552' title='bbox 1515 4407 1592 4479; x_wconf 86' lang='grc'><strong>6).</strong></span> <span class='ocrx_word' id='word_1_553' title='bbox 1643 4407 1926 4461; x_wconf 90' lang='lat' dir='ltr'><strong>Sinistram</strong></span> <span class='ocrx_word' id='word_1_554' title='bbox 1963 4408 2074 4473; x_wconf 88' lang='lat' dir='ltr'><strong>Dei,</strong></span> 
     </span>
    </p>
   </div>
   <div class='ocr_carea' id='block_1_75' title="bbox 497 4499 2080 4580">
    <p class='ocr_par' dir='ltr' id='par_1_75' title="bbox 497 4499 2080 4580">
     <span class='ocr_line' id='line_1_75' title="bbox 497 4499 2080 4580; baseline -0.007 -15"><span class='ocrx_word' id='word_1_555' title='bbox 497 4506 906 4580; x_wconf 89' lang='lat' dir='ltr'><strong>prosperitatem</strong></span> <span class='ocrx_word' id='word_1_556' title='bbox 922 4502 1166 4558; x_wconf 86' lang='lat' dir='ltr'><strong>videlicet</strong></span> <span class='ocrx_word' id='word_1_557' title='bbox 1179 4503 1298 4556; x_wconf 78' lang='lat' dir='ltr'><strong>vitae</strong></span> <span class='ocrx_word' id='word_1_558' title='bbox 1315 4500 1614 4570; x_wconf 84' lang='lat' dir='ltr'><strong>praesentis,</strong></span> <span class='ocrx_word' id='word_1_559' title='bbox 1628 4499 1776 4567; x_wconf 87' lang='lat' dir='ltr'><strong>quasi</strong></span> <span class='ocrx_word' id='word_1_560' title='bbox 1796 4499 2080 4568; x_wconf 87' lang='lat' dir='ltr'><strong>subcapite</strong></span> 
     </span>
    </p>
   </div>
   <div class='ocr_carea' id='block_1_76' title="bbox 499 4590 2080 4672">
    <p class='ocr_par' dir='ltr' id='par_1_76' title="bbox 499 4590 2080 4672">
     <span class='ocr_line' id='line_1_76' title="bbox 499 4590 2080 4672; baseline -0.009 -15"><span class='ocrx_word' id='word_1_561' title='bbox 499 4601 696 4672; x_wconf 88' lang='lat' dir='ltr'><strong>posuit,</strong></span> <span class='ocrx_word' id='word_1_562' title='bbox 724 4614 886 4670; x_wconf 89' lang='lat' dir='ltr'><strong>quam</strong></span> <span class='ocrx_word' id='word_1_563' title='bbox 918 4596 1214 4654; x_wconf 89' lang='lat' dir='ltr'><strong>intentione</strong></span> <span class='ocrx_word' id='word_1_564' title='bbox 1243 4593 1434 4648; x_wconf 91' lang='lat' dir='ltr'><strong>summi</strong></span> <span class='ocrx_word' id='word_1_565' title='bbox 1464 4596 1662 4646; x_wconf 86' lang='lat' dir='ltr'><strong>amoris</strong></span> <span class='ocrx_word' id='word_1_566' title='bbox 1687 4595 1898 4660; x_wconf 89' lang='lat' dir='ltr'><strong>premit.</strong></span> <span class='ocrx_word' id='word_1_567' title='bbox 1945 4590 2080 4644; x_wconf 80' lang='lat' dir='ltr'><strong>Dex-</strong></span> 
     </span>
    </p>
   </div>
   <div class='ocr_carea' id='block_1_77' title="bbox 498 4684 2077 4756">
    <p class='ocr_par' dir='ltr' id='par_1_77' title="bbox 498 4684 2077 4756">
     <span class='ocr_line' id='line_1_77' title="bbox 498 4684 2077 4756; baseline -0.008 -7"><span class='ocrx_word' id='word_1_568' title='bbox 498 4709 611 4752; x_wconf 82' lang='lat' dir='ltr'><strong>tera</strong></span> <span class='ocrx_word' id='word_1_569' title='bbox 657 4707 785 4748; x_wconf 80' lang='lat' dir='ltr'><strong>vero</strong></span> <span class='ocrx_word' id='word_1_570' title='bbox 829 4688 925 4745; x_wconf 90' lang='lat' dir='ltr'><strong>Dei</strong></span> <span class='ocrx_word' id='word_1_571' title='bbox 965 4705 1083 4743; x_wconf 91' lang='lat' dir='ltr'><strong>eam</strong></span> <span class='ocrx_word' id='word_1_572' title='bbox 1134 4684 1510 4756; x_wconf 89' lang='lat' dir='ltr'><strong>amplectitur;</strong></span> <span class='ocrx_word' id='word_1_573' title='bbox 1563 4686 1684 4753; x_wconf 88' lang='lat' dir='ltr'><strong>quia</strong></span> <span class='ocrx_word' id='word_1_574' title='bbox 1731 4685 1830 4737; x_wconf 88' lang='lat' dir='ltr'><strong>sub</strong></span> <span class='ocrx_word' id='word_1_575' title='bbox 1877 4695 2077 4737; x_wconf 59' lang='lat' dir='ltr'><strong>aiterna</strong></span> 
     </span>
    </p>
   </div>
   <div class='ocr_carea' id='block_1_78' title="bbox 498 4775 2079 4856">
    <p class='ocr_par' dir='ltr' id='par_1_78' title="bbox 498 4775 2079 4856">
     <span class='ocr_line' id='line_1_78' title="bbox 498 4775 2079 4856; baseline -0.009 -16"><span class='ocrx_word' id='word_1_576' title='bbox 498 4790 613 4856; x_wconf 71' lang='lat' dir='ltr'><strong>ejus</strong></span> <span class='ocrx_word' id='word_1_577' title='bbox 663 4783 991 4840; x_wconf 90' lang='lat' dir='ltr'><strong>beatitudine</strong></span> <span class='ocrx_word' id='word_1_578' title='bbox 1045 4789 1151 4833; x_wconf 88' lang='lat' dir='ltr'><strong>tota</strong></span> <span class='ocrx_word' id='word_1_579' title='bbox 1211 4779 1498 4830; x_wconf 75' lang='lat' dir='ltr'><strong>devotione</strong></span> <span class='ocrx_word' id='word_1_580' title='bbox 1553 4778 1882 4830; x_wconf 86' lang='lat' dir='ltr'><strong>continetur.</strong></span> <span class='ocrx_word' id='word_1_581' title='bbox 1945 4775 2079 4827; x_wconf 81' lang='lat' dir='ltr'><strong>Hinc</strong></span> 
     </span>
    </p>
   </div>
   <div class='ocr_carea' id='block_1_79' title="bbox 499 4867 2080 4947">
    <p class='ocr_par' dir='ltr' id='par_1_79' title="bbox 499 4867 2080 4947">
     <span class='ocr_line' id='line_1_79' title="bbox 499 4867 2080 4947; baseline -0.009 -13"><span class='ocrx_word' id='word_1_582' title='bbox 499 4894 706 4934; x_wconf 90' lang='lat' dir='ltr'><strong>rursum</strong></span> <span class='ocrx_word' id='word_1_583' title='bbox 731 4891 827 4947; x_wconf 90' lang='lat' dir='ltr'><strong>per</strong></span> <span class='ocrx_word' id='word_1_584' title='bbox 851 4874 1192 4930; x_wconf 81' lang='lat' dir='ltr'><strong>Salomonem</strong></span> <span class='ocrx_word' id='word_1_585' title='bbox 1219 4870 1415 4924; x_wconf 92' lang='lat' dir='ltr'><strong>dicitur</strong></span> <span class='ocrx_word' id='word_1_586' title='bbox 1438 4883 1453 4921; x_wconf 86' lang='lat'>:</span> <span class='ocrx_word' id='word_1_587' title='bbox 1487 4867 1776 4939; x_wconf 86' lang='lat' dir='ltr'><strong>Longitudo</strong></span> <span class='ocrx_word' id='word_1_588' title='bbox 1799 4868 1999 4921; x_wconf 87' lang='lat' dir='ltr'><strong>dierum</strong></span> <span class='ocrx_word' id='word_1_589' title='bbox 2028 4869 2080 4920; x_wconf 84' lang='lat' dir='ltr'><strong>in</strong></span> 
     </span>
    </p>
   </div>
   <div class='ocr_carea' id='block_1_80' title="bbox 496 4961 2075 5040">
    <p class='ocr_par' dir='ltr' id='par_1_80' title="bbox 496 4961 2075 5040">
     <span class='ocr_line' id='line_1_80' title="bbox 496 4961 2075 5040; baseline -0.009 -12"><span class='ocrx_word' id='word_1_590' title='bbox 496 4976 706 5027; x_wconf 74' lang='lat' dir='ltr'><strong>dextera</strong></span> <span class='ocrx_word' id='word_1_591' title='bbox 736 4971 868 5040; x_wconf 87' lang='lat' dir='ltr'><strong>ejus,</strong></span> <span class='ocrx_word' id='word_1_592' title='bbox 892 4967 945 5021; x_wconf 88' lang='lat' dir='ltr'><strong>in</strong></span> <span class='ocrx_word' id='word_1_593' title='bbox 972 4969 1179 5020; x_wconf 84' lang='lat' dir='ltr'><strong>sinistra</strong></span> <span class='ocrx_word' id='word_1_594' title='bbox 1215 4979 1330 5017; x_wconf 91' lang='lat' dir='ltr'><strong>vero</strong></span> <span class='ocrx_word' id='word_1_595' title='bbox 1371 4962 1511 5014; x_wconf 86' lang='lat' dir='ltr'><strong>illius</strong></span> <span class='ocrx_word' id='word_1_596' title='bbox 1550 4961 1744 5013; x_wconf 78' lang='lat' dir='ltr'><strong>divitia:</strong></span> <span class='ocrx_word' id='word_1_597' title='bbox 1788 4971 1834 5013; x_wconf 89' lang='lat' dir='ltr'><strong>et</strong></span> <span class='ocrx_word' id='word_1_598' title='bbox 1888 4961 2075 5029; x_wconf 86' lang='lat' dir='ltr'><strong>gloria.</strong></span> 
     </span>
    </p>
   </div>
   <div class='ocr_carea' id='block_1_81' title="bbox 499 5053 2082 5137">
    <p class='ocr_par' dir='ltr' id='par_1_81' title="bbox 499 5053 2082 5137">
     <span class='ocr_line' id='line_1_81' title="bbox 499 5053 2082 5137; baseline -0.007 -19"><span class='ocrx_word' id='word_1_599' title='bbox 499 5065 685 5137; x_wconf 81' lang='lat' dir='ltr'><strong>(Prov.</strong></span> <span class='ocrx_word' id='word_1_600' title='bbox 717 5079 797 5127; x_wconf 86' lang='lat' dir='ltr'>III,</span> <span class='ocrx_word' id='word_1_601' title='bbox 841 5060 951 5129; x_wconf 76' lang='grc'><strong>16).</strong></span> <span class='ocrx_word' id='word_1_602' title='bbox 985 5058 1194 5112; x_wconf 71' lang='lat' dir='ltr'><strong>Divitite</strong></span> <span class='ocrx_word' id='word_1_603' title='bbox 1232 5056 1408 5124; x_wconf 89' lang='lat' dir='ltr'><strong>itaque</strong></span> <span class='ocrx_word' id='word_1_604' title='bbox 1437 5062 1491 5105; x_wconf 78' lang='lat' dir='ltr'><strong>et</strong></span> <span class='ocrx_word' id='word_1_605' title='bbox 1519 5054 1685 5120; x_wconf 79' lang='lat' dir='ltr'><strong>gloria</strong></span> <span class='ocrx_word' id='word_1_606' title='bbox 1715 5054 1944 5122; x_wconf 88' lang='lat' dir='ltr'><strong>qualiter</strong></span> <span class='ocrx_word' id='word_1_607' title='bbox 1975 5053 2082 5107; x_wconf 86' lang='lat' dir='ltr'><strong>sint</strong></span> 
     </span>
    </p>
   </div>
   <div class='ocr_carea' id='block_1_82' title="bbox 498 5145 2075 5221">
    <p class='ocr_par' dir='ltr' id='par_1_82' title="bbox 498 5145 2075 5221">
     <span class='ocr_line' id='line_1_82' title="bbox 498 5145 2075 5221; baseline -0.006 -10"><span class='ocrx_word' id='word_1_608' title='bbox 498 5160 740 5212; x_wconf 86' lang='lat' dir='ltr'><strong>habenda</strong></span> <span class='ocrx_word' id='word_1_609' title='bbox 789 5153 991 5217; x_wconf 89' lang='lat' dir='ltr'><strong>docuit,</strong></span> <span class='ocrx_word' id='word_1_610' title='bbox 1043 5166 1162 5221; x_wconf 71' lang='lat' dir='ltr'><strong>qua:</strong></span> <span class='ocrx_word' id='word_1_611' title='bbox 1210 5150 1378 5218; x_wconf 89' lang='lat' dir='ltr'><strong>posita</strong></span> <span class='ocrx_word' id='word_1_612' title='bbox 1409 5150 1464 5202; x_wconf 91' lang='lat' dir='ltr'><strong>in</strong></span> <span class='ocrx_word' id='word_1_613' title='bbox 1498 5145 1709 5200; x_wconf 86' lang='lat' dir='ltr'><strong>sinistra</strong></span> <span class='ocrx_word' id='word_1_614' title='bbox 1741 5148 2075 5202; x_wconf 69' lang='lat' dir='ltr'><strong>memoravit.</strong></span> 
     </span>
    </p>
   </div>
   <div class='ocr_carea' id='block_1_83' title="bbox 506 5237 2079 5308">
    <p class='ocr_par' dir='ltr' id='par_1_83' title="bbox 506 5237 2079 5308">
     <span class='ocr_line' id='line_1_83' title="bbox 506 5237 2079 5308; baseline -0.008 -5"><span class='ocrx_word' id='word_1_615' title='bbox 506 5251 635 5303; x_wconf 85' lang='lat' dir='ltr'><strong>Ilinc</strong></span> <span class='ocrx_word' id='word_1_616' title='bbox 668 5245 951 5300; x_wconf 83' lang='lat' dir='ltr'><strong>Psahnista</strong></span> <span class='ocrx_word' id='word_1_617' title='bbox 981 5243 1092 5294; x_wconf 90' lang='lat' dir='ltr'><strong>ait:</strong></span> <span class='ocrx_word' id='word_1_618' title='bbox 1139 5239 1350 5294; x_wconf 85' lang='lat' dir='ltr'><strong>Salvum</strong></span> <span class='ocrx_word' id='word_1_619' title='bbox 1379 5254 1458 5290; x_wconf 88' lang='lat' dir='ltr'><strong>me</strong></span> <span class='ocrx_word' id='word_1_620' title='bbox 1487 5242 1570 5306; x_wconf 79' lang='lat' dir='ltr'><strong>[ac</strong></span> <span class='ocrx_word' id='word_1_621' title='bbox 1603 5242 1813 5291; x_wconf 74' lang='lat' dir='ltr'><strong>dextera</strong></span> <span class='ocrx_word' id='word_1_622' title='bbox 1841 5247 1929 5290; x_wconf 85' lang='lat' dir='ltr'><strong>tua</strong></span> <span class='ocrx_word' id='word_1_623' title='bbox 1961 5237 2079 5308; x_wconf 86' lang='lat' dir='ltr'><strong>(Ps.</strong></span> 
     </span>
    </p>
   </div>
   <div class='ocr_carea' id='block_1_84' title="bbox 571 5401 2080 5472">
    <p class='ocr_par' dir='ltr' id='par_1_84' title="bbox 571 5401 2080 5472">
     <span class='ocr_line' id='line_1_84' title="bbox 571 5401 2080 5472; baseline 0.001 -15"><span class='ocrx_word' id='word_1_624' title='bbox 571 5416 594 5441; x_wconf 75' lang='grc' dir='ltr'><strong>ε</strong></span> <span class='ocrx_word' id='word_1_625' title='bbox 630 5405 1051 5465; x_wconf 64' lang='lat' dir='ltr'><strong>Gemeticenses,</strong></span> <span class='ocrx_word' id='word_1_626' title='bbox 1074 5403 1160 5455; x_wconf 87' lang='lat' dir='ltr'><strong>sed</strong></span> <span class='ocrx_word' id='word_1_627' title='bbox 1183 5419 1213 5453; x_wconf 94' lang='lat' dir='ltr'><strong>a</strong></span> <span class='ocrx_word' id='word_1_628' title='bbox 1235 5418 1333 5468; x_wconf 87' lang='lat' dir='ltr'><strong>quo</strong></span> <span class='ocrx_word' id='word_1_629' title='bbox 1361 5401 1549 5453; x_wconf 88' lang='lat' dir='ltr'><strong>dantur</strong></span> <span class='ocrx_word' id='word_1_630' title='bbox 1571 5401 1744 5452; x_wconf 89' lang='lat' dir='ltr'><strong>animo</strong></span> <span class='ocrx_word' id='word_1_631' title='bbox 1763 5402 1947 5472; x_wconf 83' lang='lat' dir='ltr'><strong>ﬁgant.</strong></span> <span class='ocrx_word' id='word_1_632' title='bbox 1977 5405 2080 5460; x_wconf 87' lang='lat' dir='ltr'><strong>Alii</strong></span> 
     </span>
    </p>
   </div>
   <div class='ocr_carea' id='block_1_85' title="bbox 505 5472 1858 5540">
    <p class='ocr_par' dir='ltr' id='par_1_85' title="bbox 505 5472 1858 5540">
     <span class='ocr_line' id='line_1_85' title="bbox 505 5472 1858 5540; baseline 0.001 -15"><span class='ocrx_word' id='word_1_633' title='bbox 505 5477 714 5538; x_wconf 71' lang='lat' dir='ltr'><strong>Nurum,</strong></span> <span class='ocrx_word' id='word_1_634' title='bbox 737 5490 856 5529; x_wconf 89' lang='lat' dir='ltr'><strong>cum</strong></span> <span class='ocrx_word' id='word_1_635' title='bbox 891 5484 1049 5528; x_wconf 80' lang='lat' dir='ltr'><strong>tertio</strong></span> <span class='ocrx_word' id='word_1_636' title='bbox 1071 5475 1311 5535; x_wconf 71' lang='lat' dir='ltr'><strong>Carnot.,</strong></span> <span class='ocrx_word' id='word_1_637' title='bbox 1345 5475 1385 5524; x_wconf 83' lang='lat' dir='ltr'><strong>si</strong></span> <span class='ocrx_word' id='word_1_638' title='bbox 1415 5473 1466 5525; x_wconf 79' lang='lat' dir='ltr'><strong>in</strong></span> <span class='ocrx_word' id='word_1_639' title='bbox 1489 5472 1570 5524; x_wconf 87' lang='lat' dir='ltr'><strong>Itis</strong></span> <span class='ocrx_word' id='word_1_640' title='bbox 1596 5487 1730 5540; x_wconf 63' lang='lat' dir='ltr'><strong>quin,</strong></span> <span class='ocrx_word' id='word_1_641' title='bbox 1755 5483 1858 5526; x_wconf 89' lang='lat' dir='ltr'><strong>etc.</strong></span> 
     </span>
    </p>
   </div>
   <div class='ocr_carea' id='block_1_86' title="bbox 572 5543 2082 5615">
    <p class='ocr_par' dir='ltr' id='par_1_86' title="bbox 572 5543 2082 5615">
     <span class='ocr_line' id='line_1_86' title="bbox 572 5543 2082 5615; baseline 0.002 -18"><span class='ocrx_word' id='word_1_642' title='bbox 572 5546 598 5584; x_wconf 75' lang='grc' dir='ltr'>δ</span> <span class='ocrx_word' id='word_1_643' title='bbox 627 5545 814 5610; x_wconf 81' lang='lat' dir='ltr'><strong>Corh.,</strong></span> <span class='ocrx_word' id='word_1_644' title='bbox 847 5545 994 5598; x_wconf 86' lang='lat' dir='ltr'><strong>Belv.</strong></span> <span class='ocrx_word' id='word_1_645' title='bbox 1028 5554 1080 5599; x_wconf 90' lang='lat' dir='ltr'><strong>et</strong></span> <span class='ocrx_word' id='word_1_646' title='bbox 1107 5543 1214 5597; x_wconf 90' lang='lat' dir='ltr'><strong>duo</strong></span> <span class='ocrx_word' id='word_1_647' title='bbox 1246 5545 1447 5611; x_wconf 87' lang='lat' dir='ltr'><strong>priores</strong></span> <span class='ocrx_word' id='word_1_648' title='bbox 1475 5544 1720 5604; x_wconf 85' lang='lat' dir='ltr'><strong>Carn0t..</strong></span> <span class='ocrx_word' id='word_1_649' title='bbox 1750 5559 1802 5595; x_wconf 89' lang='lat' dir='ltr'><strong>se</strong></span> <span class='ocrx_word' id='word_1_650' title='bbox 1820 5548 2082 5615; x_wconf 83' lang='lat' dir='ltr'><strong>prosperi-</strong></span> 
     </span>
    </p>
   </div>
   <div class='ocr_carea' id='block_1_87' title="bbox 502 5628 741 5670">
    <p class='ocr_par' dir='ltr' id='par_1_87' title="bbox 502 5628 741 5670">
     <span class='ocr_line' id='line_1_87' title="bbox 502 5628 741 5670; baseline -0.008 0"><span class='ocrx_word' id='word_1_651' title='bbox 502 5628 603 5670; x_wconf 77' lang='lat' dir='ltr'><strong>tate</strong></span> <span class='ocrx_word' id='word_1_652' title='bbox 630 5633 741 5668; x_wconf 79' lang='lat' dir='ltr'><strong>sua.</strong></span> 
     </span>
    </p>
   </div>
   <div class='ocr_carea' id='block_1_88' title="bbox 578 5684 2078 5757">
    <p class='ocr_par' dir='ltr' id='par_1_88' title="bbox 578 5684 2078 5757">
     <span class='ocr_line' id='line_1_88' title="bbox 578 5684 2078 5757; baseline 0.001 -19"><span class='ocrx_word' id='word_1_653' title='bbox 578 5699 598 5726; x_wconf 71' lang='grc' dir='ltr'><strong><em>ο</em></strong></span> <span class='ocrx_word' id='word_1_654' title='bbox 638 5687 784 5741; x_wconf 74' lang='lat' dir='ltr'><strong>ltelv.</strong></span> <span class='ocrx_word' id='word_1_655' title='bbox 836 5685 1038 5757; x_wconf 84' lang='lat' dir='ltr'><strong>primus</strong></span> <span class='ocrx_word' id='word_1_656' title='bbox 1064 5693 1119 5739; x_wconf 91' lang='lat' dir='ltr'><strong>ct</strong></span> <span class='ocrx_word' id='word_1_657' title='bbox 1147 5684 1334 5738; x_wconf 85' lang='lat' dir='ltr'><strong>tertius</strong></span> <span class='ocrx_word' id='word_1_658' title='bbox 1382 5685 1566 5751; x_wconf 86' lang='lat' dir='ltr'><strong>Carn.,</strong></span> <span class='ocrx_word' id='word_1_659' title='bbox 1611 5685 1889 5752; x_wconf 68' lang='lat' dir='ltr'><strong>liothom.,</strong></span> <span class='ocrx_word' id='word_1_660' title='bbox 1931 5687 2078 5757; x_wconf 74' lang='lat' dir='ltr'><strong>l.yr.,</strong></span> 
     </span>
    </p>
   </div>
   <div class='ocr_carea' id='block_1_89' title="bbox 509 5756 1088 5816">
    <p class='ocr_par' dir='ltr' id='par_1_89' title="bbox 509 5756 1088 5816">
     <span class='ocr_line' id='line_1_89' title="bbox 509 5756 1088 5816; baseline 0.003 -8"><span class='ocrx_word' id='word_1_661' title='bbox 509 5758 619 5813; x_wconf 62' lang='lat' dir='ltr'><strong>Val.</strong></span> <span class='ocrx_word' id='word_1_662' title='bbox 654 5759 759 5816; x_wconf 76' lang='lat' dir='ltr'><strong>t1l..</strong></span> <span class='ocrx_word' id='word_1_663' title='bbox 781 5756 1088 5810; x_wconf 85' lang='lat' dir='ltr'><strong>dilectionis.</strong></span> 
     </span>
    </p>
   </div>
   <div class='ocr_carea' id='block_1_90' title="bbox 577 5825 2079 5894">
    <p class='ocr_par' dir='ltr' id='par_1_90' title="bbox 577 5825 2079 5894">
     <span class='ocr_line' id='line_1_90' title="bbox 577 5825 2079 5894; baseline -0.001 -13"><span class='ocrx_word' id='word_1_664' title='bbox 577 5827 601 5864; x_wconf 77' lang='grc'><em>⁴</em></span> <span class='ocrx_word' id='word_1_665' title='bbox 638 5829 849 5894; x_wconf 71' lang='grc' dir='ltr'><strong>Ειριιεί,</strong></span> <span class='ocrx_word' id='word_1_666' title='bbox 883 5843 970 5879; x_wconf 86' lang='lat' dir='ltr'><strong>nos</strong></span> <span class='ocrx_word' id='word_1_667' title='bbox 1001 5827 1238 5880; x_wconf 73' lang='lat' dir='ltr'><strong>interimi.</strong></span> <span class='ocrx_word' id='word_1_668' title='bbox 1277 5828 1632 5878; x_wconf 70' lang='lat' dir='ltr'><strong>Adharretnus</strong></span> <span class='ocrx_word' id='word_1_669' title='bbox 1678 5825 1860 5889; x_wconf 87' lang='lat' dir='ltr'><strong>Trec.,</strong></span> <span class='ocrx_word' id='word_1_670' title='bbox 1911 5827 2079 5892; x_wconf 72' lang='lat' dir='ltr'><strong>liclv.,</strong></span> 
     </span>
    </p>
   </div>
   <div class='ocr_carea' id='block_1_91' title="bbox 2182 3305 3768 3377">
    <p class='ocr_par' dir='ltr' id='par_1_91' title="bbox 2182 3305 3768 3377">
     <span class='ocr_line' id='line_1_91' title="bbox 2182 3305 3768 3377; baseline -0.008 -9"><span class='ocrx_word' id='word_1_671' title='bbox 2182 3314 2315 3368; x_wconf 86' lang='lat' dir='ltr'><strong>Hinc</strong></span> <span class='ocrx_word' id='word_1_672' title='bbox 2364 3321 2447 3366; x_wconf 78' lang='lat' dir='ltr'><strong>est</strong></span> <span class='ocrx_word' id='word_1_673' title='bbox 2487 3309 2627 3377; x_wconf 85' lang='lat' dir='ltr'><strong>quod</strong></span> <span class='ocrx_word' id='word_1_674' title='bbox 2682 3314 2730 3361; x_wconf 87' lang='lat' dir='ltr'><strong>itt</strong></span> <span class='ocrx_word' id='word_1_675' title='bbox 2782 3307 2991 3361; x_wconf 81' lang='lat' dir='ltr'><strong>inferno</strong></span> <span class='ocrx_word' id='word_1_676' title='bbox 3040 3308 3278 3359; x_wconf 79' lang='lat' dir='ltr'><strong>cruciatu</strong></span> <span class='ocrx_word' id='word_1_677' title='bbox 3324 3305 3470 3360; x_wconf 86' lang='lat' dir='ltr'><strong>diviti</strong></span> <span class='ocrx_word' id='word_1_678' title='bbox 3521 3305 3768 3358; x_wconf 86' lang='lat' dir='ltr'><strong>dicitur:</strong></span> 
     </span>
    </p>
   </div>
   <div class='ocr_carea' id='block_1_92' title="bbox 2181 3395 3774 3474">
    <p class='ocr_par' dir='ltr' id='par_1_92' title="bbox 2181 3395 3774 3474">
     <span class='ocr_line' id='line_1_92' title="bbox 2181 3395 3774 3474; baseline -0.005 -16"><span class='ocrx_word' id='word_1_679' title='bbox 2181 3405 2435 3474; x_wconf 79' lang='lat' dir='ltr'><strong>Recepisti</strong></span> <span class='ocrx_word' id='word_1_680' title='bbox 2461 3404 2593 3455; x_wconf 88' lang='lat' dir='ltr'><strong>bona</strong></span> <span class='ocrx_word' id='word_1_681' title='bbox 2621 3402 2672 3453; x_wconf 90' lang='lat' dir='ltr'><strong>in</strong></span> <span class='ocrx_word' id='word_1_682' title='bbox 2701 3401 2802 3453; x_wconf 82' lang='lat' dir='ltr'><strong>vita</strong></span> <span class='ocrx_word' id='word_1_683' title='bbox 2829 3409 2916 3452; x_wconf 89' lang='lat' dir='ltr'><strong>tua</strong></span> <span class='ocrx_word' id='word_1_684' title='bbox 2947 3398 3095 3467; x_wconf 84' lang='lat' dir='ltr'><strong>(Luc.</strong></span> <span class='ocrx_word' id='word_1_685' title='bbox 3115 3396 3360 3462; x_wconf 41' lang='lat'><strong>“525).</strong></span> <span class='ocrx_word' id='word_1_686' title='bbox 3387 3395 3591 3449; x_wconf 84' lang='lat' dir='ltr'><strong>Idcirco</strong></span> <span class='ocrx_word' id='word_1_687' title='bbox 3617 3397 3774 3450; x_wconf 89' lang='lat' dir='ltr'><strong>enim</strong></span> 
     </span>
    </p>
   </div>
   <div class='ocr_carea' id='block_1_93' title="bbox 2179 3489 3774 3563">
    <p class='ocr_par' dir='ltr' id='par_1_93' title="bbox 2179 3489 3774 3563">
     <span class='ocr_line' id='line_1_93' title="bbox 2179 3489 3774 3563; baseline -0.007 -10"><span class='ocrx_word' id='word_1_688' title='bbox 2179 3500 2317 3553; x_wconf 85' lang='lat' dir='ltr'><strong>bona</strong></span> <span class='ocrx_word' id='word_1_689' title='bbox 2352 3497 2435 3550; x_wconf 81' lang='lat' dir='ltr'><strong>hic</strong></span> <span class='ocrx_word' id='word_1_690' title='bbox 2465 3495 2665 3563; x_wconf 90' lang='lat' dir='ltr'><strong>recepit</strong></span> <span class='ocrx_word' id='word_1_691' title='bbox 2692 3503 2747 3548; x_wconf 90' lang='lat' dir='ltr'><strong>et</strong></span> <span class='ocrx_word' id='word_1_692' title='bbox 2778 3495 2967 3554; x_wconf 90' lang='lat' dir='ltr'><strong>malus,</strong></span> <span class='ocrx_word' id='word_1_693' title='bbox 3001 3501 3056 3544; x_wconf 94' lang='lat' dir='ltr'><strong>ut</strong></span> <span class='ocrx_word' id='word_1_694' title='bbox 3083 3491 3190 3542; x_wconf 69' lang='lat' dir='ltr'><strong>illic</strong></span> <span class='ocrx_word' id='word_1_695' title='bbox 3221 3491 3424 3557; x_wconf 88' lang='lat' dir='ltr'><strong>plenius</strong></span> <span class='ocrx_word' id='word_1_696' title='bbox 3454 3490 3593 3541; x_wconf 87' lang='lat' dir='ltr'><strong>mala</strong></span> <span class='ocrx_word' id='word_1_697' title='bbox 3627 3489 3774 3543; x_wconf 86' lang='lat' dir='ltr'><strong>reci-</strong></span> 
     </span>
    </p>
   </div>
   <div class='ocr_carea' id='block_1_94' title="bbox 2183 3581 3584 3658">
    <p class='ocr_par' dir='ltr' id='par_1_94' title="bbox 2183 3581 3584 3658">
     <span class='ocr_line' id='line_1_94' title="bbox 2183 3581 3584 3658; baseline -0.007 -18"><span class='ocrx_word' id='word_1_698' title='bbox 2183 3598 2354 3658; x_wconf 90' lang='lat' dir='ltr'><strong>peret,</strong></span> <span class='ocrx_word' id='word_1_699' title='bbox 2378 3587 2497 3654; x_wconf 87' lang='lat' dir='ltr'><strong>quia</strong></span> <span class='ocrx_word' id='word_1_700' title='bbox 2530 3585 2614 3638; x_wconf 87' lang='lat' dir='ltr'><strong>hic</strong></span> <span class='ocrx_word' id='word_1_701' title='bbox 2650 3585 2820 3636; x_wconf 84' lang='lat' dir='ltr'><strong>fuerat</strong></span> <span class='ocrx_word' id='word_1_702' title='bbox 2849 3598 2946 3636; x_wconf 88' lang='lat' dir='ltr'><strong>nec</strong></span> <span class='ocrx_word' id='word_1_703' title='bbox 2979 3597 3072 3650; x_wconf 85' lang='lat' dir='ltr'><strong>per</strong></span> <span class='ocrx_word' id='word_1_704' title='bbox 3102 3581 3238 3635; x_wconf 91' lang='lat' dir='ltr'><strong>bona</strong></span> <span class='ocrx_word' id='word_1_705' title='bbox 3266 3594 3584 3632; x_wconf 84' lang='lat' dir='ltr'><strong>conversus.</strong></span> 
     </span>
    </p>
   </div>
   <div class='ocr_carea' id='block_1_95' title="bbox 2258 3670 3778 3737">
    <p class='ocr_par' dir='ltr' id='par_1_95' title="bbox 2258 3670 3778 3737">
     <span class='ocr_line' id='line_1_95' title="bbox 2258 3670 3778 3737; baseline -0.009 -4"><span class='ocrx_word' id='word_1_706' title='bbox 2258 3681 2323 3733; x_wconf 77' lang='lat' dir='ltr'><strong>At</strong></span> <span class='ocrx_word' id='word_1_707' title='bbox 2363 3689 2548 3733; x_wconf 90' lang='lat' dir='ltr'><strong>contra</strong></span> <span class='ocrx_word' id='word_1_708' title='bbox 2592 3675 2916 3728; x_wconf 89' lang='lat' dir='ltr'><strong>admonendi</strong></span> <span class='ocrx_word' id='word_1_709' title='bbox 2966 3685 3112 3737; x_wconf 69' lang='lat' dir='ltr'><strong>sunt,</strong></span> <span class='ocrx_word' id='word_1_710' title='bbox 3157 3673 3244 3737; x_wconf 89' lang='lat' dir='ltr'><strong>qui</strong></span> <span class='ocrx_word' id='word_1_711' title='bbox 3289 3684 3351 3723; x_wconf 89' lang='lat' dir='ltr'><strong>ea</strong></span> <span class='ocrx_word' id='word_1_712' title='bbox 3391 3670 3606 3737; x_wconf 86' lang='lat' dir='ltr'><strong>quidem</strong></span> <span class='ocrx_word' id='word_1_713' title='bbox 3652 3686 3778 3736; x_wconf 75' lang='lat' dir='ltr'><strong>qua:</strong></span> 
     </span>
    </p>
   </div>
   <div class='ocr_carea' id='block_1_96' title="bbox 2183 3761 3780 3836">
    <p class='ocr_par' dir='ltr' id='par_1_96' title="bbox 2183 3761 3780 3836">
     <span class='ocr_line' id='line_1_96' title="bbox 2183 3761 3780 3836; baseline -0.01 -9"><span class='ocrx_word' id='word_1_714' title='bbox 2183 3773 2365 3828; x_wconf 87' lang='lat' dir='ltr'><strong>tnundi</strong></span> <span class='ocrx_word' id='word_1_715' title='bbox 2411 3781 2536 3824; x_wconf 89' lang='lat' dir='ltr'><strong>sunt</strong></span> <span class='ocrx_word' id='word_1_716' title='bbox 2581 3768 2999 3836; x_wconf 74' lang='lat' dir='ltr'><strong>Concupiscutit,</strong></span> <span class='ocrx_word' id='word_1_717' title='bbox 3058 3764 3148 3818; x_wconf 79' lang='lat' dir='ltr'><strong>seti</strong></span> <span class='ocrx_word' id='word_1_718' title='bbox 3203 3777 3378 3817; x_wconf 88' lang='lat' dir='ltr'><strong>tamen</strong></span> <span class='ocrx_word' id='word_1_719' title='bbox 3426 3761 3780 3815; x_wconf 69' lang='lat' dir='ltr'><strong>adversiiatis</strong></span> 
     </span>
    </p>
   </div>
   <div class='ocr_carea' id='block_1_97' title="bbox 2185 3857 3780 3932">
    <p class='ocr_par' dir='ltr' id='par_1_97' title="bbox 2185 3857 3780 3932">
     <span class='ocr_line' id='line_1_97' title="bbox 2185 3857 3780 3932; baseline -0.008 -15"><span class='ocrx_word' id='word_1_720' title='bbox 2185 3865 2366 3918; x_wconf 90' lang='lat' dir='ltr'><strong>labore</strong></span> <span class='ocrx_word' id='word_1_721' title='bbox 2399 3863 2713 3932; x_wconf 77' lang='lat' dir='ltr'><strong>fatigantur,</strong></span> <span class='ocrx_word' id='word_1_722' title='bbox 2744 3868 2803 3912; x_wconf 90' lang='lat' dir='ltr'><strong>ut</strong></span> <span class='ocrx_word' id='word_1_723' title='bbox 2829 3857 3054 3912; x_wconf 87' lang='lat' dir='ltr'><strong>sollicita</strong></span> <span class='ocrx_word' id='word_1_724' title='bbox 3077 3857 3508 3910; x_wconf 77' lang='lat' dir='ltr'><strong>coiiStderatione</strong></span> <span class='ocrx_word' id='word_1_725' title='bbox 3541 3868 3780 3921; x_wconf 78' lang='lat' dir='ltr'><strong>perpen-</strong></span> 
     </span>
    </p>
   </div>
   <div class='ocr_carea' id='block_1_98' title="bbox 2183 3951 3779 4021">
    <p class='ocr_par' dir='ltr' id='par_1_98' title="bbox 2183 3951 3779 4021">
     <span class='ocr_line' id='line_1_98' title="bbox 2183 3951 3779 4021; baseline -0.009 -9"><span class='ocrx_word' id='word_1_726' title='bbox 2183 3958 2348 4021; x_wconf 89' lang='lat' dir='ltr'><strong>dant,</strong></span> <span class='ocrx_word' id='word_1_727' title='bbox 2401 3958 2623 4010; x_wconf 81' lang='lat' dir='ltr'><strong>Creator</strong></span> <span class='ocrx_word' id='word_1_728' title='bbox 2675 3953 2692 3990; x_wconf 76' lang='grc' dir='ltr'>ί</span> <span class='ocrx_word' id='word_1_729' title='bbox 2755 3951 3150 4017; x_wconf 79' lang='lat' dir='ltr'><strong>dispositorque</strong></span> <span class='ocrx_word' id='word_1_730' title='bbox 3208 3958 3518 4002; x_wconf 89' lang='lat' dir='ltr'><strong>cunctorum</strong></span> <span class='ocrx_word' id='word_1_731' title='bbox 3573 3957 3779 4014; x_wconf 79' lang='lat' dir='ltr'><strong>quanta</strong></span> 
     </span>
    </p>
   </div>
   <div class='ocr_carea' id='block_1_99' title="bbox 2185 4039 3779 4116">
    <p class='ocr_par' dir='ltr' id='par_1_99' title="bbox 2185 4039 3779 4116">
     <span class='ocr_line' id='line_1_99' title="bbox 2185 4039 3779 4116; baseline -0.009 -12"><span class='ocrx_word' id='word_1_732' title='bbox 2185 4063 2348 4116; x_wconf 89' lang='lat' dir='ltr'><strong>super</strong></span> <span class='ocrx_word' id='word_1_733' title='bbox 2395 4063 2488 4101; x_wconf 90' lang='lat' dir='ltr'><strong>eos</strong></span> <span class='ocrx_word' id='word_1_734' title='bbox 2531 4047 2699 4115; x_wconf 86' lang='lat' dir='ltr'><strong>gratia</strong></span> <span class='ocrx_word' id='word_1_735' title='bbox 2745 4045 2947 4112; x_wconf 81' lang='lat' dir='ltr'><strong>vigilat,</strong></span> <span class='ocrx_word' id='word_1_736' title='bbox 2997 4057 3131 4110; x_wconf 88' lang='lat' dir='ltr'><strong>quos</strong></span> <span class='ocrx_word' id='word_1_737' title='bbox 3160 4041 3210 4094; x_wconf 95' lang='lat' dir='ltr'><strong>in</strong></span> <span class='ocrx_word' id='word_1_738' title='bbox 3242 4055 3336 4094; x_wconf 89' lang='lat' dir='ltr'><strong>sua</strong></span> <span class='ocrx_word' id='word_1_739' title='bbox 3364 4039 3627 4092; x_wconf 59' lang='lat' dir='ltr'><strong>desideria</strong></span> <span class='ocrx_word' id='word_1_740' title='bbox 3663 4053 3779 4090; x_wconf 86' lang='lat' dir='ltr'><strong>non</strong></span> 
     </span>
    </p>
   </div>
   <div class='ocr_carea' id='block_1_100' title="bbox 2187 4133 3782 4206">
    <p class='ocr_par' dir='ltr' id='par_1_100' title="bbox 2187 4133 3782 4206">
     <span class='ocr_line' id='line_1_100' title="bbox 2187 4133 3782 4206; baseline -0.008 -12"><span class='ocrx_word' id='word_1_741' title='bbox 2187 4141 2411 4195; x_wconf 82' lang='lat' dir='ltr'><strong>relaxat.</strong></span> <span class='ocrx_word' id='word_1_742' title='bbox 2459 4138 2623 4206; x_wconf 62' lang='grc' dir='ltr'><strong>Αἰτεῑο</strong></span> <span class='ocrx_word' id='word_1_743' title='bbox 2654 4136 2851 4206; x_wconf 88' lang='lat' dir='ltr'><strong>quippe</strong></span> <span class='ocrx_word' id='word_1_744' title='bbox 2879 4150 3035 4202; x_wconf 88' lang='lat' dir='ltr'><strong>quem</strong></span> <span class='ocrx_word' id='word_1_745' title='bbox 3067 4134 3304 4187; x_wconf 86' lang='lat' dir='ltr'><strong>medicus</strong></span> <span class='ocrx_word' id='word_1_746' title='bbox 3334 4133 3605 4199; x_wconf 88' lang='lat' dir='ltr'><strong>desperat,</strong></span> <span class='ocrx_word' id='word_1_747' title='bbox 3636 4143 3782 4182; x_wconf 80' lang='lat' dir='ltr'><strong>cou-</strong></span> 
     </span>
    </p>
   </div>
   <div class='ocr_carea' id='block_1_101' title="bbox 2187 4224 3782 4298">
    <p class='ocr_par' dir='ltr' id='par_1_101' title="bbox 2187 4224 3782 4298">
     <span class='ocr_line' id='line_1_101' title="bbox 2187 4224 3782 4298; baseline -0.009 -10"><span class='ocrx_word' id='word_1_748' title='bbox 2187 4235 2332 4288; x_wconf 89' lang='lat' dir='ltr'><strong>cedit</strong></span> <span class='ocrx_word' id='word_1_749' title='bbox 2362 4244 2416 4285; x_wconf 88' lang='lat' dir='ltr'><strong>ut</strong></span> <span class='ocrx_word' id='word_1_750' title='bbox 2449 4242 2636 4286; x_wconf 90' lang='lat' dir='ltr'><strong>cuncta</strong></span> <span class='ocrx_word' id='word_1_751' title='bbox 2669 4247 2786 4298; x_wconf 64' lang='lat' dir='ltr'><strong>qua:</strong></span> <span class='ocrx_word' id='word_1_752' title='bbox 2832 4228 3160 4295; x_wconf 84' lang='lat' dir='ltr'><strong>concupiscit</strong></span> <span class='ocrx_word' id='word_1_753' title='bbox 3211 4226 3454 4294; x_wconf 65' lang='lat' dir='ltr'><strong>actipiat.</strong></span> <span class='ocrx_word' id='word_1_754' title='bbox 3502 4224 3630 4275; x_wconf 81' lang='lat' dir='ltr'><strong>Nam</strong></span> <span class='ocrx_word' id='word_1_755' title='bbox 3683 4227 3782 4290; x_wconf 87' lang='lat' dir='ltr'><strong>qui</strong></span> 
     </span>
    </p>
   </div>
   <div class='ocr_carea' id='block_1_102' title="bbox 2185 4315 3779 4393">
    <p class='ocr_par' dir='ltr' id='par_1_102' title="bbox 2185 4315 3779 4393">
     <span class='ocr_line' id='line_1_102' title="bbox 2185 4315 3779 4393; baseline -0.008 -14"><span class='ocrx_word' id='word_1_756' title='bbox 2185 4326 2363 4380; x_wconf 87' lang='lat' dir='ltr'><strong>sanari</strong></span> <span class='ocrx_word' id='word_1_757' title='bbox 2409 4339 2570 4393; x_wconf 68' lang='lat' dir='ltr'><strong>posse</strong></span> <span class='ocrx_word' id='word_1_758' title='bbox 2619 4323 2876 4384; x_wconf 90' lang='lat' dir='ltr'><strong>creditur,</strong></span> <span class='ocrx_word' id='word_1_759' title='bbox 2909 4336 2937 4373; x_wconf 90' lang='lat' dir='ltr'><strong>a</strong></span> <span class='ocrx_word' id='word_1_760' title='bbox 2972 4321 3152 4372; x_wconf 87' lang='lat' dir='ltr'><strong>multis</strong></span> <span class='ocrx_word' id='word_1_761' title='bbox 3195 4333 3312 4387; x_wconf 68' lang='lat' dir='ltr'><strong>quae</strong></span> <span class='ocrx_word' id='word_1_762' title='bbox 3344 4316 3547 4384; x_wconf 86' lang='lat' dir='ltr'><strong>appetit</strong></span> <span class='ocrx_word' id='word_1_763' title='bbox 3578 4315 3779 4382; x_wconf 79' lang='lat' dir='ltr'><strong>prohi-</strong></span> 
     </span>
    </p>
   </div>
   <div class='ocr_carea' id='block_1_103' title="bbox 2187 4409 3783 4483">
    <p class='ocr_par' dir='ltr' id='par_1_103' title="bbox 2187 4409 3783 4483">
     <span class='ocr_line' id='line_1_103' title="bbox 2187 4409 3783 4483; baseline -0.011 -13"><span class='ocrx_word' id='word_1_764' title='bbox 2187 4418 2384 4470; x_wconf 90' lang='lat' dir='ltr'><strong>betur:</strong></span> <span class='ocrx_word' id='word_1_765' title='bbox 2411 4425 2463 4470; x_wconf 88' lang='lat' dir='ltr'><strong>et</strong></span> <span class='ocrx_word' id='word_1_766' title='bbox 2511 4414 2692 4483; x_wconf 82' lang='lat' dir='ltr'><strong>pueris</strong></span> <span class='ocrx_word' id='word_1_767' title='bbox 2743 4426 2989 4466; x_wconf 87' lang='lat' dir='ltr'><strong>nummos</strong></span> <span class='ocrx_word' id='word_1_768' title='bbox 3021 4410 3410 4472; x_wconf 83' lang='lat' dir='ltr'><strong>subtrahimus,</strong></span> <span class='ocrx_word' id='word_1_769' title='bbox 3442 4409 3634 4475; x_wconf 86' lang='lat' dir='ltr'><strong>quibus</strong></span> <span class='ocrx_word' id='word_1_770' title='bbox 3663 4421 3783 4462; x_wconf 76' lang='lat' dir='ltr'><strong>Ima</strong></span> 
     </span>
    </p>
   </div>
   <div class='ocr_carea' id='block_1_104' title="bbox 2195 4499 3785 4576">
    <p class='ocr_par' dir='ltr' id='par_1_104' title="bbox 2195 4499 3785 4576">
     <span class='ocr_line' id='line_1_104' title="bbox 2195 4499 3785 4576; baseline -0.008 -14"><span class='ocrx_word' id='word_1_771' title='bbox 2195 4508 2355 4562; x_wconf 89' lang='lat' dir='ltr'><strong>simul</strong></span> <span class='ocrx_word' id='word_1_772' title='bbox 2384 4505 2703 4576; x_wconf 81' lang='lat' dir='ltr'><strong>palrintOuia</strong></span> <span class='ocrx_word' id='word_1_773' title='bbox 2737 4503 3037 4557; x_wconf 69' lang='lat' dir='ltr'><strong>literedibtis</strong></span> <span class='ocrx_word' id='word_1_774' title='bbox 3075 4515 3431 4554; x_wconf 60' lang='lat' dir='ltr'><strong>reservamus.</strong></span> <span class='ocrx_word' id='word_1_775' title='bbox 3468 4499 3602 4552; x_wconf 84' lang='lat' dir='ltr'><strong>Hinc</strong></span> <span class='ocrx_word' id='word_1_776' title='bbox 3641 4514 3785 4567; x_wconf 79' lang='lat' dir='ltr'><strong>ergo</strong></span> 
     </span>
    </p>
   </div>
   <div class='ocr_carea' id='block_1_105' title="bbox 2188 4592 3785 4668">
    <p class='ocr_par' dir='ltr' id='par_1_105' title="bbox 2188 4592 3785 4668">
     <span class='ocr_line' id='line_1_105' title="bbox 2188 4592 3785 4668; baseline -0.007 -14"><span class='ocrx_word' id='word_1_777' title='bbox 2188 4605 2254 4657; x_wconf 90' lang='lat' dir='ltr'><strong>de</strong></span> <span class='ocrx_word' id='word_1_778' title='bbox 2287 4617 2382 4668; x_wconf 88' lang='lat' dir='ltr'><strong>spe</strong></span> <span class='ocrx_word' id='word_1_779' title='bbox 2421 4610 2640 4654; x_wconf 53' lang='lat' dir='ltr'><strong>aeternae</strong></span> <span class='ocrx_word' id='word_1_780' title='bbox 2690 4595 3016 4649; x_wconf 74' lang='lat' dir='ltr'><strong>litereditatis</strong></span> <span class='ocrx_word' id='word_1_781' title='bbox 3064 4592 3313 4661; x_wconf 86' lang='lat' dir='ltr'><strong>gaudium</strong></span> <span class='ocrx_word' id='word_1_782' title='bbox 3364 4601 3596 4653; x_wconf 90' lang='lat' dir='ltr'><strong>sumant,</strong></span> <span class='ocrx_word' id='word_1_783' title='bbox 3636 4605 3785 4659; x_wconf 82' lang='lat' dir='ltr'><strong>quos</strong></span> 
     </span>
    </p>
   </div>
   <div class='ocr_carea' id='block_1_106' title="bbox 2184 4682 3785 4756">
    <p class='ocr_par' dir='ltr' id='par_1_106' title="bbox 2184 4682 3785 4756">
     <span class='ocr_line' id='line_1_106' title="bbox 2184 4682 3785 4756; baseline -0.011 -6"><span class='ocrx_word' id='word_1_784' title='bbox 2184 4695 2486 4750; x_wconf 86' lang='lat' dir='ltr'><strong>adversitas</strong></span> <span class='ocrx_word' id='word_1_785' title='bbox 2534 4692 2656 4745; x_wconf 64' lang='lat' dir='ltr'><strong>vit.»</strong></span> <span class='ocrx_word' id='word_1_786' title='bbox 2709 4686 3018 4756; x_wconf 83' lang='lat' dir='ltr'><strong>temporalis</strong></span> <span class='ocrx_word' id='word_1_787' title='bbox 3063 4684 3343 4748; x_wconf 89' lang='lat' dir='ltr'><strong>humiliat;</strong></span> <span class='ocrx_word' id='word_1_788' title='bbox 3379 4682 3503 4751; x_wconf 88' lang='lat' dir='ltr'><strong>quia</strong></span> <span class='ocrx_word' id='word_1_789' title='bbox 3535 4683 3636 4736; x_wconf 84' lang='lat' dir='ltr'><strong>nisi</strong></span> <span class='ocrx_word' id='word_1_790' title='bbox 3669 4685 3785 4734; x_wconf 84' lang='lat' dir='ltr'><strong>sal-</strong></span> 
     </span>
    </p>
   </div>
   <div class='ocr_carea' id='block_1_107' title="bbox 2185 4775 3785 4851">
    <p class='ocr_par' dir='ltr' id='par_1_107' title="bbox 2185 4775 3785 4851">
     <span class='ocr_line' id='line_1_107' title="bbox 2185 4775 3785 4851; baseline -0.009 -9"><span class='ocrx_word' id='word_1_791' title='bbox 2185 4788 2391 4842; x_wconf 83' lang='lat' dir='ltr'><strong>vandos</strong></span> <span class='ocrx_word' id='word_1_792' title='bbox 2445 4786 2497 4838; x_wconf 94' lang='lat' dir='ltr'><strong>in</strong></span> <span class='ocrx_word' id='word_1_793' title='bbox 2554 4788 2870 4851; x_wconf 87' lang='lat' dir='ltr'><strong>perpetuum</strong></span> <span class='ocrx_word' id='word_1_794' title='bbox 2935 4785 3226 4840; x_wconf 86' lang='lat' dir='ltr'><strong>cerneret,</strong></span> <span class='ocrx_word' id='word_1_795' title='bbox 3292 4775 3617 4830; x_wconf 87' lang='lat' dir='ltr'><strong>erudiendos</strong></span> <span class='ocrx_word' id='word_1_796' title='bbox 3674 4776 3785 4828; x_wconf 82' lang='lat' dir='ltr'><strong>Sub</strong></span> 
     </span>
    </p>
   </div>
   <div class='ocr_carea' id='block_1_108' title="bbox 2184 4870 3781 4949">
    <p class='ocr_par' dir='ltr' id='par_1_108' title="bbox 2184 4870 3781 4949">
     <span class='ocr_line' id='line_1_108' title="bbox 2184 4870 3781 4949; baseline -0.007 -14"><span class='ocrx_word' id='word_1_797' title='bbox 2184 4882 2484 4949; x_wconf 67' lang='lat' dir='ltr'><strong>disciplina:</strong></span> <span class='ocrx_word' id='word_1_798' title='bbox 2514 4876 2772 4944; x_wconf 87' lang='lat' dir='ltr'><strong>regimine</strong></span> <span class='ocrx_word' id='word_1_799' title='bbox 2797 4873 2978 4926; x_wconf 88' lang='lat' dir='ltr'><strong>divina</strong></span> <span class='ocrx_word' id='word_1_800' title='bbox 3008 4871 3341 4939; x_wconf 87' lang='lat' dir='ltr'><strong>dispensatio</strong></span> <span class='ocrx_word' id='word_1_801' title='bbox 3371 4887 3476 4924; x_wconf 89' lang='lat' dir='ltr'><strong>non</strong></span> <span class='ocrx_word' id='word_1_802' title='bbox 3509 4870 3781 4924; x_wconf 87' lang='lat' dir='ltr'><strong>frenaret.</strong></span> 
     </span>
    </p>
   </div>
   <div class='ocr_carea' id='block_1_109' title="bbox 2194 4960 3786 5036">
    <p class='ocr_par' dir='ltr' id='par_1_109' title="bbox 2194 4960 3786 5036">
     <span class='ocr_line' id='line_1_109' title="bbox 2194 4960 3786 5036; baseline -0.01 -9"><span class='ocrx_word' id='word_1_803' title='bbox 2194 4969 2534 5027; x_wconf 86' lang='lat' dir='ltr'><strong>Aduioncndi</strong></span> <span class='ocrx_word' id='word_1_804' title='bbox 2587 4969 2764 5036; x_wconf 89' lang='lat' dir='ltr'><strong>itaque</strong></span> <span class='ocrx_word' id='word_1_805' title='bbox 2794 4975 2918 5017; x_wconf 85' lang='lat' dir='ltr'><strong>Sunt</strong></span> <span class='ocrx_word' id='word_1_806' title='bbox 2953 4964 3040 5033; x_wconf 85' lang='lat' dir='ltr'><strong>qui</strong></span> <span class='ocrx_word' id='word_1_807' title='bbox 3071 4964 3120 5016; x_wconf 92' lang='lat' dir='ltr'><strong>in</strong></span> <span class='ocrx_word' id='word_1_808' title='bbox 3154 4964 3376 5030; x_wconf 84' lang='lat' dir='ltr'><strong>hisqth</strong></span> <span class='ocrx_word' id='word_1_809' title='bbox 3405 4960 3786 5027; x_wconf 72' lang='lat' dir='ltr'><strong>temporalitcr</strong></span> 
     </span>
    </p>
   </div>
   <div class='ocr_carea' id='block_1_110' title="bbox 2192 5053 3778 5130">
    <p class='ocr_par' dir='ltr' id='par_1_110' title="bbox 2192 5053 3778 5130">
     <span class='ocr_line' id='line_1_110' title="bbox 2192 5053 3778 5130; baseline -0.008 -14"><span class='ocrx_word' id='word_1_810' title='bbox 2192 5062 2610 5130; x_wconf 83' lang='lat' dir='ltr'><strong>concupiscunt,</strong></span> <span class='ocrx_word' id='word_1_811' title='bbox 2653 5053 2989 5110; x_wconf 60' lang='lat' dir='ltr'><strong>advcrsdatis</strong></span> <span class='ocrx_word' id='word_1_812' title='bbox 3025 5055 3204 5109; x_wconf 85' lang='lat' dir='ltr'><strong>labore</strong></span> <span class='ocrx_word' id='word_1_813' title='bbox 3237 5055 3307 5106; x_wconf 83' lang='lat' dir='ltr'><strong>fat</strong></span> <span class='ocrx_word' id='word_1_814' title='bbox 3329 5064 3537 5121; x_wconf 86' lang='lat' dir='ltr'><strong>gantur,</strong></span> <span class='ocrx_word' id='word_1_815' title='bbox 3574 5060 3633 5104; x_wconf 92' lang='lat' dir='ltr'><strong>ut</strong></span> <span class='ocrx_word' id='word_1_816' title='bbox 3663 5055 3778 5104; x_wconf 81' lang='lat' dir='ltr'><strong>sol-</strong></span> 
     </span>
    </p>
   </div>
   <div class='ocr_carea' id='block_1_111' title="bbox 2193 5145 3788 5218">
    <p class='ocr_par' dir='ltr' id='par_1_111' title="bbox 2193 5145 3788 5218">
     <span class='ocr_line' id='line_1_111' title="bbox 2193 5145 3788 5218; baseline -0.009 -9"><span class='ocrx_word' id='word_1_817' title='bbox 2193 5155 2338 5209; x_wconf 89' lang='lat' dir='ltr'><strong>licite</strong></span> <span class='ocrx_word' id='word_1_818' title='bbox 2370 5152 2709 5207; x_wconf 81' lang='lat' dir='ltr'><strong>considerent</strong></span> <span class='ocrx_word' id='word_1_819' title='bbox 2743 5149 2882 5218; x_wconf 86' lang='lat' dir='ltr'><strong>quod</strong></span> <span class='ocrx_word' id='word_1_820' title='bbox 2917 5148 3227 5216; x_wconf 88' lang='lat' dir='ltr'><strong>plerumque</strong></span> <span class='ocrx_word' id='word_1_821' title='bbox 3256 5147 3413 5199; x_wconf 81' lang='lat' dir='ltr'><strong>etiam</strong></span> <span class='ocrx_word' id='word_1_822' title='bbox 3444 5145 3622 5212; x_wconf 80' lang='lat' dir='ltr'><strong>jnstos</strong></span> <span class='ocrx_word' id='word_1_823' title='bbox 3651 5160 3788 5195; x_wconf 85' lang='lat' dir='ltr'><strong>cum</strong></span> 
     </span>
    </p>
   </div>
   <div class='ocr_carea' id='block_1_112' title="bbox 2193 5242 3786 5318">
    <p class='ocr_par' dir='ltr' id='par_1_112' title="bbox 2193 5242 3786 5318">
     <span class='ocr_line' id='line_1_112' title="bbox 2193 5242 3786 5318; baseline -0.006 -14"><span class='ocrx_word' id='word_1_824' title='bbox 2193 5247 2503 5318; x_wconf 88' lang='lat' dir='ltr'><strong>temporalis</strong></span> <span class='ocrx_word' id='word_1_825' title='bbox 2543 5245 2778 5314; x_wconf 79' lang='lat' dir='ltr'><strong>potentia</strong></span> <span class='ocrx_word' id='word_1_826' title='bbox 2823 5245 3074 5310; x_wconf 91' lang='lat' dir='ltr'><strong>sustollit,</strong></span> <span class='ocrx_word' id='word_1_827' title='bbox 3117 5243 3262 5297; x_wconf 90' lang='lat' dir='ltr'><strong>velut</strong></span> <span class='ocrx_word' id='word_1_828' title='bbox 3292 5242 3343 5295; x_wconf 87' lang='lat' dir='ltr'><strong>iti</strong></span> <span class='ocrx_word' id='word_1_829' title='bbox 3383 5243 3572 5310; x_wconf 88' lang='lat' dir='ltr'><strong>laqueo</strong></span> <span class='ocrx_word' id='word_1_830' title='bbox 3617 5245 3786 5309; x_wconf 80' lang='lat' dir='ltr'><strong>culpa</strong></span> 
     </span>
    </p>
   </div>
   <div class='ocr_carea' id='block_1_113' title="bbox 2189 5406 3778 5475">
    <p class='ocr_par' dir='ltr' id='par_1_113' title="bbox 2189 5406 3778 5475">
     <span class='ocr_line' id='line_1_113' title="bbox 2189 5406 3778 5475; baseline 0 -12"><span class='ocrx_word' id='word_1_831' title='bbox 2189 5411 2373 5470; x_wconf 87' lang='lat' dir='ltr'><strong>Corb.,</strong></span> <span class='ocrx_word' id='word_1_832' title='bbox 2409 5407 2574 5464; x_wconf 85' lang='lat' dir='ltr'><strong>Laud.</strong></span> <span class='ocrx_word' id='word_1_833' title='bbox 2606 5418 2657 5460; x_wconf 91' lang='lat' dir='ltr'><strong>et</strong></span> <span class='ocrx_word' id='word_1_834' title='bbox 2687 5407 2894 5462; x_wconf 84' lang='lat' dir='ltr'><strong>duobus</strong></span> <span class='ocrx_word' id='word_1_835' title='bbox 2927 5406 3194 5475; x_wconf 86' lang='lat' dir='ltr'><strong>prioribus</strong></span> <span class='ocrx_word' id='word_1_836' title='bbox 3243 5406 3403 5460; x_wconf 82' lang='lat' dir='ltr'><strong>Caro.</strong></span> <span class='ocrx_word' id='word_1_837' title='bbox 3438 5408 3652 5460; x_wconf 88' lang='lat' dir='ltr'><strong>Tertius</strong></span> <span class='ocrx_word' id='word_1_838' title='bbox 3683 5413 3778 5464; x_wconf 73' lang='lat' dir='ltr'><strong>ha-</strong></span> 
     </span>
    </p>
   </div>
   <div class='ocr_carea' id='block_1_114' title="bbox 2189 5480 2678 5544">
    <p class='ocr_par' dir='ltr' id='par_1_114' title="bbox 2189 5480 2678 5544">
     <span class='ocr_line' id='line_1_114' title="bbox 2189 5480 2678 5544; baseline -0.006 -9"><span class='ocrx_word' id='word_1_839' title='bbox 2189 5482 2299 5544; x_wconf 87' lang='lat' dir='ltr'><strong>bet,</strong></span> <span class='ocrx_word' id='word_1_840' title='bbox 2330 5498 2421 5533; x_wconf 86' lang='lat' dir='ltr'><strong>nos</strong></span> <span class='ocrx_word' id='word_1_841' title='bbox 2445 5480 2678 5533; x_wconf 82' lang='lat' dir='ltr'><strong>interius.</strong></span> 
     </span>
    </p>
   </div>
   <div class='ocr_carea' id='block_1_115' title="bbox 2264 5547 3788 5615">
    <p class='ocr_par' dir='ltr' id='par_1_115' title="bbox 2264 5547 3788 5615">
     <span class='ocr_line' id='line_1_115' title="bbox 2264 5547 3788 5615; baseline -0.003 -10"><span class='ocrx_word' id='word_1_842' title='bbox 2264 5561 2287 5587; x_wconf 80' lang='grc' dir='ltr'><strong>ο</strong></span> <span class='ocrx_word' id='word_1_843' title='bbox 2320 5552 2498 5605; x_wconf 84' lang='lat' dir='ltr'><strong>Visum</strong></span> <span class='ocrx_word' id='word_1_844' title='bbox 2547 5561 2626 5604; x_wconf 79' lang='lat' dir='ltr'><strong>est</strong></span> <span class='ocrx_word' id='word_1_845' title='bbox 2662 5548 2965 5602; x_wconf 86' lang='lat' dir='ltr'><strong>Editnrtbus</strong></span> <span class='ocrx_word' id='word_1_846' title='bbox 3011 5561 3227 5612; x_wconf 84' lang='lat' dir='ltr'><strong>ponete.</strong></span> <span class='ocrx_word' id='word_1_847' title='bbox 3277 5547 3632 5608; x_wconf 81' lang='lat' dir='ltr'><strong>repensatione</strong></span> <span class='ocrx_word' id='word_1_848' title='bbox 3682 5565 3788 5615; x_wconf 82' lang='lat' dir='ltr'><strong>pm</strong></span> 
     </span>
    </p>
   </div>
   <div class='ocr_carea' id='block_1_116' title="bbox 2193 5617 3787 5690">
    <p class='ocr_par' dir='ltr' id='par_1_116' title="bbox 2193 5617 3787 5690">
     <span class='ocr_line' id='line_1_116' title="bbox 2193 5617 3787 5690; baseline -0.003 -13"><span class='ocrx_word' id='word_1_849' title='bbox 2193 5625 2539 5690; x_wconf 84' lang='lat' dir='ltr'><strong>responsione,</strong></span> <span class='ocrx_word' id='word_1_850' title='bbox 2582 5619 2723 5688; x_wconf 88' lang='lat' dir='ltr'><strong>quod</strong></span> <span class='ocrx_word' id='word_1_851' title='bbox 2776 5620 2966 5685; x_wconf 80' lang='lat' dir='ltr'><strong>legitur</strong></span> <span class='ocrx_word' id='word_1_852' title='bbox 3016 5620 3070 5690; x_wconf 84' lang='lat' dir='ltr'><strong>in</strong></span> <span class='ocrx_word' id='word_1_853' title='bbox 3112 5617 3359 5690; x_wconf 70' lang='lat' dir='ltr'><strong>omnibus</strong></span> <span class='ocrx_word' id='word_1_854' title='bbox 3391 5617 3515 5690; x_wconf 79' lang='lat' dir='ltr'><strong>Mss.</strong></span> <span class='ocrx_word' id='word_1_855' title='bbox 3551 5623 3787 5677; x_wconf 60' lang='lat' dir='ltr'><strong>&quot;Ostiis.</strong></span> 
     </span>
    </p>
   </div>
   <div class='ocr_carea' id='block_1_117' title="bbox 2265 5689 3786 5758">
    <p class='ocr_par' dir='ltr' id='par_1_117' title="bbox 2265 5689 3786 5758">
     <span class='ocr_line' id='line_1_117' title="bbox 2265 5689 3786 5758; baseline 0.001 -13"><span class='ocrx_word' id='word_1_856' title='bbox 2265 5691 2282 5732; x_wconf 68' lang='grc' dir='ltr'><strong>ί</strong></span> <span class='ocrx_word' id='word_1_857' title='bbox 2319 5693 2483 5748; x_wconf 76' lang='lat' dir='ltr'><strong>Iidem</strong></span> <span class='ocrx_word' id='word_1_858' title='bbox 2527 5692 2623 5746; x_wconf 86' lang='lat' dir='ltr'><strong>Ed.</strong></span> <span class='ocrx_word' id='word_1_859' title='bbox 2657 5698 2927 5744; x_wconf 87' lang='lat' dir='ltr'><strong>mutarunt</strong></span> <span class='ocrx_word' id='word_1_860' title='bbox 2971 5689 3247 5756; x_wconf 70' lang='lat' dir='ltr'><strong>dispositu“</strong></span> <span class='ocrx_word' id='word_1_861' title='bbox 3291 5689 3394 5758; x_wconf 85' lang='lat' dir='ltr'><strong>(sic</strong></span> <span class='ocrx_word' id='word_1_862' title='bbox 3422 5689 3619 5743; x_wconf 86' lang='lat' dir='ltr'><strong>habent</strong></span> <span class='ocrx_word' id='word_1_863' title='bbox 3648 5690 3786 5747; x_wconf 68' lang='lat' dir='ltr'><strong>Slss.</strong></span> 
     </span>
    </p>
   </div>
   <div class='ocr_carea' id='block_1_118' title="bbox 2189 5764 2867 5832">
    <p class='ocr_par' dir='ltr' id='par_1_118' title="bbox 2189 5764 2867 5832">
     <span class='ocr_line' id='line_1_118' title="bbox 2189 5764 2867 5832; baseline -0.006 -15"><span class='ocrx_word' id='word_1_864' title='bbox 2189 5766 2396 5832; x_wconf 72' lang='lat' dir='ltr'><strong>omnes)</strong></span> <span class='ocrx_word' id='word_1_865' title='bbox 2425 5766 2498 5826; x_wconf 91' lang='lat' dir='ltr'><strong>in,</strong></span> <span class='ocrx_word' id='word_1_866' title='bbox 2531 5764 2867 5831; x_wconf 75' lang='lat' dir='ltr'><strong>dispensator.</strong></span> 
     </span>
    </p>
   </div>
  </div>
