4014 6312
231 316 316 372 ιω
1051 316 1356 374 REGULIE
1400 317 1830 374 PASTORMJS
1868 320 2093 376 LIBER.
2138 348 2205 359 —
2249 319 2425 376 PARS
2463 319 2740 375 TERTIA.

3419 327 3530 382 169.

230 427 674 500 comprehendit.
722 428 859 483 Nam
901 429 1038 483 sicut
1066 429 1119 482 in
1159 429 1323 496 priori
1354 429 1512 496 hujus
1541 428 1830 486 voluminis
1856 437 1904 494 Α
1935 431 2208 486 desiderio
2239 440 2538 500 esSpectat.
2572 433 2689 487 Non
2721 432 2898 488 flendo
2938 406 3116 490 autem
3151 433 3301 502 ﬂere,
3331 450 3415 494 est
3442 443 3522 496 sic

232 530 380 589 parte
409 521 518 584 jam
549 517 797 570 diximus
840 521 880 583 (ι
915 527 1076 584 parte,
1109 535 1158 572 c.
1184 518 1267 586 5),
1303 519 1466 574 David
1494 520 1603 574 Deo
1631 522 1834 573 amabi-

236 613 302 664 lis
329 610 526 662 rectior
572 606 676 660 fuit
717 607 772 660 in
817 608 1059 672 servitio,
1111 624 1270 677 quain
1321 625 1443 663 cum
1491 612 1734 678 t'ervettit
1765 613 1832 667 ad

235 714 452 767 regnum
496 696 547 764 (Ι
588 696 724 763 Reg.
757 711 905 761 μιν,
947 698 1057 764 18).
1108 698 1310 751 Servus
1360 713 1593 765 namque
1647 715 1833 756 amore

235 789 472 858 iustitiae,
528 787 934 855 deprehensum
989 788 1352 842 adverSariutn
1408 790 1569 843 ferire
1624 792 1830 857 timuit;

237 895 325 934 rex
380 886 567 932 autem
621 878 976 944 persuasione
1027 878 1250 932 luxuriae
1301 879 1554 932 devotunt
1611 880 1830 934 militem

235 981 396 1024 etiam
426 968 532 1023 sub
557 967 741 1021 studio
789 965 993 1021 fraudis
1037 970 1295 1022 exstinxit
1337 967 1422 1035 (ll
1452 968 1582 1037 Reg.
1611 985 1683 1030 si,
1719 973 1829 1039 17).

234 1062 372 1126 Quis
401 1074 533 1128 ergo
571 1072 728 1125 Opes,
758 1059 877 1126 quis
909 1068 1250 1127 potestatem,
1282 1076 1401 1127 quis
1427 1061 1648 1129 gloriam
1681 1078 1830 1130 quae.

237 1163 325 1207 rat
378 1151 616 1214 innoxie,
651 1149 696 1202 si
722 1159 778 1203 et
807 1150 884 1202 illi
917 1150 1239 1203 exstiterunt
1267 1153 1446 1214 noxia,
1478 1151 1567 1219 qui
1589 1152 1704 1206 hinc
1735 1154 1832 1203 ba-

239 1243 351 1295 buit
403 1255 511 1294 non
565 1241 832 1307 quassita?
875 1239 1008 1304 Quis
1057 1241 1198 1293 inter
1229 1243 1341 1293 lttee
1370 1242 1485 1295 sine
1517 1245 1690 1314 magni
1723 1243 1833 1296 dis-

237 1331 476 1383 criminis
527 1328 715 1382 labore
753 1328 1071 1394 salvahitur,
1099 1329 1143 1382 si
1168 1331 1254 1384 ille
1286 1331 1338 1383 iit
1369 1330 1451 1384 his
1478 1332 1632 1401 culpa
1663 1332 1833 1386 inter-

238 1420 490 1474 veniente
537 1419 784 1470 turbatus
827 1425 930 1481 est,
979 1418 1070 1483 qui
1119 1419 1186 1471 ad
1233 1420 1349 1473 haec
1400 1420 1570 1474 fuerat
1598 1422 1709 1475 Deo
1735 1421 1834 1476 eli-

237 1522 393 1579 gente
446 1509 816 1577 praeparatus?
867 1510 1210 1563 Adtnonendi
1250 1522 1372 1564 sunt
1408 1522 1462 1564 ut
1492 1515 1835 1566 considerent

238 1604 356 1671 quia
406 1602 670 1657 Salomon
701 1602 789 1670 qui
838 1609 960 1670 post
990 1610 1191 1654 tantam
1222 1604 1535 1670 sapientiam
1571 1620 1736 1671 usque
1765 1605 1830 1656 ad

238 1694 601 1748 idololatriant
671 1693 930 1747 cecidisse
995 1694 1352 1759 describitur,
1421 1697 1554 1750 nihil
1610 1697 1663 1750 in
1721 1702 1832 1752 hoc

1939 524 2208 577 exteriora
2231 523 2458 577 adversa
2488 524 2760 592 plangere,
2787 533 2844 578 ut
2867 535 3041 578 tamen
3074 528 3281 580 noverit
3307 538 3524 586 internae

1938 614 2053 682 spei
2076 614 2452 668 consolatione
2477 614 2728 682 gaudere.
2751 614 2819 668 Et
2845 630 3083 681 rursum,
3112 633 3216 670 non
3243 621 3528 688 gaudendo

1940 708 2198 773 gaudere,
2248 716 2334 760 est
2381 707 2458 760 sic
2507 707 2576 760 de
2631 706 2826 760 inlimis
2875 709 3111 762 animum
3159 712 3428 781 attollere,
3471 727 3528 766 ut

1941 804 2124 850 tamen
2159 811 2426 864 nunquam
2461 795 2674 848 desinat
2697 810 2904 849 summa
2939 798 3252 852 formidare.
3285 801 3380 856 Ubi
3402 817 3527 871 apte

1937 901 2150 954 quoque
2179 887 2334 953 paulo
2365 894 2482 952 post
2508 886 2717 940 subdit:
2750 885 2990 940 Prwterit
3018 892 3150 941 enim
3172 892 3340 960 ﬁgura
3369 893 3526 964 hujus

1938 976 2117 1026 mundi
2142 973 2334 1042 ΗΜΛ..
2372 975 2448 1043 1).
2483 978 2561 1026 Ae
2588 975 2632 1026 si
2661 986 2845 1043 aperte
2876 977 3075 1030 diceret
3105 997 3114 1029 :
3147 979 3320 1034 Nolite
3388 997 3518 1036 cou-

1939 1073 2145 1117 staitter
2175 1064 2429 1116 tuunduttt
2457 1063 2702 1129 diligere,
2729 1067 2941 1133 quando
2970 1082 3021 1122 et
3056 1071 3168 1139 ipse
3197 1088 3302 1126 non
3326 1083 3524 1142 potest,

1936 1171 2096 1224 quem
2151 1156 2389 1224 diligitis,
2434 1165 2598 1208 stare.
2635 1155 2903 1211 Incassum
2935 1175 3030 1213 cur
3059 1167 3212 1232 quasi
3245 1177 3524 1220 manentes

1940 1249 2124 1317 ligitis,
2153 1252 2278 1302 dum
2314 1249 2447 1315 fugit
2481 1248 2592 1315 ipse
2620 1263 2777 1315 quem
2808 1253 3019 1304 amatis.

2010 1338 2348 1392 Adittonettdi
2402 1353 2524 1390 sunt
2571 1339 2849 1407 conjuges,
2906 1353 3052 1395 utea
3095 1345 3145 1396 in
3184 1345 3374 1413 quibus
3422 1348 3522 1402 sibi

1937 1430 2224 1498 aliquando
2269 1430 2577 1498 diSplicent,
2628 1440 2682 1483 et
2720 1433 2980 1498 patientes
3011 1435 3238 1489 invicem
3272 1439 3520 1506 tolerent,

1936 1531 1991 1574 et
2017 1521 2365 1573 exhortantes
2414 1519 2640 1572 invicem
2697 1521 2928 1575 salvettt.
2981 1525 3245 1593 Scriptum
3294 1544 3524 1597 namque

1938 1622 2059 1667 est:
2087 1612 2311 1664 Invicem
2349 1629 2507 1664 onera
2546 1624 2708 1665 vestra
2756 1626 2974 1683 portate,
3008 1627 3053 1668 et
3083 1618 3157 1670 sic
3179 1621 3524 1689 adintplebitis

1938 1703 2096 1772 legem
2123 1702 2313 1756 Christi
2343 1703 2542 1766 (halat.
2579 1720 2651 1769 tv,
2680 1705 2760 1773 Εἰ).
2804 1707 2908 1759 Lex
2943 1709 3139 1775 quippe
3167 1708 3363 1764 Christi
3395 1714 3523 1765 cha-

239 1787 437 1839 tnundo
463 1787 774 1854 priuSquatn
804 1785 1042 1845 caderet,
1077 1786 1418 1840 adversTtatis
1445 1789 1694 1844 habuisse
1717 1806 1831 1844 nte-
1868 1811 1908 1866 Β
1939 1795 2069 1848 ritas
2126 1804 2238 1859 est;
2279 1805 2298 1831 ε
2329 1797 2448 1863 quia
2490 1811 2550 1849 es
2592 1797 2682 1849 illo
2714 1799 2866 1851 nobis
2909 1809 2961 1853 et
3011 1801 3228 1869 largiter
3258 1817 3348 1855 sua
3383 1804 3521 1857 bona

239 1889 479 1931 moratur
507 1893 523 1941 ;
560 1877 656 1929 sed
694 1893 950 1930 concessa
983 1881 1243 1946 sapientia
1284 1879 1526 1933 funditus
1555 1895 1648 1934 cor
1677 1882 1834 1936 dese-

239 1973 360 2035 ruit,
396 1970 539 2038 quod
594 1970 744 2023 nulla
785 1971 870 2022 vel
900 1970 1121 2023 minima
1170 1972 1525 2026 trabali-tionis
1556 1972 1833 2042 disciplina

235 2062 524 2115 cuStodivit
558 2059 682 2128 (ΙΙΙ
717 2060 848 2129 lleg.
877 2061 1048 2129 sui).

594 2153 703 2221 79
741 2151 965 2204 CAPUT
997 2150 1212 2206 xxvn.
1238 2151 1345 2222 [Αι.
1379 2150 1478 2223 LI]

434 2244 708 2309 Quomodo
738 2244 1045 2295 admonendi
1075 2259 1166 2295 con
1167 2245 1340 2313 jugali
1364 2254 1411 2297 cl
1435 2243 1651 2299 ca'libes.

310 2336 637 2405 (Admonitio
681 2335 800 2404 28.)
857 2335 1030 2388 Aliter
1071 2336 1393 2388 admotu-udi
1425 2345 1549 2390 sunt
1576 2337 1835 2407 conjugiis

235 2424 489 2492 obligati,
535 2433 694 2491 atque
746 2425 902 2478 aliter
929 2440 959 2476 a
988 2423 1221 2493 conjttgii
1263 2427 1488 2479 nexibus
1518 2427 1688 2480 ltberi.
1723 2428 1835 2481 Ad-

235 2515 496 2569 monendi
551 2531 783 2586 namque
830 2527 956 2569 sunt
1001 2518 1266 2584 conjugiis
1313 2518 1558 2587 obligati,
1605 2529 1662 2572 ttt
1710 2535 1831 2574 cum

233 2606 470 2657 vicissim
503 2621 624 2672 quae
657 2615 785 2658 sunt
808 2606 1025 2659 alterius
1067 2611 1330 2675 cogitant,
1368 2611 1448 2660 sic
1475 2624 1658 2661 eorum
1691 2613 1836 2679 quis-

231 2713 339 2762 que
372 2700 588 2764 placere
618 2697 834 2751 studeat
861 2699 1095 2766 conjugi,
1149 2711 1204 2752 ut
1239 2715 1345 2752 non
1393 2701 1674 2766 distiliceat
1703 2703 1836 2755 Con-

230 2791 427 2855 ditori;
462 2794 544 2846 sic
576 2805 637 2844 ea
662 2806 782 2859 quae
816 2791 971 2857 hujus
999 2792 1181 2843 tnundi
1213 2801 1337 2844 sunt
1365 2802 1544 2861 agant,
1575 2803 1632 2846 ut
1659 2805 1832 2848 tamen

233 2891 490 2947 appetere
539 2897 656 2946 que
705 2881 797 2934 Det
836 2891 959 2934 sunt
999 2897 1108 2934 non
1152 2883 1438 2946 omittant;
1469 2885 1547 2938 sic
1577 2885 1644 2938 de
1677 2885 1829 2939 bonis

235 2972 598 3037 praesentibus
629 2972 919 3039 gaudeant,
970 2981 1028 3025 ut
1069 2983 1247 3026 tamen
1277 2975 1502 3026 sollicita
1537 2975 1833 3030 intentione

229 3062 367 3113 mala
398 3071 605 3114 a‘lerna
634 3063 1014 3128 pertimescant
1044 3080 1059 3128 ;
1087 3065 1163 3116 sic
1186 3065 1253 3118 de
1276 3066 1428 3117 malis
1452 3069 1832 3135 temporalibus

1937 1887 2189 1950 contulit,
2213 1898 2266 1941 et
2289 1888 2660 1953 aequanimiter
2689 1889 2822 1940 mala
2856 1900 3034 1942 nostra
3071 1894 3319 1958 portavit.
3367 1893 3518 1948 Tunc

1935 1995 2064 2048 ergo
2088 1981 2254 2046 legem
2286 1979 2484 2033 Cltris-i
2507 1981 2531 2015 ά
2565 1980 2821 2034 imitando
2844 1985 3196 2050 eomplemus,
3229 1987 3442 2052 quando
3469 1998 3522 2040 et

1937 2083 2118 2126 nostra
2148 2073 2286 2126 bona
2316 2073 2545 2141 benigne
2565 2071 2915 2140 conferimus,
2944 2086 2998 2130 et
3027 2088 3326 2131 nostrorum
3373 2079 3512 2132 mala

1938 2163 2022 2232 pie
2053 2165 2398 2217 sustinemus.
2435 2163 2772 2217 Admonendi
2813 2181 3022 2233 quoque
3072 2177 3216 2232 sunt,
3253 2178 3307 2222 ut
3335 2185 3520 2223 eorum

1935 2255 2161 2322 quisque
2213 2271 2319 2308 non
2374 2264 2479 2307 tam
2523 2271 2639 2321 qua:
2669 2256 2736 2308 ab
2768 2257 2936 2308 altero
2968 2258 3180 2323 tolerat,
3214 2276 3371 2327 quam
3401 2277 3521 2326 quae

1935 2347 2001 2397 ab
2031 2347 2146 2413 ipso
2177 2345 2474 2398 tolerantur
2518 2347 2779 2400 attettdat.
2824 2348 2934 2416 80
2976 2348 3029 2401 Si
3079 2350 3220 2402 enim
3268 2365 3361 2402 sua
3403 2366 3520 2420 qua:

1939 2443 2220 2502 portantur
2265 2433 2595 2498 considerat,
2638 2450 2697 2487 ea
2722 2451 2839 2503 qua:
2868 2437 2935 2488 ab
2957 2436 3130 2491 altero
3160 2440 3410 2504 sustinet,
3445 2440 3521 2494 le-

1937 2534 2051 2585 vius
2082 2535 2276 2598 po'rtat.

2009 2625 2344 2678 Admoncndi
2375 2633 2498 2677 sunt
2525 2624 2818 2693 conjuges,
2868 2634 2925 2676 ttt
2974 2625 3326 2692 suscipienda:
3357 2629 3520 2694 prolis

1937 2728 1996 2769 se
2019 2717 2361 2769 meminerint
2389 2728 2546 2768 causa
2568 2718 2906 2783 conjuttctos,
2937 2724 3134 2768 etcum
3160 2715 3520 2774 immoderata:

1937 2807 2240 2860 admistioni
2293 2807 2628 2871 servientes,
2691 2806 3089 2872 propagationis
3133 2808 3414 2860 articulum
3467 2809 3520 2863 in

1938 2913 2091 2950 usum
2126 2895 2454 2951 transferunt
2485 2897 2792 2965 voluptatis,
2828 2898 3162 2966 perpendam
3209 2899 3350 2967 quod
3396 2899 3519 2954 licet

1937 2995 2088 3040 extra
2119 3003 2224 3040 tton
2253 2998 2474 3053 exeant,
2529 2988 2580 3040 in
2626 2987 2742 3056 ipso
2791 3001 2964 3042 tamen
3007 2988 3256 3057 coojugio
3286 2990 3518 3058 eonjogii

1895 3079 2020 3149 jura
2037 3080 2443 3136 transcendunt.
2481 3079 2632 3144 Unde
2656 3094 2876 3142 necesse
2905 3090 2986 3133 est
3015 3089 3070 3131 ιιι
3105 3079 3308 3133 crebris
3337 3089 3360 3114 ο
3391 3094 3518 3131 exo-

228 3150 498 3218 lugeant,
553 3162 610 3204 ιιι
662 3163 839 3205 tamen
892 3155 1263 3209 consolatione
1313 3157 1516 3222 integra
1570 3173 1719 3221 spem
1779 3160 1830 3212 itt
1862 3158 1907 3215 C
1941 3171 2236 3225 rationibus
2283 3171 2504 3224 deferant
2551 3170 2692 3238 quod
2737 3170 3009 3238 pulchram
3042 3170 3246 3237 copulae
3284 3171 3516 3237 Speciem

223 3241 390 3294 bonis
438 3243 762 3309 perennibus
812 3244 1013 3311 ﬁgant;
1067 3254 1331 3312 quatenus
1359 3247 1483 3299 dum
1518 3251 1567 3299 iit
1601 3251 1826 3300 transitu

221 3342 578 3400 cognoscunt
630 3348 744 3387 esse
788 3334 931 3400 quod
986 3345 1170 3404 agunt,
1204 3345 1229 3370 ει
1260 3338 1308 3389 ιιι
1361 3339 1639 3390 mansione
1687 3339 1827 3404 quod

222 3433 499 3491 appetunt
527 3440 539 3486 ;
594 3438 690 3476 nec
726 3425 860 3478 mala
909 3426 1094 3479 utuudi
1126 3443 1217 3480 cor
1246 3428 1515 3495 frangant,
1547 3443 1666 3480 cum
1705 3444 1828 3495 spes

230 3524 506 3574 bonorum
557 3519 855 3573 ctelestium
900 3521 1157 3584 roborat;
1215 3536 1314 3575 nec
1363 3522 1501 3574 bona
1551 3523 1831 3589 praesentis

225 3614 359 3665 vitae
401 3609 690 3678 decipiant,
741 3627 864 3663 cum
914 3626 1166 3679 suspecta
1219 3614 1599 3678 subsequentis
1644 3612 1829 3681 judicii

228 3703 377 3755 mala
425 3703 764 3754 contristant.
801 3701 981 3769 Itaque
1012 3702 1218 3754 animus
1250 3700 1675 3755 Cltriuianorum
1703 3719 1831 3756 con-

224 3796 418 3862 jugutn
451 3802 506 3844 et
536 3792 784 3844 iniit-mus
831 3802 885 3845 et
933 3791 1141 3856 ﬁdelis,
1199 3793 1289 3861 qui
1336 3805 1388 3846 et
1437 3794 1592 3860 plene
1641 3804 1830 3846 cuncta

226 3885 556 3952 temporalia
587 3883 872 3952 despicere
903 3898 1007 3936 non
1045 3885 1210 3947 valet,
1244 3894 1297 3937 et
1327 3893 1503 3937 tamen
1533 3884 1748 3937 aeternis
1775 3899 1832 3938 se

223 3977 564 4046 conjungere
595 3993 690 4044 per
726 3977 1052 4030 desiderium
1084 3977 1257 4040 valet;
1298 3977 1538 4045 quamvis
1567 3978 1617 4030 iit
1649 3977 1831 4030 delec-

226 4070 441 4122 tatione
489 4068 671 4121 earnis
722 4067 940 4122 interim
982 4069 1180 4136 jaceat,
1233 4083 1482 4137 superna:
1519 4067 1633 4136 spei
1691 4067 1830 4121 refe-

223 4164 414 4214 ctione
443 4160 802 4213 convalescat.
850 4160 917 4213 Et
960 4160 1005 4212 si
1055 4159 1214 4212 habet
1253 4174 1372 4227 quas
1404 4159 1586 4211 mundi
1619 4167 1745 4211 sunt
1778 4159 1828 4212 iit

227 4269 328 4306 usu
362 4251 596 4318 itineris,
631 4262 811 4320 sperat
852 4268 974 4320 quae
1022 4252 1113 4305 Dei
1164 4263 1290 4305 sunt
1321 4254 1373 4305 in
1407 4251 1581 4305 fructu
1615 4267 1832 4320 perven-

225 4345 425 4406 tionis;
458 4357 560 4398 nec
587 4354 758 4396 totum
803 4359 862 4398 se
903 4344 969 4397 ad
1018 4344 1119 4398 hoc
1143 4343 1285 4414 quod
1318 4343 1425 4413 agit
1456 4345 1720 4409 conferat,
1765 4360 1830 4397 ne

224 4439 293 4489 ab
328 4450 402 4490 eo
429 4435 570 4505 quod
625 4435 843 4490 robuste
888 4452 1109 4505 sperare
1149 4435 1331 4489 debuit
1385 4435 1623 4488 funditus
1652 4435 1828 4488 cadat.

1935 3261 2178 3314 admistis
2225 3261 2585 3326 voluptatibus
2627 3258 2851 3313 findant.
2900 3261 3032 3312 llittc
3060 3271 3140 3313 est
3183 3262 3323 3312 enim
3372 3265 3513 3328 quod

1934 3350 2138 3417 peritus
2169 3351 2447 3403 medicina:
2485 3349 2722 3403 caelestis
2761 3351 3051 3417 Apostolus
3085 3366 3188 3402 tton
3221 3361 3327 3404 tam
3357 3368 3518 3405 sanos

1937 3439 2189 3502 instituit,
2248 3455 2406 3508 quam
2459 3439 2682 3492 infirmis
2739 3439 3125 3494 medicamenta
3178 3443 3513 3504 monstravit,

1933 3530 2118 3582 dicens
2145 3546 2156 3580 :
2191 3528 2264 3580 De
2292 3529 2474 3597 quibus
2499 3529 2773 3598 scripsistis
2812 3528 2933 3580 mihi
2957 3545 2976 3581 :
3004 3528 3201 3582 Bonum
3230 3542 3301 3583 est
3325 3532 3517 3585 homini

1933 3621 2198 3673 mulierem
2236 3636 2339 3672 non
2381 3632 2622 3687 tangere;
2655 3629 2866 3688 propter
2912 3621 3304 3690 fornicationem
3349 3635 3517 3678 autem

1935 3713 2279 3780 unusquisque
2309 3729 2455 3765 suant
2487 3714 2667 3764 habeat
2700 3729 2929 3776 uxorem,
2953 3723 2997 3765 et
3025 3730 3340 3782 ttnaqquue
3369 3733 3517 3770 suum

1933 3806 2095 3858 virum
2142 3804 2322 3857 habeat
2353 3803 2402 3873 (l
2439 3803 2558 3858 Cor.
2594 3820 2689 3869 vn,
2726 3804 2774 3868 1,
2802 3821 2908 3873 seq.
2937 3805 3080 3873 etc.).
3115 3806 3214 3871 Qui
3244 3809 3386 3861 enim
3413 3809 3518 3862 for-

1933 3897 2221 3950 nicationis
2271 3904 2471 3950 metum
2521 3896 2801 3962 prmitiisit,
2837 3896 3078 3963 prol'eCto
3116 3913 3219 3949 non
3256 3899 3518 3952 stantibus

1937 3997 2259 4055 praeceptum
2291 3986 2556 4048 contulit;
2603 3985 2695 4038 sed
2731 4001 2797 4038 ne
2830 3987 3055 4040 lortasse
3085 3985 3137 4038 iit
3171 3996 3365 4040 terram
3398 4005 3518 4042 rue~

1935 4088 2074 4143 rent,
2123 4078 2319 4130 lectqu
2365 4076 2678 4129 cadentibus
2707 4075 2960 4129 05tendit.
2990 4075 3137 4129 Unde
3167 4077 3341 4130 adhuc
3372 4077 3517 4130 infir-

1935 4167 2204 4222 mantibus
2227 4167 2460 4220 subdidit
2484 4184 2497 4220 :
2526 4165 2688 4220 Uxori
2710 4167 2788 4218 vir
2808 4167 3035 4219 debitum
3057 4167 3260 4232 reddat,
3289 4169 3516 4221 similiter

1933 4268 1979 4312 et
2011 4274 2141 4311 uxor
2167 4259 2274 4311 viro
2304 4257 2515 4326 (lbid.).
2547 4257 2753 4323 Qubus
2794 4257 2916 4310 dunt
2949 4257 3000 4310 in
3032 4272 3217 4324 magna
3243 4258 3515 4312 honestate

1937 4349 2171 4417 eonjugii
2217 4347 2415 4417 aliquid
2459 4348 2524 4400 de
2575 4346 2853 4414 voluptate
2892 4345 3202 4417 largiretur,
3230 4347 3514 4416 adjunxit:

1937 4438 2051 4493 Hoc
2077 4447 2246 4492 autem
2292 4438 2406 4490 dico
2444 4438 2727 4491 secundum
2769 4437 3167 4508 indulgentiam,
3208 4453 3309 4490 non
3337 4454 3517 4491 secun-

226 4528 388 4594 Qiod
431 4531 567 4581 bene
618 4541 681 4582 ac
728 4530 961 4582 breviter
1016 4528 1212 4580 Paulus
1260 4526 1542 4595 exliritnit,
1598 4527 1821 4583 dicens:
1861 4514 1907 4570 ι)
1938 4531 2060 4584 dum
2100 4532 2370 4601 imperium
2402 4529 2614 4601 (lbid.).
2653 4528 2818 4600 Culpa
2850 4531 3045 4598 quippe
3083 4546 3204 4585 esse
3252 4532 3510 4594 innititur,

227 4622 333 4684 Qui
366 4620 551 4671 habent
585 4636 793 4684 uxores,
835 4633 1080 4689 tanquam
1108 4637 1206 4672 non
1237 4619 1478 4672 habentes
1505 4620 1644 4683 sint;
1672 4629 1719 4671 et
1741 4619 1826 4685 qui

222 4719 380 4784 ﬂent,
412 4725 653 4778 tanquam
684 4731 787 4767 non
833 4717 1047 4784 ﬂentes;
1100 4724 1146 4768 et
1176 4716 1262 4782 qui
1303 4714 1553 4784 gaudent,
1583 4721 1825 4780 tanquam

223 4825 335 4861 non
385 4810 658 4877 gaudentes
709 4806 760 4878 (Ι
789 4805 909 4862 Cor.
942 4823 1034 4874 vn,
1065 4807 1155 4873 29,
1181 4807 1297 4877 56).
1349 4806 1580 4860 Uxorem
1630 4808 1826 4875 quippe

221 4899 386 4968 quasi
435 4915 538 4952 non
585 4899 833 4953 habendo
881 4901 1063 4964 habet,
1096 4916 1185 4968 qut
1217 4901 1295 4953 sic
1323 4915 1416 4967 per
1447 4899 1592 4952 illam
1625 4900 1821 4952 carnali

221 4991 602 5044 consolatione
650 4991 838 5053 utitur,
892 4999 948 5042 ut
999 4999 1177 5045 tamen
1232 5004 1502 5056 nunquam
1545 4989 1611 5040 ad
1663 5004 1823 5056 prava

221 5097 398 5150 opera
429 5095 458 5133 a
492 5080 729 5133 melioris
775 5080 1089 5134 intentionis
1133 5079 1454 5134 rectitudine
1498 5078 1612 5147 ejus
1639 5093 1822 5131 amore

223 5177 504 5227 ﬂectatur.
559 5171 797 5226 Uxorem
845 5172 995 5240 quasi
1048 5187 1150 5225 non
1200 5172 1449 5226 habendo
1497 5170 1688 5231 habet.
1737 5166 1824 5237 qui

229 5267 544 5318 transitoria
575 5279 695 5318 esse
722 5278 912 5317 cuncta
944 5263 1306 5331 conspiciens,
1337 5279 1519 5317 curam
1551 5263 1730 5316 carnis
1759 5278 1823 5315 ex

229 5358 556 5411 necessitate
594 5358 818 5418 tolerat,
844 5356 940 5410 sed
989 5365 1188 5408 mterna
1233 5356 1426 5426 gaudia
1449 5353 1477 5394 ι)
1508 5355 1729 5424 spiritus
1759 5370 1825 5407 ex

305 5529 331 5555 ι
367 5516 717 5571 Removimus
765 5518 887 5570 hinc
925 5517 1108 5581 sciunt,
1161 5517 1228 5570 ab
1278 5517 1584 5571 Editoribus
1630 5519 1822 5572 frustra

228 5588 504 5647 additum.
529 5588 695 5654 ipsius
721 5589 882 5641 etiam
917 5605 1110 5641 sensus
1135 5587 1352 5642 damno.

309 5661 336 5696 δ
369 5661 564 5722 l.aud.,
580 5675 650 5713 ea:
676 5659 931 5711 desiderio
952 5660 1184 5725 spiritus.

312 5739 333 5760 '
367 5731 456 5782 διε
508 5729 840 5783 ιιιςιιιιιιιιιιιε
891 5732 955 5780 ad
992 5730 1118 5782 διεδ.
1167 5730 1403 5783 omnium
1455 5727 1646 5791 ﬁdem,
1698 5743 1818 5782 cum

1937 4623 2073 4692 quod
2100 4623 2360 4692 indulgeri
2396 4623 2738 4689 perhibetur;
2787 4621 2879 4675 sed
2922 4635 3040 4687 qua
3072 4630 3216 4674 tanto
3243 4623 3400 4677 citius
3434 4637 3516 4676 re-

1934 4713 2164 4776 laxetur,
2217 4721 2417 4780 quanto
2453 4726 2556 4763 non
2597 4725 2692 4778 per
2720 4710 2856 4764 hanc.
2885 4711 3130 4766 illicitum
3164 4713 3287 4780 quid
3319 4715 3512 4784 agitur,

1935 4806 2028 4860 sed
2055 4805 2158 4857 hoc
2181 4803 2320 4870 qttod
2353 4815 2433 4853 ('Sl
2466 4801 2689 4866 licitum,
2716 4800 2817 4854 Sub
2845 4801 3209 4855 moderamine
3235 4819 3340 4856 non
3374 4815 3512 4858 tene-

1940 4911 2045 4952 tur.
2078 4897 2229 4965 Quod
2264 4897 2401 4950 bene
2445 4894 2581 4947 Loth
2615 4895 2664 4944 in
2694 4895 2985 4962 semetipso
3014 4895 3286 4962 exprimit,
3315 4894 3402 4963 qui
3431 4910 3515 4947 ar-

1934 4993 2148 5043 dentem
2198 4986 2488 5042 Sodomam
2541 4985 2713 5052 fugit;
2769 4986 2860 5037 sed
2909 4994 3086 5037 tamen
3148 4983 3316 5052 Segor
3369 4986 3514 5037 inve-

1937 5084 2109 5143 t.icns,
2159 5092 2491 5148 nequaquam
2538 5091 2660 5129 mox
2695 5085 2944 5128 montana
2995 5077 3308 5130 conscendit
3355 5073 3515 5147 \Grn.

1934 5187 2043 5233 XIX,
2076 5170 2188 5236 50).
2246 5168 2536 5222 Ardentem
2591 5166 2786 5233 quippe
2841 5165 3127 5218 Sodomain
3181 5165 3393 5234 fugere,
3435 5176 3515 5220 est

1938 5262 2123 5315 illicita
2149 5259 2326 5312 carnis
2360 5257 2604 5309 incendia
2625 5257 2920 5309 declinare.
2950 5256 3187 5309 Altitudo
3216 5273 3339 5310 vero
3365 5273 3516 5309 tuon-

1937 5353 2091 5416 tium,
2122 5360 2206 5404 est
2250 5347 2508 5402 tttunditia
2538 5346 2950 5401 continentium.
2986 5347 3075 5401 Vel
3104 5361 3250 5404 certe
3275 5348 3428 5419 quasi
3457 5349 3511 5403 iit

1932 5517 2082 5585 prius,
2106 5515 2158 5567 in
2191 5511 2357 5585 Editis
2385 5511 2672 5585 legeretur,
2702 5512 2825 5585 quia
2848 5510 2934 5562 ille
2964 5510 3129 5563 nobis.

2002 5585 2026 5620 ά
2058 5584 2218 5638 Carn.
2251 5582 2470 5650 primus,
2506 5581 2822 5650 meditando.

2001 5656 2020 5677 '
2044 5653 2118 5708 Ita
2149 5648 2332 5713 Tree,
2358 5650 2550 5715 l.and.,
2581 5648 2789 5704 Geinet.
2821 5658 2876 5703 et
2899 5649 3007 5703 alii.
3042 5649 3095 5701 ln
3130 5649 3373 5716 Excusis,
3397 5663 3510 5702 ets-

1931 5728 2029 5779 ltris
2059 5724 2515 5786 exhortationibus,
2550 5731 2874 5790 repugnante
2905 5735 3083 5775 sensu.
