3968 6338
446 366 545 423 103

1653 356 1899 412 SANCTI
1939 356 2266 411 GREGORII
2308 356 2518 411 MAGNl

3618 358 3721 411 NH

443 489 625 534 monte
668 482 792 531 sunt
827 474 915 545 qui
945 473 1105 529 etiam
1139 472 1338 527 carnali
1370 470 1575 540 colsulaa
1607 469 1890 533 inhaerent,
1923 471 2015 526 sed
2048 475 2095 532 Α
2124 473 2407 539 persuasit,
2439 484 2504 521 ne
2534 466 2891 522 sollicitudine
2939 477 3152 522 terrena
3201 466 3514 535 ligarentur.
3555 470 3724 530 υιιυιιι

443 582 621 626 tamen
669 578 817 624 extra
871 566 1225 635 suscipienda:
1267 565 1428 630 prolis
1474 562 1845 618 admistionem
1875 563 2028 617 debi-

444 674 586 727 tam,
640 660 783 713 nulla
834 658 1009 711 carnis
1058 657 1329 724 voluptate
1373 654 1668 708 solvuntur.
1705 662 1728 689 ⁸
1761 653 1819 706 In
1851 661 2030 706 monte

442 755 640 822 quippe
682 759 826 803 stare
867 758 984 811 est,
1034 746 1135 799 nisi
1187 745 1415 798 fructum
1461 742 1838 811 propaginisin
1869 756 2031 795 carne

446 859 549 896 non
592 854 853 910 quaerere.
887 838 939 890 In
974 846 1156 889 monte
1198 845 1364 897 stare,
1415 844 1496 887 est
1541 833 1689 885 carni
1743 830 2030 883 carnaliter

446 947 553 984 non
594 932 890 983 adharrere.
937 927 1040 981 Sed
1070 928 1190 994 quia
1225 926 1372 978 multi
1406 925 1640 991 suntqui
1678 922 1880 975 scelera
1914 922 2031 990 qui-

450 1026 571 1077 dem
617 1022 795 1076 carnis
842 1020 1119 1082 deserunt,
1152 1033 1248 1071 nec
1290 1027 1465 1069 tamen
1499 1016 1550 1067 in
1584 1013 1832 1081 coniugio
1875 1012 2033 1081 positi

451 1129 579 1167 usus
623 1111 959 1165 solummodo
1005 1109 1169 1163 debiti
1197 1109 1314 1175 jura
1346 1113 1686 1167 conservant,
1734 1104 1869 1155 exiit
1917 1104 2033 1170 qui-

448 1206 569 1259 dem
603 1205 733 1258 Loth
766 1204 1075 1266 Sodomam,
1131 1200 1223 1255 sed
1272 1209 1448 1252 tamen
1498 1212 1618 1251 mox
1666 1195 1731 1249 ad
1783 1205 2032 1249 montana

452 1314 556 1350 non
602 1296 860 1365 pervenit,
905 1297 1026 1363 quia
1057 1294 1165 1364 jam
1198 1292 1516 1345 damnabilis
1542 1292 1644 1343 vita
1677 1287 2027 1355 relinquitur,

446 1388 539 1441 sed
553 1389 725 1441 adhuc
746 1385 1005 1440 celsitudo
1023 1383 1319 1451 conjugalis
1343 1383 1692 1435 continentia:
1715 1378 1741 1417 δ
1764 1379 2033 1434 subtiliter

454 1495 557 1532 non
598 1489 826 1531 tenetur.
883 1477 976 1530 Est
1015 1490 1143 1528 vero
1186 1475 1239 1528 in
1286 1474 1461 1528 medio
1489 1472 1657 1543 Segor
1683 1472 1885 1534 civitas,
1918 1485 2035 1538 qua:

453 1569 746 1637 fugientem
798 1567 970 1620 salvct
1016 1566 1306 1627 inﬁrmum,
1360 1564 1480 1632 quia
1513 1563 1759 1615 videlicet
1787 1577 1907 1615 cum
1934 1561 2035 1614 sibi

461 1674 555 1727 per
602 1655 1040 1710 incontinentiam
1097 1654 1389 1707 miscentur
1439 1652 1716 1722 conjuges,
1765 1660 1818 1705 et
1858 1651 2035 1719 lapsus

450 1749 714 1803 scelerum
764 1747 988 1815 fugiunt,
1039 1756 1092 1799 et
1147 1757 1324 1798 tamen
1355 1744 1507 1795 venia
1538 1744 1831 1796 salvantur.
1871 1740 2036 1806 Quasi

2138 560 2301 629 igitur
2328 560 2570 612 caelibem
2619 574 2865 612 curarum
2897 559 3234 612 surculariqu
3283 556 3729 618 impedimentum

2136 652 2431 720 praepedit,
2466 661 2514 705 et
2549 651 2801 719 conjttgio
2829 666 2886 704 se
2916 665 3247 718 nequaquam
3280 650 3538 712 subdidit,
3565 661 3621 704 et
3652 662 3730 704 ta-

2134 758 2255 795 men
2287 741 2517 810 conjugii
2548 758 2709 796 onera
2740 758 2844 795 non
2875 744 3063 795 evasit.
3100 742 3436 795 Admonendi
3472 752 3602 795 sunt
3624 758 3732 795 cui.

2136 836 2293 901 libes,
2328 852 2396 890 ne
2417 838 2535 891 sine
2561 836 2925 890 damnationis
2952 835 3154 904 judicio
3186 836 3397 888 misceri
3429 850 3487 888 se
3516 833 3738 888 feminis

2136 928 2443 979 vacantibus
2494 936 2697 995 putent.
2728 928 2860 980 Cum
2913 926 3056 979 enim
3119 926 3314 979 Paulus
3361 925 3734 980 fornicationis

2139 1020 2324 1072 vitium
2360 1028 2437 1072 tot
2464 1019 2778 1073 criminibus
2820 1018 3164 1072 exsm-randis
3197 1018 3454 1082 inseruit,
3485 1020 3637 1085 cujus
3663 1021 3735 1071 sit

2136 1122 2318 1164 reatus
2366 1111 2624 1164 indicavit
2646 1151 2660 1175 ,
2685 1110 2909 1163 dicens:
2940 1109 3117 1177 Neque
3164 1111 3499 1174 fornicatores
3525 1151 3539 1173 ,
3573 1127 3737 1180 neque

2136 1200 2290 1253 idolis
2338 1202 2626 1265 servientes,
2659 1216 2821 1270 neque
2867 1201 3112 1264 adulteri,
3149 1218 3306 1269 neque
3338 1200 3541 1266 molles,
3570 1218 3733 1271 neque

2138 1296 2491 1348 masculorum
2512 1295 2881 1355 concubitores.
2917 1312 3080 1362 neque
3103 1297 3260 1365 fures,
3281 1312 3437 1363 neque
3456 1296 3617 1359 avari,
3648 1313 3737 1347 ne-

2137 1404 2234 1456 que
2260 1387 2462 1451 ebriosi,
2496 1403 2653 1452 neque
2682 1388 2939 1451 maledici,
2974 1403 3132 1456 neque
3165 1403 3375 1453 rapaces
3400 1404 3611 1455 regnum
3640 1385 3737 1439 Dei

2138 1478 2465 1546 possidebunt
2498 1475 2551 1545 (I
2577 1477 2696 1529 Cor.
2721 1492 2791 1542 vt,
2823 1478 2876 1541 9,
2914 1478 3023 1545 10).
3058 1478 3120 1529 Et
3153 1492 3360 1529 rursum
3391 1494 3404 1528 :
3433 1475 3739 1530 Fornicato-

2138 1587 2216 1623 res
2244 1583 2415 1622 autem
2455 1578 2501 1621 et
2531 1570 2788 1622 adulteros
2830 1570 3085 1639 judicabit
3120 1569 3253 1621 Deus
3284 1568 3469 1638 (IIebr.
3504 1586 3617 1633 χιιι,
3649 1570 3733 1639 4).

2143 1660 2484 1715 Admonendi
2530 1662 2709 1728 itaque
2738 1672 2881 1723 sunt,
2916 1672 2968 1712 ut
2999 1660 3043 1714 si
3078 1661 3430 1713 tentationum
3470 1662 3738 1729 procellas

2141 1767 2262 1804 cum
2291 1752 2606 1806 difﬁcultate
2633 1752 2819 1805 salutis
2853 1753 3101 1809 tolerant.
3134 1750 3365 1819 conjngii
3396 1763 3603 1817 portum
3638 1768 3737 1820 pe-

455 1856 669 1909 parvam
704 1838 898 1906 quippe
926 1838 1194 1889 civitatem
1223 1836 1496 1888 inveniunt
1526 1834 1577 1887 in
1605 1848 1708 1903 qua
1734 1833 1800 1886 ab
1827 1833 2036 1901 ignibus

2149 1852 2277 1897 tant.
2310 1844 2577 1912 Sotiptnm
2602 1859 2834 1911 namque
2864 1852 2945 1898 est
2971 1861 2983 1896 :
3010 1842 3195 1896 Melius
3226 1854 3295 1897 est
3337 1844 3544 1910 nubere,
3574 1862 3737 1913 quam

452 1930 824 1996 defendamur,
859 1928 984 1997 quia
1018 1925 1313 1995 conjugalis
1358 1926 1471 1978 haec
1517 1926 1624 1977 vita
1669 1940 1772 1977 non
1822 1923 2039 1993 quidem

454 2023 507 2075 in
531 2021 814 2074 virtutibus
843 2020 977 2071 mira
1000 2027 1104 2078 est,
1130 2018 1222 2071 sed
1248 2028 1423 2070 tamen
1458 2030 1487 2068 a
1525 2014 1800 2082 suppliciis
1827 2029 2037 2070 secura.

459 2113 611 2167 Unde
657 2112 797 2165 idem
834 2110 969 2163 Loth
1003 2109 1068 2163 ad
1102 2108 1346 2178 angelum
1386 2108 1554 2160 dicit:
1587 2105 1676 2158 Est
1729 2107 1905 2157 civitas
1958 2105 2040 2157 hic

452 2210 617 2274 iuxta,
647 2204 713 2254 ad
741 2218 892 2271 quam
924 2216 1129 2270 possum
1161 2203 1359 2268 fugere,
1393 2213 1584 2265 parva;
1629 2206 1675 2248 et
1719 2196 1951 2248 salvabor
1985 2197 2038 2248 in

451 2314 531 2349 ea.
576 2295 828 2362 Nunquid
859 2310 959 2345 non
1006 2292 1206 2344 modica
1251 2300 1347 2352 est,
1399 2299 1446 2343 et
1486 2291 1615 2343 vivet
1652 2290 1822 2341 anima
1848 2304 1959 2341 mea
1986 2289 2039 2342 in

453 2405 513 2440 ea
547 2386 750 2457 (Genes.
785 2400 892 2447 χιχ,
923 2382 1055 2451 20)?
1098 2382 1253 2435 Juxta
1285 2397 1411 2450 ergo
1435 2381 1647 2445 dicitur,
1679 2392 1732 2434 et
1763 2392 1939 2433 tamen
1970 2380 2035 2432 ad

461 2481 683 2533 salutem
716 2488 821 2529 tota
857 2476 1186 2544 perhibetur,
1221 2475 1343 2543 quia
1374 2473 1670 2541 conjugalis
1715 2474 1821 2525 vita
1870 2488 1969 2526 nec
2005 2489 2032 2524 a

468 2576 666 2624 mundo
709 2572 863 2639 longe
898 2570 1066 2623 divisa
1098 2579 1200 2631 est,
1232 2583 1333 2623 nec
1361 2578 1535 2622 tamen
1560 2583 1587 2619 a
1612 2568 1806 2634 gaudio
1849 2560 2037 2620 Salutis

463 2665 655 2717 aliena.
688 2664 791 2719 Sed
821 2673 943 2715 tunc
975 2661 1026 2714 in
1057 2662 1155 2713 hac
1199 2661 1415 2713 actione
1459 2660 1619 2712 vitam
1657 2674 1807 2713 suam
1849 2658 2038 2727 conju-

453 2770 547 2823 ges
578 2754 729 2822 quasi
774 2753 826 2805 in
876 2766 1034 2818 parva
1084 2750 1299 2803 civitate
1343 2750 1666 2813 custodiunt,
1697 2748 1910 2817 quando
1942 2763 2037 2816 pro

456 2861 517 2899 se
563 2844 794 2897 assiduis
843 2841 1313 2909 deprecationibus
1362 2840 1722 2894 intercedunt.
1778 2839 1931 2893 Unde
1982 2850 2036 2894 et

454 2948 601 2991 recte
657 2950 749 3003 per
804 2934 1046 3000 angelum
1086 2934 1193 3002 81
1237 2933 1301 2985 ad
1334 2932 1578 2985 eumdem
1624 2930 1757 2984 Loth
1802 2929 2028 2991 dicitur:

456 3026 587 3080 Ecce
613 3027 763 3080 etiam
789 3026 842 3078 in
864 3025 955 3078 hoc
976 3024 1175 3093 suscepi
1197 3039 1367 3093 preces
1390 3031 1522 3087 tuas,
1546 3029 1602 3073 ut
1622 3037 1725 3074 non
1748 3022 2033 3074 subvertant

452 3118 628 3172 urbem
686 3134 777 3188 pro
820 3133 919 3184 qua
958 3116 1159 3168 locutus
1204 3129 1255 3167 es
1304 3111 1466 3183 (Ibid.
1507 3112 1621 3182 21).
1655 3112 1755 3178 Qui
1785 3111 2035 3167 videlicet

2146 1936 2224 1988 uri
2255 1933 2308 2000 (Ι
2340 1936 2457 1988 Cor.
2485 1952 2581 1999 vn,
2613 1934 2690 1999 9).
2742 1935 2869 1989 Sine
2897 1934 3052 2003 culpa
3092 1936 3300 1988 scilicet
3329 1934 3393 1987 ad
3422 1936 3735 2004 conjugium

2144 2026 2397 2088 veniunt,
2430 2025 2474 2079 si
2505 2034 2682 2079 tamen
2733 2025 2963 2079 necdum
3015 2025 3236 2078 meliora
3269 2036 3549 2079 voverunt.
3596 2027 3734 2080 Nam

2141 2119 2383 2186 quisquis
2413 2122 2608 2172 bonum
2643 2119 2815 2185 majus
2843 2119 3025 2173 subire
3054 2120 3368 2187 proposuit,
3403 2120 3597 2173 bonum
3633 2119 3737 2172 mi-

2143 2226 2244 2263 nus
2271 2211 2409 2277 quod
2442 2212 2609 2278 licuit,
2641 2210 2880 2264 illicitum
2914 2209 3060 2264 fecit.
3092 2211 3359 2279 Scriptum
3391 2212 3584 2280 quippe
3609 2219 3733 2264 est:

2142 2304 2310 2358 Nemo
2352 2306 2553 2357 mittens
2595 2320 2803 2356 manum
2845 2320 2990 2356 suam
3017 2303 3043 2340 ά
3073 2304 3141 2356 αιΙ
3171 2315 3439 2367 aratrum,
3472 2314 3519 2357 et
3567 2305 3740 2369 respi-

2141 2399 2276 2450 ciens
2299 2409 2455 2461 retro,
2485 2405 2634 2463 aptus
2656 2405 2729 2448 est
2751 2412 2904 2462 regno
2935 2395 3175 2448 caelorum
3201 2395 3353 2464 (Luc.
3385 2412 3460 2461 ts,
3489 2395 3598 2463 62).
3628 2397 3736 2461 Qui

2141 2488 2298 2555 igitur
2347 2486 2549 2541 fortiori
2603 2486 2782 2539 studio
2829 2485 3171 2549 intenderat,
3205 2496 3349 2538 retro
3392 2487 3737 2540 convincitur

2140 2579 2407 2645 reSpicere
2437 2619 2450 2640 ,
2478 2578 2521 2631 si
2573 2577 2774 2630 relictis
2818 2576 3169 2644 amplioribus
3216 2576 3372 2630 bonis
3405 2578 3470 2631 ad
3505 2578 3735 2634 minima

2142 2679 2505 2738 retorquetur.

2523 2757 2754 2813 CAPUT
2794 2756 3006 2811 xxvnt
3048 2756 3157 2828 [A..
3189 2755 3343 2827 LII].

2141 2871 2407 2938 Quomodo
2438 2872 2749 2925 admonendi
2775 2884 2981 2940 peccata
3022 2872 3192 2923 carnis
3233 2881 3451 2938 experti,
3478 2885 3521 2925 et
3552 2889 3736 2926 eorum

2808 2953 3057 3011 expertes.

2208 3035 2524 3103 (Admonitio
2558 3033 2680 3101 29.)
2719 3033 2888 3088 Aliter
2938 3034 3261 3089 admonendi
3307 3045 3433 3090 sunt
3476 3048 3735 3104 peccato-

2139 3142 2257 3180 rum
2286 3126 2462 3179 carnis
2507 3126 2733 3184 conscii.
2765 3136 2928 3193 atque
2959 3124 3119 3179 aliter
3150 3126 3341 3195 ignari.
3393 3127 3739 3183 Admonendi

452 3228 571 3267 cum
617 3210 924 3279 deprecatio
973 3207 1211 3261 lunditur
1244 3206 1353 3260 Deo
1383 3219 1717 3273 nequaquam
1751 3204 1872 3257 talis
1905 3218 2033 3257 con-

2149 3233 2370 3285 natnque
2410 3226 2537 3271 sunt
2566 3224 2779 3282 peccata
2810 3216 2989 3270 carnis
3016 3218 3248 3285 experti,
3280 3229 3336 3272 ut
3363 3234 3509 3272 mare
3538 3220 3735 3274 saltem

452 3304 581 3373 jugii
625 3304 732 3356 vita
764 3301 1073 3355 damnatur.
1123 3299 1198 3353 De
1246 3311 1348 3366 qua
1410 3296 1790 3364 deprecatione
1839 3294 2033 3349 Paulus

452 3411 663 3465 quoque
703 3394 983 3455 admonet,
1029 3390 1251 3444 dicens:
1286 3387 1463 3441 Nolite
1512 3387 1757 3456 fraudare
1803 3386 2031 3451 invicem,

452 3488 550 3540 nisi
580 3491 709 3556 forte
734 3500 798 3537 ea:
824 3497 1077 3536 consensu
1119 3480 1184 3533 ad
1227 3489 1443 3547 tempus,
1498 3486 1553 3530 ut
1588 3478 1770 3530 vacetis
1819 3476 2036 3529 orationi

454 3580 503 3649 (Ι
531 3578 652 3632 Cor.
684 3592 776 3637 vtt,
808 3575 886 3643 5).

521 3687 589 3735 At
613 3689 800 3734 c0ntra
840 3676 1160 3729 admonendi
1193 3682 1315 3725 sunt
1345 3673 1431 3740 qui
1465 3672 1611 3741 ligati
1643 3670 1901 3739 conjngiis
1930 3684 2035 3722 non

452 3784 594 3834 sunt,
620 3780 674 3822 ut
705 3768 985 3836 praeceptis
1007 3764 1314 3819 CtBICSlibtlS
1334 3778 1400 3817 eo
1421 3763 1618 3816 rectius
1648 3762 1907 3827 serviant,
1929 3776 2039 3830 quo

453 3878 547 3917 cos
575 3862 639 3914 ad
671 3874 828 3912 curas
868 3858 1049 3911 mundi
1083 3870 1416 3922 nequaquam
1462 3856 1649 3926 jugum
1677 3855 1883 3923 copulae
1924 3870 2041 3908 car-

455 3955 586 4008 nalis
619 3952 867 4017 incliuat;
896 3960 953 4003 ut
974 3964 1107 4019 quos
1134 3965 1269 4003 onus
1301 3949 1505 4003 licitum
1533 3948 1762 4017 conjugii
1788 3963 1890 4001 non
1914 3963 2037 4016 gra-

456 4053 564 4108 vat,
586 4058 915 4111 nequaquam
948 4042 1155 4108 pondus
1184 4039 1427 4093 illicitum
1462 4049 1693 4093 terrente
1725 4038 2044 4092 sollicitudi—

459 4137 542 4190 nis
586 4143 818 4205 premat;
852 4134 943 4186 sed
990 4142 1137 4185 tanto
1185 4145 1278 4186 eos
1322 4130 1625 4199 paratiores
1653 4130 1769 4184 dies
1799 4131 2039 4197 ultimus,

455 4236 657 4297 quanto
708 4235 759 4278 ct
810 4223 1169 4293 expeditiores
1214 4222 1487 4287 inveniat;
1548 4240 1612 4277 ne
1664 4239 1771 4289 quo
1820 4223 2043 4277 meliora

459 4332 619 4382 agere
669 4326 917 4369 vacantes
966 4323 1208 4384 possunt,
1258 4314 1352 4367 sed
1406 4323 1584 4367 tamen
1636 4314 1947 4384 negligant,
1980 4330 2045 4368 eo

459 4408 717 4477 supplicia
744 4408 1007 4461 deteriora
1038 4415 1364 4460 mereantur.
1394 4406 1626 4459 Attdiant
1653 4408 1794 4475 quod
1823 4409 2046 4474 Aposto-

462 4502 545 4555 lus
585 4516 704 4553 cutn
743 4498 1001 4567 quosdam
1038 4497 1102 4550 ad
1144 4498 1424 4551 cael.hatus
1461 4501 1686 4565 gratiam
1736 4498 2043 4560 instrueret,

2139 3319 2255 3377 post
2288 3310 2617 3373 naufragium
2650 3316 2887 3362 metuant
2912 3349 2927 3372 ,
2961 3317 3015 3362 et
3043 3309 3360 3376 perditionis
3393 3325 3503 3363 sum
3534 3311 3737 3363 discri—

2138 3399 2279 3453 mina
2314 3401 2393 3454 vel
2422 3402 2630 3469 cognita
2659 3402 3105 3466 perhonesoant;
3141 3416 3206 3455 ne
3236 3400 3323 3469 qui
3356 3402 3439 3470 pie
3467 3411 3584 3470 post
3610 3419 3742 3469 per-

2139 3501 2342 3558 petrata
2385 3493 2521 3544 mala
2568 3492 2769 3544 servati
2800 3501 2944 3554 sunt,
2979 3491 3097 3545 haec
3148 3492 3390 3560 improbe
3442 3495 3741 3561 repetendo

2140 3584 2453 3636 moriantur.
2490 3581 2643 3636 Unde
2672 3585 2911 3651 peccanti
2944 3586 3137 3637 anima:
3167 3594 3220 3637 et
3246 3599 3511 3649 nunquam
3545 3600 3573 3639 a
3605 3601 3736 3653 pec-

2139 3684 2259 3728 cato
2283 3674 2546 3727 desinenti
2575 3674 2768 3726 dicitur
2796 3690 2811 3730 :
2834 3673 3001 3727 Frons
3029 3675 3255 3728 mulieris
3286 3678 3568 3728 meretricis
3593 3678 3743 3743 facta

2140 3774 2213 3818 est
2237 3765 2348 3829 tibi,
2380 3765 2589 3817 noluisti
2619 3767 2911 3819 erubescere
2936 3764 3148 3834 (Jerem.
3175 3783 3252 3834 ιιι,
3273 3765 3351 3835 5).
3386 3758 3732 3822 Admonentli

2144 3855 2324 3923 itaque
2370 3864 2497 3909 sunt
2537 3865 2593 3906 ut
2624 3858 2872 3910 studeant
2915 3868 3179 3925 quatenus
3207 3858 3251 3911 si
3281 3870 3498 3926 accepta
3532 3867 3745 3914 natura:

2144 3948 2282 4001 bona
2314 3947 2516 4015 integra
2548 3962 2764 4000 servare
2798 3949 3106 4015 noluerunt,
3141 3950 3327 4003 saltem
3360 3953 3525 4003 scissa
3560 3967 3744 4004 resar-

2144 4038 2307 4092 ciant.
2338 4038 2538 4105 Quibus
2591 4039 2840 4091 nimirum
2892 4055 3113 4095 necesse
3155 4051 3238 4094 est
3290 4049 3349 4094 ut
3400 4043 3745 4109 perpendant

2143 4134 2252 4202 82
2296 4132 2347 4185 in
2380 4142 2485 4185 tam
2520 4148 2711 4200 magno
2754 4132 2987 4187 ﬁdelium
3030 4148 3256 4188 numero
3302 4150 3460 4202 quam
3504 4135 3653 4186 multi
3685 4145 3747 4189 et

2147 4240 2205 4278 se
2237 4226 2465 4278 illihatos
2496 4227 2819 4290 custod-ant,
2851 4237 2902 4281 et
2930 4226 3064 4279 alios
3089 4228 3156 4280 ah
3179 4243 3362 4281 errore
3391 4238 3705 4281 convertant
3724 4269 3740 4281 .

2147 4315 2284 4380 Quid
2314 4331 2441 4384 ergo
2462 4316 2545 4369 i5ti
2576 4316 2768 4369 dicturi
2800 4328 2941 4378 sunt,
2963 4318 3007 4370 si
3029 4319 3145 4369 aliis
3170 4319 3218 4370 in
3247 4317 3547 4385 integritate
3579 4328 3732 4369 stan-

2152 4408 2312 4468 tibus,
2347 4406 2449 4473 ipsi
2484 4421 2579 4460 nec
2611 4416 2731 4474 post
2774 4406 2965 4459 damna
2999 4409 3341 4475 resipiscunt.
3377 4408 3511 4474 Quid
3541 4408 3747 4462 dicturi

2152 4507 2295 4563 Sttnl,
2330 4497 2372 4551 si
2402 4513 2521 4551 cum
2564 4498 2709 4550 multi
2756 4507 2809 4551 et
2844 4498 2974 4551 ali0s
3015 4514 3194 4552 secum
3241 4500 3488 4553 delerunt
3515 4498 3579 4551 ad
3612 4514 3747 4566 reg-

464 4607 569 4647 non
597 4590 901 4660 conjugium
936 4589 1143 4657 sprevit
1166 4629 1179 4651 ,
1210 4589 1303 4641 sed
1347 4603 1507 4641 curas
1552 4587 1734 4641 mundi
1768 4597 2049 4641 nascentes
2084 4591 2130 4651 Ι)
2158 4605 2301 4653 num,
2345 4589 2395 4642 hi
2426 4589 2763 4658 exspectanti
2814 4589 3040 4643 Domino
3088 4605 3186 4644 ncc
3232 4590 3552 4657 semetipsos
3582 4595 3749 4643 retin.

464 4700 531 4738 ει
560 4683 809 4751 conjugio
845 4681 1074 4750 repulit,
1108 4680 1295 4734 dicens
1330 4699 1340 4733 :
1370 4680 1487 4734 Hoc
1536 4682 1603 4733 ad
1652 4682 1921 4734 utilitatem
1966 4698 2049 4733 ve-

464 4787 625 4828 stram
651 4774 789 4835 dico,
822 4789 921 4824 non
954 4782 1006 4823 ut
1035 4772 1271 4839 laqueum
1312 4773 1449 4824 vobis
1495 4771 1755 4839 injiciam;
1786 4772 1874 4824 sed
1909 4774 1978 4824 ad
1999 4772 2052 4824 id

469 4865 607 4933 quod
650 4865 917 4915 honestum
961 4872 1069 4924 est,
1101 4873 1146 4915 et
1176 4867 1311 4931 quod
1343 4863 1634 4931 facultatem
1678 4866 1901 4930 prwbcat
1945 4863 2055 4916 sine

469 4956 832 5023 impedimento
865 4965 886 4992 ε
936 4954 1154 5007 Domino
1206 4954 1516 5007 observiendi
1549 4953 1757 5025 (lbid.,
1790 4954 1858 5007 55
1977 4956 2049 5008 Ex

473 5049 731 5114 conjugiis
762 5047 956 5115 quippe
998 5053 1223 5099 terrenae
1253 5048 1639 5099 sollicitudines
1682 5046 1972 5114 prodeunt;
2004 5055 2057 5100 et

474 5140 674 5195 idcirco
705 5140 957 5210 magister
984 5140 1223 5209 gentium
1271 5140 1544 5196 auditores
1574 5156 1703 5194 suos
1737 5140 1802 5193 ad
1836 5141 2057 5195 meliora

551 5311 573 5337 ⁸·
613 5300 708 5355 llic
736 5302 945 5355 laborat
975 5317 1162 5355 sensus
1191 5302 1243 5353 in
1280 5300 1449 5353 Editis
1469 5300 1554 5353 ubi
1580 5300 1795 5368 legitur,
1821 5298 1873 5350 in
1894 5308 2064 5352 monte

478 5373 662 5440 quippe
695 5383 829 5423 stare
857 5372 980 5439 quid
1010 5384 1104 5435 est,
1130 5373 1228 5425 nisi
1268 5374 1486 5437 fructum
1516 5371 1808 5441 propaginis
1836 5371 1887 5420 in
1913 5386 2063 5441 carne

481 5438 577 5493 non
638 5438 903 5507 quaerere?
952 5443 1101 5508 Quod
1159 5452 1356 5506 pugnat
1398 5454 1581 5493 contra
1638 5438 1914 5510 superiora
1952 5456 1963 5490 τ
1998 5438 2061 5492 lu

478 5522 650 5565 monte
672 5523 784 5564 sunt
814 5516 897 5581 qui
918 5517 1067 5566 etiam
1104 5514 1301 5564 carnali
1330 5514 1531 5580 capulo:
1562 5512 1833 5569 inhaerent,
1869 5510 1956 5562 sed
1984 5521 2061 5561 ta-

481 5598 593 5633 men
636 5592 779 5635 extra
824 5585 1159 5648 suscipiendae
1195 5584 1356 5651 prolis
1406 5584 1760 5635 admistionem
1813 5581 2054 5641 debitam,

485 5654 629 5705 nulla
670 5654 840 5706 carnis
878 5657 1135 5717 volupta'e
1182 5652 1470 5705 solvuntur.
1506 5652 1881 5718 Expressimns
1917 5667 2055 5715 prae-

482 5725 664 5776 sa-rtim
720 5724 842 5777 Mss.
893 5724 1077 5783 Trec.,
1123 5723 1234 5781 ubi.
1278 5722 1375 5774 nisi
1423 5724 1644 5787 fructum
1685 5739 1785 5773 non
1831 5736 2058 5789 qua'rere

482 5793 622 5848 idem
651 5805 733 5847 est
757 5808 838 5856 ac,
873 5795 1074 5848 nonnisi
1100 5794 1321 5860 fructum
1351 5793 1644 5863 propaginis
1671 5793 1721 5846 in
1745 5807 1894 5845 carne
1921 5807 2058 5857 qua?-

2160 4685 2319 4739 cunt?
2351 4684 2645 4739 AmOnendi
2682 4692 2825 4750 sunt,
2859 4694 2911 4736 ut
2945 4686 3211 4751 prmterita
3243 4685 3527 4737 commissa
3558 4684 3755 4737 consi-

2162 4775 2355 4827 derent
2383 4815 2398 4837 ,
2432 4782 2485 4825 et
2534 4772 2863 4827 imminentia
2904 4774 3160 4827 devitem.
3214 4774 3365 4828 Unde
3405 4774 3502 4825 sub
3545 4774 3756 4826 Judtl'J!

2163 4866 2342 4934 specie
2398 4878 2491 4931 per
2549 4862 2859 4929 prophetam
2918 4865 3174 4917 Dominus
3225 4867 3488 4932 corruptis
3538 4866 3588 4917 in
3643 4865 3755 4918 hoc

2166 4956 2363 5010 mundo
2396 4955 2662 5007 mentibus
2691 4963 2985 5008 transactas
3007 4956 3070 5008 ad
3099 4957 3409 5009 memoriam
3441 4956 3626 5021 culpas
3662 4974 3755 5009 re-

2166 5057 2342 5111 vocat,
2365 5055 2626 5115 quatenus
2656 5044 2816 5113 pollui
2849 5048 2900 5101 in
2934 5046 3123 5101 futuris
3155 5049 3494 5110 erubescant,
3526 5050 3753 5102 dicens:

2173 5136 2465 5191 Fornicatte
2488 5146 2603 5188 sunt
2636 5138 2689 5189 in
2714 5136 2963 5207 ngypto,
2998 5141 3051 5190 in
3074 5140 3418 5192 adulescentia
3459 5157 3551 5192 sua
3578 5140 3757 5209 forni-

2165 5312 2295 5349 rere.

2236 5365 2257 5401 ιτ
2297 5363 2463 5418 Laud.
2496 5365 2719 5431 primus,
2766 5366 2888 5418 and.
2935 5376 2987 5421 et
3038 5368 3298 5421 nonnulli.
3349 5368 3655 5422 sublimiter.
3695 5372 3759 5424 In

2164 5436 2319 5489 Tt-cc.
2357 5444 2409 5486 et
2440 5438 2668 5496 caeteris,
2700 5437 2971 5489 subtiliter.

2234 5518 2255 5543 ε
2282 5506 2459 5565 Trec.,
2513 5504 2705 5571 Laud.,
2746 5506 2857 5559 Val.
2889 5508 2969 5559 Cl.
2998 5516 3048 5560 et
3093 5518 3200 5560 tres
3249 5507 3481 5573 Gemet.,
3519 5512 3753 5565 Domino

2158 5576 2479 5629 observandi.
2533 5576 2716 5633 Corb..
2753 5577 3026 5630 hominum
3068 5580 3401 5646 observandi;
3432 5596 3483 5636 et
3515 5586 3759 5637 secunda

2156 5663 2337 5708 manu,
2376 5646 2527 5697 Dant.
2561 5648 2879 5698 obsecrandi.

2226 5717 2251 5754 ιι
2287 5718 2473 5779 Laud.,
2504 5716 2771 5771 Tltcodor.
2802 5730 2851 5771 et
2891 5717 3001 5773 Val.
3036 5716 3143 5786 CL,
3173 5737 3324 5794 super
3347 5733 3601 5782 aratrum.
