4014 6316
196 343 275 395 liis
985 336 1281 391 ΙῖιίίλῌιίΕ
1327 333 1748 390 PASTORUJS
1791 335 2012 388 LIBER.
2057 365 2124 375 —-
2168 335 2340 389 PARS
2383 336 2660 393 TERTIA.

3320 347 3420 404 ΙΟΒ

193 462 293 501 ruta:
335 456 480 506 sunt;
513 447 585 497 ibi
636 449 840 498 subacta
881 456 991 497 sunt
1034 445 1188 498 ubera
1236 462 1427 504 eorum,
1461 456 1508 496 et
1559 446 1738 511 {ructre
1770 447 1816 502 Λ
1844 446 1966 509 quia
1996 458 2099 510 quo
2134 445 2298 511 magis
2341 445 2455 497 loco
2503 445 2821 512 prominenti
2865 450 3181 512 consistunt,
3209 469 3272 508 co
3305 473 3420 509 creo

193 551 283 592 sunt
310 553 536 590 mamma?
582 541 861 604 pubertatis
900 554 1068 590 eorum
1118 537 1327 607 (I‘fzuclt.
1374 553 1530 599 XXII),
1564 535 1642 602 3).
1686 536 1736 587 In

199 633 391 699 (Egypto
428 629 628 696 quippe
685 631 839 682 ubera
891 627 1223 696 subiguntur,
1256 642 1379 679 cum
1415 626 1552 692 turpi
1587 625 1740 694 hujus

195 719 346 772 mundi
372 717 640 770 desiderio
673 717 910 769 humanae
939 718 1131 771 ment-is
1161 717 1407 769 voluntas
1438 716 1738 769 substerni-

200 820 281 862 tur.
333 809 381 862 In
427 807 666 877 1Egypto
726 808 1014 875 pubertatis
1081 821 1327 861 mamma:
1381 809 1738 875 franguntur,

198 901 373 971 quando
398 900 674 954 naturales
702 913 888 953 sensus
908 898 1080 951 adhuc
1112 900 1160 951 in
1191 898 1494 966 semetipsis
1525 897 1733 965 integri,

198 989 416 1061 pulsantis
442 989 892 1057 concupiscentia:
921 989 1266 1056 corruptione
1295 987 1571 1040 vitiantur.

255 1084 555 1137 Admoueudi
600 1093 730 1138 sunt
764 1093 978 1151 peccata
1031 1083 1206 1136 carnis
1255 1083 1489 1150 experti,
1522 1090 1580 1134 ut
1610 1080 1738 1150 vigi-

198 1177 309 1230 lanti
353 1191 462 1230 cura
507 1177 843 1245 conSpiciant
891 1185 1010 1242 post
1053 1176 1244 1230 delicta
1288 1175 1439 1228 nobis
1469 1175 1533 1229 ad
1566 1190 1624 1229 se
1654 1191 1737 1228 re-

199 1266 443 1320 deuntibus
470 1265 605 1320 Deus
636 1279 834 1333 quanta
879 1266 1244 1319 benevolentia
1278 1268 1448 1320 sinum
1483 1281 1591 1319 sua:
1623 1267 1736 1334 pie-

199 1359 298 1411 tatis
314 1356 576 1424 expandat,
601 1373 729 1411 cum
755 1372 848 1425 per
875 1357 1186 1425 pmphctam
1206 1357 1345 1410 dicat
1369 1375 1381 1410 :
1412 1356 1471 1410 Si
1492 1357 1736 1409 dimiserit

199 1452 256 1501 rir
280 1466 462 1503 uxorem
491 1467 657 1514 suam,
689 1460 732 1502 et
760 1450 850 1502 illa
872 1451 1108 1502 recedens
1140 1450 1342 1502 duxerit
1367 1450 1524 1501 virum
1553 1449 1735 1509 alium,

201 1543 385 1610 nunquid
408 1551 686 1596 revertetur
708 1544 774 1593 ad
802 1557 912 1593 eum
934 1541 1104 1594 ultra?
1135 1539 1384 1604 Nunquid
1410 1557 1509 1592 non
1540 1540 1738 1608 polluta

200 1645 235 1685 et
257 1635 566 1685 contaminata
603 1633 706 1685 erit
734 1632 915 1685 mulier
951 1631 1083 1684 illa?
1110 1631 1186 1683 Tit
1211 1641 1375 1682 autem
1404 1632 1656 1698 fornicata
1686 1645 1736 1680 es

201 1741 292 1776 cum
327 1723 618 1776 amatoribus
667 1722 867 1780 multis.
893 1733 1058 1774 tamen
1100 1730 1338 1774 revertere
1375 1722 1442 1772 ad
1476 1739 1583 1780 me,
1614 1721 1736 1772 dicit

1844 533 2111 587 brioribus
2138 537 2343 602 sagittis
2374 535 2698 590 insidiatoris
2733 538 3076 604 impetutttur.
3129 545 3228 608 Qui
3271 557 3415 598 tanto

1843 623 2114 677 ardentius
2155 626 2291 679 solet
2336 627 2488 696 erigi,
2518 636 2716 694 quanto
2745 629 3016 684 robustius
3062 648 3119 684 se
3158 639 3418 704 conspicit

1844 714 2008 776 vinci;
2030 723 2278 782 tantoque
2301 716 2685 770 intolerabilius
2703 719 3018 786 dedignatur
3045 722 3200 786 vinci,
3217 741 3418 793 quinto

1842 812 2025 857 contra
2075 816 2133 858 se
2180 806 2324 859 videt
2371 821 2468 874 per
2512 809 2713 878 integra
2765 811 2985 865 iniit-mre
3027 817 3201 869 carnis
3241 831 3413 874 castra

1841 894 2084 960 pugnari.
2143 896 2473 950 Admonendi
2526 908 2649 950 sunt
2703 908 2759 952 ut
2811 902 3142 958 incessanter
3199 915 3414 975 przcin-la

1838 982 2150 1050 suscipiant,
2183 993 2237 1038 et
2269 985 2497 1038 libenter
2528 988 2874 1053 proculdubio
2909 996 3254 1050 tentationum
3285 1016 3416 1067 (plus

1840 1074 2068 1128 tolerant
2099 1075 2307 1128 labores
2335 1076 2637 1131 calcabunt.
2668 1079 2723 1133 Si
2749 1082 2888 1134 enim
2920 1085 3222 1139 attendatur
3245 1088 3416 1142 felici-

1840 1173 1918 1218 tas
1948 1179 2066 1234 quae
2104 1167 2222 1218 sine
2255 1166 2475 1220 transitu
2506 1169 2810 1237 attingitur,
2847 1171 2961 1225 leve
2991 1173 3049 1226 lit
3077 1177 3215 1243 quod
3249 1187 3420 1230 trans-

1840 1255 2014 1308 eundo
2034 1255 2561 1311 laburatur.:\udiant
2582 1260 2720 1326 quod
2748 1277 2838 1327 per
2862 1263 3172 1330 prophetam
3189 1267 3380 1322 dicitur
3406 1324 3414 1332 _

1840 1346 1971 1400 Haec
1997 1348 2119 1400 dicit
2144 1346 2394 1402 Dominus
2419 1352 2662 1405 cunne/tis
2686 1367 2704 1405 :
2733 1353 2832 1418 Qui
2852 1360 3184 1413 custodierint
3213 1362 3419 1416 sabbata

1839 1453 1970 1500 mea,
2003 1447 2051 1490 et
2077 1439 2315 1508 elegerint
2345 1456 2458 1505 qua:
2477 1442 2632 1509 uolui,
2663 1454 2708 1497 et
2731 1447 2898 1513 [tellus
2930 1465 3094 1503 meum
3125 1457 3375 1508 tenuerint
3401 1474 3418 1512 :

1839 1530 1967 1581 dabo
1989 1531 2060 1581 eis
2088 1531 2140 1582 in
2162 1532 2311 1584 domo
2339 1548 2449 1585 mea
2476 1545 2522 1588 et
2543 1537 2595 1588 in
2625 1539 2783 1590 muris
2814 1541 2937 1594 meis
2964 1544 3131 1596 locum
3161 1557 3208 1598 ct
3237 1563 3418 1600 nomen

1837 1621 2014 1673 melius
2041 1635 2072 1672 a
2100 1621 2221 1688 [iliis
2261 1633 2308 1674 et
2361 1624 2561 1689 ﬁliabus
2611 1624 2753 1695 (13a.
2800 1645 2902 1692 Lvt,
2937 1633 2991 1697 4,
3027 1632 3120 1701 5),
3172 1636 3411 1691 Eunuchi

1837 1712 2031 1779 quippe
2055 1721 2198 1775 sunt,
2223 1715 2311 1780 qui
2339 1717 2657 1783 compressis
2684 1721 2910 1774 motibus
2941 1726 3136 1789 carnis,
3168 1727 3412 1782 affecutm

202 1816 408 1868 Dominus
435 1814 645 1883 ueram.
678 1830 757 1878 ιη,
787 1812 860 1883 ί).
890 1814 1027 1866 Ecce
1056 1812 1120 1865 de
1151 1812 1447 1866 fornicame
1472 1821 1524 1866 οι
1553 1811 1736 1864 relicta
1771 1797 1817 1855 Β
1845 1803 1892 1855 iu
1925 1817 1982 1856 se
2025 1805 2179 1872 pravi
2228 1807 2404 1873 operis
2447 1806 2747 1863 abscidunt.
2791 1812 2907 1877 Quo
2949 1826 3122 1868 autem
3155 1820 3289 1885 apud
3323 1821 3418 1874 l’a-

201 1907 383 1961 muliere
422 1915 798 1976 argumentum
844 1903 1060 1973 justitite
1111 1904 1447 1972 proponitur,
1481 1913 1533 1956 et
1564 1913 1738 1956 tamen

201 1996 324 2049 nobis
345 2006 448 2063 post
474 1997 684 2062 lapsum
712 1995 1052 2049 redeuntibus
1078 2009 1180 2048 non
1204 1994 1427 2061 justitia,
1453 1993 1544 2046 sed
1571 1994 1740 2061 pietas

198 2087 452 2140 exhibetur.
477 2087 538 2143 Ut
569 2089 702 2141 hinc
733 2084 914 2156 utique
943 2085 1279 2154 colligamus,
1308 2083 1351 2138 si
1386 2084 1539 2137 nobis
1569 2084 1740 2137 delin-

199 2180 437 2242 quentibus
477 2187 614 2233 tanta
669 2179 872 2248 pietate
917 2177 1172 2245 parcitur,
1207 2191 1235 2228 a
1285 2175 1439 2229 nobis
1471 2191 1569 2232 nec
1620 2184 1740 2242 post

198 2268 410 2322 delictum
450 2269 796 2324 redeuntibus
823 2278 1018 2338 quanta
1069 2267 1412 2336 improbitate
1441 2279 1690 2335 peccatur
1723 2284 1736 2332 ;

199 2365 271 2408 aut
304 2369 413 2425 qua:
445 2357 505 2411 ab
537 2358 618 2412 illo
661 2358 768 2412 erit
807 2371 967 2426 super
1005 2357 1277 2426 improbos
1304 2356 1481 2420 venia,
1513 2358 1600 2424 qui
1632 2371 1737 2410 non

199 2455 345 2498 cesssit
391 2459 563 2500 vocare
592 2453 722 2515 post
764 2446 994 2514 culpam.
1023 2447 1152 2513 Qua:
1197 2446 1445 2500 nimirum
1477 2445 1613 2500 bene
1645 2463 1738 2514 per

199 2535 466 2602 prophetam
521 2546 643 2608 post
705 2537 958 2594 delictum
1021 2538 1384 2592 misericordia
1444 2538 1736 2592 iocatiouis

199 2625 502 2693 exprimitur,
550 2641 676 2680 cum
729 2642 920 2683 averso
967 2629 1168 2683 homini
1214 2629 1442 2683 dicitur:
1472 2629 1534 2681 Et
1588 2639 1736 2683 erant

199 2711 308 2764 oculi
330 2715 393 2765 tui
413 2716 626 2771 uidentes
661 2728 1023 2785 praceptorem
1053 2727 1193 2771 tuum
1217 2759 1230 2782 ,
1261 2728 1308 2772 et
1343 2735 1493 2773 aures
1520 2731 1620 2775 tua:
1644 2738 1736 2775 au-

198 2802 311 2854 dient
351 2807 534 2858 verbum
575 2817 697 2875 post
743 2818 936 2878 tergum
981 2811 1228 2863 monentis
1261 2809 1412 2879 (Isai.
1447 2826 1550 2865 xxx
1577 2854 1591 2877 ,
1619 2813 1733 2882 20).

200 2892 452 2949 llumanum
483 2899 686 2968 quippe
716 2913 887 2967 genus
918 2899 1172 2954 Dominus
1207 2901 1258 2954 in
1289 2902 1474 2956 faciem
1505 2905 1732 2969 monuit,

198 2987 369 3050 quando
403 2988 451 3041 in
488 2990 742 3057 paradiso
773 2990 987 3043 condito
1026 2990 1228 3046 homini
1272 3003 1429 3062 atque
1468 2994 1518 3048 in
1563 2996 1734 3051 libero

198 3076 380 3131 arbitrio
407 3084 580 3146 stanti,
614 3082 744 3151 quid
777 3082 974 3148 facere,
1001 3085 1195 3154 quidve
1228 3101 1332 3140 non
1362 3088 1538 3143 facere
1567 3089 1731 3144 debe-

1845 1903 1976 1947 trcm
2004 1895 2119 1948 loeti
2143 1896 2454 1961 habeantur,
2471 1899 2803 1966 ostenditur;
2837 1903 2954 1970 quia
2978 1904 3031 1958 itt
3060 1905 3217 1961 domo
3246 1910 3416 1964 Patris

1845 1987 2092 2042 videlicet
2133 1999 2331 2042 aitet-na
2365 1989 2638 2046 mansione
2685 1995 2844 2047 etiam
2887 1995 3007 2050 ﬁliis
3039 2000 3412 2066 praeferuntur.

1841 2077 2074 2140 Autljaut
2111 2079 2248 2146 quod
2280 2095 2372 2147 per
2396 2080 2652 2134 Joannem
2682 2083 2910 2138 dicitur:
2935 2085 3010 2138 Hi
3043 2098 3157 2140 sunt
3183 2092 3269 2158 qui
3300 2107 3414 2144 cum

1841 2167 2136 2220 mulieribus
2156 2185 2254 2220 non
2283 2179 2400 2222 sunt
2425 2171 2739 2241 coinquinati
2763 2188 2780 2224 :
2804 2177 3018 2244 virgines
3038 2179 3172 2231 enim
3201 2192 3338 2244 sunt,
3369 2191 3414 2233 et

1839 2267 2121 2325 sequuntur
2149 2261 2352 2327 Agnum
2397 2276 2698 2331 quocunque
2733 2263 2845 2316 ierit
2878 2265 3060 2336 (Apoc.
3096 2284 3202 2331 xw,
3236 2272 3314 2337 4).
3351 2273 3414 2324 Et

1839 2348 1980 2415 quod
2028 2349 2291 2402 canticum
2335 2361 2570 2416 cantant,
2605 2355 2744 2420 quod
2787 2371 2945 2409 nemo
2995 2369 3168 2427 potest
3215 2362 3410 2427 dicere,

1839 2439 1941 2492 nisi
1971 2440 2059 2492 illa
2088 2449 2298 2495 centum
2323 2443 2667 2512 quadraginta
2701 2457 2929 2515 quatuor
2953 2451 3134 2504 millia.
3170 2453 3414 2523 Singula~

1838 2529 1970 2585 riter
2013 2530 2208 2601 quippe
2237 2534 2502 2586 canticum
2539 2538 2687 2601 Agno
2717 2547 2953 2604 cantare,
2988 2549 3071 2594 est
3113 2557 3234 2596 cum
3267 2559 3331 2598 eo
3360 2546 3414 2598 in

1840 2632 2152 2688 perpetuum
2196 2638 2305 2692 pra:
2335 2623 2541 2678 cunctis
2571 2623 2820 2680 ﬁdelibus
2863 2628 3022 2682 etiam
3068 2629 3133 2684 dc
3172 2632 3411 2688 incorru-

1838 2711 2017 2769 ptione
2047 2713 2221 2766 carnis
2241 2713 2496 2782 gaudere.
2522 2714 2672 2779 Quod
2705 2725 2880 2771 tamen
2905 2719 3059 2773 electi
3077 2723 3256 2777 caeteri
3284 2738 3411 2778 can.

1839 2810 1999 2855 ticum
2039 2802 2224 2857 audire
2272 2814 2528 2872 possunt,
2559 2805 2679 2862 licet
2727 2809 2905 2862 dicere
2955 2822 3252 2879 nequeant,
3287 2817 3408 2884 quia

1837 2907 1934 2960 per
1975 2893 2288 2949 charitatem
2338 2897 2550 2965 quidem
2599 2899 2652 2952 in
2695 2897 2902 2954 illorum
2945 2904 3259 2961 celsitudine
3307 2908 3410 2963 Leti

1835 2994 1979 3050 sunt,
2009 2989 2249 3054 quamvis
2281 2987 2346 3040 ad
2378 3003 2562 3042 eorum
2589 2990 2802 3058 praemia
2830 3006 2934 3046 non
2966 3008 3264 3064 assurgunt.
3297 3003 3409 3051 Λιιο

1839 3077 1984 3130 diaut
2016 3089 2354 3146 peccatorum
2386 3083 2559 3135 carnis
2587 3084 2751 3150 ignari
2781 3085 2920 3154 quod
2953 3102 3043 3151 per
3070 3089 3407 3156 semetipsum

196 3175 276 3229 rei,
300 3167 491 3224 indixit,
521 3149 882 3227 sed—homoin
918 3149 1219 3229 nei'faciem
1251 3186 1393 3247 terga
1416 3179 1580 3246 dedit,
1607 3197 1726 3234 cum
1761 3149 1808 3212 (ἶ
1837 3169 1904 3223 de
1936 3170 2034 3224 hac
2066 3171 2367 3239 integritate
2397 3171 2600 3226 Veritas
2632 3174 2760 3228 dicit
2790 3193 2803 3226 ε
2836 3175 2956 3228 Non
2995 3192 3166 3230 omnes
3205 3180 3408 3246 capiunt

193 3257 477 3324 superbieus
509 3263 622 3330 ejus
649 3264 795 3333 jussa
828 3267 1169 3334 contempsit.
1206 3267 1310 3322 Nec
1342 3279 1516 3325 tamen
1548 3286 1735 3340 super-

194 3345 397 3402 hientem
427 3347 561 3404 Deus
584 3353 838 3420 deseruit,
867 3356 952 3422 qui
978 3355 1044 3408 ad
1069 3357 1426 3412 revocandum
1460 3360 1732 3415 hominem

194 3434 334 3503 legem
375 3438 533 3508 dedit,
570 3452 593 3479 ἰ
618 3446 968 3500 exhortantes
1016 3448 1231 3516 angelos
1282 3451 1456 3507 misit.
1492 3452 1543 3505 in
1572 3466 1732 3506 carne

193 3537 360 3582 nostra:
386 3533 718 3588 mortalitatis
743 3535 858 3603 ipse
887 3537 1149 3604 apparuit.
1179 3537 1318 3607 Ergo
1361 3550 1481 3607 post
1528 3551 1731 3612 tergum

193 3625 316 3671 stans
339 3635 428 3674 nos
454 3623 745 3693 admonuit,
777 3627 865 3696 qui
897 3627 963 3681 ad
995 3630 1456 3697 recuperationem
1491 3646 1586 3686 nos
1613 3648 1733 3703 gra-

193 3706 262 3760 tlte
280 3708 423 3766 etiam
443 3726 779 3784 contemptus
803 3717 1029 3772 vocavit.
1055 3720 1204 3786 Quod
1230 3721 1390 3790 igitur
1410 3723 1733 3790 generaliter

193 3798 323 3852 simul
352 3805 507 3870 potuit
528 3806 631 3861 dici
664 3807 732 3863 de
758 3810 960 3863 cunctis
984 3848 1000 3875 ,
1031 3810 1129 3864 hoc
1158 3825 1378 3866 necesse
1408 3822 1490 3867 est
1520 3815 1730 3883 Specia-

192 3884 294 3944 liter
316 3896 484 3951 sentiri
514 3897 579 3953 de
607 3898 853 3968 singulis.
883 3899 1042 3964 Quasi
1070 3901 1213 3956 enim
1240 3915 1418 3956 coram
1451 3903 1559 3956 Deo
1591 3905 1729 3972 posi-

192 3985 259 4032 tus
297 3986 502 4054 quisque
556 3990 725 4043 verba
779 3989 1089 4044 monitionis
1133 3992 1248 4056 ejus
1310 3993 1568 4059 percipit,
1609 4007 1727 4047 cum

192 4069 453 4142 priusquam
498 4085 722 4145 peccata
770 4086 1061 4147 perpetret,
1092 4079 1381 4134 voluntatis
1430 4081 1548 4151 ejus
1579 4096 1731 4150 pra:-

191 4169 314 4228 crepta
336 4167 620 4234 cognoscit.
656 4166 842 4221 Adhuc
870 4169 1009 4221 enim
1039 4178 1163 4223 ante
1189 4167 1381 4223 faciem
1411 4169 1527 4238 ejus
1557 4181 1723 4236 stare,

192 4257 258 4300 est
292 4252 494 4308 necdum
539 4270 664 4309 eum
713 4255 982 4323 peccando
1024 4267 1388 4313 contemnere.
1419 4259 1551 4314 Cum
1598 4276 1730 4314 vero

189 4340 403 4399 derelicto
429 4347 565 4403 bono
595 4349 939 4411 innocentiae,
973 4349 1303 4418 iniquitatem
1335 4349 1537 4418 eligens
1561 4366 1726 4420 appe-

190 4431 254 4492 tit,
277 4434 371 4500 jam
411 4447 548 4507 terga
577 4439 632 4492 in
665 4441 785 4504 ejus
818 4439 1005 4492 faciem
1033 4440 1217 4494 mittit.
1265 4440 1369 4494 Sed
1398 4454 1525 4496 ecce
1552 4442 1725 4496 adhuc

1834 3259 2034 3311 verbum
2077 3260 2173 3312 hoc
2202 3259 2414 3328 (Matth.
2449 3276 2556 3324 ιιι,
2583 3262 2694 3330 Η).
2746 3264 2895 3330 Quod
2927 3280 2992 3319 co
3017 3266 3244 3322 innotuit
3267 3285 3410 3324 sum-

1836 3363 2004 3411 tuum,
2037 3363 2142 3416 quo
2176 3349 2458 3417 denegavit
2487 3351 2757 3417 omnium;
2790 3361 2843 3406 et
2870 3353 2994 3407 dum
3022 3358 3261 3427 praedicit
3286 3362 3408 3430 quia

1834 3436 2048 3492 difticile
2097 3440 2339 3508 capitur,
2372 3441 2710 3496 audientibus
2755 3443 2925 3498 innuit
2957 3443 2982 3482 δ
3027 3459 3238 3516 captum
3286 3467 3407 3504 cum

1833 3545 1936 3598 qua
1961 3530 2167 3584 cautela
2197 3539 2458 3585 teneatur.

1906 3620 2240 3676 Admonendi
2271 3634 2395 3676 sunt
2426 3624 2602 3692 itaque
2628 3632 2847 3692 peccata
2876 3627 3052 3679 carnis
3085 3628 3406 3696 ignorantes,

1834 3723 1890 3768 ut
1936 3727 1989 3768 et
2035 3715 2383 3783 praeeminere
2431 3716 2789 3784 virginitatem
2837 3718 3085 3787 conjugio
3116 3723 3322 3786 sciant,
3357 3735 3408 3778 et

1836 3817 2009 3862 tamen
2059 3823 2117 3862 se
2165 3823 2327 3876 super
2369 3808 2624 3878 coniuges
2680 3824 2784 3864 non
2833 3812 3114 3877 extollant,
3146 3822 3409 3882 quatenus;

1831 3896 1956 3950 dum
1987 3905 2041 3951 et
2071 3897 2420 3966 virginitatem
2453 3897 2743 3966 praiferunt
2767 3940 2782 3964 ,
2815 3909 2869 3954 et
2895 3916 2952 3954 se
2983 3911 3332 3971 postponunt;
3357 3914 3409 3958 et

1833 3989 1960 4043 illud
1992 4003 2094 4042 non
2125 3989 2381 4044 deserant
2407 3988 2546 4058 quod
2579 3991 2770 4044 melius
2798 4006 2918 4045 esse
2948 3993 3236 4058 :cstimant,
3269 4004 3321 4047 et
3348 4008 3406 4047 se

1832 4080 2131 4134 custodiant
2159 4091 2180 4118 ε
2205 4095 2312 4150 quo
2335 4094 2392 4135 se
2415 4082 2642 4135 inaniter
2665 4097 2769 4136 non
2789 4083 3042 4136 exaltant.
3068 4083 3404 4138 Admonendi

1831 4183 1954 4226 sunt
1980 4182 2036 4226 ut
2063 4175 2403 4228 considerent
2433 4173 2571 4242 quod
2606 4174 2916 4242 plerumque
2938 4176 3148 4229 actione
3177 4178 3396 4231 saecula-

1831 4270 1966 4322 rium
1993 4269 2098 4321 vita
2125 4267 2512 4321 continentium
2542 4265 2910 4334 confunditur,
2939 4283 3056 4320 cum
3088 4276 3140 4322 et
3163 4268 3238 4322 illi
3268 4271 3402 4325 ultra

1832 4358 2070 4412 habitum
2116 4367 2394 4413 assumunt
2419 4373 2603 4427 opera,
2635 4367 2688 4412 et
2718 4359 2801 4411 isti
2827 4359 2978 4428 juxta
3012 4360 3248 4414 ordinem
3280 4378 3401 4430 pro-

1834 4452 2004 4518 prium
2032 4466 2136 4504 non
2167 4453 2398 4504 excitant
2425 4451 2605 4504 corda.
2631 4449 2785 4505 Unde
2816 4451 2947 4504 bene
2969 4466 3065 4518 per
3095 4453 3401 4519 prophetam

187 4531 230 4573 ct
254 4536 354 4591 post
393 4537 594 4598 tergum
631 4530 769 4584 Deus
819 4530 1151 4598 subsequens
1200 4539 1398 4596 monet,
1430 4532 1516 4600 qui
1563 4534 1722 4587 etiam
1752 4527 1804 4589 υ
1829 4541 2057 4596 dicitur:
2089 4541 2368 4608 Erubesce,
2404 4541 2597 4603 Sidon,
2631 4543 2701 4593 ait
2753 4557 2893 4593 mare
2936 4540 3087 4609 (lsai.
3134 4557 3285 4604 xxiii,
3319 4545 3397 4610 4).

188 4620 285 4674 Post
309 4618 499 4682 culpam
528 4620 594 4672 ad
623 4635 683 4673 se
716 4619 889 4674 redire
916 4621 1218 4687 persuadet.
1269 4624 1532 4677 Aversum
1565 4639 1725 4677 revu—

186 4713 274 4767 cat,
297 4710 557 4763 commissa
591 4725 700 4764 non
734 4712 970 4777 respicit,
996 4713 1282 4766 revertenti
1313 4714 1485 4767 sinum
1514 4716 1724 4782 pietatis

185 4797 419 4861 expandit.
475 4801 670 4856 \‘ocem
715 4817 841 4872 ergo
877 4812 994 4871 post
1025 4813 1228 4872 tergum
1277 4807 1542 4861 monentis
1572 4807 1724 4860 audi-

184 4896 317 4946 mus,
346 4886 384 4939 si
427 4889 488 4942 ad
535 4890 846 4945 invitantem
900 4907 995 4945 nos
1042 4894 1322 4948 Dominum
1371 4897 1557 4951 saltem
1606 4907 1725 4965 post

182 4985 365 5037 peccata
387 4983 719 5035 revertimur.
749 4982 1010 5037 Debemus
1037 4985 1196 5053 igitur
1222 4987 1470 5054 pietatem
1499 4990 1604 5059 83
1627 5004 1720 5043 vo-

181 5061 322 5116 cantis
359 5069 693 5136 erubescere,
724 5073 768 5125 si
808 5071 1068 5138 justitiam
1117 5075 1362 5131 nolumus
1388 5076 1720 5146 formidare;

182 5156 280 5219 quia
311 5166 446 5212 tanto
472 5162 699 5229 gratiori
733 5164 1072 5231 improbitate
1114 5169 1492 5237 contemnitur,
1521 5183 1721 5240 quanto

180 5253 222 5295 et
246 5259 557 5319 contemptus
587 5254 756 5307 adhuc
785 5269 976 5308 vocare
1010 5273 1112 5309 non
1139 5257 1473 5327 dedignatur.

238 5337 294 5390 At
317 5351 493 5394 contra
523 5343 838 5398 admonendi
867 5357 991 5399 sunt
1019 5359 1233 5415 peccata
1265 5351 1439 5405 carnis
1471 5353 1716 5420 ignoran-

183 5429 263 5488 tes,
293 5436 340 5481 ut
367 5439 510 5484 tanto
538 5433 813 5488 sollicitius
845 5440 1173 5506 praecipitem
1205 5441 1413 5494 ruinam
1460 5450 1719 5506 metuant,

179 5526 347 5578 quanto
371 5520 523 5574 altius
574 5531 731 5576 stant.
783 5526 1117 5581 Admouendi
1165 5540 1309 5596 sunt,
1345 5541 1398 5584 ut
1446 5533 1717 5599 noverint,

235 5661 255 5725 ἐ
285 5654 480 5710 Getnet.
511 5659 729 5725 primus,
761 5662 1076 5716 em‘mrtutus.

235 5723 256 5758 δ
283 5727 452 5790 llorb.,
477 5723 704 5791 ereptum.

443 5819 703 5877 i‘a'l'ttoc.
754 5822 1060 5884 LXXV“.

1829 4635 1990 4700 Quasi
2021 4633 2164 4688 enim
2211 4648 2304 4702 per
2337 4649 2516 4686 vocem
2549 4633 2710 4684 maris
2745 4632 2812 4684 ad
2842 4631 3208 4684 verecundiam
3241 4633 3400 4686 Sidon

1827 4727 2106 4781 adducitur
2129 4768 2143 4792 ,
2178 4725 2389 4792 quando
2420 4740 2513 4790 per
2551 4723 2998 4790 comparationem
3029 4725 3149 4775 vita:
3178 4724 3400 4776 smeula-

1827 4819 1962 4871 rium
1993 4817 2222 4885 atquein
2250 4816 2349 4869 hoc
2377 4815 2572 4868 mundo
2602 4813 2990 4878 ﬂuctuantium,
3019 4813 3133 4882 ejus
3162 4814 3248 4884 qui
3278 4831 3396 4868 mu-

1825 4909 1966 4962 nitus
1986 4918 2039 4962 et
2063 4907 2212 4975 quasi
2238 4904 2443 4960 stabilis
2485 4905 2740 4970 cernitur,
2761 4908 2867 4958 vita
2889 4907 3221 4972 reprobatur.
3247 4905 3399 4972 Saepe

1827 4999 1967 5052 enim
1999 4994 2241 5051 nonnulli
2269 4995 2334 5049 ad
2389 4997 2667 5050 Dominum
2704 5003 2822 5063 post
2866 4995 3042 5048 carnis
3074 5005 3284 5063 peccata
3315 5011 3398 5049 re-

1827 5090 2068 5150 deuntes,
2100 5095 2243 5140 tanto
2272 5101 2332 5140 se
2360 5085 2630 5139 ardentius
2676 5084 2727 5137 in
2774 5084 2930 5137 bonis
2969 5084 3216 5150 operibus
3247 5083 3401 5135 exhi-

1828 5180 1981 5245 bent,
2016 5185 2212 5247 quanto
2260 5176 2675 5230 datnuabiliorcs
2717 5189 2774 5229 sc
2803 5173 2868 5227 tle
2898 5173 3051 5226 malis
3100 5171 3301 5226 vident.
3338 5174 3400 5226 Et

1826 5285 1968 5336 smpe
1997 5269 2210 5338 quidam
2245 5268 2296 5320 in
2328 5268 2503 5320 carnis
2551 5267 2852 5334 integritate
2883 5265 3249 5332 pcrdurantcs,
3282 5280 3400 5317 cum

1827 5360 2002 5413 minus
2030 5373 2087 5411 se
2115 5357 2406 5423 respiciunt
2438 5356 2634 5408 habere
2665 5355 2806 5424 qttod
2836 5355 3084 5415 deﬂeant,
3114 5355 3274 5424 plcuc
3305 5357 3401 5408 sibi

1827 5448 2074 5502 Sufﬁcere
2104 5448 2225 5500 vita:
2253 5461 2362 5499 sua:
2391 5445 2502 5516 εἴ..
2530 5445 2884 5500 innocentiam
2918 5455 3123 5514 putant,
3153 5456 3309 5514 atque
3334 5449 3400 5497 ad

1828 5541 2088 5593 fervorem
2135 5535 2352 5604 spiritus
2384 5537 2541 5589 nullis
2570 5550 2628 5588 se
2668 5537 2876 5589 ardoris
2923 5538 3148 5591 stimulis
3195 5535 3396 5590 inﬂatu-

1906 5683 1924 5709 ο
1957 5674 2169 5726 (larunt.
2205 5674 2424 5742 primus,
2458 5688 2578 5740 quos
2608 5672 2840 5725 inaniter.

2887 5823 2924 5878 is
