3968 6382
508 376 602 425 1οῗ

1703 369 1941 428 ssnon
1982 326 2306 427 cneconu
2348 372 2552 428 MAGNI

3655 377 3756 428 108

504 494 673 542 mant.
717 485 782 540 Et
814 488 869 539 tit
901 455 1215 555 plerumque.
1259 483 1368 538 Deo
1413 483 1611 552 gratior
1655 497 1838 537 amore
1881 482 2074 537 ardens
2104 493 2150 550 Α
2177 498 2295 535 cum
2334 484 2531 536 iudica:
2567 484 2769 551 singula
2801 483 2996 538 delicta
3036 492 3390 553 pensarentur
3422 501 3434 536 :
3464 483 3755 539 Divisionca

507 580 612 631 vita
645 587 762 646 post
789 578 999 646 culpam
1019 618 1033 642 ,
1063 590 1220 643 quam
1254 575 1538 628 securitate
1568 582 1782 642 torpens
1823 574 2075 628 innocen-

502 669 594 723 tia.
629 669 778 724 Unde
805 679 859 725 et
884 684 1012 722 voce
1043 667 1237 737 jndicis
1267 666 1495 720 dicitur:
1527 665 1874 718 Remittuntur
1895 666 1941 718 ei
1963 681 2077 734 pec-

503 769 616 811 cata
666 758 846 824 multa,
888 760 1008 828 quia
1047 757 1224 809 dilexit
1269 761 1482 808 multum
1515 753 1665 825 (Luc.
1699 770 1792 822 vn,
1821 753 1934 823 47).
1971 755 2074 808 Et:

503 847 768 901 Gaudium
805 851 899 901 erit
927 850 980 901 in
1008 847 1133 902 caelo
1171 864 1322 916 super
1355 863 1454 900 uno
1494 855 1753 913 peccatore
1791 847 2074 915 praenitente,

503 939 664 1007 magis
702 955 853 1005 quant
879 955 1032 1006 super
1053 938 1330 1005 nonaginta
1355 953 1529 990 novem
1550 937 1736 1004 justis,
1770 937 1948 1006 quibus
1977 952 2077 987 non

505 1045 630 1096 opus
658 1037 730 1081 est
759 1029 1056 1095 paenitentia
1083 1027 1233 1096 (Luc.
1267 1043 1354 1090 xv,
1388 1027 1500 1094 10).
1525 1025 1673 1090 Quod
1701 1025 1857 1080 citius
1878 1040 1940 1078 ex
1966 1026 2078 1092 ipso

509 1135 609 1173 usu
654 1119 948 1187 colligimus
974 1161 988 1183 ,
1020 1121 1064 1174 si
1098 1129 1294 1173 nostra:
1331 1119 1522 1171 mentis
1545 1117 1739 1185 judicia
1772 1132 2074 1186 pensemus.

507 1210 633 1264 Plus
663 1225 891 1279 namque
924 1222 1118 1264 terram
1161 1210 1426 1277 diligimus
1450 1223 1566 1275 quae
1595 1215 1712 1274 post
1748 1208 1926 1274 spinas
1955 1222 2081 1259 exa-

505 1311 618 1354 rata
644 1298 846 1355 fructus
874 1301 1066 1355 uberes
1093 1300 1358 1368 producit,
1383 1313 1538 1366 quam
1563 1311 1680 1366 qua:
1708 1297 1878 1349 nullas
1900 1297 2080 1364 spinas

508 1390 713 1454 habuit,
742 1391 834 1445 sed
878 1399 1051 1444 tamen
1104 1389 1314 1442 exculta
1361 1388 1596 1441 sterilem
1637 1393 1866 1454 segetem
1895 1383 2078 1453 gignit.

511 1482 844 1536 Admonentli
890 1491 1015 1535 sunt
1062 1493 1276 1551 peccata
1320 1481 1496 1533 carnis
1526 1479 1864 1547 ignorantes,
1897 1491 1962 1530 ne
1987 1490 2080 1528 su-

507 1572 736 1640 perioris
757 1572 959 1626 ordinis
981 1571 1292 1625 celsitudine
1314 1585 1374 1623 se
1400 1569 1608 1623 caeteris
1632 1566 1933 1636 prmferant,
1958 1579 2078 1618 cum

502 1668 571 1718 ab
611 1666 953 1718 inferioribus
993 1673 1182 1734 quanta
1216 1679 1272 1717 se
1303 1663 1491 1716 melius
1537 1669 1760 1729 agantur
1812 1663 2076 1727 ignorant.

502 1757 835 1810 lnexaminc
865 1773 1090 1825 namque
1119 1758 1247 1809 recti
1286 1754 1480 1823 judicis
1519 1760 1689 1805 mutat
1718 1760 1742 1787 ι
1776 1751 1958 1803 merita
1989 1764 2078 1803 or-

2181 590 2427 641 aquarum
2456 575 2663 624 deduxit
2698 575 2874 626 oculus
2906 591 3045 627 mens
3070 574 3283 645 (Tltren.
3314 590 3392 639 ιιι,
3414 574 3530 642 48).
3553 576 3758 629 Divisas

2180 665 2372 732 quippe
2404 680 2467 717 cx
2498 665 2665 718 oculis
2709 680 2870 733 aquas
2906 665 3246 728 deducimus,
3280 666 3491 733 quando
3524 667 3760 734 peccatis

2179 754 2398 825 singulis
2427 755 2728 824 dispertitas
2755 758 3016 826 lacrymas
3041 757 3252 811 damus.
3278 756 3459 824 Neque
3485 758 3628 810 enim
3650 758 3758 812 'un'o

2181 847 2470 914 cudi—mque
2495 855 2734 914 tempore
2754 862 2904 914 (eque
2928 861 3078 900 mens
3104 847 3173 902 de
3194 849 3442 901 omnibus
3465 847 3638 914 dolet;
3662 850 3756 903 sed

2181 939 2302 990 dum
2323 953 2459 992 nunc
2484 937 2659 1007 hujus,
2681 954 2818 992 nunc
2835 939 2975 992 illius
2988 938 3156 1005 culpa:
3181 941 3436 994 memoria
3458 943 3768 997 acriustan-

2179 1036 2337 1094 gitur,
2362 1029 2516 1080 simul
2533 1029 2598 1082 de
2622 1030 2935 1082 omnibusin
2952 1029 3172 1098 singulis
3188 1043 3452 1085 comm0ta
3481 1044 3756 1102 purgatur.

2247 1119 2354 1186 85
2394 1119 2724 1173 Admonendi
2774 1129 2919 1183 sunt,
2969 1131 3022 1173 ut
3063 1121 3130 1176 de
3183 1123 3546 1177 misericordia
3593 1141 3754 1194 quam

2181 1210 2466 1273 postulant,
2499 1219 2840 1276 praesumant,
2876 1225 2942 1263 ne
2982 1212 3031 1264 vi
3064 1213 3424 1266 immoderata
3453 1215 3760 1270 alllictinnis

2181 1296 2461 1351 intereant.
2494 1299 2674 1368 Neque
2703 1301 2847 1353 enim
2879 1301 2964 1370 pie
3008 1304 3256 1355 Dominus
3289 1312 3412 1358 ante
3447 1305 3761 1373 delinquen-

2182 1388 2310 1439 tium
2351 1388 2533 1441 oculos
2561 1389 2735 1442 ﬂenda
2763 1403 2975 1458 peccata
3009 1404 3323 1460 Opponeret,
3356 1395 3399 1447 si
3429 1411 3520 1463 per
3562 1407 3761 1450 semet-

2182 1477 2350 1546 ipsum
2375 1492 2434 1530 ea
2463 1477 2699 1534 districte
2723 1479 2880 1535 ferire
2907 1483 3178 1536 voluisset.
3198 1485 3416 1538 Constat
3445 1487 3584 1540 enim
3616 1489 3760 1555 quod

2182 1580 2211 1618 a
2255 1582 2350 1620 suo
2399 1567 2601 1635 judicio
2642 1571 2969 1626 abscondere
3027 1573 3212 1637 voluit,
3267 1588 3401 1641 quos
3456 1577 3763 1630 miserando

2181 1660 2512 1726 praeveniens
2566 1661 2913 1730 sibimetipsis
2962 1663 3173 1730 judices
3231 1664 3373 1718 fecit.
3426 1666 3560 1719 lliuc
3616 1671 3763 1721 enim

2180 1747 2430 1816 scriptum
2461 1758 2580 1802 est:
2615 1748 2992 1803 Prwveniamus
3022 1733 3202 1820 [deiem
3234 1753 3439 1806 Domini
3476 1756 3528 1806 in
3559 1758 3755 1825 confer

499 1850 702 1913 dinum,
751 1847 977 1915 qualitas
1024 1849 1314 1899 actionum.
1359 1845 1487 1910 Quis
1535 1843 1678 1896 enim
1729 1840 2076 1896 consideratis
2109 1837 2319 1917 Bsione
2368 1837 2540 1908 (l’sal.
2585 1855 2724 1904 χειν,
2758 1840 2834 1908 2).
2881 1839 3014 1895 llinc
3058 1857 3151 1909 per
3182 1842 3404 1896 Paulum
3435 1838 3666 1900 dicitur:
3699 1837 3764 1902 Si

499 1939 628 2006 ipsis
654 1952 831 1991 rerum
865 1935 1201 2005 imaginibus,
1231 1935 1434 1987 nesciat
1459 1932 1601 2001 quod
1634 1932 1685 1984 in
1717 1939 1903 1984 natura
1932 1945 2078 1998 gem-

503 2042 706 2080 marum
752 2025 1105 2080 carbunculus
1154 2021 1469 2093 praeferatur
1509 2018 1836 2091 hyacintho?
1867 2019 1969 2074 Sed
2003 2029 2080 2072 ta-

500 2134 623 2173 men
667 2118 878 2172 caerulei
922 2116 1119 2170 coloris
1171 2115 1490 2185 hyacinthus
1537 2111 1818 2181 praefertur
1862 2109 2078 2187 pallenti

501 2212 858 2274 carbunculo;
883 2211 1014 2279 quia
1043 2217 1098 2262 et
1125 2209 1200 2262 illi
1231 2208 1370 2276 quod
1403 2218 1603 2259 naturae
1632 2204 1763 2258 ordo
1793 2201 2077 2268 subtrahit,

498 2302 706 2368 species
754 2301 965 2354 decoris
1015 2298 1286 2368 adjungit;
1329 2308 1381 2352 et
1427 2297 1570 2350 hunc
1616 2311 1772 2364 quem
1823 2293 2079 2348 naturalis

501 2389 970 2458 ordo-prmtulerat
993 2428 1010 2457 ,
1036 2390 1233 2444 coloris
1261 2389 1489 2456 qualitas
1517 2385 1701 2441 findat.
1737 2386 1827 2440 Sic
1869 2399 1997 2454 ergo
2027 2385 2078 2439 in

502 2483 734 2535 humano
750 2497 950 2552 genere
979 2492 1031 2536 et
1060 2482 1272 2550 quidam
1309 2483 1360 2534 in
1395 2480 1599 2533 meliori
1630 2479 1818 2533 ordine
1847 2479 2077 2534 deterio-

497 2587 588 2628 res
632 2582 775 2640 sunt,
803 2583 857 2629 et
901 2573 1116 2643 quidam
1170 2574 1219 2625 in
1267 2572 1519 2630 deteriori
1570 2571 1839 2638 meliores,
1871 2571 1994 2639 quia
2022 2579 2080 2626 et

503 2666 593 2719 isti
627 2666 1080 2722 sortem'extremi
1110 2664 1320 2719 habitus
1367 2665 1500 2720 bene
1541 2664 1766 2721 vivendo
1800 2674 2077 2720 transcen-

498 2756 656 2822 dunt,
684 2767 737 2812 et
767 2757 840 2811 illi
871 2758 1164 2826 superioris
1211 2757 1313 2813 loci
1355 2758 1599 2812 meritum
1648 2758 1882 2814 moribus
1913 2756 1940 2796 δ
1971 2773 2078 2814 non

501 2845 842 2912 exsequendo
873 2845 1195 2899 diminuunt.

890 2956 1118 3011 CAPUT
1160 2954 1331 3010 XXIX
1363 2956 1466 3029 [AL
1500 2955 1684 3029 LIII].

498 3045 762 3112 Quomodo
801 3047 1108 3101 admouendi
1145 3049 1232 3117 qui
1279 3059 1481 3120 peccata
1527 3063 1738 3116 operum
1787 3050 1996 3120 lugent,
2028 3060 2079 3106 et

925 3120 1010 3187 qui
1053 3119 1216 3171 solum
1263 3119 1650 3188 cogitationum.

2179 1929 2513 1996 nosmetipsos
2559 1931 2994 1999 dijudicuremus,
3037 1949 3136 1985 non
3199 1937 3367 2002 utique
3407 1938 3765 2000 judicaremur

2182 2018 2231 2088 (1
2279 2019 2402 2073 Cor.
2436 2037 2509 2086 tu,
2538 2022 2648 2091 51).
2698 2023 3035 2092 Rursumque
3064 2026 3381 2081 admonendi
3429 2039 3568 2091 sunt,
3603 2040 3658 2085 ut
3686 2032 3766 2085 sic

2177 2109 2244 2164 de
2275 2125 2370 2180 spe
2402 2112 2646 2167 fiduciam
2678 2114 2933 2180 habeant,
2974 2131 3042 2171 ne
3091 2127 3267 2172 tamen
3311 2118 3518 2172 incauta
3559 2121 3768 2174 securi-

2180 2209 2284 2256 tate
2313 2211 2634 2272 torpescunt.
2664 2204 2983 2276 Plerumque
3004 2208 3144 2262 enim
3175 2209 3344 2263 hostis
3367 2211 3588 2266 callidus
3612 2227 3767 2266 men-

2180 2300 2284 2345 tem
2312 2308 2468 2361 quam
2497 2303 2714 2363 peccato
2743 2299 3070 2365 supplantat,
3100 2315 3219 2353 cum
3251 2299 3317 2356 de
3344 2303 3494 2356 ruina
3538 2318 3634 2356 sua
3677 2304 3763 2357 af—

2177 2379 2377 2434 llictam
2416 2380 2433 2419 ι
2466 2383 2700 2451 respicit,
2731 2386 3029 2441 securitatis
3065 2388 3334 2456 pestiferae
3367 2389 3639 2444 blanditiis
3671 2407 3764 2446 se-

2150 2471 2342 2537 .ducit.
2375 2473 2525 2538 Quod
2572 2475 2796 2541 ﬁgurate
2833 2477 3167 2544 exprimitur,
3220 2493 3338 2533 cum
3382 2481 3575 2534 factum
3611 2481 3767 2534 Dina:

2177 2572 2520 2617 memoratur.
2553 2563 2817 2631 Scriptum
2847 2568 3039 2635 quippe
3067 2577 3187 2622 est:
3245 2567 3465 2640 Egi-essu
3502 2580 3576 2624 est
3621 2570 3766 2623 Dina

2178 2663 2232 2705 ut
2249 2653 2436 2707 videret
2463 2654 2698 2709 mulieres
2725 2658 2944 2725 regionis
2983 2659 3122 2711 illius
3160 2675 3180 2724 ;
3224 2676 3376 2730 quam
3403 2677 3521 2714 cum
3551 2662 3766 2714 vidisset

2179 2741 2384 2797 Sic/ient
2409 2745 2546 2811 ﬁlius
2567 2744 2761 2799 He'mor
2787 2745 2983 2812 Hermi,
3015 2750 3247 2818 princeps
3274 2760 3419 2804 terra:
3439 2752 3601 2817 illius,
3636 2752 3767 2804 ada-

2178 2837 2331 2888 mavit
2381 2851 2511 2898 eam,
2545 2847 2592 2890 et
2622 2838 2816 2906 rapuit,
2846 2848 2890 2890 et
2923 2839 3158 2893 dormivit
3201 2857 3314 2893 cum
3357 2843 3470 2907 illa,
3519 2844 3565 2895 vi
3587 2845 3768 2910 appri-

2177 2941 2314 2979 mens
2340 2926 2615 2996 virginem;
2641 2938 2685 2981 et
2725 2927 3081 2998 conglutinata
3108 2941 3182 2984 est
3203 2933 3372 2984 anima
3398 2936 3507 3004 ejus
3536 2950 3651 2986 cum
3679 2951 3767 3000 ea,

2179 3018 2472 3086 tristemque
2525 3020 2786 3073 blanditiis
2841 3021 3067 3075 deliuivit
3119 3012 3345 3093 (Genes.
3379 3040 3559 3089 xxnv,
3609 3025 3767 3093 1-5).

2182 3105 2310 3159 Dina
2341 3108 2535 3176 quippe
2565 3119 2621 3161 ut
2651 3110 2902 3165 mulieres
2954 3112 3131 3167 videat
3183 3125 3452 3167 extraneae
3501 3115 3764 3184 regionis,

572 3209 891 3278 (Admonitio
918 3209 1034 3279 50.)
1057 3210 1225 3265 Aliter
1250 3211 1567 3265 admonendi
1592 3213 1826 3281 suntqui
1859 3221 2072 3280 peccata
2104 3215 2148 3278 α
2177 3196 2467 3264 egreditur.
2499 3199 2710 3267 quando
2738 3216 3066 3270 "nasumque
3098 3219 3248 3257 mens
3271 3221 3365 3259 sua
3395 3205 3563 3259 Studia
3590 3209 3768 3276 πιθεῖ-

499 3299 780 3367 deplorant
807 3314 1049 3369 operum,
1079 3310 1237 3371 atque
1260 3301 1414 3356 aliter
1434 3303 1523 3370 qui
1543 3303 1940 3371 cogitationum.
1967 3303 2073 3358 Ad-

501 3391 749 3445 monendi
777 3392 975 3461 quippe
1004 3402 1127 3446 sunt
1152 3393 1240 3460 qui
1272 3401 1484 3461 peccata
1515 3394 1792 3462 deplorant
1824 3408 2067 3462 Operum,

500 3491 558 3534 ut
587 3491 952 3534 consummata
995 3482 1129 3535 mala
1180 3484 1411 3550 perlecta
1457 3483 1663 3536 diluant
1703 3485 1931 3538 lamenta
1955 3525 1970 3551 ,
2007 3500 2073 3538 ne

495 3568 614 3637 plus
662 3573 1026 3638 astringantur
1071 3571 1123 3624 in
1166 3571 1346 3625 debito
1391 3573 1675 3640 perpetrati
1725 3575 1930 3640 operis,
1965 3584 1986 3611 ε
2019 3581 2074 3629 et

502 3661 677 3714 minus
706 3663 912 3715 solvant
935 3662 1142 3716 ﬂetibus
1168 3663 1562 3717 satisfactionis.
1586 3663 1855 3734 Scriptum
1879 3666 2072 3735 quippe

495 3760 579 3804 est
606 3768 619 3802 :
645 3751 833 3805 Potum
875 3751 1012 3804 dedit
1045 3753 1185 3806 nobis
1212 3753 1263 3805 in
1295 3753 1533 3823 lacrymis
1561 3756 1617 3808 in
1640 3772 1875 3810 mensura
1901 3757 2068 3827 (Psal.

482 3855 678 3905 "usu,
713 3840 800 3910 6);
834 3849 889 3893 ut
938 3841 1182 3897 videlicet
1229 3844 1643 3915 uniuscujusque
1691 3862 1840 3902 mens
1871 3858 2071 3904 tantum

495 3929 799 3997 paenitendo
828 3934 1250 3999 compunctionis
1272 3951 1382 3988 sua:
1413 3936 1558 3990 bibat
1591 3937 1872 4009 lacrymas,
1902 3956 2071 4011 quan-

497 4028 608 4072 tum
635 4032 692 4073 se
716 4037 744 4072 a
769 4021 876 4075 Deo
903 4024 1359 4081 meniinitaruisse
1382 4042 1472 4095 per
1502 4029 1709 4098 culpas.
1734 4031 2068 4089 Admonendi

494 4120 617 4162 sunt
647 4119 704 4164 ut
751 4110 1079 4167 incessanter
1118 4114 1351 4170 admissa
1400 4126 1520 4172 ante
1561 4121 1744 4175 oculos
1789 4123 2066 4191 reducant,

495 4208 654 4268 atque
685 4203 911 4257 vivendo
936 4214 1113 4272 agant,
1147 4216 1256 4259 uta
1288 4207 1528 4262 districto
1553 4210 1735 4277 judice
1766 4212 1930 4267 videri
1962 4228 2067 4268 non

493 4289 742 4344 debeant.
778 4292 927 4348 Unde
962 4295 1126 4348 David
1151 4293 1176 4331 ἀ
1210 4311 1329 4351 cum
1378 4305 1618 4365 peteret,
1647 4301 1866 4355 dicens:
1891 4301 2070 4357 Averte

495 4380 669 4434 oculos
696 4392 806 4436 tuos
833 4402 864 4436 α
892 4387 1111 4453 peccatis
1142 4388 1265 4440 meis
1297 4387 1465 4458 (Psal.
1501 4407 1553 4455 L,
1582 4388 1694 4462 11),
1731 4393 1885 4458 paulo
1910 4406 2067 4461 supe-

493 4471 602 4524 rius
649 4473 822 4528 intulit
848 4493 859 4528 :
889 4474 1144 4530 Delicium
1187 4495 1349 4532 meum
1379 4489 1402 4517 °
1433 4497 1602 4533 coram
1635 4497 1713 4535 me
1757 4493 1830 4536 est
1874 4501 2069 4552 semper

2178 3301 2330 3355 gens,
2382 3290 2622 3344 actiones
2648 3290 2853 3346 alienas
2890 3308 3106 3360 curans,
3157 3306 3305 3349 extra
3336 3297 3568 3351 habitum
3598 3308 3766 3367 atque

2177 3387 2326 3431 extra
2357 3379 2598 3435 ordinem
2624 3385 2895 3451 proprium
2922 3397 3158 3455 vagatur.
3190 3389 3354 3453 Quam
3379 3390 3590 3445 Sicliem
3619 3394 3778 3460 prin-

2179 3482 2308 3536 ceps
2350 3477 2507 3524 terra:
2537 3474 2812 3540 opprimit,
2846 3477 2966 3544 quia
2998 3477 3244 3532 videlicet
3274 3477 3543 3533 inventam
3577 3482 3630 3534 in
3662 3497 3765 3535 cu-

2177 3562 2250 3614 ris
2280 3563 2633 3616 exterioribus
2661 3564 2901 3620 diabolus
2948 3569 3262 3637 corrumpit.
3307 3568 3374 3621 Et
3405 3570 3766 3642 conglutinata

2174 3659 2246 3704 est
2268 3652 2438 3705 anima
2467 3656 2576 3724 ejus
2601 3670 2716 3707 cum
2745 3673 2801 3709 ea
2835 3655 3057 3727 (lbid.);
3116 3659 3234 3725 quia
3284 3662 3484 3713 unitam
3515 3662 3617 3714 sibi
3669 3679 3765 3730 per

2174 3741 2501 3811 iniquitatem
2533 3746 2764 3811 respicit.
2805 3747 2868 3801 Et
2896 3751 3013 3815 quia
3044 3764 3163 3802 cum
3195 3764 3341 3806 mens
3367 3764 3397 3803 a
3439 3752 3588 3818 culpa
3621 3752 3764 3804 resi-

2175 3832 2350 3900 piscit,
2385 3843 2409 3880 ε
2449 3835 2732 3904 addicitur,
2779 3847 2936 3907 atque
2983 3840 3267 3894 admissum
3317 3841 3445 3896 ﬂere
3490 3851 3762 3900 conatur:

2174 3934 2457 3992 οοιτυριοι·
2482 3936 2655 3979 autem
2683 3940 2805 3995 Spes
2835 3943 2897 3982 ac
2916 3930 3224 3984 securitates
3252 3945 3443 3985 vacuas
3474 3940 3596 3985 ante
3622 3947 3762 3987 οωο

2172 4011 2253 4066 los
2295 4023 2523 4078 revocat,
2555 4026 2812 4083 quatenus
2849 4020 3131 4073 utilitatem
3177 4022 3401 4075 tristitie
3446 4024 3758 4090 subtrahat,

2173 4113 2318 4160 recte
2350 4106 2454 4160 illic
2484 4107 2785 4176 adiungitur
2818 4128 2831 4165 :
2876 4109 3186 4182 Tristemque
3232 4113 3492 4168 blanditiis
3521 4116 3761 4192 delinivit

2173 4193 2387 4265 (Ibid.).
2423 4192 2578 4251 Modo
2599 4201 2739 4253 enim
2770 4199 2992 4254 aliorum
3026 4203 3157 4257 facta
3185 4205 3450 4272 graviora,
3483 4205 3644 4261 modo
3683 4209 3763 4265 nil

2173 4299 2297 4341 esse
2355 4289 2496 4356 quod
2567 4301 2925 4358 perpetratum
2983 4301 3086 4360 est,
3136 4295 3293 4349 modo
3354 4297 3763 4354 misericordem

2173 4379 2338 4436 Deum
2379 4382 2632 4450 loquitur,
2664 4384 2824 4440 modo
2867 4385 3042 4441 adhuc
3072 4396 3280 4457 tempus
3309 4390 3643 4458 subsequens
3686 4393 3762 4446 ad

2173 4473 2537 4541 pmnitentiam
2567 4475 2878 4544 pollicetur;
2937 4486 2997 4530 ut
3049 4477 3174 4530 dum
3225 4491 3318 4547 per
3370 4477 3482 4533 lie-c
3527 4480 3764 4549 decepta

493 4559 681 4630 (Ibid,
716 4563 794 4632 5),
844 4566 923 4621 Ac
945 4568 989 4621 si
1017 4569 1251 4624 dicere“
1280 4570 1557 4626 peccatum
1591 4588 1764 4627 meum
1796 4590 1862 4628 ηε
1893 4575 2063 4644 τεερί-
2096 4583 2146 4644 υ
2174 4579 2321 4618 mens
2350 4564 2576 4632 ducitur,
2604 4567 2672 4621 ab
2702 4567 2992 4623 intentione
3014 4570 3342 4638 poenitentia:
3368 4571 3760 4639 suspendatur;

492 4652 602 4704 cias
634 4655 866 4720 postulo,
890 4656 1010 4724 quia
1037 4657 1139 4712 hoc
1159 4661 1429 4727 respicere
1455 4661 1570 4730 ipse
1591 4677 1695 4716 non
1718 4677 1889 4719 cesso.
1918 4665 2066 4721 Unde

492 4749 666 4810 ctper
699 4746 1006 4814 prophetam
1034 4749 1288 4804 Dominus
1317 4750 1482 4805 dicit:
1509 4751 1577 4805 Et
1601 4764 1924 4823 peccatorum
1955 4767 2067 4812 tuo-

492 4845 607 4883 rum
638 4850 826 4888 memor
855 4853 955 4890 non
982 4853 1088 4900 ero,
1116 4847 1170 4891 tu
1191 4849 1358 4894 autem
1389 4858 1580 4896 memor
1607 4853 1709 4896 esto
1734 4842 1889 4915 (Isai.
1914 4861 2064 4914 xuu,

495 4921 585 4988 25,
615 4921 708 4986 26,
735 4941 834 4978 sec.
862 4925 1058 4996 LXX).
1091 4929 1423 4985 Admonendi
1451 4942 1576 4987 sunt
1605 4945 1659 4987 ut
1688 4935 1892 5004 singula
1920 4952 2057 5005 qua:-

491 5026 597 5078 que
623 5012 850 5069 adinissa
884 5018 1226 5073 considerent
1246 5059 1262 5085 ,
1297 5032 1351 5075 et
1380 5021 1503 5076 dum
1533 5037 1626 5088 per
1651 5026 2064 5094 unumquodque

490 5102 692 5156 erroris
720 5106 800 5157 sui
850 5105 1269 5175 inquinationem
1299 5109 1498 5164 deﬂent
1517 5152 1532 5178 ,
1563 5112 1721 5166 simul
1752 5129 1810 5168 se
1839 5129 1901 5168 ac
1929 5124 2067 5170 totos

492 5191 741 5260 lacrymis
771 5198 1042 5253 mundent.
1072 5200 1227 5255 Unde
1252 5200 1390 5256 bene
1415 5217 1509 5270 per
1536 5202 1818 5258 Jeremiam
1851 5206 2063 5274 dicitur,

566 5365 594 5422 ε
622 5356 792 5422 idem,
823 5360 1001 5412 merita
1030 5352 1280 5414 cordium.

562 5421 591 5462 δ
624 5421 945 5499 ldeniCod.,
979 5447 1078 5483 non
1106 5433 1372 5499 sequendo.

566 5504 587 5561 ε
622 5493 808 5561 Laud.,
839 5499 882 5548 si
911 5500 1077 5552 minus
1106 5493 1236 5556 salu.

562 5560 589 5598 ἀ
619 5560 804 5646 ρῳ..
819 5566 1076 5646 _(_Jarnot_._,
1111 5571 1277 5636 Delv.,
1311 5589 1424 5624 cum
1467 5575 1745 5643 paeniteret.
1779 5575 2061 5646 Sequimur

489 5646 611 5687 cum
638 5634 793 5689 editis
818 5637 994 5704 Trec.,
1028 5639 1232 5705 Norm.,
1259 5634 1361 5696 etc.

566 5713 590 5740 °
617 5705 794 5772 C0rb.,
822 5718 998 5762 contra
1028 5725 1125 5764 nte.

567 5775 586 5812 ί
628 5775 778 5830 Belv.
798 5819 814 5842 ,
845 5781 1004 5836 Corb.
1034 5792 1085 5834 et
1106 5780 1312 5844 primus
1341 5780 1579 5847 Caruot.,
1603 5787 1811 5851 reperit.

2167 4662 2428 4723 quatenus
2455 4665 2577 4710 tunc
2602 4659 2736 4712 bona
2767 4657 2910 4712 nulla
2940 4659 3213 4728 percipiat,
3247 4675 3403 4729 quam
3433 4676 3572 4715 nunc
3600 4664 3754 4716 mala

2167 4747 2312 4801 nulla
2332 4746 2676 4802 contristant:
2705 4758 2760 4804 et
2784 4757 2907 4804 tunc
2934 4751 3143 4819 plenius
3167 4752 3421 4808 obruatur
3442 4754 3758 4824 suppliciis,

2168 4853 2286 4908 qua:
2317 4855 2458 4895 nunc
2482 4841 2641 4895 etiam
2674 4840 2702 4878 ιι
2721 4842 2928 4912 gaudet
2946 4843 3004 4898 in
3026 4843 3252 4901 delictis.

2243 4933 2312 4986 At
2339 4941 2522 4986 contra
2555 4933 2877 4988 admonendi
2931 4939 3175 5006 suntqui
3213 4946 3424 5006 peccata
3473 4939 3766 5008 cogitatio-

2171 5040 2295 5080 num
2323 5025 2542 5092 dellent,
2570 5033 2629 5080 ut
2655 5027 2884 5082 sollicite
2911 5029 3250 5085 considerent
3279 5031 3413 5084 intra
3444 5034 3638 5085 mentis
3669 5048 3764 5086 ar-

2168 5130 2299 5171 cana
2328 5126 2504 5171 utrum
2533 5116 2890 5174 delectatione
2919 5121 3305 5184 tantummodo,
3336 5135 3403 5173 an
3430 5123 3590 5175 etiam
3621 5137 3763 5175 con-

2167 5222 2328 5263 sensu
2375 5209 2715 5278 deliquerint.
2768 5210 3087 5280 Plerumque
3128 5213 3271 5266 enim
3308 5210 3324 5247 ί
3361 5219 3591 5264 tentatur
3629 5227 3763 5278 cor,

2248 5377 2273 5414 8
2316 5369 2550 5438 Vulgati,
2602 5385 2730 5425 mss.
2785 5375 3236 5438 contradicentes,
3293 5375 3361 5428 ad
3416 5392 3468 5429 se
3521 5378 3757 5434 ducitur.

2180 5437 2478 5515 [familiaris
2530 5447 2823 5515 estnostra
2869 5443 3125 5512 Gregorio
3154 5437 3253 5498 vos
3306 5447 3424 5506 ista,
3471 5448 3760 5515 addicitur,

2175 5506 2245 5561 de
2272 5524 2371 5577 qua
2393 5509 2503 5577 jam
2536 5510 2627 5564 lib.
2659 5525 2700 5565 ιι
2738 5512 2946 5580 Moral.,
2979 5506 3139 5567 'num.
3172 5515 3258 5568 15.
3304 5515 3430 5570 Vide
3461 5520 3620 5571 etiam
3656 5506 3756 5573 lib:

2172 5591 2255 5650 Ix,
2276 5593 2422 5650 num.
2460 5580 2550 5647 5'2,
2576 5589 2631 5634 et
2661 5582 2749 5635 lib.
2779 5599 2910 5650 χιιι,
2938 5599 3082 5638 num.
3110 5583 3200 5648 22,
3231 5585 3318 5637 25.

2244 5647 2270 5722 ξι
2314 5649 2536 5722 Deliam,
2571 5652 2738 5722 prima
2766 5647 2948 5718 manu,
2976 5656 3162 5722 gaudet
3199 5655 3252 5706 in
3275 5654 3491 5709 deliciis.

2253 5717 2269 5756 ί
2315 5717 2386 5773 Ita
2421 5717 2586 5786 Mss,
2600 5720 2702 5786 vel,
2735 5717 2994 5776 tentatum
3021 5738 3124 5778 cor.
3157 5723 3211 5779 In
3245 5725 3530 5794 Gussanv.,
3559 5735 3761 5781 tentata

2172 5804 2277 5842 εον.
