3968 6326
247 351 340 409 109
1080 361 1382 420 κΕϐυῐιΑΞ
1425 364 1829 424 PASTORALIE

1938 356 2111 422 lBER.
2157 398 2224 408 -
2263 369 2438 426 PARS
2477 369 2746 426 TERTIA.

3426 373 3527 432 Ηυ

245 489 288 531 et
317 490 381 529 ex
426 474 617 530 carnis
680 479 924 546 nequitia
976 479 1292 545 delectatur,
1349 493 1400 537 et
1433 492 1606 539 tamen
1663 485 1833 539 eidem
1865 493 1914 550 Α
1941 493 2084 550 runt,
2119 499 2216 540 nec
2245 496 2418 540 tamen
2451 487 2722 556 plangunt.
2755 485 3086 541 Admonentli
3114 496 3236 542 sunt
3259 490 3397 544 enim
3426 485 3514 560 qui

245 566 488 635 nequitia:
521 581 592 620 ex
622 573 839 625 ratione
870 572 1136 636 renititur,
1171 583 1228 626 ut
1257 574 1307 626 in
1333 587 1539 628 secreto
1566 576 1837 642 cogitatio-

248 659 321 712 nis
347 668 399 712 et
421 661 719 714 contristet
750 663 892 729 quod
927 665 1071 726 libet,
1101 674 1154 719 et
1175 665 1336 720 libeat
1364 667 1502 734 quod
1533 669 1832 723 centristat.

251 751 633 821 Nonnunquam
671 769 801 809 vero
834 758 904 810 ita
955 773 1103 812 mens
1140 759 1354 812 baratro
1401 762 1712 816 tentationis
1753 763 1838 815 ab-

254 843 503 906 sorbetur,
536 853 597 896 ut
629 845 940 900 nullatenus
990 850 1266 911 renitatur,
1319 850 1414 904 sed
1467 865 1532 904 ex
1575 852 1838 906 delibera-

253 936 387 989 tione
415 937 660 1004 sequitur
695 937 822 1004 ltoc,
856 939 999 994 unde
1041 955 1105 993 ex
1160 939 1514 996 delectatione
1563 943 1830 1010 pulsatur;

255 1033 305 1078 et
333 1024 378 1078 si
402 1025 623 1080 facultas
652 1029 896 1082 exterior
924 1044 1038 1098 sup;
1061 1038 1192 1098 etat,
1216 1043 1391 1086 rerum
1417 1045 1537 1085 mox
1561 1033 1835 1088 eﬂ‘eelibus

256 1116 504 1172 interiora
535 1128 649 1171 vota
680 1131 1041 1174 consummat.
1089 1123 1239 1186 Quod
1300 1123 1548 1179 videlicet
1598 1127 1642 1178 si
1690 1125 1833 1192 justa

257 1210 641 1264 animadversio
660 1210 894 1267 districti
925 1211 1121 1281 judicis
1150 1215 1388 1283 respicit,
1443 1231 1546 1270 non
1599 1226 1682 1272 est
1724 1219 1831 1287 jam

255 1301 585 1368 cogitationis
616 1304 796 1371 culpa,
827 1304 919 1358 sed
951 1305 1157 1372 operis;
1190 1307 1312 1376 quia
1339 1317 1436 1361 etsn
1461 1323 1637 1362 rerum
1672 1311 1834 1363 tardi-

255 1401 330 1444 tas
359 1391 502 1445 foras
549 1402 827 1460 peccatum
857 1393 1078 1460 distulit,
1125 1395 1269 1452 intus
1320 1397 1420 1452 lioc
1467 1399 1832 1454 consensionis

255 1497 408 1549 opere
439 1482 688 1536 voluntas
718 1483 976 1552 implevit.

316 1571 371 1625 ln
401 1574 575 1640 primo
599 1584 778 1629 autem
813 1583 1032 1643 parente
1064 1576 1346 1631 didicimus
1371 1579 1493 1648 quia
1523 1579 1690 1636 tribus
1718 1594 1832 1634 mo-

256 1662 330 1716 dis
353 1663 528 1717 omnis
559 1665 734 1732 culpa
762 1666 1050 1735 nequitiam
1077 1677 1461 1736 perpetramus,
1494 1671 1831 1741 suggestione

257 1755 475 1819 scilicet,
519 1755 879 1811 delectatione
913 1767 965 1812 et
1001 1765 1280 1812 conSensu.
1311 1760 1424 1831 86
1455 1760 1686 1815 Primum
1725 1761 1828 1815 ita-

1942 579 2170 633 admissa
2204 580 2482 650 plangunt,
2515 595 2610 634 nec
2642 573 2816 633 tamen
2865 581 3138 644 deserunt,
3171 590 3226 633 ut
3268 583 3517 637 conside-

1941 684 2060 724 rare
2091 671 2317 726 sollicite
2346 672 2517 726 sciant
2552 673 2673 740 quia
2702 671 2878 726 ﬂendo
2901 673 3128 726 inaniter
3155 689 3212 726 sc
3236 676 3514 739 mttttdattt,

1939 760 2026 826 qui
2050 759 2275 813 vivendo
2302 774 2360 815 se
2389 761 2631 829 nequiter
2655 761 2950 830 inquinant,
2983 777 3102 815 cum
3130 758 3326 815 idcirco
3353 777 3409 816 se
3442 764 3520 816 la-

1940 848 2135 917 erymis
2167 850 2360 916 lavant,
2406 858 2464 903 ut
2520 852 2701 903 mundi
2747 851 2811 903 ad
2856 855 3042 904 sordes
3089 848 3324 904 redeant.
3382 851 3518 904 llinc

1939 940 2078 991 enim
2111 939 2366 1008 scriptum
2391 947 2472 993 est
2504 958 2515 993 :
2549 939 2700 994 Canis
2727 957 2950 993 reversus
2978 943 3044 992 ad
3068 958 3212 992 suum
3250 942 3515 1006 vomitum,

1938 1039 1984 1082 et
2007 1046 2092 1081 sus
2121 1031 2224 1082 lota
2249 1029 2302 1083 in
2329 1030 2593 1083 volutabra
2626 1029 2722 1084 luti
2751 1030 2933 1100 (Prov.
2966 1047 3109 1094 xxw,
3151 1033 3243 1089 li;
3279 1029 3341 1083 11
3373 1030 3517 1087 Petr.

1938 1134 1996 1183 tt,
2024 1119 2140 1187 Ἡ).
2180 1123 2338 1174 Canis
2367 1123 2559 1190 quippe
2589 1136 2709 1175 cum
2740 1121 2922 1186 vomit,
2958 1123 3198 1190 profecto
3222 1123 3399 1176 cibum
3427 1124 3519 1190 qui

1938 1219 2120 1277 pectus
2148 1210 2499 1278 deprimebat,
2551 1213 2793 1280 proiicit;
2850 1212 2941 1266 sed
2982 1228 3100 1266 cum
3149 1208 3214 1265 ad
3261 1214 3516 1266 vomitum

1938 1301 2241 1370 revertitur,
2288 1297 2428 1356 unde
2477 1304 2738 1372 levigatus
2786 1304 2977 1367 fuerat,
3029 1319 3211 1358 rursus
3241 1307 3514 1359 oneratur.

1937 1391 1999 1442 Et
2022 1391 2110 1459 qui
2136 1391 2365 1446 admissa
2398 1393 2677 1464 plangunt,
2712 1393 2949 1463 profecto
2978 1397 3286 1467 nequitiam,
3322 1398 3386 1450 de
3413 1410 3516 1465 qua

1935 1483 2071 1536 male
2097 1483 2272 1537 satiati
2320 1483 2546 1547 fuerant,
2578 1494 2633 1539 et
2663 1501 2779 1555 qua:
2811 1483 3004 1541 mentis
3037 1489 3221 1542 intima
3249 1487 3519 1557 deprime~

1933 1574 2044 1642 bat,
2077 1576 2378 1632 confitendo
2412 1578 2718 1646 projiciunt,
2753 1595 2909 1648 quam
2959 1590 3079 1649 post
3122 1581 3514 1636 confessionem

1932 1665 2057 1719 dum
2091 1676 2359 1736 repetunt,
2391 1655 2684 1722 resumunt.
2722 1670 2824 1724 Sus
2865 1685 2995 1724 vero
3026 1671 3078 1725 in
3115 1673 3394 1727 volutab‘ro
3420 1673 3518 1726 luti

1933 1768 2052 1811 cum
2079 1758 2302 1824 lavatur,
2327 1760 2596 1814 sordidior
2618 1760 2878 1815 redditur.
2902 1763 2967 1815 Et
2993 1764 3080 1831 qui
3103 1763 3333 1817 admissa
3369 1763 3517 1833 plan-

256 1862 350 1914 que
377 1861 472 1914 per
500 1847 733 1912 hostem,
757 1850 1047 1904 secundum
1069 1865 1194 1905 vero
1220 1865 1318 1919 per
1343 1868 1579 1918 carnem,
1614 1857 1826 1909 tertium
1859 1860 1906 1920 Β
1930 1850 2027 1919 git,
2051 1851 2340 1905 nec'tamen
2357 1851 2576 1918 deserit,
2595 1867 2765 1922 ptencc
2787 1864 2807 1887 ε’
2825 1853 3084 1923 gravioris
3109 1856 3281 1924 eulpae
3305 1872 3364 1911 se
3387 1855 3514 1911 sub-

255 1950 346 2004 per
373 1938 625 2005 spiritum
677 1949 1032 2009 perpetratur.
1083 1941 1365 1997 lnsidiator
1411 1945 1553 1999 enim
1601 1954 1626 1982 ι
1673 1962 1832 2014 prava

253 2031 508 2098 suggerit,
552 2045 674 2085 caro
702 2047 759 2087 se
787 2033 1131 2088 delectationi
1177 2036 1415 2104 subjicit,
1447 2048 1607 2108 atque
1649 2039 1712 2091 ad
1741 2054 1835 2092 ex-

253 2129 489 2176 tremum
518 2123 732 2191 spiritus
769 2124 941 2180 victus
969 2125 1318 2181 delectatione
1358 2129 1644 2183 consentit.
1683 2127 1834 2185 Unde

253 2208 278 2248 δ
305 2220 357 2264 et
387 2211 481 2268 ille
531 2226 756 2281 serpens
789 2230 949 2283 prava
990 2218 1270 2286 suggessit,
1322 2218 1432 2272 Eva
1475 2230 1651 2273 autem
1682 2223 1830 2288 quasi

253 2315 377 2355 caro
406 2317 467 2356 se
494 2301 833 2358 delectationi
861 2306 1118 2374 subdidit,
1148 2308 1317 2361 Adam
1351 2324 1478 2363 vero
1501 2309 1647 2364 velut
1673 2311 1833 2378 spiri-

254 2403 339 2449 tus
385 2396 726 2465 suggestione
769 2403 831 2452 ac
877 2398 1232 2455 delectatione
1261 2411 1546 2470 superatus
1576 2403 1829 2458 assensit.

253 2486 600 2557 Suggestione
646 2490 1149 2559 itaque'peccatum
1194 2495 1549 2562 agnoscimus,
1591 2495 1829 2549 delecta-

257 2579 397 2633 tione
425 2580 713 2645 vincimur,
748 2591 1011 2636 consensu
1032 2585 1192 2638 etiam
1226 2587 1470 2652 ligamur.
1493 2586 1832 2640 Admonendi

254 2680 376 2725 sunt
405 2671 565 2741 igitur
590 2675 680 2741 qui
711 2673 973 2744 nequitias
993 2677 1332 2746 cogitationis
1353 2678 1569 2745 deflent,
1601 2689 1658 2734 ut
1685 2681 1832 2735 solli~

253 2759 350 2815 cite
376 2762 722 2817 considerent
746 2763 796 2817 in
825 2779 925 2832 qua
955 2767 1156 2831 peccati
1199 2782 1443 2822 mensura
1491 2769 1824 2835 ceciderunt,

253 2861 506 2917 quatenus
527 2853 681 2920 juxta
707 2855 874 2908 ruina:
908 2856 1119 2909 modum
1149 2873 1304 2926 quam
1335 2861 1386 2912 in
1419 2861 1721 2929 semetipsis
1751 2863 1831 2915 in-

253 2950 448 2995 trorsus
475 2944 743 3009 sentiunt,
771 2945 931 2999 etiam
980 2962 1225 3002 mensura
1275 2949 1668 3006 lamentationis
1718 2953 1831 3008 eri-

253 3041 452 3100 gantur,
487 3049 558 3087 ne
583 3033 630 3087 si
659 3036 884 3102 cogitata
919 3038 1054 3090 mala
1079 3039 1252 3093 minus
1279 3043 1535 3108 cruciant,
1570 3059 1735 3111 usque
1764 3045 1828 3098 ad

253 3125 599 3190 perpetranda
627 3139 787 3193 opera
820 3127 1133 3194 perducant.
1170 3127 1278 3182 Sed
1316 3129 1452 3184 inter
1474 3130 1586 3185 haec
1616 3132 1687 3185 ita
1719 3143 1826 3186 ter-

1931 1942 2050 2010 jicit
2076 1943 2296 2013 (Eadem
2326 1945 2472 2008 dish,
2504 1962 2550 1998 ε.
2579 1944 2666 2009 14,
2720 1945 2819 2011 Qui
2846 1947 3070 1999 admissa
3110 1947 3363 2016 plangit);
3395 1949 3515 2016 quia

1935 2041 1990 2086 et
2018 2033 2182 2101 ipsam
2210 2050 2366 2104 quam
2399 2035 2574 2089 ﬂendo
2610 2037 2785 2104 potuit
2816 2037 3103 2105 impetrare
3130 2040 3338 2091 veniam
3386 2053 3513 2090 coni

1944 2126 2150 2186 temnit,
2183 2135 2235 2178 et
2267 2127 2414 2192 quasi
2458 2125 2508 2178 in
2562 2120 2729 2178 lutosa
2774 2141 2909 2194 aqua
2953 2123 3296 2196 semetipsum
3331 2125 3514 2192 volvit,

1933 2211 2053 2278 quia
2085 2213 2209 2266 dum
2258 2213 2468 2266 ﬂetibus
2519 2215 2629 2268 suis
2680 2215 2801 2268 vitae
2848 2208 3160 2269 munditiam
3223 2218 3513 2277 subtrahit,

1933 2313 2055 2358 ante
2090 2305 2177 2359 Dei
2208 2305 2388 2359 oculos
2417 2307 2660 2361 sordidas
2691 2310 2830 2375 ipsas
2858 2311 3016 2362 etiam
3067 2309 3327 2380 lacrymas
3360 2309 3510 2382 facit.

1934 2392 2066 2445 Hinc
2095 2409 2302 2448 rursum
2342 2396 2598 2464 scriptum
2632 2406 2750 2450 est;
2789 2395 2869 2450 Ne
2905 2399 3054 2473 iteres
3083 2404 3284 2454 verbum
3312 2401 3362 2454 in
3395 2419 3513 2457 ora-

1935 2484 2070 2535 tione
2103 2494 2191 2536 tua
2222 2484 2405 2553 (Eccli.
2438 2501 2530 2553 vn,
2586 2485 2693 2555 15).
2749 2488 2856 2557 87
2913 2489 3142 2543 Verbum
3194 2507 3420 2560 namque
3467 2495 3514 2549 in

1933 2576 2178 2632 oratione
2224 2579 2439 2643 iterare,
2487 2587 2568 2633 est
2617 2589 2736 2646 post
2796 2581 2972 2633 ﬂetum
3012 2582 3344 2636 committere
3376 2580 3514 2649 quod

1933 2681 2144 2721 rursum
2190 2683 2412 2723 necesse
2458 2669 2526 2722 sit
2574 2667 2722 2724 ﬂere.
2759 2669 2888 2724 Hinc
2920 2686 3015 2740 per
3066 2665 3251 2725 Isaiam
3283 2670 3514 2726 dicitur:

1936 2757 2199 2812 ιρι-σηιξηὶ
2243 2760 2395 2832 (Isai.
2427 2776 2462 2825 t,
2500 2761 2607 2829 16),
2655 2762 2832 2814 mundi
2861 2772 3015 2816 estote
3049 2748 3265 2831 (Eadem
3295 2765 3439 2831 dist.,
3465 2782 3513 2818 ε.

1937 2849 2022 2911 15,
2055 2849 2366 2920 Lavamini).
2394 2851 2518 2905 Post
2553 2851 2822 2906 lavacrum
2855 2851 2994 2907 enim
3022 2855 3247 2908 mundus
3275 2869 3395 2910 esse
3425 2869 3514 2910 ue-

1931 2939 2100 3008 gligit,
2128 2941 2369 3012 quisquis
2401 2950 2524 3012 post
2551 2942 2815 3013 lacrymas
2856 2943 2971 2996 iitze
3017 2939 3374 2998 innocentiam
3408 2957 3513 3000 non

1932 3031 2178 3084 custodit.
2212 3033 2277 3084 Et
2303 3031 2548 3085 lavantur
2570 3047 2697 3101 ergo
2718 3041 2772 3086 et
2803 3047 3131 3103 nequaquam
3159 3034 3339 3087 mundi
3368 3043 3513 3102 sunt,

1932 3123 2021 3191 qui
2046 3124 2331 3177 commissa
2364 3123 2493 3178 ﬂere
2518 3139 2623 3177 non
2652 3123 2930 3191 desinunt,
2984 3125 3076 3178 sed
3111 3139 3292 3179 rursus
3340 3125 3513 3184 ﬂenda

250 3217 400 3269 Γρηάὶ
426 3227 569 3280 sum,
598 3227 656 3271 ιιι
688 3229 863 3272 tamen
901 3220 1119 3274 minime
1141 3219 1473 3290 frangantur,
1504 3222 1658 3290 Smpe
1684 3225 1825 3278 enim
1932 3213 2288 3267 committunt.
2325 3214 2457 3266 llinc
2489 3229 2582 3282 per
2635 3215 2916 3282 quemdam
2948 3216 3241 3282 sapientem
3272 3217 3464 3270 dicitur
3498 3235 3512 3270 ε

249 3307 558 3360 misericors
589 3307 724 3361 Deus
753 3323 818 3362 eo
848 3310 1006 3363 citius
1038 3319 1251 3378 peccata
1281 3311 1458 3366 cordis
1495 3312 1683 3376 abluit,
1720 3325 1826 3380 quo

247 3396 362 3450 haec
399 3399 552 3452 exire
577 3399 640 3450 ad
669 3414 833 3466 opera
877 3415 982 3454 non
1033 3402 1320 3468 permittit;
1366 3410 1422 3456 et
1467 3404 1692 3470 cogitata
1737 3419 1829 3457 ne-

245 3491 412 3558 quitia
461 3492 671 3560 quando
722 3493 881 3546 citius
938 3493 1177 3559 solvitur,
1230 3495 1352 3564 quia
1407 3494 1600 3550 ell'cctu
1649 3496 1828 3566 operis

245 3581 537 3635 districtius
567 3597 670 3636 non
712 3585 924 3650 ligatur.
978 3580 1128 3639 Unde
1175 3595 1320 3639 recte
1352 3600 1445 3654 per
1486 3585 1825 3641 Psalmistam

247 3671 486 3726 dicitur:
547 3672 690 3738 Dixi,
737 3675 1075 3742 pronuntiabo
1126 3676 1393 3729 adversum
1441 3693 1518 3730 me
1547 3679 1828 3747 injustitias

248 3781 380 3816 meas
413 3764 649 3832 Domino,
696 3775 742 3819 et
774 3777 828 3818 tu
881 3768 1117 3821 remisisti
1161 3769 1469 3837 impietatem
1517 3775 1686 3824 cordis
1732 3786 1827 3824 met

246 3853 358 3920 (Ps.
394 3871 543 3918 aut,
574 3855 654 3923 5).
682 3858 780 3922 Qui
822 3858 963 3911 enim
991 3858 1314 3927 impietatem
1365 3860 1542 3913 cordis
1569 3861 1824 3926 subdidit,

244 3950 360 4017 quia
394 3951 778 4019 cogitationum
803 3951 1092 4020 ittjustitias
1121 3953 1464 4022 pronuntiare
1498 3953 1657 4008 vellet
1688 3953 1828 4007 indi-

243 4041 398 4094 cavit.
439 4042 683 4110 Dumque
709 4043 824 4096 ait:
887 4043 1028 4109 Dixi,
1077 4045 1436 4112 pronuntiabo,
1488 4054 1644 4114 atque
1687 4046 1828 4100 illico

243 4130 504 4198 adjunxit,
547 4129 614 4182 Et
644 4140 699 4183 tu
726 4133 998 4197 renisisti,’
1027 4148 1182 4201 quam
1215 4135 1285 4188 sit
1320 4149 1481 4205 super
1514 4139 1626 4189 hanc
1660 4135 1828 4190 facilis

243 4220 391 4272 venia
423 4220 681 4273 ostendit.
723 4221 820 4287 Qui
865 4222 990 4275 dum
1019 4238 1076 4276 se
1105 4224 1276 4278 adhuc
1323 4235 1502 4292 petere
1549 4228 1826 4295 promittit,

243 4308 343 4362 hoc
371 4320 391 4347 ε
425 4311 576 4379 quod
611 4322 788 4377 petere
810 4327 867 4366 se
891 4313 1248 4380 promittebat,
1291 4317 1546 4381 obtinuit;
1571 4327 1829 4386 quatenus

243 4399 359 4465 quia
389 4414 564 4466 usque
592 4402 656 4453 ad
680 4415 811 4469 opus
834 4417 937 4455 non
962 4413 1172 4457 venerat
1212 4404 1387 4473 culpa,
1421 4419 1589 4476 usque
1619 4406 1684 4460 ad
1716 4423 1831 4461 cru-

244 4490 435 4543 ciatum
461 4505 568 4544 non
595 4492 1241 4561 perveniretptenitentia,
1280 4497 1376 4550 sed
1425 4501 1650 4566 regitata
1693 4498 1828 4552 afﬂi-

1939 3301 1957 3340 ί
1988 3303 2086 3370 Qui
2116 3305 2406 3371 baptizatur
2425 3322 2455 3356 a
2481 3313 2705 3368 mortuo,
2726 3313 2772 3358 et
2794 3307 2976 3357 iterum
3001 3307 3159 3374 tangit
3185 3305 3352 3370 illum,
3385 3309 3510 3374 quid

1931 3397 2132 3467 proﬁcit
2159 3397 2345 3450 lavatio
2391 3400 2500 3469 ejus
2556 3393 2742 3465 (Eccli.
2799 3411 2978 3464 xxstv,
3033 3397 3159 3465 50)?
3208 3398 3510 3466 Baptizatur

1931 3489 2127 3556 quippe
2175 3504 2204 3542 a
2249 3501 2462 3542 mortuo
2510 3487 2731 3560 (Eadem
2782 3489 2925 3552 dist.,
2968 3504 3014 3541 ε.
3053 3488 3137 3551 lii,
3173 3487 3514 3559 Baptizatur),

1930 3579 2020 3649 qui
2043 3582 2329 3635 mundatur
2359 3581 2569 3636 ﬂetibus
2597 3596 2624 3633 a
2655 3591 2901 3649 peccato;
2945 3579 3042 3635 sed
3096 3592 3214 3649 post
3254 3581 3514 3650 baptisma

1930 3681 2195 3726 mortuum
2227 3673 2412 3741 tangit,
2446 3671 2534 3740 qui
2563 3672 2775 3740 culpam
2809 3679 2927 3739 post
2958 3672 3221 3743 lacrymas
3253 3675 3470 3742 repetit.

2005 3763 2340 3818 Admoneudi
2392 3772 2516 3817 sunt
2557 3763 2647 3832 qui
2701 3763 2931 3816 admissa
2981 3764 3253 3831 plangunt,
3309 3779 3405 3816 nec
3442 3771 3514 3815 ta.
3607 3817 3610 3820 ,

1932 3870 2055 3909 men
2083 3856 2355 3921 deserunt,
2395 3864 2451 3908 ut
2477 3865 2601 3908 ante
2647 3854 2874 3906 districti
2901 3853 3093 3920 judicis
3136 3855 3319 3907 oculos
3350 3856 3428 3908 eis
3457 3870 3512 3907 se

1931 3961 2050 4003 esse
2080 3947 2282 4001 similes
2310 3955 2622 4016 agnoscant,
2653 3947 2740 4014 qui
2769 3947 3042 4000 venientes
3073 3945 3137 3999 ad
3169 3947 3355 4000 faciem
3387 3962 3512 4014 quo-

1931 4038 2174 4091 rumdam
2231 4039 2529 4102 hominum,
2585 4051 2772 4108 magna
2829 4037 2907 4092 eis
2956 4037 3307 4092 submissione
3359 4038 3512 4091 blan-

1933 4131 2186 4194 diuntur;
2243 4131 2556 4186 recedentes
2604 4141 2804 4194 autem,
2856 4127 3165 4183 inimicitias
3219 4145 3279 4181 ac
3320 4131 3509 4184 damna

1932 4239 2049 4290 quae
2080 4223 2253 4276 Valent
2284 4224 2536 4278 atrociter
2566 4222 2817 4277 inferunt.
2854 4222 2988 4286 Quid
3016 4231 3099 4275 est
3139 4222 3275 4274 enim
3303 4224 3423 4290 culp
3444 4239 3508 4274 .tn

1934 4314 2080 4377 ﬂere,
2106 4315 2204 4368 nisi
2232 4315 2581 4369 humilitatem
2616 4315 2722 4367 Deo
2747 4328 2857 4368 suae
2878 4313 3177 4366 devotionis
3198 4314 3509 4367 ostendere?

1933 4404 1998 4456 Et
2021 4403 2142 4472 quid
2175 4413 2256 4458 est
2279 4412 2398 4472 post
2426 4403 2603 4457 ﬂetum
2628 4417 2783 4468 prava
2809 4416 2988 4469 agere,
3032 4401 3133 4453 nisi
3167 4402 3424 4469 superbas
3455 4403 3504 4452 in

1932 4509 2052 4549 eum
2081 4510 2236 4563 quem
2269 4502 2567 4564 rogaverat,
2611 4493 2914 4546 inimicitias
2970 4491 3259 4545 exercere?
3309 4491 3507 4543 Jacobn

245 4582 345 4632 ctio
390 4590 628 4635 mentem
671 4591 931 4650 tergeret,
967 4597 1124 4653 quam
1165 4587 1413 4642 nimirum
1456 4589 1822 4646 tantummodo
1853 4600 1903 4662 ι)
1935 4595 2226 4642 alleslanle
2257 4588 2344 4657 qui
2401 4589 2510 4642 ait!
2569 4586 2870 4653 Οκίεαηφιε
2920 4583 3136 4635 υοίυθνίε
3177 4582 3371 4633 “mm”
3405 4597 3508 4632 ⁸³⁸⁵⁸

245 4668 270 4706 ⁸
293 4674 525 4742 cogitata
557 4673 808 4742 iniquitas
838 4676 1182 4746 inquinasset.

645 4786 871 4843 CAPUT
909 4783 1056 4843 XXX
1097 4789 1204 4861 [ΑΙ.
1249 4789 1422 4861 LIV].

250 4875 516 4951 Quomodo
544 4878 857 4951 admouendi
883 4880 971 4948 qui
1010 4897 1040 4932 a
1069 4883 1286 4946 peccatis
1319 4899 1431 4950 qua:
1463 4878 1673 4951 deﬂent,
1724 4901 1825 4940 non

383 4948 670 5013 abstinent;
701 4960 744 5001 et
773 4950 860 5017 qui
892 4965 1005 5002 cum
1029 4948 1337 5015 abstineant,
1368 4969 1466 5005 non
1488 4948 1696 5024 deﬂent.

314 5036 635 5106 (Admonitio
681 5035 795 5105 5|.)
824 5039 996 5092 Aliter
1037 5041 1356 5095 admonendi
1413 5053 1538 5096 sunt
1591 5045 1678 5112 qui
1728 5045 1824 5100 ad-

242 5129 402 5182 missa
429 5131 686 5199 plangunt
740 5129 840 5199 (De
887 5147 1042 5198 pom,
1096 5133 1218 5185 dist.
1249 5134 1303 5198 3,
1338 5150 1386 5186 c.
1439 5135 1539 5199 Qui
1592 5137 1820 5190 admissa

243 5220 540 5292 plangunt),
561 5235 659 5276 nec
675 5230 849 5276 tamen
873 5221 1157 5289 deserunt;
1181 5235 1341 5294 atque
1369 5225 1524 5280 aliter
1550 5226 1638 5296 qui
1662 5228 1822 5284 dese-

310 5453 338 5515 f
375 5443 596 5498 Carnot.
628 5445 847 5511 primus,
874 5459 988 5495 cum
1025 5459 1180 5512 prava
1207 5445 1448 5515 suggerit.

311 5510 342 5552 δ
378 5517 562 5577 Trec.,
595 5510 698 5568 duo
723 5515 929 5583 priores
955 5510 1199 5578 Ca'rnot.,
1231 5510 1336 5568 duo
1370 5517 1576 5582 priores
1611 5513 1818 5569 Gemet.

243 5593 293 5638 et
321 5587 544 5648 Bellov.,
580 5601 672 5654 per
700 5584 1110 5649 correctionem,
1143 5593 1187 5654 et
1217 5585 1324 5636 illic
1347 5601 1573 5652 serpens.

314 5665 339 5694 ε
377 5653 720 5719 ΙιευόηΥεΙ.
753 5655 860 5716 CL,
913 5656 1100 5706 tertius
1133 5653 1339 5708 Gt-met.
1390 5665 1443 5709 et
1474 5656 1661 5712 tertius
1691 5654 1823 5711 Car-

245 5735 377 5790 not.,
404 5727 502 5779 hoc
522 5726 659 5796 quod
689 5733 902 5794 peteret,
943 5725 1228 5793 ptznitendo
1256 5724 1491 5780 obtinuit.

311 5795 338 5832 ⁸
378 5797 490 5852 Duo
513 5800 722 5852 priores
755 5793 993 5852 Gentet..
1034 5795 1246 5852 agitata.

421 5812 490 5852 uo
509 5812 722 5864 priores
755 5808 993 5856 beaten,
1034 5808 1246 5857 agitata.

1932 4682 2106 4734 swculi
2132 4681 2306 4748 hujus,
2339 4680 2574 4732 inimicus
2620 4677 2710 4729 Dei
2765 4677 3086 4729 constituitur
3127 4674 3266 4744 (Jac.
3323 4687 3394 4737 tv,
3427 4673 3508 4741 4).

1932 4771 2269 4826 Admonendi
2325 4782 2449 4823 sunt
2499 4770 2587 4837 qui
2618 4769 2848 4821 admissa
2879 4767 3153 4835 plangunt,
3205 4779 3302 4819 nec
3331 4772 3508 4818 tamen

1929 4862 2202 4924 deserunt,
2233 4870 2291 4914 ut
2311 4861 2534 4915 sollicite
2571 4859 2912 4912 considerent
2943 4857 3062 4923 quia
3091 4857 3158 4908 ita
3193 4855 3511 4924 plerumque

1930 4953 2056 5008 mali
2112 4954 2372 5006 inutiliter
2421 4958 2848 5018 compunguntur
2917 4947 2982 5000 ad
3031 4946 3312 5016 justitiam,
3376 4947 3512 4999 sicut

1934 5047 2244 5116 plerumque
2298 5043 2420 5097 boni
2478 5041 2692 5095 innoxie
2745 5045 3015 5092 tentantur
3068 5035 3132 5089 ad
3161 5036 3393 5104 culpam.
3430 5035 3513 5089 Fit

1931 5141 2124 5209 quippe
2147 5141 2276 5193 mira
2303 5135 2636 5204 exigentibus
2660 5130 2858 5184 meritis
2892 5127 3255 5196 dispositionis
3277 5127 3501 5181 interna:

1931 5245 2202 5296 mensura,
2227 5237 2358 5284 utet
2387 5228 2460 5281 illi
2489 5227 2614 5280 dum
2642 5225 2707 5279 de
2736 5223 2876 5278 bono
2906 5219 3103 5288 aliquid
3134 5227 3314 5289 agunt,
3360 5219 3505 5288 quod

2007 5451 2030 5484 ο
2057 5447 2256 5502 Bellov.
2286 5455 2339 5498 et
2368 5445 2633 5499 secundus
2658 5439 2843 5508 οδω..
2864 5451 3003 5496 tanto
3028 5439 3252 5512 graviori
3281 5439 3498 5507 culpae"

1895 5511 2121 5587 ’quanto
2143 5527 2187 5569 et
2217 5519 2402 5583 ipsum.

2009 5587 2027 5624 ί
2075 5587 2153 5640 Ad
2208 5579 2345 5640 hunc
2376 5587 2544 5639 locum
2578 5586 2627 5638 in
2659 5584 2780 5640 cod.
2828 5583 3081 5637 Trecensi
3130 5589 3414 5635 annotatur
3457 5579 3507 5632 in

1936 5660 2177 5725 margine
2208 5675 2220 5709 :
2253 5657 2402 5724 Apud
2439 5655 2786 5709 Salontonem.
2816 5653 3215 5725 Quodupt'obal
3243 5653 3504 5707 Salomon

1936 5723 2073 5785 tttnc'
2087 5723 2379 5798 ascriptum
2403 5727 2562 5782 fuisse
2595 5724 2949 5782 Ecclesiastici
2979 5723 3192 5777 librum.
