3968 6380
458 446 541 502 ill
1655 435 1892 491 SANITI
1931 436 2248 491 CREGORII
2293 436 2499 490 MAG-Nl

3602 439 3700 491 112

455 569 630 613 tamen
665 570 768 606 non
804 553 1100 622 petflcinnt,
1128 551 1353 617 superbe
1384 551 1518 602 inter
1551 549 1661 617 ipsa
1710 563 1828 614 qure
1853 547 2010 598 etiam
2045 552 2085 606 Α
2120 546 2395 599 humiliare
2423 543 2734 598 contemnit.
2780 542 2876 608 Qui
2907 559 3028 597 vero
3077 554 3291 612 peccata
3319 560 3425 613 1am
3471 546 3696 609 deserit,

455 649 758 716 plenissime
782 652 1082 714 perpetrant
1115 643 1249 694 mala
1278 642 1540 695 confidant
1565 657 1575 703 ;
1609 648 1661 692 et
1691 639 1771 692 isti
1797 639 1920 691 dum
1952 639 2019 692 de

455 742 592 792 malo
648 744 937 798 tentantur,
992 732 1076 786 cui
1135 747 1461 802 nequaquam
1510 731 1870 790 consentiunt,
1914 745 2019 797 quo

455 847 547 894 per
574 827 935 884 infirmitatem
966 825 1215 888 titubant,
1247 840 1310 878 eo
1333 839 1548 891 gressus
1572 822 1747 875 cordis
1779 823 1840 872 ad
1865 820 2021 889 justi-

452 925 578 976 tiam
604 937 695 989 per
725 918 1071 972 htunilitatem
1100 919 1274 968 verius
1330 916 1511 983 figant.
1565 914 1774 966 Balaam
1806 913 2016 979 quippe,

451 1017 708 1080 iustorum
740 1008 1072 1062 tabernacula
1105 1008 1419 1075 respiciens,
1451 1006 1524 1058 ait
1554 1023 1565 1056 :
1619 1003 1871 1057 Moriatur
1904 1003 2020 1053 ani-

452 1119 535 1153 ma
564 1117 671 1152 mea
698 1108 860 1150 morte
883 1104 1162 1168 juslorum,
1189 1107 1234 1148 ct
1258 1097 1381 1163 [iant
1408 1095 1678 1147 novissima
1702 1109 1812 1144 mea
1838 1092 2020 1144 horum

451 1189 847 1260 situilia(t\"um.
892 1205 1039 1250 χχιιι,
1101 1187 1210 1255 ill).
1272 1187 1373 1241 Sed
1434 1201 1551 1239 cum
1602 1183 2021 1249 compunctiouis

452 1295 659 1353 tempus
688 1285 963 1348 abscessit,
997 1291 1177 1335 contra
1208 1295 1388 1334 eorum
1419 1281 1603 1343 vitam,
1633 1276 1822 1347 quibus
1862 1290 1918 1327 se
1947 1275 2022 1326 si-

441 1376 630 1429 milem
663 1374 771 1427 lteri
825 1373 983 1427 etiam
1037 1371 1312 1425 moriendo
1355 1377 1691 1438 poposcerat,
1740 1364 2019 1419 consilium

455 1465 704 1533 praebuit;
735 1475 785 1517 et
833 1478 952 1516 cum
986 1463 1320 1515 occasionem
1351 1460 1417 1514 de
1463 1459 1685 1512 avaritia
1719 1458 1937 1524 reperit,
1971 1454 2025 1506 il-

456 1557 556 1606 lico
577 1554 772 1607 oblitus
794 1565 873 1607 est
923 1552 1176 1621 quidquid
1206 1551 1305 1605 sibi
1363 1551 1429 1605 de
1482 1551 1781 1603 innocentia
1823 1547 2022 1615 Optavit

455 1642 639 1712 (ΗΜΛ,
670 1659 812 1706 xxiv,
848 1643 955 1708 Μ).
1015 1643 1147 1695 llinc
1191 1657 1318 1695 vero
1375 1641 1558 1694 doctor
1605 1649 1656 1692 et
1711 1638 2023 1706 praedicator

450 1732 681 1797 gentium
707 1731 920 1792 Paulis,
959 1733 1032 1783 ait
1063 1748 1075 1784 :
1113 1730 1270 1783 Video
1298 1731 1452 1788 aliam
1495 1729 1654 1800 legem
1682 1730 1736 1781 in
1789 1728 2023 1780 membris

450 1823 591 1883 meis,
622 1830 984 1888 rcpugmntem
1043 1823 1142 1892 legi
1182 1824 1362 1875 mentis
1399 1837 1545 1884 mete,
1589 1828 1634 1874 et
1664 1823 1916 1891 captivum
1945 1835 2024 1872 me

2125 652 2218 690 nec
2248 645 2422 688 tamen
2451 636 2672 702 plangit,
2703 634 2811 702 jam
2856 634 3068 701 quidem
3105 637 3366 698 humiliat,
3399 638 3492 690 sed
3519 649 3697 692 tamen

2123 741 2214 779 Cor
2243 736 2522 777 conterere
2549 733 2776 776 recusat.
2813 723 2943 776 llinc
2975 725 3169 778 Paulus
3197 728 3269 779 ait
3302 741 3316 778 :
3350 721 3413 776 Et
3444 726 3552 779 hwc
3585 730 3700 795 qui-

2123 817 2233 868 dem
2266 816 2465 884 fuistis;
2500 825 2520 852 ε
2550 815 2638 866 sed
2690 815 2851 865 abluti
2905 816 3042 875 estis,
3091 817 3177 867 sed
3232 817 3534 882 sanctificati
3579 821 3700 872 estis

2125 905 2178 976 (I
2207 907 2326 960 Cor.
2358 923 2430 971 vt,
2468 907 2580 972 Η).
2630 905 2762 970 Quia
2809 906 3057 959 nimirtun
3087 907 3203 960 illos
3232 909 3562 961 emendatior
3589 911 3698 963 vita

2123 998 2440 1063 sanctificat,
2471 1011 2601 1065 quos
2645 1012 2738 1064 per
2788 999 3151 1062 ptenitentiam
3211 1000 3431 1053 abluens
3475 1001 3699 1054 afflictio

2123 1088 2340 1139 ﬂetuum
2375 1088 2610 1139 mundat.
2643 1086 2774 1139 liinc
2805 1088 2993 1139 Petrus
3024 1103 3142 1142 cum
3175 1091 3433 1156 quosdam
3482 1093 3699 1146 territos

2125 1177 2382 1228 malorum
2427 1190 2644 1228 suorum
2673 1177 3100 1231 consideratione
3127 1179 3479 1246 conspiceret,
3512 1182 3700 1233 admo-

2125 1269 2257 1330 nuit,
2289 1267 2471 1321 diceus
2506 1285 2519 1321 :
2570 1268 2929 1324 Paenitentiam
2959 1275 3114 1342 agite,
3146 1284 3192 1326 et
3234 1276 3510 1344 baptizatur
3539 1293 3672 1328 unus

2123 1359 2326 1426 quisque
2356 1368 2570 1410 rostrum
2605 1360 2738 1427 (Act.
2770 1376 2841 1428 ιι,
2859 1360 2972 1430 58).
2995 1363 3238 1418 Dicturus
3255 1367 3394 1419 enim
3412 1367 3696 1434 baptisma,

2127 1449 2382 1516 prtemislt
2423 1451 2752 1515 paenitentia:
2783 1452 3038 1523 lamenta,
3069 1467 3124 1509 ut
3152 1458 3296 1526 prius
3326 1472 3383 1511 se
3415 1475 3549 1526 aqua
3585 1478 3698 1514 suae

2124 1539 2425 1592 afllictionis
2458 1540 2813 1608 infunderent,
2871 1555 2924 1598 et
2977 1549 3313 1614 postmodum
3360 1565 3698 1605 sacramento

2125 1629 2454 1696 baptismatis
2484 1631 2736 1687 Iavareut.
2757 1636 2869 1700 Qua
2903 1637 3060 1704 igitur
3089 1649 3264 1693 mente
3288 1642 3375 1708 qui
3402 1652 3629 1698 transac1
3645 1657 3701 1697 as

2125 1720 2307 1788 culpas
2334 1719 2462 1772 ﬂere
2491 1722 2784 1790 negligunt,
2817 1724 3000 1777 vivunt
3030 1727 3203 1780 securi
3229 1728 3294 1782 de
3324 1731 3494 1794 venia,
3526 1747 3696 1799 quan-

2124 1810 2191 1863 do
2215 1811 2328 1877 ipse
2356 1826 2594 1865 summus
2637 1814 2818 1868 Pastor
2848 1813 3102 1870 Ecclesia:
3129 1818 3251 1871 huic
3297 1821 3455 1873 etiam
3499 1822 3692 1876 Sacra-

449 1920 707 1970 ducentem
745 1917 797 1968 in
845 1917 953 1984 lege
988 1916 1199 1986 peccati,
1232 1930 1344 1985 qua
1391 1925 1464 1969 est
1515 1915 1568 1967 in
1613 1915 1847 1966 membris
1899 1915 2024 1968 meis
2052 1934 2099 1992 Β
2125 1909 2304 1954 meum
2327 1900 2623 1954 addendam
2652 1907 3011 1969 βωηίίθηιῖδίη
3036 1906 3281 1975 credidi"
3304 1908 3443 1976 (μιοά
3471 1923 3684 1979 Peccam

447 2008 622 2076 (Rom.
648 2023 739 2072 vn,
768 2007 881 2076 ‘25).
907 2008 1004 2074 Qui
1054 2006 1292 2076 profecto
1347 2005 1547 2059 idcirco
1590 2013 1844 2068 tentatur,
1877 2015 1935 2057 ut
1968 2006 2020 2059 in

439 2096 586 2151 bono
615 2098 879 2151 robustius
902 2113 971 2150 ex
1000 2097 1111 2165 ipsa
1158 2096 1479 2149 inﬁrmitatis
1506 2108 1616 2148 sua:
1647 2103 1672 2130 η
1715 2094 2021 2163 cognitione

445 2186 724 2240 solidetur.
757 2186 893 2252 Quid
917 2195 996 2239 est
1044 2200 1170 2254 ergo
1218 2185 1358 2253 quod
1411 2185 1502 2238 ille
1545 2184 1932 2252 compungitur,
1967 2193 2022 2237 et

447 2291 623 2332 tamen
649 2278 864 2346 iustitiae
895 2292 998 2330 non
1029 2278 1448 2346 appropinquat;
1511 2277 1609 2329 iste
1658 2284 1912 2342 tentatur,
1965 2283 2019 2329 et.

447 2377 620 2423 tamen
652 2384 773 2422 eum
804 2369 954 2436 culpa
985 2383 1089 2421 non
1122 2368 1382 2436 inquinat,
1415 2367 1515 2421 nisi
1549 2367 1648 2420 hoc
1671 2367 1810 2436 quod
1836 2374 2019 2435 aperte

447 2461 764 2526 ostenditur,
796 2459 934 2528 quod
967 2475 1064 2513 nec
1121 2460 1287 2513 malos
1340 2459 1475 2512 bona
1518 2456 1823 2526 imperfecta
1869 2457 2016 2524 adju-

446 2561 591 2616 vant,
622 2566 717 2605 nec
747 2550 913 2603 bonos
939 2551 1074 2602 mala
1106 2550 1524 2604 inconsummata
1555 2547 1945 2602 condemnant?

519 2647 590 2696 At
617 2652 798 2696 contra
830 2641 1146 2696 admonendi
1195 2640 1432 2709 suntqui
1463 2640 1694 2693 admissa
1737 2639 2011 2705 deserunt,

445 2748 543 2787 nec
565 2743 742 2788 tamen
774 2734 1057 2802 plangunt;
1105 2749 1170 2787 ne
1190 2730 1298 2800 jam
1328 2732 1593 2786 relaxatas
1617 2731 1880 2785 azstiment
1905 2731 2018 2784 cul-

447 2837 560 2890 pas,
594 2838 724 2892 quas
751 2823 849 2878 etsi
878 2823 1080 2893 agendo
1110 2837 1214 2876 non
1246 2822 1613 2891 multiplicant,
1645 2820 1802 2876 nullis
1838 2831 2016 2877 tamen

447 2917 656 2971 fletibus
688 2916 961 2970 mandant.
1011 2915 1192 2984 Neque
1243 2915 1382 2969 enim
1434 2917 1681 2982 scriptor,
1712 2919 1754 2969 sl
1799 2930 1828 2967 a
1882 2915 2016 2970 scri-

445 3006 627 3073 ptione
652 3006 958 3073 cessaverit,
991 3007 1109 3074 quia
1141 3005 1242 3058 alia
1290 3021 1396 3057 nou
1439 3003 1660 3071 addidit,
1714 3005 1874 3059 etiam
1924 3005 2014 3059 illa

445 3109 562 3163 qua:
591 3095 877 3164 scripserat
907 3095 1133 3160 delevit;
1163 3110 1259 3148 nec
1289 3095 1378 3163 qui
1404 3095 1752 3150 contumelias
1785 3096 2013 3166 irrogat,

445 3186 487 3240 si
516 3187 848 3241 solummodo
882 3188 1123 3253 tacuerit,
1164 3186 1439 3248 satisfecit,
1485 3202 1603 3241 cum
1643 3186 1881 3256 profecto
1915 3203 2012 3243 ne-

2127 1993 2489 2060 principaliter
2523 1996 2850 2064 exstinguit?

2504 2105 2730 2159 carur
2783 2107 3103 2181 XXXI[AL
3159 2110 3298 2179 ch

2123 2214 2385 2292 Quomodo
2415 2217 2716 2292 admonendi
2745 2222 2829 2286 qui
2883 2220 3063 2274 illicita
3091 2240 3304 2292 quorum
3345 2236 3462 2278 sunt
3505 2231 3694 2280 conscii

2189 2284 2435 2350 laudant;
2464 2295 2509 2339 et
2552 2288 2639 2355 qui
2682 2284 3112 2353 condemnantesf
3140 2296 3342 2346 minime
3395 2307 3559 2350 tamen
3605 2316 3693 2350 ca—

2189 2365 2317 2408 vent.

2191 2444 2505 2514 (Admonitio
2533 2448 2649 2518 5'2.)
2690 2451 2858 2504 Aliter
2889 2453 3207 2507 admonendi
3237 2463 3359 2508 sunt
3388 2457 3474 2525 qui
3506 2457 3693 2512 illicita

2120 2547 2236 2601 qua:
2261 2535 2457 2591 faciunt
2482 2539 2641 2593 etiam
2671 2540 2914 2606 laudant;
2948 2549 3104 2611 atque
3132 2544 3283 2598 aliter
3312 2548 3402 2613 qui
3434 2558 3693 2602 accusant

2117 2640 2303 2694 prava,
2334 2644 2431 2684 nec
2479 2639 2654 2686 tamen
2704 2633 2960 2689 devitant.
3012 2636 3338 2690 Admoneudi
3397 2648 3521 2691 sunt
3548 2641 3697 2693 enim

2116 2723 2208 2791 qui
2236 2724 2416 2778 illicita
2439 2741 2556 2795 quae
2585 2724 2784 2782 faciunt
2809 2729 2967 2782 etiam
3001 2729 3235 2796 laudant,
3261 2740 3316 2784 ut
3345 2733 3694 2788 considerent

2117 2815 2257 2882 quod
2288 2814 2600 2885 plerumque
2655 2817 2773 2885 plus
2812 2833 2904 2872 ore
2933 2835 3088 2887 quam
3141 2835 3300 2887 opere
3353 2821 3685 2890 delinquant.

2117 2904 2291 2972 Opere
2337 2921 2562 2976 namque
2607 2923 2700 2976 per
2738 2911 3056 2978 semetipsos
3086 2911 3230 2965 solos
3283 2927 3440 2980 prava
3496 2929 3691 2980 perpe-

2121 3002 2296 3059 trant;
2328 3005 2421 3048 Ore
2448 3005 2623 3049 autem
2667 3012 2761 3064 per
2789 3006 2862 3050 tot
2891 3013 3146 3065 personas
3188 2999 3513 3066 iniquitatem
3543 3003 3695 3054 exhi-

2120 3083 2263 3147 bent,
2297 3093 2424 3152 quot
2458 3085 2787 3139 audientium
2821 3097 3024 3140 mentes
3054 3089 3228 3156 iniqua
3283 3091 3557 3144 laudantes
3587 3093 3694 3145 do-

2119 3181 2260 3227 cent.
2294 3173 2624 3228 Admoaendi
2670 3189 2796 3242 ergo
2839 3185 2981 3239 sunt,
3041 3185 3097 3229 ut
3145 3179 3187 3229 si
3239 3179 3507 3233 crat-licare
3555 3183 3694 3235 mala

444 3290 593 3331 εοεεο
622 3277 690 3330 εει
717 3284 774 3329 ιη
795 3278 956 3330 verba
1009 3277 1296 3345 ρηηιηίεεω
1343 3276 1604 3344 superbia,
1635 3277 1810 3330 verbis
1840 3277 2018 3345 subje-
2045 3278 2094 3347 ο
2124 3263 2482 3328 dissimulant,
2533 3265 2719 3318 saltem
2750 3266 3014 3321 seminare
3061 3269 3453 3336 pertimescant.
3495 3271 3693 3324 Admo-

446 3375 539 3417 eta:
569 3364 881 3419 humilitatis
924 3366 1227 3435 impugnet;
1263 3379 1360 3419 nec
1386 3366 1596 3420 debitor
1625 3367 1896 3421 absolutus
1932 3376 2014 3422 est

447 3456 564 3525 quia
587 3456 688 3509 alia
718 3471 819 3510 non
847 3456 1178 3524 multiplicat,
1213 3457 1314 3508 nisi
1361 3464 1416 3510 et
1467 3456 1559 3509 illa
1607 3472 1726 3524 qua:
1758 3457 2016 3526 ligaverat

446 3546 635 3600 solvat.
667 3545 743 3599 lla
769 3553 823 3600 et
851 3561 971 3600 cum
1023 3547 1131 3599 Deo
1153 3545 1534 3613 delinquimus,
1566 3561 1894 3614 nequaquam
1925 3561 2013 3600 sa-

447 3637 734 3691 tisfacimus
764 3637 806 3689 si
838 3636 903 3689 ab
954 3635 1229 3704 iniquitate
1269 3637 1380 3704 83
1416 3649 1707 3698 cessamus,
1767 3635 1870 3689 nisi
1918 3651 2012 3689 vo-

448 3724 678 3791 luptates
709 3738 920 3792 quoque
948 3740 1078 3792 quas
1100 3724 1443 3786 dileximus,e
1464 3725 1730 3776 contrario
1760 3723 2014 3793 appositis

449 3814 696 3866 lamentis
729 3814 1085 3880 insequamur.
1118 3812 1169 3865 Si
1200 3813 1339 3866 enim
1371 3813 1510 3866 nulla
1558 3827 1650 3866 nos
1683 3814 1734 3866 in
1779 3815 1877 3868 hac
1907 3815 2012 3869 vita

447 3918 669 3970 operum
693 3902 843 3970 culpa
876 3903 1209 3962 maculasset,
1259 3917 1587 3971 nequaquam
1628 3903 1780 3957 nobis
1813 3903 1896 3958 hic
1923 3905 2014 3958 ad-

449 3992 551 4046 huc
581 3991 888 4060 degentibus
913 3993 1022 4060 ipsa
1050 3992 1114 4046 ad
1140 3992 1476 4046 securitatem
1506 3994 1808 4047 innocentia
1832 4004 2012 4048 nostra

449 4081 739 4145 sufficeret,
771 4082 889 4149 quia
920 4081 1097 4134 illicita
1122 4085 1354 4135 animum
1379 4083 1539 4134 multa
1566 4083 1858 4149 pulsarent.
1893 4084 2008 4148 Qua

447 4185 574 4238 ergo
604 4179 780 4223 mente
811 4184 1026 4224 securus
1059 4180 1160 4236 est,
1195 4172 1280 4239 qui
1311 4174 1622 4239 perpetratis
1650 4174 2012 4242 iniquitatibus

446 4262 560 4330 ipse
582 4261 678 4314 sibi
707 4261 858 4315 testis
882 4271 963 4315 est
987 4261 1110 4330 quia
1141 4267 1396 4316 innocens
1425 4279 1529 4316 non
1559 4265 1676 4318 est?

519 4351 698 4419 Neque
723 4352 862 4405 enim
894 4351 1033 4405 Deus
1065 4352 1258 4405 nostris
1287 4354 1608 4407 cruciatibus
1637 4355 1891 4422 pascitur,
1919 4356 2012 4409 sed

450 4441 763 4494 delictorum
785 4439 811 4477 ιι
842 4441 1055 4494 morbos
1088 4442 1490 4496 medicamentis
1527 4444 1804 4497 contrariis
1834 4446 2013 4500 mede-

449 4539 555 4594 tur,
581 4538 637 4582 ttt
667 4530 754 4597 qui
784 4530 1142 4598 voluptatibus
1170 4531 1415 4585 delectati
1464 4532 1825 4598 discessimus,
1878 4534 2011 4588 fleti-

445 4625 540 4678 bus
566 4626 837 4679 amaricati
861 4627 1168 4691 redeamus;
1200 4635 1251 4680 et
1273 4627 1358 4694 qui
1390 4642 1486 4694 per
1513 4628 1694 4681 illicita
1725 4627 2016 4683 delluendo
2045 4645 2091 4702 ι)

446 4715 752 4779 cecidimus,
784 4716 942 4770 etiam
983 4730 1011 4768 ιι
1042 4716 1197 4770 licitis
1244 4717 1594 4785 nosmetipsos
1642 4720 2011 4789 restringendo

446 4821 753 4874 surgamus;
783 4817 834 4859 et
853 4822 946 4861 cor
970 4807 1106 4875 quod
1137 4808 1315 4860 insana
1349 4808 1523 4861 laetitia
1567 4808 1847 4874 infuderat,
1872 4811 2014 4864 salu-

445 4897 554 4948 bris
602 4896 808 4948 tristitia
839 4906 1056 4960 exurat;
1099 4907 1150 4950 et
1178 4898 1316 4968 quod
1349 4900 1718 4952 vulneraverat
1741 4901 1901 4955 elatio
1923 4917 2011 4956 su-

445 4986 661 5053 perbiae,
693 4987 1085 5054 curetabjectio
1132 4986 1345 5041 humilis
1370 4989 1511 5041 vine.
1556 4988 1688 5042 llinc
1709 4990 1850 5043 enim
1881 4988 2011 5043 scri-

446 5088 588 5146 ptum
619 5090 698 5132 est
727 5095 740 5130 :
771 5076 895 5130 Dixi
925 5079 1129 5147 iniquis,
1163 5078 1336 5131 Nolite
1362 5079 1534 5147 inique
1562 5095 1749 5146 agere;
1775 5090 1820 5132 et
1849 5082 2011 5136 deliu-

443 5171 723 5237 quentibus,
749 5170 919 5224 Nolite
947 5171 1171 5224 exaltare
1198 5187 1353 5223 cornu
1373 5170 1490 5238 (Ps.
1519 5184 1699 5236 Lutv,
1731 5170 1806 5240 5).
1835 5171 2010 5226 Cornu

448 5259 643 5325 quippe
673 5258 1044 5327 delinquentes
1070 5259 1332 5324 exaltant,
1386 5260 1430 5312 si
1483 5273 1814 5327 nequaquam
1859 5272 1918 5314 se
1946 5259 2011 5314 ad

448 5348 808 5414 tuenitentiam
847 5364 912 5403 ex
941 5351 1242 5418 cognitione
1274 5347 1692 5418 succiniquitatis
1709 5349 2009 5403 humiliant.

452 5438 583 5490 lliuc
615 5452 825 5490 rursum
859 5437 1088 5496 dicitur:
1146 5437 1244 5492 Cor
1293 5439 1563 5492 contritum
1609 5447 1656 5491 et
1689 5439 2010 5492 lmmiliatum

448 5525 584 5578 Deus
608 5543 706 5579 non
735 5528 926 5594 spernit
956 5527 1071 5598 (Ps.
1099 5545 1147 5592 L,
1181 5529 1287 5599 ib).
1332 5529 1582 5598 Quisquis
1627 5528 1767 5582 enim
1798 5538 2010 5596 peccatu

449 5617 666 5684 plangit,
701 5632 796 5671 nec
824 5626 1000 5671 tamen
1030 5617 1248 5679 deserit.
1278 5633 1370 5672 cor
1391 5618 1603 5688 quidem
1635 5617 1881 5683 conterit,
1915 5617 2008 5674 sed

519 5760 544 5822 ἒ
583 5749 795 5822 Carnot.
837 5767 1054 5818 primus,
1085 5754 1404 5822 cogitatione.

517 5820 542 5857 ι’
581 5820 722 5876 Idem
755 5821 910 5883 Cod.
940 5823 1148 5876 morbis.

2122 3353 2282 3407 nendi
2305 3363 2446 3413 sunt.
2472 3363 2529 3408 ut
2556 3357 2633 3408 eis
2663 3357 2885 3422 perditio
2911 3358 3109 3423 privata
3138 3359 3383 3412 sulticiat.
3429 3360 3692 3414 [inmun-

2118 3460 2223 3514 que
2243 3446 2560 3500 admonendi
2587 3456 2727 3510 sunt,
2755 3457 2810 3501 ιιι
2850 3448 2894 3501 si
2938 3451 3059 3504 mali
3115 3467 3234 3505 esse
3281 3468 3384 3505 non
3427 3465 3690 3519 metuunt,

2117 3536 2430 3589 erubescant
2459 3536 2647 3590 saltem
2679 3538 2842 3591 videri
2871 3541 3006 3607 quod
3040 3551 3179 3594 sunt.
3206 3542 3522 3611 Plerumque
3545 3545 3694 3598 enim

2117 3625 2270 3692 culpa
2299 3625 2437 3699 dum
2480 3627 2845 3692 absconditur,
2877 3630 3152 3698 etl‘ugatur,
3203 3633 3323 3699 quia
3363 3633 3487 3684 dum
3542 3649 3696 3688 mens

2117 3715 2386 3768 erubescit
2408 3695 2572 3768 sideri
2598 3717 2736 3785 quod
2773 3731 2948 3771 tamen
2975 3735 3092 3772 esse
3127 3737 3225 3772 non
3259 3722 3465 3784 metuit,
3493 3725 3693 3776 erube-

2118 3805 2221 3859 scit
2249 3808 2570 3874 quandoque
2609 3823 2726 3863 esse
2771 3810 2908 3877 quod
2968 3811 3096 3878 fugit
3139 3812 3324 3865 videri.
3377 3812 3508 3865 Cum
3564 3830 3695 3869 vero

2117 3909 2312 3962 pravus
2338 3895 2561 3964 quisque
2603 3897 2938 3965 impudenter
2971 3899 3272 3967 inualescit,
3309 3917 3413 3969 quo
3472 3903 3694 3957 liberius

2117 4000 2277 4040 omne
2322 3986 2526 4041 facinus
2579 3997 2866 4055 perpetrat,
2926 4003 2989 4042 eo
3039 3990 3198 4042 etiam
3250 3991 3450 4044 licitum
3509 4004 3690 4059 putat:

2115 4078 2225 4146 89
2249 4087 2302 4131 et
2329 4078 2469 4145 quod
2500 4078 2700 4132 licitum
2727 4080 3045 4146 suspicatur,
3099 4079 3149 4133 in
3201 4081 3298 4134 hoc
3346 4083 3693 4149 proculdubio

2120 4170 2461 4238 multiplicius
2492 4172 2767 4240 mergitur.
2797 4170 2944 4225 Unde
2976 4174 3230 4240 scriptum
3259 4183 3380 4227 est:
3417 4173 3692 4226 Peccatum

2117 4273 2264 4312 suum
2306 4260 2433 4312 sicut
2466 4253 2688 4315 Sodoma
2716 4263 3140 4330 praedicaverunt,
3192 4279 3280 4316 nec
3323 4263 3694 4318 absconderant

2117 4346 2268 4418 (lsai.
2303 4365 2382 4414 tu,
2429 4351 2505 4418 9).
2541 4351 2820 4405 Peccatum
2848 4353 2990 4405 enim
3013 4368 3166 4405 suum
3195 4353 3239 4406 si
3283 4353 3513 4408 Sodoma
3560 4356 3690 4409 abs-

2115 4438 2387 4505 conderet,
2415 4441 2585 4495 adhuc
2609 4441 2706 4495 sub
2754 4442 2942 4496 timore
2993 4451 3264 4509 peccaret.
3313 4444 3416 4498 Sed
3450 4445 3692 4501 funditus

2117 4527 2262 4581 frena
2294 4531 2497 4584 timoris
2525 4533 2798 4597 amiserat,
2831 4546 2950 4600 quae
2976 4533 3040 4584 ad
3078 4533 3286 4601 culpam
3313 4549 3410 4588 nec
3437 4535 3688 4590 tenebras

2116 4619 2433 4689 inquirebat.
2465 4622 2614 4677 Unde
2665 4634 2718 4678 et
2769 4639 2975 4678 rursum
3031 4627 3284 4694 scriptum
3332 4636 3413 4680 est
3445 4626 3692 4681 :Clamor

2119 4713 2459 4768 Sodomorum
2487 4726 2534 4769 et
2564 4715 2864 4772 Gomorrha:
2883 4721 3248 4789 multiplicatus
3271 4730 3342 4772 est
3366 4718 3521 4787 (Gen.
3557 4737 3690 4775 XVIII

2115 4802 2231 4870 20).
2265 4804 2547 4861 Peccatum
2589 4807 2782 4876 quippe
2811 4823 2932 4862 cum
2962 4825 3110 4872 voce,
3153 4821 3232 4864 est
3262 4811 3414 4876 culpa
3447 4810 3499 4862 in
3525 4811 3692 4862 actio-

2115 4910 2212 4957 ne;
2251 4907 2525 4962 peccatum
2575 4911 2698 4951 vero
2728 4899 2886 4952 etiam
2939 4915 3060 4952 cum
3101 4901 3354 4966 clamore,
3402 4908 3484 4954 est
3535 4901 3689 4968 culpa

2114 4999 2234 5039 cum
2273 4986 2536 5042 libertate.

2183 5074 2256 5129 At
2282 5085 2464 5131 contra
2504 5078 2822 5133 admonendi
2853 5087 2975 5133 sunt
3003 5079 3090 5149 qui
3120 5088 3368 5134 accusant
3387 5095 3691 5148 prava,nec

2116 5175 2289 5220 tamen
2317 5167 2572 5232 devitant,
2592 5179 2646 5220 ut
2676 5167 2890 5234 provide
2918 5170 3245 5238 perpendant
3270 5171 3394 5240 quid
3422 5171 3473 5224 in
3505 5170 3688 5223 distri-

2116 5263 2201 5310 clo
2232 5256 2324 5311 Dei
2352 5256 2553 5324 judicio
2577 5271 2670 5324 pro
2701 5270 2793 5310 sua
2822 5259 3164 5313 excusatione
3194 5259 3390 5313 dicturi
3421 5270 3564 5324 sunt,
3595 5257 3689 5328 qui

2116 5347 2182 5401 de
2213 5357 2359 5400 reatu
2376 5362 2591 5402 suorum
2616 5349 2895 5402 criminum
2918 5350 3073 5403 etiam
3103 5352 3403 5419 semetipsis
3427 5351 3693 5414 iudicibus

2119 5451 2224 5490 non
2252 5447 2590 5492 excusantur.
2617 5439 2682 5491 lli
2711 5439 2885 5508 itaque
2907 5440 3030 5508 quid
3062 5440 3205 5493 aliud
3232 5455 3389 5509 quam
3415 5454 3692 5508 prtecones

2117 5536 2241 5580 sunt
2267 5527 2384 5580 sui?
2415 5526 2584 5583 Voces
2612 5538 2792 5583 contra
2817 5530 2996 5598 culpas
3029 5530 3322 5597 proferunt,
3354 5538 3406 5584 et
3433 5529 3692 5597 semetip-

2115 5631 2202 5671 sos
2225 5617 2472 5684 operibus
2489 5633 2606 5672 reos
2631 5621 2870 5673 trahunt.
2891 5619 3229 5674 Admonendi
3251 5627 3373 5675 sunt
3399 5630 3454 5674 ut
3481 5619 3692 5674 videant

2195 5765 2213 5788 ο
2255 5752 2525 5808 Omittitur
2553 5755 2602 5808 in
2634 5755 2814 5822 Guss.,
2839 5755 2928 5808 sed
2947 5754 3104 5808 abluti
3133 5756 3262 5813 estis.
