3968 6306
305 205 404 267 H3

1090 203 1389 258 REGULIE
1430 201 1858 259 PASTORALIS
1896 202 2122 259 LIBER.
2151 235 2223 246 —
2261 205 2435 260 PARS
2473 206 2723 263 TERTIA
2750 256 2761 266 .

3454 227 3553 281 Hi

301 322 419 393 quia
450 318 518 374 de
544 317 760 374 occulta
781 317 891 387 jam
915 315 1266 371 retributione
1292 314 1473 387 jUtIiCii
1502 324 1604 380 εει,
1630 313 1768 385 quod
1791 328 1880 368 eo—
1911 313 1962 373 Α
1987 315 2239 368 citudinis
2257 316 2529 371 dormiens
2550 319 2858 375 verberatur
2878 330 2933 377 et
2957 340 3059 379 non
3088 326 3251 394 dolet,
3274 332 3396 401 quia
3422 336 3558 390 sicut

304 428 413 469 rum
456 426 609 465 mens
642 410 841 464 malum
873 409 1010 478 quod
1064 417 1334 475 perpetrat
1366 406 1690 461 illuminatur
1719 416 1773 458 ut
1800 405 1880 458 vi-

302 508 433 569 deat,
467 503 564 558 sed
598 519 706 556 non
736 512 958 556 conatur
982 511 1036 555 ttt
1060 500 1269 565 vincat;
1298 509 1353 553 ut
1374 516 1476 565 quo
1501 498 1690 554 melius
1712 499 1876 562 videt,

302 614 363 651 eo
390 595 631 649 deterius
672 602 888 659 pereat,
921 591 1124 661 quialet
1158 590 1523 658 intelligentiae
1552 590 1729 643 lumen
1762 602 1880 659 per-

302 688 453 756 cipit,
480 696 537 740 et
580 683 811 737 actionis
842 698 1015 748 prava:
1046 680 1290 734 tenebras
1320 696 1423 733 non
1453 680 1721 748 relinquit.
1750 678 1879 731 Nam

300 795 413 835 cum
442 784 723 843 accrptatn
772 774 838 826 ad
887 772 1208 842 adjutorinm
1263 770 1541 825 scientiam
1572 771 1879 840 negligunt,

302 873 437 926 hanc
466 878 655 923 contra
683 882 743 921 se
772 868 824 920 in
857 867 1213 920 testimonium
1240 874 1484 926 vertunt;
1516 873 1567 918 et
1590 863 1656 918 de
1683 863 1881 916 lumine

304 961 665 1030 intelligentia:
695 967 892 1028 augent
919 956 1197 1025 supplicia,
1229 954 1367 1024 quod
1401 954 1638 1023 profecto
1659 968 1882 1021 accepe-

307 1066 428 1107 rant
452 1065 506 1106 ut
532 1060 749 1121 possent
776 1052 953 1104 delere
982 1061 1219 1119 peccata.
1250 1049 1484 1115 Quorum
1508 1047 1754 1101 nimirum
1787 1062 1879 1101 ne-

309 1147 475 1214 quitia
494 1159 607 1197 cum
642 1142 842 1195 malum
872 1142 978 1210 agit
1008 1141 1145 1210 quod
1166 1138 1438 1208 dijudicat.
1469 1146 1747 1194 venturum
1769 1138 1878 1206 jam

301 1238 550 1305 judicium
583 1235 670 1288 hic
702 1235 980 1305 degustat;
1016 1243 1070 1286 ut
1092 1248 1212 1287 cum
1236 1232 1450 1286 internis
1470 1231 1743 1300 suppliciis
1763 1246 1877 1286 ser-

304 1338 447 1380 vatur
478 1335 503 1362 ⁸
535 1326 793 1389 obnoxia,
824 1341 922 1377 stto
948 1323 1032 1378 hic
1063 1324 1275 1377 interim
1304 1324 1546 1377 examine
1568 1338 1671 1377 non
1695 1326 1761 1376 sit
1785 1324 1877 1376 ab-

299 1419 495 1482 soluta;
534 1428 788 1482 tantoque
841 1416 948 1469 illic
976 1416 1222 1484 graviora
1277 1421 1535 1468 tormenta
1585 1413 1874 1482 percipiat,

298 1519 490 1572 quanto
520 1508 607 1562 hic
638 1508 838 1562 malum
867 1522 972 1561 non
1003 1506 1220 1572 deserit,
1255 1506 1413 1562 etiam
1440 1507 1579 1575 quod
1612 1506 1724 1574 ipsa
1748 1522 1877 1559 eon-

296 1602 528 1657 tlenmat.
563 1600 700 1653 llinc
731 1600 873 1653 enim
911 1598 1111 1652 Veritas
1141 1597 1269 1651 dicit
1305 1614 1319 1649 :
1351 1598 1539 1651 Servus
1572 1598 1660 1667 qui
1682 1614 1873 1668 cogno-

1986 403 2318 459 imminentia
2351 408 2481 459 mala
2534 424 2636 462 non
2670 414 2953 479 prospicit,
2984 417 3060 470 sic
3090 435 3189 474 nec
3218 437 3335 490 qua:
3367 442 3555 497 perpe-

1987 497 2204 585 traverit
2226 498 2485 565 agnoscit.
2518 500 2769 557 Trahitur
2794 514 2846 558 et
2872 521 3199 575 nequaquam
3225 516 3410 579 sentit,
3433 520 3555 585 quia

1984 598 2078 652 per
2120 584 2398 641 illecebras
2456 589 2699 645 vitiorum
2734 592 2962 656 ducitur,
3001 612 3097 651 nec
3147 608 3326 655 tamen
3377 584 3556 660 adsni

1982 678 2276 732 custodiam
2306 682 2610 741 suscitatur.
2638 684 2765 750 Quae
2796 688 3005 752 quidem
3028 690 3283 759 evigilare
3312 703 3481 762 optat,
3502 710 3559 751 ut

1983 786 2192 826 rursum
2223 773 2344 826 vina
2380 775 2642 843 reperiat,
2670 779 2791 846 quia
2831 782 3072 848 quamvis
3109 797 3300 837 somno
3330 790 3560 855 torporis

1984 863 2125 916 asui
2173 865 2411 918 custodia
2461 876 2749 935 prematur,
2785 870 3002 938 vigilare
3056 884 3229 929 tamen
3260 876 3326 929 ad
3378 882 3559 935 ειηςωί

1981 968 2139 1010 curas
2187 957 2409 1024 nititur,
2442 969 2497 1013 ut
2522 975 2738 1029 semper
2777 962 3128 1030 voluptatibus
3161 965 3473 1036 debrietur;
3508 982 3561 1027 et

1982 1060 2102 1099 cum
2133 1047 2197 1099 ad
2231 1048 2356 1101 illud
2387 1049 2619 1104 dormint
2647 1053 2702 1106 in
2729 1070 2833 1121 quo
2861 1056 3089 1111 solerter
3117 1060 3345 1129 vigilare
3361 1064 3559 1118 debue-

1982 1147 2084 1202 rat,
2109 1138 2173 1193 ad
2202 1140 2342 1193 aliud
2403 1141 2620 1210 vigilare
2670 1147 2891 1213 appetit,
2922 1148 2987 1201 ad
3049 1151 3191 1217 quod
3224 1152 3558 1210 laudabiliter

1983 1228 2219 1283 dormire
2247 1232 2530 1299 potuisset.
2574 1233 2708 1288 llinc
2752 1240 2996 1305 superius
3028 1241 3284 1309 scriptum
3332 1254 3413 1299 est
3446 1262 3460 1298 :
3493 1245 3559 1301 Et

1981 1321 2079 1372 eris
2104 1322 2247 1392 quasi
2270 1323 2527 1378 dormiens
2548 1325 2601 1378 in
2633 1328 2796 1381 medio
2820 1331 2969 1393 mari,
2991 1341 3037 1384 et
3058 1334 3207 1402 quasi
3245 1338 3436 1406 sapitus
3459 1354 3556 1407 git-

1981 1412 2217 1467 bernator
2244 1416 2431 1468 amisso
2457 1417 2598 1470 clavo
2629 1417 2818 1486 (Ibid.,
2842 1419 2957 1487 54).
2986 1422 3038 1475 ltt
3065 1425 3239 1478 medio
3259 1428 3398 1479 enim
3424 1432 3555 1482 mari

1979 1502 2203 1570 dormit,
2239 1504 2327 1572 qui
2384 1505 2436 1559 itt
2481 1506 2636 1576 hujus
2669 1510 2849 1562 tnundi
2886 1513 3266 1568 tentationibus
3319 1518 3555 1585 positus,

1981 1594 2259 1660 providere
2283 1605 2456 1650 motus
2482 1597 2795 1652 irruentium
2829 1601 3079 1655 vitiorum
3102 1606 3252 1671 quasi
3277 1606 3556 1660 imminen-

298 1698 363 1747 rit
404 1693 717 1747 voluntatem
766 1689 977 1743 Homini
1023 1690 1137 1754 sui,
1189 1700 1233 1741 et
1274 1706 1377 1742 non
1432 1689 1737 1759 pra’paravt't
1764 1730 1778 1753 ,
1827 1701 1872 1742 at
1909 1688 1954 1747 B
1982 1691 2060 1738 tes
2092 1685 2348 1740 undarum
2380 1688 2623 1741 cumulos
2655 1690 2892 1759 negligit.
2939 1691 3003 1745 Et
3046 1694 3195 1761 quasi
3225 1695 3430 1749 clavum
3461 1714 3555 1767 gn-

302 1803 394 1838 nan
452 1787 571 1854 fecit
638 1784 917 1837 secundant
964 1782 1266 1836 voluntatem
1315 1784 1459 1853 ejus,
1522 1782 1548 1820 ι)
1614 1782 1875 1851 vapulabit

300 1878 463 1930 multis
524 1875 699 1941 (Luc.
762 1891 879 1939 xit,
945 1872 1071 1943 47).
1141 1874 1275 1927 llinc
1344 1876 1660 1939 l’sattnista,
1722 1874 1796 1929 ait
1858 1891 1871 1927 :

300 1967 617 2022 Descendunt
654 1970 703 2019 in
734 1967 988 2036 infernum
1016 1968 1228 2020 viventes
1270 1965 1441 2037 (Paul.
1474 1983 1591 2033 LIV,
1622 1968 1729 2037 16).
1759 1968 1878 2022 Vivi

298 2060 491 2127 quippe
521 2074 643 2127 qua:
673 2058 806 2110 circa
857 2057 974 2109 illos
1024 2067 1251 2125 aguntur
1295 2057 1471 2111 Sciunt
1516 2066 1571 2112 et
1616 2059 1873 2123 sentiunt,

298 2152 487 2204 mortui
512 2160 689 2203 autem
727 2149 929 2203 sentire
966 2148 1038 2202 nil
1066 2157 1302 2217 possunt.
1328 2148 1524 2203 Mortui
1551 2150 1692 2203 enim
1718 2150 1770 2203 in
1795 2150 1875 2203 in-

298 2240 502 2295 ternum
544 2240 962 2306 descenderent,
990 2240 1035 2296 si
1084 2242 1219 2294 mala
1267 2241 1552 2297 nesciendo
1606 2252 1876 2311 perpetra-

299 2341 439 2383 rcnt.
466 2331 594 2384 Cum
642 2346 770 2384 vero
811 2332 991 2385 sciunt
1033 2332 1190 2395 mala,
1226 2340 1281 2386 et
1330 2341 1504 2386 tamen
1552 2332 1774 2400 faciunt,
1807 2334 1873 2388 ad

302 2422 588 2490 iniquitatis
622 2422 893 2476 infernum
926 2423 1161 2477 viventes
1190 2424 1369 2479 miseri
1412 2434 1435 2462 ο
1476 2425 1874 2496 sentientesquo

304 2513 645 2568 descendunt.

683 2604 908 2660 CAPUT
940 2604 1131 2659 XXXII
1168 2604 1275 2677 [ΑΙ.
1308 2603 1480 2675 LVI].

305 2717 559 2783 Ωυεηιυόο
614 2719 928 2772 admonendi
956 2719 1042 2786 qui
1068 2718 1233 2771 subito
1263 2725 1401 2771 ntotu
1422 2759 1439 2785 ,
1464 2726 1511 2772 et
1531 2717 1619 2785 qui
1639 2718 1873 2772 consulto

968 2798 1195 2859 peccant.

363 2892 682 2956 (Αιίιηοηὶιὶο
721 2889 837 2959 53.)
877 2889 1041 2942 Aliter
1064 2888 1382 2942 admonendi
1409 2898 1529 2942 sunt
1551 2889 1642 2958 qui
1676 2905 1870 2958 repen-

304 2984 395 3039 tina
426 2980 865 3048 concupiscentia
907 2989 1246 3047 superantur,
1275 2989 1432 3048 atque
1477 2980 1632 3034 aliter
1680 2981 1767 3049 qui
1818 2981 1869 3034 itt

1984 1776 2232 1831 bernator
2260 1778 2477 1844 amittit,
2510 1781 2720 1848 quando
2749 1796 2919 1847 mens,
2949 1783 3015 1837 ad
3046 1786 3331 1853 regendam
3363 1803 3552 1841 navem

1978 1871 2257 1937 corporis,
2314 1871 2546 1925 studium
2622 1872 2995 1928 sollicitudinis
3074 1877 3263 1944 perdit.
3335 1879 3553 1934 Clavum

1979 1961 2174 2029 quippe
2222 1962 2272 2014 in
2304 1963 2433 2015 muri
2481 1964 2750 2028 amittere,
2782 1974 2865 2020 est
2893 1965 3241 2021 intentionem
3274 1973 3546 2039 providam

1979 2052 2117 2105 inter
2141 2052 2400 2119 procellas
2424 2053 2580 2122 hujus
2607 2056 2788 2109 saeculi
2817 2071 2921 2111 non
2955 2066 3156 2113 tenere.
3189 2061 3242 2114 Si
3273 2063 3414 2115 enim
3455 2078 3555 2131 gu-

1978 2143 2234 2198 bernator
2258 2144 2466 2198 clavum
2500 2145 2726 2199 sollicite
2756 2148 2991 2216 Stringit,
3021 2152 3179 2203 modo
3211 2152 3261 2204 in
3308 2152 3553 2207 ﬂuctibus

1976 2248 2045 2287 ex
2074 2234 2298 2288 adverso
2328 2250 2513 2289 navetn
2536 2236 2737 2304 dirigit,
2777 2235 2796 2274 ι
2831 2240 2991 2291 modo
3019 2252 3294 2295 ventorum
3324 2243 3553 2311 impetus

1976 2337 2071 2392 per
2100 2322 2369 2391 obliquum
2402 2324 2572 2377 lindit.
2602 2325 2676 2378 ιω
2703 2341 2823 2379 cum
2854 2343 3003 2382 mens
3037 2340 3061 2375 Β
3114 2331 3388 2398 vigilanter
3427 2336 3549 2388 ani-

1977 2430 2114 2470 mam
2142 2419 2294 2486 regit,
2320 2418 2485 2471 modo
2504 2419 2605 2471 alia
2630 2434 2886 2489 superans
2907 2423 3095 2490 calcat,
3122 2426 3278 2479 modo
3301 2427 3400 2481 alia
3426 2444 3549 2496 pro-

1981 2506 2163 2560 videns
2191 2506 2451 2571 declinat;
2487 2517 2541 2561 ut
2563 2518 2616 2562 et
2646 2502 2929 2578 praesentia
2962 2513 3254 2570 laborando
3282 2518 3547 2586 subjiciat,

1980 2606 2029 2653 et
2056 2608 2244 2651 contra
2276 2597 2451 2652 futura
2481 2604 2770 2655 certamina
2802 2603 3173 2672 ptospiciendo
3196 2610 3553 2667 convalescat.

1977 2686 2111 2742 llinc
2140 2704 2349 2743 rursum
2379 2690 2445 2743 de
2480 2690 2706 2744 fortibus
2729 2706 2977 2761 supernae
3002 2697 3186 2764 patria:
3211 2697 3555 2755 bellatoribus

1977 2780 2166 2836 dicitur
2197 2799 2210 2835 :
2246 2781 2661 2853 Uttiuscujttsque
2686 2787 2823 2841 ensis
2849 2802 3001 2848 super
3028 2792 3193 2860 femur
3230 2808 3401 2859 suum,
3430 2811 3553 2862 pro-

1974 2884 2089 2944 pter
2111 2875 2314 2928 timores
2338 2886 2607 2930 nocturnos
2632 2876 2801 2948 (Cant.
2837 2896 2913 2947 ιιι,
2942 2881 3018 2951 8).
3051 2882 3202 2937 Ensis
3226 2883 3366 2939 enim
3390 2900 3556 2953 su,tcr

1976 2970 2146 3025 femur
2179 2972 2408 3040 ponitur,
2429 2974 2642 3042 quando
2663 2977 2908 3030 acumine
2938 2987 3135 3029 Sancta:
3159 2979 3555 3047 praidicationis

300 3075 439 3143 culpa
468 3088 537 3127 ex
584 3071 813 3127 consilio
842 3069 1096 3140 ligantur.
1130 3070 1463 3123 Atlmonendi
1510 3070 1705 3139 quippe
1746 3080 1871 3124 sunt,
1899 3057 1940 3115 C
1977 3078 2137 3131 prava
2186 3066 2453 3133 snggestio
2480 3065 2660 3120 carnis
2693 3067 2993 3122 cdomatur.
3032 3064 3131 3125 Per
3171 3079 3375 3124 noctem
3428 3088 3554 3125 veto

297 3182 426 3235 quos
455 3166 733 3234 repentina
781 3162 1213 3230 concupiscentia
1245 3174 1480 3230 superat,
1519 3170 1577 3215 ut
1628 3162 1684 3215 itt
1730 3162 1870 3216 bello

298 3260 575 3327 praesentis
596 3256 716 3310 vita:
744 3270 805 3308 se
850 3254 1085 3324 quotidie
1118 3253 1314 3320 positos
1345 3252 1653 3317 attendant,
1699 3262 1752 3307 et
1780 3267 1889 3322 cor_

297 3349 440 3417 quod
473 3348 501 3385 ά
537 3348 827 3416 przevidere
859 3346 1078 3398 vulnera
1113 3359 1213 3398 non
1252 3352 1448 3412 potest,
1479 3353 1629 3397 scuto
1658 3343 1872 3397 solliciti

297 3440 505 3494 timoris
555 3447 757 3508 tegant;
814 3445 871 3490 ut
925 3433 1130 3488 occulta
1175 3433 1476 3488 insidiantis
1504 3432 1671 3487 hostis
1702 3433 1874 3501 iacula

292 3531 733 3601 perhorrescant,
754 3537 809 3582 et
840 3528 892 3581 in
922 3534 1029 3579 tam
1059 3525 1346 3593 caliginoso
1376 3524 1670 3579 certamine
1697 3525 1872 3578 inten-

296 3623 441 3677 tione
470 3621 721 3675 contioua
749 3620 885 3671 intra
915 3616 1107 3679 mentis
1152 3626 1325 3669 castra
1368 3630 1425 3669 se
1455 3616 1715 3669 muniant.
1742 3614 1872 3669 Nam

291 3713 333 3767 si
382 3727 427 3767 τι
466 3709 961 3779 circumspectionis
1012 3706 1366 3762 sollicitudine
1412 3722 1504 3761 cor
1532 3707 1874 3773 destituitur,

292 3811 601 3865 vulneribus
629 3807 886 3876 aperitur,
904 3805 1027 3873 quia
1050 3806 1217 3860 hostis
1238 3805 1464 3861 callidus
1490 3812 1633 3858 tanto
1656 3804 1876 3859 liberius

293 3913 478 3972 pectus
524 3900 773 3971 percutit,
803 3906 1003 3967 quanto
1053 3897 1246 3952 nudum
1294 3912 1324 3951 a
1372 3896 1719 3966 providentiae
1769 3897 1880 3967 90

293 3995 458 4048 lorica
502 3990 880 4061 deprehendit.
930 3989 1261 4043 Admonendi
1302 3998 1427 4043 sunt
1463 3990 1551 4057 qui
1600 3990 1875 4058 repentina

293 4085 733 4153 concupiscentia
783 4089 1123 4149 superantur,
1166 4088 1222 4133 ut
1248 4094 1436 4134 curare
1464 4079 1621 4133 nimis
1670 4090 1877 4134 terrena

294 4178 615 4230 desnescant
641 4192 654 4238 ;
680 4176 803 4243 quia
836 4176 1183 4236 intentionem
1218 4189 1368 4228 suam
1393 4175 1517 4227 dum
1544 4175 1700 4230 rebus
1729 4186 1875 4229 tran-

297 4266 494 4320 sitoriis
545 4266 950 4319 immoderatius
1002 4265 1308 4333 implicant,
1370 4266 1565 4334 quibus
1604 4268 1877 4335 culparum

296 4360 484 4429 iaculis
525 4360 905 4427 transﬁgantur
935 4358 1198 4426 ignorant.
1243 4356 1394 4411 Unde
1424 4367 1475 4410 et
1507 4372 1600 4423 per
1629 4358 1875 4411 Salomo-

1973 3154 2186 3207 Ctecitas
2218 3163 2416 3207 nostra:
2445 3156 2768 3209 inlirtnitatis
2793 3159 3135 3225 exprimitur,
3154 3161 3277 3228 quia
3301 3163 3553 3232 quidquid

1973 3244 2312 3298 adversitatis
2340 3244 2395 3298 iu
2434 3256 2591 3299 nocte
2622 3248 2865 3300 imminet
2898 3264 3003 3302 non
3035 3250 3262 3303 vitletnr.
3298 3252 3555 3309 Uniuscu~

1972 3337 2168 3407 jusque
2197 3354 2323 3407 ergo
2350 3341 2495 3394 ensis
2523 3356 2683 3409 super
2731 3342 2900 3395 femur
2936 3357 3089 3397 suum
3125 3346 3336 3411 ponitur
3373 3343 3401 3382 ιι
3435 3363 3556 3414 pro-

1978 3440 2094 3499 pter
2120 3443 2337 3488 timores
2360 3443 2668 3500 nocturnos,
2696 3435 2819 3503 quia
2844 3436 3093 3491 videlicet
3113 3439 3279 3491 sancti
3310 3439 3403 3492 viri
3427 3439 3557 3497 dum

1977 3538 2039 3577 ea
2090 3538 2209 3592 quae
2254 3540 2356 3578 non
2389 3524 2571 3579 vident
2600 3534 2871 3589 metuunt,
2904 3527 2969 3579 ad
3002 3526 3349 3581 intentionem
3380 3538 3554 3583 certa-

1977 3616 2134 3670 minis
2165 3616 2334 3684 parati
2364 3630 2577 3685 semper
2621 3618 2895 3671 assistunt.
2932 3618 3068 3671 llinc
3102 3634 3313 3673 rursum
3344 3634 3557 3681 Sponsas

1977 3707 2168 3763 dicitur
2197 3726 2210 3761 :
2243 3707 2418 3762 Nasus
2447 3717 2562 3763 tutts
2584 3711 2712 3762 sicut
2746 3712 2901 3763 turris
2956 3726 3070 3779 quae
3117 3722 3192 3764 est
3246 3713 3298 3764 in
3358 3711 3555 3764 Libano

1978 3802 2147 3872 (Cant.
2171 3818 2263 3867 vn,
2282 3801 2358 3872 ιι).
2377 3801 2506 3856 Rem
2532 3818 2757 3872 namque
2781 3816 2937 3871 quam
2962 3806 3129 3858 oculis
3148 3820 3247 3858 non
3267 3808 3557 3872 cernimus,

1980 3896 2291 3965 plerumque
2343 3896 2508 3951 odore
2538 3898 2913 3965 praevidemus.
2966 3898 3066 3951 Per
3115 3914 3302 3953 nasum
3349 3915 3560 3970 quoque

1979 3988 2174 4043 odores
2207 3987 2506 4057 fetoresque
2534 3990 2908 4044 discernimus.
2934 3990 3069 4055 Quid
3101 4006 3227 4059 ergo
3253 4006 3343 4058 per
3373 4008 3581 4049 nasum

1984 4082 2259 4148 Ecclesiae,
2281 4082 2383 4136 nisi
2411 4092 2717 4137 sanctorum
2749 4083 2973 4151 provida
3016 4084 3267 4139 discretio
3311 4084 3559 4155 designa-

1982 4175 2101 4229 tur?
2127 4176 2226 4242 Qui
2268 4176 2424 4229 etiam
2468 4176 2597 4229 turri
2641 4175 2829 4229 similis
2860 4191 2976 4243 quae
3008 4186 3089 4229 est
3119 4177 3168 4229 in
3198 4176 3400 4231 Libano
3430 4178 3561 4232 dici-

1984 4276 2086 4331 tur,
2120 4267 2238 4336 quia
2270 4266 2500 4319 discreta
2527 4282 2711 4319 eorum
2750 4266 3077 4334 providentia
3125 4270 3195 4319 ita
3234 4267 3286 4320 in
3330 4269 3438 4321 alto
3463 4269 3563 4323 sita

1983 4368 2086 4421 cst,
2122 4368 2175 4410 ut
2206 4358 2553 4411 tentationum
2582 4360 2875 4411 certamina
2903 4368 2957 4411 et
2999 4358 3301 4427 priusquam
3347 4359 3563 4414 veniant

301 4462 421 4507 nem
475 4467 578 4505 vox
639 4450 878 4520 percussi
931 4458 986 4504 et.
1030 4449 1345 4504 dormientis
1394 4450 1736 4516 exprimitur,
1787 4451 1878 4515 qui
1910 4419 1956 4477 θ
1992 4447 2188 4513 videat,
2216 4455 2269 4501 ct
2292 4456 2473 4501 contra
2504 4462 2564 4500 ea
2595 4447 2721 4501 dum
2766 4451 3008 4501 venerint
3060 4449 3255 4501 munita
3286 4449 3562 4503 subsistat.

303 4546 375 4598 ait
402 4544 828 4597 :Yerberaverunt
856 4560 955 4608 me,
987 4543 1075 4596 sed
1096 4560 1195 4596 non
1221 4543 1362 4595 dolui
1388 4560 1406 4607 ;
1442 4553 1463 4579 ε
1498 4553 1758 4597 traxerunt
1784 4562 1887 4611 me,

307 4648 352 4688 et
375 4654 465 4706 ego
496 4654 596 4688 non
622 4636 772 4689 sensi.
812 4633 1029 4700 Quando
1054 4634 1315 4702 evigilabo,
1346 4644 1393 4687 et
1419 4651 1618 4687 rursum
1651 4637 1769 4687 vina
1796 4652 1882 4688 re-

308 4731 497 4796 periam
512 4727 693 4781 (Prov.
715 4742 901 4791 xxvnt,
917 4724 1044 4794 55’)?
1066 4726 1211 4779 Mens
1225 4726 1415 4795 quippe
1435 4741 1464 4780 a
1483 4742 1606 4781 cura
1624 4743 1731 4780 sua:
1746 4728 1886 4782 solli.

383 4875 406 4901 '
436 4864 633 4927 l.aud.,
663 4863 895 4915 innoxia.

384 4936 408 4973 ι’
437 4936 671 4993 Gemet.,
706 4935 869 5001 plagis
892 4930 1153 4996 vapulabit
1184 4929 1380 4984 multis.

384 5018 405 5043 ε
432 5005 623 5067 Lattd.,
646 5005 975 5066 scientesque.

378 5074 404 5111 *³
441 5078 647 5128 lla'bent
668 5074 870 5142 antiqui
904 5072 1029 5125 Mss.
1056 5070 1233 5135 Trec.,
1262 5069 1485 5135 Bellov.,
1509 5070 1740 5133 Gemet.,
1768 5087 1882 5137 pro~

312 5147 501 5200 cidere.

384 5226 409 5255 ο
449 5216 631 5274 ϐοιὺ..
658 5213 1022 5279 Irunsﬁxerunt
1046 5226 1142 5263 me.
1175 5209 1369 5263 Indicia
1395 5218 1519 5263 snnt
1543 5210 1887 5265 correctionis

314 5286 463 5340 facta:
494 5286 545 5338 in
575 5284 749 5346 Trec.,
784 5282 871 5336 ubi
897 5282 1105 5334 videtur
1129 5281 1255 5332 olim
1282 5282 1352 5333 ita
1382 5282 1594 5334 lectum.
1625 5280 1884 5334 Cmtertun

313 5359 558 5413 lcetionis
592 5357 742 5421 hujus
773 5353 1119 5405 fundamenta
1160 5352 1321 5415 nulla,
1352 5352 1497 5404 nulla
1537 5352 1761 5421 vestigia
1796 5369 1889 5403 ex-

311 5439 453 5480 stant
494 5438 585 5480 aut
620 5420 668 5478 iu
704 5424 863 5477 llebr.
904 5433 1080 5480 textu,
1114 5431 1200 5474 aut
1230 5423 1279 5473 in
1314 5422 1473 5475 variis
1517 5420 1631 5489 ejus
1664 5423 1888 5475 transla-

314 5499 562 5552 tionibus.
595 5496 768 5562 Neque
793 5494 873 5546 sic
903 5491 1033 5557 legit
1049 5490 1493 5560 Gregorius,cmn
1520 5501 1699 5558 postea
1728 5494 1883 5553 dicat,

312 5568 480 5623 locum
506 5568 645 5619 hunc
667 5563 989 5633 explicando
1015 5564 1286 5633 atra/titur,
1309 5572 1353 5615 et
1379 5578 1696 5633 nequaquam
1718 5564 1885 5633 sanxit.

387 5637 405 5678 ί
439 5638 629 5703 Corb.,
655 5630 899 5702 (latitat.I
941 5630 1117 5697 ὕειν..
1151 5634 1336 5700 Laud.,
1362 5633 1609 5704 Longip.,
1640 5631 1753 5688 Val.
1780 5635 1899 5701 til.,_

1993 4546 2121 4610 Quae
2163 4545 2303 4598 enim
2334 4544 2508 4597 futura
2540 4544 2917 4610 prmvidentnr,
2948 4558 3065 4595 cum
3113 4542 3397 4609 prmsentia
3445 4541 3561 4596 fue-

1992 4635 2123 4700 rint,
2161 4633 2179 4672 ι
2217 4634 2439 4688 minoris
2462 4634 2672 4687 virtutis
2700 4636 2865 4698 liunt;
2892 4639 3011 4701 quia
3041 4632 3164 4685 tlum
3193 4644 3375 4686 contra
3404 4632 3565 4687 ictum

1993 4730 2216 4798 quisque
2254 4728 2485 4796 paratior
2514 4725 2774 4789 redditur,
2808 4725 2975 4779 hostis
3017 4723 3187 4793 quise
3238 4725 3566 4793 inopinatum

1994 4858 2223 4921 'l‘heod.,
2257 4858 2404 4910 modo
2432 4858 2596 4909 undas
2623 4873 2869 4927 superans
2900 4858 3084 4918 calcat,
3118 4856 3268 4909 modo
3317 4857 3421 4908 alia
3451 4873 3569 4925 pro-

1993 4930 2165 4981 videns
2196 4928 2433 4993 declinat,
2466 4929 2617 4981 modo
2650 4940 2909 4980 ventorum
2938 4930 3153 4983 impetus
3195 4943 3283 4994 per
3312 4927 3567 4993 obliquum

1994 4999 2164 5066 ﬁndit.
2208 4997 2312 5052 Ita.
2353 5000 2576 5053 Exeusis
2605 4999 2963 5067 sull‘ragantur
3002 4997 3318 5060 Treccnsis,
3359 4996 3567 5050 Cernat.

1994 5083 2040 5123 et
2076 5072 2148 5122 al.

2066 5148 2090 5185 ε
2123 5139 2341 5195 Recent.
2378 5138 2472 5191 Ed.
2496 5178 2509 5200 ,
2540 5139 2849 5207 vigilantem.
2900 5136 3211 5203 Repugnant
3237 5136 3360 5193 Mss.
3403 5136 3569 5191 Obcst

1991 5223 2180 5263 sensus
2207 5225 2235 5262 a
2267 5221 2449 5263 sancto
2482 5212 2709 5261 ltoctore
2742 5208 3063 5275 pr0positns.

2066 5278 2089 5315 δ
2133 5281 2183 5333 1η
2212 5279 2475 5348 plerisque
2505 5280 2625 5342 Ed.,
2661 5288 2867 5345 propter
2896 5278 3199 5330 tentationes
3234 5277 3334 5330 sive
3362 5278 3567 5331 timores

1992 5362 2286 5403 nocturnos.
2323 5349 2595 5401 Glossema
2628 5358 2727 5402 est.

2069 5421 2084 5458 ί
2124 5422 2232 5474 llnc
2252 5428 2352 5482 est,
2379 5422 2568 5471 minori
2598 5421 2643 5471 vi
2672 5418 2908 5487 pulsant;
2937 5418 3076 5487 quod
3110 5418 3335 5473 fortasse
3358 5434 3462 5472 non
3488 5420 3560 5471 ina
3608 5474 3615 5480 ,

1994 5492 2293 5559 tclligentes
2346 5490 2620 5554 Editores,
2678 5499 2949 5543 mutarunt
2998 5489 3197 5541 virtutis
3243 5490 3293 5544 in
3343 5490 3543 5545 timoris

1997 5561 2483 5617 contradicentibus
2509 5568 2768 5632 quotquot
2800 5561 3022 5631 legimus
3050 5561 3175 5617 Mss.
