4014 6344
397 268 496 325 ΗΚ

1597 263 1841 320 SANCTI
1881 262 2212 320 GREGORII
2250 263 2462 320 MAGNI

3568 262 3670 318 116

396 387 500 460 91
532 385 775 449 credidit,
809 400 874 440 eo
898 384 1013 455 ipso
1042 398 1147 453 quo
1175 382 1430 449 praevisus
1491 390 1594 447 est,
1655 388 1963 435 enervatur.
1997 383 2044 440 Α
2074 381 2216 434 enim
2244 396 2337 435 sua
2369 381 2414 436 si
2445 380 2750 449 despiciunt
2777 379 2964 434 timere
2992 392 3111 459 cum
3161 384 3389 446 pensant
3415 419 3430 440 ,
3461 375 3666 433 debent

468 483 534 532 At
564 485 748 533 contra
790 477 1110 531 admonendi
1144 484 1268 530 sunt
1312 477 1402 545 qui
1435 474 1487 529 in
1517 475 1672 543 culpa
1706 491 1771 528 ex
1802 475 1978 529 consi-

311 637 347 645 η
399 569 472 625 lio
520 569 768 638 ligantur,
801 579 1066 636 quatenus
1116 566 1333 635 provida
1383 567 1810 620 consideratione
1856 579 1978 633 per-

398 661 653 726 pendant,
677 661 797 728 quia
826 658 952 711 dum
983 658 1118 710 mala
1139 673 1200 710 et
1227 655 1425 724 judicio
1457 656 1981 719 laciuut,districtius

398 760 583 803 contra
629 763 687 804 se
726 748 985 818 judicium
1037 747 1361 810 accendunt;
1409 756 1465 800 ut
1496 756 1639 800 tanto
1667 761 1760 800 eos
1801 746 1985 799 durior

400 840 660 892 sententia
695 839 879 903 feriat,
913 847 1112 907 quanto
1139 837 1259 891 illos
1291 839 1348 891 in.
1369 838 1520 905 culpa
1545 841 1744 892 arctius
1775 837 1982 890 vincula

399 933 802 986 deliberationis
831 932 1013 1000 ligant.
1045 929 1210 986 Citius
1243 933 1469 986 fortasse
1497 931 1689 984 delicta
1724 930 1984 996 pceuiten-

400 1026 468 1078 do
492 1024 792 1088 abluerent,
814 1025 856 1077 si
889 1024 938 1076 iu
961 1023 1041 1076 his
1062 1024 1170 1077 sola
1198 1023 1621 1092 prtecipitatioue
1644 1021 1982 1075 cecidissent.

402 1116 533 1169 Nam
575 1115 776 1168 tardius
822 1123 1095 1182 peccatum
1143 1115 1365 1168 solvitur
1413 1114 1552 1183 quod
1600 1122 1654 1168 et
1693 1129 1784 1180 per
1808 1113 1982 1167 consi-

404 1208 534 1260 lium
565 1205 844 1261 solidatur.
873 1205 982 1260 Nisi
1013 1207 1155 1260 enim
1221 1220 1374 1260 mens
1404 1205 1549 1259 omni
1599 1206 1758 1260 modo
1789 1215 1986 1258 :nterna

402 1298 733 1366 despiceret,
759 1296 810 1350 in
843 1297 998 1364 Culpa
1048 1311 1110 1350 ex
1159 1296 1360 1366 judicio
1389 1312 1495 1351 non
1527 1297 1746 1366 periret.
1799 1305 1824 1333 ἰ
1875 1296 1989 1350 Hoc

400 1404 530 1455 ergo
583 1387 1005 1456 praacipitatione
1053 1388 1214 1455 lapsis
1249 1403 1342 1455 per
1368 1389 1646 1442 consilium
1679 1389 1986 1457 'pereuntes

400 1477 673 1544 dill'erunt,
699 1478 838 1546 quod
863 1491 983 1530 cum
1009 1476 1061 1530 hi
1090 1493 1121 1531 a
1153 1487 1293 1533 statu
1319 1479 1543 1547 justitiie
1571 1478 1842 1546 peccando
1863 1491 1990 1531 con-

401 1570 602 1636 cidunt,
637 1570 947 1639 plerumque
966 1571 1122 1623 simul
1154 1580 1207 1624 et
1231 1570 1281 1625 in
1315 1572 1561 1640 laqueum
1589 1568 1986 1639 desperationis

403 1661 620 1714 cadunt.
651 1661 785 1713 llinc
814 1669 896 1713 est
940 1660 1083 1728 quod
1114 1676 1206 1728 per
1240 1662 1555 1729 prophetam
1590 1661 1848 1714 Dominus
1881 1674 1986 1712 nou

2085 470 2370 524 formidare
2399 485 2517 524 cum
2544 479 2847 525 numerant.
2882 470 3029 524 Altos
3057 469 3256 538 quippe
3298 468 3539 539 gurgites
3568 467 3667 523 llu-

2083 562 2308 626 miuum,
2341 576 2519 629 parva:
2561 564 2654 616 sed
2697 561 2993 616 innumerae
3025 562 3238 630 replent
3269 570 3432 631 gutta:
3467 561 3668 631 pluvia-

2084 670 2225 710 rum.
2259 655 2324 709 Et
2354 655 2455 708 hoc
2487 656 2600 726 agit
2653 656 2863 728 sentina
2893 655 3121 709 latenter
3147 668 3496 720 excrescens,
3527 655 3671 724 quod

2085 754 2328 816 patenter
2352 746 2584 814 procella
2604 745 2851 800 saeviens.
2878 745 2942 799 Et
2964 745 3165 799 minuta
3197 756 3324 800 sunt
3347 759 3467 815 quae
3493 759 3674 800 erum-

2088 850 2218 916 punt
2248 839 2504 894 membris
2535 855 2631 908 per
2657 841 2893 895 scabiem
2927 840 3172 918 vulnera.
3200 841 3293 895 sed
3321 857 3440 896 cum
3487 843 3671 896 multi-

2088 930 2216 983 tudo
2263 945 2447 984 eorutn
2480 930 2947 1004 innumerabiliter
2977 939 3239 998 occupat,
3259 932 3335 985 sic
3361 931 3522 984 vitam
3552 947 3675 985 cor-

2089 1020 2233 1089 poris
2263 1021 2397 1074 sicut
2427 1005 2588 1076 unum
2620 1035 2782 1090 grave
2809 1021 3066 1075 inllictum
3091 1023 3200 1102 92
3231 1023 3431 1091 pectori
3474 1022 3674 1078 vulnus

2089 1119 2264 1168 necat.
2297 1112 2428 1165 llinc
2450 1111 2695 1166 videlicet
2721 1112 2978 1185 scriptum
3000 1121 3083 1166 est
3109 1129 3122 1164 :
3172 1113 3177 1120 '

2164 1202 2266 1265 Qui
2315 1202 2516 1254 modica
2558 1203 2780 1269 spernit,
2817 1202 3064 1270 paulatim
3108 1203 3297 1256 decidit
3328 1202 3519 1274 (Eccli.
3550 1218 3676 1268 nx,

2095 1290 2169 1359 l).
2202 1292 2304 1356 Qui
2335 1291 2477 1345 enim
2508 1301 2722 1360 peccata
2757 1292 2977 1346 minima
3008 1292 3137 1347 ﬂere
3164 1307 3226 1347 ac
3254 1293 3494 1368 devitarc
3512 1294 3681 1363 neglig

2091 1382 2187 1452 git,
2217 1398 2244 1435 a
2276 1390 2416 1436 statu
2442 1383 2663 1452 justitia:
2714 1398 2818 1437 non
2846 1384 3060 1452 quidem
3095 1395 3334 1453 repente,
3364 1385 3458 1440 sed
3507 1377 3677 1454 parti-.-

2094 1476 2192 1526 bus
2225 1482 2365 1527 totus
2386 1473 2549 1526 cadit.
2581 1474 2918 1528 Admouendi
2955 1458 3188 1543 suntqui
3215 1476 3265 1528 in
3303 1474 3536 1528 minimis
3575 1476 3681 1529 fre-

2093 1573 2318 1632 quenter
2343 1566 2641 1630 excedunt,
2674 1574 2730 1619 ut
2760 1565 2992 1620 sollicite
3022 1565 3368 1620 considerent
3395 1566 3515 1635 quia
3546 1582 3682 1621 non-

2098 1671 2367 1724 nunquam
2401 1657 2450 1708 in
2486 1671 2645 1723 parva
2697 1657 2966 1721 deterius,
2999 1671 3158 1724 quam
3209 1659 3262 1710 in
3309 1647 3497 1726 majori
3526 1659 3682 1727 culpa

403 1763 507 1803 tam
540 1751 1022 1819 przecipitationum
1052 1768 1236 1821 prava,
1269 1768 1426 1821 quam
1458 1753 1778 1806 delictorum
1811 1753 1988 1805 studia
2024 1743 2066 1800 Β
2099 1755 2368 1815 peccatur.
2399 1747 2570 1815 Major
2600 1749 2745 1801 enim
2775 1762 2880 1816 quo
2907 1747 3064 1800 citius
3095 1748 3215 1815 quia
3238 1747 3308 1801 sit
3332 1748 3485 1818 culpa
3512 1762 3680 1816 agno~

404 1842 773 1911 reprehendit,
803 1842 988 1898 dicens
1015 1861 1028 1896 :
1063 1843 1146 1897 Ne
1176 1845 1308 1911 forte
1337 1845 1632 1914 egrediatur
1661 1853 1716 1897 ut
1748 1845 1882 1914 ignis
1912 1846 1993 1898 in-

406 1937 634 2006 dignatio
661 1952 793 2001 mea,
825 1946 871 1988 et
901 1937 1262 2004 succenda-‘ur,
1282 1949 1329 1991 et
1357 1956 1458 1991 non
1480 1941 1545 1992 sit
1573 1940 1661 2007 qui
1680 1941 1989 2008 exstinguat,

405 2038 612 2096 propter
649 2029 898 2082 malitiam
937 2029 1226 2082 studiorum
1266 2040 1545 2083 vestrorum
1601 2027 1735 2100 (Jer.
1779 2045 1832 2083 Iv
1856 2071 1870 2095 ,
1911 2011 1990 2098 ἢ.

409 2122 543 2175 llinc
583 2123 773 2176 iterum
827 2123 992 2180 iratus
1029 2123 1162 2176 dicit
1204 2140 1216 2174 :
1267 2122 1497 2176 Visitabo
1537 2139 1691 2190 super
1730 2139 1814 2176 vos
1837 2125 1995 2193 juxta

407 2213 633 2279 fructum
672 2213 958 2265 studiorum
998 2225 1278 2266 vestrorum
1318 2212 1480 2282 (Ibid.
1526 2229 1684 2278 XXIII,
1728 2211 1810 2282 2).
1861 2213 1994 2277 Quia

408 2320 538 2374 ergo
568 2304 800 2371 peccatis
829 2304 949 2356 aliis
977 2302 1231 2356 dillerunt
1272 2313 1487 2372 peccata
1519 2320 1636 2369 qua:
1684 2318 1779 2372 per
1819 2303 1997 2357 consi-

408 2397 538 2448 lium
580 2405 1120 2465 perpetrantur,non
1183 2407 1286 2449 tam
1341 2413 1503 2465 prave
1555 2399 1691 2451 facta
1742 2399 1996 2452 Dominus

407 2505 564 2554 quam
589 2489 762 2542 studia
786 2489 1066 2557 pravitatis
1100 2489 1418 2562 insequitur.
1451 2490 1503 2543 lu
1535 2489 1689 2544 lat-tis
1721 2491 1863 2545 enim
1895 2505 1998 2545 sa:-

409 2595 474 2646 pe
503 2578 833 2644 iulirmitate,
858 2593 1003 2647 sazpe
1035 2578 1373 2647 negligentia,
1399 2581 1450 2634 in
1481 2579 1671 2634 studiis
1694 2595 1823 2636 vero
1846 2581 1997 2635 mali-

407 2671 544 2728 tiosa
576 2683 789 2737 semper
821 2665 1115 2724 intentione
1147 2679 1421 2737 peccatur.
1458 2660 1587 2737 Quo
1611 2680 1801 2727 contra
1852 2679 1996 2725 recte

411 2760 556 2815 beati
587 2759 684 2814 viri
723 2763 1068 2828 expressioue
1098 2776 1190 2830 per
1222 2762 1545 2831 Prophelam
1577 2763 1774 2835 dicitur
1804 2782 1815 2816 :
1847 2762 1914 2816 Et
1943 2765 1997 2817 in

408 2849 652 2901 cathedra
691 2850 993 2917 pestilentia?
1053 2867 1157 2902 non
1195 2850 1327 2903 sedit
1367 2850 1496 2915 (Ps.
1540 2867 1576 2917 I,
1625 2852 1699 2920 l).
1730 2835 1996 2907 Cathedra

408 2941 601 3009 quippe
626 2940 825 3009 judicis
854 2956 974 2995 esse
999 2943 1078 2996 vel
1111 2943 1450 3011 praesidentis
1472 2945 1630 3001 solet.
1661 2946 1715 2999 In
1742 2945 1996 3001 cathedra

409 3040 587 3090 autem
621 3032 939 3100 pestilentia:
967 3032 1180 3099 sedere,
1213 3044 1292 3089 est
1319 3050 1384 3090 ex
1413 3036 1613 3105 judicio
1657 3052 1817 3106 prava
1849 3053 1998 3094 com-

411 3123 624 3176 mittere
668 3140 679 3173 :

411 3214 620 3274 ratione
651 3212 788 3266 mala
829 3213 1172 3279 discernere,
1204 3225 1255 3270 et
1301 3226 1474 3271 tamen
1504 3232 1570 3272 ex
1609 3217 2001 3275 deliberatione

411 3313 741 3372 perpetrare.
772 3303 936 3370 Quasi
963 3305 1014 3358 in
1047 3306 1280 3373 perversi
1307 3308 1514 3361 consilii
1542 3310 1796 3364 cathedra
1827 3312 2001 3380 sedet,

411 3398 499 3464 qui
533 3405 674 3450 tanta
718 3395 1012 3464 iniquitatis
1039 3397 1270 3452 elatione
1300 3400 1576 3466 attollitur,
1609 3410 1667 3455 ut
1696 3403 1998 3471 adimplere

415 3489 612 3540 malum
636 3488 796 3545 etiam
831 3503 927 3557 per
954 3489 1172 3544 consilia
1205 3503 1446 3545 conetur.
1482 3493 1548 3546 Et
1572 3495 1712 3548 sicut
1741 3497 2002 3550 assisten-

415 3580 558 3633 tibus
589 3579 758 3638 turbis
790 3582 997 3650 prtnlati
1051 3590 1176 3636 sunt
1220 3584 1309 3651 qui
1337 3584 1610 3638 cathedrae
1651 3585 1856 3641 honore
1903 3587 2004 3640 ful-

422 3671 671 3735 ciuntur,
709 3671 779 3723 ita
809 3670 1001 3724 delicta
1053 3685 1238 3725 eorum
1284 3673 1373 3739 qui
1424 3674 1842 3743 prtecipitatione
1890 3693 2008 3731 cor-

415 3770 600 3826 ruunt,
630 3761 890 3829 exquisita
922 3775 1015 3828 per
1041 3763 1272 3815 studium
1332 3771 1544 3830 peccata
1601 3769 2004 3822 transcendunt.

415 3849 756 3917 Admonendi
788 3864 915 3918 ergo
947 3859 1092 3915 sunt,
1127 3859 1182 3903 ut
1214 3851 1340 3904 hinc
1367 3852 1619 3921 colligant
1644 3855 1730 3924 qui
1759 3856 1812 3910 in
1850 3859 2006 3927 culpa

419 3943 580 3998 etiam
606 3957 665 3996 se
696 3957 790 4011 per
810 3942 1088 3996 consilium
1121 3943 1421 4014 ligant,qua
1449 3948 1769 4017 quandoque
1802 3951 2007 4008 ultione

422 4035 648 4093 feriendi
701 4044 860 4098 sunt,
896 4036 984 4105 qui
1034 4051 1175 4094 nunc
1223 4053 1507 4106 pravorum
1557 4056 1664 4100 non
1713 4045 1880 4113 socii,
1914 4046 2007 4101 sed

421 4125 448 4168 ιι
478 4126 750 4196 principes
778 4126 929 4190 (lunt.

772 4239 1000 4296 CAPUT
1032 4240 1248 4296 XXXI“
1280 4241 1395 4314 [ΑΙ.
1427 4242 1650 4314 LVII].

425 4351 696 4420 Quomodo
736 4355 1047 4409 admonendi
1071 4356 1160 4425 qui
1200 4356 1448 4423 minimis,
1488 4358 1579 4410 sed
1603 4359 1794 4412 crebris
1825 4360 2004 4425 noxis,

499 4435 545 4477 ct
568 4426 653 4492 qui
686 4426 922 4478 minimas
945 4440 1174 4480 caventes
1196 4427 1432 4496 gravibus
1476 4429 1752 4496 aliquando
1798 4431 2007 4484 immer-

494 4506 701 4566 guntur.

495 4586 815 4656 (Admonitio
844 4584 977 4658 54.)
1011 4587 1178 4652 Aliter
1219 4589 1542 4646 admonendi
1569 4601 1692 4645 sunt
1737 4593 1860 4662 qui,
1889 4594 2012 4649 licet

425 4678 665 4742 minima,
699 4680 892 4741 crebro
925 4688 1102 4736 tamen
1136 4680 1325 4739 illicita
1358 4681 1590 4748 iaciunt;
1643 4692 1803 4753 atque
1857 4687 2011 4740 aliter

424 4771 512 4837 qui
540 4785 598 4824 se
630 4786 658 4822 a
692 4771 866 4838 parvis
893 4772 1224 4837 custodiunt,
1257 4773 1351 4828 sed
1376 4774 1662 4843 aliquando
1686 4777 1736 4830 iu
1762 4778 2012 4846 gravibus

423 4863 825 4930 demerguntur.
861 4863 1200 4918 Admonendi
1229 4877 1352 4917 sunt
1382 4867 1472 4934 qui
1504 4870 1747 4936 quamvis
1772 4871 1822 4921 in
1850 4869 2003 4930 mini-

426 4954 558 5018 mis,
586 4953 678 5007 sed
715 4963 887 5008 tamen
921 4955 1232 5024 frequenter
1258 4958 1520 5012 excedunt
1540 4998 1556 5024 ,
1587 4969 1644 5011 ut
1673 4977 2006 5030 nequaquam

424 5045 767 5102 considerent
813 5045 1010 5116 qualia,
1049 5047 1141 5103 sed
1196 5060 1391 5118 quanta
1443 5053 1799 5104 committunt.
1853 5053 2010 5108 Facta

496 5203 520 5232 α
553 5192 714 5254 Editi,
748 5191 842 5243 hac
884 5206 1001 5260 ergo
1028 5189 1433 5259 pra'cipitatione
1463 5189 1595 5258 lapsi
1626 5204 1714 5260 per
1738 5189 2004 5241 consilium

423 5259 978 5335 pereuntes‘di/feruut,
1005 5263 1054 5335 in
1079 5263 1273 5335 quib_us
1301 5275 1491 5335 sensus
1519 5259 2007 5335 desideratur._l_.e_-

425 5330 655 5405 gendum
689 5330 941 5405 igitur,ut
965 5331 1163 5384 habent
1187 5331 1369 5405 Trecq
1409 5330 1861 5405 CorbisTheod‘"
1891 5330 2003 5405 Val.

423 5400 529 5465 CL,
566 5402 754 5460 l.atttl.,
797 5400 1019 5470 Norms,
1081 5412 1192 5454 etc.
1245 5401 1360 5453 Hoc
1386 5419 1525 5470 ergo,
1561 5400 1611 5452 id
1661 5408 1761 5463 est,
1811 5402 1863 5451 in
1918 5401 2012 5453 hoc

427 5472 832 5542 praecipitatione
873 5469 1052 5536 lapsis,
1087 5471 1134 5521 id
1182 5479 1260 5524 εει
1289 5513 1303 5535 ,
1336 5473 1397 5523 ab
1431 5475 1506 5524 his
1527 5473 1612 5540 qui
1645 5488 1732 5537 per
1773 5472 2010 5536 prwcipi‘

426 5539 667 5597 tationem
687 5539 947 5609 labuntur,
975 5543 1379 5609 perpensi/ium,
1403 5557 1497 5595 seu
1538 5539 1601 5593 ex
1630 5541 2007 5609 deliberatione,

427 5621 688 5676 pereuntes
727 5605 995 5678 ili/lerunt.
1048 5608 1167 5662 Vel.
1203 5610 1327 5662 Mss.
1363 5614 1558 5671 habent
1605 5612 1761 5667 [absis
1803 5629 1896 5678 pro
1927 5605 2003 5663 lu;

426 5687 552 5752 psis.
583 5681 637 5736 lu
684 5677 889 5734 'l‘hcod.
924 5678 1134 5746 legitur,
1167 5695 1199 5732 a
1242 5683 1605 5749 prwcipatiunc
1635 5677 1814 5756 lapsis.
1849 5683 2009 5752 Inita,

723 3121 776 3175 in
807 3123 1060 3178 cathedra
1117 3102 1439 3194 pestilentim
1469 3102 1690 3196 sedere“,
1723 3138 1805 3183 est
1833 3139 1890 3184 et
1933 3145 1996 3184 ex
2029 3102 2075 3166 (ἶ

2094 1839 2283 1905 scitur,
2304 1853 2368 1892 eo
2391 1839 2550 1892 etiam
2577 1839 2806 1892 celerius
2823 1837 3176 1905 emendatur;
3206 1841 3380 1893 minor
3402 1853 3530 1894 vero
3552 1839 3678 1892 dum

2096 1932 2246 2000 quasi
2282 1933 2429 1985 nulla
2451 1932 2707 1999 creditur,
2728 1947 2794 1987 eo
2835 1933 2988 2002 pejus
3013 1948 3117 2002 quo
3146 1944 3199 1987 et
3229 1933 3471 1992 securius
3503 1935 3554 1989 in
3583 1951 3683 2008 usq

2097 2024 2378 2078 retinetur.
2424 2023 2573 2078 Unde
2605 2025 2660 2077 tit
2692 2024 3006 2092 plerumque
3037 2033 3095 2077 ut
3125 2038 3277 2079 mens
3308 2037 3520 2082 assueta
3566 2042 3685 2081 ma~

2098 2112 2162 2166 lis
2189 2114 2393 2167 levibus
2426 2128 2527 2168 nec
2551 2115 2730 2182 gravia
2764 2113 3170 2182 perhorrescat,
3205 2124 3364 2186 atque
3393 2117 3459 2171 ad
3499 2133 3686 2187 quam-

2098 2205 2217 2258 dam
2243 2204 2612 2257 auctoritatem
2643 2204 2894 2274 nequitia:
2922 2220 3016 2273 per
3039 2206 3220 2275 culpas
3251 2210 3452 2262 nutrita
3487 2224 3686 2278 perve-

2099 2297 2242 2362 niat;
2271 2307 2324 2351 et
2354 2305 2497 2351 lauto
2525 2300 2576 2351 in
2607 2299 2899 2366 majoribus
2927 2311 3236 2356 contemnat
3274 2307 3685 2374 pertimescere,

2100 2397 2298 2458 quanto
2327 2389 2380 2442 in
2411 2389 2647 2442 minimis
2676 2390 2862 2444 didicit
2891 2406 2997 2444 non
3021 2393 3258 2449 timendo
3288 2409 3535 2464 peccare.

2171 2483 2237 2533 At
2267 2491 2454 2535 contra
2481 2481 2805 2538 admonendi
2846 2494 2971 2538 sunt
2996 2485 3084 2555 qui
3115 2503 3175 2541 se
3203 2502 3230 2540 a
3280 2489 3456 2556 parvis
3501 2496 3686 2543 custo-

2099 2572 2289 2638 diunt,
2327 2575 2419 2630 sed
2459 2577 2747 2645 aliquando
2796 2579 2847 2633 in
2892 2581 3148 2648 gravibus
3193 2582 3602 2653 demerguntur,
3635 2594 3688 2642 ut

2098 2667 2328 2723 Sollicite
2353 2669 2560 2749 seipsqs
2586 2670 3015 2740 deprehendant,
3038 2674 3162 2743 quia
3205 2675 3330 2729 dum
3363 2691 3457 2730 eor
3497 2690 3688 2732 eorum

2101 2758 2166 2814 de
2197 2761 2476 2817 custoditis
2506 2762 2742 2817 minimis
2765 2765 3061 2832 extollitur,
3093 2766 3158 2820 ad
3198 2767 3548 2836 perpetranda
3573 2751 3691 2837 gra4

2102 2851 2244 2904 viora
2265 2852 2382 2922 ipso
2403 2854 2648 2908 elationis
2664 2869 2773 2908 sua:
2797 2855 3047 2910 barathro
3068 2867 3089 2894 ο
3115 2858 3442 2912 devorantur
3461 2875 3475 2922 ;
3497 2868 3551 2912 et
3566 2861 3691 2914 dum

2100 2939 2232 2997 foris
2261 2945 2362 2998 sibi
2391 2960 2551 3014 parva
2585 2948 2913 3018 subjiciunt,
2943 2949 3036 3003 sed
3085 2964 3178 3018 per
3208 2950 3422 3005 inanem
3471 2950 3694 3024 gloriam

2104 3031 2249 3087 intus
2279 3035 2661 3102 intumescunt,
2695 3039 2951 3108 languore
2977 3040 3239 3107 superbiae
3272 3040 3592 3095 intrinsecus
3616 3041 3693 3095 vi-

2106 3135 2248 3180 etam
2281 3138 2514 3184 mentem
2555 3131 2713 3185 etiam
2746 3132 2886 3187 foras
2919 3149 3016 3202 per
3043 3133 3176 3186 mala
3223 3133 3423 3202 majora
3458 3147 3693 3204 proster-

2112 3227 2266 3270 nunt.
2293 3217 2630 3274 Adntonendi
2649 3237 2775 3290 ergo
2802 3231 2925 3276 sunt
2949 3223 3109 3291 quise
3125 3239 3152 3276 a
3173 3226 3350 3292 parvis
3369 3227 3693 3295 custodiunt,

2106 3309 2199 3367 sed
2231 3308 2516 3377 aliquando
2546 3311 2598 3365 in
2641 3312 2886 3382 gravibus
2927 3313 3332 3384 demerguntur,
3381 3331 3447 3370 ne
3496 3315 3584 3370 ubi
3633 3331 3694 3371 se

2107 3408 2251 3455 stare
2280 3403 2613 3456 extrinsecus
2644 3405 2928 3472 azstimant,
2949 3405 3019 3458 ibi
3053 3406 3371 3462 intrinsecus
3401 3409 3610 3474 cadant,
3637 3417 3695 3477 et

2105 3493 2255 3561 juxta
2279 3492 2711 3562 districtijudicis
2736 3496 3145 3551 retributionem
3175 3498 3337 3552 elatio
3366 3501 3590 3553 minoris
3611 3502 3696 3568 ju-

2111 3584 2270 3638 stitite
2298 3585 2382 3639 via
2410 3586 2499 3638 tiat
2527 3585 2591 3638 ad
2626 3585 2833 3642 foveam
2861 3589 3120 3657 gravioris
3169 3590 3360 3658 culpat.
3404 3590 3503 3657 Qui
3553 3593 3697 3655 enim

2110 3677 2246 3730 vane
2274 3676 2420 3741 elati,
2451 3677 2574 3730 boni
2607 3677 2808 3731 minimi
2844 3674 2870 3715 ἀ
2903 3681 3197 3734 custodiam
3229 3681 3338 3736 suis
3372 3681 3575 3735 viribus
3601 3683 3700 3736 tri-

2111 3766 2301 3832 buunt,
2323 3767 2467 3836 juste
2495 3768 2738 3824 derelicri
2772 3770 2944 3838 culpis
2976 3773 3266 3840 majoribus
3291 3774 3612 3840 obruuntur;
3644 3784 3698 3832 et

2111 3861 2352 3916 cadendo
2381 3861 2591 3916 discunt
2620 3877 2723 3917 non
2758 3863 2923 3919 fuisse
2950 3866 3222 3935 proprium
3247 3867 3382 3936 quod
3407 3876 3697 3934 steterunt,

2111 3964 2170 4007 ut
2209 3955 2347 4007 mala
2379 3953 2636 4010 immensa
2666 3971 2759 4010 cor
2786 3959 3102 4024 reprimant,
3135 3959 3275 4027 quod
3310 3959 3525 4013 minima
3559 3959 3701 4014 bona

2112 4045 2368 4101 exaltant.
2402 4046 2739 4101 Admonendi
2768 4055 2893 4101 sunt
2922 4059 2976 4100 ut
3003 4048 3345 4103 considerent
3374 4048 3513 4118 quod
3554 4057 3607 4102 et
3649 4050 3700 4104 in

2112 4137 2284 4206 culpis
2329 4137 2663 4208 gravioribus
2712 4138 2820 4191 alto
2849 4150 2997 4192 reatu
3030 4154 3088 4192 se
3132 4139 3411 4208 obligant,
3439 4149 3492 4195 et
3525 4149 3701 4194 tamen

2115 4229 2424 4298 plerumque
2447 4230 2496 4282 in
2528 4229 2702 4297 parvis
2723 4244 2840 4297 qua:
2862 4229 3427 4296 custodiunt,deterius
3456 4238 3702 4299 peccant,

2113 4321 2233 4389 quia
2265 4331 2318 4375 et
2345 4322 2396 4375 in
2429 4321 2533 4376 illis
2564 4321 2742 4389 iniqua
2773 4320 2993 4385 iaciunt,
3025 4329 3076 4374 et
3118 4336 3212 4389 per
3241 4321 3339 4375 ista
3371 4338 3428 4375 se
3462 4322 3696 4376 homini-

2113 4413 2213 4469 bus
2236 4412 2380 4481 quod
2410 4410 2574 4481 iniqui
2600 4421 2723 4466 sunt
2755 4419 2958 4480 t-gunt.
3005 4411 3157 4466 Unde
3189 4411 3249 4466 ﬁt
3273 4421 3331 4466 ut
3353 4427 3474 4466 cum
3499 4411 3704 4482 majora

2037 4502 2091 4562 D
2120 4505 2257 4560 mala
2290 4513 2599 4575 perpetrant
2627 4519 2807 4560 coram
2843 4505 2974 4568 Deo,
3001 4513 3198 4574 aperta:
3225 4513 3248 4541 °
3282 4506 3572 4576 iniquitatis
3600 4507 3702 4573 sit;

2117 4605 2172 4652 et
2199 4612 2318 4652 cum
2353 4612 2516 4666 parva
2547 4598 2683 4652 bona
2715 4598 3022 4651 custodiunt
3053 4611 3234 4651 euram
3267 4597 3593 4665 hominibus,
3629 4597 3703 4650 si-

2119 4689 2330 4742 mulata:
2358 4687 2673 4742 sanctitatis.
2709 4688 2839 4742 Ilinc
2864 4697 2943 4742 est
2971 4690 3113 4741 enim
3138 4688 3280 4758 quod
3311 4689 3594 4742 Pharismis
3625 4689 3705 4742 di-

2117 4780 2254 4834 citur
2288 4797 2299 4831 :
2334 4780 2609 4848 Liquantes
2647 4779 2879 4846 culicem,
2921 4779 3173 4832 catnelum
3217 4789 3390 4833 autem
3434 4779 3708 4850 glutientcs

2121 4871 2138 4938 (
2169 4870 2358 4924 Matth.
2393 4886 2521 4926 χχιιι
2543 4911 2558 4937 ,
2585 4871 2652 4924 24
2677 4871 2718 4939 ).
2750 4872 2826 4923 Ac
2855 4871 2898 4924 si
2927 4881 3109 4938 aperte
3135 4871 3405 4925 diceretur
3445 4888 3460 4928 :
3493 4871 3707 4926 Minima

2122 4962 2259 5014 mala
2309 4960 2643 5029 discernitis,
2680 4960 2884 5029 majora
2925 4961 3214 5016 devoratis.
3254 4963 3387 5018 llinc
3431 4971 3514 5016 est
3562 4964 3705 5032 quod

2126 5068 2338 5108 rursum
2364 5068 2457 5107 ore
2481 5052 2730 5118 Veritatis
2758 5054 3119 5122 increpantur,
3151 5069 3270 5109 cum
3299 5056 3524 5119 audiunt
3559 5074 3571 5109 :
3605 5055 3706 5111 De-

2114 5188 2332 5257 peccatis
2370 5187 2490 5240 aliis
2538 5185 2781 5253 differunt
2832 5197 3056 5254 peccata.

2186 5258 2212 5296 δ
2247 5259 2318 5312 Ita
2353 5258 2544 5324 melius
2572 5257 2700 5312 Mss.
2733 5273 2890 5329 quam
2925 5257 3155 5322 Excu5t,
3189 5257 3275 5312 ubi
3309 5258 3531 5327 legitur,
3565 5261 3710 5329 prin-

2115 5329 2253 5395 cipes
2277 5340 2412 5382 sunt.

2192 5411 2212 5436 ε
2249 5400 2431 5464 'l‘rec.,
2465 5400 2548 5452 cui
2579 5401 2922 5454 consentiunt
2973 5397 3112 5450 Editi
3162 5400 3518 5465 recentiores,
3553 5399 3712 5454 dero-

2115 5482 2283 5530 ratur,
2317 5485 2422 5532 sc.,
2451 5486 2557 5522 cor.

2192 5538 2216 5576 ἀ
2249 5541 2512 5604 Corrupte
2536 5541 2586 5594 in
2611 5540 2799 5603 Guss.,
2829 5542 3111 5594 custodiant
3141 5555 3288 5592 suam
3320 5542 3528 5594 viribus.

2197 5621 2220 5647 ε
2251 5611 2384 5664 Tres
2432 5610 2644 5665 Gemet.
2679 5622 2731 5666 et
2761 5613 2866 5664 duo
2895 5622 3094 5680 poster.
3122 5609 3370 5681 iiut-not”
3405 5613 3532 5681 iniq.
3584 5612 3706 5664 sint.

2119 5681 2336 5754 Legitur
2355 5682 2418 5737 sit
2447 5681 2498 5736 iu
2531 5681 2687 5738 Trec.
2720 5692 2775 5739 et
2799 5683 2851 5738 in
2883 5682 2952 5738 al.
2983 5723 2998 5749 ,
3021 5680 3226 5751 optimo
3275 5680 3498 5752 quidem
3522 5689 3710 5741 sensit.
