3968 6310
196 257 280 312 ΗἸ

978 259 1283 316 ΒΕϐυῐηΕ
1327 260 1752 318 PASTOllALIS
1793 259 2020 314 LIBER.
2065 291 2134 302 —
2173 261 2352 318 PARS
2392 261 2670 316 TERTIA.

3360 260 3460 317 Hii

196 370 375 424 rimatis
411 369 702 437 mentltam,
729 379 776 424 et
799 373 1123 435 anethum,et
1146 375 1432 442 cyminum;
1464 383 1508 426 et
1536 373 1777 440 relim,ui-
1808 375 1857 432 Α
1883 375 2013 426 sicut
2047 389 2133 428 vos
2162 373 2302 427 scitis
2343 389 2362 427 :
2408 373 2542 427 hunc
2572 371 2782 443 deﬁnito
2809 373 3020 426 consilio
3050 381 3096 430 et
3143 373 3459 442 prwscientla

197 464 251 516 tis
274 477 381 530 qua:
409 461 659 530 graviora
679 471 802 513 sunt
831 461 972 530 legis,
993 463 1264 529 judicium,
1290 473 1335 516 et
1352 464 1777 528 misericordiam,

199 567 235 609 et
284 555 456 622 ﬁdem.
519 554 709 620 Neque
761 553 904 606 enim
955 554 1286 623 negligenter
1325 554 1646 608 audiendqu
1696 566 1778 608 est

202 646 323 715 quod
356 660 477 699 cum
509 644 772 697 decimari
803 645 1018 698 minima
1048 645 1272 705 diceret.
1301 653 1541 699 extrema
1565 646 1778 713 quidem

205 741 260 790 de
280 734 511 789 oleribus
531 734 744 800 maluit,
759 735 852 790 sed
879 745 1052 789 tamen
1077 735 1211 789 bene
1232 735 1428 789 olentia
1453 750 1777 801 memorare;

205 838 255 880 ut
283 827 516 894 profecto
545 828 862 882 ostenderet
890 829 1010 897 quia
1059 829 1398 882 simulatores
1441 843 1586 887 cum.
1612 845 1772 897 parva

203 917 748 981 custotliutit,udorein
770 927 797 954 ι
824 919 892 973 de
909 934 967 972 se
987 918 1270 972 extendere
1292 927 1489 972 sanctze
1513 919 1781 986 Opinionis

203 1017 471 1075 qua-runt;
499 1016 550 1061 et
573 1008 821 1076 quamvis
852 1009 1073 1076 implere
1094 1010 1317 1062 maxima
1347 1009 1774 1075 praetermittam,

202 1119 268 1157 ea
315 1112 490 1156 tamen
539 1102 756 1155 minima
802 1102 1126 1168 observant,
1158 1118 1272 1170 qum
1303 1103 1534 1157 humano
1579 1102 1781 1172 judicio

203 1195 365 1262 longe
393 1195 596 1262 lateque
628 1194 927 1248 redoleant.

548 1307 776 1373 CAPUT
805 1307 1021 1362 xxxw
1053 1305 1161 1379 [Αι.
1187 1307 1430 1381 LVIII].

202 1406 463 1470 Quomodo
489 1407 805 1470 admonendi
828 1406 914 1473 qui
943 1407 1073 1458 bona
1109 1422 1198 1457 nec
1235 1407 1474 1459 inc/want
1517 1415 1561 1459 et
1586 1406 1674 1473 qui
1700 1406 1775 1458 in-

657 1479 839 1528 choata
880 1493 978 1528 non
1033 1475 1317 1530 absolvunt.

263 1567 580 1633 (Admonitio
623 1564 742 1630 55.)
775 1568 941 1620 Aliter
984 1565 1306 1620 admonendi
1349 1567 1588 1635 suntqui
1639 1567 1775 1621 bona

205 1673 290 1710 nec
319 1657 608 1720 incltoant,
640 1657 748 1726 93
779 1667 937 1723 atque
964 1657 1116 1710 aliter
1147 1657 1234 1726 qui
1283 1657 1530 1712 inchoata
1559 1658 1776 1714 minime

1887 465 1982 518 Dei
2013 465 2274 530 traditum,
2305 483 2394 533 per
2423 481 2601 518 manus
2632 465 2924 533 iniquorum
2951 461 2977 501 ἀ
3004 466 3271 532 afﬁgentes
3301 467 3460 518 inter-

1884 558 2098 620 cmistis,
2122 574 2270 626 quem
2303 555 2436 611 Deus
2466 556 2726 610 suscitavit
2771 555 2952 608 solutis
2983 555 3248 608 doloribus
3272 557 3462 624 inferni

1887 650 2020 719 (Act.
2057 663 2117 714 ιι,
2147 648 2384 717 92-24);
2415 657 2471 701 ut
2499 648 2750 702 videlicet
2779 647 3110 702 crudelitatis
3141 663 3251 702 sua:
3280 649 3462 715 cogni-

1888 739 2032 792 tione
2062 739 2344 802 deStructi,
2396 737 2800 792 aediﬁcationem
2833 745 3030 790 saneta:
3064 737 3458 804 prmdicationis

1885 838 2090 906 quanto_
2107 829 2261 883 anxie
2283 835 2604 897 quatrerent,
2630 835 2776 882 tanto
2799 828 2994 882 utiliter
3017 828 3278 882 audirent.
3310 827 3462 882 Unde

1885 928 1937 971 et
1967 918 2112 973 illico
2139 918 2424 987 respondet
2458 935 2472 974 :
2504 918 2642 984 Quid
2665 935 2785 987 ergo
2815 919 3082 986 faciemus,
3115 919 3206 971 viri
3230 919 3459 986 fratres?

1885 1009 2087 1078 Quibus
2115 1025 2235 1064 mox
2259 1010 2451 1064 dicitur
2482 1027 2494 1061 :
2529 1011 2676 1080 Agite
2704 1011 3070 1077 pwnitentiam,
3103 1020 3148 1064 et
3181 1010 3462 1080 baptizatur

1885 1102 2229 1169 unusquisque
2255 1111 2471 1154 vestrum
2496 1100 2684 1171 (lbid.,
2719 1103 2805 1164 37,
2822 1100 3080 1170 38).Qu.e
3097 1102 3463 1156 mdilicationis

1892 1184 2048 1244 verba
2082 1191 2320 1261 profecto
2351 1201 2775 1256 contemnerent,
2826 1193 2926 1247 nisi
2972 1193 3117 1262 prius
3176 1195 3461 1249 salubriter

1885 1284 2090 1334 ruinam
2120 1297 2230 1336 sua:
2260 1281 2638 1337 destructionis
2669 1284 3016 1339 invenissent.
3046 1286 3178 1339 llinc
3210 1294 3292 1340 est
3318 1287 3455 1354 quod

1883 1372 2072 1426 Saulus
2097 1389 2213 1427 cum
2229 1389 2387 1441 super
2415 1389 2535 1428 eum
2565 1375 2879 1430 cmlituslux
2894 1378 3085 1432 emissa
3109 1378 3455 1446 resplendnit,

1885 1477 1987 1513 non
2031 1463 2140 1529 jam
2192 1463 2313 1532 quid
2345 1473 2488 1518 recte
2523 1466 2742 1520 deberet
2765 1469 2962 1528 facere,
3013 1470 3102 1523 sed
3133 1469 3456 1538 quid-prave

1882 1554 2128 1622 fecisset,
2189 1556 2411 1610 audivit.
2464 1557 2591 1611 Nam
2617 1574 2735 1612 cum
2789 1568 3086 1628 prostratus
3139 1563 3454 1630 requireret,

1882 1645 2062 1700 dicens
2116 1665 2129 1702 :
2183 1648 2308 1711 Quis
2350 1665 2419 1714 es,
2459 1647 2713 1702 Domine?
2741 1650 3113 1719 Respondetur
3144 1653 3386 1721 protinus
3439 1667 3459 1704 :

206 1758 589 1801 CttnSUtIltnanl.
623 1749 725 1814 Qui
751 1748 894 1802 enim
927 1749 1062 1802 bona
1093 1762 1190 1800 nec
1222 1747 1494 1812 incboant,
1521 1765 1624 1800 non
1651 1758 1774 1803 sunt
1805 1749 1851 1807 B
1886 1737 1998 1811 Ego
2045 1755 2158 1791 sum
2207 1738 2359 1792 108118
2413 1739 2718 1795 Nazarenus
2749 1785 2762 1807 ,
2834 1759 2978 1811 quem
3035 1752 3090 1794 tu
3142 1746 3458 1812 persequeris

208 1843 276 1893 eis
306 1841 445 1908 prius
472 1840 790 1893 aedificanda
823 1855 943 1908 qua:
967 1839 1248 1892 salubriter
1274 1839 1517 1906 diligant,
1549 1840 1642 1894 sed
1674 1841 1773 1894 de-

209 1932 438 1984 struenda
472 1947 536 1986 ea
569 1934 623 1985 in
655 1931 849 1998 quibus
892 1933 1208 1998 semetipsos
1240 1933 1482 2001 nequiter
1533 1943 1770 1986 versant.

208 2023 372 2089 Neque
403 2023 554 2076 enim
600 2032 894 2091 sequuntur
922 2038 1038 2090 qua:
1088 2024 1358 2090 inexperta
1385 2024 1644 2088 audiunt,
1674 2024 1776 2079 nisi

211 2115 338 2179 prius
361 2128 531 2181 quam
553 2114 842 2180 perniciosa
871 2113 978 2166 sint
1019 2128 1078 2166 ea
1106 2129 1222 2182 qua:
1255 2112 1356 2168 sibi
1383 2125 1502 2166 sunt
1533 2125 1774 2180 experta,

209 2205 622 2270 deprehendant,
652 2205 769 2272 quia
803 2219 901 2257 nec
925 2204 1084 2258 levari
1116 2205 1335 2271 appetit,
1364 2205 1451 2273 qui
1485 2215 1536 2258 et
1570 2207 1668 2259 hoc
1699 2207 1778 2274 ip-

207 2313 311 2348 sum
344 2299 467 2363 quia
498 2296 687 2351 cecidit
714 2297 910 2360 nescit;
939 2307 989 2351 et
1015 2299 1102 2366 qui
1133 2296 1372 2351 dolorem
1406 2297 1640 2352 vulneris
1669 2313 1775 2352 non

206 2389 582 2453 sentit,salutis
599 2387 837 2442 remedia
860 2404 966 2442 non
988 2390 1228 2458 requirit.
1262 2389 1412 2443 Prius
1442 2404 1568 2458 ergo
1599 2400 1776 2444 osten-

207 2478 371 2531 denda
403 2489 543 2541 sunt,
577 2495 736 2547 quant
771 2479 880 2533 sint
924 2495 1057 2533 vana
1106 2496 1225 2549 qua:
1275 2482 1520 2548 diligunt,
1555 2489 1607 2535 et
1655 2490 1777 2535 tunc

209 2572 412 2625 demum
446 2574 730 2642 vigilanter
787 2573 1075 2626 intimanda
1110 2589 1266 2641 quam
1319 2575 1424 2627 sint
1467 2575 1613 2628 utilia
1659 2591 1776 2643 qum

209 2665 626 2728 praetermittunt.
665 2662 820 2715 Prius
847 2663 1059 2716 videant
1083 2661 1330 2732 fugienda
1357 2679 1474 2733 qum
1505 2674 1703 2731 amant,
1725 2675 1779 2719 et

208 2751 312 2805 sine
327 2752 633 2805 difﬁcultate
653 2754 990 2818 postmodum
1015 2752 1040 2789 δ
1065 2763 1392 2822 cognoscant
1409 2758 1628 2808 amanda
1653 2770 1777 2809 esse

209 2857 313 2909 que
342 2843 564 2912 fugiunt.
599 2843 787 2897 Melius
817 2845 958 2897 enim
996 2849 1269 2913 inexperta
1324 2847 1603 2914 recipiunt,
1637 2848 1679 2901 si
1710 2847 1776 2902 de

209 2937 426 3003 expertis
455 2939 714 3008 quidquid
744 2939 1116 3006 disputationis
1143 2939 1385 3004 audiunt,
1405 2940 1663 2994 veraciter
1688 2955 1776 2993 co-

209 3039 471 3093 gnoscunt.
506 3029 658 3081 T—unc
703 3028 861 3098 igitur
894 3030 1051 3097 pleno
1084 3039 1203 3082 voto
1235 3030 1443 3082 discunt
1486 3045 1606 3085 tera
1637 3032 1774 3084 bona

1881 1831 2019 1897 (Act.
2075 1845 2150 1896 Ix,
2181 1829 2233 1895 4,
2279 1847 2408 1898 seq.,
2468 1847 2594 1896 χχιι,
2652 1831 2705 1895 8,
2757 1835 2911 1902 seq.).
2964 1835 3026 1887 Et
3069 1850 3187 1888 cum
3235 1845 3458 1902 repente

1880 1920 2220 1990 subjungeret
2255 1940 2267 1975 :
2303 1923 2537 1987 Domine,
2566 1933 2588 1960 θ
2611 1924 2733 1992 quid
2765 1941 2842 1976 me
2864 1926 3012 1994 jubes
3034 1926 3200 1994 facere
3226 1925 3460 1995 (Ibid)?

1883 2012 2029 2066 Illico
2053 2013 2354 2083 adjungitur
2385 2034 2396 2068 :
2429 2016 2444 2052 ί
2474 2016 2703 2086 Surgens
2726 2019 2988 2086 ingredere
3011 2021 3280 2083 civitatem,
3314 2031 3360 2073 et
3393 2021 3459 2073 ibi

1881 2106 2071 2156 dicetur
2103 2106 2191 2157 tibi
2221 2107 2344 2174 quid
2395 2117 2443 2160 te
2471 2120 2696 2177 oporteat
2737 2111 2900 2178 facere
2950 2108 3162 2178 (lbid.).
3213 2111 3349 2165 Ecce
3389 2111 3458 2165 de

1880 2200 2017 2253 coelo
2047 2197 2308 2252 Dominus
2347 2201 2566 2268 loquens
2617 2203 2972 2268 persecutoris
2999 2203 3081 2255 sui
3115 2204 3249 2256 facta
3289 2202 3458 2256 corri-

1882 2291 2018 2358 puit,
2046 2306 2144 2344 nec
2178 2302 2352 2344 tamen
2389 2293 2529 2345 illico
2566 2309 2684 2361 qua:
2715 2303 2893 2347 essent
2919 2293 3159 2347 facienda
3192 2302 3458 2349 nionstra-

1881 2385 1973 2437 vit.
2007 2385 2144 2439 Ecce
2172 2385 2418 2440 elationis
2450 2387 2565 2455 ejus
2599 2387 2794 2441 fabrica
2815 2389 2921 2456 jam
2953 2399 3060 2445 tota
3087 2401 3381 2457 corruerat,
3405 2401 3458 2446 et

1879 2477 1988 2549 94
2019 2488 2135 2545 post
2166 2479 2375 2532 ruinam
2405 2495 2554 2534 suam
2589 2482 2803 2535 humilis
2833 2483 3084 2540 aedificari
3115 2485 3452 2554 requirebat,

1881 2578 1935 2622 et
1989 2585 2108 2622 cum
2169 2570 2414 2636 superbia
2473 2572 2803 2638 destruitur,
2861 2575 3226 2630 mdiflcationis
3281 2585 3458 2629 tamen

1882 2660 2043 2714 verba
2091 2662 2419 2727 retinentur;
2453 2671 2506 2715 ut
2556 2665 2798 2718 videlicet
2849 2675 3160 2734 persecutor
3211 2667 3459 2721 immanis

1881 2755 1971 2809 ditt
1999 2755 2537 2823 destructusjaceret,
2574 2768 2625 2810 et
2656 2766 2800 2810 tanto
2835 2769 2950 2826 post
2975 2759 3025 2811 in
3056 2759 3207 2812 bonis
3238 2759 3458 2812 solidius

1882 2854 2144 2914 surgeret,
2176 2854 2376 2913 quanto
2420 2847 2565 2914 prius
2619 2848 2856 2902 funditus
2894 2864 3113 2903 eversus
3157 2864 3185 2902 a
3238 2849 3457 2916 pristino

1883 2950 2064 2989 errore
2108 2936 2406 2990 cecidisset.
2441 2937 2539 3001 Qui
2598 2952 2726 3006 ergo
2756 2939 2897 2992 nulla
2929 2939 3102 2994 adhuc
3131 2954 3290 3009 agere
3320 2939 3457 2993 bona

1881 3036 2179 3094 cmperunt,
2227 3042 2255 3079 a
2291 3027 2554 3096 rigiditate
2605 3040 2754 3084 antea
2787 3046 2895 3084 sua:
2928 3031 3222 3098 pravitatis,
3250 3047 3460 3085 correc-

209 3133 451 3182 qnam-re,
484 3135 606 3172 cum
643 3131 793 3173 certo
837 3120 1041 3188 judicio
1070 3120 1520 3188 deprehenderint
1552 3119 1684 3173 falsa
1716 3136 1772 3176 se
1801 3114 1858 3176 (ἶ-
1883 3117 2040 3172 tionis
2067 3132 2222 3169 manu
2255 3117 2527 3171 evertendi
2550 3129 2692 3183 sunt,
2727 3130 2782 3173 ut
2809 3121 2871 3173 ad
2898 3130 3092 3174 statum
3120 3121 3451 3187 postmodum

207 3221 360 3262 vacue
387 3211 645 3264 tenuisse.
679 3211 909 3264 Andiant
934 3226 1062 3280 ergo
1085 3210 1222 3280 quod
1255 3211 1392 3264 bona
1422 3211 1701 3277 praesentia
1724 3220 1778 3266 et

205 3315 226 3352 a
249 3301 602 3356 delectatione
627 3304 782 3357 citius
815 3304 1099 3357 transitura
1125 3298 1274 3371 sunt',
1303 3314 1354 3357 et
1384 3313 1560 3358 tamen
1590 3319 1774 3358 eorum

204 3408 351 3446 causa
381 3393 452 3446 ad
486 3395 728 3450 ultionem
758 3397 875 3451 sine
899 3398 1123 3450 transitu
1158 3413 1536 3465 permansura;
1573 3399 1693 3466 quia
1725 3407 1780 3453 et

201 3502 333 3538 nunc
361 3487 503 3554 quod
539 3487 662 3540 libet
693 3489 873 3543 invitis
901 3489 1254 3558 subtrahitur,
1285 3500 1338 3544 et
1364 3503 1488 3543 tunc
1513 3491 1652 3559 quod
1684 3491 1782 3545 do-

204 3576 269 3629 let
290 3577 465 3630 invitis
495 3579 544 3630 in
568 3579 884 3646 supplicium
915 3589 1240 3634 reservatur.
1271 3581 1451 3650 Itaque
1472 3581 1672 3635 eisdem
1698 3598 1782 3638 ra-

201 3668 295 3721 bus
319 3680 619 3724 terreantur
647 3671 951 3734 salubriter,
975 3673 1162 3741 quibus
1211 3674 1372 3727 noxie
1403 3673 1769 3738 delectantur;

203 3772 254 3814 ut
283 3763 403 3813 dmn
451 3765 690 3832 perculsa
750 3779 900 3818 mens
931 3765 1035 3818 alta
1090 3766 1258 3820 ruinm
1288 3783 1398 3820 sum
1428 3767 1621 3820 damna
1653 3783 1784 3821 conv

203 3851 446 3918 spiciens,
470 3869 589 3908 sese
623 3865 644 3892 ε
683 3856 732 3907 in
764 3856 1110 3922 prmcipitiuni
1146 3857 1454 3925 pervenisse
1483 3857 1783 3926 deprehen-

202 3946 291 4009 dit,
327 3960 572 4016 gressum
600 3957 720 4015 post
751 3957 894 4016 terga
924 3957 1156 4014 revocet,
1175 3959 1228 4002 et
1255 3951 1640 4018 pertimescens
1665 3966 1783 4020 qua:

203 4050 492 4102 amarent,
523 4040 698 4094 discat
718 4039 938 4110 diligere
963 4057 1079 4109 quae
1105 4045 1499 4098 contemnebat.

271 4132 400 4186 Hinc
438 4145 520 4188 est
551 4135 694 4188 enim
741 4137 878 4204 quod
924 4137 1171 4191 Ieremia:
1219 4139 1380 4192 misso
1411 4138 1474 4191 ad
1505 4139 1765 4206 praedica-

206 4222 394 4274 t‘onem
427 4223 623 4277 dicitur
661 4243 674 4276 :
724 4224 856 4278 Ecce
886 4228 1130 4279 constitui
1159 4237 1204 4280 te
1232 4228 1382 4282 hodie
1406 4245 1558 4295 super
1608 4237 1779 4299 gentes

205 4325 246 4365 rt
268 4332 415 4381 super
446 4333 626 4385 regna,
660 4328 714 4370 ut
746 4318 931 4372 evellas
984 4330 1028 4372 et
1072 4321 1328 4384 destruas,
1375 4331 1418 4374 et
1449 4323 1715 4390 disperdas
1741 4329 1788 4374 et

207 4405 435 4472 dissipes,
495 4419 541 4460 et
573 4409 795 4476 a’diﬁces
821 4418 868 4462 et
901 4408 1099 4476 plantes
1145 4409 1282 4478 (Jer.
1311 4427 1348 4474 t,
1387 4412 1493 4470 10).
1523 4413 1655 4478 Quia
1684 4411 1784 4465 nisi

1884 3215 2045 3260 rectm
2093 3209 2419 3275 operationis
2475 3210 2765 3279 erigantur,
2811 3212 2928 3277 quia
2972 3223 3026 3265 et
3067 3210 3268 3266 idcirco
3295 3213 3459 3265 altum

1885 3299 2038 3351 silva:
2065 3299 2264 3367 lignum
2291 3299 2635 3366 succidimus,
2687 3311 2744 3354 ut
2776 3301 2873 3356 hoc
2905 3303 2955 3355 in
2987 3301 3194 3355 mdilicii
3230 3304 3460 3370 tegmine

1886 3391 2264 3455 sublevemus;
2294 3391 2386 3445 sed
2421 3401 2595 3468 tamen
2631 3408 2733 3446 non
2763 3401 2984 3463 repente
3013 3393 3064 3446 in
3090 3393 3283 3448 fabrica
3310 3395 3462 3462 poni-

1889 3493 1993 3548 tur,
2026 3493 2082 3537 ut
2105 3483 2354 3538 nimirum
2395 3485 2543 3553 prius
2572 3486 2756 3539 vitiosa
2787 3487 2900 3555 ejus
2947 3487 3183 3540 viriditas
3226 3488 3462 3541 exsicce-

1889 3582 1994 3643 tur,
2027 3575 2180 3642 cujus
2213 3591 2318 3644 quo
2359 3577 2475 3644 plus
2503 3577 2554 3630 in
2583 3578 2776 3632 inlimis
2807 3579 2993 3632 lnnnor
3029 3580 3368 3646 excoquitur,
3399 3593 3464 3632 eo

1887 3666 1954 3719 ad
1976 3681 2181 3722 summa
2204 3667 2423 3721 solidius
2450 3667 2667 3721 levatur.

1958 3772 2028 3822 At
2050 3778 2234 3835 contra
2258 3769 2575 3822 admonendi
2604 3779 2726 3822 sunt
2749 3767 2840 3837 qui
2868 3768 3108 3821 inchoata
3140 3769 3280 3823 bona
3311 3768 3466 3821 mini-

1891 3875 1974 3914 me
2004 3869 2396 3923 consummant,
2425 3868 2482 3914 ut
2512 3871 2664 3912 cauta
2697 3861 3175 3927 circumspectione
3220 3859 3466 3912 conside-

1888 3952 2147 4021 rentquia
2181 3952 2306 4006 dum
2349 3952 2620 4020 proposita
2649 3968 2755 4017 non
2807 3951 3106 4019 perficiunt,
3137 3952 3294 4004 etiam
3349 3965 3468 4017 quae

1888 4043 2098 4096 fuerant
2126 4051 2298 4108 empta
2329 4042 2655 4096 convellunt.
2692 4042 2746 4097 Si
2769 4043 2933 4099 enim.
2964 4043 3106 4111 quod
3138 4043 3348 4096 videtur
3377 4056 3469 4109 ge-

1889 4136 2113 4188 rendum
2154 4135 2379 4188 sollicita
2411 4134 2706 4188 intentione
2736 4149 2837 4187 non
2869 4136 3085 4197 creScit,
3127 4135 3285 4188 etiam
3327 4132 3468 4202 quod

1890 4229 2062 4282 fuerat
2091 4228 2226 4281 bene
2253 4240 2459 4295 gesmm
2507 4227 2788 4283 decrescit.
2830 4225 2886 4280 In
2927 4229 3028 4280 hoc
3049 4227 3241 4294 quippe
3266 4225 3466 4278 mundo

1891 4319 2124 4371 humana
2154 4317 2328 4371 anima
2360 4318 2507 4387 quasi
2555 4333 2703 4372 more
2735 4317 2883 4386 navis
2935 4325 3017 4370 est
3064 4326 3248 4370 contra
3307 4316 3472 4370 ictum

1892 4409 2124 4463 ﬂuminis
2151 4418 2175 4456 Β
2223 4409 2634 4464 conscendentis
2693 4427 2706 4464 :
2757 4424 2862 4474 uno
2893 4409 2948 4463 in
2990 4409 3111 4464 loco
3141 4421 3473 4476 nequaquam

207 4496 351 4561 prius
375 4513 629 4562 perversa
652 4499 975 4566 destrueret,
998 4500 1263 4555 :edificare
1287 4501 1488 4555 utiliter
1510 4510 1654 4556 recta
1680 4517 1785 4556 non
1819 4492 1865 4550 Ι)
1896 4511 2038 4554 stare
2058 4501 2399 4570 permittitur,
2417 4501 2536 4570 quia
2551 4500 2616 4554 ad
2634 4503 2737 4554 ima
2759 4501 3033 4567 relabitur,
3060 4501 3158 4555 nisi
3180 4501 3245 4553 ad
3266 4515 3474 4554 summa

208 4603 418 4658 posset;
456 4593 555 4645 nisi
609 4595 675 4646 ab
720 4596 1022 4648 auditorum
1074 4610 1288 4649 suorum
1334 4596 1581 4650 cordibus
1612 4597 1790 4664 spinas

209 4683 329 4733 vani
359 4684 562 4742 amoris
589 4685 866 4749 evelleret,
897 4685 1144 4739 nimirum
1195 4687 1384 4740 frustra
1411 4686 1459 4740 in
1489 4688 1566 4741 eis
1592 4697 1790 4742 sanctas

210 4774 604 4839 praedicationis
632 4776 793 4829 verba
820 4776 1108 4845 plantaret.
1156 4779 1290 4834 llinc
1321 4787 1402 4832 est
1431 4780 1568 4847 quod
1602 4779 1791 4834 Petrus

210 4867 359 4931 prius
407 4867 620 4931 evertit,
651 4876 708 4920 ul
737 4869 1072 4935 postmodum
1120 4866 1422 4932 conslruat,’
1445 4886 1561 4924 cum
1595 4886 1798 4939 nequa-

207 4973 366 5020 quam
402 4958 619 5014 Judzeos
646 4963 895 5016 monebat
924 4963 1048 5032 quid
1095 4963 1202 5030 jam
1230 4963 1483 5027 facerent,
1507 4963 1598 5017 sed
1622 4964 1688 5018 de
1717 4964 1798 5037 bis

209 5064 335 5115 qua:
358 5046 620 5114 fecerant,
658 5053 967 5120 increpabat
995 5052 1178 5108 dicens
1208 5072 1219 5106 :
1254 5053 1432 5106 Jesum
1462 5053 1797 5108 Nazarenum

206 5142 371 5192 cirum
394 5145 737 5208 approbatum
770 5159 802 5195 a
851 5144 961 5198 Deo
988 5145 1039 5197 in
1069 5144 1228 5211 vobis,
1263 5146 1530 5213 virtutibus
1551 5156 1596 5200 et
1617 5147 1798 5216 prodi-

205 5234 302 5300 giis
333 5243 377 5286 et
400 5236 566 5304 signis
601 5251 713 5308 qua;
732 5253 822 5305 per
850 5236 1000 5290 illum
1028 5238 1150 5304 fecit
1178 5237 1314 5290 Deus
1346 5239 1397 5291 in
1431 5239 1595 5292 medio
1626 5240 1797 5306 vestri,

280 5419 308 5446 ι
339 5410 577 5477 Vulgati,
617 5411 677 5482 de
713 5428 764 5464 se
804 5411 1091 5464 ostendere.
1127 5409 1279 5464 Stant
1308 5419 1493 5482 contra
1523 5409 1651 5467 Mss.
1684 5425 1800 5466 om-

212 5498 328 5548 nes,
357 5485 551 5548 quibus
595 5481 964 5535 inba'rendum
997 5496 1300 5538 censemus.

279 5551 307 5588 δ
341 5551 501 5605 Carn.
525 5553 809 5614 secundus,
829 5561 1158 5621 cognoscent.

285 5634 308 5662 ε
343 5623 526 5688 Trec.,
556 5623 726 5685 Belv.,
785 5626 812 5674 'l
833 5623 1027 5688 ln_-.od.,
1079 5631 1132 5679 et
1160 5622 1361 5694 primus
1391 5622 1575 5691 Carm,
1607 5638 1712 5677 sese
1745 5622 1795 5676 in

208 5695 486 5769 νει-ἱραί.
533 5695 655 5763 Alii,
687 5693 1008 5766 pra’cipitio.

1896 4602 2135 4650 conetur.
2170 4592 2222 4648 Si
2248 4608 2374 4662 ergo
2393 4592 2632 4646 inchoata
2653 4593 2788 4646 bona
2812 4591 2963 4646 fortis
2987 4593 3255 4660 operantis
3285 4606 3474 4644 manus

1899 4685 1964 4736 ad
1993 4684 2376 4751 perfectionem
2397 4697 2500 4736 non
2519 4682 2785 4746 sublevat,
2813 4683 2925 4750 ipsa
2953 4681 3203 4749 operandi
3235 4679 3476 4734 remissio

1901 4783 2086 4829 contra
2110 4776 2207 4826 llOC
2229 4773 2368 4841 quod
2392 4782 2671 4841 operatum
2702 4782 2802 4837 est,
2827 4766 3042 4840 pugnat.
3071 4773 3201 4825 lline
3227 4782 3306 4825 est
3335 4773 3478 4826 enim

1903 4867 2042 4935 quod
2062 4881 2154 4934 per
2179 4865 2522 4920 Salomonem
2549 4864 2773 4918 dicitur:
2801 4864 2901 4928 Qui
2924 4863 3093 4915 mollis
3125 4873 3170 4915 et
3203 4863 3480 4915 dissolutus

1901 4968 1975 5011 est
2034 4959 2085 5010 in
2135 4971 2285 5024 opere
2330 4972 2446 5020 suo,
2502 4957 2661 5026 frater
2713 4963 2784 5008 est
2834 4970 2928 5006 sua
2985 4969 3137 5023 Opera
3185 4953 3482 5020 dissipantis

1908 5049 2091 5121 (Prov.
2149 5065 2281 5104 xvm
2310 5088 2326 5115 ,
2375 5048 2450 5116 9).
2501 5048 2630 5114 Quia
2676 5046 2925 5100 videlicet
2963 5045 3054 5114 qui
3112 5052 3284 5112 empta
3343 5043 3480 5096 bona

1903 5143 2144 5198 districte
2193 5157 2300 5197 non
2362 5140 2703 5209 exsequitur,
2754 5137 3105 5191 dissolutione
3149 5137 3482 5206 negligentia:

1905 5250 2120 5291 manum
2147 5233 2471 5288 destruentis
2490 5232 2744 5286 imitatur.
2773 5230 2907 5283 llinc
2930 5227 3113 5284 Sardis
3138 5229 3391 5284 Ecclesiae
3415 5226 3482 5282 ab

1973 5408 1999 5444 ά
2034 5406 2199 5471 Gufl'.,
2225 5404 2502 5467 mendose,
2534 5405 2841 5475 afﬂigentes.

1975 5488 2000 5514 ο
2038 5477 2243 5545 angati
2275 5487 2500 5540 recent.,
2533 5478 2657 5544 quid
2679 5493 2756 5529 me
2778 5479 2849 5529 vis
2880 5477 3088 5546 facere?

1975 5546 1996 5585 ί
2033 5547 2245 5610 Excusi,
2279 5563 2430 5616 surge
2455 5555 2500 5599 et
2531 5548 2664 5615 ingr.

1974 5629 1999 5664 κ
2033 5618 2448 5686 CorruptiSsime
2481 5618 2619 5671 Editi
2639 5626 2761 5672 ante
2791 5617 2977 5678 Guss.,
3008 5617 3479 5671 condescendentis.

1904 5690 2266 5748 Emendantur
2309 5699 2414 5747 tam
2447 5705 2509 5746 ex
2543 5690 2665 5747 Mss.
2700 5689 2860 5760 Angl.
2910 5701 3068 5758 quam
3099 5703 3161 5742 es
3189 5689 3406 5754 nostris.
