4014 6362
483 298 581 352 H9

1682 294 1921 350 SANCTI
1962 295 2287 350 GllEGORil
2329 294 2535 348 MAGNI

3639 303 3741 359 1‘20

477 408 665 477 angelo
687 407 880 461 dicitur
905 425 916 459 :
954 408 1079 461 Esto
1111 407 1352 478 vigilans.
1379 419 1423 462 et
1451 407 1704 473 conﬁrma
1733 419 1916 461 caetera
1944 425 2058 478 qua:
2085 411 2136 470 Α
2165 410 2310 463 ciosa
2335 409 2595 472 exterius,
2619 409 2711 463 sed
2744 420 3074 471 mortuorum
3101 413 3314 467 ossibus
3344 413 3499 481 plena
3525 414 3742 470 Veritas

480 500 727 560 moritura
768 509 932 565 erant,
985 517 1088 554 non
1135 502 1267 554 enim
1301 509 1325 536 ⁸
1358 501 1556 553 invenio
1597 515 1750 568 Opera
1776 511 1864 553 tua
1909 501 2059 568 plena

394 620 429 630 -ι
480 607 653 648 coram
686 589 793 646 Deo
816 593 1128 662 meo(.-1poc.
1162 591 1340 660 111,2).
1365 594 1495 659 Quia
1521 594 1676 662 igitur
1700 593 1852 661 plena
1873 608 2057 648 coram

482 685 591 737 Deo
621 682 738 751 ejus
769 698 930 751 opera
961 685 1173 737 inventa
1205 701 1310 738 non
1369 683 1600 750 fuerant,
1636 686 1890 738 moritura
1934 685 2061 739 reli-

480 789 579 840 qua
611 775 770 827 etiam
796 789 914 842 qum
937 782 1088 831 erant
1117 784 1263 844 gesta
1289 775 1631 842 prtedicebat.
1667 775 1721 829 Si
1753 774 1893 830 enim
1919 774 2060 843 quod

487 874 752 920 mortuum
785 865 834 917 in
867 863 1017 917 nobis
1047 872 1131 918 est
1157 866 1220 917 ad
1253 864 1412 917 vitam
1463 881 1567 917 non
1599 865 1927 928 accenditur,
1961 864 2061 917 hoc

481 956 642 1008 etiam
673 955 1045 1021 cxsunguitur,
1075 953 1216 1021 quod
1247 953 1394 1022 quasi
1422 954 1596 1007 adhuc
1619 955 1794 1007 vivum
1827 962 2056 1008 tenetur.

481 1044 812 1098 Admonendi
843 1052 964 1096 sunt
995 1054 1046 1095 ιιι
1069 1042 1548 1112 perpendantquod
1581 1042 1914 1097 tolerabilius
1938 1056 2059 1097 esse

487 1133 742 1203 potuisset
773 1134 903 1185 recti
932 1133 1068 1185 viam
1100 1148 1203 1185 non
1235 1133 1490 1200 arripere,
1524 1147 1681 1201 quam
1706 1140 1918 1200 arrepta
1944 1139 2063 1200 post

485 1238 685 1293 tergum
716 1225 906 1280 redire.
938 1227 1044 1280 Nisi
1070 1226 1208 1279 enim
1234 1235 1378 1279 retro
1407 1225 1728 1293 aspicerent,
1764 1237 1891 1291 erga
1917 1237 2062 1291 coep-

483 1335 591 1374 tum
613 1323 841 1374 studium
873 1321 1020 1376 nullo
1051 1330 1263 1385 torpore
1295 1319 1638 1387 languerent.
1673 1317 1909 1370 Audiant
1933 1330 2062 1385 ergo

481 1416 620 1482 quod
652 1419 903 1483 scriptum
950 1425 1034 1472 est
1075 1432 1088 1467 :
1127 1415 1310 1468 Melius
1356 1427 1461 1467 erat
1495 1414 1565 1468 eis
1621 1430 1721 1466 mm
1765 1428 2065 1484 coqnoscere

480 1506 613 1562 vium
634 1508 868 1575 justitia’,
889 1524 1038 1574 quam
1055 1517 1166 1576 post
1191 1507 1500 1574 agnitionem
1527 1514 1807 1558 retrorsum
1839 1504 2060 1557 converti

481 1594 566 1655 (ll
605 1596 740 1649 I’etr.
774 1613 832 1659 11,
866 1596 977 1666 21).
1011 1595 1400 1664 Audiantquod
1430 1596 1684 1663 scriptum
1714 1603 1795 1647 est
1818 1610 1830 1645 :
1856 1592 2064 1648 Utinam

479 1691 697 1758 {rigidus
729 1706 860 1743 esses
885 1734 898 1757 ,
929 1699 1017 1742 aut
1048 1690 1281 1752 calidus;
1309 1688 1396 1742 sed
1423 1688 1543 1756 quia
1585 1687 1786 1756 tepidus
1804 1701 1876 1748 es,
1905 1695 2064 1739 etnec

2165 498 2553 569 vocat(Matth.
2583 515 2735 563 “111,
2782 499 2899 568 27),
2947 502 3071 570 quia
3102 502 3352 558 vitiorum
3405 500 3545 558 mal'a
3597 507 3743 560 intus

2163 600 2473 658 contegunt,
2501 590 2746 645 humanis
2778 605 2901 660 vero
2927 593 3097 646 oculis
3117 592 3468 661 quorumdam
3491 594 3743 648 demons-

2163 683 2392 736 tratione
2419 672 2694 750 eperum,"
2713 684 2779 735 de
2807 683 2924 737 solo
2972 682 3107 736 foris
3133 683 3355 752 iustitiae
3382 685 3564 740 colore
3590 686 3741 740 blan~

2163 775 2398 829 diuntur.
2432 774 2766 830 Admonendi
2793 775 2968 843 itaque
2997 785 3140 840 sunt,
3165 791 3231 831 ne
3252 791 3371 845 qua:
3403 788 3568 845 agunt
3597 790 3742 832 recta

2163 865 2478 932 despiciant,
2509 866 2602 919 sed
2656 881 2720 920 ea
2770 866 2944 920 meriti
2989 866 3226 920 melioris
3270 867 3512 922 credant.
3579 867 3744 922 Valde

2164 970 2393 1024 namque
2415 953 2548 1009 bona
2583 970 2674 1008 sua
2698 954 3011 1023 dijtttlicant,
3035 955 3123 1023 qui
3146 956 3211 1009 ad
3234 972 3418 1010 eorum
3440 957 3741 1012 mercedem

2165 1047 2411 1101 sufficere
2445 1049 2702 1101 humanus
2751 1047 2958 1100 favores
3003 1054 3206 1113 putant.
3270 1046 3401 1100 Cum
3450 1049 3597 1101 enim
3650 1066 3744 1117 pro

2169 1150 2315 1192 recto
2346 1152 2507 1206 opere
2558 1137 2669 1189 laus
2701 1136 3000 1191 transitoria
3033 1136 3309 1205 quaeritur,
3342 1145 3542 1191 aeterna
3587 1139 3744 1192 retri-

2168 1230 2388 1284 butione
2419 1245 2506 1284 res
2537 1230 2694 1298 digna
2727 1231 2816 1282 vili
2849 1230 3021 1296 pretio
3051 1229 3406 1284 venundatur.
3443 1229 3517 1284 De
3538 1245 3642 1298 quo
3668 1232 3745 1283 vi-

2166 1320 2359 1375 delicet
2414 1322 2588 1389 pretio
2647 1329 2900 1387 percepto
2944 1319 3154 1373 Veritas
3203 1320 3378 1373 dicit:
3419 1321 3575 1372 Amen
3627 1322 3742 1373 dira

2165 1412 2322 1477 vobis,
2369 1421 2665 1480 receperunt
2697 1411 2973 1463 mercedem
3003 1427 3150 1463 suam
3182 1409 3394 1480 (Matth.
3441 1426 3515 1476 v1,
3564 1410 3620 1474 Ξ,
3655 1411 3740 1477 ὃ),

2165 1501 2501 1556 Admonendi
2529 1511 2655 1554 sunt
2686 1510 2745 1556 ut
2774 1500 3111 1555 considerent
3159 1499 3281 1569 quia
3311 1501 3435 1554 dum
3468 1516 3658 1568 pravos
3685 1516 3743 1556 so

2165 1592 2217 1646 in
2249 1593 2473 1646 occultis
2495 1591 2770 1658 exhibent,
2794 1591 2889 1646 sed
2911 1601 3086 1646 tamen
3113 1592 3352 1658 exempla
3371 1590 3436 1644 de
3456 1606 3515 1645 se
3533 1593 3742 1659 publice

2168 1687 2220 1740 in
2250 1687 2402 1740 bonis
2433 1688 2682 1756 operibus
2710 1687 2967 1756 praebent,
3015 1686 3300 1741 ostendunt
3327 1688 3594 1756 sequenda
3624 1704 3743 1757 qua)

478 1780 718 1848 frigidus,
754 1797 845 1832 nec
873 1780 1095 1845 calidus,
1127 1779 1370 1847 incipiant
1389 1787 1436 1830 te
1471 1793 1696 1830 evomere
1727 1792 1788 1828 ex
1836 1792 1921 1828 ore
1950 1791 2061 1827 mea
2094 1787 2140 1846 Β
2169 1780 2393 1849 fugiunt,
2423 1782 2655 1835 clamant
2702 1779 2932 1834 amanda
2977 1794 3094 1848 quze
3124 1779 3372 1844 oderunt,
3432 1780 3613 1839 vivunt
3645 1794 3742 1846 pu-

487 1871 672 1937 (Apoc.
694 1883 770 1932 111,
806 1869 914 1937 15).
935 1869 1146 1921 Calidus
1160 1869 1354 1936 quippe
1371 1869 1554 1935 estqui
1571 1868 1702 1920 bona
1721 1866 1895 1920 studia
1911 1875 1961 1920 et
1977 1881 2061 1918 ar-

478 1961 606 2030 ripit
621 1970 673 2012 et
690 1971 1018 2013 consummat
1036 1977 1048 2024 ;
1069 1958 1287 2025 frigidus
1304 1975 1431 2012 vero
1448 1959 1629 2026 estqui
1645 1957 2062 2012 consummando

479 2069 575 2105 nec
605 2052 836 2105 inchoat.
873 2052 938 2104 Et
967 2052 1101 2106 sicut
1126 2066 1153 2101 a
1190 2051 1386 2119 frigore
1420 2067 1510 2117 per
1535 2060 1774 2117 teporem
1805 2049 2063 2102 transitur

479 2144 542 2194 ad
581 2142 833 2205 calorem,
869 2145 935 2194 ita
967 2157 993 2193 a
1027 2145 1204 2195 calore
1236 2156 1328 2208 per
1359 2151 1595 2208 teporem
1632 2139 1839 2194 reditur
1865 2138 1930 2191 ad
1963 2136 2063 2192 fri-

480 2248 595 2302 gus.
630 2233 880 2300 Quisquis
903 2246 1030 2299 ergo
1060 2229 1086 2267 δ
1115 2232 1311 2284 amisso
1343 2229 1666 2283 inﬁdelitatis
1699 2228 1892 2296 frigore
1910 2228 2063 2289 vivit,

485 2324 579 2378 sed
612 2338 946 2392 nequaquam
979 2332 1162 2390 tepore
1193 2329 1442 2389 superato
1463 2319 1727 2373 excrescit
1751 2327 1809 2371 ut
1838 2317 2061 2382 ferveat,

483 2414 666 2482 procul
706 2414 866 2467 dubio
896 2413 1072 2467 calore
1100 2413 1402 2479 desperato,
1446 2412 1568 2463 dum
1607 2408 1768 2463 noxio
1799 2409 1849 2461 in
1882 2419 2066 2477 tepore

485 2508 812 2572 demoratur,
840 2503 946 2573 agit
974 2513 1028 2556 ut
1078 2502 1344 2574 frigescat.
1374 2500 1478 2555 Sed
1509 2501 1645 2554 sicut
1674 2509 1800 2554 aute
1826 2508 2062 2568 teporem

485 2598 649 2662 frigus
693 2596 791 2649 sub
833 2609 927 2663 spe
954 2604 1056 2658 est,
1090 2593 1159 2646 ita
1187 2602 1306 2663 post
1332 2592 1497 2659 frigus
1542 2601 1692 2659 tepor
1728 2590 1786 2664 ip
1815 2589 2068 2658 despera-

485 2689 649 2741 tione.
679 2687 782 2752 Qui
829 2685 970 2739 enim
1001 2685 1174 2739 adhuc
1204 2685 1254 2737 in
1301 2682 1533 2751 peccatis
1561 2691 1664 2747 est,
1697 2681 2066 2735 conversionis

479 2778 726 2836 tiduciam
779 2792 885 2830 non
916 2777 1129 2830 amittit.
1160 2775 1262 2840 Qui
1312 2789 1440 2828 vero
1493 2783 1610 2842 post
1657 2773 2064 2827 conversionem

483 2871 670 2938 tepuit,
701 2878 755 2923 et
781 2884 929 2937 spem
964 2883 1081 2938 quze
1111 2881 1229 2922 esse
1253 2867 1421 2934 petuit
1450 2864 1517 2920 de
1544 2874 1829 2934 peccatore
1858 2864 2067 2919 subtra-

486 2961 582 3016 xit.
616 2965 722 3017 Aut
745 2962 946 3016 calidus
968 2976 1096 3030 ergo
1124 2959 1348 3029 quisque
1377 2974 1517 3022 esse,
1551 2967 1641 3011 aut
1667 2956 1890 3025 frigidus
1920 2973 2067 3026 qua:-

484 3054 636 3115 ritur,
666 3069 733 3106 ne
762 3052 969 3121 tepidus
998 3059 1311 3129 cvomatur;
1343 3058 1399 3101 ut
1443 3048 1694 3103 videlicet
1717 3055 1806 3101 aut
1835 3049 2064 3101 necdum

2167 1886 2368 1929 stremo
2397 1873 2538 1936 aliis,
2565 1881 2620 1928 et
2648 1872 2748 1926 sibi
2779 1871 3098 1927 moriuntur.

2243 1966 2310 2019 At
2333 1974 2517 2018 contra
2540 1961 2866 2015 admonendi
2886 1961 3112 2028 suntqui
3135 1961 3270 2014 bona
3293 1960 3501 2016 occulte
3525 1961 3740 2028 faciunt,

2168 2064 2223 2111 et
2245 2064 2423 2108 tamen
2456 2051 2776 2123 quibusdam
2800 2051 2956 2106 factis
2975 2053 3184 2122 publice
3206 2052 3273 2107 de
3301 2067 3359 2108 se
3382 2053 3517 2109 mala
3537 2053 3743 2122 epinari

2170 2147 2505 2220 permittunt,
2559 2162 2628 2201 ne
2654 2162 2774 2200 cum
2807 2147 2942 2200 bona
2970 2147 3286 2215 semctipsos
3331 2147 3556 2200 actionis
3583 2156 3744 2199 rectm

2171 2241 2367 2294 virtute
2394 2236 2688 2300 viviﬁcant,
2730 2238 2780 2290 in
2814 2251 2872 2291 se
2900 2237 3033 2290 alios
3064 2250 3158 2305 per
3215 2237 3515 2305 exemplum
3570 2251 3745 2304 prava:

2169 2329 2541 2384 :estimationis
2562 2311 2840 2393 occidant;
2897 2343 2963 2382 ne
2991 2328 3165 2382 minus
3196 2343 3354 2397 quam
3385 2342 3445 2383 se
3475 2328 3745 2396 proximos

2169 2421 2409 2490 diligant,
2442 2429 2631 2474 etcum
2654 2420 2750 2489 ipsi
2776 2429 2798 2458 ε
2833 2420 3102 2474 salubrem
3130 2429 3310 2487 potum
3336 2420 3441 2474 vini
3464 2420 3741 2486 sorbeant,

2169 2512 2390 2568 intentis
2421 2512 2473 2564 in
2524 2513 2604 2566 sui
2652 2510 3082 2565 consideratione
3128 2510 3389 2569 mentibus
3429 2511 3746 2578 pestiferum

2169 2604 2361 2658 veneni
2387 2603 2633 2672 poculum
2689 2603 2929 2657 fundant.
2958 2603 3020 2656 lli
3052 2601 3298 2656 nimirum
3327 2601 3381 2656 in
3427 2616 3531 2655 uno
3561 2602 3746 2669 [ποιεί-ο

2170 2710 2378 2751 morum
2427 2695 2592 2748 vitam
2634 2695 2807 2748 minus
2861 2694 3140 2764 adjuvant,
3194 2692 3248 2746 in
3297 2693 3466 2746 altero
3519 2693 3744 2746 multum

2169 2797 2411 2859 gravant,
2433 2788 2557 2842 dum
2583 2788 2798 2842 student
2827 2798 2879 2842 et
2927 2797 3071 2842 recta
3103 2787 3311 2842 occuite
3337 2801 3519 2853 agere,
3553 2795 3604 2840 et
3631 2788 3745 2855 qui.

2172 2878 2394 2932 busdam
2421 2877 2600 2943 factis,
2630 2878 2696 2931 ad
2725 2877 3030 2946 exemplum
3058 2877 3123 2930 de
3175 2891 3234 2931 se
3268 2892 3428 2944 prava
3459 2879 3744 2934 seminare.

2170 2971 2423 3038 Quisquis
2463 2970 2606 3024 enim
2638 2969 2812 3024 laudis
2860 2968 3348 3036 concupiscentiam
3395 2970 3604 3023 calcare
3629 2969 3739 3038 jam

2171 3061 2387 3126 sufﬁcit,
2419 3060 2786 3114 :ediftcationis
2816 3059 3053 3113 fraudem
3086 3069 3380 3129 perpetrat,
3402 3062 3445 3115 si
3475 3061 3605 3114 bona
3629 3076 3746 3129 qm!

482 3160 792 3206 conversus,
809 3144 980 3197 adhuc
994 3144 1059 3198 de
1073 3157 1131 3197 se
1144 3159 1290 3212 spem
1314 3142 1420 3213 95
1433 3141 1796 3196 conversionis
1810 3140 2061 3210 praebeat,

2176 3150 2304 3218 agit,
2338 3150 2606 3216 occultat;
2635 3158 2687 3204 et
2717 3151 2864 3218 quasi
2911 3151 3116 3219 jactato
3165 3153 3368 3206 semine
3414 3151 3746 3222 germinnndi

481 3247 569 3290 aut
588 3236 696 3306 jam
713 3252 1004 3291 conversus
1028 3237 1079 3290 in
1106 3237 1390 3290 virtutibus
1418 3236 1718 3291 inardescat
1740 3253 1754 3303 ;
1774 3251 2068 3291 neevoma-

479 3343 566 3382 tur
617 3330 846 3398 tepidus,
882 3330 967 3396 qui
997 3347 1024 3383 a
1057 3331 1233 3383 calore.
1263 3346 1417 3396 quem
1454 3331 1729 3398 proposuit
1759 3341 1972 3399 torpore
1997 3330 2065 3385 ad

479 3421 692 3477 noxium
727 3425 888 3492 frigus
916 3423 1066 3476 tedii.

851 3514 1077 3568 csrnr
1117 3513 1313 3570 xxxv
1345 3513 1451 3586 [.41.
1493 3513 1669 3585 LIX].

479 3608 748 3677 Quomodo
786 3607 1098 3660 admonendi
1137 3609 1224 3674 qui
1264 3607 1399 3678 mala
1449 3608 1580 3660 clam
1633 3617 1680 3662 et
1719 3609 1852 3662 bona
1887 3609 2064 3678 palam

903 3678 1129 3742 faciunt;
1153 3693 1214 3727 ac
1235 3677 1320 3740 qui
1343 3692 1482 3728 versa
1510 3680 1634 3730 vice.

552 3789 871 3858 (Admonitio
886 3789 1001 3855 56.)
1028 3788 1201 3851 Aliter
1217 3787 1537 3848 admonendi
1561 3798 1684 3843 sunt
1710 3791 1798 3859 qui
1815 3791 1949 3844 mala
1967 3806 2060 3846 oc-

476 3881 618 3938 culte
656 3887 842 3946 agunt,
885 3886 940 3932 et
967 3877 1102 3932 bona
1135 3878 1374 3946 publice;
1427 3887 1589 3948 atque
1617 3880 1774 3934 aliter
1803 3880 1892 3949 qui
1925 3882 2060 3936 bona

477 3988 594 4040 qum
627 3970 831 4023 faciunt
880 3970 1233 4034 abscondunt,
1267 3979 1320 4024 et
1350 3980 1523 4025 tamen
1555 3971 1872 4039 quibusdam
1903 3971 2060 4028 factis

479 4061 690 4131 publice
720 4062 859 4114 mala
887 4061 953 4116 de
980 4078 1040 4116 se
1065 4063 1270 4130 opinari
1327 4063 1663 4131 pertnittunt.
1718 4064 2057 4120 Admonendi

476 4155 619 4210 enim
652 4167 779 4206 sunt
807 4153 894 4221 qui
927 4155 1062 4206 mala
1113 4154 1319 4208 occulte
1349 4165 1531 4223 agunt,
1567 4167 1619 4209 et
1653 4155 1793 4209 bona
1826 4157 2060 4224 publice,

477 4257 534 4300 ut
566 4254 789 4315 pensent
813 4244 1042 4298 humana
1069 4243 1262 4311 judicia
1286 4256 1480 4314 quanta
1511 4247 1797 4302 velocitate
1822 4247 2057 4313 evolant,

476 4340 653 4393 divina
671 4345 855 4394 autem
882 4345 1081 4406 quanta
1115 4337 1490 4393 itnmobilitale
1519 4341 1830 4410 perdurant.
1866 4344 2063 4394 Admo-

478 4431 640 4488 nendi
673 4442 798 4486 sunt
829 4431 964 4483 utin
1011 4430 1118 4485 line
1173 4445 1351 4484 rerum
1383 4435 1578 4486 mentis
1635 4433 1822 4487 oculos
1874 4432 2056 4501 ligant,

2172 3242 2385 3296 radices
2411 3242 2704 3317 subtrahit,
2737 3241 2822 3309 qui
2846 3257 2978 3309 opus
3007 3241 3149 3310 quod
3177 3241 3487 3295 imitandum
3511 3251 3609 3306 est,
3641 3258 3746 3300 non

2169 3335 2431 3391 ostendit.
2465 3334 2600 3388 Hinc
2631 3350 2861 3402 namque
2909 3334 2962 3388 in
2993 3334 3284 3403 Evangelio
3315 3333 3519 3388 Veritas
3570 3333 3698 3386 dixit
3728 3349 3744 3388 :

2188 3429 2402 3483 Videant
2427 3444 2579 3500 opera
2617 3438 2782 3481 vestro
2829 3429 2978 3491 bona,
3010 3439 3058 3481 et
3097 3428 3385 3499 gloriﬁcent
3421 3427 3624 3482 Patrem
3662 3443 3748 3480 ue-

2179 3531 2344 3574 strum
2372 3521 2458 3589 qui
2487 3520 2537 3571 in
2567 3519 2703 3571 caelis
2724 3527 2796 3572 est
2821 3518 3030 3591 (Matth.
3065 3535 3116 3584 ν,
3153 3518 3263 3588 16).
3292 3517 3390 3572 Ubi
3421 3517 3508 3570 illa
3537 3532 3749 3584 quoque

2166 3612 2439 3668 sententia
2465 3607 2487 3644 ἀ
2519 3610 2799 3680 promitur,
2827 3610 2938 3680 96
2953 3625 3067 3680 quae
3087 3611 3241 3676 longe
3261 3608 3401 3662 aliud
3427 3608 3749 3676 przncepisse

2167 3701 2396 3763 videtur,
2423 3700 2603 3752 dicens
2634 3715 2650 3755 :
2680 3700 2934 3752 Attendite
2972 3714 3034 3751 ne
3045 3699 3301 3769 justitiam
3340 3705 3557 3753 vestram
3587 3696 3775 3766 facia—_

2165 3792 2229 3856 tis
2257 3806 2428 3843 corant
2460 3790 2767 3854 hominibus,
2797 3800 2848 3843 ut
2871 3789 3216 3842 rideaminiab
3244 3790 3314 3841 eis
3336 3787 3548 3858 (Matth.
3570 3803 3638 3850 v1,
3667 3786 3745 3855 1).

2237 3883 2372 3950 Quid
2387 3893 2468 3938 est
2490 3898 2617 3951 ergo
2632 3883 2771 3951 quod
2784 3897 2920 3950 opus
2941 3891 3181 3935 nostrum
3196 3893 3248 3934 et
3266 3881 3335 3935 ita
3353 3880 3650 3935 faciendum
3666 3889 3750 3934 est

2166 3992 2234 4033 ne
2259 3977 2522 4042 videatur,
2547 3983 2788 4029 ettamen
2815 3983 2871 4028 ut
2888 3974 3084 4029 debeat
3107 3974 3273 4027 videri
3300 3972 3624 4042 prrecipitur,
3643 3971 3750 4025 nisi

2165 4069 2304 4138 quod
2333 4083 2396 4122 ea
2425 4084 2543 4138 qua:
2564 4069 2788 4138 agimus,
2811 4077 2864 4121 et
2890 4067 3203 4120 occultanda
3231 4075 3372 4130 sunt,
3409 4081 3473 4118 ne
3502 4065 3598 4132 ipsi
3630 4065 3748 4117 lau-

2166 4161 2376 4231 dentur,
2405 4171 2460 4214 et
2484 4169 2657 4213 tamen
2679 4157 3007 4212 ostendenda
3032 4167 3179 4223 sunt,
3202 4167 3256 4210 ut
3283 4158 3493 4210 laudern
3513 4155 3751 4209 ccelestis

2168 4251 2342 4304 Patris
2373 4250 2692 4319 augeamus?
2736 4248 2867 4302 Nam
2892 4263 3010 4301 cum
3044 4263 3141 4300 nus
3193 4246 3454 4317 justitiam
3510 4256 3749 4300 nostrain

2167 4356 2346 4395 coram
2379 4340 2676 4393 hominibus
2709 4338 2883 4393 facere
2936 4339 3195 4391 Dominus
3228 4338 3554 4406 prohiberet,
3607 4337 3750 4389 illico

2167 4433 2436 4503 adjunxit:
2469 4433 2823 4486 Utvideamini
2853 4433 2915 4485 ab
2937 4433 3030 4486 eis.
3065 4433 3128 4485 Et
3155 4446 3274 4484 cum
3307 4446 3489 4483 rt1r51ts
3518 4429 3751 4485 videnda

475 4525 596 4593 quia
629 4531 683 4576 et
711 4522 954 4575 humanae
988 4521 1154 4574 laudis
1171 4524 1442 4578 attestatio
1468 4524 1731 4590 praeterit,
1758 4534 1812 4578 et
1835 4541 2064 4592 superna
2095 4521 2148 4581 D
2172 4526 2239 4580 ab
2271 4524 2572 4578 hominibus
2599 4524 2735 4577 bona
2757 4538 2915 4590 onera
2933 4532 3112 4577 nostia
3137 4522 3472 4590 praeciperet,
3509 4520 3750 4587 protinus

478 4615 764 4676 sententia,
791 4626 909 4681 quae
935 4621 988 4664 et
1017 4612 1331 4665 abscondita
1357 4622 1616 4680 penetrat,
1650 4615 1713 4668 ad
1748 4617 2057 4680 retributio~

475 4719 597 4757 nent
629 4711 937 4772 perpetuam
967 4702 1312 4756 convalescit.
1347 4703 1478 4756 Dum
1509 4704 1666 4773 igitur
1686 4705 1893 4758 occulta
1921 4707 2057 4760 niala

474 4811 568 4849 sua
597 4794 797 4848 divinis
824 4792 1070 4860 judiciis,
1103 4804 1244 4848 recta
1275 4805 1449 4849 autem
1482 4811 1574 4849 sua
1604 4794 1850 4860 humaan
1881 4797 2053 4851 oculis

472 4903 831 4961 anteponunt,
860 4903 913 4948 et
936 4895 1052 4946 sine
1080 4901 1219 4947 teste
1246 4903 1326 4948 est
1353 4892 1550 4945 bonum
1578 4890 1719 4960 quod
1748 4889 1954 4958 publice
1978 4888 2053 4941 fa-

474 4981 645 5051 ciunt,
696 4994 749 5037 et
783 4999 883 5037 non
917 4986 1034 5037 sine
1084 4993 1286 5037 aeterno
1335 4992 1468 5036 teste
1513 4993 1596 5035 est
1639 4981 1778 5050 quod
1832 4981 2059 5033 latenter

478 5075 818 5144 delinquunt.
846 5075 1042 5145 Culpas
1060 5076 1240 5145 itaque
1259 5090 1382 5130 suas
1401 5073 1719 5128 occultando
1736 5072 2061 5136 hominibus,

475 5167 807 5235 virtutesque
823 5166 1123 5234 pandendo,
1157 5175 1209 5220 et
1232 5165 1372 5219 unde
1389 5163 1560 5233 puniri
1583 5162 1808 5216 debeant
1831 5163 2062 5215 abscon-

480 5257 669 5309 dentes
690 5258 962 5326 detegunt,
996 5267 1049 5312 et
1073 5257 1213 5316 unde
1238 5254 1567 5313 remunerari
1618 5262 1880 5321 poterant,
1911 5251 2065 5306 dete-

471 5358 657 5414 gentes
688 5349 1043 5404 abscondunt.
1077 5351 1220 5414 Quos
1243 5361 1387 5404 recte
1404 5347 1644 5416 sepulcra
1677 5346 1916 5400 dcalbata
1949 5359 2069 5414 Spe-

552 5524 576 5552 ⁸
601 5513 787 5575 Corb.,
813 5512 997 5564 inueni.
1032 5511 1121 5563 Sic
1149 5511 1294 5578 prius
1345 5512 1539 5565 lectum
1571 5508 1621 5560 in
1653 5507 1811 5562 Trec.

549 5585 578 5624 ιν
602 5583 907 5650 Adjecimus
938 5598 1004 5634 ex
1035 5577 1162 5635 Mss.
1191 5581 1344 5647 Angl.
1380 5591 1432 5634 et
1465 5579 1678 5650 Gallic.,
1738 5577 1878 5640 t-ivit,
1913 5584 2055 5646 post,

472 5649 788 5727 [i'igore1ct
820 5652 1081 5727 maximus
1102 5653 1383 5727 c.t‘m'dcst‘i_t
1423 5649 1701 5727 Etlttorntn
1722 5650 1771 5704 itt
1795 5650 2060 5710 excrescit,

472 5720 614 5790 uuod
646 5722 844 5791 habent
875 5721 997 5779 Mss.
1029 5734 1253 5786 omnes;
1295 5722 1396 5790 vel,
1430 5720 1630 5773 crescit.

2170 4616 2405 4671 subdidit
2435 4633 2448 4670 :
2489 4615 2554 4670 Ut
2583 4617 2870 4686 gloriﬁcent
2903 4614 3351 4672 Patremvestrum
3399 4613 3485 4680 qui
3508 4613 3558 4663 in
3610 4614 3752 4664 cwtis

2170 4721 2242 4762 est
2272 4707 2484 4778 (Matth.
2517 4724 2567 4768 ν,
2595 4707 2702 4776 16).
2729 4706 2968 4771 Qualiter
2995 4705 3151 4774 igitur
3172 4704 3392 4758 videnda
3425 4712 3626 4767 essent,
3665 4702 3753 4754 vel

2169 4800 2394 4868 qualiter
2426 4814 2530 4852 non
2564 4799 2812 4861 videnda,
2842 4812 2908 4850 ex
2939 4795 3321 4851 sententiarum
3353 4797 3455 4847 line
3486 4800 3754 4848 monstra-

2168 4891 2267 4954 vit,
2293 4896 2554 4957 quatenus
2586 4889 2858 4956 eperantis
2890 4902 3041 4940 mens
3076 4899 3208 4952 Opus
3239 4901 3390 4938 suum
3426 4893 3479 4936 et
3535 4893 3757 4952 prepter

2167 4995 2226 5034 se
2258 4981 2425 5033 videri
2454 4994 2557 5032 non
2591 4988 2874 5046 qnzereret,
2910 4988 2963 5031 et
3012 4989 3184 5030 tamen
3221 4977 3319 5029 hoc
3377 4985 3592 5044 propter
3640 4989 3754 5030 etn-

2168 5071 2316 5126 lestis
2350 5070 2523 5124 Patris
2552 5070 2772 5139 gloriam
2803 5083 2907 5121 non
2942 5067 3319 5122 celaret.Unde
3349 5068 3405 5119 [it
3434 5068 3757 5135 plerumque

2169 5175 2226 5218 ut
2258 5165 2452 5218 bonum
2485 5179 2621 5232 opus
2654 5168 2777 5216 etin
2815 5163 3024 5216 occulto
3048 5162 3135 5227 sit,
3166 5177 3286 5214 cum
3329 5159 3387 5212 tit
3412 5159 3647 5226 publice;
3697 5169 3760 5210 et

2173 5271 2357 5310 rursus
2385 5255 2436 5308 in
2465 5255 2692 5324 publico,
2744 5268 2862 5307 cum
2889 5253 3061 5322 agitur
3109 5252 3339 5307 occulte.
3374 5251 3474 5316 Qui
3503 5250 3646 5304 enim
3699 5249 3762 5302 in

2175 5345 2388 5414 publico
2419 5347 2558 5401 bono
2589 5357 2750 5412 epere
2796 5359 2900 5397 non
2958 5358 3132 5406 suam,
3176 5343 3269 5396 sed
3315 5342 3532 5410 superni
3580 5340 3761 5394 Patria

2244 5516 2265 5543 ο
2300 5505 2517 5560 Trcc.el
2538 5504 2721 5566 Corb.,
2749 5505 2953 5557 salubre
2973 5510 3165 5572 potum.

2195 5648 2204 5656 I
2239 5575 2264 5612 τι
2301 5576 2867 5643 Belv.,repromittitur.
2901 5569 3009 5628 Duo
3032 5573 3238 5642 priores
3262 5569 3505 5638 Garnot.,
3530 5573 3761 5641 prmisit-

2170 5657 2310 5702 titur.
