4014 6314
198 243 289 297 ιει
998 232 1302 289 ΚΕΟΠΙΑΕ
1342 230 1502 285 ΡΑὸἶ
1519 229 1769 284 ORALIS

1907 229 2028 281 :Eli.
2070 260 2137 271 -—
2181 230 2357 286 PARS
2394 229 2666 289 TERTIA.

3377 238 3476 295 12:7.

194 357 421 430 gtoriam
453 352 677 424 quaerit,
706 351 849 419 quod
902 349 1024 404 fecit
1068 346 1376 412 abscondit;
1434 346 1556 413 quia
1613 342 1788 398 solum
1822 348 1867 401 Λ
1899 356 2155 413 augeatur
2192 350 2443 403 actionis.
2497 349 2587 403 Sic
2638 349 2886 418 inqu'etis
2914 363 3143 420 ponatur
3172 355 3383 422 modus,
3416 368 3473 413 ιη

198 454 353 509 illum
408 458 604 503 testem
664 443 868 506 habuit,
917 442 1002 495 cui
1052 440 1263 510 placere
1316 441 1542 491 curavit.
1576 436 1645 489 Et
1698 435 1791 503 qui

197 546 256 598 in
308 549 526 597 secreto
582 550 685 590 suo
741 536 881 586 bono
953 546 1117 598 epere
1167 526 1496 603 deprehendi
1557 541 1620 579 ac
1675 525 1791 579 lau-

198 636 318 691 dari
372 627 752 697 concupiscit;
807 633 861 678 et
914 623 1090 676 nullus
1158 618 1385 674 fortaSSe
1438 616 1572 670 vidit
1650 613 1792 684 quod

201 728 465 788 exhibuit,
499 732 555 776 et
587 730 767 774 tamen
816 722 917 769 hoc
937 731 1117 769 coram
1148 711 1447 766 hominibus
1476 710 1623 772 fecit,
1671 708 1793 776 quia

202 827 285 870 tot
310 825 476 870 testes
528 813 581 865 in
610 810 769 863 bono'
800 822 963 872 opere
997 819 1175 858 secum
1208 802 1379 864 duxit,
1433 809 1563 868 quot
1609 798 1797 849 Imma-

203 924 297 962 nas
348 906 542 963 laudes
599 903 651 954 in
700 899 863 952 corde
919 894 1211 963 requisivit.
1268 892 1400 946 Cum
1456 904 1583 943 vero
1631 902 1794 956 prava

202 998 518 1060 sstimatio,
574 994 628 1047 in
686 1001 942 1060 quantum
1000 987 1117 1040 sine
1177 992 1394 1053 peccato
1423 982 1584 1044 valet,
1616 979 1798 1032 abiu-

202 1092 470 1145 tuentium
497 1094 672 1139 mente
696 1092 720 1117 ⁸
758 1098 861 1134 non
896 1079 1135 1146 tergitur,
1170 1075 1375 1129 eunetis
1404 1073 1540 1125 mala
1572 1069 1795 1124 creden-

199 1185 350 1237 tibus
396 1195 492 1246 per
518 1173 813 1241 exemplum
846 1170 1001 1238 culpa
1034 1168 1367 1237 propitiatur.
1401 1162 1551 1217 Unde
1600 1169 1653 1213 et
1681 1160 1795 1228 plc-

202 1287 435 1338 rumque
486 1264 768 1331 contingit,
824 1275 879 1316 ut
932 1262 1024 1327 qui
1074 1258 1403 1327 negligenter
1457 1255 1523 1307 de
1552 1268 1611 1306 se
1660 1252 1796 1306 mala

204 1362 417 1431 opinari
474 1357 832 1427 permittunt,
880 1369 975 1422 per
1016 1349 1337 1418 semetipsos
1381 1346 1597 1416 quidem
1652 1343 1795 1396 nulla

203 1455 383 1521 iniqua
418 1451 654 1511 faciant;
702 1448 795 1501 sed
846 1454 1021 1496 tamen
1072 1455 1169 1509 per
1197 1454 1291 1492 eos
1350 1438 1437 1506 qui
1494 1450 1551 1487 se
1606 1433 1797 1487 imitati

203 1547 422 1607 fuerint,
454 1540 809 1611 multiplicius
831 1538 1167 1604 delinquant.
1194 1530 1328 1585 Ilinc
1345 1540 1425 1582 est
1442 1525 1580 1597 quod
1604 1524 1798 1578 Paulus

202 1638 480 1691 immunda
505 1634 753 1704 quaedam
779 1630 895 1683 sine
918 1624 1211 1695 pollutione
1238 1617 1669 1683 comedentibus,
1702 1613 1795 1668 sed

1899 446 2073 489 tamen
2106 438 2295 493 otiosis
2323 454 2428 493 non
2470 439 2565 494 ﬁat
2596 451 2777 509 torpor
2804 456 3045 497 securus.
3092 445 3182 499 Sic
3209 446 3276 500 ab
3305 448 3471 516 impa-

1899 527 2153 581 tientibus
2205 531 2576 599 exstinguatur
2614 532 2715 598 ira,
2770 542 2826 587 ut
2878 540 3054 589 tamen
3084 537 3322 590 remissis
3354 548 3377 578 ο
3408 554 3473 595 ac

1894 618 2106 674 lenibus
2137 634 2241 673 non
2273 631 2484 674 crescat
2509 621 2849 691 negligentia.
2880 624 2970 679 Sic
2998 626 3143 681 leues
3169 628 3469 683 accendan-

1896 717 1985 762 tur
2004 709 2069 763 ad
2095 709 2293 773 zelum,
2325 720 2382 763 ut
2411 722 2587 765 tamen
2616 713 2885 767 iracundis
2908 729 3010 768 non
3036 714 3259 770 addatur
3281 718 3463 773 incen-

1897 798 2066 852 dium.
2114 799 2204 852 Sic
2254 801 2529 855 tenacibus
2590 802 2901 857 infundatur
2934 804 3197 860 tribuendi
3231 808 3470 877 largitas,

1898 902 1957 945 ut
2008 903 2182 947 tamen
2213 894 2446 962 prodigis
2478 894 2754 949 efTusionis
2783 897 2929 951 frena
2959 898 3177 954 minime
3204 901 3472 963 laxentur.

1898 984 1987 1039 Sic
2047 983 2281 1051 prodigis
2331 983 2648 1051 prredicetur
2689 987 2935 1052 parcitas,
2983 997 3039 1041 ut
3088 999 3263 1045 tamen
3322 1005 3474 1046 tena-

1898 1074 2050 1128 cibus
2077 1074 2428 1140 periturarum
2465 1090 2642 1127 rerum
2673 1076 2911 1133 custodia
2937 1094 3039 1133 non
3070 1091 3348 1149 augeatur.
3384 1084 3474 1137 Sic

1899 1165 2350 1219 incontinentibus
2405 1166 2650 1220 laudetur
2676 1169 3005 1240 coniugium,
3055 1183 3109 1226 ut
3138 1182 3313 1228 tamen
3363 1176 3473 1243 jam

1898 1258 2235 1310 continentes
2268 1273 2372 1310 non
2404 1267 2723 1311 revocentur
2750 1261 2816 1313 ad
2848 1262 3044 1315 lusum.
3075 1263 3165 1318 Sic
3192 1265 3475 1318 ccutineu-

1901 1347 2039 1399 tibus
2079 1347 2325 1399 laudetur
2358 1346 2632 1415 virginitas
2662 1352 2927 1417 corporis,
2967 1362 3024 1405 ut
3054 1364 3227 1407 tamen
3257 1354 3308 1408 in
3340 1370 3473 1408 cou-

1897 1435 2114 1505 jugibus
2169 1436 2419 1505 despecta
2482 1453 2585 1491 non
2644 1439 2735 1491 fiat
2794 1440 3087 1495 fecunditas
3137 1445 3333 1497 carnis.
3389 1444 3479 1500 Sic

1900 1528 2242 1597 praedicanda
2294 1538 2418 1582 sunt
2445 1530 2608 1592 bona,
2664 1544 2729 1583 ue
2758 1545 2823 1583 ex
2877 1531 3107 1586 latere‘
3150 1535 3402 1602 juventur
3428 1545 3479 1590 et

1900 1620 2059 1674 mala.
2092 1621 2183 1674 Sic
2241 1620 2499 1673 laudanda
2547 1629 2674 1674 sunt
2721 1622 2857 1675 bona
2891 1638 3119 1690 summa,
3166 1635 3191 1672 κ
3241 1642 3308 1680 ne
3358 1628 3478 1681 des-

203 1727 542 1795 imperfectis
562 1722 873 1779 teutationis
894 1716 1202 1771 scandalum
1227 1728 1318 1766 sua
1347 1713 1443 1765 hac
1464 1708 1797 1764 comestioue

1907 1724 2157 1781 perentur
2189 1712 2395 1766 ultima.
2429 1712 2517 1766 Sic
2548 1714 2828 1767 nutrienda
2873 1724 2999 1768 sunt
3025 1715 3227 1781 ultima,
3256 1731 3321 1769 ne
3348 1717 3472 1770 dttut

202 1820 551 1878 moventibus
586 1818 715 1872 dicit
741 1834 754 1868 :
792 1814 974 1867 Videte
1001 1827 1063 1864 ne
1107 1812 1239 1879 forte
1266 1806 1373 1858 Itwc
1400 1803 1603 1856 licentia
1631 1810 1795 1853 vestra

204 1912 574 1978 offendiculrtnt
600 1910 691 1977 ﬁat
716 1906 933 1973 inﬁrmis
960 1900 1010 1969 (ι
1059 1900 1182 1955 Cor.
1212 1912 1325 1961 vtn,
1356 1894 1434 1965 9).
1470 1894 1533 1947 Et
1564 1907 1746 1946 rursus
1773 1908 1786 1945 :

205 2002 273 2055 Et
305 2002 487 2070 peribit
542 2000 781 2067 inﬁrmus
812 1997 865 2048 in
906 2004 996 2047 tua
1036 1990 1347 2044 conscientia
1382 1987 1561 2057 frater,
1589 1990 1797 2052 promer

201 2108 355 2164 quem
380 2089 617 2142 Christus
646 2096 875 2139 mortuus
896 2093 989 2137 est.
1015 2082 1105 2137 Sic
1130 2089 1301 2133 autent
1331 2085 1591 2147 peccantes
1612 2074 1667 2128 in
1695 2074 1801 2143 [rae

204 2198 326 2247 tres,
380 2193 426 2236 et
456 2181 795 2251 percutieutes
836 2175 1199 2231 conscientiam
1226 2186 1401 2224 eorum
1430 2168 1713 2235 inﬁrmam,
1745 2166 1798 2220 in

203 2276 471 2329 Christum
495 2265 1156 2341 peccatis(lbid.,ii,12).
1181 2265 1312 2318 lliuc
1330 2270 1411 2317 est
1429 2260 1568 2331 quod
1588 2260 1798 2330 Moyses

204 2382 329 2418 cum
358 2365 596 2418 diceret:
615 2361 737 2416 Non
764 2357 1033 2411 maledices
1057 2355 1237 2416 surdo,
1263 2351 1504 2421 protinus
1517 2348 1794 2419 adjunxit:

205 2458 325 2512 h‘ec
355 2472 533 2510 coram
562 2469 691 2507 crrco
720 2467 877 2522 pones
926 2446 1295 2515 o/fendiculum
1328 2441 1512 2514 (Leuit.
1544 2456 1651 2505 six,
1681 2439 1794 2508 Μ),

204 2548 393 2605 Sordo
426 2546 617 2615 quippe
645 2540 986 2602 maledicere,
1014 2546 1097 2591 est
1120 2534 1327 2589 absenti
1351 2541 1405 2585 et
1431 2546 1537 2585 non
1561 2529 1798 2583 audienti

204 2643 479 2708 derogare
511 2654 526 2689 :
558 2650 737 2690 coram
767 2647 910 2687 casco
960 2643 1090 2683 vero
1143 2622 1525 2679 offendiculum
1574 2636 1795 2690 ponere,

204 2740 295 2786 est
344 2732 630 2783 discretam
678 2724 892 2794 quidem
938 2736 1050 2774 rem
1109 2731 1268 2785 agere
1300 2757 1315 2780 ,
1372 2713 1465 2767 sed
1522 2724 1697 2766 tamen
1747 2712 1798 2770 ei

204 2822 301 2889 qui
330 2822 509 2873 lumen
538 2815 878 2870 discretionis
906 2826 1011 2866 non
1047 2809 1232 2873 habet,
1283 2804 1523 2860 scandali
1554 2802 1799 2859 occasio-

207 2930 333 2969 nem
364 2912 626 2980 praebere.

612 2997 840 3053 CAPUT
868 2993 1085 3050 xxxvr
1118 2990 1226 3065 [AL
1261 2989 1399 3061 LX].

209 3094 297 3152 De
342 3092 695 3146 exhortatione
735 3087 907 3139 multis
935 3082 1219 3152 exhibenda
1247 3121 1262 3145 ,
1293 3089 1346 3133 ut
1378 3080 1449 3132 sic
1478 3077 1798 3152 singulomm
1829 3085 1872 3145 ο

287 3165 496 3216 rirtutes
524 3163 753 3230 adjuvet,
778 3166 1025 3224 quatenus
1048 3168 1135 3223 per
1163 3151 1292 3204 hanc
1312 3150 1573 3204 contraria
1599 3147 1801 3200 virtuti-

286 3238 378 3288 bus
410 3234 531 3285 vitia
558 3248 659 3283 non
685 3234 995 3283 exrrescant.

284 3325 313 3364 δ
343 3326 477 3379 Haec
509 3330 633 3376 sunt
646 3336 761 3393 qua:
787 3314 1292 3387 prmsulauimarum
1319 3310 1371 3364 iu
1404 3307 1801 3377 praedicationis

204 3418 534 3478 diversitate
581 3412 863 3473 custodiat,
898 3418 954 3463 ut
983 3406 1245 3463 sollicitus
1274 3418 1509 3473 congrua
1562 3400 1803 3469 singulo—

205 3531 333 3571 rum
385 3508 696 3565 vulneribus
755 3502 1110 3560 medicamina
1165 3510 1189 3538 α
1222 3507 1474 3568 opponat.
1520 3494 1627 3550 Sed
1679 3511 1801 3550 eum

208 3607 398 3676 magni
421 3607 490 3658 sit
520 3601 679 3656 studii
708 3609 764 3653 ut
793 3594 1149 3653 exhortandis
1182 3591 1409 3667 singulis
1440 3589 1706 3644 serviatur
1734 3587 1800 3641 ad

206 3700 450 3769 singula,
478 3710 599 3751 cum
627 3693 786 3747 valde
815 3688 1139 3747 laboriosum
1182 3687 1251 3739 sit
1281 3695 1711 3752 unumquemque
1739 3681 1805 3735 de

208 3791 450 3865 propriis
478 3789 578 3842 sub
599 3784 999 3855 dispensatione
1026 3782 1221 3835 debitae
1250 3774 1696 3833 considerationis
1720 3776 1802 3826 in-

209 3894 455 3946 struere,
486 3882 643 3950 louge
675 3889 851 3933 tamen
895 3874 1216 3939 laboriosius
1243 3881 1328 3927 est
1358 3870 1635 3924 auditores
1666 3864 1691 3903 ἀ
1725 3868 1803 3921 iu—

213 3990 476 4030 numeros
526 3987 587 4026 ac
641 3970 868 4025 diversis
918 3966 1256 4036 passionibus
1307 3963 1647 4027 laborantes,
1702 3973 1807 4013 uno

211 4068 522 4135 eodemque
553 4075 790 4131 tempore
821 4075 952 4115 voce
984 4059 1139 4112 unius
1166 4065 1219 4111 et
1246 4058 1350 4128 97
1384 4064 1524 4107 tanta
1561 4063 1676 4107 arte
1706 4067 1806 4105 vox

213 4155 571 4226 temperanda
603 4163 709 4218 est,
730 4162 921 4206 utcum
946 4151 1168 4204 diversa
1199 4146 1624 4201 sititauditorum
1657 4144 1804 4205 vitia,

212 4258 273 4305 et
300 4248 529 4317 singulis
560 4245 863 4300 inveniatur
890 4256 1149 4312 congrua,
1180 4249 1235 4294 et
1268 4248 1445 4292 tatnen
1485 4234 1808 4303 sibimetipsi

211 4358 325 4398 non
363 4344 434 4394 sit
466 4340 713 4404 diversa;
743 4346 795 4391 ut
821 4339 961 4391 inter
1005 4335 1279 4404 paSsiones
1310 4331 1513 4385 medias
1548 4343 1655 4382 uno
1685 4327 1807 4397 qui—

210 4437 345 4490 dem
366 4434 533 4486 ductu
554 4438 813 4493 transeat,
830 4428 922 4482 sed
952 4443 1101 4483 more
1128 4425 1364 4495 bicipitis
1391 4422 1551 4491 gladii
1572 4431 1807 4475 tumores
1835 4447 1889 4508 Β

209 4528 608 4597 cogitationum
649 4523 939 4578 carnalium
991 4536 1055 4575 ex
1107 4520 1319 4573 diverso
1367 4517 1534 4571 latere
1583 4512 1806 4577 incidat,

214 4630 496 4686 quatenus
521 4617 597 4669 sic
619 4614 864 4683 superbis
894 4612 1209 4681 pradicetur
1228 4607 1517 4671 humilitas,
1553 4614 1609 4659 ut
1634 4615 1808 4661 tamen

215 4707 432 4761 timidis
465 4720 568 4758 non
599 4713 857 4772 augeatur
886 4710 1091 4768 metus,
1136 4700 1214 4753 sic
1246 4696 1445 4751 timidis
1499 4694 1813 4750 infundatur

214 4798 543 4860 auctoritas,
577 4804 632 4848 ut
663 4805 838 4847 tamen
868 4793 1110 4861 superbis
1139 4804 1243 4843 non
1272 4798 1481 4843 crescat
1510 4785 1807 4840 ell'renatio.

212 4894 317 4947 Sic
347 4889 536 4944 otiosis
560 4902 622 4941 ac
653 4885 987 4956 torpentibus
1019 4883 1336 4951 prtedicetur
1360 4879 1661 4934 sollicitudo
1687 4877 1811 4932 boni

212 4981 434 5049 operis,
466 4987 525 5032 ut
573 4987 750 5031 tamen
777 4973 1024 5043 inquietis
1064 4972 1431 5026 immoderata:
1458 4969 1673 5023 licentia
1708 4983 1813 5021 non

296 5126 325 5153 ³
361 5116 434 5168 lla
467 5128 586 5166 cum
618 5112 799 5175 Trec.,
826 5108 1051 5169 Tlteo.l.,
1080 5106 1262 5166 (ΖΜ-ιι..
1292 5102 1462 5158 Laud.
1492 5111 1544 5155 et
1577 5100 1809 5175 Gentet.,

217 5199 441 5243 veteres
475 5185 595 5244 BL,
624 5198 746 5236 cum
797 5181 849 5233 iu
881 5189 1082 5232 recent.
1116 5179 1340 5243 legatur,
1368 5190 1467 5244 non
1499 5174 1703 5241 tegitur.

300 5258 326 5296 δ
354 5260 410 5309 ιιι
441 5242 603 5307 (lori).
628 5261 713 5307 est
742 5266 858 5319 Cap.
882 5248 970 5300 57.
1000 5250 1052 5299 In
1083 5242 1331 5313 Dirigit»,

304 5337 327 5365 ι
362 5329 419 5379 In
447 5324 698 5387 Excusis,
729 5315 973 5390 apponat.
1003 5319 1360 5390 (lbsequnnur
1393 5315 1520 5367 Msa.

294 5395 322 5434 ά
381 5398 529 5449 Iielv.
570 5404 623 5448 et
677 5380 881 5460 prtinus
927 5391 1112 5450 Carm,
1162 5380 1441 5439 innumeris
1484 5380 1807 5460 ac__diversis.

227 5468 549 5524 lietinentus
587 5452 698 5533 jam
749 5462 1021 5531 vulgatam
1081 5459 1232 5521 lect.,
1267 5470 1387 5524 qua:
1430 5466 1512 5509 est
1551 5452 1709 5504 Trec.
1762 5460 1817 5505 et

224 5550 478 5660 cert-Duo
509 5605 716 5672 priores
746 5602 981 5672 Gcmet._,
1016 5598 1224 5660 levibus,
1256 5603 1310 5649 et
1340 5595 1475 5672 infra
1502 5595 1650 5672 leves:

304 5678 433 5735 Hta
483 5662 767 5740 tegendum
810 5688 879 5729 ex
930 5670 1055 5727 Mss.
1106 5673 1314 5726 Germ”
1363 5666 1600 5723 Belvac..
1635 5662 1812 5722 'l‘rcc.,

1900 1806 2147 1860 sufﬁcere
2167 1804 2478 1869 creduntur,
2512 1819 2842 1874 nequaquam
2875 1806 3123 1861 tendatur
3142 1807 3207 1861 ad
3237 1823 3469 1861 summa.

2266 1920 2494 1975 CAPUT
2534 1920 2773 1975 XXXVII
2814 1919 2919 1992 [ΑΙ.
2966 1918 3123 1990 LXI].

1899 2036 1979 2092 De
2000 2036 2351 2092 exhortatione
2376 2052 2490 2105 qua:
2518 2036 2605 2088 uni
2645 2036 2931 2088 adhibenda
2963 2044 3035 2090 est
3071 2035 3342 2089 contrariis
3371 2051 3480 2106 pas-

2420 2106 2648 2159 siouibus
2675 2107 2947 2159 laboranti.

1977 2203 2039 2256 Et
2065 2201 2241 2269 gravis
2268 2200 2479 2268 quidem
2534 2196 2866 2265 prmdicatori
2900 2198 3048 2251 labor
3094 2206 3196 2260 est,
3234 2198 3285 2250 in
3333 2211 3482 2250 cout-

1902 2294 2079 2348 munis
2111 2290 2506 2361 pra-dicatiouis
2547 2304 2701 2355 voce,
2749 2289 2814 2343 ad
2866 2287 3104 2342 occultos
3152 2289 3482 2358 singulorum

1905 2399 2086 2441 motus
2136 2401 2434 2454 causasque
2466 2386 2704 2454 vigilare,
2738 2393 2792 2439 et
2841 2384 3205 2453 palazstrarum
3249 2399 3399 2437 more
3430 2382 3482 2436 in

1900 2481 2097 2535 diversi
2128 2480 2311 2534 lateris
2341 2486 2457 2532 arte
2505 2493 2564 2533 se
2593 2488 2835 2543 vertere;
2870 2478 3038 2532 multo
3064 2488 3241 2531 tamen
3289 2475 3482 2532 acriori

1901 2572 2085 2625 labore
2116 2570 2378 2640 fatigatur,
2411 2569 2623 2639 quando
2665 2569 2754 2623 uni
2786 2586 2816 2624 e
2837 2568 3152 2644 'contrariis
3181 2568 3319 2622 vitiis
3365 2583 3483 2622 ser-

1903 2664 2067 2717 vienti
2104 2664 2394 2731 praedicare
2444 2662 2804 2732 compellitur.
2839 2663 3157 2732 Plerumque
3188 2663 3331 2717 enim
3365 2663 3483 2731 quis

1903 2758 2039 2811 laetas
2088 2757 2246 2811 nimis
2276 2753 2303 2792 ιι
2335 2758 2732 2824 εοιιειιριείοιιὶε
2762 2758 2977 2825 existit;
3018 2757 3110 2811 sed
3159 2767 3333 2811 tamen
3364 2774 3485 2812 cum

1903 2859 2126 2917 repente
2157 2850 2374 2903 tristitia
2408 2849 2597 2902 oborta
2645 2849 2953 2904 immaniter
2979 2849 3252 2919 deprimit.
3284 2849 3487 2904 Curan-

1903 2942 2029 2997 dum
2079 2952 2161 2997 est
2213 2943 2388 3011 itaque
2438 2943 2775 3011 praedicatori
2827 2953 3089 3013 quatenus
3131 2944 3210 2998 sic
3254 2952 3486 3012 lergatur

1906 3031 2115 3086 tristitia
2144 3049 2260 3103 quze
2294 3036 2438 3088 venit
2466 3049 2531 3087 ex
2562 3042 2821 3103 tempore,
2854 3043 2911 3086 ut
2942 3049 3047 3087 non
3074 3041 3328 3100 augeatur
3358 3030 3488 3084 Ιιιιιῑ-

1906 3124 1975 3177 tia
2009 3140 2128 3190 quaa
2175 3127 2411 3193 suppetit
2460 3139 2526 3179 ex
2561 3125 2984 3191 conspersioue;
3028 3133 3082 3177 et
3129 3123 3206 3177 sic
3253 3122 3488 3175 trenctur

1905 3215 2087 3268 lmtitia
2119 3231 2236 3281 qum
2268 3232 2329 3268 ex
2359 3217 2741 3281 COnSpt'l‘SlHne
2783 3224 2885 3278 est,
2929 3223 2985 3268 ut
3015 3226 3190 3268 tamen
3223 3228 3328 3267 non
3368 3228 3489 3267 cre-

1902 3314 2016 3359 scat
2048 3304 2263 3357 tristitia
2283 3320 2401 3372 qum
2434 3304 2579 3357 venit
2602 3320 2664 3357 ex
2696 3314 2955 3371 tempore.
2976 3303 3077 3357 Iste
3107 3311 3358 3371 gravatur
3392 3319 3487 3357 usu

1904 3397 2270 3452 immoderate
2318 3394 2778 3465 prmcipitationis,
2810 3405 2861 3449 et
2893 3393 3176 3461 aliquando
3208 3404 3382 3448 tamen
3426 3396 3490 3447 ab

1907 3506 1973 3546 eo
2009 3490 2148 3560 quod
2179 3489 2364 3544 festiue
2394 3488 2659 3559 agendum
2703 3498 2807 3552 est,
2839 3502 2963 3542 eum
2995 3489 3073 3541 vis
3104 3486 3360 3555 prmpedit
3397 3502 3489 3539 su-

1904 3582 2017 3637 bito
2051 3590 2189 3636 nata:
2219 3580 2539 3635 formidinis.
2577 3581 2669 3634 Ille
2697 3588 2945 3648 gravatur
2974 3594 3068 3633 usu
3123 3578 3491 3633 immoderatus

1906 3673 2231 3735 formiduis,
2277 3680 2331 3727 et
2359 3670 2648 3740 aliquando
2680 3679 2853 3724 tamen
2898 3670 2949 3724 in
3000 3684 3064 3723 eo
3096 3667 3233 3736 quod
3266 3668 3489 3737 appetit,

1911 3765 2217 3821 temeritate
2265 3764 2561 3832 impellitur
2591 3760 3055 3830 praacipitatiouis.
3100 3760 3188 3812 Sic
3235 3759 3413 3827 itaque
3439 3758 3490 3811 iu

1910 3857 2015 3910 isto
2042 3856 2361 3922 reprimatur
2388 3852 2564 3907 subito
2586 3852 2773 3905 oborta
2806 3850 3055 3914 formido,
3090 3857 3146 3902 ut
3178 3858 3354 3902 tamen
3384 3861 3491 3900 non

1909 3957 2183 4002 ett-crescat
2215 3943 2444 3999 enutrita
2475 3943 2560 3995 ditt
2592 3941 2962 4011 praecipitatio.
2996 3940 3086 3994 Sic
3114 3940 3164 3993 in
3197 3940 3286 3992 illo
3317 3939 3490 4006 repri-

1910 4051 2084 4095 matur
2130 4048 2351 4106 repente
2405 4036 2590 4090 oborta
2646 4033 3016 4103 praecipitatio,
3064 4039 3121 4085 ut
3160 4040 3338 4083 tamen
3384 4044 3489 4081 non

1912 4129 2250 4184 convalescat
2281 4129 2540 4195 impressa
2574 4141 2638 4179 ex
2670 4124 3050 4191 couspersione
3075 4120 3320 4174 formido.
3355 4117 3490 4189 Quid

1911 4232 2089 4275 autent
2142 4221 2335 4273 mirum
2368 4220 2411 4272 si
2459 4217 2717 4270 tuentium
2767 4216 2959 4268 medici
3012 4214 3110 4266 ista
3164 4210 3489 4275 custodiunt,

1913 4314 2038 4367 dum
2070 4321 2214 4366 tanta
2247 4311 2589 4365 discretionis
2621 4321 2736 4362 arte
2782 4324 2842 4361 se
2888 4315 3201 4375 temperant,
3248 4302 3333 4373 qui
3387 4318 3491 4356 non

1915 4407 2076 4462 corda
2106 4406 2201 4461 sed
2252 4420 2476 4473 corpora
2510 4401 2829 4457 medentur?
2863 4401 3179 4468 Plerumque
3226 4396 3366 4451 enim
3401 4395 3493 4449 de-

1920 4501 2028 4555 bile
2053 4514 2246 4568 corpus
2274 4497 2527 4568 opprimit
2576 4496 2796 4565 languor
2829 4493 3097 4556 immanis,
3131 4492 3215 4543 cui
3250 4490 3490 4556 languori

1916 4593 2028 4664 98
2054 4590 2260 4645 ar‘ilicet
2288 4589 2497 4642 obviari
2527 4586 2805 4656 adiutoriis
2836 4583 3063 4637 fortibus
3093 4582 3269 4643 debet,
3299 4579 3388 4631 Sed
3417 4586 3496 4629 tuo

1920 4699 2041 4737 men
2072 4694 2265 4749 corpus
2314 4678 2508 4742 debile,
2561 4674 2885 4747 adiutorium
2928 4672 3065 4725 forte
3095 4685 3199 4723 non
3246 4669 3495 4722 sustinet.

1918 4774 2108 4831 Studet
2133 4772 2291 4841 igitur
2313 4769 2401 4839 qui
2422 4767 2694 4829 'medetur,
2717 4774 2976 4834 quatenus
3000 4764 3076 4817 sic
3096 4761 3497 4831 superexiSteu-

1920 4880 2025 4923 tem
2082 4867 2323 4923 morbum
2380 4859 2685 4925 subtrahat,
2734 4866 2793 4912 ut
2843 4871 3172 4926 nequaquam
3221 4853 3494 4922 supposita

1923 4958 2165 5029 corporis
2192 4956 2444 5013 debilitas
2475 4962 2709 5018 crescat,
2743 4967 2809 5006 ne
2838 4952 3064 5005 fortasse
3112 4952 3331 5017 languor
3372 4963 3495 5000 cum

1917 5094 2127 5156 Nurum,
2163 5103 2291 5157 eun,
2327 5104 2430 5141 non
2465 5097 2519 5140 ut
2566 5085 2760 5157 habent
2796 5077 3495 5157 Editi,jubeantur..0cca-

1917 5146 2127 5219 sionem
2162 5146 2563 5214 ltalluciuationi
2591 5155 2931 5223 prasbuerunt
2957 5146 3075 5223 vet.
3098 5149 3252 5213 Mss.,
3274 5146 3344 5223 _iu
3378 5148 3497 5215 qui-

1917 5238 2015 5289 bus
2046 5232 2322 5298 scriptum,
2346 5219 2618 5300 jubentur',
2652 5241 2746 5293 pro
2768 5226 3043 5300 juventur,
3066 5222 3241 5300 littera
3267 5219 3431 5300 bpro.
3467 5233 3493 5268 υ

1917 5289 2189 5371 usurpita.
2222 5289 2411 5356 l’ostEa
2447 5289 2694 5352 Editorés
2725 5289 3279 5364 niutaruntjubentur,
3315 5289 3366 5343 itt
3411 5290 3496 5354 iu~

1920 5377 2158 5428 beantnr.

1996 5456 2020 5493 ιι
2055 5444 2131 5497 Ex
2164 5457 2307 5495 mera
2338 5438 2666 5505 conjectura,
2698 5437 2900 5505 rejecto
2929 5444 3281 5505 desperentur,
3319 5429 3499 5484 Edito-

1923 5533 2010 5571 res
2041 5513 2392 5580 praetulerunt
2421 5508 2797 5580 despiciantur.

1994 5568 2021 5621 ιι
2042 5568 2125 5636 ὐυ
2154 5583 2251 5632 huc
2283 5596 2410 5635 voce
2453 5568 2562 5649 join
2608 5580 2806 5635 dictum
2837 5588 2919 5633 est
2947 5578 3000 5633 in
3030 5574 3398 5632 admonitione
3446 5568 3497 5639 ri,

2200 5652 2229 5665 Π

1923 5673 2019 5714 seu
2048 5669 2165 5723 cap.
2200 5668 2251 5704 ο.
