4014 6354
543 312 643 366 125

542 424 645 477 vita
715 421 949 478 deliciat.
1008 420 1178 474 Tanta
1234 432 1362 488 ergo
1416 416 1736 485 adjutorium
1785 415 2112 469 discretione
2146 413 2192 467 A

542 515 833 583 componit,
867 522 924 566 ut
953 528 1058 567 uno
1081 513 1377 578 eodemque
1405 521 1646 576 tempore
1669 517 1722 562 et
1752 508 1994 576 languori
2029 509 2120 560 oh-

543 607 649 660 viet
671 616 724 660 et
754 606 1036 660 debilitati.
1067 605 1124 660 Si
1155 605 1315 676 igitur
1345 603 1605 656 medicina
1628 601 1868 670 corporis
1898 599 2123 653 indivise

543 698 783 752 adhibita
815 698 1024 752 servire
1053 697 1396 750 divisibiliter
1431 702 1608 763 potest
1635 695 1786 762 (tunc
1817 693 1959 745 enim
1997 705 2122 744 vere

549 787 816 841 medii-ina
863 797 968 852 est,
1014 786 1225 855 quando
1258 786 1338 839 sic
1369 801 1463 852 per
1506 799 1624 842 eam
1670 784 1798 837 vitio
1846 778 2122 849 superexi-

555 879 716 933 stenti
744 887 768 914 ⁸
800 878 1148 942 succurritur,
1180 889 1234 930 ut
1266 879 1424 931 etiam
1449 876 1738 943 suppositae
1759 873 2124 943 conspersioni

549 966 862 1038 serviatur),
893 983 988 1022 cur
1016 968 1276 1021 medicina
1304 967 1496 1020 tuentis
1528 981 1629 1018 una
1670 965 1967 1031 eademque
1992 979 2130 1032 pra:-

549 1062 815 1115 tlicatione
840 1061 864 1097 b
897 1061 1160 1130 apposita,
1196 1074 1403 1113 morum
1437 1057 1637 1111 morbis
1681 1057 1898 1110 diverso
1939 1056 2129 1108 ordine

549 1151 766 1205 obviare
821 1165 922 1204 non
981 1151 1186 1212 valeat,
1247 1165 1364 1217 qute
1418 1155 1564 1200 tanto
1618 1147 1864 1201 subtilior
1917 1147 2127 1216 agitur,

550 1253 752 1312 quanto
782 1242 848 1296 de
879 1241 1229 1296 invisibilibus
1257 1242 1550 1293 tractatur?

895 1351 1118 1406 CAPUT
1161 1351 1427 1405 xxxvnt
1468 1351 1572 1422 ιΑι.
1615 1348 1797 1420 [χιι]

553 1463 702 1527 Quod
731 1463 1007 1532 aliquando
1039 1463 1223 1515 leviora
1249 1463 1367 1514 vitia
1390 1461 1720 1525 relinquenda
1759 1468 1896 1526 sunt,
1928 1468 1984 1512 ut
2015 1476 2136 1530 gra-

1068 1537 1210 1586 viora
1232 1532 1619 1586 subtrahantur.

623 1649 726 1703 Sed
757 1648 873 1716 quia
928 1648 1241 1716 plerumque
1291 1647 1414 1700 dum
1464 1644 1691 1698 duorum
1726 1644 1972 1696 vitiorum
2023 1643 2137 1695 lan-

557 1754 692 1806 guor
747 1739 918 1803 irruit,
953 1739 1053 1792 hoc
1083 1739 1272 1800 levius,
1307 1737 1435 1790 illud
1485 1736 1714 1789 fortasse
1751 1738 1966 1804 gravius
2010 1749 2133 1801 pre-

555 1831 682 1895 mit;
718 1832 766 1884 ei
800 1833 1049 1884 nimirum
1075 1831 1206 1884 vitio
1237 1831 1430 1883 rectius
1458 1829 1558 1882 sub
1582 1829 1858 1882 celeritate
1883 1827 2138 1880 subveni-

555 1932 662 1986 tur,
695 1936 786 1987 per
804 1922 942 1987 quod
977 1919 1170 1974 festiue
1200 1921 1265 1972 ad
1299 1919 1573 1972 interitum
1605 1920 1855 1972 tenditur.
1885 1919 1946 1971 Et
1967 1918 2010 1971 si
2035 1917 2137 1972 hoc

559 2027 588 2064 a
623 2014 792 2063 vicina
843 2022 1015 2064 morte
1047 2010 1294 2078 restringi
1325 2024 1428 2062 non
1464 2019 1658 2077 potest,
1689 2009 1791 2062 nisi
1819 2009 1943 2061 illud
1977 2010 2136 2062 etiam

559 2102 698 2170 quod
748 2102 1278 2154 existitcontrarium
1328 2111 1584 2155 crescatc
1623 2099 1952 2153 tolerandum
2004 2115 2141 2166 prie-

561 2190 786 2245 dicatori
832 2202 933 2254 eSI,
965 2202 1022 2244 ut
1071 2206 1164 2258 per
1194 2189 1621 2244 exhortationem
1671 2205 1823 2243 suam
1853 2188 2141 2243 artificioso

561 2283 928 2336 moderamine
960 2297 1122 2335 unum
1154 2282 1383 2350 patiatur
1412 2296 1684 2345 crescere,
1731 2290 1993 2350 quatenus
2022 2293 2144 2346 pos-

565 2374 637 2430 sit
667 2374 806 2426 aliud
841 2389 869 2427 a
904 2373 1075 2426 vicina
1125 2382 1300 2426 morte
1348 2372 1602 2426 retinere.
1650 2371 1801 2442 Quod
1849 2386 1968 2424 cum
2012 2371 2141 2438 agit,

561 2481 665 2516 non
698 2464 944 2516 morbum
971 2473 1278 2531 exaggerat,
1312 2464 1404 2516 sed
1434 2463 1694 2516 vulnerati
1725 2462 1826 2526 sui,
1857 2462 1943 2514 cui
1975 2462 2144 2515 medi-

562 2565 859 2607 camentum
889 2553 1127 2619 adhibet,
1160 2554 1322 2607 vitam
1356 2564 1557 2616 servat,
1588 2564 1642 2606 ut
1691 2554 2032 2622 exquirendae
2061 2566 2146 2604 sa-

563 2647 684 2701 lutis
715 2661 1005 2716 congruum
1041 2657 1248 2715 tempus
1291 2646 1548 2701 inveniat.
1587 2646 1741 2713 Saepe
1782 2646 1923 2699 enim
1951 2645 2071 2713 quis
2115 2658 2146 2697 a

563 2741 801 2792 ciborum
830 2752 886 2791 se
919 2737 1151 2807 ingluvie
1194 2736 1413 2789 minime
1457 2744 1780 2803 temperans,
1810 2734 2143 2803 jamjamque

565 2843 699 2897 pene
727 2825 753 2863 ει
798 2827 1098 2896 superantis
1150 2827 1374 2880 luxuria:
1418 2826 1647 2880 stimulis
1700 2828 1957 2892 premitur
1989 2866 2004 2891 ,
2057 2827 2145 2894 qui

565 2920 721 2987 hujus
752 2933 942 2987 pugna:
971 2929 1111 2971 metu
1147 2919 1378 2981 territus,
1415 2917 1539 2970 dum
1568 2933 1627 2970 se
1656 2933 1749 2983 per
1770 2917 2148 2971 abstinentiam

566 3011 890 3079 restringere
911 3011 1116 3076 nititur,
1142 3010 1313 3064 inanis
1336 3011 1521 3079 gloria:
1547 3010 1839 3065 tentatione
1864 3011 2111 3081 fatigatur
2134 3029 2148 3064 :

566 3105 618 3157 iu
641 3119 746 3172 quo
770 3104 1017 3157 nimirum
1047 3120 1206 3157 unum
1241 3104 1426 3157 vitium
1454 3105 1765 3158 nullatenus
1794 3105 2147 3175 extinguitur,

569 3195 670 3248 nisi
702 3195 840 3247 aliud
873 3195 1155 3248 nutriatur.
1190 3196 1317 3262 Quae
1365 3196 1522 3264 igitur
1571 3199 1736 3264 pestis
1767 3195 2039 3250 ardentius
2066 3195 2150 3249 iu-

570 3287 840 3355 seqi-onda
887 3296 988 3350 est,
1024 3287 1120 3340 nisi
1152 3301 1269 3354 qua:
1315 3288 1665 3355 periculosius
1711 3287 1945 3356 premit?
1997 3285 2156 3340 Tole-

573 3385 799 3433 randum
853 3395 1124 3449 nunquam
1158 3389 1240 3433 est
1288 3390 1343 3431 ut
1389 3394 1483 3447 per
1513 3380 1759 3432 virtutem
1815 3378 2156 3432 abstinentiae

573 3471 788 3526 interim
820 3474 1126 3542 arrogantia
1159 3481 1343 3524 contra
1373 3472 1639 3524 viventem
1667 3480 1891 3537 crescat,
1934 3485 2002 3522 ne
2033 3484 2155 3524 eum

573 3577 667 3630 per
717 3563 1001 3631 ingluviem
1053 3577 1082 3614 a
1133 3563 1236 3614 vita
1290 3561 1528 3615 funditus
1575 3561 1782 3615 luxuria
1829 3563 2153 3630 exstinguat.

573 3656 708 3709 llinc
761 3663 843 3709 est
896 3656 1034 3724 quod
1089 3655 1304 3718 Paulus,
1357 3669 1477 3708 cum
1533 3654 1798 3708 infirmmn
1857 3654 2156 3710 auditorem

572 3762 728 3800 suum
759 3749 1133 3814 perpenderet,
1165 3757 1257 3798 aut
1293 3760 1449 3814 prava
1478 3744 1654 3799 adlmc
1684 3745 1822 3799 velle
1863 3760 2042 3816 agere,
2069 3755 2160 3800 aut

575 3838 639 3889 de
663 3839 872 3890 actione
895 3847 1035 3890 recta
1067 3837 1310 3890 humanae
1331 3835 1505 3891 laudis
1529 3834 1880 3890 retributione
1900 3838 2157 3905 gaudere,

576 3929 687 3984 ait:
732 3928 814 3981 Vis
841 3946 938 3980 non
971 3929 1144 3981 timere
1166 3931 1499 3996 potestatem?
1525 3930 1710 3982 bonum
1740 3931 1841 3999 fac,
1890 3940 1932 3982 et
1955 3929 2159 3984 habebis

578 4021 782 4072 laudem
819 4035 881 4071 ea:
908 4021 999 4072 illa
1031 4018 1207 4088 (Rom.
1248 4037 1357 4084 χιιι,
1392 4022 1470 4089 5).
1498 4021 1681 4088 Neque
1712 4024 1854 4075 enim
1878 4021 1994 4075 ideo
2021 4021 2157 4075 bona

578 4113 780 4179 agenda
806 4120 932 4163 sunt
955 4119 1008 4165 ut
1043 4120 1280 4177 potestas
1310 4111 1468 4177 hujus
1495 4112 1677 4164 mundi
1707 4112 1850 4165 nulla
1887 4111 2160 4177 timeatur,

579 4215 669 4258 aut
714 4220 808 4273 per
839 4204 952 4258 haec
1000 4203 1170 4273 gloria
1201 4205 1524 4260 transitoria:
1554 4205 1725 4259 laudis
1756 4217 2017 4260 sumatur.
2050 4206 2158 4262 Sed

581 4310 700 4347 cum
751 4295 1016 4348 infirmam
1049 4307 1281 4350 mentem
1313 4295 1378 4350 ad
1419 4303 1621 4350 tantum
1673 4296 1834 4348 robur
1864 4297 2161 4352 ascendere

582 4402 686 4441 non
720 4401 876 4457 posse
907 4396 1175 4456 pensaret,
1211 4395 1268 4439 ut
1315 4397 1370 4442 et
1411 4389 1724 4456 pravitatem
1759 4390 1950 4444 vitaret
2003 4388 2161 4443 simul

583 4488 635 4532 et
665 4479 908 4543 laudem;
958 4479 1270 4546 prmdicator
1296 4480 1544 4552 egregius
1574 4481 1644 4544 ei,
1672 4481 2009 4535 admonendo
2057 4482 2158 4534 ali-

584 4570 706 4637 quid
738 4571 951 4634 obtulit,
978 4584 1030 4625 et
1060 4573 1251 4642 aliquid
1281 4575 1416 4626 tulit.
1442 4573 1800 4628 Concedendo
1823 4575 1967 4630 enim
1999 4573 2160 4640 lenia,

584 4663 850 4718 subtraxit
882 4665 1126 4729 acriora;
1161 4676 1218 4720 ut
1265 4666 1385 4732 quia
1434 4665 1499 4719 ad
1547 4665 1841 4722 deserenda
1872 4675 2062 4720 cuncta
2093 4667 2166 4718 si-

585 4757 694 4810 mul
726 4772 831 4811 non
879 4767 1204 4827 assurgeret,
1240 4759 1365 4812 dum
1417 4759 1468 4812 in
1501 4760 1729 4828 quodam
1763 4775 1861 4814 suo
1886 4763 2014 4815 vitio
2054 4760 2168 4815 ani-

588 4862 705 4900 mus
731 4846 1062 4903 familiariter
1091 4851 1429 4919 relinquitur,
1478 4865 1508 4904 a
1537 4853 1768 4921 quodam
1799 4868 1896 4906 suo
1942 4854 2058 4907 sine
2090 4854 2168 4905 la—

589 4937 717 4992 bore
741 4946 765 4974 θ
797 4940 1100 4995 tolleretur.

665 5111 690 5139 °
709 5100 1000 5167 Maliemus,
1021 5100 1327 5163 occurritur,
1344 5103 1485 5168 quod
1510 5101 1772 5170 legiturin
1796 5101 1966 5166 primo
1984 5103 2166 5164 Carn.,

593 5174 691 5254 nisi
723 5174 775 5224 in
803 5172 956 5226 Trec.
988 5183 1041 5226 et
1069 5173 1189 5225 aliis
1215 5172 1373 5226 etiam
1409 5172 1701 5240 potioribus
1748 5185 1913 5237 esset,
1961 5190 2174 5226 succur-

591 5253 741 5296 ritur.

625 5383 636 5392 _
667 5311 693 5348 b
722 5311 909 5376 Corb.,
943 5310 1134 5376 Laud.,
1166 5311 1374 5367 Theod.
1425 5323 1478 5368 et
1523 5313 1725 5381 primus
1768 5311 1958 5380 Carn.,
2009 5330 2172 5384 oppo-

594 5392 708 5434 Stltt.

674 5465 693 5487 ε
724 5449 907 5523 Cori).._
962 5451 1107 5504 Belv.
1154 5465 1206 5506 et
1256 5455 1360 5507 duo
1394 5456 1596 5523 priores
1625 5455 1810 5523 Carn.,
1865 5457 2172 5509 curandum.

597 5521 753 5574 Trce.
790 5528 844 5572 et
865 5521 956 5584 al.,
988 5525 1327 5576 tolerandum.

667 5590 695 5628 ά
725 5590 938 5663 Primus
965 5592 1151 5663 Carn.,
1186 5595 1461 5663 superatis.

672 5670 695 5699 ⁸
719 5661 795 5716 ita
823 5660 999 5728 Genu,
1030 5662 1212 5720 Trec..
1249 5660 1486 5732 Belvac.,
1518 5667 1702 5733 Corb.,
1739 5666 1946 5735 Norm.,
1978 5676 2084 5724 etc.
2119 5670 2187 5724 At

1745 296 1985 355 SANC’I'I
2024 291 2351 351 GREGORII
2391 288 2602 346 MAGNI

3706 277 3822 333 124

2495 403 2605 471 99
2642 399 2868 454 CAPUT
2907 397 3130 453 χχχιχ
3170 397 3276 458 L41.
3319 394 3527 462 LXlll}.

2230 517 2378 581 Quod
2420 519 2636 585 inﬁrmis
2678 515 3294 581 mentibusomninofnon
3325 514 3502 580 debent
3531 517 3640 565 alta
3669 525 3821 582 prce-

2922 585 3104 637 dicari.

2304 697 2322 735 ί
2357 698 2642 752 Sciendum
2676 713 2801 752 vero
2829 707 2912 753 est
2953 699 3328 771 praedicatori,
3350 706 3404 749 ut
3435 695 3696 762 auditoris
3725 694 3819 748 sui

2228 789 2458 841 animum
2487 789 2622 842 ultra
2647 789 2784 855 vires
2815 803 2917 842 non
2943 787 3250 860 trahat,.ne,
3274 797 3331 840 ut
3355 789 3426 851 ita
3457 787 3652 850 dicam,
3678 785 3818 836 dum

2229 880 2347 946 plus
2377 895 2533 946 quam
2568 880 2707 932 valet
2759 879 3014 943 tenditur,
3049 879 3245 933 mentis
3273 878 3473 932 chorda
3506 885 3822 946 rumpatur.

2232 969 2350 1022 Alta
2398 971 2538 1022 enim
2586 985 2812 1040 qumque
2859 970 3061 1024 debent
3092 971 3273 1023 multis
3306 968 3644 1022 audientibus
3685 982 3825 1020 con-

2233 1057 2357 1125 tegi,
2389 1067 2441 1111 et
2477 1058 2559 1111 vix
2611 1058 2790 1127 paucis
2819 1059 3036 1127 aperiri.
3087 1059 3222 1113 ilinc
3253 1074 3480 1126 namque
3505 1073 3596 1123 per
3619 1065 3824 1110 semet-

2235 1150 2404 1218 ipsam
2437 1150 2649 1205 Veritas
2684 1152 2814 1213 dicit
2843 1169 2858 1206 :
2893 1153 3020 1216 Quis
3066 1163 3214 1224 putas
3257 1162 3329 1204 est
3358 1152 3524 1218 ﬁdelis
3551 1150 3826 1217 dispensa-

2236 1249 2314 1293 tor
2343 1250 2388 1293 et
2419 1243 2660 1307 prudens,
2686 1259 2834 1310 quem
2857 1243 3114 1296 constituit
3138 1243 3371 1294 dominus
3392 1257 3542 1308 super
3564 1238 3826 1310 familiam

2235 1348 2403 1396 suam,
2436 1342 2490 1385 ut
2516 1340 2597 1385 det
2630 1328 2734 1385 illis
2767 1334 2819 1386 in
2849 1343 3071 1400 tempore
3097 1333 3255 1385 tritici
3285 1347 3571 1387 mensuram
3598 1329 3821 1395 (Matth.

2241 1439 2384 1487 xxiv,
2416 1422 2520 1489 45;
2577 1423 2701 1476 Luc.
2737 1441 2829 1486 xtl,
2861 1425 2992 1494 4‘2)?
3025 1426 3125 1477 Per
3155 1437 3457 1478 mensuram
3491 1422 3686 1495 quippe
3719 1421 3827 1472 tri-

2241 1513 2329 1566 tiei
2359 1515 2676 1582 exprimitur
2705 1516 2893 1568 modus
2921 1514 3090 1578 verbi,
3145 1528 3210 1568 ne
3240 1530 3359 1566 cum
3407 1521 3631 1580 angusto
3671 1508 3839 1576 cordi

2241 1607 2537 1673 incapabile
2581 1606 2778 1674 aliquid
2830 1605 3106 1670 tribuitur,
3164 1616 3315 1659 extra
3371 1603 3636 1656 fundatur.
3685 1601 3827 1653 llinc

2245 1698 2434 1752 Paulus
2463 1700 2538 1753 ait
2568 1716 2580 1750 :
2615 1699 2735 1752 Non
2791 1701 2930 1768 potui
2959 1699 3097 1752 vobis
3127 1697 3265 1766 loqui
3287 1697 3434 1766 quasi
3480 1694 3835 1768 spiritalibus,

2166 1793 2211 1853 Β
2237 1789 2326 1842 sed
2357 1792 2506 1858 quasi
2532 1793 2846 1845 carnalibus.
2879 1791 3147 1861 Tanquam
3176 1789 3400 1857 parvulis
3428 1788 3477 1839 in
3511 1785 3715 1838 Christo
3743 1785 3825 1835 Iac

2239 1883 2378 1935 vobis
2406 1892 2580 1949 potum
2604 1884 2743 1947 dedi,
2774 1899 2875 1936 non
2903 1901 3067 1937 escam
3094 1884 3143 1953 (I
3170 1883 3288 1936 Cor.
3317 1899 3395 1946 Ill,
3422 1881 3496 1948 1).
3525 1881 3650 1932 ΙΙίιιιτ
3678 1880 3825 1946 Moy-

2241 1987 2328 2025 ses
2354 1988 2382 2024 a
2415 1983 2628 2026 secreto
2655 1975 2746 2028 Dei
2779 1977 2989 2040 exiens,
3023 1986 3392 2030 coruscantem
3424 1989 3600 2027 coram
3628 1971 3834 2039 populo

2242 2061 2432 2119 faciem
2464 2067 2604 2120 velat
2635 2068 2831 2137 (Exod.
2866 2086 3047 2133 xxxnv,
3077 2069 3194 2140 55),
3228 2071 3349 2139 quia
3381 2069 3629 2122 nimii-uin
3656 2067 3831 2119 turlrs

2245 2155 2504 2212 claritatis
2529 2159 2731 2216 intima:
2758 2175 2947 2214 arcana
2981 2177 3085 2214 non
3135 2161 3350 2215 indicat.
3386 2161 3519 2213 llinc
3563 2175 3657 2226 per
3703 2173 3830 2210 eum

2247 2250 2423 2302 divina
2474 2265 2605 2305 voce
2638 2254 2944 2320 praecipitur
2973 2252 3134 2322 (Ibid.
3172 2269 3279 2321 χχι,
3314 2252 3514 2326 55),_ut
3559 2251 3602 2304 is
3625 2250 3711 2318 qui
3754 2251 3832 2314 ei:

2249 2349 2480 2393 sternam
2517 2342 2731 2410 foderit,
2766 2346 2809 2397 si
2866 2345 3075 2412 operire
3106 2344 3419 2416 neglexerit,
3451 2352 3734 2397 corruente
3781 2343 3834 2413 iu,

2248 2445 2310 2484 ea
2358 2433 2492 2486 bove
2523 2434 2604 2498 vel
2658 2433 2827 2500 asino,
2881 2437 3109 2504 pretium
3161 2435 3377 2498 reddat;
3429 2434 3552 2502 quia
3609 2433 3675 2486 ad
3724 2431 3829 2484 alta

2249 2521 2486 2576 scientia:
2553 2523 2745 2577 ﬂuenta
2797 2525 3135 2594 perveniens,
3167 2539 3284 2582 cum
3339 2525 3451 2578 inec
3501 2523 3641 2591 apud
3676 2522 3833 2586 bruta.

2250 2616 2578 2670 audientium
2609 2617 2768 2671 corda
2799 2635 2904 2672 non
2948 2618 3206 2686 contegit,
3258 2632 3427 2685 poena:
3457 2631 3580 2670 reus
3623 2615 3829 2667 addici-

2253 2711 2360 2770 tur,
2393 2705 2434 2758 si
2466 2722 2560 2774 per
2582 2708 2739 2761 verba
2768 2711 2883 2774 eius
2916 2708 2969 2763 in
3002 2708 3333 2771 scandalum,
3365 2707 3477 2759 sive
3502 2703 3696 2761 munda
3718 2704 3830 2758 sivo

2255 2796 2529 2850 immunda
2579 2814 2734 2854 mens
2765 2801 3026 2868 capiatur.
3060 2800 3192 2851 lliuc
3220 2799 3284 2852 ad
3339 2798 3548 2853 beatqu
3578 2796 3677 2850 Job
3697 2795 3831 2864 dici.-

2255 2889 2372 2941 tur?
2421 2888 2546 2954 Quis
2595 2890 2734 2944 dedit
2780 2891 2920 2959 gallo
2976 2891 3362 2959 intelligentiam
3411 2887 3552 2958 (Job.
3603 2902 3836 2958 χχιιίιιιἰ

2254 2979 2381 3050 56η
2411 2977 2738 3035 Prmdicator
2782 2984 2982 3038 etenim
3015 2995 3232 3037 sanctus
3262 2983 3385 3035 dum
3417 2981 3706 3050 caliginoso
3735 2979 3834 3033 hoc

2256 3070 2454 3125 clamat
2483 3074 2535 3124 in
2561 3083 2818 3140 tempore,
2851 3076 2998 3143 quasi
3029 3075 3201 3144 gallus
3225 3083 3403 3127 cantat
3435 3073 3486 3125 in
3517 3082 3692 3135 nocte,
3714 3087 3835 3140 cum

2181 3153 2228 3217 C
2259 3162 2386 3217 dicit
2412 3181 2424 3214 :
2459 3163 2605 3216 Ilora
2633 3175 2705 3219 est
2727 3170 2841 3234 jam
2873 3181 2964 3218 nos
2997 3169 3057 3218 de
3083 3183 3260 3219 somno
3290 3181 3494 3235 surgere
3520 3163 3697 3235 (Rom.
3723 3179 3837 3224 xm.

2264 3253 2375 3322 11).
2409 3251 2472 3307 Ει
2522 3271 2733 3309 rursum
2787 3255 3093 3326 :Evigilate
3132 3259 3286 3325 justi,
3331 3268 3378 3309 et
3428 3255 3586 3309 nolite
3632 3268 3839 3324 peccare

2262 3345 2310 3413 (Ι
2344 3345 2465 3399 Cor.
2497 3363 2585 3409 xv,
2619 3344 2731 3416 54),
2769 3346 2950 3400 Gallus
2994 3359 3172 3403 autem
3223 3350 3379 3420 ιοο
3409 3358 3435 3395 ε
3488 3346 3840 3416 profundiori-

2265 3436 2366 3490 bus
2412 3437 2559 3491 horis
2592 3438 2762 3492 noctis
2791 3439 2930 3491 altos
2955 3439 3116 3493 edere
3143 3449 3332 3492 cantus
3361 3439 3530 3501 solet;
3563 3451 3683 3490 cum
3718 3449 3840 3489 vero

2262 3528 2579 3579 matutinum
2610 3529 2717 3595 jam
2751 3537 2964 3595 tempus
2987 3527 3039 3581 in
3071 3527 3314 3596 proximo
3355 3535 3455 3591 est,
3506 3528 3742 3580 minutas
3779 3542 3841 3582 ac

2263 3625 2451 3672 tenues
2483 3634 2640 3672 voces
2671 3620 2881 3686 format,
2915 3619 3034 3688 quia
3069 3619 3320 3674 nimirum
3357 3618 3446 3688 qui
3476 3631 3621 3673 recte
3659 3619 3844 3686 praedi-

2262 3720 2370 3779 cat,
2420 3712 2661 3766 obseuris
2690 3713 2866 3767 adhuc
2913 3713 3165 3768 cordibus
3193 3723 3375 3782 aperta
3404 3713 3618 3776 clamat,
3668 3711 3742 3764 nil
3780 3709 3844 3766 de

2264 3805 2490 3859 occultis
2519 3805 2790 3875 mysteriis
2818 3806 3038 3870 indicat,
3069 3815 3124 3861 ut
3158 3815 3281 3859 tunc
3311 3803 3587 3858 subtiliora
3621 3819 3845 3872 quinque

2264 3895 2334 3949 de
2376 3896 2683 3951 caelestibus
2714 3896 2954 3961 audiant,
2986 3911 3107 3950 cum
3141 3895 3249 3951 luci
3278 3894 3518 3954 veritatis
3562 3893 3846 3963 appropin-

2266 3998 2454 4056 quant.

2857 4077 3087 4134 CAPUT
3119 4079 3230 4133 XL.

2608 4191 2686 4245 De
2721 4209 2870 4262 opere
2900 4191 3284 4260 prwdicationis
3314 4200 3359 4244 ct
3383 4206 3516 4244 nece.

2339 4292 2445 4347 Sed
2479 4293 2618 4346 inter
2647 4293 2762 4346 inec
2804 4293 2870 4346 ad
2915 4307 2977 4346 ea
3007 4308 3124 4361 qua:
3156 4291 3264 4360 jam
3313 4291 3556 4358 superius
3588 4287 3847 4362 diximus,

2268 4385 2543 4439 charitatis
2572 4384 2750 4437 studio
2779 4396 3172 4452 retorquemur,
3205 4395 3261 4436 ut
3281 4381 3598 4451 przedicator
3625 4379 3848 4448 quisque

2273 4479 2389 4543 plus
2417 4476 2621 4530 actibus
2666 4491 2826 4545 quam
2860 4475 3079 4530 vocibus
3108 4475 3341 4540 insonet,
3375 4482 3429 4526 et
3459 4474 3595 4527 bene
3625 4470 3850 4523 vivendo

2275 4571 2494 4638 vestigia
2548 4567 2924 4639 sequacibusll
2976 4568 3250 4637 imprimat
3305 4569 3515 4635 potius,
3567 4578 3724 4633 quam
3779 4563 3852 4615 lo~

2274 4664 2488 4732 quendo
2516 4677 2623 4730 quo
2645 4662 2955 4730 gradiantur
2987 4662 3258 4716 ostendat.
3290 4660 3422 4728 Quia
3453 4667 3506 4712 et
3533 4658 3704 4727 gallus
3734 4657 3852 4725 iste,

2272 4769 2430 4823 quem
2482 4769 2580 4822 pro
2611 4752 2969 4821 exprimenda
3019 4753 3143 4807 boni
3175 4739 3537 4821 prazdicatoris
3583 4749 3761 4823 specie
3804 4749 3853 4800 in

2275 4847 2554 4901 locutione
2584 4860 2677 4900 sua
2713 4846 2967 4899 Dominus
2999 4847 3247 4910 assumit,
3280 4859 3401 4900 cum
3424 4844 3533 4912 jam
3557 4843 3715 4896 edere
3735 4855 3856 4896 Can-

2279 4949 2362 4995 tus
2409 4949 2584 5011 parat,
2618 4939 2768 5008 prius
2792 4939 2906 5002 alas
2935 4939 3168 5018 excutit,
3209 4946 3265 4993 et
3291 4937 3639 5004 semetipsum
3668 4933 3856 4988 feriens

2285 5099 2468 5158 invitis
2522 5102 2650 5159 Mss.
2702 5111 3140 5170 repugnanteque
3173 5097 3632 5170 totinsrorationjs
3675 5109 3858 5170 sensu,

2280 5175 2608 5230 recentiores
2641 5166 2887 5228 Editur-(Ss
2919 5172 3115 5225 habent
3143 5171 3247 5232 hic,
3282 5169 3543 5231 toleretur.
3575 5167 3738 5220 Docet
3763 5166 3860 5237 ita.

2281 5262 2382 5315 que
2412 5244 2704 5312 Gregorius
2749 5244 2934 5297 ﬁdeles
2965 5245 3017 5297 in
3052 5239 3348 5315 minoribus
3377 5239 3518 5315 vitiis
3549 5234 3854 5314 aliquandiu

2283 5310 2611 5382 tolerandos,
2646 5326 2702 5369 ut
2730 5315 2935 5370 facilius
2965 5331 2992 5368 a
3024 5310 3317 5382 majoribus
3363 5310 3617 5363 tollantur
3653 5316 3706 5361 et
3747 5310 3861 5363 exi-

2281 5394 2513 5442 tuantur.

2358 5455 2378 5494 ί
2413 5457 2692 5526 Bothum,
2724 5456 2849 5526 Lyr.
2876 5467 2932 5511 et
2961 5456 3147 5509 tertius
3179 5450 3357 5519 Gem.,
3389 5449 3716 5506 studendum.

2354 5536 2380 5598 β
2412 5525 2600 5598 Corn,
2630 5528 2682 5580 in
2709 5525 3145 5598 profundioribus.

2356 5594 2380 5633 ιι
2415 5596 2471 5649 ln
2505 5596 2686 5660 Guss.,
2709 5590 2915 5651 omissa
2941 5607 3052 5649 erat
3085 5591 3272 5646 vocula
3305 5595 3493 5659 potius.
3534 5592 3588 5644 In
3620 5590 3738 5644 aliis
3769 5591 3862 5647 ha.-

2284 5669 2441 5726 bettu‘
2473 5684 2487 5723 :
2518 5672 2804 5739 imprimat,
2841 5677 2894 5720 ut
2925 5666 3095 5735 potius
3129 5666 3329 5734 agendo
3353 5680 3503 5734 quam
3527 5661 3804 5734 loquendo.
