4014 6318
78 227 166 283 ίιὶῦ

899 241 1199 302 ΠΕϐυιιΕ
1238 246 1668 306 PASTORALIS
1706 250 1930 307 LIBER.
1974 281 2042 292 —
2081 253 2256 309 PARS
2295 253 2602 322 QUARTA.

3287 263 3385 322 136

84 345 488 426 vigilantiorem
513 349 730 418 reddit,
760 353 884 422 quia
915 355 1166 410 nimirum
1196 374 1420 414 necesse
1448 370 1530 415 est
1553 369 1609 415 ut
1636 361 1690 414 hi
1723 367 1770 424 Α
1798 363 2148 432 vestigatione
2176 364 2612 432 deprehendant,
2643 367 2884 425 districta
2914 372 3385 431 animadversione

88 442 167 505 qui
195 439 358 492 verba
387 448 604 493 sanctae
635 444 1032 509 praedicationis
1062 456 1087 483 ⁸
1125 461 1363 516 movent,
1400 453 1544 518 prius
1581 463 1694 507 stu-

87 534 167 585 dio
193 532 358 586 bona:
387 532 632 587 actionis
661 537 934 604 evigilent,
967 555 1033 594 ne
1066 541 1116 594 itt
1147 544 1455 611 scmetips's
1478 555 1693 614 torpen-

88 637 160 677 tes
190 638 386 692 opere,
422 623 564 678 alios
600 627 838 680 excitent
869 644 1028 694 voce;
1063 633 1210 700 prius
1232 649 1290 688 se
1323 651 1419 702 per
1445 638 1692 692 sublimia

85 714 227 768 facta
262 717 569 781 excutiant,
604 727 660 772 et
693 728 817 774 tunc
844 723 910 775 ad
947 723 1084 779 bene
1111 728 1398 782 vivendum
1428 730 1560 784 alios
1583 731 1691 785 sol-

83 810 262 861 licitos
297 809 564 876 reddant;
600 815 748 879 prius
793 816 1174 884 cogitationum
1221 821 1321 875 alis
1369 824 1690 892 semetipsos

81 900 317 962 feriant;
350 903 618 970 quidquid
651 906 701 958 in
727 919 788 961 se
817 906 1079 965 inutiliter
1113 921 1308 981 torpet,
1337 915 1566 969 sollicita
1599 917 1684 970 itt-

1796 454 2099 522 corrigant;
2147 466 2200 509 et
2252 465 2375 510 tunc
2407 458 2615 512 demum
2648 461 2871 515 aliorum
2905 463 3063 516 vitam
3108 465 3377 533 loquendo

1797 552 2149 610 componant;
2187 545 2331 611 prius
2362 547 2548 613 punire
2581 550 2794 616 propria
2829 549 3039 604 ﬂetibus
3067 562 3276 621 curent,
3319 565 3374 608 et

1799 644 1924 689 tunc
1949 652 2068 704 qua:
2087 635 2313 690 aliorum
2345 641 2608 706 punienda
2637 652 2760 696 sunt
2782 643 3129 712 denuntient;
3155 655 3211 700 et
3231 657 3382 704 ante-

1795 739 1953 794 quam
1994 726 2157 780 verba
2206 727 2591 785 exhortationis
2623 733 2892 800 insonent,
2924 751 3084 791 omne
3109 738 3253 807 quod
3297 737 3378 792 lo-

1793 819 1966 873 cuturi
1997 827 2141 887 sunt,
2170 821 2423 889 operibus
2446 825 2698 880 clament.

152 1049 176 1076 ⁸
210 1043 445 1096 Excidit
479 1044 782 1100 Editoribus
836 1060 1042 1104 mouent
1070 1091 1087 1120 ,
1140 1070 1236 1124 pro
1279 1067 1494 1124 movent,
1528 1056 1668 1120 quod
1711 1057 1935 1127 legimus
1962 1061 2013 1113 in
2044 1062 2292 1116 omnibus
2322 1062 2456 1118 Cod.
2491 1079 2620 1123 mss.

76 1207 274 1228 ﬁ

277 1211 2737 1250 -—-—_____________________

1169 1338 1266 1462 ρ
1295 1339 1601 1446 ΗΑΒ
1621 1341 1840 1448 ΤΑ
1887 1343 2337 1465 PARS.

109 1538 542 1612 QUALITER
587 1540 1119 1602 PRZEDICATOR
1169 1544 1520 1606 OMNIBUS
1578 1547 1763 1606 RITE
1827 1549 2209 1612 PERACTIS
2263 1552 2370 1610 AD
2417 1553 2917 1617 SEMETIPSUM
2968 1559 3339 1641 REDEAT,
3395 1548 3406 1555 ’

698 1641 799 1701 ΝΕ
843 1643 1059 1708 HUNC
1109 1645 1266 1706 VEI.
1313 1647 1507 1708 VlTA
1553 1648 1712 1708 VEL
1759 1651 2274 1714 PBJEDICATIO
2315 1650 2778 1720 EXTOLLAT.

145 1893 252 1948 Sed
282 1893 411 1962 quia
441 1908 588 1962 saepe
649 1893 776 1949 dum
801 1895 1110 1964 praedicatio
1141 1894 1312 1948 modis
1339 1895 1683 1964 congruenti-
1718 1898 1760 1956 Β
1791 1898 1880 1950 nio
1905 1901 2133 1954 serviret
2159 1904 2400 1971 accepit;
2435 1906 2702 1975 opinionis
2730 1926 2844 1967 suae
2884 1915 3109 1983 gloriam
3142 1919 3369 1978 dilatare

79 1984 177 2036 bus
232 1986 472 2037 ubertim
522 1985 783 2050 funditur,
834 1987 969 2054 apud
997 1987 1344 2055 semetipsum
1388 1987 1455 2039 de
1496 1998 1679 2040 osten-

80 2075 232 2128 sione
261 2076 345 2127 sui
372 2076 582 2128 occulta
615 2076 798 2129 laztitia
823 2075 1090 2145 loquentis
1115 2077 1324 2130 animus
1346 2077 1678 2143 sublevatur,

81 2181 268 2232 magna
301 2182 432 2219 cura
488 2182 712 2220 necesse
759 2178 839 2222 est
894 2176 951 2221 ut
1001 2169 1208 2222 timoris
1260 2169 1585 2223 laceratione
1625 2186 1683 2224 se

83 2259 343 2320 mordeat,
378 2275 446 2313 ne
478 2260 567 2328 qui
602 2261 826 2314 aliorum
861 2262 1082 2314 vulnera
1135 2262 1400 2316 medendo
1428 2263 1495 2316 ad
1537 2264 1684 2316 salu-

89 2359 190 2402 tem
223 2360 468 2414 revocat,
520 2352 632 2419 ipse
664 2366 758 2417 per
790 2353 1164 2420 negligentiam
1217 2368 1327 2407 sua:
1360 2354 1549 2408 salutis
1593 2354 1679 2407 in-

86 2450 369 2504 tumescat,
411 2457 475 2494 ne
511 2444 783 2510 proximos
807 2444 1042 2511 iuvando
1083 2459 1141 2498 se
1172 2444 1406 2511 deserat,
1438 2461 1503 2500 ne
1541 2446 1680 2501 alios

85 2531 291 2598 erigens
323 2531 502 2585 cadat.
536 2534 666 2588 Nam
708 2537 1026 2605 quibusdam
1056 2553 1198 2606 sa'pe
1227 2539 1541 2608 magnitudo
1573 2540 1680 2594 vir-

87 2624 205 2676 tutis
232 2625 453 2677 occasio
485 2625 800 2692 perditionis
831 2625 958 2692 fuit;
995 2637 1051 2681 ut
1095 2644 1214 2682 cum
1260 2630 1325 2682 de
1356 2629 1677 2685 conﬁdentia

87 2715 272 2766 virium
307 2717 610 2772 inordinate
657 2719 834 2772 securi
865 2729 1006 2784 sunt,
1043 2735 1137 2786 per
1168 2721 1543 2789 negligentiam
1593 2721 1678 2774 iu-

87 2805 297 2872 opinate
331 2817 698 2861 morerentur.
736 2808 912 2862 Virtus
943 2826 1173 2879 namque
1203 2825 1322 2864 cum
1356 2812 1498 2865 vitiis
1531 2814 1677 2866 reni-

87 2898 232 2961 titur,
267 2899 500 2964 quadam
549 2900 910 2957 delectatione
954 2905 1070 2972 eius
1100 2904 1416 2974 sibimetipsi
1469 2908 1677 2962 animus

88 2987 386 3051 blanditur;
439 2991 604 3060 ﬁtque
675 3001 733 3045 ut
784 2994 918 3048 bene
988 2997 1198 3064 agentis
1249 3014 1402 3051 mens
1472 3008 1673 3053 metum

88 3092 187 3130 suae
211 3087 237 3113 ι
272 3077 776 3148 circumspectionis
824 3084 1060 3151 abjiciat,
1096 3095 1254 3153 atque
1303 3087 1356 3140 in
1398 3088 1481 3143 sui
1510 3089 1676 3142 conﬁ-

89 3174 263 3227 dentia
294 3189 486 3229 secura
522 3179 865 3246 requiescat;
898 3182 979 3233 cui
1021 3181 1134 3250 jam
1165 3183 1394 3252 torpenti
1422 3183 1674 3240 seductor

1800 1990 2092 2057 desiderat,
2127 1997 2318 2063 satagit
2348 2008 2406 2051 ut
2437 2000 2696 2055 mirabilis
2717 2007 2920 2059 cunctis
2963 2009 3283 2065 innotescunt.
3319 2014 3372 2070 In

1785 2095 1880 2134 suo
1910 2097 2038 2150 ergo
2073 2087 2224 2156 101
2259 2091 2474 2144 nomine
2505 2090 2819 2160 fornicatur,
2866 2115 2985 2167 qua?
3018 2101 3203 2169 legalis
3232 2104 3373 2160 thori

1785 2179 2111 2233 connuhium
2163 2183 2442 2251 deserens,
2495 2195 2794 2261 corruptori
2846 2197 3054 2264 spiritui
3107 2200 3156 2254 in
3204 2202 3373 2256 laudis

1781 2270 2018 2334 appetitu
2068 2273 2445 2334 substernitur.
2501 2282 2630 2336 llinc
2684 2285 2845 2341 David
2894 2291 2964 2342 ait
3013 2291 3297 2346 :Tradidit
3323 2298 3373 2350 in

1782 2365 2128 2430 eupfivitatent
2158 2369 2397 2422 virtutem
2423 2389 2622 2439 eorum,
2657 2387 2704 2429 et
2729 2379 3163 2444 pulchritudinem
3202 2403 3372 2441 eorum

1780 2453 1834 2505 in
1862 2470 2042 2507 manus
2087 2457 2281 2510 inimici
2311 2457 2479 2528 (Psal.
2520 2480 2718 2530 LXXVII,
2756 2467 2870 2537 61).
2908 2470 2961 2524 In
3008 2475 3371 2540 captivitatem

1783 2544 1982 2598 etenim
2016 2546 2204 2612 virtus,
2253 2559 2308 2603 et
2350 2551 2691 2619 pulchritudo
2727 2574 2778 2610 tn
2811 2575 3002 2613 manus
3035 2563 3232 2617 inimici
3268 2576 3374 2619 tra-

1781 2633 1948 2697 ditur,
1982 2651 2102 2690 cum
2136 2638 2376 2706 decepta:
2421 2645 2584 2696 tuenti
2629 2647 2880 2714 antiquus
2935 2651 3102 2705 hostis
3129 2668 3192 2706 ex
3249 2655 3372 2710 boni

1781 2726 1959 2790 operis
1982 2725 2213 2781 elatioiie
2235 2729 2541 2784 dominatur
2568 2752 2579 2785 :
2610 2751 2728 2804 qua:
2754 2747 2926 2791 tamen
2955 2741 3164 2796 virtutis
3186 2744 3371 2811 elatio,

1781 2819 2025 2881 quamvis
2056 2817 2212 2885 plene
2242 2835 2348 2873 non
2384 2835 2624 2891 superat,
2661 2836 2928 2897 utcunque
2961 2840 3139 2885 tamen
3181 2843 3236 2888 et
3264 2836 3372 2890 ele~

1783 2915 1989 2960 ctorum
2013 2910 2248 2964 animum
2279 2927 2422 2981 saepe
2448 2925 2649 2983 tentat;
2682 2919 2775 2971 sed
2801 2935 2922 2972 eum
2947 2923 3255 2979 sublevatus
3281 2927 3371 2981 de-

1782 2998 2044 3064 Stituitur,
2071 3001 2356 3056 destitutus
2383 3007 2450 3059 ad
2501 3006 2845 3063 formidiuetn
2907 3024 3204 3069 reVocatur.
3238 3017 3370 3071 [line

1781 3089 1981 3141 etenim
2035 3090 2200 3144 David
2251 3095 2444 3148 iterum
2478 3098 2594 3150 ait:
2653 3100 2761 3168 Ego
2804 3102 2912 3155 dixi
2961 3105 3012 3156 in
3054 3106 3372 3161 abundantia

1784 3194 1917 3244 mea,
1969 3191 2066 3234 non
2101 3185 2332 3237 movebar
2362 3187 2414 3239 in
2461 3197 2712 3242 attentum
2745 3193 2921 3258 (Psal.
2955 3212 3104 3259 xm,
3137 3197 3212 3266 ⁸7).
3263 3200 3366 3254 Sed

90 3267 303 3320 Callidus
333 3283 500 3322 omne
547 3269 689 3337 quod
719 3271 855 3324 bene
899 3274 1065 3342 gessit
1094 3284 1406 3339 enumerat,
1453 3290 1678 3345 eamque
1708 3265 1753 3325 (ἶ
1786 3272 1908 3338 qnia
1938 3271 2006 3326 de
2032 3274 2355 3330 e0nﬁdentia
2383 3280 2594 3330 virtutis
2617 3282 2886 3348 intumuit,
2914 3287 3073 3351 paulo
3101 3265 3220 3356 post
3241 3290 3368 3358 quid

89 3358 228 3424 quasi
264 3374 374 3424 pra:
399 3361 615 3413 caeteris
645 3363 1048 3430 pratpollentem
1084 3367 1133 3417 in
1166 3373 1375 3420 tumore
1397 3366 1676 3435 cogitatio—

92 3452 167 3503 nis
199 3452 428 3503 exaltat.
464 3452 618 3506 Unde
647 3455 840 3521 agitur,
873 3455 899 3492 δ
930 3465 986 3512 ιιι
1016 3467 1141 3510 ante
1165 3456 1297 3525 justi
1324 3458 1518 3526 iudicis
1548 3474 1679 3512 ocu-

89 3539 177 3602 los,
230 3545 389 3594 fovea
425 3543 621 3596 mentis
649 3544 719 3597 sit
758 3547 1016 3600 memoria
1069 3550 1318 3614 virtutis;
1349 3551 1470 3616 quia
1517 3550 1677 3605 remi-

89 3632 343 3684 nisccndo
373 3633 516 3700 quod
550 3635 739 3702 gessit,
772 3637 898 3688 dum
941 3653 1000 3691 se
1032 3639 1170 3705 apud
1219 3655 1276 3694 se
1306 3640 1490 3707 erigit,
1534 3641 1674 3709 apud

90 3717 401 3772 humilitatis
431 3733 704 3776 auctorem
735 3725 898 3778 cadit.
923 3725 1058 3781 lliuc
1081 3744 1311 3797 namque
1344 3730 1675 3796 superbienti

88 3810 271 3861 anima:
294 3809 495 3864 dicitur
519 3828 532 3863 :
567 3811 680 3876 Quo
708 3814 972 3881 pulchrior
997 3834 1069 3881 es,
1100 3819 1372 3883 descende,
1398 3831 1419 3856 ε
1441 3830 1485 3872 et
1509 3820 1678 3873 dornti

89 3914 194 3952 cum
218 3901 598 3955 incircumcisis
636 3902 854 3975 (Ezec/t.
884 3922 1048 3974 xxx",
1079 3909 1189 3977 19).
1215 3911 1294 3963 Ac
1324 3910 1368 3964 si
1401 3919 1582 3979 aperte
1603 3911 1679 3964 di-

90 4003 332 4047 ceretur:
365 3993 499 4060 Quia
527 4010 591 4047 ex
622 3995 878 4050 virtutum
907 3998 1103 4053 decore
1129 4010 1178 4054 te
1203 4001 1413 4067 elevas,
1445 4003 1557 4070 ipsa
1584 4011 1674 4056 tua

92 4084 483 4148 pulchritudine
514 4086 806 4153 impelleris
847 4098 904 4140 ut
933 4089 1118 4145 cadas.
1157 4091 1289 4146 Hinc
1321 4093 1421 4147 sub
1457 4093 1675 4147 Jerusa-

92 4175 184 4227 Ielll
237 4177 442 4242 specie,
475 4176 674 4231 virtute
722 4179 1044 4246 superbiens
1095 4183 1273 4236 anima
1324 4184 1664 4252 reprobatur,

91 4282 200 4319 cum
223 4267 420 4322 dicitur
447 4286 457 4319 :
487 4267 724 4339 Perfecta
745 4286 857 4324 eras
881 4272 932 4324 in
958 4273 1138 4326 decore
1162 4291 1292 4340 meo,
1324 4292 1471 4343 quem
1495 4291 1677 4343 posue-

91 4378 193 4413 ram
221 4379 379 4427 super
410 4373 478 4425 te,
531 4363 656 4416 dicit
707 4362 994 4431 Dominus;
1032 4376 1077 4419 et
1129 4367 1317 4420 habens
1347 4369 1593 4435 ﬁduciam
1623 4369 1677 4422 in

90 4452 468 4519 pulchritudine
497 4463 608 4518 tua,
638 4456 895 4525 fornicata
933 4475 983 4511 es
1027 4459 1081 4510 in
1107 4461 1312 4514 nomine
1340 4469 1428 4513 tuo
1454 4461 1670 4529 (Ezech.

91 4558 200 4607 xvi,
235 4544 319 4609 14,
352 4545 465 4614 15).
501 4545 719 4600 Fiducia
751 4548 947 4617 quippe
977 4563 1088 4603 sua:
1121 4550 1528 4617 pulchritudinis
1559 4552 1674 4604 ani-

1781 3361 1998 3428 pertulit
2041 3361 2282 3429 adjunxit
2311 3383 2323 3417 :
2359 3369 2596 3420 Avertisti
2626 3372 2809 3439 faciem
2850 3383 2988 3427 tuam
3017 3393 3048 3428 a
3080 3395 3176 3441 me,
3223 3389 3269 3432 et
3291 3381 3370 3447 [a-

1789 3462 1898 3504 ctus
1926 3468 2038 3505 sum
2068 3456 2401 3510 conturbatus
2434 3455 2620 3525 (Ibid,
2657 3461 2732 3530 8).
2768 3464 2844 3518 Ac
2874 3465 2917 3518 si
2954 3478 3139 3531 aperte
3177 3469 3317 3522 dicat
3351 3487 3366 3527 :

1782 3541 1996 3595 Fortem
2030 3559 2114 3597 me
2163 3545 2302 3599 inter
2331 3548 2553 3602 virtutes
2585 3550 2812 3619 credidi,
2854 3557 2944 3608 sed
2979 3567 3187 3626 quauL-e
3221 3562 3371 3614 infir-

1780 3633 1982 3688 mitatis
2027 3636 2128 3689 sim
2158 3636 2451 3694 derelictus
2499 3645 2716 3712 agnovi.
2753 3645 2887 3700 Hinc
2933 3664 3141 3704 rursum
3186 3653 3360 3706 dicit:

1777 3721 1962 3775 Juravi
1983 3735 2028 3776 et
2044 3728 2200 3778 statui
2218 3730 2912 3805 custodirejudiciajustitite
2929 3748 3028 3791 tua:
3051 3738 3167 3808 (Ps.
3182 3757 3367 3812 cxvul,

1782 3815 1932 3885 106).
1957 3817 2060 3871 Sed
2082 3821 2199 3887 quia
2214 3820 2330 3889 ejus
2350 3824 2538 3877 virium
2559 3842 2662 3879 non
2693 3838 2807 3881 erat
2831 3833 3112 3886 manerein
3129 3837 3368 3891 custodia

1779 3921 1935 3973 quam
1955 3908 2191 3977 jurabat,
2215 3911 2542 3968 debilitatem
2571 3931 2721 3970 suam
2756 3925 2994 3986 protinus
3019 3926 3260 3981 turbatus
3291 3931 3371 3982 itt-

1779 3999 1944 4051 venit.
1967 3999 2114 4053 Unde
2144 4010 2196 4055 et
2226 4003 2289 4054 ad
2316 4005 2655 4073 ρτθοὶεορθιιι
2688 4020 2909 4076 repente
2930 4029 2989 4068 se
3018 4018 3260 4080 contulit,
3290 4017 3372 4072 di-

1779 4101 1908 4142 cens
1937 4107 1949 4141 :
1978 4088 2305 4147 Humiliatus
2334 4113 2446 4148 sum
2476 4114 2851 4168 usquequaque,
2885 4102 3096 4158 Domine
3119 4123 3139 4170 ;
3172 4109 3371 4171 viri/ica

1780 4195 1859 4234 me
1881 4185 2159 4237 secundum
2186 4186 2391 4239 verbum
2411 4199 2557 4242 tuum
2583 4190 2769 4260 (Ibid.,
2796 4197 2945 4264 cvn).
2979 4197 3370 4268 Nonnunquam

1780 4287 1909 4328 vero
1935 4291 2167 4343 superna
2201 4279 2500 4334 moderatio
2535 4284 2843 4352 priusquam
2878 4302 2971 4352 per
2998 4305 3217 4344 munera
3245 4307 3369 4356 pro-

1780 4364 1966 4431 vehat,
1995 4367 2318 4424 infirmitatis
2341 4375 2651 4428 memoriam
2675 4377 2743 4430 ad
2776 4390 3010 4434 mentem
3039 4392 3276 4446 revocat,
3300 4397 3369 4438 ne

1779 4457 1846 4510 de
1896 4459 2129 4527 acceptis
2179 4463 2469 4519 virtutibus
2516 4466 2855 4524 intumescat.
2914 4471 3063 4528 Unde
3114 4475 3366 4530 Ezechiel

1781 4547 2037 4615 propheta
2066 4551 2278 4618 quoties
2303 4552 2369 4606 ad
2402 4558 2809 4624 contemplanda
2839 4562 3079 4613 caelestia
3109 4564 3357 4628 ducitur,

93 4651 204 4702 mus
230 4637 512 4699 attollitur,
547 4653 668 4692 cum
694 4639 759 4693 de
787 4641 1038 4695 virtutum
1063 4645 1269 4698 meritis
1299 4645 1415 4697 lzeta
1444 4644 1583 4713 apud
1608 4657 1669 4699 se
1705 4629 1757 4688 Ῑ)
1789 4640 1943 4710 102
1975 4640 2121 4708 PI‘iUS
2151 4642 2290 4695 ﬁlius
2315 4644 2544 4699 hominis
2578 4655 2826 4712 Vocatur;
2860 4665 2921 4702 ³ο
2943 4652 2989 4704 Si
3021 4653 3158 4706 Ιιυηε
3176 4663 3363 4720 aperio

91 4730 375 4780 securitate
398 4728 679 4796 gloriatur.
704 4731 809 4784 Sed
843 4747 937 4799 per
965 4734 1103 4788 hanc
1143 4734 1386 4788 eamdem
1423 4733 1669 4789 ﬁduciam

91 4819 152 4869 ad
207 4818 610 4873 fornicationem
663 4822 909 4886 ducitur;
961 4826 1085 4892 quia
1141 4841 1265 4880 cum
1318 4827 1674 4893 interceptam

94 4918 322 4961 mentem
370 4911 726 4978 cogitationes
769 4928 882 4965 sua:
938 4915 1231 4982 decipiunt,
1281 4916 1420 4970 hanc
1458 4918 1674 4988 maligni

91 5001 304 5066 spiritus
331 5017 424 5068 per
475 5003 755 5064 innumera
809 5005 932 5059 vitia
964 5007 1272 5063 seducendo
1298 5018 1672 5079 corrumpunt.

92 5091 384 5145 Notandum
417 5110 542 5147 vero
570 5096 712 5163 quod
739 5096 934 5150 dicitur
962 5115 975 5150 :
1003 5095 1282 5152 Fornicata
1309 5117 1360 5154 es
1385 5102 1436 5154 in
1469 5102 1675 5154 nomine

92 5193 202 5245 tuo;
233 5187 351 5251 quia
375 5199 496 5257 cum
522 5197 823 5255 respectum
853 5204 1006 5243 mens
1026 5191 1246 5258 superni
1271 5195 1494 5248 rectoris
1519 5193 1674 5247 dese-

92 5283 176 5338 ιιι,
210 5272 417 5328 laudem
466 5280 706 5344 protinus
739 5281 996 5347 privatam
1028 5283 1244 5350 quaerit,
1277 5293 1329 5336 et
1379 5282 1480 5338 sibi
1524 5299 1675 5337 arro-

92 5379 211 5434 gare
235 5367 421 5436 incipit
452 5386 612 5426 omne
656 5372 881 5440 bonum,
910 5374 1049 5442 quod
1079 5385 1134 5429 ut
1165 5375 1437 5444 largitoris
1467 5389 1676 5445 prisco-

157 5559 184 5588 ⁸
205 5549 628 5619 Gemeticeuses,
663 5559 1028 5620 suspectiont’s.

155 5620 193 5700 δ’
209 5621 304 5677 Ed.
336 5621 499 5700 σξιοιτ
533 5634 585 5678 et
616 5625 908 5700 nonnullae,
937 5629 1057 5680 ante
1083 5627 1228 5700 stulti
1269 5629 1500 5700 jttdicis;
1533 5628 1675 5696 quod

92 5693 284 5762 Optime
310 5692 500 5751 referri
527 5705 704 5765 potest
726 5696 793 5754 ad
821 5707 1054 5755 utentem
1084 5699 1244 5773 stulte
1267 5692 1334 5756 de
1363 5701 1474 5759 suis
1505 5692 1667 5770 virtu-

1781 4732 2037 4786 Dotninus
2066 4734 2371 4798 admoneat,
2396 4735 2578 4789 dicens
2608 4753 2622 4788 :
2652 4737 2729 4791 Ne
2755 4739 2822 4792 de
2849 4739 2930 4793 bis
2955 4757 3072 4810 qua:
3103 4743 3252 4798 vides
3270 4783 3284 4807 ,
3311 4743 3366 4797 in

1781 4824 2017 4877 elatione
2049 4839 2142 4877 cor
2171 4841 2230 4878 su
2246 4825 2450 4889 bleves,
2498 4839 2683 4881 cautus
2715 4832 2983 4898 perpende
3011 4837 3149 4902 quod
3176 4851 3264 4900 es;
3315 4845 3369 4889 ut

1780 4929 1901 4968 cum
1922 4931 2126 4968 summa
2158 4926 2426 4984 penetras,
2449 4932 2568 4971 esse
2602 4927 2654 4972 te
2680 4921 2948 4975 hominem
2989 4939 3366 4994 recognoscas,

1780 5018 2041 5075 quatenus
2073 5010 2199 5060 dum
2230 5010 2364 5061 ultra
2398 5017 2448 5062 te
2478 5010 2707 5076 raperis,
2737 5012 2804 5065 ad
2833 5016 3174 5083 temetipsum
3207 5017 3364 5071 solli-

1781 5100 1918 5154 citus
1945 5099 2270 5155 inﬁrmitatis
2297 5111 2396 5155 tum
2418 5100 2443 5138 ά
2476 5107 2629 5158 freno
2651 5107 2938 5161 revoccris.
2969 5108 3117 5163 Unde
3146 5125 3370 5166 necesse

1781 5202 1863 5246 est
1895 5201 1951 5244 ut
1977 5208 2094 5244 cum
2133 5194 2384 5248 virtutum
2418 5194 2572 5248 nobis
2602 5197 2751 5264 c0pia
2785 5199 3074 5268 blanditur,
3119 5203 3183 5254 ad
3217 5202 3370 5255 inﬁr-

1782 5299 1867 5338 ma
1902 5300 1995 5338 sua
2050 5287 2244 5340 mentis
2295 5288 2482 5341 oculus
2533 5289 2747 5356 redeat,
2797 5306 3025 5362 seseque
3078 5294 3369 5350 salubriter

1783 5373 2034 5429 deorsum
2067 5383 2303 5444 premat;
2344 5392 2442 5432 nec
2471 5392 2616 5432 recta
2642 5394 2759 5448 qua:
2780 5381 2911 5451 egit,
2945 5383 3037 5438 sed
3065 5400 3184 5455 qua:
3209 5399 3369 5454 agerc

1778 5558 1919 5614 tibus
1954 5569 2385 5625 praesumentem.
2418 5561 2770 5618 Adhteremus
2799 5565 2928 5620 Mss.

1851 5639 1872 5698 ιτ
1898 5629 2081 5692 Corb.,
2109 5645 2258 5698 surge
2285 5630 2370 5696 qui
2399 5629 2592 5686 dormis
2619 5649 2735 5689 cum
2759 5635 3151 5696 incircumcrsts.

1849 5696 1873 5734 δ
1901 5699 2052 5774 Lyr.,
2084 5696 2513 5758 consideratione.
