4014 6344
131 385 233 440 1⁸53
929 373 1239 431 VlNDlGl/E
1279 373 1720 429 DIALOGORUM
1759 372 1998 429 SANCTI
2039 373 2362 429 GREGORII
2405 369 2635 428 MAGNI.
3324 368 3427 429 151

133 499 250 551 loca
282 510 358 550 ex
401 493 570 546 rariis
602 485 858 558 Gregorii
890 487 1226 558 Dialogorum
1259 485 1428 539 libris.
1457 486 1724 558 Caeterum
1764 487 1921 555 108
1948 490 2052 538 hoc
2079 487 2412 558 _0pusiA|ulii
2445 487 2518 558 (a)
2553 485 2823 558 exstathin
2869 486 3040 539 tribus
3071 487 3428 545 voluminibus

135 569 359 632 antiqua
397 579 568 616 manu
601 570 657 614 et
685 555 923 627 eleganti
951 557 1259 610 charactere
1287 567 1566 610 exaratum
1588 597 1604 622 ,
1638 557 1689 609 in
1722 557 2049 608 monasterio
2075 555 2461 626 Longipontis,
2496 557 2702 610 ordinis
2731 556 3101 611 Cisterciensis
3121 597 3135 621 ,
3171 559 3428 615 Dimcesis

137 632 589 693 Suessionensis.

207 705 518 759 Possemus
551 699 824 752 adducere
853 695 1110 762 plurimos
1143 695 1284 747 viros
1332 695 1607 762 insignes,
1650 695 1739 762 qui
1785 694 2034 762 Dialogos
2077 694 2197 747 illos
2239 695 2638 757 approbarunt,
2685 695 3022 762 Sigebertum
3067 695 3428 753 Gemhlacen-

143 792 288 839 sem,
322 775 560 828 lvonem
593 769 1009 839 (Iarnotensem,
1035 764 1334 839 _Honorium
1368 765 1905 839 Augustoduuensem
1931 804 1944 826 ,
1981 764 2273 839 liupertum
2305 765 2631 839 Tuitignsetu
2655 807 2669 828 ,
2705 765 3032 839 Bernartlum
3067 766 3430 839 Claravallena

144 834 284 910 sem,
306 844 637 910 Gratianum
659 836 766 910 tu),
789 837 1000 910 Petrum
1021 835 1409 910 _L_ombar_durn,
1440 835 1640 888 dictum
1666 834 1973 900 Magistrum
1996 834 2416 910 sententiarum,
2443 835 2783 910 Guilleltnum
2814 836 2880 888 de
2908 837 3216 910 Catupelli‘s.
3251 839 3424 892 Cano-

157 903 408 968 uicorum
443 909 618 963 sancti
658 903 882 960 Victoris
917 903 1228 958 Parisiensis
1261 905 1647 968 institutorem,
1682 919 1744 957 ac
1777 913 1894 970 post
1925 903 2232 970 episcopum
2258 904 2725 971 Catalaunensetn,
2755 906 2966 957 Petrum
2997 906 3426 974 Cluniacensem,

151 985 441 1040 Albertum
473 992 729 1045 magnum
753 1017 769 1040 ,
802 974 1059 1045 Thomam
1095 976 1449 1045 Aquinatem,
1487 975 1916 1045 Donaventurain
1939 1014 1952 1036 ,
1988 981 2040 1026 et
2070 975 2202 1027 alios
2230 975 2320 1041 qtti
2350 976 2416 1029 ad
2450 975 2707 1028 saeculum
2740 989 2911 1044 usque
2944 986 3185 1030 nostrum
3229 979 3429 1034 ﬂorue-

156 1065 300 1108 runt.
337 1052 552 1105 Verum
573 1043 650 1100 'ne
680 1051 846 1100 simus
877 1044 1126 1106 fastidio,
1164 1043 1417 1096 lectorem
1449 1045 1514 1096 ad
1547 1059 1641 1097 eos
1673 1043 2016 1098 remittimus.

226 1124 335 1176 Sed
373 1135 478 1174 nec
509 1116 910 1180 manuscriptos
944 1114 1282 1185 Dialogorum
1317 1112 1555 1182 Gregorii
1588 1114 1818 1167 Codices
1843 1126 2160 1185 enumerare
2189 1126 2368 1185 operte
2411 1112 2640 1185 pretium
2682 1121 2797 1173 est,
2840 1129 2960 1167 cum
3004 1115 3195 1170 infiniti
3241 1133 3432 1185 prope-

158 1195 379 1248 modum
418 1191 621 1252 ubique
654 1187 1011 1247 inveniantur,
1046 1199 1143 1236 nec
1177 1184 1338 1235 ullum
1372 1180 1478 1238 fere
1508 1185 1786 1253 antiquum
1817 1180 2204 1236 monasterium
2236 1183 2306 1235 sit
2332 1182 2384 1236 in
2413 1196 2518 1252 quo
2547 1183 2656 1236 duo
2685 1194 2777 1238 aut
2807 1185 2904 1239 tria
2935 1180 3265 1254 exemplaria
3297 1180 3421 1241 Dia:

162 1267 407 1332 logorum
443 1258 694 1332 Gregorii
717 1255 918 1332 scripta
954 1268 1056 1332 non
1090 1256 1440 1332 reperiantur.

233 1320 442 1399 Quibus
493 1320 883 1399 niachinistot
925 1324 1139 1376 testium
1183 1325 1713 1399 testimoniorumque
1754 1323 1928 1399 robur:
1960 1320 2172 1374 valeant
2216 1321 2510 1399 adversarii
2556 1321 2878 1399 infriugerc,
2924 1341 3028 1380 non
3078 1328 3218 1399 satis
3253 1329 3430 1384 video,

164 1393 343 1456 Restat
378 1410 437 1454 ut
469 1413 594 1467 qua;
623 1411 654 1449 a
686 1396 894 1448 ratione
913 1402 1111 1467 petunt
1139 1405 1448 1467 argumenta
1480 1395 1864 1467 dissolvamus.
1897 1393 2033 1445 Sunt
2062 1401 2237 1467 autem
2271 1393 2369 1467 tria
2411 1406 2530 1467 qua:
2575 1395 2805 1467 maxime
2846 1405 3141 1467 opponunt.
3192 1396 3428 1454 Primum

169 1477 372 1526 ducunt
405 1461 683 1536 ex'Stylo,
720 1479 878 1537 quem
912 1465 962 1516 in
1002 1463 1243 1537 Dialogis
1263 1465 1478 1537 omnino
1509 1465 1808 1537 diversum,
1854 1461 2205 1528 inaequalem,
2234 1462 2734 1537 uetuinelegautem,
2767 1461 3022 1537 barbaris
3063 1476 3116 1520 et
3158 1475 3427 1537 corruptis

166 1544 386 1595 vocibus
417 1531 681 1593 refertum
717 1536 897 1608 aiunt,
925 1531 1246 1608 et_Gr_egori_i
1282 1534 1495 1608 ingenio
1517 1576 1531 1598 ,
1564 1536 2202 1608 maiestatequeprorsus
2233 1531 2529 1608 indignum,
2554 1532 2617 1584 go
2650 1533 2705 1608 [η
2731 1535 2808 1608 gis
2835 1537 2997 1588 multa
3024 1538 3285 1590 mirantur
3314 1531 3430 1608 dum

163 1623 282 1667 sunt
317 1612 542 1678 penitus
575 1604 934 1659 incredibilia.
971 1603 1031 1654 5°
1065 1601 1600 1678 boarium—Gregorii
1632 1603 1876 1678 quaedam
1912 1601 2295 1678 adversantur,
2317 1612 2374 1655 ut
2415 1602 2508 1678 lib.
2546 1616 2601 1653 tv
2627 1602 2985 1678 ADialogorum
3006 1623 3172 1678 ,Acap.
3203 1608 3307 1669 29,
3333 1601 3430 1663 'nhi

165 1669 431 1751 gehennae
463 1682 645 1747 ignem
674 1689 792 1727 esse
822 1687 1138 1751 corporeum
1173 1672 1388 1740 dicitur,
1418 1669 1538 1728 cum
1571 1689 1602 1727 e
1633 1669 1908 1726 contrario
1938 1672 2220 1726 manifeste
2246 1672 2390 1726 dicat
2419 1669 2738 1741 Gregorius,
2770 1669 2864 1728 lib.
2902 1692 2970 1728 xv
3005 1669 3190 1729 Mor-al.
3211 1717 3226 1741 ,
3258 1691 3307 1729 c.
3341 1680 3431 1746 17,

168 1744 437 1820 Ejusmodi
470 1744 652 1816 ignem
684 1758 806 1797 esse
834 1744 1229 1820 incorporeum.

235 1820 393 1888 Quod
426 1811 982 1888 ad'stylumattinet,
1015 1826 1248 1888 agnoseo
1278 1813 1646 1888 diversitatem
1689 1812 1953 1888 aliquam,
1995 1825 2102 1888 non
2144 1811 2749 1888 tamen_omnimodam_.
2795 1814 2860 1867 Et
2900 1829 3030 1868 vero
3067 1817 3186 1888 quis
3230 1818 3432 1872 nescia:

175 1880 310 1945 idein
345 1891 462 1944 fere
499 1888 557 1941 in
584 1880 837 1962 omnibus
867 1892 1170 1963 sauciorum
1205 1883 1422 1936 Patrum
1454 1887 1704 1963 Operibus
1738 1880 2124 1960 animadverti,
2155 1888 2212 1934 et
2240 1881 2443 1963 varium
2485 1896 2604 1938 esse
2644 1883 2837 1963 stylum
2880 1899 2976 1952 pro
3022 1880 3277 1963 varietate
3323 1898 3431 1942 tra—

171 1972 404 2016 ctatuum
455 1974 525 2012 ac
574 1953 968 2009 materiarum?
1012 1951 1192 2024 Neque
1236 1967 1378 2005 enim
1423 1950 1670 2024 eumdem
1702 1952 2211 2024 esse_or_atiouttm,
2241 1950 2621 2018 epistolarum,
2655 1950 3029 2024 historiarum,
3058 1955 3424 2024 dialogorum,

171 2041 298 2096 etc,
324 2030 555 2099 stylum,
574 2041 696 2099 quis
724 2038 884 2099 sanus
915 2022 1220 2099 asseruerit.
1244 2027 1553 2099 Quanquam
1584 2022 1808 2099 inhisce
1834 2020 2067 2099 Dialogis
2096 2023 2259 2074 multa
2283 2030 2426 2099 sunt,
2455 2037 2573 2099 quae
2599 2031 2915 2099 cancrorum
2943 2022 3181 2099 Gregorii
3205 2020 3430 2095 operum

177 2091 405 2171 stylum',
440 2102 552 2150 vim
573 2091 980 2171 {eli-gantiam,
1010 2091 1259 2171 inimo_et
1289 2092 1528 2171 scientia:
1565 2091 1898 2171 altitudinem
1933 2091 2289 2171 rel‘erant,‘_ut
2319 2091 2510 2170 legenti
2544 2101 2705 2171 patet.
2740 2094 2844 2147 Sed
2875 2102 2928 2171 et
2970 2095 3136 2171 ipsam
3179 2091 3300 2171 stili
3342 2099 3428 2150 di-

174 2159 484 2224 vehitatém
524 2181 630 2219 non
661 2159 964 2226 mirabitur,
997 2161 1092 2234 qui
1120 2161 1310 2234 videiut
1355 2162 1672 2234 Gregorium
1713 2161 1887 2234 ipsum
1937 2161 2167 2234 ingenue
2210 2159 2466 2234 fateri_se
2506 2161 2752 2234 eumdem
2793 2159 3003 2233 stylum'
3033 2167 3081 2217 in
3122 2159 3246 2218 solo'
3269 2183 3432 2234 opere

175 2241 452 2294 Moralium
490 2240 783 2289 observare
805 2246 919 2303 non
953 2231 1333 2303 potuisse.Sic
1361 2236 1502 2285 enim
1532 2232 1762 2299 loquitur
1794 2231 1886 2303 lib.
1923 2245 1975 2284 χι
2007 2230 2192 2303 Moral.
2225 2245 2345 2297 cap.
2375 2231 2400 2303 ᾇ
2437 2247 2449 2282 :
2479 2249 2497 2280 ι
2527 2233 2778 2298 Quamvis
2809 2230 2860 2286 in
2896 2235 3100 2299 prolixo
3124 2250 3288 2303 Opere
3308 2230 3433 2293 esse

174 2311 456 2376 culpabilis
487 2309 615 2374 styli
650 2302 977 2358 niutabilitas
1011 2317 1114 2352 non
1140 2301 1369 2376 debeat,
1402 2311 1512 2376 etc.
1543 2320 1560 2352 ι
1594 2303 1657 2376 bit
1687 2300 1844 2376 paulo
1875 2311 2030 2376 post:
2069 2319 2087 2351 ι
2110 2300 2548 2376 immutationem
2591 2303 2750 2371 styli,
2792 2304 2959 2358 lector
3001 2300 3429 2376 meus'tequani-

173 2371 326 2434 aliter
357 2371 581 2443 arcipe',
617 2376 738 2443 quia
770 2381 824 2443 et
852 2385 998 2443 saepe
1021 2371 1242 2443 eosdem
1272 2373 1422 2424 cibos
1451 2371 1730 2425 edentibus
1759 2372 2040 2443 diversitas
2072 2371 2246 2443 placet
2274 2372 2553 2443 coctionis.
2575 2389 2607 2443 ί»

245 2450 322 2505 Ad
358 2440 589 2516 phrases
612 2458 664 2498 et
691 2442 954 2516 dictiones
987 2441 1241 2516 barbaras
1270 2444 1411 2516 quod
1439 2445 1670 2516 attinet,
1693 2441 1810 2509 quis
1845 2441 2046 2516 nesciat
2079 2440 2244 2493 multa
2277 2441 2540 2516 ejusmodi
2573 2442 2624 2516 i_n
2655 2451 2958 2516 sanctorum
2995 2443 3207 2500 Patrum
3241 2456 3434 2502 tracta-

174 2521 315 2574 tibus
360 2512 629 2584 reperiri,
674 2513 777 2586 qui
796 2526 903 2564 non
936 2521 1040 2586 tam
1070 2513 1350 2586 elegantia:
1380 2513 1674 2586 et__pnr':ta_ti
1704 2513 1970 2586 sermonis
1991 2548 2017 2586 ,_
2043 2525 2199 2586 quam
2232 2512 2438 2586 veritati
2470 2520 2528 2586 et
2541 2512 2874 2586 _simplicitati
2907 2516 3243 2586 studuerunt.
3275 2519 3434 2586 quue

174 2606 232 2642 se
263 2592 333 2642 de
367 2579 628 2639 industria
658 2579 930 2637 [έοιίιεεεε
955 2579 1149 2634 fatetur
1179 2583 1404 2651 ipsemet
1432 2581 1718 2651 Gregorius
1750 2585 1800 2632 in
1827 2581 2052 2649 epistola
2082 2580 2147 2651 ad
2182 2579 2480 2651 Leandrum
2513 2581 2797 2636 Moralibus
2827 2585 3040 2650 praefixa
3062 2627 3077 2649 ,
3112 2587 3198 2639 ubi
3232 2589 3300 2642 de
3344 2579 3427 2644 his

175 2661 248 2712 ita
279 2657 520 2726 loquitur
547 2669 666 2723 cap.
699 2659 732 2726 5_
763 2668 832 2726 η
863 2651 1033 2719 ipsam
1061 2660 1229 2726 artem
1258 2648 1728 2726 ioquendifquam
1763 2648 2070 2726 magisteria
2101 2648 2396 2726 disciplina:
2426 2652 2706 2726 esterioris
2738 2648 3039 2726 insinuant,
3066 2648 3290 2712 Servare
3333 2661 3430 2712 de-

178 2721 372 2796 spexi."
392 2727 521 2779 Nam
549 2721 688 2796 sicut
720 2724 1119 2796 hujusquoque
1146 2723 1388 2786 epistolae
1418 2731 1582 2796 tenor_
1596 2721 1868 2796 enuntiat,
1900 2736 2002 2774 non
2035 2721 2327 2774 metacismi
2375 2721 2705 2774 collisionem
2751 2723 2922 2796 fugio,
2961 2741 3070 2796 non
3119 2727 3434 2784 barbarismi

179 2793 556 2851 confusionem
602 2795 814 2856 devito,
858 2793 993 2864 situs
1041 2800 1321 2864 motusque
1363 2793 1830 2864 praepositionum,
1873 2805 2133 2864 casusque
2175 2804 2410 2864 servare
2432 2802 2749 2864 contemno;
2794 2795 2915 2861 quia
2959 2795 3230 2864 indignum
3276 2800 3437 2853 vehe-

178 2879 393 2922 menter
430 2867 712 2928 existimo,
759 2870 817 2915 ut
859 2861 1019 2914 verba
1074 2861 1311 2914 caelestis
1368 2862 1567 2914 oraculi
1622 2861 1941 2927 restringam
1994 2860 2094 2913 sub
2152 2860 2351 2929 regulis
2395 2861 2605 2915 Donati.
2647 2860 2826 2930 Neque
2866 2864 3008 2917 enim
3058 2860 3170 2920 haec
3208 2868 3274 2922 ab
3318 2871 3438 2926 ullis

178 2939 566 3004 interpretibus
597 2936 651 2987 in
683 2935 976 3006 Scriptura:
1007 2945 1174 3006 sacrae
1205 2931 1495 3006 autoritate
1522 2939 1907 3006 servatasunt.
1944 2949 1962 2981 ι
1994 2930 2136 2983 Idem
2174 2931 2239 2984 de
2269 2932 2487 3006 vocibus
2520 2931 2760 3006 barbaris
2787 2934 3072 3006 dicendum
3092 2976 3106 2999 ,
3139 2952 3269 3006 quas
3299 2940 3436 2993 Lan-

176 3000 538 3074 gobardorum
568 3014 626 3058 et
655 3001 1224 3074 aliorumupopulorum
1257 3001 1611 3074 barbariesuin
1639 3001 1840 3074 italiam
1873 3006 2146 3074 invexerat
2176 3018 2187 3052 :
2223 3000 2360 3054 unde
2387 3011 2441 3054 et
2465 3004 2572 3068 jam
2603 3002 2803 3057 Latina:
2833 3005 3023 3073 lingua:
3055 3000 3252 3072 puritas
3289 3010 3434 3063 velut

179 3071 293 3130 luto
324 3080 426 3130 isto
459 3089 680 3144 prorsus
714 3073 1066 3144 inliciebatur.
1098 3071 1210 3123 imo
1236 3081 1290 3123 et
1321 3072 1406 3144 illa
1439 3072 1597 3144 verba
1618 3112 1632 3135 ,
1681 3072 1838 3139 paulo
1879 3071 2046 3144 ut_i_ta
2088 3071 2263 3144 dicam
2309 3074 2590 3144 rusticiora
2612 3113 2627 3136 ,
2672 3089 2775 3126 non
2818 3071 2984 3142 ipsius
3026 3071 3301 3144 Gregorii,
3343 3078 3435 3133 sed

183 3149 410 3200 aliorum
442 3139 564 3199 esse
601 3147 828 3212 ipsemet
857 3142 1129 3209 profitetur
1159 3145 1209 3193 in
1245 3143 1461 3209 prologo
1491 3142 1827 3208 Dialogorum
1855 3159 1867 3193 :
1900 3159 1917 3192 ‹
1947 3139 2003 3191 Id
2037 3155 2164 3194 vero
2190 3142 2329 3194 scire
2371 3153 2422 3195 te
2461 3141 2650 3208 cupio,
2695 3148 2816 3212 quia
2839 3139 2908 3198 'in
2949 3139 3262 3212 quibusdam
3287 3139 3434 3202 'seu-

181 3232 295 3269 sum
325 3217 696 3277 solummodo,
729 3210 780 3262 in
808 3212 1121 3284 quibusdam
1152 3226 1278 3284 vero
1303 3220 1357 3265 et
1389 3212 1546 3265 verba
1574 3227 1694 3265 cum
1723 3228 1882 3266 sensu
1911 3222 2104 3284 teneo;
2139 3212 2259 3278 quia
2288 3214 2331 3264 si
2358 3213 2425 3265 de
2455 3212 2696 3284 personis
2714 3210 2977 3267 omnibus
2997 3216 3106 3282 ipsa
3137 3217 3437 3284 specialiter

183 3288 344 3340 verba
382 3296 571 3339 tenere
596 3284 920 3344 voluissem,
956 3281 1068 3351 IIIEC
1096 3282 1365 3334 rusticano
1393 3296 1489 3335 usu
1520 3290 1721 3350 prolata
1751 3286 1919 3351 stylus
1950 3283 2231 3336 scribentis
2263 3295 2365 3334 non
2398 3292 2521 3348 apte
2535 3283 2864 3351 susciperet.
2892 3302 2908 3333 ι

253 3357 329 3411 De
362 3353 612 3409 historiis
638 3358 832 3425 qtt:£_il_t
866 3350 1097 3418 Dialogis
1127 3354 1490 3425 continentur,
1522 3348 1654 3403 nihil
1692 3360 1774 3406 est
1804 3348 1943 3420 quod
1975 3353 2179 3425 dicam,
2213 3351 2313 3402 nisi
2345 3348 2811 3425 qqudUGregorius
2837 3367 2929 3425 eas
2960 3353 3241 3425 referendo
3281 3364 3436 3425 prout

183 3427 250 3482 ab
277 3428 401 3479 aliis
435 3424 730 3485 didicerat,
761 3422 919 3474 fidem
954 3436 1103 3474 suam
1132 3422 1394 3475 liberavit.
1432 3422 1614 3474 Pauca:
1644 3425 1784 3478 enim
1813 3431 1965 3486 sunt,
1997 3436 2130 3486 quas
2163 3422 2275 3487 ipse
2315 3434 2373 3473 se
2414 3421 2639 3486 vidisse,
2673 3429 2762 3472 aut
2791 3420 2980 3487 quibus
3024 3420 3323 3480 interfuisse
3353 3428 3434 3481 di-

185 3498 345 3550 xerit.
383 3495 539 3548 Fecit
566 3493 702 3560 quod
737 3491 949 3558 plurimi
983 3505 1282 3544 sanctorum
1317 3493 1530 3544 Patrum
1566 3492 1805 3546 fecerunt
1836 3494 1886 3545 in
1919 3491 2101 3544 multis
2132 3490 2366 3542 historiis
2392 3531 2405 3554 ,
2441 3506 2558 3556 qua:
2588 3491 2766 3557 utique
2793 3491 3132 3560 incredibiles
3175 3494 3434 3550 videbun-

188 3578 296 3629 tur,
326 3570 372 3620 si
404 3565 471 3617 ad
505 3559 724 3617 rationis
755 3562 1001 3614 humana:
1032 3565 1280 3614 trutinam
1311 3563 1703 3629 expenduntur.
1737 3563 1868 3627 Quia
1905 3578 2028 3614 vero
2055 3569 2178 3613 sunt
2210 3561 2461 3613 miracula
2483 3600 2498 3624 ,
2533 3561 2584 3613 id
2625 3570 2709 3614 est
2751 3559 2907 3614 fidem
2953 3567 3236 3619 humanam
3278 3581 3437 3621 exce-

185 3637 364 3690 dentia
384 3676 398 3698 ,
433 3635 669 3687 humano
695 3631 902 3700 judicio
932 3630 1197 3684 metienda
1227 3647 1330 3683 non
1362 3648 1479 3684 esse
1507 3635 1624 3700 quis
1657 3634 1935 3700 ambigat?
1966 3632 2221 3685 Standum
2253 3631 2454 3696 putavit
2494 3631 2796 3684 rumoribus
2839 3631 3064 3698 publicis
3088 3674 3100 3696 ,
3148 3637 3223 3688 uti
3269 3645 3433 3692 testes

185 3707 380 3759 oculati
414 3707 516 3773 ipsi
548 3704 861 3778 defuerunt,
895 3715 1109 3778 cuinhex
1145 3715 1209 3754 eo
1239 3711 1531 3768 priesertim
1555 3702 1799 3778 Alidcli‘um
1834 3713 2012 3770 posset
2039 3700 2220 3778 augeri
2250 3700 2417 3778 pietas
2439 3742 2452 3764 ,
2484 3711 2538 3754 et
2566 3702 2710 3778 nulla
2741 3703 2937 3778 erroris
2977 3704 3230 3778 au_t__ialsi
3279 3710 3437 3778 109

185 3777 402 3828 aliunde
433 3769 647 3839 species
678 3780 977 3838 appareret.
1008 3770 1272 3824 Praeclare
1302 3782 1353 3824 et
1384 3773 1625 3839 apposite
1653 3772 1718 3825 ad
1751 3769 1862 3826 rem
1894 3783 2126 3824 nostram
2159 3769 2558 3835 Theodoretus,
2603 3772 2654 3824 in
2690 3772 3000 3838 praefatione
3043 3769 3439 3831 Historias—sat:-

186 3855 394 3899 ctorum
425 3845 688 3914 Patruini:
718 3858 737 3891 ι
770 3841 1045 3894 Narrando
1075 3851 1250 3914 autem
1281 3844 1537 3914 procedet
1573 3844 1744 3914 oratio
1766 3883 1778 3903 ,
1822 3855 1939 3914 non
1971 3851 2123 3894 utens
2169 3840 2371 3908 legibus
2413 3841 2813 3914 encomiorum,
2855 3841 2950 3895 sed
2992 3858 3156 3913 pauca
3199 3849 3438 3914 qumdam

185 3931 314 3969 vere
343 3915 610 3968 referens.
644 3913 791 3980 Rogo
821 3921 997 3964 autern
1029 3916 1118 3979 qui
1150 3914 1202 3964 in
1233 3912 1367 3964 hanc
1396 3912 1696 3980 religiosam
1725 3912 2006 3966 inciderint
2049 3914 2357 3975 historiam,
2400 3925 2494 3964 seu
2542 3912 2766 3964 fortnam
2811 3912 3121 3968 monaStica:
3165 3912 3432 3972 eiercitao

188 3987 349 4038 tionis
377 3989 560 4058 (vocet
586 3985 726 4036 enim
755 3983 873 4049 quis
899 3982 1002 4034 hoc
1027 3982 1323 4058 corpus_(_c)
1349 3991 1404 4034 ut
1437 3984 1716 4058 voluerit),
1751 3998 1817 4035 ne
1848 3982 1910 4058 iis
1939 3998 2056 4049 qua:
2084 3981 2332 4058 dicuntur
2360 3982 2806 4058 minuscredant,
2837 3982 2879 4058 si
2911 3984 3035 4050 quid
3061 3985 3275 4058 audient
3298 3989 3438 4058 quod

187 4052 393 4108 eorum
417 4057 562 4107 vires
603 4065 849 4121 superet,
895 4066 992 4104 nec
1022 4068 1083 4104 ex
1128 4067 1186 4105 se
1227 4054 1436 4105 illorum
1482 4052 1730 4104 virtutem
1779 4053 2106 4114 metiantur;
2135 4052 2226 4104 sed
2255 4061 2438 4118 aperte
2465 4054 2640 4105 sciant
2663 4055 2800 4120 quod
2834 4053 3039 4120 piorum
3073 4056 3267 4109 animis
3301 4052 3439 4113 Deus

187 4127 418 4191 desuper
451 4128 673 4177 metitur
701 4124 837 4175 dona
869 4122 1192 4176 sanctissimi
1226 4122 1486 4190 Spiritus,
1518 4133 1571 4175 et
1603 4121 1804 4189 majora
1837 4124 2060 4192 largitur
2090 4123 2520 4188 perl'ectioribus.
2553 4123 2675 4192 Haec
2703 4131 2878 4176 autem
2925 4139 2954 4176 a
3004 4140 3091 4180 me
3131 4127 3272 4179 dit-ta
3316 4140 3440 4184 sunt

187 4198 251 4247 ad
282 4210 382 4248 eos
413 4195 590 4262 quiin
622 4209 799 4247 rerum
843 4193 1141 4245 divinarum
1193 4193 1460 4260 mysteriis
1502 4207 1607 4244 non
1654 4202 1776 4245 sunt
1821 4191 2110 4264 admodum
2158 4191 2681 4264 accurate_in_itiati;
2733 4201 2921 4261 mysta:
2967 4195 3110 4247 enim
3161 4196 3440 4264 adytoruut

188 4261 634 4332 Spiritus’scunt
661 4263 886 4330 gloriam
918 4263 1184 4328 Spiritus,
1213 4272 1267 4315 et
1292 4277 1536 4330 quamam
1566 4277 1658 4330 per
1689 4263 1951 4332 homines
1972 4263 2023 4314 in
2066 4261 2385 4332 hominibus
2415 4261 2573 4314 faciat
2612 4263 2904 4327 miracula,
2950 4261 3244 4318 attrahens'
3271 4268 3443 4322 incre-

190 4331 343 4388 dulos
377 4335 445 4386 ad
479 4333 571 4386 Dei
603 4332 982 4400 cognitionem.
1015 4333 1112 4397 Qui
1141 4342 1318 4385 autem
1349 4349 1454 4385 non
1485 4343 1567 4385 est
1596 4332 1892 4386 crediturus
1924 4331 1989 4385 iis
2016 4348 2133 4399 qua:
2159 4346 2190 4383 a
2221 4345 2306 4383 me
2332 4331 2558 4400 dicenda
2588 4343 2748 4398 sunt,
2783 4334 2985 4387 clarum
3015 4345 3096 4388 est
3122 4349 3243 4388 eum
3277 4354 3342 4392 ne
3376 4339 3443 4392 iis

191 4407 405 4473 quidem
433 4405 657 4457 credere
678 4399 938 4471 tanquam
970 4404 1110 4457 veris
1139 4417 1254 4471 quae
1285 4417 1377 4469 per
1408 4401 1585 4456 Mosen
1615 4413 1668 4455 et
1705 4402 1885 4456 Jesum
1927 4413 1982 4473 et
2027 4402 2194 4454 hliam
2237 4409 2290 4455 et
2332 4399 2581 4473 Elisaaum
2631 4403 2765 4455 facta
2814 4413 2971 4467 sunt,
3024 4405 3221 4460 habere
3263 4417 3441 4462 autem

189 4472 352 4528 etiam
387 4491 487 4540 pro
519 4473 713 4545 tabulis
741 4474 993 4545 miracula
1021 4488 1140 4540 quze
1170 4477 1302 4525 facta
1331 4480 1455 4545 sunt
1475 4486 1508 4545 ua
1537 4473 1734 4526 sanctis
1761 4472 2039 4540 apostolis.
2066 4473 2158 4527 Siti
2188 4472 2482 4545 autein‘illa
2507 4486 2628 4526 esse
2655 4486 2781 4545 vera
2811 4483 3056 4540 testatur,
3092 4476 3204 4528 haec
3231 4493 3444 4545 quoque

188 4547 372 4598 credat
403 4558 524 4598 esse
553 4557 584 4595 a
615 4544 748 4596 falso
779 4543 972 4596 aliena.
1003 4545 1132 4609 Qua:
1157 4546 1298 4595 enim
1333 4544 1383 4594 in
1417 4542 1517 4595 illis
1545 4552 1762 4610 operata
1787 4551 1870 4596 est
1896 4545 2096 4611 gratia,
2127 4557 2191 4597 ea
2239 4557 2336 4610 per
2377 4542 2495 4595 illos
2519 4557 2730 4610 quoque
2760 4542 2881 4596 fecit
2912 4559 2971 4596 ea
2997 4559 3116 4611 qua:
3161 4542 3307 4600 fecit.
3341 4542 3443 4600 Pe-

192 4614 371 4668 rennis
397 4615 544 4667 enim
584 4614 750 4681 gratia
779 4623 834 4666 et
858 4627 954 4665 eos
980 4614 1070 4682 qui
1098 4613 1243 4680 digni
1273 4622 1396 4666 sunt
1422 4613 1844 4681 eligens,-veluti
1886 4628 1979 4682 per
2019 4612 2274 4682 quosdam
2309 4613 2573 4682 salientes
2614 4627 2709 4680 per
2746 4612 2843 4664 hos
2882 4613 3065 4665 efl’udit
3102 4615 3295 4667 fluenta
3336 4631 3446 4669 sum

192 4685 544 4750 operationis.
576 4683 652 4736 Ex
683 4685 744 4737 iis
768 4693 946 4735 autem
975 4681 1094 4750 quae
1122 4693 1246 4736 sunt
1269 4683 1492 4737 dicenda
1515 4725 1530 4748 ,
1580 4684 1693 4749 ipse
1721 4681 1934 4752 quidem
1976 4681 2081 4736 vidi
2124 4681 2371 4735 nonnulla
2400 4697 2413 4743 ;
2445 4697 2563 4749 quae
2605 4690 2784 4734 autem
2827 4696 2934 4734 non
2977 4683 3114 4746 vidi,
3159 4684 3335 4752 audivi
3377 4686 3444 4738 ab

194 4754 298 4806 illis
331 4757 421 4822 qui
455 4755 728 4816 viderunt,
762 4756 888 4807 viris
917 4753 1126 4806 virtutis
1155 4755 1550 4817 amantibus,et
1573 4755 1658 4820 qui
1684 4753 1828 4819 digni
1849 4761 1974 4806 sunt
1996 4752 2158 4805 habiti
2188 4759 2244 4804 ut
2264 4759 2320 4803 et
2341 4765 2433 4803 eos
2457 4752 2715 4822 viderent,
2734 4758 2787 4803 et
2816 4765 2997 4822 eorum
3030 4751 3272 4808 doctrina
3304 4754 3448 4809 frue-

195 4818 398 4877 rentur.
437 4825 772 4895 Evangelicze
812 4831 988 4877 autent
1030 4824 1285 4877 doetriutn
1331 4818 1619 4891 scriptores
1643 4818 1752 4895 fide
1779 4823 1938 4895 digni
1972 4838 2081 4895 n0n_
2118 4822 2289 4874 solum
2336 4830 2462 4895 sunt
2500 4818 2779 4874 Matthteus
2817 4830 2870 4895 et
2897 4821 3155 4895 Joannes,
3187 4827 3361 4895 magni
3393 4834 3446 4880 et

196 4896 354 4960 primi
382 4894 438 4947 in
466 4890 806 4962 evan—gelistis
827 4933 842 4956 ,
867 4896 956 4962 qtti
988 4895 1198 4948 Domini
1223 4895 1407 4947 videre
1433 4890 1688 4946 miracula
1710 4933 1725 4956 ,
1751 4894 1846 4946 sed
1873 4893 2033 4946 etiam
2065 4892 2234 4945 Lucas
2259 4901 2312 4962 et
2339 4890 2578 4955 Marcus,
2604 4905 2738 4962 quos
2765 4891 2856 4959 qui
2883 4892 2952 4962 ab
2980 4890 3441 4960 initio—viderunt,

197 4975 248 5015 et
280 4964 495 5016 fuerunt
530 4961 685 5017 Verbi
713 4961 975 5028 ministri,
1005 4979 1108 5017 non
1137 4965 1311 5017 solum
1336 4977 1452 5030 qua:
1481 4976 1670 5031 passus
1693 4971 1803 5026 est,
1847 4971 1904 5015 et
1942 4977 2061 5031 quas
2104 4964 2224 5015 fecit
2269 4961 2524 5032 Dominus
2544 5002 2558 5026 ,
2604 4961 2698 5015 sed
2741 4975 2814 5032 ea
2844 4961 3000 5032 etiam
3043 4979 3158 5031 qua:
3188 4977 3446 5032 perpetuo

195 5033 405 5099 docuit,
446 5045 695 5088 accurate
736 5033 1089 5087 edocuerunt.
1122 5033 1330 5087 Etenim
1358 5030 1492 5085 cum
1521 5047 1624 5084 non
1673 5033 1895 5085 vidisset
1932 5030 2050 5101 ipse
2090 5031 2276 5084 beatus
2316 5031 2519 5096 Lucas,
2551 5031 2603 5083 in
2646 5030 2911 5098 principio
2937 5030 3113 5099 operis
3139 5030 3266 5087 dicit
3288 5030 3353 5087 se
3376 5049 3440 5088 ea

193 5117 413 5157 narrare
457 5104 526 5159 de
566 5105 758 5174 quibus
800 5104 998 5158 certior
1037 5102 1207 5157 factus
1251 5114 1354 5157 est.
1397 5102 1512 5174 Non
1552 5116 1681 5174 ergo
1721 5104 1821 5155 etsi
1862 5103 2139 5174 audiamus
2178 5116 2431 5174 eumunou
2461 5101 2658 5174 vidisse
2685 5115 2749 5153 ea
2776 5114 2902 5174 quq;
2927 5112 3139 5170 narrat,
3171 5104 3263 5174 sed
3309 5103 3446 5157 hanc

191 5174 492 5228 doctrinam
519 5169 796 5242 accepisse
823 5175 890 5228 ab
918 5174 1036 5238 aliis
1055 5213 1070 5240 ,
1102 5188 1208 5228 non
1236 5174 1411 5227 minus
1435 5173 1485 5227 ei
1514 5183 1568 5227 et
1595 5173 1766 5227 Marco
1795 5171 2068 5228 credimus
2091 5187 2250 5242 quam
2279 5171 2526 5226 Matthieo
2547 5179 2602 5225 et
2622 5170 2832 5224 Joanni.
2862 5169 3094 5240 Uterque
3120 5169 3260 5227 enim
3284 5183 3366 5229 est
3393 5175 3443 5228 in

260 5313 342 5384 (a)
384 5313 545 5385 Μυιῆ
576 5326 709 5385 opus
739 5311 790 5366 in
821 5310 1028 5385 Novum
1057 5315 1458 5370 Testamentum
1480 5359 1495 5383 ,
1527 5313 1723 5369 Paterii
1755 5314 1968 5369 nomine
1996 5315 2337 5385 insignitum,
2366 5312 2810 5385 prodiitseorsini
2836 5312 3020 5385 Romae
3041 5328 3178 5385 anno
3206 5310 3362 5385 1555,
3392 5321 3447 5366 et

192 5383 334 5440 inter
364 5384 534 5436 sancti
568 5383 806 5450 Gregorii
836 5384 1011 5450 Opera
1042 5400 1167 5438 ann.
1224 5386 1403 5448 1591.
1453 5401 1515 5440 ac
1562 5385 1815 5452 deinceps
1866 5386 1915 5437 in
1969 5383 2127 5438 variis
2179 5386 2521 5453 Gregorianis
2566 5383 2920 5438 Editionibus.
2968 5384 3443 5438 Hallucinationcm

189 5455 460 5510 ostensuri
490 5468 676 5524 sumus
698 5492 714 5516 ,
743 5467 864 5524 cum
895 5453 1164 5524 Pateriuin
1197 5455 1464 5524 integrum
1497 5466 1547 5510 et
1577 5457 1863 5523 genuinum
1894 5454 2029 5508 infra
2061 5456 2451 5510 exhibebimus.

264 5526 340 5592 (bi
384 5525 585 5595 Inserta
615 5521 854 5595 Gratiani
889 5523 1116 5595 Decreto
1149 5521 1492 5595 Dialogorum
1527 5521 1828 5580 teStunouia
1859 5534 2116 5594 quotquot
2152 5531 2501 5579 occurrerunt
2538 5523 2595 5579 in
2629 5524 2871 5594 margine
2909 5532 3134 5592 notare,
3171 5522 3312 5592 quod
3352 5537 3449 5578 ne-

185 5597 354 5665 glexit
383 5593 836 5665 Gussauvillzeus,
870 5593 1022 5646 nobis
1054 5609 1193 5648 certe
1225 5593 1346 5650 fuit.

262 5669 332 5732 (ε)
375 5662 532 5739 Apud
562 5661 947 5715 Tbeodoritum
980 5664 1194 5739 legitur,
1223 5667 1280 5718 τὸ
1309 5669 1655 5739 σύγγραμμα,
1691 5665 1830 5739 quod
1871 5664 2134 5733 significat
2173 5663 2268 5739 hoc
2308 5665 2591 5739 scriptum,
2634 5665 2783 5739 sive,
2825 5673 2883 5718 ut
2923 5665 3062 5739 apud
3103 5665 3446 5739 intuepretem

191 5738 444 5806 habetur,
481 5733 578 5784 hoc
609 5747 736 5806 opus
757 5769 771 5792 ,
804 5744 1068 5806 n0n_vero
1098 5735 1197 5806 hoc
1223 5733 1454 5804 corpu‘s'.‘
1475 5733 1528 5789 hi
1557 5733 1771 5795 cieteris
1803 5746 2039 5796 veterum
2086 5733 2421 5806 scriptorum
2451 5735 2614 5805 locis,
2665 5735 2750 5790 hic
2795 5744 2888 5790 aut
2929 5735 3058 5790 alibi
3103 5749 3134 5789 a
3181 5733 3446 5787 Gussanv.

192 5805 422 5860 laudatis
446 5843 460 5868 ,
494 5815 592 5871 pro
624 5803 740 5870 ipso
770 5801 1037 5868 spondere
1068 5805 1288 5862 minime
1319 5801 1590 5863 volumus.
