3968 6314
581 337 646 352 —

586 339 1516 368 Μ

1377 334 3226 366 W

596 459 1268 548 PREFATIO‘
1320 462 1443 542 IN
1519 461 2126 546 DIALOGOS
2179 459 2598 541 SANCTI
2677 457 3270 543 GREGORII
3343 456 3777 552 MAGNL

1843 620 1884 672 Δ
1897 617 2174 674 UCTORE
2213 615 2394 670 ΑΝΟΝ
2406 615 2440 668 Υ
2451 615 2560 668 ΜΟ.

643 849 796 918 1
815 847 1157 904 Ἐπαινοῦνται
1174 853 1260 922 μὲν
1281 849 1486 910 δικαίως
1513 855 1656 921 παρὰ
1681 853 1879 905 πάντων
1901 852 1944 904 οε
1966 853 2138 922 ἀρετήν

2328 850 2478 918 121
2513 845 2699 900 Merito
2739 845 2951 916 quidem
2996 846 3207 901 virtutis
3249 855 3541 903 sectatores
3573 849 3829 906 laudibus

566 940 948 1011 μετερχόμενοι’
966 942 1020 993 ού
1034 942 1127 1013 γὰρ
1148 943 1291 996 αὐτοὶ
1304 943 1444 1011 μόνοι
1463 947 1554 996 τοῦ
1577 940 1787 1016 κέρδους
1801 944 2137 1012 μετέχουσιν·

563 1031 689 1084 ἀλλά
719 1035 801 1084 καὶ
825 1041 930 1091 τοῖς
953 1035 1223 1100 μετέπειτα
1250 1035 1403 1108 ὀρθῶς
1430 1032 1456 1070 δ
1488 1035 1663 1107 βιῶναι
1706 1035 2134 1106 προαιρουμένοις,

565 1122 785 1194 καθάπερ
833 1121 1054 1193 ἔμπνουν
1101 1123 1262 1177 εἰκόνα
1307 1127 1391 1177 καί
1435 1125 1619 1182 στήλην
1653 1123 1910 1193 ἔμψυχον,
1946 1123 2026 1178 διὰ
2049 1133 2140 1182 τῆς

563 1217 756 1280 μνήμης
792 1215 982 1271 ταύτην
1026 1216 1507 1285 καταλιριπὰνυσιν.
1553 1218 2040 1287 ’Λξιεπαινετὼτεροι
2087 1216 2139 1271 δέ

563 1303 742 1369 μᾶλλον
764 1305 807 1357 oi
836 1310 1008 1358 πᾶσαν
1036 1304 1263 1363 σπουδήν
1289 1308 1549 1378 τιθέμενοι,
1582 1308 1711 1376 μετά
1739 1308 1794 1361 τὸ
1829 1309 2140 1377 κατορθῶσαι

562 1399 653 1452 τήν
677 1396 878 1470 ἀρετήν,
909 1403 998 1450 τοῦ
1022 1400 1105 1451 καί
1141 1401 1524 1471 συγγράμματα
1557 1406 1628 1469 τῷ
1666 1400 1763 1468 βίῳ
1798 1400 2136 1468 καταλείπειν,

564 1482 812 1555 δυνάμενα
860 1488 988 1560 πρὸς
1041 1490 1219 1564 ἀρετήν
1261 1491 1562 1560 γυμνάζειν,
1593 1492 1714 1548 τούς
1757 1490 1896 1559 πόθῳ
1940 1489 2140 1551 τούτοις

561 1580 985 1649 ἐντυγχάνοντας.
1027 1585 1248 1652 Μεγίστη
1276 1585 1376 1656 γὰρ
1416 1581 1529 1641 όδός
1556 1583 1684 1654 πρὸς
1727 1589 1816 1640 τήν
1855 1589 1943 1636 τοῦ
1991 1585 2139 1641 7.1.613-

561 1689 730 1727 κοντος
783 1671 980 1743 εὕρεσιν
1026 1673 1056 1728 ἠ
1103 1674 1284 1740 μελέτη
1331 1681 1428 1726 τῶν
1475 1675 1612 1724 θείων
1646 1680 1846 1745 γραφῶν
1875 1671 2136 1741 (Basilius,

559 1757 704 1823 epist.
739 1758 760 1808 1
797 1759 863 1810 ad
892 1759 1107 1827 Cregor.
1141 1761 1325 1829 Naz.).
1358 1762 1434 1815 Ἐν
1463 1765 1676 1821 ταύταις
1710 1767 1808 1837 γὰρ
1839 1767 1922 1817 καὶ
1960 1765 2012 1818 αἱ
2043 1772 2139 1817 τῶν

559 1851 785 1920 πράξεων
823 1850 1069 1907 ὑποθῆκαι
1114 1854 1461 1924 εὑρίσκονται,
1493 1856 1573 1906 καὶ
1615 1854 1715 1923 βίοι
1742 1861 1841 1908 τῶν
1881 1857 2138 1928 μακαρίων

559 1937 750 2010 ἀνδρῶν
797 1939 1113 2010 ἀνάγραπτοι
1155 1939 1588 2014 παραδεδομένοι,
1641 1940 1736 1995 οἷον
1782 1945 1963 2004 εἶχόνες
2009 1948 2139 2004 τινὲς

560 2027 796 2100 ἔμψυχοι
826 2039 915 2091 τῆς
943 2035 1071 2086 κατά
1097 2033 1218 2086 Θεὸν
1246 2035 1502 2093 πολιτείας
1529 2042 1600 2106 τῷ
1619 2039 1870 2105 μιμήματι
1891 2044 1990 2091 τῶν
2012 2039 2139 2108 ἀγα-

557 2120 654 2171 θῶν
676 2119 838 2194 ἔργων
855 2123 1175 2196 πρόκεινται·
1204 2126 1368 2183 καθὼς
1397 2134 1417 2161 ο
1451 2127 1531 2177 καί
1550 2146 1680 2184 τινες
1708 2133 1805 2181 τῶν
1837 2127 1989 2199 ἁγίων
2005 2131 2140 2200 ἡμῶν

2245 951 2481 990 omnium
2512 937 2873 991 celebrantur.
2905 937 3086 1006 Neque
3119 939 3259 992 enim
3292 939 3391 992 sibi
3440 941 3569 994 solis
3612 941 3822 996 lucrum

2243 1035 2581 1096 comparant,
2612 1041 2794 1080 verum
2837 1027 2995 1080 etiam
3029 1029 3262 1096 posteris
3301 1038 3446 1084 recte
3475 1031 3684 1085 vivendi
3710 1042 3826 1086 stu-

2241 1119 2331 1172 dio
2361 1118 2555 1173 deditis
2581 1119 2723 1172 illam
2747 1120 2890 1173 velut
2919 1120 3190 1175 viventem
3225 1123 3503 1190 quamdam
3536 1124 3826 1194 imaginem

2242 1215 2296 1262 et
2325 1208 2611 1261 animatum
2650 1217 2877 1262 statuam
2926 1210 3182 1264 laetorum
3225 1225 3443 1265 suorum
3493 1214 3824 1283 relinquunt.
3856 1198 3876 1220 ⁸

2241 1298 2345 1353 Sed
2394 1299 2561 1352 multo
2607 1300 2847 1368 ampliori
2893 1299 3046 1354 laude
3075 1301 3220 1370 digni
3251 1303 3501 1356 censendi
3544 1314 3700 1366 sunt,
3729 1307 3822 1373 qui

2242 1399 2361 1458 post
2387 1390 2593 1445 virtutis
2622 1405 2783 1458 opera
2814 1404 2974 1446 omne
3017 1391 3250 1445 studium
3295 1391 3345 1444 in
3387 1407 3452 1445 eo
3491 1405 3824 1461 posuerunt.

2242 1489 2300 1532 ut
2335 1480 2527 1548 scripta
2578 1479 2777 1533 mundo
2825 1480 3226 1549 relinquerent,
3259 1495 3378 1550 quae
3421 1495 3534 1547 eos,
3566 1485 3652 1552 qui
3698 1499 3823 1537 cum

2239 1573 2430 1628 atlectu
2462 1574 2551 1629 illa
2583 1575 2851 1642 legerent,
2880 1573 2946 1626 ad
2983 1577 3235 1628 virtutem
3266 1574 3546 1632 instituere
3576 1586 3630 1631 et
3659 1592 3827 1633 exer-

2239 1680 2361 1720 cere
2392 1675 2626 1732 possent.
2656 1665 2876 1718 Maxima
2904 1663 3045 1718 enim
3081 1665 3157 1717 via
3186 1665 3252 1718 ad
3284 1666 3333 1719 id
3363 1667 3500 1733 quod
3535 1668 3821 1721 honestum

2239 1763 2321 1809 est
2351 1753 2753 1817 inveniendum,
2785 1753 3177 1820 Scripturarum
3209 1755 3508 1808 divinarum
3539 1768 3620 1811 est
3649 1759 3823 1812 medi-

2241 1844 2401 1909 tatio;
2433 1843 2696 1911 siquidem
2727 1843 2778 1895 in
2813 1842 2878 1897 iis
2920 1842 3187 1896 actionum
3233 1855 3494 1913 praecepta
3540 1853 3824 1913 reperiun-

2240 1921 2344 2002 tnr,
2371 1942 2424 1988 et
2455 1933 2578 1988 vita).
2613 1943 2922 1989 sanctorum
2952 1934 3184 1989 virorum
3225 1936 3438 2004 scriptis
3469 1937 3672 1992 tradita:
3702 1941 3824 1994 vel-

2241 2024 2315 2076 uti
2351 2026 2592 2091 quadam
2620 2024 2814 2078 divinat
2835 2025 3256 2080 conversationis
3292 2026 3549 2096 imagines
3571 2031 3823 2085 animata:

2239 2115 2304 2170 ad
2351 2115 2695 2171 imitationem
2748 2115 3010 2171 bonorum
3056 2131 3278 2184 operum
3327 2120 3609 2188 proposita:
3653 2132 3822 2189 sunt,

558 2213 791 2285 πατέρων
820 2215 936 2285 περί
965 2215 1144 2267 τούτου
1167 2214 1540 2285 ἐφιλοσόφησαν.
1572 2217 1759 2268 Πολλῶν
1786 2219 1953 2271 τοίνυν
1971 2239 2135 2272 σπου-

2244 2213 2396 2273 prout
2421 2205 2630 2274 quidam
2662 2217 2963 2260 sanctorum
2995 2206 3208 2261 Patrum
3250 2217 3550 2265 nostrorum
3582 2212 3824 2281 philoso-

559 2296 709 2350 δαίων
732 2299 923 2374 ἀνδρῶν
948 2304 1077 2355 κατά
1103 2307 1190 2359 τὴν
1214 2304 1426 2357 παλαιὰν
1453 2308 1535 2357 καί
1561 2311 1727 2363 καινήν
1753 2305 1982 2364 διαθήκην
2013 2330 2140 2379 συγ-

559 2393 837 2463 γράμματα
863 2393 1292 2448 καταλελοιπότων
1321 2402 1391 2464 τῷ
1422 2395 1547 2466 βίῳ,
1578 2397 1806 2470 ἱστορίας
1832 2418 1886 2452 τε
1928 2405 2026 2451 τῶν
2051 2420 2138 2471 γε·

560 2480 774 2554 γονάτων
810 2487 893 2537 καί
928 2487 1234 2558 προφητείας
1269 2493 1365 2538 τῶν
1401 2485 1669 2555 μελλόντων
1711 2489 2019 2559 περιέχοντα
2040 2527 2053 2551 ,
2085 2489 2140 2541 οὐ

557 2577 658 2641 μὴν
684 2573 806 2626 ἀλλά
827 2573 968 2642 βίους
991 2574 1144 2644 ἁγίων
1171 2577 1252 2628 καί
1278 2577 1518 2648 ἐναρέτων
1543 2574 1766 2650 ἀνδρῶν,
1790 2584 1886 2630 τῶν
1917 2596 1970 2631 τε
2008 2579 2139 2632 κατὰ

559 2669 650 2722 τήν
670 2663 924 2723 Ἀνατολὴν
947 2669 1029 2719 καί
1058 2666 1306 2737 Αἴγυπτον
1335 2668 1380 2720 ἔν
1405 2669 1613 2724 ἀσκήσει
1639 2666 2046 2740 διαπρεύὰντωνο
2089 2671 2140 2722 ἐκ

560 2759 847 2829 πνεύματος
874 2757 1019 2829 ἁγίου
1049 2761 1276 2824 κινηθείς,
1311 2763 1395 2813 καί
1425 2760 1448 2813 ό
1473 2765 1657 2820 παντὸς
1683 2763 1890 2815 ὶπαίνου
1925 2762 2140 2835 ὑπέρτε-

561 2868 649 2919 ρος
673 2849 697 2902 ό
721 2852 772 2904 ἐν
795 2851 954 2921 ἁγίοις
985 2857 1156 2925 πατὴρ
1183 2854 1320 2921 ἡμῶν
1353 2854 1625 2928 Γρηγίριος
1664 2853 1688 2907 ό
1719 2857 2140 2930 παμμακάριστος

560 2938 586 2990 ὁ
605 2948 698 2997 τῆς
719 2940 1080 3011 μεγαλωνύμου
1113 2943 1305 3001 πόλεως
1326 2943 1518 3012 Ῥώμης
1537 2944 1796 3016 γενόμενος
1823 2947 2021 3007 πάπας,
2048 2948 2141 2999 σύν

559 3031 641 3079 καί
667 3027 852 3104 ἑτέροις
879 3031 1131 3091 πλείστοις
1159 3032 1350 3102 βίϐλοις
1381 3033 1543 3086 κάλλει
1577 3054 1631 3087 τε
1664 3034 1841 3098 λέξεως
1882 3038 1966 3088 καί
2001 3036 2140 3105 βάθει

559 3120 818 3188 νοημάτων
842 3119 1233 3192 διαλάμπουσιν,
1259 3127 1341 3177 καί
1365 3127 1482 3183 τοὺς
1503 3125 1648 3196 βίους
1671 3133 1769 3181 τῶν
1798 3127 1847 3180 ἐν
1870 3135 1931 3200 τῇ
1956 3128 2141 3203 Ἰταλίᾳ

559 3207 945 3286 διαπρεψὰντων
982 3213 1135 3285 ἁγίων
1176 3213 1399 3289 ἀνδρῶν,
1430 3212 1457 3250 ἀ
1483 3215 1588 3270 καθ’
1612 3218 1705 3277 οὕς
1728 3239 1782 3272 τε
1812 3218 2032 3292 χρόνους
2059 3222 2141 3274 καί

561 3299 749 3359 τόπους
777 3303 1040 3374 γεγόνασιν
1063 3342 1078 3365 ,
1121 3305 1172 3357 ἐν
1214 3305 1467 3378 τέσσαρσι
1511 3305 1720 3378 βιϐλίοις
1746 3317 1770 3345 ο
1803 3315 1865 3381 τῇ
1889 3310 2140 3378 Ῥωμαίων

562 3390 801 3464 διαλέκτῳ
846 3393 1178 3468 διεγράεέατο.
1230 3394 1518 3451 Διιλθόντων
1566 3395 1620 3451 δὲ
1664 3395 1758 3456 ἤδη
1812 3419 1911 3452 που
1967 3399 2141 3454 ἑκατόν

559 3482 791 3542 ἔῖήκοντα
817 3487 961 3539 πέντε
990 3486 1250 3550 ἐνιαυτῶν,
1281 3490 1364 3542 καί
1391 3488 1600 3559 μηδενός
1624 3497 1723 3544 τῶν
1746 3492 1947 3545 πάντων
1976 3513 2141 3546 σπου-

2244 2297 2388 2365 pbati
2429 2307 2571 2353 sunt.
2602 2298 2861 2353 Carterum
2893 2313 3012 2353 cum
3052 2299 3205 2354 multi
3243 2301 3546 2355 exStiterint
3585 2305 3818 2360 studiosi

2243 2388 2342 2442 viri
2383 2397 2489 2443 tam
2538 2390 2588 2442 in
2620 2388 2797 2444 Veteri
2845 2405 3001 2459 quam
3049 2391 3101 2444 in
3145 2390 3294 2445 Novo
3335 2391 3700 2461 Testamento,
3727 2397 3822 2464 qui

2240 2478 2437 2548 scripta
2478 2480 2867 2547 przeteritarum
2909 2495 3090 2536 rerum
3133 2481 3382 2537 historias
3426 2493 3482 2538 et
3522 2483 3822 2542 futurarum

2242 2569 2621 2637 pradictiones
2666 2571 2992 2625 continentia
3047 2571 3164 2625 orbi
3213 2573 3570 2642 reliquerunt,
3611 2591 3822 2632 necnon

2244 2658 2389 2713 Vitas
2411 2668 2717 2714 sanctorum
2743 2669 2797 2715 et
2820 2661 3018 2714 virtute
3040 2660 3382 2730 prmditorum
3409 2662 3704 2729 hominum,
3728 2666 3821 2735 qui

2241 2767 2334 2821 per
2363 2753 2629 2808 Orientem
2659 2761 2714 2809 et
2743 2753 3028 2823 Egyptum
3061 2754 3113 2808 in
3146 2755 3252 2809 vita
3285 2757 3575 2812 monastica
3623 2759 3818 2813 excel-

2239 2843 2486 2910 luerunt,
2516 2843 2718 2913 Spiritu
2767 2853 2952 2898 sancto
3002 2851 3210 2909 motus,
3253 2847 3398 2899 omni
3445 2847 3600 2902 laude
3644 2847 3822 2916 major

2241 2947 2453 2991 sanctus
2481 2937 2636 2991 Pater
2660 2946 2842 2991 noster
2863 2935 3151 3006 Gregorius
3175 2937 3509 2992 beatissimus
3530 2949 3581 2993 et
3608 2939 3823 3010 inclyta

2240 3025 2388 3079 urbis
2431 3024 2617 3080 Roma:
2659 3039 2814 3094 papa,
2845 3039 2949 3078 una
2978 3041 3097 3079 cum
3130 3025 3371 3093 plurimis
3399 3027 3517 3080 aliis
3549 3027 3702 3083 libris
3733 3029 3823 3083 di-

2240 3115 2433 3170 ctionis
2491 3124 2770 3171 venustate
2817 3125 2872 3171 et
2925 3129 3178 3172 sensuum
3237 3117 3593 3185 protunditate
3641 3121 3825 3176 niten-

2243 3206 2403 3269 tibus,
2437 3205 2584 3260 Vitas
2612 3207 2771 3260 etiam
2802 3216 3107 3261 sanctorum
3141 3208 3407 3263 hominum
3435 3210 3526 3277 qui
3567 3208 3622 3264 in
3664 3210 3822 3267 Italia

2239 3295 2551 3362 eYuxerunt,
2597 3305 2652 3350 et
2697 3311 2804 3365 quo
2854 3307 3096 3367 tempore
3141 3299 3399 3368 quibusve
3444 3301 3496 3354 in
3537 3301 3667 3356 locis
3715 3303 3821 3359 llo-

2241 3396 2487 3453 ruerunt,
2539 3396 2769 3458 quatuor
2814 3387 2965 3442 libris
3013 3388 3199 3444 Latina
3247 3388 3422 3459 lingua
3473 3393 3818 3456 conscripsit.

2239 3482 2372 3537 Cum
2401 3492 2579 3536 autem
2626 3482 2956 3541 eilluxissent
2986 3483 3013 3524 ιι
3037 3486 3147 3556 jam
3193 3496 3403 3544 centum
3449 3499 3502 3543 et
3544 3488 3821 3556 sexaginta

557 3571 646 3629 διέν
672 3575 877 3644 θεμένου
904 3573 990 3629 ἐπί
1017 3582 1105 3633 τὴν
1130 3583 1328 3632 ταυτῶν
1356 3580 1667 3652 μετάφρασιν
1698 3580 1748 3631 ἐκ
1777 3589 1867 3639 τῆς
1895 3584 2138 3650 Ῥωμαίοις

2244 3573 2473 3642 quinque
2513 3576 2673 3641 anni,
2710 3584 2764 3631 et
2792 3591 2858 3631 ex
2899 3577 3147 3633 omnibus
3189 3593 3345 3632 nemo
3387 3587 3628 3648 repertus
3671 3587 3822 3631 esset

558 3667 627 3721 ι’ς·
647 3668 735 3720 τήν
759 3663 968 3718 Ἑλλάδα
995 3666 1240 3736 γλῶτταν,
1273 3666 1297 3720 ό
1325 3669 1379 3720 ἐκ
1399 3677 1490 3729 τῆς
1519 3665 1701 3721 ἄνωθεν
1736 3669 1755 3706 ί
1801 3670 1962 3742 ῥοπῆς
1990 3671 2142 3745 ψηφι-

559 3754 695 3810 σθείς
723 3758 908 3825 ποιμήν
939 3775 992 3809 τε
1029 3759 1110 3809 καὶ
1139 3759 1494 3832 ποιμενάρχης
1533 3762 1619 3811 καί
1656 3757 1835 3830 όδηγός
1878 3761 2138 3827 όρθοδόξου

561 3844 803 3908 πίστεως,
853 3843 878 3898 ό
924 3852 1013 3899 τοῦ
1059 3849 1426 3922 πρωτοϐἀθρου
1468 3857 1567 3905 τῶν
1617 3851 1910 3907 ἀποστόλων
1956 3855 2138 3930 Πέτρου

560 3931 808 4004 διάδοχος
838 3939 1124 4010 Ζαχαρίας,
1157 3937 1182 3992 ό
1224 3941 1657 4013 τρισμακάριστος
1678 3981 1691 4004 .
1736 3945 1821 3998 καί
1857 3945 2136 4016 ἰσάγγελος,

560 4019 884 4083 ἀποστολικός
912 4028 993 4078 καί
1022 4029 1350 4101 οἷκονμενικός
1374 4033 1571 4094 πάπας,
1601 4033 1818 4103 φιλόθεος
1848 4032 1914 4089 ὧν
1948 4038 2032 4088 καί
2059 4059 2139 4107 φι-

563 4113 768 4175 λόκαλος
792 4122 882 4174 τήν
909 4120 1108 4190 ψυχήν,
1135 4125 1219 4176 καί
1245 4121 1354 4177 ὅλον
1379 4124 1557 4179 ἑαυτὸν
1582 4127 1774 4186 ἀναθείς
1798 4136 1859 4201 τῇ
1890 4128 2139 4202 μελλούσῃ

560 4205 954 4283 μισθαποδοσίᾳ,
982 4214 1113 4288 μετά
1157 4214 1359 4268 πάντων
1403 4217 1552 4270 αὐτοῦ
1591 4223 1690 4271 τῶν
1730 4219 1926 4288 ἀγαθῶν
1956 4240 2139 4292 κατορ-

562 4295 804 4365 θωμάτων
825 4300 1068 4373 ἐπιμελῶς
1094 4303 1365 4373 σχολάζων
1390 4315 1502 4365 ταῖς
1539 4307 1644 4360 θεία
1667 4328 1692 4366 ς
1730 4317 1975 4381 γραφαῖς,
2015 4312 2140 4364 κατά

559 4392 648 4445 τήν
699 4389 896 4448 ἐντολὴν
940 4399 1030 4444 τοῦ
1079 4396 1252 4466 κυρίου
1285 4400 1375 4453 τήν
1416 4398 1732 4466 φάσκουσαν,
1763 4397 2018 4474 Ἐρευνάτε
2046 4403 2139 4461 τὰς

559 4481 788 4553 γραφάς,
840 4483 889 4535 ἐν
941 4485 1125 4544 αὐταῖς
1165 4486 1266 4560 γάρ
1308 4485 1496 4541 δοκεῖτε
1550 4492 1678 4550 ζωήν
1729 4491 1924 4542 αἰώνιον
1968 4489 2135 4560 ἔχειν·

558 4570 884 4640 ἐπιμνησθείς
913 4575 1027 4650 περὶ
1064 4581 1153 4628 τοῦ
1190 4575 1305 4646 βίον
1331 4580 1413 4629 καὶ
1447 4585 1537 4637 τῆς
1581 4578 1834 4638 πολιτείας
1874 4588 1972 4633 τῶν
2016 4584 2140 4636 κατά

557 4665 646 4718 τήν
689 4661 927 4721 ἀνατολήν
967 4665 1240 4736 γενομένων
1284 4666 1438 4737 ἁγίων
1479 4671 1712 4738 πατέρων
1756 4673 1838 4723 καί
1887 4672 2134 4732 ἀσκητῶν.

558 4750 744 4817 βουλὴν
777 4756 985 4822 ἀρίστην
1015 4756 1389 4822 ἐξουλεύσατο,
1433 4765 1524 4811 τοῦ
1563 4763 1645 4812 καί
1683 4768 1706 4805 l5
1739 4763 1832 4819 τὰς
1871 4763 2024 4821 αὐτάς
2061 4763 2141 4830 βί-

559 4840 712 4901 ϐλους
741 4843 834 4900 τὰς
863 4846 1003 4915 παρά
1038 4852 1135 4898 τῶν
1171 4848 1403 4921 ἀνωτέρω
1442 4851 1870 4918 μνημονευοέντων
1911 4873 2138 4926 συγγρα-

2240 3663 2328 3733 qui
2360 3664 2426 3718 ad
2459 3665 2600 3734 ipsos
2629 3681 2695 3720 ex
2747 3667 2932 3721 Latina
2977 3668 3154 3738 lingua
3203 3670 3253 3723 in
3300 3667 3535 3722 Graecam
3585 3667 3819 3722 transie-

2241 3755 2436 3810 rendos
2461 3769 2678 3824 operam
2727 3756 3092 3824 impenderet,
3123 3757 3304 3812 divino
3341 3756 3567 3811 consilio
3611 3755 3823 3811 electus

2242 3855 2450 3912 pastor,
2475 3855 2526 3899 et
2557 3845 2802 3916 princeps
2833 3855 3134 3913 pastorum,
3166 3845 3476 3900 orthodoxa:
3508 3844 3626 3899 tidei
3673 3845 3818 3906 dux,

2242 3946 2296 3990 et
2328 3936 2578 4006 principis
2607 3938 2971 4007 apostolorum
3014 3937 3153 3993 Petri
3185 3950 3462 3992 successor
3507 3934 3816 4001 Zacharias,

2241 4039 2321 4084 ter
2347 4033 2554 4096 beatus,
2581 4042 2633 4086 et
2659 4033 2859 4102 angelis
2888 4046 3001 4101 par,
3027 4032 3351 4100 apostolicus
3371 4040 3422 4085 et
3451 4031 3821 4086 mcumenicus

2242 4135 2396 4190 papa,
2426 4137 2545 4175 cum
2578 4123 2806 4177 animam
2839 4123 3060 4177 haberet
3115 4122 3204 4176 Dei
3245 4132 3296 4176 et
3328 4123 3703 4191 prteclararum
3733 4136 3825 4174 re-

2241 4227 2357 4264 rum
2394 4222 2659 4267 amantem
2679 4255 2693 4278 ,
2725 4223 2776 4268 et
2805 4221 2974 4268 totum
3007 4226 3064 4268 se
3094 4214 3430 4269 retributioni
3473 4213 3662 4266 futurae
3688 4226 3827 4265 con-

2240 4315 2532 4371 secrasset,
2561 4305 2699 4360 inter
2727 4315 2918 4359 caetera
2949 4307 3015 4361 ab
3043 4307 3160 4374 ipso
3207 4307 3458 4376 praeclare
3501 4314 3669 4375 gesta,
3698 4303 3829 4358 dili-

2240 4403 2428 4463 genter
2472 4395 2764 4464 Scripturis
2803 4397 2994 4451 divinis
3035 4413 3251 4462 vacans,
3292 4398 3442 4464 juxta
3493 4403 3830 4465 prmceptum

2244 4486 2449 4539 Domini
2479 4485 2708 4540 dicentis
2732 4505 2744 4539 :
2773 4487 3088 4542 Scrutamini
3119 4488 3440 4555 Scripturas,
3468 4485 3586 4556 quia
3614 4486 3668 4538 in
3700 4486 3833 4554 ipsis

2241 4576 2478 4629 videmini
2506 4578 2660 4629 vitam
2689 4588 2925 4631 aeternam
2955 4579 3139 4631 habere
3183 4576 3365 4648 (Joan.
3390 4594 3443 4641 v,
3475 4576 3582 4646 19).
3617 4575 3834 4630 [ieeur-

2242 4666 2398 4721 dattts
2433 4667 2550 4721 vita;
2589 4677 2643 4722 et
2687 4668 3111 4722 conversationis
3156 4678 3457 4722 sanctorum
3504 4667 3722 4720 Patrum
3769 4677 3835 4721 es

2245 4761 2625 4815 monachorum
2658 4762 2744 4829 qui
2778 4761 2830 4814 in
2862 4761 3078 4816 Oriente
3107 4762 3383 4825 vixerunt,
3411 4760 3671 4829 optimum
3709 4761 3832 4814 sci-

2247 4851 2368 4904 licet
2395 4851 2626 4918 snscepit
2652 4852 2929 4904 consilium
2962 4861 3068 4906 tam
3103 4852 3268 4907 libros
3297 4851 3412 4905 illus
3441 4866 3468 4903 a
3503 4851 3634 4904 viris
3661 4865 3833 4918 supra

556 4933 738 5001 φείσας
764 4940 826 5006 τῇ
856 4931 1074 5008 Ῥωμαία
1113 4935 1350 5006 διαλέκτῳ
1376 4977 1389 5000 ,
1430 4941 1524 4998 τάς
1561 4960 1614 4992 τε
1657 4945 2009 5014 περιεχούσας
2041 4948 2138 4995 τῶν

2249 4940 2553 4994 memoratis
2588 4941 2770 4994 Latina
2815 4942 2989 5011 lingua
3033 4943 3388 5011 conscriptos,
3422 4956 3576 5009 quam
3610 4956 3710 4996 eos
3740 4944 3834 5010 qui

557 5030 690 5084 κατά
708 5033 798 5088 τὴν
819 5028 1027 5085 Ἰταλίαν
1055 5029 1436 5105 διαπρεψὰντων
1469 5034 1623 5105 ἁγίων
1657 5037 1891 5106 πατέρων
1931 5036 2139 5106 ἀρετὰς,

638 5213 663 5239 ι
696 5205 858 5260 Abest
885 5220 913 5259 a
944 5208 1226 5263 Codicibus
1258 5209 1480 5274 Latinis,
1512 5218 1563 5262 et
1593 5212 1659 5264 ab
1691 5209 1790 5263 Ed.
1826 5211 1997 5266 Vatic.
2034 5211 2137 5266 Ex-

562 5283 669 5348 SIat
699 5274 889 5348 Graece
913 5277 962 5329 in
988 5278 1120 5332 Cod.
1153 5281 1280 5348 Reg.
1305 5278 1474 5346 2954,
1503 5291 1552 5333 et
1581 5279 1731 5334 Coll).
1760 5281 1921 5333 9.500.

633 5343 661 5381 δ
684 5344 831 5415 4:9").
863 5347 1022 5415 βιοῦν.

638 5423 660 5493 εξ
691 5413 822 5493 Mss.
845 5413 1041 5493 iniuria}
1068 5425 1259 5472 τῶν....
1288 5421 1694 5493 πεφιλοσόφηται.

634 5487 659 5519 ’³
691 5483 814 5537 MSS.
847 5487 955 5538 καθ’
984 5488 1119 5546 οἵους
1145 5510 1218 5542 τε.

636 5563 659 5632 ξ
693 5553 844 5632 ςξοΙΙ).
875 5565 936 5628 τῇ
955 5556 1191 5632 Ῥωμαία.

639 5621 656 5662 ί
689 5624 812 5681 MSS.
846 5621 980 5688 Θείας
1001 5621 1178 5703 sortite.

2249 5033 2677 5102 complectuntur
2722 5035 2947 5089 virtutes
2995 5045 3301 5088 sanctorum
3353 5033 3566 5085 Patrum
3634 5035 3728 5101 qui
3783 5034 3835 5086 in

2316 5221 2340 5258 ε
2371 5211 2604 5288 Colbert.
2647 5215 2750 5274 Τὰς
2781 5216 2940 5288 αὐτὰς
2983 5216 3243 5288 τέσσαρας
3283 5212 3490 5288 βίϐλους
3534 5211 3680 5282 παρά
3741 5219 3836 5265 τοῦ

2241 5285 2469 5359 ἀνωτέρω
2500 5287 2914 5359 μνημονευθέντος
2952 5283 3182 5354 ἀοιδίμου
3221 5283 3413 5355 πατρὸς
3451 5283 3590 5351 ἡμῶν
3635 5291 3840 5356 Γρηγο-

2242 5357 2352 5427 Pi?"
2378 5357 2778 5427 sumerem-

2315 5423 2340 5460 h
2370 5421 2600 5476 Joannes
2630 5425 2908 5486 Iliaconns,
2943 5423 3033 5476 lib.
3062 5439 3140 5485 tv,
3167 5437 3284 5488 cap.
3311 5421 3398 5482 75,
3432 5430 3679 5472 numerat
3713 5436 3840 5474 ρειιο

2246 5503 2355 5544 tum
2405 5504 2458 5545 et
2505 5496 2836 5560 septuaginta
2892 5495 3122 5562 quinque
3177 5508 3366 5544 annos.
3420 5490 3729 5562 Utrumque
3786 5493 3842 5544 in

2245 5563 2600 5634 Chronologia
2633 5561 2918 5619 aberrasse
2940 5565 3276 5617 ostendimus
3305 5564 3354 5614 in
3386 5561 3530 5630 praet".
