3968 6316
508 234 609 289 ίῑίὸ

1696 245 1937 304 ΞΔΝΕΤΙ
1976 244 2297 301 GREGURII
2340 243 2553 300 MAGNI

3656 244 3765 308 {56

501 365 604 419 τόοι
640 364 751 424 ἔθος
779 362 933 427 ἐστίν,
977 361 1033 416 τὸ
1074 360 1388 437 ἀνδράποδον
1428 364 1497 421 εἰς
1527 367 1615 421 τὴν
1663 367 1826 433 πηγήν
1871 362 2073 418 ἀπῆλθε.

2194 360 2419 427 Dumque
2452 360 2685 413 hauriret
2728 375 2917 429 aquam
2943 402 2958 428 ,
2996 358 3014 399 ί
3052 362 3214 432 piscis
3261 360 3474 419 situlam
3521 362 3759 423 intravit.

502 457 597 509 καί
626 456 677 507 δν
706 452 813 523 ὅσῳ
848 454 1009 510 ἤντλει
1056 455 1114 507 τὸ
1163 451 1322 527 ὕδωρ,
1352 451 1506 522 ἰχθύς
1548 474 1627 512 τις
1652 455 1723 511 είς
1764 454 1821 507 τὸ
1856 449 2081 522 ἄντλημα

500 546 737 603 εἰσῆλθεν.
768 543 1117 617 Ὑποστρέψας
1147 542 1199 597 δέ
1232 541 1333 597 ότὸ
1365 542 1501 617 ὕδωρ
1532 545 1767 613 κομίζων.
1791 544 1891 615 πρὸ
1913 562 2079 615 προσ·

500 637 638 688 ὠπου
667 640 765 687 τῶν
810 635 1136 704 ἀνακειμένων
1180 633 1264 686 τὸν
1289 632 1438 700 ἱχθὺν
1468 633 1562 685 σὺν
1589 640 1659 699 τῷ
1681 630 1829 685 ὕδατι
1855 631 2075 700 έξέχεεν,

502 722 642 782 ὅστις
669 721 731 777 δι’
759 722 873 781 ὅλης
901 731 989 780 τῆς
1019 724 1208 794 ἡμέρας
1240 725 1310 782 είς
1341 723 1534 795 βρῶσιν
1562 730 1634 790 τῷ
1664 724 1924 795 Ὀνωράτῳ
1952 723 2079 775 αῦτ-

502 814 715 886 αρκέσαι
768 810 1006 871 ἠδυνήθη.
1055 820 1079 845 ⁸
1110 814 1496 881 Θαυμασάντων
1542 809 1596 864 δέ
1633 813 1853 874 πάντων,
1900 812 2083 869 ἐκεῖνος

504 904 619 964 ὅλος
644 902 668 958 6
690 911 787 959 τῶν
804 906 983 976 γονέων
1004 904 1290 974 έμπαιγμὸς
1316 902 1569 957 ἔπαυσεν.
1601 905 1691 956 Καί
1711 908 1798 960 τὴν
1815 909 1904 956 τοῦ
1930 914 2083 955 Ὁνω-

501 998 656 1067 ράτου
683 996 971 1070 έγκράτειαν
992 994 1205 1068 ἤρξαντο
1237 995 1477 1049 σέϐεσθαι
1496 1032 1511 1057 ,
1537 996 1693 1065 ἤνπερ
1725 993 2002 1064 κατεγέλων
2026 991 2083 1044 τό

502 1086 768 1159 πρότερον’
800 1084 960 1144 οὕτως
1000 1080 1087 1137 οὖν
1129 1085 1231 1139 ἀπὸ
1272 1093 1355 1139 τοῦ
1391 1087 1653 1160 ἀνθρώπου
1701 1090 1789 1138 τοῦ
1829 1090 1954 1137 Θεοῦ
1993 1088 2081 1137 τοῦ

502 1180 792 1247 ἔμπαιγμοῦ
813 1180 901 1233 τὴν
928 1176 1071 1245 ὕϐριν
1100 1175 1125 1229 6
1150 1177 1304 1245 ἰχθυς
1329 1183 1420 1229 τοῦ
1450 1173 1601 1251 ὅρους
1631 1174 1927 1243 ἀπήλειψεν.
1961 1185 2086 1246 Προ-

502 1266 747 1335 κόψαντος
769 1264 822 1319 δὲ
849 1267 1003 1319 αὑτοῦ
1034 1264 1057 1301 δ
1087 1268 1351 1336 μεγίσταις
1377 1264 1642 1335 δυνάμεσι,
1679 1266 1825 1339 παρά
1853 1270 1944 1319 τοῦ
1964 1284 2085 1337 προ-

501 1356 765 1426 λεχθέντος
794 1358 949 1410 αὑτοῦ
979 1358 1155 1429 κυρίου
1186 1357 1465 1426 ἐλευθερίας
1498 1354 1662 1425 ἔτυχε
1681 1399 1696 1422 ,
1735 1358 1817 1409 καί
1856 1358 1930 1414 εἰς
1965 1356 2085 1408 ἐκεῖ·

502 1470 583 1501 νον
608 1451 694 1501 τὸν
722 1446 876 1502 τόπον
898 1448 955 1501 τὸ
1001 1446 1214 1507 Φοὺνδης
1236 1447 1495 1519 λεγόμενον
1528 1450 1866 1519 μοναστήριον
1903 1442 2085 1516 ᾠκοδό-

505 1556 682 1601 αησεν,
709 1538 758 1590 iv
789 1534 827 1607 ᾧ
855 1535 1122 1590 διακοσίων
1162 1538 1329 1590 λοιπὸν
1375 1542 1616 1607 μοναχῶν
1657 1540 1828 1608 πατὴρ
1865 1536 2083 1606 γέγονεν.

501 1630 632 1677 Ἐκεῖ
660 1620 752 1679 οῦν
785 1635 808 1663 ο
842 1629 871 1683 n'
907 1630 1009 1688 ζωὴ
1036 1629 1191 1680 αὑτοῦ
1216 1628 1267 1678 ἐν
1294 1626 1490 1680 ἅπασιν
1736 1624 2087 1697 ὑποδείγματα

2184 451 2579 518 Reversumque
2626 454 2946 520 mancipium
2992 464 3117 508 ante
3166 468 3257 508 ora
3312 456 3767 511 discumbentium

2184 539 2382 606 piscem
2406 553 2525 593 cum
2553 553 2688 607 aqua
2718 540 2868 605 fudit,
2898 543 2985 610 qui
3010 544 3073 593 ad
3104 544 3264 595 totius
3296 543 3400 596 diei
3433 545 3628 597 victum
3660 563 3757 609 po-

2185 628 2371 681 tuisset
2401 627 2667 682 Honorato
2692 630 2960 685 sufficere.
2987 630 3157 687 Mirati
3188 646 3395 694 omnes,
3426 641 3643 701 totaque
3672 636 3759 687 illa

2183 726 2456 785 parentum
2487 716 2664 772 irrisio
2696 720 2942 773 cessavit.
2972 718 3197 787 Cmpere
3224 736 3454 790 namque
3491 723 3543 775 in
3580 723 3763 777 llouo-

2184 816 2299 859 rato
2324 807 2564 861 venerari
2612 808 2991 862 abstinentiam
3017 850 3032 875 ,
3067 826 3221 878 quam
3256 820 3380 866 ante
3408 813 3721 866 deridehant
3751 830 3765 875 ;

2184 898 2365 967 sicque
2411 913 2440 951 a
2492 899 2582 953 Dei
2631 898 2847 954 homine
2899 900 3157 953 irrisionis
3198 901 3424 955 detersit
3467 902 3762 969 opprobria

2182 987 2344 1054 piscis
2367 997 2392 1034 ε
2416 986 2481 1042 de
2511 997 2709 1044 monte.
2725 988 2962 1055 Quicum
2994 991 3202 1059 magnis
3233 991 3519 1045 virtutibus
3550 1006 3766 1046 cresce-

2184 1086 2285 1141 ret,
2316 1091 2345 1129 a
2376 1076 2629 1145 prtedicto
2672 1077 2889 1131 domino
2930 1092 3030 1131 suo
3080 1079 3328 1133 libertate
3372 1080 3603 1134 donatus
3632 1094 3714 1136 eSt
3741 1121 3759 1147 ,

2185 1176 2342 1234 atque
2387 1168 2437 1218 in
2468 1180 2533 1220 eo
2561 1167 2679 1219 loco
2715 1165 2743 1201 ιι
2776 1167 2862 1235 qui
2898 1166 3094 1221 Fundis
3125 1168 3341 1235 dicitur,
3374 1170 3762 1223 monasterium

2184 1258 2512 1323 construxit,
2561 1258 2612 1311 in
2664 1273 2769 1325 quo
2804 1257 3149 1313 ducentorum
3184 1259 3351 1314 ferme
3378 1264 3765 1316 monachorum

2186 1347 2344 1402 Pater
2377 1349 2612 1414 exstitit,
2646 1348 2822 1418 ibique
2852 1349 2953 1403 vita
2986 1349 3128 1402 illius
3154 1350 3567 1419 circumquaque
3602 1352 3766 1423 156

2173 1427 2432 1505 ’excmpla
2461 1436 2669 1492 eximia:
2712 1438 3133 1492 conversationis
3173 1438 3339 1493 dedit.
3365 1440 3495 1494 Nam
3525 1439 3763 1509 quadam

2186 1526 2272 1581 die
2294 1542 2361 1581 ex
2392 1542 2457 1582 eo
2488 1538 2667 1581 monte
2695 1529 2782 1597 qui
2812 1527 2929 1597 ejus
2954 1531 3279 1584 monasterio
3304 1530 3355 1583 in
3389 1534 3602 1585 excelso
3634 1548 3762 1600 pro-

2188 1617 2355 1672 minet
2396 1619 2626 1685 ingentis
2676 1620 2795 1673 saxi
2830 1619 2999 1673 moles
3030 1627 3217 1689 erupta
3248 1630 3364 1686 est,
3395 1636 3514 1689 quae
3543 1636 3639 1690 per
3671 1622 3769 1675 de-

502 1715 790 1780 οαυμασίας
830 1713 1081 1785 διαγωγῆς
1112 1714 1343 1769 δέδωκεν.
1370 1722 1449 1766 Ἐν
1487 1719 1581 1784 μιᾷ
1603 1709 1687 1768 οὖν
1718 1716 1882 1787 ἡμέρᾳ
1917 1716 1974 1767 έκ
1995 1718 2082 1766 τοῦ

2194 1722 2378 1761 vexum
2427 1709 2619 1762 montis
2667 1709 2803 1762 latus
2831 1709 3085 1773 veniens,
3120 1711 3280 1764 totius
3324 1712 3532 1766 ruinam
3574 1714 3767 1775 cella,

504 1804 659 1855 αὑτοῦ
692 1794 861 1876 ὅρους,
882 1804 931 1855 έν
1026 1805 1079 1856 τὸ
1107 1809 1444 1880 μοναστηριον
1473 1806 1626 1858 αὑτοῦ
1658 1806 1705 1857 ἔν
1734 1813 1805 1875 τῷ
1828 1804 1944 1873 ὕψει
1973 1803 2083 1859 διάο

503 1913 679 1952 κειται.
723 1894 855 1953 λίθος
902 1897 1223 1965 παμμεγέθης
1252 1896 1534 1963 ἀπετμήθη,
1576 1893 1629 1955 ός
1655 1916 1733 1954 τις
1761 1892 1845 1947 διὰ
1864 1902 1955 1953 τῆς
1990 1896 2083 1947 αὑ-

501 1991 591 2037 τοῦ
613 1981 638 2020 ά
666 1994 961 2055 καταγωγῆς
988 1986 1040 2037 ἐκ
1060 1984 1278 2056 πλαγίου
1309 1991 1396 2038 τοῦ
1425 1982 1576 2058 ὅρους
1599 1984 1747 2037 έλθών
1773 1990 1969 2037 πτῶσιν
1990 1991 2080 2037 τοῦ

502 2076 841 2145 μοναστηρίου
872 2079 954 2128 καὶ
981 2076 1177 2129 πάντων
1204 2084 1303 2129 τῶν
1338 2074 1555 2144 ἀδελφῶν
1592 2074 1842 2129 ἀπώλειαν
1870 2074 2081 2131 ἠπείλει⁹

507 2162 611 2220 ίνό
656 2164 797 2236 ἅγιος
835 2166 1012 2226 ἐκεῖνος
1051 2168 1177 2237 ἀνὴρ
1212 2164 1393 2218 ἄνωθεν
1434 2165 1710 2237 ἐρχόμενον
1750 2164 2082 2233 θεασάμενος,

505 2266 680 2329 συχνῇ
703 2264 764 2329 τῇ
797 2264 930 2327 φωνῇ
966 2256 1022 2310 τὸ
1068 2263 1157 2310 τοῦ
1186 2260 1409 2325 Χριστοῦ
1451 2255 1867 2323 ἐπικαλεσάμενος
1908 2250 2080 2320 ὄνομα,

504 2351 589 2401 καί
617 2352 706 2405 τήν
737 2345 899 2410 δεξιὰν
928 2353 1083 2419 χεῖρα
1117 2346 1366 2410 ἐκτείνας,
1396 2345 1482 2398 τὸν
1519 2344 1679 2398 τύπον
1708 2346 1847 2413 αὑτῷ
1876 2348 1962 2396 τοῦ
2008 2363 2086 2395 τι·

505 2440 619 2505 μίου
649 2443 877 2511 σταυροῦ
902 2438 1153 2498 ἐπέθηκεν,
1180 2438 1264 2489 καί
1290 2443 1623 2510 παραχρῆμα
1652 2435 1698 2486 ἐν
1722 2441 1793 2505 τῷ
1822 2440 1910 2487 τοῦ
1935 2431 2087 2509 ὅρους

2188 1795 2532 1865 omniumque
2553 1797 2771 1850 fratrum
2798 1799 3066 1852 interitum
3086 1802 3404 1854 minabatur.
3434 1803 3600 1869 Quam
3630 1819 3758 1856 cum

2187 1893 2487 1949 venientem
2539 1894 2769 1961 desuper
2816 1895 2898 1947 vir
2945 1906 3160 1951 sanctus
3189 1899 3447 1967 vidisset,
3498 1902 3766 1968 frequenti

2190 1998 2321 2038 voce
2348 1998 2541 2038 nomen
2570 1984 2766 2039 Christi
2798 1986 3082 2053 invocans,
3113 1997 3328 2042 extensa
3375 2006 3495 2044 mox
3536 1993 3758 2045 dextera

2189 2074 2398 2141 signum
2433 2072 2482 2127 ei
2526 2075 2700 2128 crucis
2741 2078 3022 2143 opposuit,
3053 2093 3171 2132 eam
3194 2095 3277 2145 jue
3323 2080 3374 2133 in
3425 2081 3540 2148 ipso
3568 2083 3763 2136 devexi

2192 2166 2387 2219 montis
2430 2165 2597 2219 latere
2644 2166 2919 2221 cadentem
2969 2168 3127 2234 fixit,
3176 2172 3311 2223 sicut
3357 2171 3640 2240 religiosus
3686 2174 3769 2226 vir

2192 2254 2509 2310 Laurentius
2541 2256 2802 2324 perhibet.
2833 2257 2898 2311 Et
2926 2259 3044 2326 quia
3076 2260 3221 2313 locus
3250 2261 3299 2314 ei
3324 2276 3427 2315 non
3460 2262 3631 2316 fuerat
3661 2278 3772 2330 quo

2192 2345 2453 2400 inhaerere
2484 2347 2761 2413 potuisset,
2780 2348 3031 2416 aspicitur
3052 2350 3122 2403 ita
3146 2358 3201 2403 ut
3230 2353 3501 2421 hucusque
3529 2362 3767 2407 montem

2193 2436 2553 2501 cernentibus,
2590 2450 2777 2489 casura
2811 2440 3041 2505 pendere
3072 2440 3334 2495 videatur.

504 2537 707 2605 κρημνῷ
737 2529 1106 2600 κατερχόμενον
1149 2527 1362 2592 ἔστησε,
1396 2529 1556 2585 καθὼς
1590 2526 1615 2579 6
1649 2524 1925 2584 σπουδαῖος
1955 2528 2082 2599 ἀνήρ
2121 2528 2426 2596 Λαυρέντιος
2462 2528 2612 2597 λέγει.
2644 2530 2813 2582 Τόπον
2856 2529 2909 2583 δὲ
2958 2536 3026 2599 μὴ
3066 2532 3391 2600 ὑπάρχοντος
3424 2536 3473 2587 ἓν
3600 2556 3768 2609 προσ-

505 2624 790 2681 κολληθῆναι
820 2621 994 2679 όλίθος
1023 2620 1319 2681 δυνήσηται,
1351 2621 1511 2691 μέχρι
1539 2625 1628 2672 τοῦ
1672 2617 1922 2690 παρόντος
1966 2617 2109 2690 παρὰ
2145 2620 2277 2671 πᾶσι
2296 2619 2573 2690 θεωρεῖται,
2606 2625 2714 2679 πῶς
2749 2620 3107 2681 ἀποσπασθεὶς
3136 2623 3185 2675 ἐκ
3207 2630 3299 2677 τοῦ
3323 2621 3471 2697 ὅρους
3500 2628 3768 2700 κρέμαται,

506 2711 559 2766 όν
586 2712 611 2766 6
636 2712 778 2781 ἅγιος
812 2719 872 2784 τῇ
899 2717 988 2764 τοῦ
1012 2718 1237 2784 Χριστοῦ
1260 2707 1471 2778 δυνάμει
1501 2708 1746 2765 ἔστησεν.

575 2818 741 2861 IlE'l‘P.
778 2808 1116 2876 Πυνθάνομαι,
1157 2809 1289 2873 τίμιε
1325 2807 1521 2877 πάτερ,
1561 2802 1586 2856 6
1622 2806 1892 2875 περιφανὴς
1938 2799 2091 2862 οὗτος

504 2896 779 2970 ἄνθρωπος,
804 2895 829 2950 6
857 2897 906 2949 ἐν
933 2896 1128 2970 ὑστέρῳ
1152 2894 1448 2952 διδάσκαλος
1481 2894 1715 2962 μαθητῶν
1748 2894 2002 2965 γεγονώς,
2030 2892 2090 2946 τό

507 2992 753 3063 πρότερον
782 2988 911 3058 ἴσχε
939 2987 1269 3051 διδάσκαλον;

575 3090 737 3133 ΓΡΗΓ.
762 3076 1007 3147 οὐδαμῶς
1041 3084 1219 3131 τοῦτον
1250 3078 1502 3149 γεγονέναι
1536 3078 1667 3135 τινός
1697 3078 1918 3146 μαθητήν
1962 3079 2085 3135 ἀκή-

506 3184 617 3224 κοα⁸
640 3176 728 3223 τοῦ
758 3168 811 3223 δέ
840 3169 983 3239 ἀγίου
1014 3166 1301 3238 πνεύματος
1328 3170 1387 3222 τὸ
1425 3167 1585 3242 δῶρον
1619 3169 1757 3237 νόμῳ
1786 3170 1842 3221 οὐ
1878 3175 2089 3223 στενοῦο

505 3283 605 3316 ται.
636 3258 809 3330 Ὀμως
854 3259 968 3319 ἔθος
1010 3267 1099 3319 τῆς
1152 3262 1297 3331 ὀρθῆς
1344 3261 1665 3333 ἀναστροφῆς
1712 3261 1966 3333 ὑπάρχει,
2009 3262 2088 3313 ἵνα

504 3352 846 3429 προ’στασθαί
889 3373 967 3410 τις
1016 3359 1085 3420 μή
1128 3353 1374 3425 τολμήσῃ,
1407 3350 1459 3411 ὃς
1501 3373 1579 3411 τις
1609 3353 2001 3407 ὑποτάσσεσθαι
2027 3352 2085 3405 οὑ

503 3446 772 3513 μεμάθηκε,
799 3448 868 3512 μή
885 3425 936 3497 ⁸δ’
963 3445 1183 3501 ὑπακοὴν
1206 3451 1316 3501 τοῖς
1340 3445 1684 3513 ὑποκειμένοις
1712 3444 2005 3522 ἐπιτρέψοιι,
2032 3445 2088 3501 ἣν

505 3537 650 3594 αὑτὸς
678 3538 731 3589 ix
755 3544 851 3588 τῶν
879 3536 1267 3609 προηγουμένων
1307 3534 1559 3587 ἐκτελέσαι
1593 3535 1681 3585 οὑκ
1722 3533 1959 3603 ἔγνωκεν.
1991 3536 2088 3588 Εὑο

504 3628 762 3697 ρίσκονται
790 3622 842 3676 δέ
872 3644 1003 3681 τινες
1028 3626 1080 3676 ἐκ
1111 3632 1202 3681 τῆς
1243 3630 1332 3675 τοῦ
1372 3624 1661 3691 πνεύματος
1700 3622 1921 3693 διδαχῆς
1951 3623 2088 3679 ἔνδον

506 3714 887 3782 διδασκόμενοι,
932 3708 1024 3765 κᾶν
1062 3710 1239 3774 ἔξωθεν
1293 3714 1462 3770 αὐτοῖς
1502 3715 1813 3783 ἀνθρωπίνης
1868 3713 2088 3783 διδαχῆς

507 3806 761 3869 ἐπιστήμη
792 3802 879 3852 οὑκ
905 3801 1157 3869 ὑπάρχει,
1191 3802 1221 3856 I6
1258 3807 1349 3854 τοῦ
1382 3799 1571 3854 ἔνδοθεν
1599 3800 1903 3857 διδασκάλου
1938 3806 2088 3875 σοφία

506 3898 593 3948 οὐκ
624 3894 850 3945 ἐκλείπει.
879 3898 1045 3944 Τοῦτο
1065 3890 1117 3945 δέ
1139 3892 1410 3957 συμϐαίνει
1432 3896 1501 3951 εἰς
1528 3893 1746 3952 τελείους
1774 3892 1984 3966 ἄνδρας,
2024 3892 2089 3947 ὧν

508 3988 537 4045 ἡ
558 3994 649 4043 τῆς
676 3988 804 4046 ζωῆς
829 3983 1089 4057 ἐλευθερία,
1117 3991 1139 4017 ⁸
1165 3984 1216 4036 ἐν
1236 3991 1308 4052 τῷ
1325 3981 1658 4055 ὑποδείγματι
1682 3992 1780 4037 τῶν
1802 3987 2088 4039 ἀσθενεστέ·

506 4097 608 4153 ρων
638 4083 950 4129 καταπεσεῖν
977 4076 1032 4126 οὑ
1073 4072 1306 4137 δύναται,
1345 4076 1426 4128 ἶνα
1467 4081 1535 4145 μή
1574 4098 1653 4136 τις
1696 4076 1867 4131 ἑαυτὸν
1904 4076 2089 4145 ὁμοίως

508 4170 791 4239 πνεύματος
815 4166 957 4237 ἁγίου
989 4165 1375 4235 πεπληρωμένον
1411 4162 1536 4220 εἶναι
1569 4169 1777 4235 νομίσας
1803 4206 1817 4229 ,
1862 4168 2088 4237 μαθητής

508 4259 774 4330 ἀνθρώπου
800 4256 1027 4325 γενέσθαι
1048 4258 1486 4328 παρακρούσηται,
1520 4260 1605 4309 καί
1626 4256 1814 4316 πλάνης
1842 4255 2084 4311 διδάσκα-

2263 2800 2430 2855 Psrn.
2480 2801 2766 2868 Putamus,
2815 2804 2901 2859 hic
2947 2814 3051 2859 tam
3098 2809 3340 2877 egregius
3383 2810 3485 2877 vir,
3534 2821 3591 2864 ut
3634 2824 3757 2879 post

2193 2893 2444 2961 mag‘ster
2465 2892 2845 2962 discipulorum
2863 2896 3034 2965 ﬁeret,
3054 2898 3197 2965 prius
3220 2899 3401 2953 habuit
3422 2902 3763 2970 magistrum?

2263 3074 2503 3130 Gescon.
2534 3076 2875 3145 Nequaquam
2906 3077 3046 3130 hunc
3073 3078 3236 3132 fuisse
3264 3080 3571 3149 cujusquam
3602 3083 3770 3137 disci-

2190 3167 2368 3234 pulum
2387 3167 2583 3231 audivi,
2597 3168 2690 3223 sed
2712 3172 2822 3237 lege
2844 3184 2947 3223 non
2967 3172 3341 3242 constringitur
3352 3175 3520 3229 sancti
3533 3176 3770 3245 Spiritus

2190 3255 2409 3309 donum.
2456 3256 2593 3311 Usus
2637 3259 2851 3326 quidem
2895 3270 3054 3314 recta:
3100 3266 3516 3319 conversationis
3559 3277 3673 3333 est,
3712 3281 3767 3323 ut

2192 3359 2422 3412 praeesse
2454 3362 2558 3400 non
2594 3348 2822 3416 audeat,
2854 3351 2943 3418 qui
2972 3352 3193 3407 subesse
3222 3368 3327 3408 non
3356 3355 3629 3420 didicerit;
3668 3375 3771 3414 nec

2190 3434 2542 3490 obedientiam
2586 3438 2847 3506 subjectis
2903 3441 3162 3511 imperet,
3194 3458 3349 3511 quam
3392 3446 3621 3513 prmlatis
3659 3464 3771 3504 non

2190 3527 2340 3579 novit
2364 3528 2643 3582 exhibere.
2677 3529 2783 3583 Sed
2813 3538 2991 3585 tamen
3020 3544 3144 3585 sunt
3175 3535 3409 3588 nonnulli
3441 3538 3529 3605 qni
3561 3538 3629 3590 ita
3662 3554 3761 3606 per

2191 3618 2555 3683 magisterium
2581 3617 2809 3688 Spiritus
2828 3621 3149 3677 intrinsecus
3173 3623 3455 3693 docentur,
3483 3636 3536 3680 ut
3563 3630 3661 3682 etsi
3688 3632 3768 3683 eis

2190 3709 2425 3764 exterius
2452 3711 2665 3765 humani
2697 3713 2988 3782 magisterii
3015 3714 3297 3784 disciplina
3328 3718 3493 3784 desit,
3526 3722 3766 3788 magistri

2190 3796 2363 3851 intimi
2410 3814 2631 3854 censura
2683 3816 2789 3857 nou
2838 3803 2993 3858 desit.
3049 3805 3285 3869 Quorum
3335 3818 3511 3863 tamen
3552 3809 3769 3864 libertas

2191 3891 2312 3945 vitae
2340 3891 2408 3945 ab
2437 3892 2661 3947 infirmis
2689 3894 2739 3947 in
2772 3896 3078 3965 exemplum
3110 3886 3214 3951 non
3259 3909 3339 3953 est
3372 3900 3623 3953 trahenda
3645 3943 3659 3964 ,
3696 3918 3765 3957 ne

2190 3979 2315 4033 dum
2362 3995 2420 4035 se
2467 3981 2688 4052 quisque
2732 3985 2980 4041 similiter
3015 3996 3203 4042 sancto
3242 3989 3440 4053 Spiritu
3487 3990 3768 4056 impletum

2194 4073 2486 4139 praesumit,
2519 4074 2809 4143 discipulus
2841 4078 3067 4132 hominis
3102 4094 3220 4133 esse
3250 4082 3538 4149 despiciat,
3566 4093 3621 4136 et
3651 4100 3768 4136 ma-

2190 4161 2357 4226 gister
2406 4164 2602 4217 erroris
2652 4165 2761 4218 fiat.
2794 4166 2940 4221 Mens
2969 4178 3143 4223 autem
3189 4186 3307 4239 quae
3354 4171 3535 4225 divino
3573 4176 3769 4240 spiritu

2191 4250 2464 4321 impletur,
2504 4254 2662 4309 habet
2705 4256 3098 4312 evidentissitne
3137 4258 3151 4295 ί
3190 4262 3337 4328 signa
3378 4277 3504 4325 sua;
3539 4263 3764 4318 virtutes

508 4346 587 4406 λος
608 4348 832 4417 γένηται.
855 4352 981 4403 Νοῦς
1004 4343 1057 4397 δέ
1086 4344 1111 4398 6
1133 4350 1219 4398 τοῦ
1243 4346 1374 4397 θείου
1396 4346 1782 4418 πεπληρωμένος
1804 4346 2085 4413 πνεύματος

2194 4345 2397 4399 scilicet
2431 4354 2485 4399 et
2516 4345 2867 4401 humilitatem
2888 4388 2905 4415 ,
2950 4364 3067 4418 qua:
3097 4351 3139 4404 si
3174 4359 3396 4420 utraque
3428 4354 3663 4419 perfecte
3710 4355 3763 4409 in

508 4437 853 4507 ἐμφανέστατα
882 4434 911 4488 ἕ
914 4454 1003 4505 χει
1021 4436 1085 4488 τὰ
1110 4443 1294 4505 σημεῖα
1323 4438 1495 4500 αὑτοῦ,
1528 4435 1562 4490 ἆ
1589 4439 1701 4491 τινά
1741 4441 1839 4492 ε⁷σι
1879 4436 2088 4508 δύναμις

507 4532 589 4580 καί
616 4528 1068 4600 ταπεινοφροσύνῃ,
1095 4525 1228 4599 ἅπερ
1264 4523 1351 4582 ἐάν
1388 4529 1648 4605 ἀμφότερα
1679 4531 1727 4583 ἐν
1762 4530 1832 4583 ἐνί
1858 4531 2089 4605 λογισμῷ

508 4618 783 4691 ὁλοκλήρως
805 4617 1104 4678 συνέλθωσι,
1126 4625 1298 4688 σαφῶς
1319 4622 1407 4675 τὴν
1426 4624 1712 4694 μαρτυρίαν
1729 4629 1815 4681 τῆς
1836 4628 1922 4676 τοῦ
1947 4621 2090 4693 ἁγίου

509 4712 797 4777 πνεύματος
834 4709 1127 4781 παρουσίας
1168 4709 1418 4782 φέρουσιν.
1465 4711 1640 4771 Οῦτως
1688 4708 1779 4765 οὖν
1807 4712 2027 4773 Ἰωάννης
2064 4712 2089 4767 6

510 4804 795 4858 Βαπτιστης
821 4798 1115 4854 διδάσκαλον
1142 4806 1210 4870 μὴ
1242 4804 1511 4872 ἐσχηκέναι
1536 4807 1952 4877 ἀναγινώσκεται’
1980 4805 2089 4861 οὐδέ

509 4899 605 4966 γὰρ
636 4893 763 4952 αὑτὴ
793 4895 822 4951 ἠ
844 4890 1081 4957 Ἀλήθεια,
1108 4894 1133 4947 6
1156 4895 1327 4968 κὺριος
1347 4898 1485 4966 ἡμῶν
1514 4897 1705 4960 ἰησοῦς
1725 4902 1962 4975 Χριστός,
1988 4922 2090 4955 σω-

580 5038 603 5063 “
634 5026 851 5089 Excusi,
883 5029 1224 5101 θαυμάσοντες
1253 5030 1305 5085 δέ
1327 5030 1533 5095 πάντες.
1559 5034 1630 5088 Ita
1659 5036 1986 5089 rcstituimus
2015 5050 2081 5090 ex

511 5099 635 5167 Mss.
670 5106 725 5152 et
753 5112 817 5151 ex
840 5099 1197 5164 grammaticae
1228 5102 1450 5167 legibus.

583 5166 607 5248 ιζ
643 5167 794 5235 ch.,
828 5169 874 5248 ἐν
900 5166 1442 5248 Θαύμν-σιν-μεγίστοις
1465 5178 1552 5248 καί
1584 5174 1725 5248 παρά
1763 5181 1859 5225 τῶν
1898 5175 2082 5245 προλε-

513 5237 737 5317 χθὲντιων
764 5237 1007 5317 γονέων...
1044 5237 1321 5317 ἐλευθερίας
1351 5247 1551 5311 τυχὼν,
1575 5237 1930 5317 εἰς’ἑκεῐνον...

589 5316 610 5343 ε
640 5306 793 5385 “913.,
824 5307 907 5359 Ἐν
934 5314 1149 5385 πᾶσι-τῇ
1319 5306 1473 5385 αὑτοῦ
1509 5311 1849 5385 ὑποδείγματα
1888 5315 2083 5381 θαυμα-

693 5374 944 5450 διαγωγῆς
992 5374 1265 5443 ὑπέδειξενί
1313 5383 1465 5437 Colh.
1516 5374 1953 5451 ίιίὼϐι,”ἕδωκεν,
1982 5374 2084 5451 ’ρεο

513 5442 740 5499 δέδωκεν.

581 5514 606 5551 ά
641 5517 770 5586 Reg.
783 5558 797 5582 ,
829 5517 1184 5578 καταϐάσεως.

584 5594 606 5657 ξ
639 5586 787 5657 MSS”
819 5590 871 5641 έκ
894 5597 993 5643 τῶν
1017 5588 1418 5657 ὑποδειγμάτων.

586 5652 603 5692 ί
640 5656 869 5711 l’lurgma
903 5659 1155 5714 miracula
1187 5652 1249 5713 ad
1286 5661 1759 5718 commendandam
1797 5658 2073 5717 abstinen-

1963 5756 2001 5769 κ

2193 4451 2297 4489 una
2346 4444 2521 4490 mente
2569 4439 2926 4504 conveniunt,
2963 4438 3129 4508 liquet
3176 4443 3314 4509 quod
3366 4444 3432 4497 de
3480 4446 3771 4511 praesentia

2192 4526 2357 4581 sancti
2389 4526 2618 4595 Spiritus
2649 4528 3005 4583 testimonium
3035 4530 3229 4584 ferunt.
3258 4531 3345 4585 Sic
3370 4533 3563 4602 quippe
3598 4534 3766 4588 etiam

2193 4617 2425 4671 Joannes
2472 4615 2704 4685 Baptista
2749 4619 3060 4687 magistrum
3112 4621 3359 4676 habuisse
3399 4637 3503 4676 non
3548 4624 3772 4693 legitur,

2194 4722 2365 4777 neque
2393 4709 2505 4777 ipsa
2541 4707 2765 4773 Veritas,
2795 4725 2913 4778 quas
2937 4714 3200 4781 corporali
3236 4716 3516 4781 praesentia
3545 4727 3770 4784 aposto-

2193 4801 2272 4854 los
2296 4801 2495 4866 docuit,
2522 4816 2643 4854 eum
2668 4802 3015 4870 corporaliter
3062 4806 3201 4859 inter
3245 4806 3533 4876 discipulos
3574 4823 3773 4879 aggre-

2198 4892 2371 4962 gavit;
2420 4890 2513 4945 sed
2562 4906 2720 4960 quem
2770 4891 3089 4949 intrinsecus
3136 4895 3395 4963 docebat,
3429 4898 3773 4954 extrinsecus

2191 5029 2316 5103 tiam
2334 5028 2464 5083 facta
2491 5028 3009 5103 referunturLSimile
3027 5046 3160 5099 pene
3177 5034 3292 5102 lege
3313 5034 3449 5102 apud
3468 5036 3767 5103 Sulpicium

2193 5101 2483 5174 Severum,
2536 5098 2745 5174 dialogo
2790 5100 2852 5166 '5,
2897 5101 2961 5155 de
2993 5098 3275 5174 virtutibus
3312 5098 3478 5158 sancti
3516 5098 3768 5174 Martini,

2188 5185 2237 5223 c.
2265 5167 2449 5241 15.ρά
2473 5168 2690 5235 primum
2710 5169 2926 5241 justum,
2939 5173 3033 5224 reti
3054 5174 3345 5241 permodico
3366 5176 3635 5228 immanem
3658 5167 3772 5231 csa;

2190 5256 2295 5293 cem
2324 5239 2571 5310 diaconus
2601 5240 2849 5310 extraxit,
2882 5239 3104 5294 Martino
3129 5284 3142 5303 ,
3170 5244 3295 5310 qui,
3328 5245 3487 5297 etiam
3532 5248 3583 5298 in
3620 5246 3773 5302 feriis

2195 5309 2555 5381 Pasc‘lialihus,
2588 5323 2623 5381 a
2644 5309 2893 5381 carnibus
2921 5310 3251 5376 abstinebat,
3281 5309 3683 5381 appnnendum.

2264 5388 2288 5448 ti
2318 5378 2559 5433 Nonnulli
2591 5380 2747 5442 Editi,
2777 5381 2839 5432 de
2862 5381 3017 5448 fonte.

2260 5446 2287 5483 ¹¹
2316 5450 2523 5504 Gemct.
2558 5458 2612 5504 et
2641 5446 2869 5519 l’ratel.,
2912 5450 3002 5519 qui
3048 5449 3291 5507 Flundis.
3320 5454 3491 5509 Fundi
3522 5456 3650 5510 urbs
3676 5469 3765 5513 est

2190 5528 2327 5573 nunc
2352 5519 2664 5588 episcopalis
2692 5520 2742 5573 in
2772 5518 2940 5572 Latio.

2268 5588 2284 5625 ί
2320 5589 2406 5643 Sic
2426 5589 2716 5665 legendum
2750 5604 2849 5665 ex”
2875 5590 2996 5644 Mss.
3046 5605 3172 5656 non,
3210 5594 3582 5665 evidentissima
3610 5597 3769 5665 signa

2194 5672 2305 5720 sua,
2339 5670 2394 5712 ut
2421 5657 2599 5715 ferunt
2623 5659 2781 5714 Editi.
2815 5660 2982 5723 Quam
3016 5663 3334 5718 sententiam
3360 5664 3425 5719 ad
3456 5680 3513 5721 se
3539 5657 3766 5722 trahunt
