4000 6340
245 256 353 316 157

1527 262 1636 319 υΙΑ
1645 262 1970 323 ιοοοιιυιι
2006 271 2210 330 LIBER
2247 273 2290 327 Ι.

3424 279 3523 337 158

237 369 395 441 quasi
446 367 501 425 in
550 380 647 459 sua
689 368 942 427 libertate
1005 371 1311 442 reliquerat.
1361 372 1452 430 Sic
1518 375 1728 446 Moyses
1773 376 1818 431 in

1935 389 2124 455 ματικῇ
2147 384 2406 459 παρουσίᾳ
2449 384 2567 444 τοὺς
2605 384 2922 448 ἀποστόλους
2946 386 3174 455 διδάξας,
3204 400 3382 452 τοῦτον
3416 418 3520 453 σω-

237 474 429 516 eretuo
462 467 488 495 ⁸
518 458 744 513 eductus
766 460 1077 514 mandatum
1105 461 1172 516 ab
1201 464 1396 532 angelo
1418 463 1606 519 didicit
1629 466 1829 534 (Exod.

238 548 416 616 mn),
444 546 586 614 quod
619 561 715 614 per
743 545 1020 602 hominem
1068 563 1174 603 non
1223 553 1498 618 cognovit.
1541 551 1648 608 Sed
1680 554 1829 624 haec,

239 647 300 692 ut
329 638 681 706 pra-diximus
702 681 716 704 ,
749 637 980 693 infirmis
1010 641 1309 696 veneranda
1340 651 1499 711 sunt,
1552 659 1659 700 non
1705 647 1829 702 imi-

242 734 423 788 taeda.

315 1008 480 1064 Pen.
514 1009 698 1064 Placet
729 1009 870 1078 quod
899 1009 1033 1065 dicis
1057 1025 1073 1076 ;
1099 1010 1191 1064 sed
1228 1019 1350 1080 peto
1373 1013 1586 1067 mmihi
1615 1014 1762 1067 dicas
1785 1012 1827 1066 si

244 1109 422 1155 tantus
449 1101 536 1156 hic
561 1101 722 1156 Pater
749 1100 978 1170 aliquem
1017 1102 1100 1155 sui
1134 1101 1458 1157 imitatorem
1502 1102 1824 1170 discipulum

246 1191 478 1260 reliquit.

868 1277 1098 1334 CAPUT
1139 1278 1201 1333 ll.

357 1367 440 1422 De
465 1367 732 1422 Libertina
760 1369 1037 1438 prmposito
1065 1369 1298 1438 ejusdem
1326 1371 1622 1424 monasterii
1648 1369 1698 1423 δ.

317 1459 650 1515 Caesonius.
703 1458 797 1512 Vir
843 1458 1308 1512 reverentissimus
1358 1459 1689 1526 Libertinus,
1736 1462 1826 1530 qui

241 1559 478 1617 tempore
502 1547 695 1602 Totila:
721 1547 861 1617 regis
888 1557 910 1586 ε
935 1546 1232 1601 Gothorum
1261 1547 1498 1617 ejusdem
1529 1549 1828 1606 Fundensis

239 1640 551 1695 monasterii
584 1639 909 1709 prapositus
938 1639 1058 1703 fuit,
1085 1639 1137 1692 in
1165 1639 1490 1708 discipulatu
1523 1637 1664 1694 illius
1694 1655 1825 1694 con-

1933 479 2157 556 ματικὼς
2186 475 2375 541 μεταξύ
2415 474 2582 528 αὐτῶν
2615 477 2965 548 συνηθρόίσεν’
3013 478 3204 535 ἔνδοθεν
3245 482 3299 538 δὲ
3338 487 3523 556 μᾶλλον

1933 555 2206 624 διδάσκων,
2238 559 2420 625 ἔξωθεν
2442 565 2489 616 ἐν
2515 563 2768 638 ἕλευθερίᾳ
2797 575 2822 603 ⁸
2857 568 3137 623 κατέλιπεν·
3175 555 3346 635 οὕτως
3369 588 3518 632 Μωυ-

1933 657 2030 710 σῆς
2056 651 2106 704 ἓν
2222 653 2392 726 ἕρήμῳ
2427 653 2530 708 ύπὸ
2565 656 2771 726 ἀγγέλου
2815 655 3103 729 ὁδηγηθείς,
3136 662 3332 722 ἐντολὴν
3360 669 3521 736 μεμά..

1933 741 2099 806 θηκεν,
2129 743 2284 819 ἥνπερ
2312 742 2376 797 δι’
2405 747 2668 820 ἀνθρώπου
2704 748 2790 800 οὐκ
2831 746 2984 820 ἔγνω.
3017 757 3196 806 ταῦτα
3236 753 3290 808 δὲ
3310 793 3325 816 ,
3363 761 3521 818 καθώς

1934 834 2269 902 προείπαμεν,
2299 843 2407 894 τοῖς
2435 838 2789 907 ἀσθενέστερον
2826 838 3148 911 διακειμένοις
3194 842 3213 882 ί
3258 846 3520 904 σεϐαστία

1933 921 2052 985 εἰσὶ,
2082 925 2167 975 καί
2192 923 2248 976 οὐ
2267 927 2508 995 μιμητέα.

2002 1023 2167 1070 ΠΕΤΡ.
2203 1011 2424 1088 ’Δρέσκει
2454 1013 2677 1086 ὃλέγεις³
2707 1018 2811 1073 ἀλλ’
2832 1022 2959 1075 αἰτῶ
2983 1022 3068 1076 ἵνα
3102 1045 3188 1092 μοι
3220 1023 3365 1095 εἴπῃς
3388 1064 3404 1089 ,
3435 1027 3518 1083 ἐὰν

1933 1099 1959 1156 ό
1985 1109 2216 1165 τοιοῦτος
2245 1109 2416 1180 πατὴρ
2444 1113 2663 1176 μιμητὴν
2691 1108 2878 1164 ἑαυτοῦ
2903 1132 3016 1166 τινα
3055 1113 3108 1166 ἐκ
3141 1121 3239 1169 τῶν
3278 1117 3517 1187 μαθητῶν

1931 1196 2194 1250 κατέλιπεν

2551 1299 2777 1348 κΕοΑΛ.
2818 1295 2886 1347 B’.

2047 1383 2162 1454 Περὶ
2190 1380 2486 1456 Λιϐερτίνου
2517 1391 2541 1430 8
2569 1382 2898 1460 δευτεραρίου
2926 1394 3016 1446 τῆς
3043 1389 3204 1448 αὐτῆς
3231 1399 3406 1460 μονῆς.

1997 1480 2336 1525 ΓΡιίΓΟΡΙΟΣ.
2378 1469 2522 1547 ’Λνήρ
2549 1494 2626 1532 τις
2667 1475 3038 1536 εὐλαϐίστστος
3074 1477 3366 1551 Λιϐερτῐνος
3406 1480 3512 1533 ὀνό-

1928 1579 2071 1626 ματι,
2103 1561 2153 1612 ἓν
2173 1569 2276 1619 τοῖς
2304 1560 2511 1633 χρόνοις
2539 1563 2718 1616 Τοτίλα
2744 1569 2836 1617 τοῦ
2864 1565 3035 1639 mag,
3060 1573 3149 1620 τοῦ
3178 1568 3334 1621 αὐτοῦ
3356 1579 3512 1622 ιινουν⁴

1928 1644 2126 1701 δεσίνου
2171 1653 2512 1722 μοναστηρίου
2559 1649 2878 1726 δευτερᾶριος
2921 1655 3176 1728 ὑπῆρχεν,
3210 1659 3259 1709 ἐν
3291 1666 3352 1730 τῇ
3385 1680 3509 1712 παι·

237 1743 480 1787 versatus
509 1744 670 1799 atque
695 1731 937 1786 eruditus
965 1739 1068 1784 est.
1095 1730 1171 1784 De
1197 1745 1303 1800 quo
1328 1733 1574 1800 quamvis
1600 1732 1818 1787 virtutes

1929 1734 2123 1801 δεύσει,
2154 1741 2238 1791 καὶ
2261 1739 2488 1813 μλθησίᾳ
2516 1748 2606 1794 τοῦ
2631 1741 2775 1812 ἁγίου
2806 1745 2988 1797 τούτου
3026 1744 3209 1819 ἀνδρὸς
3250 1750 3508 1822 ἀναστραο

239 1824 434 1879 ιιιυὶωε
460 1821 816 1891 plurimorum
859 1821 1094 1873 narratio
1138 1830 1284 1874 certa
1323 1820 1650 1889 vulgaverit,
1685 1836 1816 1890 pra:-

236 1915 405 1969 dictus
456 1921 638 1967 tamen
687 1910 1006 1965 Laurentius
1055 1909 1338 1979 religiosus
1384 1911 1486 1976 vir,
1537 1911 1629 1980 qui
1682 1927 1823 1968 nunc

234 2011 506 2074 superest,
543 2002 696 2073 157
721 2012 775 2056 et
798 2001 847 2054 ei
878 2001 995 2069 ipso
1019 2000 1071 2054 in
1107 2010 1346 2068 tempore
1373 2000 1821 2058 familiarissimus

233 2097 352 2160 fuit,
383 2094 553 2148 multa
585 2092 712 2146 mihi
742 2092 922 2146 dicere
950 2091 1016 2145 de
1044 2091 1137 2146 illo
1161 2094 1482 2159 consuevit,
1526 2108 1593 2149 ex
1630 2095 1820 2165 quibus

232 2200 348 2255 qua
373 2183 586 2248 recolo,
623 2180 1066 2253 paucamarrabo.

301 2363 360 2417 In
381 2362 573 2418 eadem
594 2359 864 2432 provincia
885 2360 1111 2427 Samnii,
1135 2375 1292 2431 quam
1312 2377 1473 2432 supra
1499 2365 1817 2430 memoravi,

231 2457 374 2511 idem
406 2454 497 2509 vir
525 2468 620 2521 pro
645 2454 874 2508 utilitate
897 2452 1205 2508 monasterii
1226 2453 1480 2523 carpebat
1509 2455 1626 2510 iter.
1656 2454 1820 2510 Dum-

229 2563 334 2617 que
365 2545 559 2599 Darida
589 2542 619 2582 ἀ
649 2543 941 2600 Gothorum
991 2545 1098 2599 dux
1147 2559 1268 2599 cum
1313 2546 1551 2600 exercitu
1596 2545 1652 2600 in
1701 2547 1820 2603 loco

230 2637 427 2710 eodem
477 2637 751 2701 venisset,
780 2636 872 2691 Dei
903 2650 1091 2691 servus
1119 2651 1185 2690 ex
1215 2636 1420 2692 caballo
1447 2637 1502 2692 in
1530 2652 1635 2706 quo
1664 2639 1820 2694 sede-

229 2729 344 2794 bat,
373 2729 443 2782 ab
481 2727 788 2782 hominibus
835 2727 952 2798 ejus
1000 2727 1269 2796 proiectus
1313 2737 1418 2783 est.
1467 2728 1566 2795 Qui
1593 2728 1816 2798 jumenti

229 2820 428 2890 perditi
447 2819 704 2874 damnum
730 2817 960 2873 libenter
981 2818 1179 2882 ferens,
1198 2819 1359 2874 etiam
1386 2819 1654 2889 ﬂagellum
1675 2821 1818 2890 quod

231 2911 468 2976 tenebat,
497 2907 874 2976 diripientibus
900 2897 1114 2976 obtulit,
1145 2909 1330 2964 dicens
1356 2926 1371 2964 :
1395 2909 1606 2978 Tollite,
1637 2921 1695 2966 ut
1721 2911 1818 2966 ba-

231 3002 402 3056 beatis
425 3000 664 3068 qualiter
684 2999 787 3054 hoc
806 2997 1104 3067 iumentum
1129 2999 1336 3055 minare
1361 3001 1600 3069 possitis;
1624 3003 1817 3073 quibus

1921 1831 2048 1898 φείς.
2081 1832 2195 1902 Ηερί
2223 1827 2284 1883 οὗ
2313 1831 2503 1892 πολλὰς
2542 1830 2782 1902 δυνάμεις
2823 1835 3016 1890 πολλῶν
3058 1840 3088 1894 ἡ
3134 1838 3364 1909 διήγησις
3406 1845 3509 1894 ἀσ-

1919 1918 2084 1989 φαλῶς
2112 1920 2410 1992 ἀνήγγειλενο
2442 1921 2666 1990 μάλιστα
2703 1922 2757 1977 δὲ
2793 1923 2819 1978 ό
2861 1926 3160 1998 προλεχθεὶς
3192 1930 3503 1986 εὑλαϐίστα-

1917 2028 2004 2067 τος
2040 2011 2163 2085 ἀνὴρ
2210 2013 2540 2084 Λαυρίντιος,
2585 2012 2644 2073 ὅς
2683 2035 2764 2074 τις
2797 2019 2880 2070 καὶ
2905 2023 2992 2070 νῦν
3026 2021 3316 2092 περίεστιν,
3347 2021 3398 2081 ῖς
3424 2026 3505 2077 καί

1919 2100 2057 2170 αύτῷ
2079 2100 2245 2169 ἐκείνῳ
2273 2100 2300 2136 h
2330 2095 2917 2174 παρβησιαστικῶτατος
2951 2110 3174 2179 γέγονεν.
3217 2112 3375 2166 πολλοὶ
3418 2134 3506 2182 μοι

1917 2192 2034 2266 περὶ
2055 2191 2212 2245 αὐτοῦ
2241 2191 2398 2264 λέγειν
2426 2191 2613 2258 εἴωθεν,
2637 2194 2740 2249 ὅθεν
2769 2198 2820 2260 ἐξ
2850 2195 2915 2250 ὧν
2941 2200 3198 2270 μέμνημαι
3223 2202 3366 2272 ὀλίγα
3394 2205 3506 2258 τινὰ

1915 2277 2250 2353 διηγήσομαι.

1992 2373 2066 2426 Ἐν
2089 2381 2152 2444 τῇ
2172 2377 2673 2451 προμνημονευθείσῃ
2701 2384 2793 2438 τῆς
2821 2380 3036 2449 Σαμνίας
3066 2383 3248 2456 χώρας
3289 2381 3315 2435 ὁ
3353 2385 3505 2446 αὐτὸς

1918 2463 2286 2525 εὖλαϐἑστατος
2315 2464 2437 2540 MP
2463 2467 2760 2542 Λιϐερτίνος
2789 2467 2872 2524 διὰ
2907 2476 2997 2528 τήν
3032 2478 3122 2527 τοῦ
3161 2478 3502 2546 μοναστηρίου

1918 2559 2103 2630 χρείαν
2148 2558 2198 2610 ἐν
2236 2556 2338 2628 όδῷ
2378 2556 2628 2622 ὶϐἀδιζεν.
2675 2559 2874 2635 Δαρδᾶς
2910 2559 2925 2598 ί
2958 2569 3080 2633 γοῦν
3119 2564 3143 2618 ό
3177 2573 3275 2619 τῶν
3313 2567 3504 2620 Γότθων

1919 2646 2101 2713 κόμης.
2140 2647 2268 2715 μετὰ
2305 2655 2532 2720 στρατοῦ
2561 2657 2633 2717 τῷ
2667 2648 2825 2721 δούλῳ
2853 2658 2944 2706 τοῦ
2975 2659 3100 2708 Θεοῦ
3130 2653 3144 2703 l
3192 2657 3498 2724 ὑπάντησιν,

1919 2737 2003 2789 καί
2039 2736 2092 2788 ίκ
2129 2742 2232 2790 τῶν
2263 2738 2535 2809 ἀνθρώπων
2566 2740 2720 2794 αὐτοῦ
2747 2761 2909 2806 τινες,
2937 2749 3114 2797 τοῦτον
3142 2745 3193 2798 ἐκ
3221 2753 3310 2799 τοῦ
3339 2748 3503 2801 ἵππου

1922 2828 1972 2881 ίν
2067 2829 2327 2893 ἐκαθίζετο
2354 2829 2708 2896 κατεάξαντες,
2730 2834 2815 2888 τόν
2842 2834 3002 2888 ἵππον
3029 2836 3282 2907 ἀφείλαντο
3304 2853 3319 2868 ⁸
3345 2839 3398 2897 ὃς
3422 2861 3500 2899 τις

1917 2915 2194 2992 προθύμως
2231 2924 2322 2977 την
2366 2926 2459 2976 τοῦ
2506 2922 2848 2996 ἀφαιρεθέντος
2887 2924 3050 2978 ἵππου
3077 2929 3255 2994 ζημίαν
3290 2929 3498 3001 ύπενέγ-

1917 3030 2032 3073 κας,
2062 3013 2144 3064 καί
2167 3012 2224 3065 τό
2252 3008 2278 3048 ¹¹
2309 3012 2586 3085 φλαγέλλιον
2620 3013 2748 3089 ὅπερ
2778 3015 3010 3090 ἐκράτει,
3038 3021 3239 3078 τούτοις
3267 3019 3499 3087 δέδωκεν,

231 3090 388 3143 dictis
413 3087 660 3158 protinus
694 3101 756 3143 se
801 3087 856 3141 in
899 3087 1193 3142 orationem
1224 3089 1394 3145 dedit.
1425 3090 1596 3146 Cursu
1636 3102 1815 3147 autem

1928 3101 2093 3154 ιίπῶν·
2124 3103 2337 3164 Λάϐετε,
2377 3104 2462 3157 ἵνα
2492 3102 2656 3175 ἔχητε
2695 3114 2804 3166 πῶς
2829 3109 2888 3163 τὸ
2918 3117 3095 3169 κτῆνος
3128 3119 3277 3165 τοῦτο
3304 3113 3496 3169 ἐλάσαι.

231 3179 422 3247 rapido
448 3179 690 3248 pradicti
716 3178 870 3233 ducis
898 3181 1163 3235 exercitus
1203 3183 1450 3249 pervenit
1481 3183 1547 3239 ad
1577 3182 1816 3249 lluvium,

231 3270 450 3325 nomine
476 3269 824 3335 Vulturnum,
856 3269 1036 3338 ibique
1057 3283 1225 3337 equos
1255 3285 1382 3326 suos
1409 3281 1689 3341 cmperunt
1712 3275 1822 3328 sin.
1887 3275 1895 3286 ‘

231 3361 337 3430 ιιιῑί
355 3360 528 3415 hastis
550 3359 791 3422 tundere,
805 3359 1166 3414 etcalcaribus
1181 3371 1498 3427 cruentare;
1523 3363 1618 3417 sed
1639 3375 1816 3419 tamen

233 3452 354 3520 rqui
399 3450 714 3505 verberibus
756 3450 917 3516 cassi,
946 3450 1244 3506 calcaribus
1289 3454 1582 3518 cruentati,
1611 3451 1818 3523 fatigari

233 3551 507 3613 poterant,
537 3542 740 3596 moveri
771 3556 876 3596 non
904 3551 1176 3609 poterant;
1205 3540 1390 3610 sicque
1431 3559 1619 3614 aquam
1646 3544 1822 3599 ﬂumi-

236 3635 322 3688 nis
352 3643 577 3704 tangere
619 3633 768 3702 quasi
807 3633 1036 3688 mortale
1084 3634 1435 3702 praecipitium
1478 3636 1823 3704 pertimesce-

236 3722 386 3778 bant.
429 3723 671 3792 Cumque
707 3722 796 3777 diu
825 3723 1082 3778 caedendo
1128 3738 1368 3780 sessores
1399 3725 1596 3795 singuli
1626 3726 1820 3796 fatiga-

237 3825 439 3879 rentur,
465 3829 602 3868 unus
622 3827 806 3868 eorum
829 3813 1028 3878 intulit,
1051 3812 1175 3882 quia
1203 3828 1269 3868 ex
1295 3814 1450 3883 culpa
1476 3830 1637 3885 quam
1665 3831 1820 3872 servo

239 3905 329 3959 Dei
362 3905 414 3958 in
442 3905 525 3957 via
556 3904 818 3969 fecerant,
852 3903 938 3957 illa
967 3902 1049 3958 sui
1075 3903 1286 3958 itineris
1315 3904 1598 3973 dispendia
1627 3906 1821 3961 tolera-

237 3996 382 4049 bant.
414 3994 516 4061 Qui
546 3993 726 4048 statim
767 3993 998 4060 reversi,
1033 4001 1160 4061 post
1199 4007 1259 4048 se
1289 3992 1619 4048 Libertinum
1667 4010 1822 4063 repe-

235 4087 380 4139 riunt
418 4085 474 4139 in
521 4084 767 4139 oratione
812 4091 1160 4151 prostratum.
1209 4082 1309 4137 Cui
1360 4097 1481 4139 cum
1525 4085 1816 4140 dicereut:

233 4181 427 4252 Surge,
455 4180 584 4236 tolle
611 4177 874 4234 caballum
905 4187 1086 4242 tuum;
1132 4177 1224 4232 ille
1251 4179 1528 4249 respondit
1554 4199 1568 4234 :
1596 4182 1671 4237 Ite
1695 4198 1817 4238 cum

233 4271 414 4337 bono,
445 4283 546 4338 ego
596 4269 803 4324 caballo
846 4282 980 4338 opus
1027 4282 1133 4322 non
1184 4268 1375 4324 habeo.
1423 4271 1821 4329 Descendentes

234 4375 382 4427 vero,
414 4360 640 4416 invitum
669 4373 796 4414 eum
823 4359 876 4414 in
904 4358 1166 4414 cabellum
1197 4360 1266 4414 de
1293 4374 1403 4430 quo
1431 4361 1817 4432 deposuerant,

1919 3191 2130 3248 Τούτων
2172 3191 2227 3248 δὲ
2257 3195 2498 3267 ῥηθέντων
2540 3199 2718 3258 εὐθέως
2754 3199 2932 3253 ἑαυτὸν
2979 3204 3052 3260 είς
3097 3203 3259 3271 εὐχήν
3297 3203 3495 3260 δέδωκε.

1921 3284 2098 3356 Δρόμῳ
2125 3282 2177 3338 δὲ
2197 3288 2482 3355 ταχυτάτω
2510 3295 2601 3341 τοῦ
2624 3290 2992 3362 προλεχοέντος
3018 3290 3274 3366 ἄρχοντος
3302 3295 3327 3349 ὁ
3355 3318 3512 3370 στρα-

1918 3373 2007 3434 τός
2043 3374 2127 3428 τόν
2172 3375 2403 3442 ποταμὸν
2438 3378 2678 3431 κατέλαϐε
2724 3381 2808 3432 τὸν
2850 3381 3108 3450 λεγόμενον
3146 3384 3477 3460 Βούλτουρνον

1925 3461 1944 3502 Ῑ
1977 3462 2219 3539 ’Ἤρξαντο
2247 3464 2331 3520 οὖν
2357 3467 2574 3529 ἕκαστος
2601 3472 2690 3525 τόν
2716 3471 2902 3526 ἑαυτοῦ
2938 3475 3094 3528 ἵππον
3132 3483 3194 3548 τῇ
3239 3487 3330 3536 τῆς
3375 3478 3498 3549 ῥομ-

1920 3557 2070 3623 φαίας
2090 3563 2128 3590 ω
2156 3557 2291 3628 ἄστη
2317 3558 2549 3618 τύπτειν.
2579 3563 2664 3613 καὶ
2689 3567 2804 3620 ταῖς
2823 3569 3216 3640 πτερνιστήραις
3245 3567 3500 3625 πλήττειν·

1921 3641 2031 3698 Ἐπί
2051 3644 2209 3699 πλείω
2238 3644 2291 3700 δὲ
2321 3647 2366 3701 oi
2389 3648 2541 3702 ἵπποι
2559 3650 2867 3720 τυπτόμενοι
2891 3656 2974 3706 καὶ
3006 3653 3330 3725 πληττόμενοι
3355 3655 3500 3711 κόπον

1921 3735 2012 3804 μίν
2039 3734 2284 3805 ὑπέμενον
2302 3775 2317 3800 ,
2348 3740 2601 3798 κινηθῆναι
2635 3739 2688 3796 δὲ
2724 3743 2807 3795 οὐκ
2833 3741 3097 3801 ἠδύναντο’
3141 3746 3273 3800 οὕτω
3301 3749 3401 3822 γάρ
3429 3756 3501 3820 τῷ

1921 3824 2074 3881 ὕδατι
2115 3834 2203 3881 τοῦ
2255 3837 2486 3899 ποταμοῦ
2534 3836 2877 3907 προσεγγίσαι
2928 3837 3224 3908 ἐφοϐοῦντο,
3274 3839 3503 3916 καθάπερ

1922 3924 2128 3990 κρημνῷ
2154 3920 2435 3992 θανασίμῳ.
2459 3918 2576 3977 Ὀτι
2599 3921 2653 3977 δὲ
2677 3926 2761 3977 ἐπί
2783 3925 2908 3980 πολύ
2938 3929 3056 3987 τοὺς
3075 3928 3268 3988 ἵππους
3301 3932 3501 4001 ἐμαστί-

1920 4027 2116 4077 γωσαν,
2146 4011 2230 4062 καί
2269 4010 2562 4072 ἕξητόνησεν
2598 4015 2841 4079 ἕκαστος,
2882 4013 2951 4077 εἷς
2982 4018 3030 4081 ἐξ
3069 4019 3230 4074 αὐτῶν
3257 4016 3386 4075 εἷπε³
3416 4025 3502 4080 Διά

1922 4099 1980 4153 τό
2020 4107 2277 4174 πταῖσμα,
2315 4101 2444 4177 ὅπερ
2487 4106 2538 4158 ἐν
2566 4113 2627 4179 τῇ
2666 4106 2766 4179 ὁδῷ
2789 4109 2860 4167 εἰς
2897 4108 2982 4162 τὸν
3017 4108 3192 4164 δοῦλον
3237 4119 3331 4165 τοῦ
3379 4121 3501 4167 Θεοῦ

1923 4194 2285 4262 πεποιήκαμεν,
2317 4195 2515 4255 ταύτας
2540 4197 2630 4254 τὰς
2659 4197 2948 4269 προσϐολὰς
2981 4206 3066 4258 τῆς
3102 4198 3283 4260 ὀδύνης
3313 4201 3502 4272 ύποφέ·

1922 4299 2096 4352 ρομεν.
2119 4283 2331 4344 οἵτινες
2359 4286 2603 4355 παραυτά
2631 4287 2703 4345 εἰς
2725 4290 2790 4342 τὰ
2821 4289 2985 4342 ὀπίσω
3015 4295 3040 4321 ’³
3058 4288 3500 4363 ὑποστρέψαντες,

1923 4372 2218 4428 εύοίσκουσε
2244 4376 2533 4453 Λιϐερτῖνον
2560 4377 2607 4430 ίν
2729 4379 2864 4454 εύχῇ
2893 4380 3146 4451 κείμενον,
3177 4377 3312 4453 ᾧτινι
3340 4379 3500 4437 εἶπον⁸

233 4518 548 4597 beterodoxi
570 4559 586 4584 ,
615 4525 674 4571 ut
705 4515 1240 4597 probent.hominem
1271 4526 1418 4572 certo
1439 4519 1644 4597 debere
1676 4534 1797 4576 cre-
1839 4523 1888 4583 D
1915 4523 2001 4597 siti
2037 4533 2091 4580 et
2118 4525 2386 4597 cellerarii
2419 4542 2515 4581 seu
2540 4527 2805 4582 oeconomi
2837 4527 3154 4597 t'uttgebatur
3177 4529 3500 4588 Libertinus.

229 4591 364 4645 clere
378 4604 486 4644 non
505 4597 707 4642 tantum
729 4601 788 4641 se
803 4599 923 4641 esse
939 4585 1162 4654 justum,
1179 4601 1362 4641 verum
1382 4589 1539 4643 etiam
1557 4590 1803 4644 electum.

227 4659 573 4715 Refelluntur
603 4667 780 4711 autem
816 4670 846 4708 a
881 4655 1168 4710 Theodoro
1205 4657 1414 4712 Petreio
1451 4656 1806 4715 Carthusiano

227 4728 570 4784 (loniession.
599 4724 786 4795 Greg.,
820 4725 860 4778 l.
888 4741 947 4791 tt,
978 4739 1028 4780 c.
1053 4728 1106 4790 4,
1139 4741 1193 4780 ιι.
1226 4728 1279 4779 7.

303 4809 334 4836 ι
365 4797 531 4863 Aud.,
565 4795 717 4866 Lyr.,
750 4797 917 4857 Prat.,
951 4796 1182 4849 eductus.
1215 4796 1446 4861 Gemet.,
1470 4795 1674 4852 ductus.

301 4866 334 4907 δ
369 4867 529 4924 Addit
544 4867 778 4928 Gemet.,
794 4867 1048 4933 quomodo
1062 4881 1154 4934 pro
1169 4867 1321 4920 'ectus
1334 4867 1395 4920 de
1407 4868 1614 4921 Caballo
1630 4869 1806 4936 fuerit.

307 4947 332 4976 ο
365 4937 534 4989 Abest
559 4935 845 4989 Gothorum
870 4949 899 4987 a
930 4937 1098 4988 tribus
1120 4884 1367 4989 Clamet“
1391 4937 1598 4989 Germ..
1620 4939 1806 4989 Norm.

307 4947 332 4976 ε
365 4937 534 4992 Abest
559 4935 845 5006 Quthorum
870 4949 899 4987 a
930 4937 1098 4988 tribus
1120 4935 1367 5002 Carnot.,
1391 4937 1598 5006 Germ.,
1620 4935 1807 4995 Norm.

225 5018 286 5065 et
316 5007 455 5070 pler.
484 5006 538 5060 In
569 5004 755 5060 Grzeca
788 5019 927 5058 vers.
955 5019 1058 5058 non
1085 5006 1297 5074 legitur.

303 5075 332 5158 εξ
361 5079 607 5140 Carnot.,
631 5074 854 5197 Longip.
877 5083 932 5127 et
952 5076 1153 5142 primus
1178 5075 1407 5142 Theod.,
1432 5074 1589 5132 Goth.
1614 5077 1814 5150 Comes,

318 5163 371 5197 tn
403 5144 578 5197 Grato.
608 5144 759 5197 Alter
831 5143 988 5197 hcod.
1020 5145 1184 5197 habet
1211 5145 1364 5197 Goth.
1396 5162 1509 5197 rex.

229 5158 288 5202 ut
318 5149 371 5201 in
403 5144 578 5199 Grato.
608 5144 759 5198 Alter
784 5143 988 5198 Thcod.
1020 5145 1184 5200 habet
1211 5145 1364 5199 Goth.
1396 5162 1509 5202 rex.

302 5227 329 5254 ο
363 5218 517 5277 διες..
547 5215 860 5269 κατέλειπεν.

306 5286 326 5325 τ
362 5287 520 5339 Iidem
550 5285 704 5348 Cod.,
735 5284 1009 5352 σαϐάσμιοί
1039 5288 1158 5342 εἶσι.

303 5366 331 5405 ε
367 5357 479 5410 lloc
505 5365 624 5417 est,
656 5355 745 5422 qui
773 5354 1034 5409 secundas
1064 5367 1244 5425 partes
1273 5357 1325 5410 in
1355 5361 1682 5416 monasterio
1717 5362 1810 5416 ob-

231 5426 461 5501 tinebat;
492 5425 541 5478 is
571 5434 746 5501 autem
771 5435 990 5501 vocatur
1011 5428 1337 5501 praepositus.
1360 5431 1593 5501 maxime
1618 5432 1671 5485 in
1699 5447 1810 5501 reg.

231 5498 288 5552 S.
327 5497 386 5549 Ρ.
422 5493 646 5559 Bened.,
697 5507 746 5548 c.
787 5493 876 5547 65.
929 5493 1056 5560 Qua:
1097 5493 1274 5552 tamen
1321 5499 1405 5553 hic
1430 5501 1498 5555 de
1540 5493 1815 5557 Libertlrio

228 5576 545 5639 narrantur,
586 5578 924 5639 oeconoQO
954 5564 1127 5639 potius
1174 5582 1331 5635 quam
1364 5573 1708 5639 praepositum
1737 5573 1812 5626 vi-

230 5636 426 5694 dentur
449 5635 789 5689 adumbrare.
839 5634 1083 5692 Forsitan
1115 5634 1340 5707 utroque
1365 5634 1563 5696 'ol'licio
1606 5657 1810 5711 ρινςερο.

1915 4592 1971 4682 In
2001 4597 2227 4682 obuncilio
2258 4595 2818 4682 Corlsta‘ntinopmsub
2847 4592 3014 4682 btena,
3047 4601 3249 4682 3.9!..1’,
3283 4599 3502 4682 legitur,

1912 4666 2184 4741 Φλοιϐιανὸς
2207 4668 2560 4741 πρεσϐύτερος
2581 4665 2665 4741 καί
2685 4665 3022 4741 δευτεράριος.
3061 4669 3137 4741 Et
3164 4669 3321 4730 intra,
3342 4665 3497 4725 Ἀνα-

1917 4737 2130 4810 στάσιος
2182 4735 2529 4810 πρεσβύτερος
2555 4739 2666 4810 ’καί
2706 4735 3054 4810 δευτὲράριος.
3095 4737 3209 4790 Non
3243 4750 3498 4809 repugnat

1915 4802 2018 4856 hoc
2051 4802 2266 4859 nomine
2300 4802 2567 4872 designari
2598 4805 2757 4858 etiam
2791 4802 3128 4860 (Economum
3177 4817 3232 4861 et
3271 4802 3500 4864 celiéra-

1916 4872 2084 4938 rium,
2127 4873 2569 4946 _qui_secundus_
2602 4877 2680 4946 ab
2719 4876 2908 4946 abbate
2960 4875 3064 4946 dici
3115 4885 3319 4946 potest;
3376 4881 3498 4945 quia

1914 4943 2361 5010 quemadmodum
2393 4943 2572 4997 abbati
2604 4944 2920 5012 spiritualia,
2955 4945 3023 4998 ita
3057 4943 3340 5002 ce'llcrario
3367 4943 3498 5002 temo

1922 5014 2121 5135 goralia
2149 5013 2351 5067 credita
2381 5023 2525 5067 sunt.
2555 5014 2688 5068 llinc
2711 5016 2760 5068 in
2792 5029 2903 5079 reg.
2935 5014 2992 5070 S.
3037 5017 3096 5069 P.
3129 5017 3350 5083 Bened.,
3377 5033 3496 5088 cap.

1967 5082 1985 5135 Ι
2023 5098 2036 5134 :
2072 5082 2448 5135 Cellerarius...
2479 5084 2615 5135 omni
2654 5086 3036 5135 congregationi
3063 5087 3126 5135 sit
3153 5087 3279 5135 sicut
3302 5096 3466 5135 vnter.

1967 5082 2036 5155 l_:
2072 5082 2448 5155 Cellerarius...
2479 5084 2615 5136 omni
2654 5086 3036 5155 congregationi
3063 5087 3126 5138 sit
3153 5087 3279 5138 sicut
3302 5082 3466 5155 pater.

1996 5149 2023 5260 ξ
2242 5157 2682 5241 πριρρησιώτατος.
2709 5149 3245 5232 Ῑίἶξείπαραπλὴσιος.

2107 5240 2138 5275 0
2177 5239 2213 5276 ὶ.
2247 5246 2353 5276 ουν.

2002 5221 2018 5260 ί
2062 5221 2213 5276 Coll).
2247 5221 2353 5278 οὖν.

2000 5291 2016 5343 i
2064 5293 2269 5361 Vulgati
2298 5297 2619 5362 ὑπαντήσας,
2663 5295 3149 5353 contradicentibus
3181 5310 3309 5351 mss.
3336 5305 3387 5352 et
3420 5312 3498 5352 re-

1925 5374 2191 5433 pugnante
2218 5379 2401 5420 sensu.

1993 5433 2017 5507 if
2053 5434 2501 5507 M§S.9>pottyﬂltov.

1997 5501 2012 5540 1
2051 5501 2473 5580 l_ideni,_iipEaro.

1991 5583 2029 5609 ιη
2047 5573 2183 5656 .blss.
2197 5614 2210 5636 ,
2231 5573 2366 5648 ἇστᾳ
2382 5577 2593 5656 τύπτειν
2616 5582 2699 5634 καί
2726 5587 2834 5640 ταῖς
2857 5590 3214 5656 πτερνιστῆσιν
3234 5578 3494 5641 πλήττειν.

1996 5653 2020 5678 ιτ
2045 5643 2173 5712 llcg.
2203 5643 2523 5717 στραέοέντες.
