3968 6316
481 258 581 312 ὶδῦ

1674 244 1911 299 SANCTI
1952 244 2275 300 GREGORII
2315 240 2529 300 MAGNI

3638 228 3747 288 160

476 373 707 431 Ἀνάστα,
724 368 846 421 λάϐε
863 366 946 422 τόν
963 366 1121 421 ἶππον
1148 386 1261 419 σου.
1292 372 1497 423 Ἐκεῖνος
1519 362 1571 417 δὲ
1595 364 1852 439 ἀπεκρίθη,
1874 364 2045 434 λέγων’

2174 371 2487 421 evaverunt,
2517 368 2571 413 et
2602 357 2851 426 ‘prolinns
2896 355 3289 409 abscesserunt.
3323 349 3564 416 Quorum
3616 348 3743 416 equi

474 461 733 514 Ἀπίλθετε
756 461 883 528 μετά
912 459 1084 520 καλοῦ,
1117 458 1213 528 ἐγὼ
1249 458 1433 529 χρείαν
1469 461 1557 508 τοῦ
1598 456 1759 507 ἵππου
1798 456 1885 507 οὐκ
1914 452 2046 522 ἔχω.

475 551 809 610 Κατελθόντες
839 550 891 605 δὲ
921 552 1048 619 μετὰ
1065 550 1202 621 βίας,
1227 548 1373 601 αὐτὸν
1405 549 1475 607 εἰς
1501 546 1586 600 τόν
1612 547 1771 598 ἵππον
1798 544 1904 598 ὅθεν
1928 566 2051 598 κατ-

473 651 667 717 ήγαγον
698 645 977 713 ἐκούφισαν.
1013 644 1098 694 καί
1124 639 1381 711 παρευθὺς
1421 638 1779 709 ἀνεχώρησαν.
1810 633 2048 689 Ὠντινων

474 738 526 788 οἱ
543 738 693 790 ἵπποι
712 733 942 803 τοσούτῳ
970 732 1139 805 δρόμῳ
1168 733 1353 783 ἐκεῖνον
1381 730 1466 783 τόν
1488 730 1733 796 ποταμόν,
1766 725 1910 800 ὅνπερ
1928 726 2044 797 me

2160 460 2305 504 tanto
2352 464 2509 503 cursu
2550 448 2673 502 illud
2719 446 2860 512 quod
2896 446 3037 512 prius
3081 458 3185 496 non
3227 449 3471 509 poterant
3513 439 3741 493 transire

2156 542 2373 607 ﬂumen,
2391 540 2728 603 transierunt,
2743 552 2806 591 ac
2819 537 2860 590 si
2880 537 2965 589 ille
2986 533 3217 588 lluntinis
3242 532 3425 585 alveus
3439 543 3629 598 aquam
3647 528 3746 581 mi-

2156 634 2295 688 nime
2322 634 2557 685 haberet.
2582 630 2774 697 Sicque
2796 627 2991 679 factum
3008 633 3088 679 est
3113 632 3171 676 ut
3190 635 3479 676 cumservo
3496 618 3589 671 Dei
3607 630 3745 669 unus

2153 722 2388 775 caballus
2410 735 2534 772 suns
2558 718 3013 778 redditur,omnes
3043 728 3072 766 a
3103 712 3323 779 singulis
3352 707 3742 774 reciperentur.

480 849 621 904 τερον
666 830 893 902 περάσαι
936 828 1023 879 οὐκ
1063 824 1328 887 ἠδύναντο,
1370 822 1644 893 παρῆλθον,
1677 823 1743 881 ὡς
1790 820 1873 873 ὅτε
1914 818 2051 888 ὕδωρ
2081 816 2336 872 παντελῶς
2367 815 2451 867 οὐκ
2474 807 2636 879 εἶχεν.
2661 816 2687 844 ⁸
2716 807 2857 861 Οὕτω
2882 808 3046 860 τοίνυν
3071 806 3264 878 γέγονεν
3284 842 3297 866 ,
3333 802 3415 853 ἶνα
3440 806 3530 853 τοῦ
3555 796 3745 852 δούλου

481 928 571 975 τοῦ
609 929 731 974 Θεοῦ
764 920 787 972 ό
825 921 983 977 ἵππος
1009 915 1292 980 ἀποδοθεὶς,
1321 914 1505 973 πάντες
1529 914 1701 966 λοιπόν
1737 912 1941 969 ἀκόπως
1977 910 2293 983 περὰσωσιν.

550 1024 631 1085 Τῷ
660 1016 799 1081 αὐτῷ
820 1015 986 1067 τοίνυν
1015 1018 1172 1081 καιρῷ
1202 1011 1249 1062 ἐν
1270 1018 1377 1067 τοῖς
1399 1016 1488 1065 τῆς
1518 1007 1812 1074 Καμπανίας
1835 1004 2059 1075 μέρεσιν,

481 1106 506 1160 ό
538 1106 816 1162 Βουκελῖνος
841 1105 971 1173 μετὰ
1010 1104 1241 1176 Φρὰγκων
1280 1096 1413 1157 ἦλθε.
1455 1101 1592 1165 Φήμη
1622 1091 1709 1148 οὖν
1750 1094 1958 1157 ἐξῆλθεν,
1986 1090 2063 1145 ὄτι

481 1196 529 1247 ἐν
556 1203 629 1263 τῷ
674 1194 999 1265 μοναστηρίῳ
1038 1196 1126 1244 τοῦ
1169 1190 1535 1263 προλεχθὲντος
1577 1186 1755 1239 δούλου
1800 1190 1887 1237 τοῦ
1933 1187 2061 1235 Θεοῦ

480 1284 759 1357 Ὀνωράτου
782 1282 939 1335 πολλά
967 1283 1217 1352 χρήματα
1254 1280 1560 1332 ἀπόκεινται.
1588 1275 1899 1332 Εἰσελθόντες
1929 1271 1981 1325 δέ
2012 1273 2061 1323 ἐν

480 1382 551 1440 τῷ
578 1373 816 1443 εὐκτηρίῳ
844 1371 889 1423 οἱ
924 1373 1170 1442 Φράγκοι,
1210 1368 1423 1441 ἤρξαντο
1456 1366 1583 1436 μετὰ
1617 1365 1854 1419 πλείστου
1896 1363 2057 1431 θυμοῦ

479 1462 566 1514 τόν
608 1462 897 1533 Λιϐερτῖνον
944 1462 1212 1522 ἐπιζητεῖν,
1255 1461 1339 1510 καὶ
1387 1460 1437 1521 ἐξ
1486 1456 1725 1525 ὀνόματος
1764 1454 2059 1528 Λιϐερτῐνον

479 1552 699 1623 κράζεινο
734 1553 910 1609 ἐκεῖνος
936 1547 988 1602 δέ
1017 1550 1065 1600 ἐν
1093 1557 1155 1616 τῇ
1183 1549 1313 1619 εὐχῇ
1339 1545 1493 1600 ἔκειτο
1520 1547 1824 1617 ἡπλωμένος.
1848 1554 2059 1613 Θαυμα-

480 1643 597 1693 στόν
643 1650 764 1713 γοῦν
805 1648 1021 1715 πρᾶγμα
1056 1644 1265 1698 συνέϐη·
1316 1648 1580 1705 ζητοῦντες
1615 1642 1712 1712 γὰρ
1750 1641 1932 1700 αὐτόν,
1980 1640 2061 1692 καὶ

480 1727 949 1799 δὲυμομαχοῦντες
996 1732 1041 1783 οἱ
1089 1734 1302 1801 Φρὰγκοι
1353 1730 1706 1803 εἰσερχόμενοι
1753 1734 1841 1800 μὲν
1886 1731 1933 1782 ἐν
1987 1736 2060 1799 τῷ

2241 996 2438 1049 Eodem
2484 1007 2696 1061 quoque
2745 999 2985 1055 tempore
3035 987 3087 1040 in
3132 984 3437 1053 Campaniae
3500 982 3744 1051 partibus

2169 1084 2498 1140 Buceellinus
2551 1082 2723 1133 lcum
2778 1076 2995 1131 Francis
3063 1075 3221 1130 venit.
3275 1075 3349 1128 De
3414 1072 3742 1125 monasterio

2165 1192 2293 1229 vero
2314 1172 2512 1241 prmfati
2538 1170 2719 1223 famuli
2746 1168 2835 1222 Dei
2866 1180 3048 1221 rumor
3070 1164 3449 1232 exierat,quod
3482 1163 3743 1232 pecunias

2167 1266 2362 1319 multas
2386 1263 2620 1316 haberet.
2650 1258 2877 1327 ingrcssi
2906 1257 3194 1312 oratorium
3224 1255 3436 1317 Franci,
3463 1264 3746 1322 cmperunt

2164 1354 2444 1408 sazvientes
2473 1349 2798 1404 Libet-tinum
2828 1360 3092 1415 quaerere,
3125 1344 3452 1397 Libertinum
3484 1344 3749 1409 clamare,

2163 1445 2251 1498 ubi
2283 1444 2333 1497 in
2373 1441 2612 1496 oratione
2662 1439 2750 1493 ille
2801 1445 3097 1506 prostratus
3137 1434 3373 1503 jacebat.
3418 1433 3546 1487 Mira
3590 1433 3750 1488 valde

2162 1551 2249 1590 res
2272 1552 2287 1588 :
2310 1540 2607 1603 quaerentes
2630 1571 2644 1594 ,
2677 1528 3067 1595 smvientesque
3115 1524 3307 1578 Franci
3334 1564 3349 1589 ,
3384 1523 3750 1593 ingredientes

2164 1626 2214 1678 in
2248 1624 2362 1692 ipso
2390 1620 2744 1691 impingcbant
2770 1658 2785 1683 ,
2818 1626 2870 1671 et
2900 1619 3073 1685 ipsum
3107 1614 3287 1668 videre
3330 1629 3437 1668 non
3471 1622 3749 1681 poterant;

2163 1718 2344 1783 sicque
2373 1729 2467 1767 sua
2492 1712 2731 1766 czecitate
2759 1706 3063 1772 l'rustrati,a
3090 1706 3415 1759 monasterio
3438 1712 3563 1757 sunt
3590 1704 3749 1757 vacui

480 1821 740 1892 εὖπτηρίῳ,
772 1823 843 1878 εἰς
869 1822 1020 1873 αὐτόν
1053 1830 1074 1857 θ
1112 1823 1485 1892 προσέκοπτον,
1530 1822 1781 1891 θεωρῆσαι
1819 1818 1873 1873 δὲ
1911 1821 2059 1873 αὐτὸν
2094 1808 2140 1865 Β
2170 1807 2415 1876 rengSSi.

480 1913 566 1965 οὐκ
592 1910 857 1969 ἠδύναντο’
882 1910 1042 1971 οὕτως
1071 1907 1156 1964 οὖν
1180 1919 1242 1982 τῇ
1272 1911 1459 1964 ἑαυτῶν
1500 1910 1752 1982 τυφλὼσει
1800 1909 2219 1981 μαστιγωθέντες,
2254 1901 2307 1951 ἐκ
2334 1903 2423 1951 τοῦ
2447 1893 2785 1965 μοναστηρίου
2807 1885 2832 1925 ἀ
2858 1888 3107 1958 σαϐουροι
3134 1886 3346 1950 ἕξῆλθον.

548 2000 630 2053 Ἐν
660 1998 789 2071 ἄλλῳ
823 2004 990 2055 τοίνυν
1025 2011 1212 2076 καιρῷ,
1244 2003 1325 2058 διὰ
1351 2008 1564 2079 πρᾶγμα
1598 2011 1687 2057 τοῦ
1718 2008 2062 2073 μοναστηρίου

480 2092 609 2144 κατὰ
638 2090 858 2144 κέλευσιν
887 2098 976 2145 τοῦ
1006 2094 1280 2162 ἡγουμένου
1314 2100 1407 2146 τοῦ
1458 2077 1591 2147 κατὰ
1630 2092 1877 2164 διαδοχήν
1906 2106 2064 2146 Ὁνω-

481 2184 639 2256 ράτου
664 2190 754 2237 τοῦ
784 2182 1087 2238 διδασκάλου
1118 2187 1276 2239 αὐτοῦ
1306 2190 1753 2260 προχειρισθέντες
1789 2190 1835 2239 ἓν
1863 2189 2061 2240 Ῥαϐέν-

482 2295 540 2342 νῃ
564 2274 853 2347 ἀπήρχετο.
885 2276 973 2326 Διά
1000 2273 1050 2326 δέ
1079 2277 1164 2328 τόν
1189 2275 1358 2334 πόίον,
1380 2273 1429 2327 ὃν
1450 2272 1563 2345 εἶχε
1580 2280 1708 2349 πρὸς
1729 2278 1815 2329 τόν
1838 2279 1884 2329 ἐν
1904 2278 2065 2349 ἁγίοις

484 2364 661 2415 ἐκεῖνον
688 2368 978 2438 Ὁνωρᾶτον,
1012 2362 1143 2416 ὄπου
1167 2362 1227 2422 δή
1258 2385 1378 2418 ποτε
1410 2366 1435 2417 ὁ
1457 2367 1743 2440 Λιϐερτῐνος
1769 2370 2062 2441 ἀπηρχετν,

483 2454 540 2505 τὸ
572 2459 596 2486 ⁸
626 2452 841 2521 καλίγιον
869 2455 1028 2507 αὐτοῦ
1049 2460 1093 2505 ἓν
1114 2462 1185 2521 τῷ
1214 2455 1396 2509 ἑαυτοῦ
1437 2456 1607 2526 κόλπῳ
1646 2457 1916 2527 βαστάζειν
1949 2456 2065 2511 εἴω-

482 2545 580 2595 θεν.
606 2540 981 2615 Ἀπερχομὲνου
1005 2542 1057 2597 δέ
1085 2547 1243 2597 αὐτοῦ
1267 2547 1319 2597 ἐν
1338 2544 1585 2617 Ῥαϐέννῃ,
1612 2550 1679 2605 ὡς
1708 2545 1919 2617 εἴρηται,
1944 2568 2064 2600 συν-

485 2634 574 2689 έϐη
601 2635 813 2705 γυναῖκα
855 2656 966 2687 τινα
992 2634 1386 2696 τελευτήσαντος
1414 2642 1510 2689 τοῦ
1548 2638 1655 2689 υἱοῦ
1688 2638 1845 2696 αὐτῆς
1874 2639 1931 2691 τὸ
1964 2645 2068 2691 σῶα

484 2748 554 2796 μα
582 2727 745 2778 αὐτοῦ
767 2727 1059 2797 βαστάζειν,
1090 2729 1122 2782 ἦ
1144 2748 1221 2787 τις
1246 2733 1421 2780 τοῦτον
1459 2729 1741 2798 θεασαμένη
1763 2767 1777 2790 ,
1819 2732 1901 2781 καὶ
1940 2734 2065 2782 Θεοῦ

484 2812 660 2868 δοῦλον
687 2816 833 2868 αὖτόν
856 2812 975 2868 εἶναι
991 2818 1344 2880 πιστεύσασα,
1370 2826 1443 2887 τῷ
1468 2820 1605 2887 πόθῳ
1624 2825 1716 2871 τοῦ
1736 2819 2068 2875 τελευτήσαν-

483 2923 565 2961 τος
593 2906 752 2963 αὐτῆς
779 2906 892 2957 υῖοῦ
914 2905 1201 2977 φλεγομένη,
1236 2908 1321 2958 τόν
1340 2908 1498 2959 ἵππον
1525 2909 1687 2961 αὐτοῦ
1714 2910 1765 2960 ἐκ
1786 2914 1875 2961 τοῦ
1912 2905 1928 2944 ί
1962 2929 2068 2978 χα-

486 2994 706 3065 λιναρίου
738 2994 1003 3069 ἐκράτησε,
1037 2999 1119 3048 καὶ
1165 2996 1271 3065 μεθ’
1299 2994 1447 3069 ὅρκου
1491 2994 1579 3067 ἔφη
1632 2996 1876 3067 μηδαμῶς
1916 2998 2069 3051 αὐτόν

485 3084 634 3137 ἐᾶσαι
676 3085 1042 3156 ὑποχωρῆσαι,
1103 3088 1148 3139 εἰ
1199 3091 1267 3155 μὴ
1311 3087 1395 3140 τίν
1421 3088 1531 3139 υἱὸν
1577 3089 1731 3145 αὐτῆς
1768 3090 2064 3146 ἀναστήσει.

485 3176 693 3239 Ἐκεῖνος
736 3177 787 3231 δὲ
816 3186 992 3254 πεῖραν
1039 3184 1109 3248 μή
1150 3178 1297 3248 ἔχων
1326 3182 1557 3234 τοιούτου
1587 3184 1863 3250 θαύματος,
1892 3182 2068 3243 ἐξέστη

2241 1992 2359 2047 Alio
2379 2001 2588 2056 quoque
2612 1994 2849 2052 tempore
2877 1996 2973 2050 pro
2993 1994 3152 2034 causa
3180 1976 3511 2039 monasterii,
3538 1976 3752 2032 abbatis

2164 2083 2315 2151 jussu
2341 2121 2355 2146 ,
2389 2080 2477 2148 qui
2510 2078 2779 2132 lrlonorato
2806 2073 2923 2140 ejus
2953 2071 3209 2140 magistro
3253 2078 3603 2135 successerat,
3639 2068 3752 2122 Ra-

2168 2188 2391 2227 vennam
2436 2170 2707 2239 pergebat.
2741 2167 2845 2220 Pro
2873 2178 3055 2218 amore
3092 2177 3221 2226 νοω
3248 2161 3489 2231 ejusdem
3516 2176 3747 2215 venera-

2166 2264 2287 2317 bilis
2319 2259 2598 2321 Honorati,
2633 2269 2948 2326 quocunque
2976 2251 3277 2306 Libertinns
3308 2252 3435 2314 ibat,
3455 2249 3570 2318 ejus
3601 2264 3744 2303 sem-

2167 2370 2261 2425 per
2292 2352 2317 2389 ι
2348 2350 2626 2419 caligulam
2657 2349 2709 2401 in
2739 2348 2859 2400 sinu
2891 2353 3106 2414 portare
3135 2353 3509 2398 consueverat.
3568 2342 3749 2411 Itaque

2166 2445 2291 2497 dum
2336 2450 2601 2510 pergeret,
2632 2437 2823 2492 accidit
2872 2447 2928 2489 ut
2974 2434 3216 2504 quasdam
3270 2434 3460 2488 mulier
3501 2434 3751 2489 exstincti

2169 2535 2261 2587 lilii
2290 2531 2663 2600 corpusculum
2696 2528 2875 2581 ferret.
2903 2526 3033 2591 Quae
3054 2524 3180 2578 dum
3205 2538 3416 2578 servum
3438 2522 3531 2576 Dei
3562 2522 3751 2576 fuisset

2167 2625 2375 2686 intuita,
2408 2635 2591 2675 amore
2614 2620 2703 2672 lilii
2734 2631 3015 2680 succensa,
3042 2616 3339 2683 jumentutn
3370 2614 3486 2681 ejus
3518 2627 3610 2679 per
3641 2616 3749 2666 tre-

2168 2730 2293 2769 num
2325 2714 2514 2775 tenuit,
2546 2719 2704 2778 atque
2732 2724 2851 2763 cum
2879 2706 3185 2776 juramento
3228 2705 3403 2758 dixit:
3429 2702 3750 2757 anlatenus

2166 2804 2408 2868 recedes,
2436 2802 2534 2856 nisi
2573 2800 2737 2853 lilium
2768 2812 2944 2853 meum
2975 2795 3337 2850 suscitaveris.
3366 2795 3436 2847 At
3462 2793 3551 2847 ille
3578 2792 3753 2845 inusi—

2169 2908 2335 2952 tatum
2383 2896 2583 2950 habens
2643 2893 2747 2947 tale
2798 2890 3155 2955 miraculum,
3207 2889 3423 2958 expavit
3480 2888 3754 2956 petitionis

2168 2991 2310 3045 illius
2335 2990 2694 3058 juramentum
2722 3002 2732 3037 :
2760 2982 3030 3037 declinare
3064 2981 3221 3050 160
3251 2979 3529 3033 mulierem
3556 2979 3753 3042 voluit,

2167 3080 2260 3134 sed
2289 3091 2617 3147 nequaquam
2642 3074 2963 3143 praevalens,
2988 3072 3169 3126 animo
3192 3070 3362 3124 hmsit.
3384 3068 3752 3124 Considerate

2168 3173 2299 3227 libet
2344 3170 2503 3239 quale
2548 3175 2913 3236 quantumque
2959 3166 3011 3217 in
3042 3162 3159 3231 ejus
3206 3169 3424 3230 pectore
3469 3170 3752 3215 certamen

485 3268 569 3319 ἐπὶ
598 3274 669 3334 τῷ
713 3265 845 3340 ὅρκῳ
1059 3278 1148 3327 τῆς
1179 3272 1423 3329 αἰτήσεως
1464 3271 1641 3329 αύτῆς⁸
1696 3269 1806 3324 ὅθεν
1854 3270 2064 3325 ἔκκλίναι

2174 3260 2347 3317 luerit.
2376 3260 2448 3315 lbi
2474 3258 2672 3329 quippe
2697 3256 2963 3327 pugnabat
2988 3254 3125 3308 inter
3148 3267 3207 3307 se
3229 3252 3501 3305 humilitas
3522 3265 3754 3304 conver-

486 3358 537 3408 ἐκ
562 3364 652 3415 τῆς
677 3358 908 3427 γυναικός
933 3358 1186 3420 ἠθελησεν,
1215 3356 1318 3411 ἀλλ’
1340 3356 1574 3428 οὐδαμῶς
1610 3356 1849 3421 ἠδυνήθη,
1880 3368 1905 3404 Β
1936 3361 2069 3414 ἐκολ-

484 3446 601 3506 λήθη
641 3448 737 3521 γὰρ
767 3447 1008 3517 ψυχικῶς
1033 3446 1115 3502 διὰ
1144 3456 1234 3509 τῆς
1262 3452 1602 3517 συμπαθείας.
1635 3459 1951 3507 Κατανοῆσαι
1981 3446 2068 3503 οὖν

484 3540 659 3604 ἐστιν,
687 3537 858 3593 ὁποῖον
899 3541 980 3591 καί
1008 3539 1162 3592 πόσον
1206 3537 1396 3592 ἔνδοθεν
1442 3535 1583 3607 εἶχεν
1630 3542 1819 3609 ἀγῶνα.
1855 3542 2069 3610 Πόλεμος

483 3630 600 3701 γὰρ,
635 3632 703 3688 ὡς
733 3625 891 3697 οἶμαι,
925 3633 1213 3686 συνήπτετο
1238 3638 1329 3687 τῆς
1361 3632 1820 3702 ταπεινοφροσύνης
1862 3639 1953 3691 τῆς
1984 3633 2068 3685 αύ-

482 3726 577 3771 τοῦ
598 3719 853 3776 πολιτείας
874 3718 1001 3788 πρὸς
1026 3722 1118 3774 τὴν
1139 3726 1229 3776 τῆς
1257 3720 1447 3789 μητρός
1476 3719 1874 3791 εύσπλαγχνίαν.
1914 3721 2067 3781 Φόϐος

483 3810 537 3865 δὲ
567 3813 649 3863 καί
685 3809 835 3869 πόνος
857 3808 884 3846 ¹¹
911 3810 1239 3881 παρείποντο’
1272 3812 1446 3883 φόϐος,
1475 3811 1558 3865 διὰ
1596 3814 1654 3865 τό
1696 3816 1940 3875 ἀσύνηθες
1975 3821 2066 3869 τοῦ

485 3903 715 3957 τοιούτου
741 3903 1017 3971 θαύματος·
1048 3903 1225 3965 πόνος,
1262 3904 1343 3957 ’ἱνα
1380 3909 1448 3974 μὴ
1477 3913 1538 3977 τῇ
1569 3906 1882 3976 πληττομένῃ
1916 3909 2071 3979 μητρί

484 3996 816 4064 συμπαθήσῃ.
866 3993 991 4066 Πρός
1021 3992 1073 4046 δὲ
1118 3997 1363 4065 μεγίστην
1400 4001 1486 4049 τοῦ
1519 4002 1648 4053 Θεοῦ
1678 3994 1817 4058 δόξαν
1847 3997 2071 4053 ἐνίκησεν

486 4086 515 4140 ἠ
542 4083 918 4153 εύσπλαγχνία.
951 4086 1049 4136 Οὐκ
1076 4080 1135 4137 ἂν
1160 4083 1212 4138 δέ
1242 4091 1394 4140 τοῦτο
1424 4086 1707 4159 όλογισμός
1753 4089 2071 4157 κατισχύσαι

483 4170 702 4231 δυνατός
730 4172 961 4245 ἐγεγόνει,
988 4176 1031 4227 εἰ
1056 4180 1125 4243 μή
1155 4182 1218 4248 τῇ
1240 4179 1527 4249 συμπαθείᾳ
1568 4177 1807 4249 ὑπῆρχεν
1849 4180 2070 4248 ἡττημέ-

484 4282 586 4323 νος.
610 4263 873 4317 Κατελθὼν
901 4258 991 4318 οὖν
1020 4266 1076 4318 ὲκ
1097 4271 1190 4317 τοῦ
1209 4266 1397 4330 ἵππου,
1431 4270 1512 4320 καὶ
1537 4268 1698 4328 κλίνας
1718 4269 1834 4342 γόνυ
1850 4310 1862 4331 ,
1895 4273 1959 4329 εἰς
1991 4270 2072 4323 τόν

2170 3355 2413 3419 sationis,
2442 3366 2503 3405 ac
2532 3352 2703 3421 pietas
2732 3347 2952 3403 matris:
2980 3347 3140 3400 timor
3171 3359 3238 3399 ne
3265 3344 3515 3399 inusitata
3544 3356 3755 3411 praesu-

2173 3454 2364 3509 meret,
2392 3442 2553 3497 dolor
2578 3455 2645 3496 ne
2688 3440 2889 3495 orbatae
2919 3437 3130 3492 mulieri
3162 3451 3268 3490 non
3296 3434 3618 3491 subveniret.
3646 3434 3755 3491 Sed

2171 3538 2234 3591 ad
2273 3536 2527 3606 majorem
2559 3535 2651 3588 Dei
2683 3531 2903 3602 gloriam
2954 3528 3129 3584 vicit1
3170 3530 3339 3598 pietas
3382 3527 3511 3580 illud
3562 3534 3754 3593 pectus

2171 3631 2399 3694 virtutis,
2426 3630 2566 3697 quod
2596 3628 2714 3682 ideo
2748 3625 2845 3680 fuit
2873 3624 3128 3689 validum,
3151 3623 3273 3692 quia
3305 3621 3605 3684 devictum;
3637 3619 3753 3672 vir-

2173 3726 2298 3778 tutis
2330 3724 2471 3777 enim
2502 3731 2684 3790 pectus
2710 3734 2817 3773 non
2859 3726 3022 3782 esset,
3048 3718 3093 3771 si
3131 3717 3231 3770 hoc
3262 3716 3430 3784 pietas
3459 3729 3561 3769 non
3591 3711 3755 3767 vicis~

2172 3821 2275 3866 set.
2307 3813 2488 3880 Itaque
2516 3809 2812 3870 descendit,
2844 3822 3011 3877 genua
3036 3806 3206 3867 ﬂexit,
3239 3805 3304 3857 ad
3334 3805 3527 3859 caelum
3561 3817 3755 3856 manus

2173 3904 2416 3967 tetendit,
2437 3901 2717 3971 caligulam
2748 3900 2815 3953 de
2846 3899 2962 3952 sinu
2993 3898 3301 3966 protulit,et
3322 3911 3482 3964 super
3504 3893 3755 3950 exstincti

2172 3995 2320 4063 pueri
2354 4004 2538 4061 peetus
2565 3991 2760 4059 posuit.
2785 3990 2901 4056 Quo
2923 3998 3128 4050 orante,
3159 3988 3334 4039 anima
3362 3986 3506 4055 pueri
3531 3985 3595 4039 ad
3625 3998 3748 4037 cor-

2176 4099 2272 4153 pus
2303 4084 2456 4137 rediit
2484 4100 2497 4134 :
2523 4098 2679 4151 quem
2713 4096 2869 4133 manu
2899 4078 3331 4146 comprehendit,
3366 4092 3428 4131 ac
3459 4076 3609 4131 ﬂenti
3638 4091 3757 4129 ma-

2181 4176 2243 4228 tri
2277 4175 2539 4228 viventem
2564 4172 2812 4234 reddidit,
2830 4181 2987 4235 atque
3016 4172 3117 4223 iter
3139 4169 3279 4238 quod
3306 4178 3543 4236 cmperat
3570 4175 3608 4202 ω
3633 4182 3759 4235 per-

2173 4269 2300 4336 egit.

485 4359 693 4427 οὐρανίην
712 4360 807 4417 τὰς
831 4365 1015 4430 χεῖρας
1041 4360 1291 4421 ἐξέτεινεν.
1324 4357 1341 4397 ί
1372 4363 1454 4413 καὶ
1482 4363 1734 4433 ἐξενέγκας
1766 4364 1818 4416 ἐκ
1843 4370 1935 4417 τοῦ
1957 4363 2141 4417 κόλπου
2169 4364 2347 4422 αὐτοῦ,
2377 4356 2402 4411 ὃ
2436 4357 2700 4432 ἐπεφέρετο
2737 4354 2973 4425 καλίγιον,
3024 4352 3193 4407 ἐπάνω
3244 4357 3338 4407 τοῦ
3386 4350 3604 4407 στήθους
3656 4355 3758 4402 τοῦ

486 4450 753 4508 τεθνεῶτος
801 4448 1002 4503 παιδίου
1050 4448 1244 4506 ἔθηκεν.
1284 4453 1576 4522 Εύχομένου
1623 4456 1805 4519 αὑτοῦ,
1857 4456 1886 4511 ἡ
1924 4453 2077 4524 ψυχὴ
2118 4460 2206 4507 τοῦ
2251 4449 2458 4505 παιδίου
2510 4451 2560 4501 ἐν
2604 4455 2676 4515 τῷ
2716 4448 2915 4515 σώματι
2948 4442 3264 4513 ὑπέστρεψε,
3311 4444 3395 4495 καὶ
3423 4448 3763 4511 παραχρῆμα

487 4542 689 4597 ἀνέστη’
723 4545 984 4615 κρατήσας
1015 4540 1067 4594 δέ
1098 4542 1251 4597 αὐτοῦ
1288 4550 1379 4603 τῆς
1412 4546 1591 4618 χειρός
1624 4552 1687 4616 τῇ
1722 4545 1967 4619 κλαιούσῃ
1988 4546 2139 4617 μητρί
2183 4548 2347 4608 ζῶντα
2393 4537 2704 4603 ἀποδέδωκε,
2735 4539 2821 4591 καί
2872 4535 3037 4594 οὕτως
3075 4539 3167 4593 την
3222 4532 3334 4588 όδόν
3365 4534 3522 4587 αὐτοῦ
3562 4531 3622 4590 ἣν
3663 4531 3763 4607 ἥρ-

486 4632 611 4693 Eat-ro
634 4630 896 4702 ἐπορεύθη.

2099 4749 2146 4810 D
2172 4741 2349 4816 Colh._,
2373 4741 2675 4816 παρείποντο
2696 4738 2849 4816 φόϐος
2879 4737 3235 4808 αὐτομολῆσαι,
3258 4745 3362 4791 etc.

2251 4812 2265 4847 ί
2306 4812 2473 4881 “63.,
2490 4812 2768 4881 ἐξενεγκὼν.

2244 4880 2257 4930 l
2295 4874 2649 4935 'rhéudebert'i
2682 4879 2821 4946 regis
2865 4876 3191 4931 Francorum
3213 4874 3353 4946 dux,
3383 4875 3449 4930 de
3498 4889 3606 4944 quo
3635 4876 3761 4946 lege

2173 4949 2332 5018 Greg.
2357 4950 2482 5003 Tur.
2514 4949 2548 5002 Ι.
2585 4965 2636 5001 Ill
2671 4948 2804 5001 Hist.
2839 4945 3256 5018 Franc.,_c.___52.

2243 5014 2530 5079 k‘Gemetq
2564 5018 2702 5072 Aud.
2734 5027 2787 5072 et
2838 5015 3009 5081 Prat.,
3043 5014 3373 5068 Calliculam.
3419 5014 3572 5082 Lyr.,
3607 5017 3768 5084 galli-

2174 5092 2359 5145 culam.
2393 5090 2585 5158 Caligaa
2613 5096 2964 5158 numerantur
2986 5087 3123 5139 inter
3149 5085 3522 5158 calceamenta
3540 5094 3768 5158 autve-

486 4810 515 4863 δ
618 4737 765 4804 Mss.,
803 4746 957 4795 τοῦτο
1000 4742 1162 4795 τοίνυν
1198 4743 1398 4814 γέγονεν
1435 4742 1518 4796 ἵνα
1551 4749 1624 4813 τῷ
1663 4741 1893 4815 δούλῳ...
1940 4746 2068 4799 ἀπο·

520 4832 544 4863 ο
611 4846 622 4858 ο

520 4832 603 4863 ονγη
611 4846 622 4858 ο

562 4881 590 4919 υ
619 4878 747 4950 Reg.
760 4918 774 4942 ,
807 4883 1246 4950 ζυγομαχοῦντες.

566 4958 589 5020 εξ
618 4947 765 5020 Μδδη
800 4947 1127 5020 προὲαοπτονγ.

565 5016 770 5108 ἀμερ,
803 5015 1078 5108 ἄπρακτοι.
1105 5019 1299 5075 Vocem
1324 5024 1579 5108 σᾲϐουρος
1600 5022 1892 5108 smpissime
1918 5039 2070 5076 usur-

489 5093 631 5159 [δηιρι
661 5093 953 5154 interpres,
985 5100 1044 5143 ut
1086 5105 1309 5144 vacuum
1342 5093 1682 5159 signiﬁcaret.
1738 5093 1866 5145 Vide
1911 5094 2067 5158 infra,

489 5176 538 5238 ει.
573 5157 628 5220 7,
660 5167 711 5238 et
738 5161 963 5238 consule
990 5160 1227 5215 Glossar.
1249 5157 1496 5238 _Graécum
1528 5162 1732 5229 Cangii,
1762 5164 1849 5217 ubi
1885 5179 2069 5218 vorem

493 5229 631 5279 hanc
660 5226 889 5280 derivari
913 5241 1097 5284 censet
1125 5246 1152 5282 a
1180 5232 1396 5284 saburra
1426 5247 1517 5286 seu
1545 5226 1729 5299 arena,
1758 5249 1856 5301 qua
1882 5234 1991 5287 sola
2025 5233 2068 5287 si

490 5309 654 5365 naves
679 5310 987 5365 onerentur,
1017 5316 1196 5354 vacuae
1223 5301 1491 5357 dicuntur.

619 5364 770 5453 lleg.,
795 5364 1051 5443 καλήγιον.
1072 5371 1209 5424 Infra
1233 5381 1408 5426 tamen
1433 5372 1590 5428 habet
1606 5373 1862 5447 καλύγιον.
1890 5372 2068 5443 Colb.,

491 5437 763 5506 καλλήγιον.

564 5505 583 5545 ί
620 5509 746 5562 MSS.
757 5548 770 5570 ,
801 5509 1035 5578 χαλινοῦ.

563 5586 588 5647 ε
621 5578 777 5647 lleg.,
799 5577 1023 5637 ἐκολύοη.
1052 5579 1319 5645 Fortasse,
1346 5582 1583 5643 ἐκωλύθη.

565 5645 590 5690 λ’
618 5645 770 5719 Ιὶεέα,
804 5654 1132 5721 «supernam
1171 5652 1320 5719 φόϐος
1368 5655 1707 5720 αὐτομολῆσαι
1745 5655 1825 5711 διὰ
1856 5652 1930 5717 τὸ,
1964 5657 2071 5706 ctc.

2174 5162 2425 5215 suimcnta
2455 5154 2836 5212 monachorum
2864 5158 3016 5210 initio
3044 5170 3152 5222 reg.
3189 5156 3358 5208 sancti
3400 5154 3678 5209 Pachomii
3717 5166 3773 5207 et

2175 5232 2227 5284 in
2259 5233 2497 5299 prologo,
2525 5243 2622 5283 nec
2654 5243 2759 5299 non
2789 5229 2838 5281 in
2872 5242 2983 5299 reg.
3013 5226 3072 5299 S.
3098 5228 3158 5281 P.
3190 5224 3482 5299 Benedicti,
3513 5238 3633 5299 cap.
3674 5224 3769 5299 ξξζι.

2173 5294 2313 5368 Lege
2344 5294 2725 5369 Hiéronymum
2751 5298 2802 5369 in
2836 5294 2987 5369 prati;
3009 5296 3073 5369 ad
3099 5310 3207 5363 reg.
3239 5296 3408 5369 sancti
3442 5294 3726 5369 Pachumii
3757 5310 3771 5343 :

2175 5363 2326 5425 Nihil
2372 5363 2565 5423 habent'
2598 5371 2652 5422 in
2701 5368 2899 5421 cellulis
2926 5366 3351 5437 (Tabennenses)
3380 5373 3565 5437 praeter
3615 5363 3765 5437 psit:-

2175 5441 2456 5494 tlu'um.....
2487 5438 2795 5493 baltheolum
2826 5432 3011 5490 lineam
3033 5478 3048 5501 ,
3077 5446 3123 5489 et
3165 5434 3360 5505 caligas
3400 5447 3449 5505 et
3499 5432 3769 5505 baculum.

2176 5510 2385 5564 Primus
2413 5510 2619 5565 Tlteod.
2654 5509 2811 5565 habet
2838 5508 3055 5576 caligam
3074 5546 3088 5573 ,
3120 5502 3385 5562 secundus
3413 5502 3650 5575 ligulam.

2250 5580 2266 5619 ι
2305 5581 2500 5646 Bigot.,
2533 5581 2691 5648 pietas
2709 5578 2904 5631 matris.

2245 5660 2283 5689 ω
2313 5651 2462 5719 Lyr.,
2488 5650 2625 5720 Big.,
2652 5649 2819 5715 l’rat.,
2850 5649 3034 5716 pergit.
