4000 6348
531 339 629 395 1ῑό

1720 332 1960 389 SANCTI
1997 332 2325 389 CREGURII
2367 336 2581 391 MAGNI

3687 334 3794 390 ισι

526 448 788 515 δοὺμενος,
834 452 923 502 τοῦ
969 444 1096 501 ἰδίου
1148 447 1494 515 πταίσματος,
1536 445 1618 498 καὶ
1671 446 1727 497 οὑ
1776 455 1867 504 τῆς
1918 446 2099 499 ἑκείνου

2210 445 2371 512 gistra
2395 444 2547 500 fleret
2567 446 2823 514 magistri.
2852 446 3089 515 Citmque
3108 460 3206 515 pro
3228 446 3454 501 utilitate
3477 445 3799 501 monasterii

525 540 778 599 ἀσθενείας
801 540 1051 611 γεγονέναι
1073 536 1260 608 ἔλεγεν,
1287 535 1409 609 ὅπερ
1434 536 1685 603 ὑπέμεινε.
1709 538 1903 589 Τούτου
1934 534 1987 590 δέ
2011 557 2099 607 γε-

524 630 744 697 γονότος,
772 630 819 681 ἰν
849 631 1064 701 μεγίστη
1093 628 1343 699 πρᾳότητι
1372 626 1640 683 έπανῆλθεν
1672 625 1697 679 ό
1733 631 1933 699 πατὴρ,
1963 630 2048 679 καὶ
2073 629 2102 684 ri

524 719 827 776 ταπείνωσις
851 724 941 771 τοῦ
972 720 1193 785 μαθητοῦ
1236 715 1415 787 ὃδηγᾶς
1440 717 1609 785 γέγονε
1646 722 1739 769 τοῦ
1766 713 2097 770 διδασκάλου.

525 807 640 863 Ὀτε
674 806 758 863 οὖν
781 807 864 863 διὰ
888 816 975 867 τήν
1005 816 1089 862 τοῦ
1122 812 1464 881 μοναστηρίου
1494 805 1729 881 φροντίδα
1759 809 1828 865 εἰς
1855 808 1913 861 τὸ
1945 810 2097 882 ὡρισ-

526 904 669 973 μένον
708 907 924 976 πρᾶγμα
970 902 1180 964 ἀπῆλθε,
1223 900 1391 953 πολλοὶ
1430 897 1608 972 ἄνδρες
1657 900 1867 971 εὐγενεῖς
1917 920 1971 953 τε
2021 903 2106 954 καί

524 996 783 1067 γνώριμοι,
818 992 865 1045 οἶ
893 1014 1022 1052 τινες
1052 994 1201 1047 αὑτὸν
1231 992 1461 1061 μεγάλως
1494 992 1671 1061 ἐτίμων
1690 1033 1704 1055 ,
1736 992 1867 1044 πάνυ
1911 992 2106 1061 θαυμά-

528 1105 737 1144 σαντες,
772 1084 998 1159 ἀκριϐῶς
1037 1086 1311 1146 ἐπεζήτουν
1339 1083 1482 1135 πόθεν
1524 1082 1663 1152 αὑτῷ
1706 1088 1859 1135 τοῦτο
1895 1082 2104 1144 συνέϐη.

527 1172 603 1228 ὄτι
643 1174 804 1233 οὑτως
846 1175 1190 1245 πεφυσημένον
1228 1175 1309 1224 καί
1337 1179 1362 1206 ⁸
1401 1170 1609 1241 μελανόν
1648 1166 1760 1238 εἶχε
1792 1171 1849 1223 τὸ
1889 1172 2102 1244 πρόσω-

526 1284 641 1317 πον.
673 1265 797 1337 Πρὸς
822 1262 912 1325 οὓς
940 1265 1205 1335 ἀπεκρίθη⁸
1236 1262 1362 1320 Χθές
1390 1261 1519 1333 πρός
1558 1260 1779 1332 έσπέραν
1806 1267 1904 1314 τῶν
1933 1259 2101 1337 ἀμαρ-

2208 537 2273 589 ad
2304 537 2735 590 constitutionem
2766 552 2941 591 causa:
2986 552 3238 605 egressus
3269 538 3473 601 fuisset,
3507 539 3662 592 multi
3694 539 3797 592 viri

2209 628 2316 679 noti
2350 643 2410 680 ac
2436 629 2639 683 nobiles
2666 629 2750 696 qui
2771 642 2894 683 eum
2924 629 3075 683 valde
3105 629 3465 695 honorabant,
3492 630 3800 683 vehemen-

2210 724 2294 769 tcr
2314 715 2583 784 admirati,
2603 718 2829 773 sollicite
2862 719 3201 786 requirebant
3222 719 3472 787 quidnam
3498 720 3597 774 hoc
3620 731 3796 783 esset,

2209 806 2348 873 quod
2383 818 2487 861 tam
2521 818 2813 863 tumentem
2844 824 2905 863 ac
2937 808 3152 863 lividam
3178 808 3398 863 haberet
3426 810 3638 863 faciem.
3664 812 3802 876 Qui-

2212 895 2309 949 bus
2341 897 2431 952 ille
2459 899 2670 953 dicebat
2695 916 2708 952 :
2735 901 2994 954 llesterno
3019 901 3104 955 die
3124 916 3267 964 sero,
3297 902 3526 968 peccatis
3554 903 3694 954 meis
3721 902 3800 953 fa-

2204 986 2489 1052 cientibus,
2522 990 2572 1043 in
2597 990 2834 1045 scabello
2863 991 3204 1059 suppedaneo
3234 991 3461 1061 impegi,
3490 1001 3657 1058 atque
3690 991 3797 1042 hoc

2208 1078 2419 1147 pertuli.
2451 1079 2645 1146 Sicque
2675 1080 2753 1132 vir
2798 1088 3014 1133 sanctus
3043 1094 3264 1135 servans
3294 1082 3345 1135 in
3373 1090 3588 1148 pectore
3621 1079 3800 1133 hono-

2209 1186 2321 1225 rent
2352 1169 2591 1223 veritatis
2614 1180 2665 1223 et
2689 1170 2947 1239 magistri,
2973 1185 3070 1224 nec
3096 1171 3259 1239 patris
3289 1171 3547 1240 prodebat
3571 1170 3797 1235 vitium,

2212 1274 2310 1313 uec
2342 1259 2583 1312 falsitatis
2614 1260 2917 1313 incurrebat
2956 1271 3251 1327 peccatum.

524 1358 643 1403 τεῶν
684 1372 780 1420 μου
828 1352 1127 1409 ποιούντων.
1177 1350 1247 1407 εἰς
1284 1350 1341 1403 τὸ
1388 1346 1667 1402 ὑποπόδιον
1705 1353 1798 1402 τοῦ
1847 1352 2097 1419 σκαμνίου
2136 1348 2435 1421 προσκόψας
2475 1355 2627 1404 τοῦτο
2674 1352 2937 1419 ὑπέμεινα.
2976 1352 3152 1411 Οὕτως
3200 1348 3285 1406 οὖν
3332 1351 3357 1405 6
3400 1352 3541 1425 ἅγιος
3583 1355 3714 1427 ἀνὴρ
3749 1354 3801 1405 ἐν

524 1441 692 1511 ἑαυτῷ
724 1445 812 1498 τήν
846 1445 992 1511 τιμήν
1031 1439 1261 1498 ἀληθείας
1306 1435 1589 1509 φυλάττων,
1627 1434 1742 1492 οὔτε
1790 1444 1882 1491 τοῦ
1922 1439 2117 1509 πατρὸς
2164 1444 2255 1496 τήν
2292 1439 2456 1491 αἰτίαν
2496 1436 2885 1507 ἐδημοσίωσεν,
2925 1438 3037 1494 οὔτε
3068 1448 3128 1497 τῆ
3165 1440 3395 1514 ἁμαρτίᾳ
3437 1448 3529 1496 τοῦ
3564 1442 3803 1511 ψεύδους

524 1534 796 1587 ὑπέπεσεν.

594 1630 763 1675 UETP.
812 1631 998 1677 Γνῶναι
1024 1622 1191 1679 ἤθελον
1210 1662 1224 1687 ,
1254 1623 1511 1691 θεοτίμητε
1551 1622 1714 1695 πάτερ
1735 1660 1750 1683 ,
1786 1620 1870 1673 ἐὰν
1900 1620 1923 1674 6
1954 1620 2105 1673 εὑλα-

525 1714 776 1772 ϐέστατος
816 1711 963 1772 οὑτος
1004 1716 1129 1787 ἀνὴρ
1160 1712 1480 1787 Λιϐερτῖνος,
1507 1714 1625 1785 περὶ
1666 1705 1726 1763 οὑ
1758 1717 1988 1763 τοσαῦτα
2016 1731 2110 1766 ση-

522 1813 659 1874 μεῖα
688 1805 772 1857 καί
810 1806 1077 1873 θαυμάσια
1112 1803 1369 1873 διηγήσω,
1400 1804 1452 1857 έν
1480 1810 1541 1876 τῇ
1569 1803 1756 1856 έαυτοῦ
1792 1800 2007 1875 συνοδίᾳ
2030 1824 2107 1872 με·

521 1898 685 1965 μητάς
715 1898 872 1951 αὑτοῦ
905 1893 931 1932 δ
959 1896 1005 1947 ἰν
1026 1900 1142 1953 ταῖς
1171 1892 1414 1962 δυνάμεσι
1438 1894 1723 1949 κατέλιπεν.

1148 1991 1368 2038 una.
1409 1982 1480 2039 τ’.

686 2079 805 2149 Περὶ
836 2085 858 2112 ο
888 2082 1126 2145 μοναχοῦ
1155 2081 1411 2148 κηπουροῦ
1444 2083 1535 2133 τῆς
1563 2075 1719 2134 αὑτῆς
1760 2086 1935 2147 μονῆς.

588 2176 921 2221 ΙἾἯΓΟΗΟΣ.
961 2162 1050 2218 Ἠν
1079 2186 1157 2224 τις
1192 2161 1218 2199 ά
1249 2166 1299 2217 έν
1326 2170 1399 2234 τῷ
1425 2164 1564 2236 αὑτῷ
1609 2169 1934 2240 μοναστηρίῳ
1961 2168 2100 2233 Φῆλιξ

518 2257 720 2326 ὀνόματι
744 2299 758 2320 ,
788 2255 813 2309 ὃ
850 2256 1194 2327 ἐπιλεγόμενος
1236 2255 1465 2324 Κεκυφώς
1489 2291 1504 2314 .
1533 2256 1772 2310 τουτέστι
1811 2258 2015 2331 κυρτός,
2049 2256 2101 2311 ὃν

516 2351 595 2401 καί
634 2348 781 2407 αὑτὸς
809 2347 969 2405 καλῶς
1014 2348 1320 2407 ἐπίστασαι,
1351 2344 1409 2405 ὅς
1435 2366 1514 2406 τις
1548 2346 1627 2399 καί
1659 2343 1985 2420 δεντεράρεος
2010 2358 2101 2408 τῆς

514 2439 667 2496 αὐτῆς
691 2439 852 2505 ξμονῆς
898 2438 1113 2507 γέγονεν.
1163 2434 1328 2496 Οὗτος
1368 2438 1525 2492 πολλά
1550 2456 1636 2507 μοι
1663 2436 1941 2507 θαυμαστά
1981 2444 2102 2514 περί

515 2535 615 2581 τῶν
635 2528 803 2581 αὐτόθι
826 2525 1043 2598 ἀδελφῶν
1061 2525 1357 2598 διηγήσατο.
1376 2529 1452 2590 Ἐξ
1468 2524 1533 2580 ὧν
1554 2528 1617 2583 τά
1637 2530 1729 2597 μὲν
1751 2538 2097 2605 παρασιωπῶ,

514 2613 680 2679 διὰ-τ’,
709 2618 779 2674 εἰς
806 2616 957 2689 ἕτερά
982 2636 1041 2684 με
1072 2615 1313 2693 σπεύδειν
1339 2656 1355 2685 ,
1385 2617 1511 2676 πλην
1542 2618 1648 2679 ένός
1678 2619 1727 2682 ἐξ
1756 2622 1950 2686 αὐτῶν,
1973 2618 2099 2695 ὅπερ

513 2701 598 2757 οὑδ
613 2711 744 2772 ρομῶι-
774 2706 1029 2781 παρελθεῖν
1051 2704 1291 2777 δύναμαι.

584 2794 819 2863 Μοναχός
844 2815 921 2855 τις
950 2796 998 2849 έν
1032 2802 1104 2868 τῷ
1132 2798 1269 2867 αὑτῷ
1295 2798 1861 2881 μοναστηρίῳρπῆρχε
1895 2801 2094 2869 θαυμα-

512 2890 642 2943 στῆς
678 2884 949 2956 διαγωγῆς,
986 2884 1043 2947 ὅς
1073 2908 1151 2947 τις
1185 2893 1274 2947 την
1314 2895 1401 2942 τοῦ
1442 2894 1607 2947 κήπου
1653 2890 1889 2964 φροντίδα
1918 2890 1975 2949 ἦν
2000 2914 2099 2947 πεο

515 2978 870 3046 πιστευμένος.
905 2980 1133 3039 κλέπτης
1163 2978 1217 3035 δέ
1246 3002 1323 3040 τις
1348 2979 1431 3035 διὰ
1456 2988 1546 3035 τοῦ
1574 2989 1804 3054 φραγμοῦ
1850 2986 2096 3056 εἰσερχό-

514 3086 659 3135 μενος
688 3075 846 3143 κρυφῇ
874 3071 937 3123 τά
961 3070 1162 3139 λάχανα
1191 3068 1491 3139 ἐλάμϐανεν.
1522 3070 1729 3132 Ἐκεῖνος
1758 3067 1844 3126 οὖν
1874 3074 2104 3131 πλεῖστοι

514 3158 760 3227 φυτεύων,
792 3160 876 3211 καί
923 3158 1065 3230 ὀλίγα
1107 3160 1383 3231 εὑρίσκων,
1413 3157 1537 3214 ἄλλα
1563 3158 1615 3215 δέ
1646 3168 1754 3222 τοῖς
1787 3164 1910 3217 ποσί
1938 3185 2100 3220 καταο

512 3250 864 3317 πεπατημένα,
888 3251 971 3302 καὶ
986 3250 1136 3324 ἔτερα
1157 3252 1433 3320 κεκομμένα
1461 3252 1683 3326 θεωρῶν,
1699 3252 1807 3307 ὅλον
1833 3255 1918 3307 τόν
1945 3262 2099 3313 κῆπον

512 3337 790 3411 γυρεὺσας,
820 3335 932 3414 εὗρε
960 3343 1049 3397 τὴν
1074 3337 1269 3394 εἴσοδον
1304 3338 1367 3394 δι’
1394 3337 1451 3400 ἧς
1480 3339 1505 3395 6
1535 3342 1752 3404 κλέπτης
1778 3342 1828 3395 έν
1855 3350 1927 3416 τῷ
1948 3348 2099 3417 κήπῳ

2134 2054 2181 2114 Β

2286 1618 2452 1673 Pera.
2486 1619 2717 1674 Putasne
2744 1618 2824 1674 vir
2845 1621 2943 1675 iste
2981 1621 3303 1675 venerabilis
3346 1622 3660 1678 Libertinus
3681 1666 3697 1690 ,
3729 1626 3799 1679 de

2210 1724 2315 1779 quo
2343 1718 2421 1764 tot
2449 1711 2598 1779 signa
2640 1720 2693 1765 et
2740 1712 2991 1766 miracula
3052 1714 3275 1767 retulisti
3302 1754 3316 1777 ,
3360 1715 3411 1767 in
3450 1726 3557 1768 tam
3609 1718 3797 1781 ampla

2208 1804 2619 1870 congregatione
2650 1803 2943 1858 imitatores
2972 1818 3101 1859 suos
3142 1805 3192 1857 itt
3240 1805 3523 1859 virtutibus
3558 1819 3669 1859 non
3706 1821 3800 1861 ιο-

2208 1892 2360 1957 liquit
2390 1900 2411 1945 ἴ

2809 1983 3034 2040 CAPUT
3082 1985 3165 2041 111.

2360 2069 2433 2124 De
2461 2073 2735 2126 [tortu/ano
2781 2077 3029 2128 monacho
3071 2076 3363 2128 monasten't'
3392 2075 3645 2142 ejusdem.

2276 2160 2601 2216 CliEGOBlL‘S.
2647 2163 2793 2218 Felix
2824 2166 2910 2233 qui
2941 2165 3240 2233 appellatur
3275 2174 3299 2210 8
3322 2164 3534 2218 Curvus
3562 2164 3799 2234 (Marty-

2204 2248 2302 2301 rol.
2329 2247 2361 2300 6
2395 2249 2691 2321 Novemb.),
2723 2268 2879 2321 quem
2912 2254 3023 2320 ipse
3056 2253 3190 2308 bene
3232 2254 3392 2319 nesti,
3423 2257 3511 2323 qui
3546 2255 3797 2323 ejusdem

2205 2344 2513 2395 monasterii
2541 2359 2708 2410 nuper
2738 2344 3051 2411 praepositus
3073 2344 3191 2406 fuit,
3226 2345 3391 2397 multa
3425 2346 3557 2399 mihi
3592 2346 3661 2399 de
3694 2348 3797 2397 lra-

2202 2429 2369 2482 tribus
2397 2430 2634 2498 ejusdem
2674 2432 2981 2486 monasterii
3035 2433 3344 2487 admiranda
3398 2437 3659 2489 narrabat
3691 2454 3703 2487 :
3732 2452 3796 2492 ex

2200 2519 2392 2587 quibus
2420 2522 2596 2589 aliqua
2624 2538 2741 2590 quae
2770 2524 2836 2577 ad
2889 2526 3199 2579 memoriam
3232 2528 3452 2581 veniunt
3481 2532 3793 2599 supprimo,

2201 2609 2324 2674 quia
2351 2610 2416 2663 ad
2445 2611 2547 2663 alia
2585 2611 2796 2666 festino.
2843 2612 2947 2667 Sed
2981 2629 3142 2668 ttnum
3187 2616 3383 2679 dicam,
3436 2620 3584 2685 quod
3629 2622 3701 2674 ab
3733 2636 3797 2673 co

2202 2710 2472 2752 narratum
2506 2703 2933 2767 practereundum
2962 2704 3113 2757 nullo
3143 2704 3301 2758 tundo
3331 2708 3569 2760 aestimo.

2275 2789 2329 2843 In
2364 2792 2553 2846 eodem
2586 2794 2913 2848 monasterio
2938 2795 3156 2864 quidam
3203 2812 3409 2865 magna:
3449 2800 3576 2853 vita:
3609 2815 3796 2854 mona-

2200 2879 2333 2937 chus
2369 2892 2486 2937 erat
2530 2883 2868 2939 hortulanus.
2903 2884 3010 2939 Fur
3034 2900 3164 2941 vero
3193 2888 3379 2943 venire
3408 2901 3795 2956 consueverat,

2202 2987 2298 3039 per
2358 2988 2539 3043 sepem
2603 2977 2916 3044 ascendere,
2972 2988 3026 3032 et
3079 2980 3287 3033 occulte
3343 2980 3491 3034 olera
3552 2979 3794 3037 auferre.

2197 3058 2437 3131 Cumque
2467 3063 2559 3120 ille
2586 3065 2750 3119 multa
2798 3067 3083 3135 plantarel,
3130 3083 3249 3136 quze
3293 3069 3467 3123 minus
3497 3070 3794 3137 inveniret,

2200 3161 2255 3207 et
2283 3152 2385 3206 alia
2416 3153 2641 3221 pedibus
2669 3155 2999 3223 conculcata,
3032 3158 3135 3210 alia
3170 3157 3377 3226 direpta
3406 3163 3795 3229 conspiceret;

2204 3258 2376 3304 totum
2406 3249 2618 3304 hortum
2647 3251 2990 3316 circumiens,
3043 3251 3248 3305 invenit
3281 3253 3379 3307 iter
3408 3256 3550 3307 uuale
3578 3252 3669 3308 fur
3703 3271 3796 3308 ve-

2204 3341 2320 3395 nire
2348 3352 2720 3396 consueverat.
2757 3342 2855 3409 Qui
2902 3343 2952 3394 in
3001 3342 3188 3396 eodem
3232 3341 3391 3396 horto
3418 3344 3797 3406 deambulans,

512 3428 842 3499 εἰσέρχεσθαι
888 3426 1045 3483 εἴωθε.
1082 3431 1319 3504 Γυρεὺων
1364 3428 1417 3484 δέ
1462 3433 1545 3484 τόν
1589 3441 1764 3492 κῆπον.
1790 3431 1932 3506 εὗρεν
1972 3431 2097 3505 ὅφιν,

2209 3434 2409 3501 reperit
2447 3435 2607 3487 etiam
2640 3406 2964 3500 serpentem,
2993 3434 3076 3487 cui
3110 3435 3427 3501 prtecipiens
3466 3435 3605 3487 dixit
3643 3453 3655 3484 :
3695 3435 3792 3488 Se-

512 3512 649 3588 ᾧτινι
674 3518 936 3582 κελεύσας,
961 3515 1090 3574 εἶπε·
1116 3520 1389 3574 ’Δκολοὺθει
1412 3541 1517 3590 μοι.
1535 3518 1715 3575 Ἐλθών
1736 3518 1823 3573 οὖν
1846 3525 1895 3575 ἐν
1912 3531 1974 3595 τῇ
1990 3528 2099 3576 εἰσ-

512 3604 611 3673 όδῳ
634 3607 695 3662 δι’
722 3607 780 3667 ἧς
822 3608 849 3661 6
888 3609 1100 3667 κλέπτης
1146 3612 1455 3681 εἰσήρχετο,
1486 3609 1617 3680 λέγει
1662 3618 1731 3679 τῷ
1762 3607 1887 3680 ὅφει³
1922 3608 1999 3663 Ἐν
2026 3620 2100 3683 τῷ

513 3696 718 3767 ὀνόματι
743 3697 909 3755 Ἰησοῦ
939 3704 1160 3772 Χριστοῦ
1195 3700 1380 3752 κελεὺω
1419 3720 1501 3753 σοι
1527 3700 1607 3753 ἵνα
1634 3705 1723 3758 τήν
1750 3698 1945 3753 εἴσοδον
1971 3705 2100 3756 ταὺ-

511 3806 600 3841 την
625 3785 864 3856 φυλάξῃς,
889 3789 973 3838 καί
1001 3786 1087 3839 τὸν
1116 3786 1327 3841 κλέπτην
1368 3785 1532 3840 ἐνθάδε
1564 3789 1801 3842 εἰσελθεῖν
1825 3794 1895 3859 μή
1919 3791 2095 3861 ἐάσῃς.

511 3874 711 3934 Εὐθέως
740 3870 829 3928 οὖν
857 3873 881 3927 ὁ
912 3870 1049 3947 ὄφις,
1080 3874 1187 3929 ὅλον
1223 3876 1400 3930 ἔαυτόν
1441 3876 1685 3939 ἀπλὼσας
1735 3878 1919 3933 ἔκλεισε
1953 3888 1977 3916 ⁹
2008 3886 2098 3940 τήν

511 3961 700 4023 ὃδόν,ὄ
747 3962 801 4017 δέ
841 3966 1071 4033 μοναχός
1100 3966 1149 4018 ἐν
1189 3974 1262 4038 τῷ
1300 3965 1487 4020 ἑαυτοῦ
1534 3968 1703 4040 κελλίῳ
1749 3970 2095 4044 ὑπέστρεψεν.

510 4052 675 4109 Ἦνίκα
700 4053 753 4109 δέ
781 4057 968 4117 πάντες
993 4057 1041 4108 έν
1064 4064 1138 4128 τῷ
1164 4058 1490 4132 μεσημϐρινῷ
1518 4068 1673 4131 καιρῷ
1695 4062 2005 4117 ἀνεπαύοντο
2028 4102 2042 4127 ,
2073 4062 2099 4117 6

512 4145 749 4211 κλέπτης,
766 4148 892 4199 κατά
914 4148 970 4199 τὸ
994 4145 1131 4213 ἔθος,
1157 4147 1301 4200 ἐλθὼν
1325 4151 1395 4206 εἰς
1420 4139 1501 4203 τὸν
1521 4152 1747 4221 φραγμὸν
1773 4152 1989 4217 ἀνῆλθεν,
2015 4155 2100 4208 καί

512 4237 581 4293 ὡς
612 4238 697 4289 τὸν
724 4236 857 4292 πόδα
880 4240 1041 4293 αὑτοῦ
1075 4243 1149 4297 εἰς
1176 4240 1263 4292 τὸν
1291 4249 1444 4299 κῆπον
1476 4247 1755 4316 κατήγαγεν
1774 4284 1788 4306 ,
1820 4242 1952 4315 ἄφνω
1982 4247 2097 4300 θεαο

511 4326 732 4394 σάμενος
777 4330 860 4381 τὸν
908 4324 1015 4398 ὅφιν
1055 4329 1346 4398 ἡπλωμένον
1382 4334 1465 4384 καί
1500 4338 1589 4389 την
1635 4332 1750 4387 ὁδὸν
1798 4334 2096 4400 κλείσαντα,

510 4415 770 4486 γενόμενος
801 4415 1045 4489 ἔντρομος
1086 4421 1158 4478 εἰς
1184 4420 1248 4472 τὰ
1276 4422 1441 4474 ὀπίσω
1471 4420 1669 4475 ἔπεσεν·
1710 4422 1735 4476 ὁ
1767 4422 1819 4476 δέ
1848 4431 1977 4484 ποῦς
2008 4428 2100 4479 αὑ·

512 4510 605 4558 τοῦ
630 4505 682 4558 ἐκ
706 4513 801 4560 τοῦ
833 4506 1159 4577 ὑποδήματος
1181 4510 1228 4562 έν
1245 4518 1351 4568 τοῖς
1380 4518 1467 4563 τοῦ
1500 4519 1728 4583 φραγμοῦ
1760 4512 1923 4576 ξύλοις
1948 4518 2100 4589 ἔκρα-

513 4597 634 4653 τγίθη
658 4637 671 4657 ,
704 4602 789 4651 καί
818 4599 913 4659 ἕως
942 4597 996 4652 οὗ
1028 4599 1052 4654 6
1094 4604 1344 4671 κηπουρὸς
1381 4600 1491 4660 ἧλίε
1516 4644 1531 4667 ,
1562 4607 1876 4676 ητακέφαλα
1909 4604 1927 4641 ί
1961 4607 2100 4682 ἐκρε-

512 4696 667 4759 μᾶτο.
698 4700 797 4746 Τοῦ
826 4689 912 4746 οὖν
943 4702 1200 4769 κηπουροῦ
1231 4696 1469 4757 ἐλθόντος.
1501 4701 1581 4750 καί
1607 4700 1689 4752 τόν
1716 4700 1930 4757 κλέπτην
1953 4702 2001 4753 ἐν
2026 4709 2097 4769 τῷ

2203 3537 2367 3587 quere
2398 3537 2512 3573 nte:
2556 3534 2714 3589 atque
2735 3522 2798 3573 ad
2832 3522 3029 3574 aditum
3069 3521 3200 3572 turis
3232 3522 3573 3588 perveniens,
3613 3521 3795 3589 impe-

2206 3611 2338 3663 ravit
2368 3613 2627 3678 serpenti,
2659 3611 2843 3664 dicens
2871 3628 2883 3662 :
2912 3611 2967 3663 ln
2994 3612 3207 3664 nomine
3238 3610 3364 3664 .lesu
3398 3612 3659 3679 prazcipio
3692 3614 3791 3667 tibi

2204 3708 2261 3752 ut
2281 3699 2483 3751 aditum
2513 3701 2669 3753 istum
2698 3699 2991 3764 custodias,
3020 3715 3082 3753 ac
3104 3698 3273 3754 furem
3303 3701 3404 3755 huc
3435 3702 3648 3769 ingredi
3678 3720 3787 3757 non

2206 3788 2505 3857 permittas.
2543 3789 2796 3843 Protinus
2839 3803 3062 3858 serpens
3102 3798 3270 3843 totum
3301 3806 3361 3845 se
3410 3791 3460 3844 in
3494 3792 3695 3847 itinere
3740 3794 3790 3848 in

2204 3891 2572 3934 transversum
2605 3881 2849 3949 tetendit,
2874 3891 2928 3934 et
2957 3882 3022 3935 ad
3053 3880 3242 3936 cellam
3276 3880 3573 3935 monachus
3607 3883 3785 3936 rediit.

2202 3968 2228 4006 ¹³
2259 3970 2500 4039 Cumque
2524 3970 2823 4025 meridiano
2853 3980 3091 4040 tempore
3113 3974 3289 4026 cuncti
3320 3971 3511 4026 fratres
3539 3974 3784 4042 quiesce-

2204 4071 2346 4128 rent,
2384 4077 2534 4117 more
2582 4062 2741 4117 solito
2786 4064 2869 4116 fur
2917 4064 3149 4128 advenit,
3201 4066 3689 4131 ascenditsepem;
3733 4073 3783 4120 et

2202 4167 2322 4206 cum
2356 4154 2409 4206 in
2460 4153 2673 4207 hortum
2706 4153 2894 4222 pedem
2925 4154 3239 4223 deponeret,
3273 4155 3401 4209 vidit
3431 4156 3613 4209 subito
3659 4157 3778 4224 quia

2209 4254 2392 4299 tensus
2423 4260 2647 4314 serpens
2672 4245 2955 4300 clausisset
2987 4247 3157 4310 viam;
3199 4257 3252 4300 et
3282 4249 3630 4302 tremefactus
3665 4256 3780 4315 post

2204 4337 2548 4404 semetipsum
2579 4336 2834 4401 concidit,
2886 4336 3109 4406 ejusque
3140 4352 3233 4405 pes
3267 4336 3282 4374 ί
3318 4354 3411 4407 per
3442 4342 3780 4393 calceamen-

2203 4436 2314 4481 tum
2348 4429 2398 4480 in
2428 4426 2559 4480 sude
2583 4428 2723 4495 scpis
2756 4427 2990 4491 inhaesit,
3032 4428 3213 4496 sicque
3240 4444 3409 4496 usque
3441 4430 3568 4483 dum
3600 4430 3777 4481 hortu-

2203 4518 2356 4572 lanus
2410 4518 2631 4582 rediret,
2684 4518 2930 4574 deorsum
2975 4521 3145 4588 capite
3194 4522 3466 4588 pependit.
3518 4522 3775 4575 Cnnsueta

2203 4609 2335 4662 hora
2367 4611 2512 4662 venit
2540 4610 2875 4675 hortulanus,
2908 4611 3226 4678 pendentem
3260 4614 3310 4664 in
3342 4628 3468 4680 sepe
3503 4616 3665 4666 furem
3698 4625 3775 4662 re-

2210 4701 2366 4768 perit,
2422 4702 2657 4769 serpenti
2706 4710 2880 4755 autem
2912 4701 3047 4756 dixit
3080 4720 3092 4754 :
3123 4703 3331 4757 Gratias
3371 4704 3502 4769 Deo,
3550 4701 3774 4770 implesti

515 4791 727 4853 φραγμῷ
770 4787 1071 4858 κρεμάμενον
1120 4789 1481 4861 εὑρίσκοντος,
1522 4797 1595 4861 τῷ
1646 4792 1735 4861 μέν
1782 4787 1888 4861 ὄφει
1939 4788 2096 4845 εἶπεν·

2209 4760 2539 4859 quod'jussi;
2591 4793 2782 4846 recede
2825 4794 3004 4847 modo.
3036 4793 3192 4864 16A
3226 4794 3321 4861 Qui
3352 4760 3532 4849 statim
3563 4760 3773 4848 absces-

593 4946 617 5009 ξ
644 4934 816 5009 Colle,
851 4941 961 5009 μελι
976 4942 1194 5009 νόμενον.

592 5007 618 5045 δ
646 5007 801 5081 3193.,
832 5007 879 5063 έν
903 5021 1008 5071 τοῖς
1029 5007 1315 5081 θαύμασιν.

594 5087 615 5153 ξ
645 5077 818 5153 Colit"
843 5083 973 5141 τινὸς
1001 5077 1323 5153 μονάζοντος,

590 5144 613 5182 δ
646 5148 803 5219 iAd‘li,
828 5153 877 5203 ἐν
906 5161 976 5219 τῷ
1001 5144 1187 5204 αὑτοῦ.

598 5226 619 5251 ⁸
658 5216 835 5277 δίνην..
864 5216 1183 5277 τὴντεῗσοδον.

595 5283 613 5319 τ
648 5286 799 5372 Heg,
830 5289 1083 5369 ἐκρέμετο.
1128 5290 1152 5345 ό
1178 5287 1269 5344 οὖν
1290 5294 1560 5364 ⁴κηπουρός
1588 5291 1732 5343 ἐλθὼν
1760 5297 1836 5372 καί
1861 5296 2093 5372 τόν-κλὲ·

517 5373 647 5434 πετην
675 5360 832 5429 εὑρὼν
852 5360 899 5411 ἐν
914 5368 985 5427 τῷ
1005 5368 1216 5434 φραγμῷ
1242 5360 1567 5434 κτιεμάμενον,
1602 5370 1671 5431 τῷ
1701 5366 1788 5429 μέν
1811 5362 1911 5433 ὄφει
1933 5362 2089 5418 εἶπεν·

518 5424 818 5510 εὑχαριέτῷ
848 5435 919 5511 τῷ
949 5424 1056 5498 9έῴ
1086 5424 1161 5483 ὅτι
1190 5424 1484 5505 ἓπληρωσας
1513 5428 1536 5483 ὃ
1562 5424 1811 5493 ἐκελεὺθης
1842 5424 1850 5433 ⁸
1879 5437 2092 5505 ὑποχώ-

517 5511 684 5573 pnas:
702 5504 836 5568 ἄρτι.
875 5504 1019 5573 ὅστις
1050 5510 1378 5573 παραχρῆμα
1409 5504 1767 5573 ὑίτεχώρησεν.

599 5562 851 5639 KCei'mL,
912 5569 1018 5621 tlno
1048 5562 1315 5639 _C:irn'ti't.,'
1342 5570 1376 5621 2
1424 5562 1652 5634 Tite-Uti“
1702 5571 1995 5639 Compend.
2038 5582 2090 5627 et

525 5626 771 5710 Longo,
804 5633 1014 5710 Corvus.
1046 5637 1161 5688 Non
1194 5638 1269 5710 sic
1295 5626 1490 5710 lectum
1519 5654 1547 5692 a
1578 5626 2012 5710 zacltarizt'papa.

595 5698 1002 5759 tamencum
1050 5706 1224 5759 somni
1278 5708 1515 5764 meminit
1568 5710 1622 5765 S.
1667 5712 1727 5766 Ρ.
1774 5698 2087 5768 Benedictus

2206 4962 2317 5015 reg.
2351 4962 2399 5001 c.
2433 4947 2521 5002 43.
2556 4948 2685 5002 Vide
2709 4947 3057 5003 Concordiam
3090 4950 3429 5017 Regularum,
3466 4968 3513 5006 c.
3545 4949 3630 5003 55.

2284 5022 2301 5054 ι
2332 5018 2565 5081 Gemel.,
2599 5035 2686 5084 per
2710 5020 3030 5073 caicaneum.
3066 5022 3229 5074 Porro
3255 5037 3357 5073 non
3394 5023 3647 5074 dissimile
3676 5018 3769 5070 mi-

2209 5089 2448 5158 raculum
2495 5104 2521 5158 a
2580 5097 2765 5158 sancto
2814 5089 3118 5157 Spiritlione
3168 5092 3480 5158 Cypriorum
3529 5091 3771 5158 episcopo

2211 5155 2405 5208 factum
2439 5156 2602 5210 refert
2621 5155 2893 5220 Socrates,
2926 5160 2959 5214 l.
2994 5176 3009 5213 ι
3042 5155 3351 5213 Ecclesiast.
3397 5162 3554 5220 llist.,
3584 5176 3631 5210 (ι.
3664 5157 3764 5209 12:

2212 5224 2571 5299 Fujresmedia
2609 5238 2753 5281 nocte
2796 5232 2970 5282 caulas
2991 5234 3101 5297 ejus
3128 5231 3360 5282 clanculo
3393 5230 3624 5299 ingressi,
3655 5241 3762 5277 oves

2209 5294 2328 5347 inde
2350 5297 2598 5371 abducere
2622 5299 2898 5351 tentabant.
2927 5294 3031 5353 Sed
3064 5299 3199 5352 Deus
3221 5300 3307 5369 qui
3333 5294 3769 5371 pastorent‘ipsum

2202 5365 2451 5439 seruabat,
2481 5383 2591 5439 oves
2614 5383 2811 5433 quoque
2839 5372 2948 5439 ejus
2973 5365 3494 5437 conservaritafures
3524 5365 3653 5421 enim
3691 5366 3767 5415 in-

2200 5435 2379 5487 uisibili
2409 5438 2633 5503 quadam
2663 5435 3139 5492 virtute'constrirti
3174 5444 3488 5492 tenebamur.
3520 5440 3656 5503 Quos
3690 5446 3761 5485 ta-

2202 5515 2531 5573 tnenipostea
2565 5506 2761 5561 liberos
2791 5509 2991 5562 dimisit
3018 5519 3069 5563 et
3096 5511 3261 5563 ariete
3288 5511 3525 5571 donavit,
3556 5506 3755 5573 adjecit)

2204 5572 2498 5649 ltocfacete
2530 5577 2671 5649 dicto
2698 5594 2709 5627 :
2742 5577 2842 5649 Ne,
2874 5577 3062 5647 inquit,
3094 5583 3288 5647 frustra
3337 5582 3577 5649 vigilasse
3606 5572 3760 5627 uidea—

2199 5644 2344 5718 ntini.
2370 5646 2581 5718 uiduae
2631 5647 2857 5700 similius
2903 5644 3136 5705 occurrit
3167 5650 3305 5718 apud
3352 5644 3511 5718 G'reg.
3541 5648 3758 5704 Turon-i

2201 5714 2235 5765 ι.
2272 5714 2336 5769 de
2370 5714 2470 5768 Vit.
2508 5717 2744 5781 Patrum,
2780 5733 2826 5771 c.
2865 5719 2947 5772 14.
