4000 6404
506 387 609 445 167

1703 376 1949 436 SANCTI
1989 379 2313 437 GREGORII
2354 377 2572 438 MAGNI

3676 392 3771 448 MS

504 502 588 557 τὸν
611 498 936 572 ’Λμητερνίας
962 502 1053 554 τῆς
1083 492 1277 551 πόλεως
1323 491 1603 546 ἐπίσκοπον
1630 493 1944 557 καταλαϐὼν,
1972 491 2092 547 ἰδυ-

2205 491 2349 560 petiit
2373 492 2442 545 ab
2470 507 2535 546 eo
2566 499 2623 544 ut
2651 505 2774 545 eum
2826 491 3037 562 Equitio
3063 493 3243 550 abbati
3289 495 3661 568 committeret,
3690 519 3753 559 ac

504 596 669 646 σῶπει
693 591 777 643 ἵνα
799 589 951 643 αὐτὸν
978 587 1188 654 Ἑκυτίῳ
1207 592 1279 654 τῷ
1299 586 1558 656 ἡγουμένῳ
1580 586 1905 656 προσαγάγῃ,
1945 584 2087 645 ὅπως

503 684 552 735 iv
578 690 650 752 τῷ
669 681 993 754 μοναστηρίῳ
1022 680 1181 732 αὐτοῦ
1211 675 1296 730 διά
1324 685 1415 736 τῆς
1437 677 1592 729 αὐτοῦ
1615 675 1948 749 παραθέσεως
1969 682 2090 729 τοῦ-

502 793 586 827 τον
615 771 915 835 εἰσδέξηται.
945 779 1000 821 '0
1031 766 1120 822 οὖν
1144 769 1418 826 ὶπίσκοπος
1449 769 1499 820 ἐν
1524 774 1598 832 τῷ
1637 769 1960 839 μοναστηρίῳ
1988 790 2090 823 πα-

503 869 852 942 ραγενόμενος,
897 866 1049 934 ἤγαγε
1082 863 1189 933 μεθ’
1212 863 1396 916 ἑαυτοῦ
1439 863 1697 916 Βασίλειον
1723 865 1810 917 τὸν
1837 864 2087 934 μοναχὸν,

506 960 587 1010 καὶ
614 957 697 1010 τὸν
717 963 803 1010 τοῦ
832 961 956 1009 Θεοῦ
985 953 1160 1007 δοῦλον
1186 951 1407 1007 Ἐκύτιον
1431 954 1719 1028 παρεκάλει,
1746 951 1887 1014 ὅπως
1910 961 2091 1009 τοῦτον

506 1049 552 1107 ἐν
581 1056 642 1120 τῇ
675 1055 700 1081 ⁸
735 1044 948 1118 συνοδίᾳ
975 1046 1157 1098 ἑαυτοῦ
1196 1042 1522 1108 ὐποδίξηται.
1563 1041 1654 1097 ⁸ον
1682 1044 1708 1098 ὁ
1737 1043 1878 1114 ἅγιος
1907 1045 2093 1105 ἐκεῖνος

504 1142 630 1210 ἀνὴρ
653 1139 980 1206 θεασάμενος,
1015 1131 1147 1190 εἷπε·
1171 1142 1358 1189 Τοῦτον
1385 1131 1436 1187 ὃν
1464 1136 1805 1208 παρατίθεσαί
1829 1156 1936 1203 μοι,
1958 1138 2090 1204 τίμιε

505 1226 681 1301 πάτερ,
712 1226 810 1295 ἐγώ
836 1225 890 1276 οὐ
914 1225 1085 1291 θεωρῶ
1108 1218 1229 1276 εἶναι
1255 1223 1510 1294 μοναχὸν,
1537 1222 1662 1274 ἀλλὰ
1688 1219 1935 1274 διάϐολον.
1963 1224 2093 1292 Πρὸς

513 1316 569 1372 ὃν
595 1320 879 1393 ἀποκριθεὶς
911 1315 936 1369 6
965 1319 1267 1376 ἐπίσκοπος,
1488 1309 1619 1366 εἶπε⁰
1651 1313 1905 1382 Πρόφασιν
1931 1313 2092 1383 λέγεις

513 1415 585 1477 μή
624 1410 773 1464 θέλων
803 1416 894 1467 τῆς
923 1408 1171 1482 ἡμετέρας
1209 1406 1459 1462 αἰτήσεως
1497 1404 1802 1457 ὑπακοῦσαι.
1836 1414 1891 1458 '0
1921 1402 1974 1457 δὲ
2001 1409 2092 1456 τοῦ

507 1509 633 1555 Θεοῦ
665 1501 839 1560 δοῦλος
868 1498 980 1570 ἔφη’
1008 1502 1129 1569 Ἐγώ
1155 1495 1280 1571 ὅπερ
1306 1496 1452 1550 αὐτὸν
1471 1491 1599 1549 εἶναι
1617 1494 1738 1568 ὁρῶ,
1759 1502 1912 1550 τοῦτο
1938 1497 2094 1567 ἀναγ-

507 1593 684 1663 γέλλω.
714 1588 824 1644 Ἵνα
854 1589 904 1644 δέ
937 1595 1005 1660 μή
1027 1589 1180 1641 Θέλειν
1209 1609 1268 1655 με
1298 1587 1592 1639 ὑπακοῦσαι
1622 1585 1823 1658 lor/ian,
1857 1583 1982 1661 ὅπερ
2011 1606 2095 1638 κε-

508 1684 661 1740 ιεύεις
684 1688 831 1734 ποιῶ.
857 1678 1141 1747 ’Υπεδίχθη
1167 1679 1332 1730 τοίνυν
1351 1679 1398 1730 ἐν
1416 1684 1488 1744 τῷ
1511 1677 1847 1746 μοναστηρίῳ.
1873 1676 1944 1727 Οὐ
1966 1676 2096 1742 μετά

510 1773 694 1830 πολλάς
742 1771 795 1825 δὲ
840 1773 1062 1844 ἡμέρας,
1091 1769 1117 1823 6
1147 1770 1297 1828 αὐτὸς
1346 1775 1436 1821 τοῦ
1485 1773 1613 1821 Θεοῦ
1652 1765 1825 1826 δοῦλος
1853 1765 2094 1830 Ἐκύτιος,

2196 580 2493 633 sanandum
2526 581 2854 634 monasterio
2897 582 3036 635 illius
3076 585 3494 640 commendaret.
3518 588 3663 644 Tunc
3697 594 3756 656 ad

2196 671 2580 724 monasterium
2629 670 2772 724 venit
2829 673 3133 739 episcopus,
3183 689 3472 744 secumque
3523 678 3761 736 Dasilium

2196 760 2514 813 monachum
2544 759 2786 826 deduxit,
2815 770 2870 815 et
2901 761 3174 830 Equitium
3207 763 3297 817 Dei
3331 763 3582 820 famulum
3615 785 3764 837 roga-

2197 855 2294 917 vit,
2325 862 2383 904 ut
2405 852 2652 906 eumdem
2678 852 3001 906 monachum
3031 854 3081 905 in
3113 856 3573 923 congregationem
3607 860 3766 913 SUSCl-

2196 952 2368 1012 peret.
2398 944 2566 1008 Quem
2607 944 2788 998 statim
2821 945 2907 996 vir
2947 954 3165 998 sanctus
3210 947 3442 1010 intuens,
3472 950 3583 1001 ait:
3617 951 3766 1004 llnnc

2196 1051 2353 1105 quem
2387 1035 2519 1088 mihi
2549 1035 2916 1101 commendas,
2961 1036 3140 1101 Pater,
3192 1051 3292 1107 ego
3323 1054 3430 1093 non
3479 1041 3632 1096 video
3661 1058 3767 1096 mo-

2196 1126 2424 1180 nachum
2452 1143 2596 1192 esse,
2629 1127 2721 1182 sed
2772 1127 3066 1181 diabolum.
3095 1128 3192 1182 Cui
3238 1130 3326 1183 ille
3355 1133 3508 1203 165
3557 1148 3771 1200 respuo-

2196 1219 2316 1270 dit:
2349 1218 2698 1273 Occasiovem
2745 1218 2944 1286 quaeris
2995 1234 3064 1273 ne
3107 1219 3304 1273 debeas
3347 1231 3603 1288 praestare
3633 1223 3770 1287 quod

2198 1318 2343 1376 peto.
2375 1309 2456 1362 Ad
2481 1326 2637 1378 quem
2671 1325 2790 1362 mox
2830 1310 2919 1365 Dei
2950 1310 3180 1364 famulus
3210 1311 3343 1365 dixit
3378 1328 3390 1363 :
3427 1312 3541 1380 Ego
3564 1313 3774 1381 quidem

2201 1399 2301 1452 hoc
2330 1414 2453 1453 eum
2486 1415 2606 1455 esse
2635 1401 2914 1465 denuntio,
2944 1401 3083 1467 quod
3115 1402 3268 1456 video
3293 1419 3305 1465 ;
3341 1419 3407 1456 ne
3439 1412 3617 1457 tamen
3638 1405 3778 1461 nolle

2201 1508 2288 1545 me
2316 1493 2536 1546 obedire
2564 1493 2862 1557 existimes,
2913 1491 3047 1546 iacio
3091 1497 3230 1562 quod
3257 1494 3440 1563 jnbes.
3490 1496 3779 1565 Susceptus

2205 1579 2387 1646 itaque
2445 1583 2497 1633 in
2552 1583 2879 1636 monasterio
2931 1591 3036 1636 est.
3085 1584 3199 1636 Non
3252 1594 3374 1653 post
3424 1586 3626 1639 multos
3669 1587 3780 1640 dies

2206 1669 2346 1724 idem
2383 1670 2475 1725 Dei
2507 1671 2736 1726 famulus
2767 1689 2860 1739 pro
2892 1674 3242 1729 exhortandis
3290 1675 3358 1729 ad
3392 1676 3658 1732 desideria
3687 1693 3778 1732 su-

2210 1776 2372 1830 perna
2401 1762 2669 1827 lidelibus,
2707 1767 2862 1832 paulo
2903 1764 3111 1834 longius
3140 1781 3167 1818 a
3209 1766 3342 1820 cella
3374 1767 3653 1836 digreSSns
3677 1781 3778 1822 est.

508 1864 634 1938 πρὸς
662 1863 718 1915 τὸ
745 1860 1061 1928 οἰκοδομῆσα·
1086 1862 1219 1931 λόγῳ
1249 1858 1576 1918 διδασκαλίας
1605 1861 1726 1917 τοὺς
1754 1863 1842 1916 τὴν
1871 1860 2094 1930 οὐράνιον

2205 1865 2224 1892 ο
2256 1854 2371 1919 Quo
2417 1855 2725 1909 discedente
2772 1857 2996 1926 cnntigit
3028 1866 3084 1910 ut
3134 1858 3185 1911 in
3229 1862 3561 1913 monasterio
3611 1863 3778 1930 virgi—

506 1955 787 2010 ποθοῦντας
807 1951 1110 2011 ἀπόλαυσιν,
1145 1951 1304 2020 ὀλίγον
1332 1951 1386 2002 ίκ
1413 1953 1604 2016 μήκους
1633 1955 1724 2002 τοῦ
1756 1951 2091 2020 μοναστηρίου

505 2044 687 2106 ἐξῆλθε.
727 2048 919 2095 Τοῦτου
953 2039 1006 2094 δὲ
1037 2041 1336 2104 ἐξελθόντος,
1367 2039 1555 2096 συνέϐη
1591 2042 1637 2092 ἐν
1660 2052 1734 2109 τῷ
1762 2044 2095 2114 μοναστηρίῳ

506 2142 604 2188 τῶν
642 2135 900 2207 παρθένων
925 2171 939 2192 ,
971 2129 1039 2185 ὧν
1079 2137 1170 2190 τήν
1207 2135 1541 2205 προνοητιήν
1574 2131 1855 2201 επιμέλιιαν
1892 2130 1918 2184 6
1943 2133 2096 2193 αὐτὸς

507 2230 676 2298 πατὴρ
701 2223 758 2282 ἦν
804 2222 1168 2291 ἀναδεξάμενος
1188 2262 1203 2285 ,
1237 2224 1352 2291 μίαν
1377 2223 1491 2275 τινά
1515 2223 1565 2284 ἐξ
1587 2223 1752 2276 αὐτῶν
1769 2259 1786 2285 ,
1814 2223 1926 2281 ἦτις
1960 2223 2096 2276 πάνυ

515 2315 541 2352 ε’
573 2317 706 2368 κατά
745 2318 834 2370 τήν
880 2314 1048 2388 σάρκα
1094 2313 1284 2368 ταύτην
1324 2309 1541 2372 εῧοπτος
1583 2314 1863 2386 ὑπῆρχεν,
1887 2321 2096 2389 πυρετῷ

509 2403 801 2474 λαϐροτάτῳ
843 2401 1237 2473 καταφλέγεσθαι
1254 2439 1270 2465 ,
1298 2404 1382 2454 καί
1417 2403 1583 2471 φωνάς
1607 2404 1802 2471 ἀφιέναι
1821 2403 2094 2475 λέγουσανο

517 2496 718 2552 Πάντως
751 2493 940 2566 ἀρτίως
969 2493 1288 2555 ἀποθνήσκω,
1319 2493 1404 2545 ἐὰν
1430 2497 1498 2561 μή
1529 2493 1782 2554 Βασίλειος
1811 2493 1837 2548 6
1867 2498 2101 2566 μοναχὸς

510 2581 650 2650 ἔλθῃ,
683 2583 766 2633 καί
810 2580 963 2639 αὐτὸς
989 2599 1075 2650 μοι
1104 2578 1188 2633 διὰ
1228 2587 1322 2639 τῆς
1365 2579 1656 2652 συνδρομῆς
1682 2591 1774 2641 τῆς
1803 2583 1989 2638 ἑαυτοῦ
2019 2586 2100 2638 ἰα-

510 2675 703 2747 τρείας,
733 2676 825 2728 τὴν
878 2669 1011 2723 ἴασιν
1059 2672 1338 2744 παράσχῃ.
1391 2670 1567 2732 Οὐδεὶς
1606 2669 1692 2727 οὖν
1732 2683 1832 2729 τῶν
1880 2675 2099 2749 ἀδελφῶν

509 2764 700 2831 ίτόλμα
728 2769 790 2834 τῇ
818 2768 919 2814 τῶν
947 2762 1204 2834 παρθένων
1234 2761 1446 2836 συνοδίᾳ
1472 2767 1810 2836 προσεγγίσαι
1840 2764 1890 2818 ἕν
1924 2786 1980 2819 τε
2006 2774 2098 2821 τοῦ

512 2855 705 2910 ἑαυτῶν
751 2855 952 2926 πατρὸς
998 2854 1352 2924 ἀναχωρήσει,
1402 2854 1546 2925 πόσῳ
1594 2855 1780 2923 μᾶλλον
1835 2856 2019 2916 ἐκεῖνος
2073 2856 2101 2913 ὃ

513 2947 696 2998 νεωστί
744 2943 1181 3017 παραγενόμενος,
1211 2939 1408 3003 οὗτινος
1441 2946 1601 3013 ἀκμήν
1641 2946 1728 2998 τὸν
1775 2945 1884 3013 βίον
1927 2947 1958 3003 ἡ
2000 2954 2102 3000 τῶν

512 3033 733 3105 ἀδελφῶν
759 3030 966 3086 συνοδία
993 3033 1082 3085 οὐκ
1113 3033 1398 3104 ἐγίνωσκεν.
1443 3035 1637 3094 Εὐθέως
1660 3030 1746 3088 οὖν
1772 3037 2101 3101 ἀπέστειλαν,

515 3127 603 3177 καί
624 3130 695 3190 τῷ
717 3127 808 3175 τοῦ
832 3127 958 3175 Θεοῦ
990 3121 1151 3193 δούλῳ
1171 3121 1374 3195 Ἐκυτίῳ
1400 3126 1676 3193 ἐμήνυσαν,
1699 3122 1778 3179 ὅτι
1800 3128 1829 3183 ἠ
1850 3124 1984 3180 δεῖνα
2008 3146 2102 3198 μο-

2197 1960 2346 2012 num,
2379 1943 2430 1997 in
2464 1959 2568 2013 quo
2597 1945 2837 2014 ejusdem
2870 1947 3039 2001 Patris
3077 1963 3200 2001 cura
3230 1950 3506 2018 vigilabat.
3538 1968 3642 2004 una
3675 1969 3768 2006 ea-

2197 2049 2314 2087 rum
2343 2047 2461 2103 qua
2481 2033 2630 2103 juxta
2659 2037 2836 2089 carnis
2866 2037 3026 2105 hujus
3054 2040 3386 2105 putredinem
3414 2043 3662 2108 speciosa
3696 2044 3776 2095 vi-

2199 2126 2449 2194 debatur,
2468 2124 2772 2182 febricitare
2800 2127 3081 2198 inciperet,
3101 2141 3156 2184 et
3181 2130 3533 2186 vehementer
3551 2135 3786 2200 anxiari,

2200 2217 2514 2286 magnisque
2541 2217 2653 2287 jam
2712 2234 2816 2272 non
2864 2220 3122 2287 vocibus,
3175 2222 3268 2274 sed
3310 2223 3639 2277 stridoribus
3676 2226 3786 2277 cla-

2203 2319 2352 2359 mare
2383 2325 2397 2360 :
2425 2307 2580 2361 Modo
2616 2309 2874 2364 moritura
2917 2324 3058 2375 sum,
3093 2311 3193 2364 nisi
3229 2312 3454 2366 Basilius
3487 2315 3788 2368 monachus

2201 2397 2402 2462 veniat,
2433 2407 2490 2452 et
2516 2398 2631 2467 ipse
2673 2401 2804 2454 milti
2839 2416 2932 2469 per
2958 2417 3068 2455 sunt
3098 2405 3395 2457 curationis
3426 2407 3672 2459 studium
3704 2420 3788 2459 sa-

2202 2486 2366 2542 lutem
2393 2488 2601 2544 reddat.
2644 2489 2751 2544 Sed
2779 2490 2832 2544 in
2865 2493 2998 2546 tanti
3047 2492 3218 2548 Patris
3250 2497 3498 2548 absentia
3531 2496 3788 2550 accedere

2202 2577 2480 2647 quisquam
2514 2583 2900 2635 monachorum
2933 2582 2988 2636 in
3017 2583 3496 2654 congregationem
3525 2586 3786 2655 virginum

2202 2686 2307 2725 non
2336 2673 2597 2738 audebat;
2648 2683 2844 2742 quanto
2873 2675 3048 2728 minus
3094 2677 3184 2729 ille
3229 2676 3320 2744 qui
3351 2691 3527 2731 novus
3556 2678 3788 2731 advene-

2204 2776 2308 2830 rat,
2331 2766 2591 2836 cujusque
2620 2768 2794 2821 adltuc
2840 2768 3000 2820 vitam
3041 2769 3384 2837 congregatio
3415 2768 3652 2822 fratrum
3704 2782 3792 2821 ne-

2204 2859 2425 2913 sciebat.
2458 2859 2675 2913 Missum
2721 2869 2938 2928 repente
2967 2871 3072 2924 eat,
3102 2870 3156 2912 et
3188 2862 3279 2913 Dei
3318 2860 3525 2912 famulo
3581 2860 3792 2929 Εῳιίιίο

2203 2949 2525 3016 nuntiatum,
2559 2950 2702 3019 quod
2731 2951 3160 3003 sanctimonialis
3193 2948 3283 3002 illa
3313 2951 3603 3005 immensis
3629 2951 3792 3004 febri-

2204 3039 2305 3093 bus
2331 3048 2607 3105 aestuaret,
2639 3050 2697 3095 et
2727 3041 2903 3095 Basilii
2948 3042 3197 3095 manat-hi
3229 3041 3599 3095 visitationem
3631 3041 3795 3093 anxie

2204 3141 2492 3196 quaereret.
2521 3131 2640 3197 Quo
2666 3129 2847 3184 audito
2878 3131 2958 3185 vir
2987 3142 3223 3194 sanctus.
3250 3133 3595 3200 dedignanda
3620 3132 3795 3185 subri-

515 3218 732 3292 νάστρια
754 3209 955 3291 σφοδρῷ
984 3226 1186 3286 πυρετῷ
1207 3199 1583 3286 καταφλέγεται,
1613 3219 1696 3269 καί
1724 3218 1982 3272 Βασίλειον
2012 3225 2098 3273 τοῦ

2210 3221 2303 3282 sit,
2330 3230 2490 3290 atque
2517 3221 2593 3274 ait
2621 3240 2632 3274 :
2665 3221 2910 3290 Nunquid
2943 3237 3048 3276 noo
3078 3222 3187 3276 disi
3214 3225 3353 3292 quod
3381 3199 3634 3276 diabolus
3656 3228 3796 3276 esset

517 3316 752 3378 μοναχοῦ
781 3316 872 3369 τήν
899 3307 1165 3377 ἐπίσκεψιν
1187 3309 1637 3383 στενοχωρουμίνη
1667 3310 1911 3373 ἐπιζητεῖ.
1939 3317 2102 3366 Τοῦτο

512 3402 568 3456 δὲ
599 3402 822 3463 ἀκούσας
855 3402 880 3458 6
905 3401 1091 3462 δίκαιος
1117 3400 1266 3461 οὗτος
1295 3404 1420 3470 άνήρ
1445 3444 1458 3463 ,
1493 3406 1833 3475 ἠγανάκτησεν
1852 3445 1868 3469 ,
1892 3407 2105 3477 ὑπομειι

513 3494 696 3555 διάσας
719 3495 770 3550 δὲ
793 3492 941 3550 εἶπεν·
965 3492 1097 3567 τΔρα
1121 3497 1210 3547 οὐκ
1230 3490 1390 3560 εἷπον,
1417 3493 1495 3549 ὅτι
1519 3495 1749 3558 διάϐολός
1777 3499 1912 3554 ἐστιν
1932 3497 2103 3563 οὗτος,

514 3589 598 3639 καί
615 3587 734 3655 οὐχί
755 3585 1020 3656 μοναχόςς
1043 3583 1292 3638 ’Δπὲλθετε
1310 3581 1416 3648 οὖν,
1434 3589 1519 3637 καί
1539 3587 1591 3638 ἐκ
1606 3595 1696 3640 τοῦ
1716 3587 1904 3642 κελλίου
1927 3597 2105 3644 τοῦτον

515 3674 722 3751 ῥίψατε,
742 3695 802 3728 πε
808 3678 858 3746 ρί
879 3673 928 3728 δέ
944 3681 1035 3733 τῆς
1058 3671 1238 3732 δούλης
1258 3680 1349 3727 τοῦ
1371 3679 1524 3735 Θεοῦ,
1547 3675 1580 3730 ἦ
1599 3695 1676 3733 τις
1695 3684 1756 3745 τῇ
1783 3678 1986 3750 εἰσϐολῇ
2013 3685 2102 3732 τοῦ

515 3772 740 3841 πυρετοῦ
770 3765 1148 3837 καταφλέγεται,
1174 3763 1327 3834 μηδὲν
1353 3768 1714 3837 μεριμνήσητε’
1761 3767 1863 3820 ἀπὸ
1886 3769 1984 3838 γάρ
2012 3775 2104 3827 τῆς

516 3858 656 3928 ὧρας
689 3858 904 3921 ταύτης,
937 3855 1056 3911 οὔτε
1085 3864 1156 3925 τῷ
1187 3864 1393 3927 πυρετῷ
1413 3857 1672 3920 κοπιάσει,
1704 3853 1820 3910 οὔτε
1850 3860 2104 3913 Βασίλειον

521 3948 835 4010 ἐπιζητήσει.
858 3946 1217 4022 Ὑποστρέψας
1238 3945 1292 3999 δὲ
1310 3945 1334 3999 6
1351 3947 1605 4016 μοναχός,
1633 3943 1778 4019 εὗρεν
1802 3946 1882 4003 ὅτι
1903 3950 1953 4001 ἐν
1973 3953 2104 4025 αὐτῇ

515 4044 578 4109 τῇ
592 4037 700 4110 ὥρᾳ
716 4043 804 4095 τήν
816 4035 951 4092 ἴασιν
962 4039 991 4094 ἡ
1007 4043 1098 4090 τοῦ
1110 4041 1233 4089 Θεοῦ
1246 4036 1491 4107 παρθένος
1504 4034 1704 4098 ἔλαϐεν,
1722 4036 1768 4087 ἐν
1828 4036 1854 4090 6
1866 4044 1956 4090 τοῦ
1976 4047 2103 4094 Θεοῦ

515 4125 690 4187 δοῦλος
710 4125 930 4188 Ἐκύτιος
945 4128 1154 4198 μήκοθεν
1173 4127 1429 4197 ὑπάρχων
1449 4121 1577 4178 εἷπε.
1595 4133 1677 4197 Τῷ
1696 4132 1784 4179 τοῦ
1805 4126 2104 4184 διδασκάλου

513 4221 616 4293 γάρ
638 4219 914 4273 ἀκολουθῶν
934 4217 1294 4288 ὑποδείγματι,
1310 4221 1400 4272 τήν
1420 4220 1512 4268 τοῦ
1531 4214 1789 4285 θαύματος
1809 4215 1999 4272 τούτου
2017 4217 2107 4273 δύ-

513 4324 656 4377 ναμιν
683 4312 970 4384 εἰργάσατο·
1002 4310 1082 4360 καί
1104 4305 1129 4358 6
1151 4306 1324 4377 κύριος
1343 4306 1445 4376 γάρ
1474 4306 1612 4375 ἡμῶν
1640 4304 1831 4366 Ἰησοῦς
1858 4308 2104 4382 Χριστὸς,

514 4407 605 4455 τοῦ
646 4401 909 4470 βασιλικοῦ
956 4395 1333 4457 δυσωποῦντος,
1363 4395 1496 4465 λόγῳ
1548 4395 1681 4466 μόνω
1732 4401 1821 4455 τὴν
1848 4396 1982 4452 τὀισιν
2032 4408 2106 4472 τῷ

511 4491 699 4544 τούτου
723 4490 1022 4560 παρέσχετο
1046 4486 1158 4552 υἱῷ,
1181 4485 1345 4544 καθὼς
1368 4486 1418 4538 ἐν
1447 4487 1755 4556 εὐαγγελίοις
1780 4489 2101 4565 εὑρίσκομεν·

2210 3309 2333 3376 iste,
2362 3326 2470 3366 non
2518 3313 2854 3366 monachus?
2897 3313 2975 3368 lte
3002 3323 3059 3368 et
3081 3324 3208 3368 eum
3252 3315 3319 3368 de
3345 3312 3480 3366 cella
3513 3313 3794 3381 expellite.

2210 3403 2285 3458 De
2313 3405 2506 3460 ancilla
2545 3416 2723 3461 autem
2771 3407 2885 3473 Dei,
2917 3423 3037 3476 qua:
3063 3407 3331 3461 anxietate
3359 3402 3592 3460 febrium
3642 3420 3796 3473 urge-

2207 3503 2314 3559 tur,
2351 3499 2517 3552 nolite
2562 3513 2682 3552 esse
2725 3498 2962 3564 solliciti,
3012 3501 3135 3566 quia
3176 3514 3240 3551 ex
3291 3500 3388 3550 hac
3439 3499 3576 3550 hora
3629 3509 3798 3564 neque

2212 3586 2450 3641 febribus
2482 3590 2792 3643 laboratura
2839 3600 2943 3656 est,
2978 3604 3151 3656 neque
3192 3589 3444 3640 Basilium
3477 3588 3798 3655 quaesitura.

2210 3673 2508 3743 Regressus
2540 3687 2624 3729 est
2663 3686 2843 3730 autem
2891 3675 3205 3739 monachus,
3247 3685 3301 3728 et
3348 3689 3410 3728 ea
3462 3675 3601 3730 hora
3646 3677 3800 3733 saluti

2209 3764 2512 3819 restitutam
2547 3767 2637 3819 Dei
2670 3766 2926 3835 virginem
2973 3765 3210 3834 agnovit,
3242 3781 3343 3833 qua
3368 3763 3394 3800 ἀ
3418 3767 3680 3820 eamdem
3724 3783 3801 3821 sa-

2213 3853 2378 3908 lutem
2436 3854 2579 3908 illius
2629 3855 2723 3909 Dei
2777 3853 3006 3907 famulus
3067 3854 3309 3921 Equittus
3371 3856 3533 3923 longe
3592 3860 3802 3925 positus

2209 3943 2381 4008 dixit;
2433 3945 2484 3998 in
2533 3945 2730 3999 virtute
2760 3944 2962 3999 scilicet
2993 3944 3231 3998 miraculi
3264 3946 3574 4013 exemplum
3614 3958 3801 4003 tenens

2210 4034 2467 4104 Magistri,
2508 4035 2598 4103 qui
2653 4034 2906 4088 invitatus
2956 4034 3023 4087 ad
3072 4035 3238 4087 lilium
3293 4034 3461 4103 reguli
3496 4034 3686 4105 (Joan.
3731 4053 3800 4102 tv,

2209 4126 2326 4193 46),
2369 4139 2492 4178 cum
2542 4124 2660 4177 solo
2689 4125 2857 4178 verbo
2903 4124 3137 4179 restituit
3186 4125 3364 4190 saluti,
3405 4132 3466 4178 ut
3521 4139 3801 4182 revertens

2210 4223 2359 4278 pater
2397 4224 2461 4264 ca
2508 4209 2636 4264 hora
2685 4212 2854 4265 lilium
2907 4212 3207 4266 restitutum
3257 4216 3380 4266 vita:
3414 4223 3798 4282 cognosceret,
3878 4201 3880 4203 ί

2207 4315 2308 4368 qua
2357 4298 2520 4351 vitam
2571 4300 2712 4353 illius
2749 4314 2815 4353 ex
2854 4314 2950 4354 ore
3000 4299 3249 4353 Veritatis
3296 4301 3562 4356 audisset.
3599 4306 3799 4358 Omnes

2209 4401 2386 4444 autem
2417 4391 2664 4444 monachi
2689 4390 2984 4460 jussionetn
3009 4392 3180 4445 Patris
3200 4393 3279 4444 μοι
3311 4393 3628 4459 implentes,
3651 4410 3798 4448 eum-

2209 4481 2332 4536 dem
2368 4480 2632 4535 Basilium
2657 4497 2722 4537 ex
2751 4483 3062 4536 monasterii
3097 4484 3427 4537 habitatione
3459 4488 3799 4550 repulerunt.

509 4581 936 4653 ὑποστρέψαντος
958 4581 1056 4650 ’γάρ
1080 4579 1233 4631 αὐτοῦ
1259 4579 1307 4629 ὲν
1333 4586 1407 4650 τῷ
1436 4579 1616 4632 ἑαυτοῦ
1643 4580 1781 4650 οἴκῳ,
1810 4584 1859 4636 ἐν
1889 4585 2016 4660 αὐτῇ
2042 4594 2098 4659 τῇ

2209 4573 2307 4640 Qui
2361 4573 2606 4642 repulsus
2636 4573 2792 4642 dixit,
2834 4575 3140 4642 lreqnenter
3187 4588 3248 4627 se
3287 4573 3542 4628 cellulam
3604 4575 3799 4644 Equitii

506 4676 621 4750 ὥρᾳ
676 4669 790 4747 εὗρε
830 4671 916 4724 τὸν
951 4671 1058 4722 υἱὸν
1105 4671 1256 4722 αὐτοῦ
1299 4676 1390 4727 τήν
1425 4668 1563 4724 ἴασιν
1595 4672 1985 4742 ὑποδεξάμενον,
2013 4675 2098 4731 ὅτε

503 4765 566 4816 ἐκ
589 4768 680 4816 τοῦ
713 4761 970 4830 στὸματος
1000 4769 1091 4820 τῆς
1120 4758 1363 4822 ’Δληθιίας
1402 4768 1556 4816 τοῦτο
1583 4764 1813 4822 ἀκήκοεν.
1843 4766 1903 4818 Oi
1935 4766 1988 4821 δί
2016 4777 2102 4838 μό-

503 4872 647 4921 εναχο
706 4852 896 4911 πάντες
940 4857 1030 4910 τὴν
1061 4851 1289 4905 κὲλευσιν
1327 4859 1416 4908 τοῦ
1453 4850 1582 4906 ἰδίου
1613 4857 1811 4930 πατρὸς
1843 4857 2102 4932 ἐκπληρώ-

497 4963 732 5006 σσαντες,
768 4942 854 4997 τὸν
893 4943 1044 4996 αὐτὸν
1095 4942 1348 4997 Βασίλειον
1383 4944 1442 4998 ix
1482 4952 1574 5002 τῆς
1614 4952 1706 4999 τοῦ
1754 4954 2099 5024 μοναστηρίου

2217 4665 2440 4735 magicis
2464 4666 2670 4720 artzhus
2703 4666 2756 4719 in
2785 4680 2910 4720 aera
2939 4666 3306 4734 suspendisse,
3341 4680 3441 4718 nec
3471 4678 3656 4720 tamen
3683 4666 3800 4736 ejus

2207 4758 2513 4828 quempiam
2557 4758 2753 4813 laedere
2802 4756 3062 4827 potuisse.
3105 4759 3205 4824 Qui
3247 4772 3362 4811 non
3395 4768 3522 4825 post
3576 4760 3794 4828 Iungunt

2211 4868 2439 4928 tempus,
2492 4861 2544 4915 in
2597 4859 2699 4914 hac
2751 4860 2991 4914 Romana
3043 4861 3197 4924 urbe,
3255 4860 3654 4915 exardescente
3685 4859 3803 4914 zelo

2208 4951 2500 5006 Christiani
2534 4953 2737 5021 pepuli,
2769 4953 2890 5021 igne
2923 4961 3193 5006 crematus
3220 4961 3321 5005 cst.

513 5036 771 5093 κατοικίας
803 5031 1028 5097 ἐδίωξαν.
1062 5030 1367 5104 Διωκόμενος
1388 5030 1465 5096 δὲ,
1496 5029 1589 5105 ἔφη
1622 5044 1838 5104 συχνῶς
1867 5039 1926 5093 τὸ
1952 5047 2044 5094 τοῦ
2068 5039 2293 5096 Ἐκυτίου
2318 5045 2502 5099 κελλίον
2523 5053 2730 5104 ποιῆσαι
2752 5053 2866 5106 ταῖς
2893 5053 3129 5117 μαγικαῖς
3159 5046 3314 5099 αὐτοῦ
3354 5046 3573 5114 τέχναις
3607 5047 3680 5106 εἷς
3719 5047 3802 5100 τὸν

498 5129 639 5200 ’ἀέρα
669 5126 1037 5201 κρεμασθῆναι,
1063 5123 1298 5194 οὐδαμῶς
1325 5120 1380 5177 δὲ
1407 5121 1619 5181 ἠδυνήθη
1645 5126 1699 5177 ἐκ
1725 5133 1825 5179 τῶν
1849 5129 2007 5181 αὐτοῦ
2037 5149 2148 5183 τινα
2176 5131 2232 5185 τὸ
2281 5135 2521 5208 παράπαν
2563 5135 2774 5205 βλάψαι.
2804 5137 2876 5189 Οὐ
2905 5137 3035 5204 μετὰ
3070 5134 3224 5188 πολὺν
3258 5132 3311 5189 δὲ
3346 5137 3534 5207 χρόνον
3565 5135 3616 5186 ἐν
3641 5135 3802 5206 ταύτῃ

496 5228 569 5292 τῇ
608 5227 707 5272 τῶν
735 5222 989 5288 Ῥωμαίων
1011 5217 1187 5283 πόλει,
1223 5216 1351 5286 ζήλῳ
1377 5224 1450 5286 τῷ
1479 5218 1611 5292 πρὸς
1648 5218 1770 5273 Θεὸν
1807 5225 1898 5272 τοῦ
1939 5227 2433 5294 χριστιανικωτάτου
2473 5229 2597 5281 λαοῦ
2641 5228 2976 5293 ἐκκαυθέντος,
3004 5233 3181 5281 τοῦτον
3226 5229 3354 5300 πυρί
3392 5229 3682 5285 καυσοὴναι
3713 5251 3801 5284 πε-

506 5313 802 5366 ποιὴκασιν.

579 5400 655 5452 Ἐν
683 5407 778 5469 μιᾷ
809 5399 863 5454 δὲ
889 5407 989 5454 τῶν
1031 5401 1232 5474 ἡμερῶν
1262 5398 1314 5452 ἐκ
1340 5405 1430 5453 τοῦ
1461 5399 1618 5453 αὐτοῦ
1639 5403 1982 5473 μοναστηρίσυ
2012 5410 2111 5457 τῶν

504 5490 763 5563 παρθένων
781 5530 797 5555 ,
828 5489 1116 5565 μονάστριά
1153 5512 1232 5551 τις
1260 5492 1331 5550 εἰς
1360 5491 1443 5546 τὸν
1471 5499 1631 5549 κῆπον
1677 5492 1991 5560 εἰσελθοῦσα,
2019 5497 2103 5548 καί

579 5654 605 5717 ξι
635 5643 769 5717 _Reg.
780 5683 795 5707 ,
818 5651 963 5717 μονῇ.

579 5713 605 5751 ⁸⁵
634 5714 787 5794 Reg?
817 5713 948 5794 κατᾶ
976 5713 1382 5794 σῶμα-εῦωπτος
1406 5715 1590 5794 (forte,
1613 5719 1827 5790 εὖωπός)
1849 5721 2090 5794 ὑπῆρχεν

502 5792 712 5857 πυρετῷ
735 5784 1076 5856 λαμϐροτάτῳ
1104 5786 1268 5856 (haud
1293 5788 1474 5855 dubie,
1496 5784 1819 5864 λαϐροτάτῳ)
1848 5784 2092 5866 καταῴλέ-

2290 5402 2530 5468 Quadam
2558 5418 2686 5457 vero
2727 5403 2815 5459 die
2854 5420 2955 5458 una
3003 5404 3096 5458 Dei
3142 5401 3334 5457 famula
3360 5419 3424 5457 ex
3451 5404 3651 5458 eodem
3688 5418 3799 5456 mo-

2211 5495 2445 5548 nasterio
2478 5495 2741 5564 virginum
2789 5495 3002 5550 hortum
3047 5498 3284 5566 ingressa
3314 5503 3398 5551 est
3424 5512 3437 5548 :
3465 5511 3590 5564 qua:
3620 5497 3794 5550 laetu-

2189 5653 2395 5722 γεσθαι.

2267 5733 2288 5759 ε
2316 5720 2548 5787 Getnet.,
2581 5740 2679 5791 quo
2705 5724 3055 5777 descendente.

2264 5791 2289 5826 ο
2325 5791 2526 5848 l‘ratel.
2555 5803 2610 5848 et
2640 5795 2777 5863 Dig.,
2808 5796 3038 5848 eamdem
3070 5793 3334 5848 salvotam.
