4000 6338
173 280 272 338 169

1453 270 1894 340 blALOGORUM
1934 280 2133 338 LIBER
2177 283 2214 338 ι.

3343 286 3454 351 1'70

173 412 297 452 eam
344 394 690 464 conspiciens
744 396 1078 464 concupivit,
1130 408 1355 464 eatrque
1405 399 1558 466 signo
1595 397 1762 450 crucis

1875 400 2155 469 θεασαμένη
2198 399 2438 472 μαροῦλιν
2462 441 2474 463 ,
2507 400 2552 451 ἐν
2591 401 2828 471 ἐπιθυμία
2870 402 3027 456 αὐτοῦ
3055 407 3250 476 γᾶγονι.
3281 412 3376 464 Τὸν
3402 411 3456 466 δὲ

176 489 502 545 benedicere
556 487 747 554 oblita,
800 488 955 541 avide
1005 487 1330 550 momordit;
1374 489 1468 541 sed
1497 496 1706 554 arrepta
1739 501 1769 539 a

179 580 403 632 diabolo
449 578 695 646 protinus
725 577 946 631 cecidit.
979 577 1216 645 Cumque
1244 586 1547 640 vexaretur,
1596 577 1770 630 eidem

185 670 330 724 Patri
362 667 586 734 Equith
629 667 732 721 sub
767 667 1044 722 celeritate
1075 669 1371 721 nuntiatum
1405 679 1506 734 est,
1540 679 1597 722 ut
1625 671 1772 724 veni-

186 768 263 812 ret
285 760 558 823 concitus,
586 767 640 812 et
669 765 693 792 ι
719 757 924 811 orando
954 769 1308 812 succurreret.
1335 759 1562 827 Moxque
1586 758 1613 798 ι)
1648 761 1772 814 hor-

188 858 295 900 tum
344 847 491 900 idem
545 845 704 900 Pater
733 855 792 900 ut
819 847 1090 916 ingressus
1118 858 1218 912 est,
1252 850 1416 917 erepit
1440 865 1502 904 ex
1534 850 1651 918 ejus
1675 867 1771 907 ore

188 938 337 1008 quasi
384 935 734 992 satisfaciens
762 937 877 1005 ipse
905 938 993 1006 qui
1027 938 1160 991 hanc
1185 943 1486 1006 arripuerat
1528 939 1772 996 diabolus

186 1029 453 1089 clamare,
499 1025 688 1080 dicens
740 1043 754 1080 :
801 1027 908 1095 Ego
958 1027 1083 1095 quid
1136 1026 1275 1081 ieci?
1314 1042 1413 1097 ego
1449 1029 1573 1097 quid
1633 1030 1772 1084 ieci?

188 1127 212 1155 ι
236 1116 504 1170 Sedebam
538 1115 668 1170 mihi
717 1130 877 1184 super
919 1117 1379 1184 lactucam;venit
1418 1120 1527 1186 illa,
1551 1127 1606 1174 et
1659 1136 1773 1175 mo.

189 1206 387 1260 mordit
417 1220 524 1260 me.
557 1206 652 1260 Cui
680 1222 800 1260 cum
831 1208 978 1277 gravi
1011 1209 1375 1279 indignatione
1402 1213 1483 1264 vir
1516 1212 1606 1266 Dei
1635 1227 1772 1282 pra:-

191 1299 329 1366 cepit
383 1307 442 1350 ut
485 1296 814 1361 discederet,
859 1305 914 1352 et
954 1298 1128 1353 locum
1169 1300 1220 1352 in
1266 1301 1647 1369 omnipotentis
1677 1302 1771 1357 Dei

191 1388 377 1440 famula
429 1402 539 1440 non
596 1387 838 1440 haberet.
891 1390 990 1452 Qui
1042 1389 1287 1456 protinus
1329 1391 1624 1456 abscessit,
1671 1407 1770 1448 nec

193 1492 302 1532 eam
348 1479 485 1532 ultra
513 1477 827 1546 contingere
858 1479 1152 1548 praevaluit.

1876 495 1969 542 τοῦ
1997 497 2225 563 σταυροῦ
2254 492 2414 543 τύπον
2437 491 2767 548 ἐπιλησθεῐσα
2792 500 3023 556 ποιῆσαι,
3051 498 3117 554 ὡς
3140 505 3454 575 γαστρίμαρ-

1873 597 1960 647 νιος
1983 586 2135 631 τοῦτο
2165 578 2362 652 ἔφαγεν.
2395 582 2583 642 Εὐθέως
2624 579 2708 635 οὖν
2739 585 2839 637 ὑπὸ
2866 592 2955 639 τοῦ
2993 586 3227 642 διαϐόλου
3268 615 3456 654 κρατη-

1875 669 2042 732 θεῖσα,
2069 677 2306 725 πεσοῦσα
2335 673 2541 744 ἐρράγη.
2570 682 2732 730 Τοῦτο
2777 674 2861 730 οῦν
2901 675 2946 732 οἶ
2987 684 3238 753 παρόντες
3269 687 3458 742 θεασά-

1874 779 2026 829 μενοι,
2053 763 2182 830 μετά
2210 762 2440 823 σπουδῆς
2469 772 2540 832 τῷ
2566 770 2726 841 πατρὶ
2755 769 2962 842 Ἐκυτίῳ
3007 772 3261 840 ἐμήνυσαν
3279 820 3290 836 ,
3319 775 3459 840 ὅπως

1873 851 1923 904 ἐν
1946 854 2104 920 τάχει
2131 853 2302 916 ἐλθὼν,
2327 852 2408 908 διὰ
2447 865 2538 915 τῆς
2581 858 2739 913 αὑτοῦ
2783 862 2944 927 εὐχῆς
2991 871 3052 936 τῇ
3094 863 3456 938 κινδυνευοῦσῂ

1875 946 1902 984 ⁸
1929 941 2265 1016 συμπαθήσῃ.
2291 945 2480 1005 Εὐθέως
2502 944 2554 999 δὲ
2581 954 2670 1002 τοῦ
2693 953 2887 1022 πατρὸς·
2909 954 2982 1010 εἰς
3009 954 3093 1007 τὸν
3115 963 3273 1012 κῆπον
3299 961 3458 1012 εἰσελο

1872 1033 2068 1095 θόντος,
2099 1034 2284 1110 ἤρξατο
2313 1035 2338 1089 ὁ
2363 1036 2548 1095 ταύτην
2577 1041 2726 1114 ῥήξας
2757 1039 3005 1108 διάϐολος,
3036 1048 3104 1105 ὡς
3128 1048 3456 1124 πληροφορῶν

1873 1123 2027 1176 αὐτὸν
2069 1123 2154 1178 διὰ
2184 1133 2271 1180 τοῦ
2300 1129 2555 1198 στόματος
2597 1133 2754 1192 αὐτῆς
2779 1138 2977 1206 κράζειν
3010 1141 3092 1190 καί
3122 1138 3296 1206 λέγειν·
3332 1148 3455 1213 Ἐγώ

1872 1215 1923 1266 τί
1951 1215 2166 1273 ἐποίησα
2187 1233 2200 1280 ;
2225 1216 2556 1290 καθεζομένου
2580 1243 2676 1291 μου
2702 1223 2867 1276 ἐπάνω
2889 1232 2978 1278 τοῦ
3002 1233 3276 1300 μαρουλίου
3300 1231 3454 1291 ἐκείνη

1872 1301 1980 1394 ἦλθε
2011 1309 2092 1359 καὶ
2118 1305 2264 1361 ἔδακέ
2291 1330 2375 1379 με.
2426 1322 2478 1364 '0
2504 1311 2555 1365 δέ
2590 1320 2678 1366 τοῦ
2707 1323 2832 1368 Θεοῦ
2879 1315 3138 1394 ἄνθρωπος
3168 1321 3278 1390 μέτ’
3300 1323 3454 1392 ὀργῆς

1873 1389 1902 1428 h
1928 1396 2093 1464 τούτῳ
2125 1398 2447 1466 ἐπιτίμησιν,
2477 1398 2617 1460 ὅπως
2642 1404 2695 1455 ἐκ
2733 1411 2824 1462 τῆς
2849 1413 2940 1458 τοῦ
2963 1414 3086 1460 Θεοῦ
3118 1406 3298 1469 δούλης
3325 1416 3453 1466 ὐπο-

1875 1489 2110 1558 χωρηση,
2133 1490 2218 1540 καὶ
2242 1488 2394 1542 τόπον
2413 1490 2460 1541 ἐν
2485 1491 2616 1564 αὐτῇ
2644 1497 2734 1545 τοῦ
2753 1492 2928 1546 λοιποῦ
2954 1501 3021 1565 μή
3045 1505 3177 1571 σχῇ.
3212 1502 3452 1573 Παρσωτά

1873 1570 1960 1629 οὖν
1987 1578 2115 1632 κατά
2141 1577 2228 1632 τόν
2261 1579 2407 1650 λόγον
2436 1581 2592 1636 αὐτοῦ
2622 1584 2679 1636 τὸ
2720 1584 2998 1660 ἀκάθαρτον
3033 1596 3232 1657 πνεῦμα
3262 1592 3448 1655 ἐξῆλθε,

1871 1671 1956 1721 καὶ
1983 1668 2229 1740 μηδαμῶς
2251 1672 2376 1745 αὐτῇ
2396 1679 2485 1725 τοῦ
2514 1672 2688 1726 λοιποῦ
2719 1680 3058 1747 προσεγγίσαι
3086 1680 3374 1750 ἐτόλμησεν.

256 1760 413 1831 ιθε
443 1760 673 1826 Quidam
697 1776 842 1824 vero,
880 1751 1027 1816 Felix
1057 1763 1293 1830 nomine,
1320 1751 1525 1820 Nursia:
1554 1767 1762 1835 provin-

2133 1760 2276 1835 'Aw)p
2315 1761 2368 1816 δέ
2401 1783 2480 1823 τις
2515 1765 2891 1835 εὐγενέστατος,
2921 1769 3124 1841 ὀνόματι
3151 1773 3312 1834 Φῆλιξ,
3347 1774 3447 1826 ἀπὸ

187 1853 274 1908 (ᾗτε
305 1853 526 1914 nobilis,
562 1863 711 1920 pater
746 1851 903 1919 hujus
931 1848 959 1888 ἀ
987 1851 1216 1907 Castorii
1262 1855 1354 1924 qui
1406 1869 1546 1910 nunc
1589 1856 1769 1911 nobis-

189 1957 299 1996 cum
350 1944 406 1996 in
454 1942 701 1995 Romana
756 1942 884 1996 urbe
935 1942 1280 2009 demoratur,
1339 1958 1460 1998 cum
1519 1947 1768 2001 eumdem

187 2034 546 2088 venerabilem
599 2033 770 2087 virum
825 2033 1090 2102 Equitium
1134 2050 1350 2090 sacrum
1393 2037 1635 2092 ordinem
1663 2053 1767 2094 non

187 2126 380 2181 habere
421 2126 784 2194 conSpiceret,
827 2135 879 2180 et
920 2140 1012 2194 per
1060 2127 1273 2195 singula
1304 2127 1420 2182 loca
1441 2128 1765 2197 discurrere,

183 2226 336 2284 atque
378 2215 628 2269 Studiose
675 2214 985 2282 przedicare,
1018 2229 1139 2270 eum
1165 2217 1392 2284 quadam
1422 2217 1508 2272 die
1538 2217 1767 2273 lar-ilia-

184 2307 350 2361 ritatis
377 2316 513 2360 ausu
545 2305 699 2371 adiit,
731 2307 916 2361 dicens
944 2323 957 2359 :
983 2307 1080 2372 Qui
1127 2315 1339 2362 Sacrum
1384 2308 1626 2363 ordinem
1659 2325 1764 2364 non

183 2397 364 2461 babes,
399 2406 559 2466 atque
581 2409 612 2450 a
647 2396 889 2451 Romano
920 2397 1171 2466 pontiﬁce
1199 2399 1300 2452 sub
1321 2412 1428 2468 quo
1455 2399 1604 2468 degis
1629 2413 1767 2470 prte-

179 2490 470 2542 dicationis
514 2489 777 2543 licentiam
839 2505 944 2544 non
993 2491 1267 2561 accepisti,
1306 2492 1605 2561 praedicare
1631 2508 1765 2563 quo-

180 2582 341 2635 modo
385 2581 703 2649 prmsurnis?
735 2581 848 2649 Qua
898 2582 1014 2650 ejus
1064 2583 1406 2653 inquisitione
1451 2589 1764 2654 compulsus

179 2672 259 2725 rir
286 2681 512 2725 sanctus
534 2672 783 2726 indicavit
813 2673 1204 2741 praedicationis
1226 2674 1495 2730 licentiam
1525 2677 1762 2746 qualiter

187 2762 418 2827 accepit,
458 2760 683 2816 dicens:
719 2763 791 2815 Ea
835 2775 954 2832 quae
998 2763 1126 2818 mihi
1168 2764 1400 2833 loqueris
1427 2780 1525 2835 ego
1551 2780 1765 2836 quoque

180 2857 386 2904 mecum
419 2852 533 2919 ipse
557 2861 843 2920 pertracto.
884 2852 991 2908 Sed
1035 2853 1264 2924 quadam
1291 2864 1452 2910 nocte
1481 2858 1762 2925 speciosus

178 2941 307 2994 mihi
354 2957 451 3010 per
499 2944 763 2996 visionem
803 2941 1018 3012 juvenis
1067 2944 1258 3012 astitit,
1301 2953 1460 3015 atque
1490 2946 1543 3000 in
1582 2947 1763 3016 lingua

179 3049 293 3085 mea
337 3034 661 3088 medicinale
708 3034 1109 3099 ferramentum,
1143 3036 1194 3089 id
1235 3044 1319 3091 est
1353 3036 1761 3105 phlebotomum

1869 1853 2116 1923 Νουρσίας
2141 1860 2233 1912 τῆς
2260 1855 2443 1926 χώρας
2472 1853 2779 1928 ὁρμώμενος,
2811 1864 2978 1930 πατὴρ
3008 1860 3265 1935 ὑπάρχων
3302 1863 3314 1898 ί
3351 1879 3447 1917 Κα-

1869 1947 2075 2015 στορίου
2103 1949 2192 1997 τοῦ
2221 1951 2305 1997 νῦν
2344 1945 2450 2014 μεθ’
2483 1946 2619 2016 ἡμῶν
2645 1949 2696 2000 ἐν
2723 1949 2885 2022 ταύτῃ
2907 1957 3006 2004 τῶν
3028 1949 3282 2022 Ῥωμαίων
3308 1955 3444 2010 πόλει

1869 2039 2242 2100 κατοικοῦντος,
2297 2039 2476 2088 τοῦτον
2503 2031 2588 2088 τόν
2617 2036 2979 2092 εὐλαϐέστατον
3018 2036 3177 2112 ἄνδρα
3204 2041 3444 2104 Ἐκύτιον,

1868 2124 2121 2194 ἱερατικὸν
2152 2126 2355 2195 ἀξίωμα
2380 2131 2449 2194 μή
2475 2124 2618 2195 ἔχειν
2642 2131 2917 2198 γινώσκων,
2947 2130 3238 2194 σπουδαίως
3261 2133 3311 2188 δέ
3336 2137 3444 2190 καθ’

1867 2215 2077 2270 ἕκαστον
2104 2216 2257 2271 τόπον
2279 2215 2624 2293 διατρέχοντα
2648 2218 2968 2283 διδασκαλίας
3000 2227 3154 2298 χάριν
3180 2229 3442 2298 θεώμενος,

1867 2304 1916 2359 ἰν
1944 2312 2036 2377 μιᾷ
2069 2310 2434 2384 τῶν-ἡμερῶν,
2567 2312 2694 2384 πρὸς
2723 2314 2875 2368 ὰῦτόν
2916 2316 3184 2389 παρρησίᾳ
3222 2320 3439 2393 θαρρῶν,

1865 2398 2052 2474 ἤρξατο
2074 2400 2224 2456 αὐτὸν
2245 2401 2527 2474 ἐπερωτᾷν·
2551 2407 2813 2478 ’ἱερατικὸν
2830 2408 3024 2476 ἀξίωμα
3045 2413 3113 2477 μὴ
3139 2407 3296 2479 ἔχων,
3317 2416 3442 2480 μήτε

1866 2487 2150 2562 ἐπιτροπήν
2179 2497 2271 2551 τῆς
2298 2491 2555 2563 ampli-Eam:
2596 2494 2739 2568 παρά
2765 2500 2856 2548 τοῦ
2883 2502 2980 2549 τῶν
3011 2496 3023 2545 l
3064 2502 3315 2568 Ῥωμαίων
3344 2523 3443 2554 πα·

1864 2578 2127 2654 τριάρχου
2162 2580 2330 2635 λαϐὼν
2352 2619 2368 2646 ,
2394 2577 2453 2634 οὗ
2482 2583 2568 2635 καὶ
2593 2581 2880 2648 ύπόκεισαι,
2912 2594 3021 2646 πῶς
3049 2596 3201 2643 τοῦτο
3230 2600 3441 2650 ποιῆσαι

1864 2675 2092 2745 τολμᾷς;
2125 2677 2247 2750 Πρὸς
2277 2672 2328 2729 ὃν
2359 2675 2383 2730 ὁ
2413 2675 2554 2747 ἅγιος
2587 2674 2734 2738 οὗτος
2781 2681 2903 2753 ἀνὴρ
2945 2682 3216 2755 ἀπεκρίθη·
3245 2690 3439 2746 Ταῦτα.

1866 2763 2000 2838 ἅπερ
2027 2787 2114 2836 μοι
2156 2767 2336 2838 λέγεις,
2361 2770 2500 2840 κᾲγώ
2529 2769 2576 2819 ἐν
2605 2769 2810 2839 ἐμαυτῷ
2853 2768 3226 2842 διελογίσὰμην·
3252 2777 3307 2828 τὸ
3333 2784 3442 2836 πῶὲ

1866 2855 1920 2912 δὲ
1961 2863 2053 2917 τὴν
2095 2866 2187 2921 τῆς
2233 2862 2491 2934 κηρυξεως
2537 2863 2811 2936 ἐπιτροπήν
2859 2861 3074 2929 ἔλαϐον,
3111 2867 3313 2941 φανερόν
3357 2881 3440 2922 σοι

1865 2955 2130 3020 ποιοῦμαι⁶
2149 2953 2199 3004 ἐν
2218 2957 2312 3022 μιᾷ
2329 2954 2472 3006 νυκτὶ
2491 2949 2554 3007 δι’
2567 2953 2819 3012 ὀπτασίας
2839 2956 3077 3029 νὲώτερος
3099 2956 3230 3010 πόνυ
3257 2962 3440 3029 ὡραῖοὲ

1865 3042 2100 3114 παρέστη
2129 3063 2214 3111 μοι
2233 3082 2248 3106 ,
2284 3045 2367 3096 καί
2396 3043 2444 3095 ἐν
2471 3051 2534 3117 τῇ
2555 3044 2749 3116 γλώττῃ
2784 3059 2878 3114 μου
2918 3047 3138 3118 ἰατρικόν
3168 3049 3438 3120 ἐργαλεῖον,

180 3126 377 3192 posait,
409 3126 631 3181 dicens:
661 3127 798 3180 Ecce
828 3127 978 3194 posui
1026 3127 1187 3182 verba
1233 3142 1351 3183 mea
1396 3129 1451 3182 in
1495 3143 1591 3185 ore
1629 3138 1755 3196 tuo;

1870 3132 2095 3186 τουτέστι
2120 3131 2424 3204 φλεϐότομον
2447 3133 2677 3194 τέθεικεν,
2711 3136 2920 3207 εἰρηκώς
2942 3143 3044 3202 μᾶν
3072 3132 3196 3187 ’ἰδοῦ
3219 3139 3335 3196 τοὺς
3355 3139 3439 3192 lci-'-

177 3216 432 3283 cgredere
480 3216 547 3269 ad
596 3216 1018 3282 prmdicandum.
1059 3219 1233 3287 Atque
1261 3233 1326 3273 ex
1361 3219 1455 3276 illo
1484 3219 1572 3275 die
1598 3219 1761 3275 etiam

176 3319 292 3362 eum
319 3308 563 3371 voluero,
587 3306 656 3362 de
685 3306 795 3362 Deo
828 3316 1005 3364 tacere
1029 3323 1134 3363 non
1158 3321 1397 3379 possum.

244 3500 412 3555 Pera.
457 3497 666 3552 Vellem
707 3499 868 3553 etiam
897 3499 1067 3555 Patris
1097 3500 1256 3572 hujus
1285 3511 1419 3571 opus
1442 3505 1756 3572 agnoscere,

176 3589 260 3659 qui
285 3589 459 3642 fertur
487 3588 615 3641 talia
644 3588 781 3643 dona
810 3592 834 3626 ο
867 3590 1195 3659 percepisse.

247 3680 494 3734 Gazaca.
536 3681 704 3748 Opus,
756 3679 933 3744 Petre,
961 3696 1024 3736 ex
1055 3681 1199 3736 dono
1227 3690 1330 3747 est,
1367 3677 1388 3722 ί
1424 3697 1529 3737 non
1560 3683 1760 3739 donum

180 3785 245 3824 ex
277 3784 464 3837 opere,
500 3769 733 3838 alioquin
765 3771 935 3839 gratia
964 3772 1072 3840 jam
1105 3787 1210 3826 non
1241 3781 1323 3827 est
1354 3774 1547 3841 gratia.
1591 3774 1763 3831 Omne

175 3860 374 3929 quippe
421 3874 559 3927 opus
604 3860 742 3912 dona
786 3862 1136 3930 praeveniunt,
1188 3863 1428 3933 quamvis
1467 3878 1533 3918 ex
1575 3865 1763 3920 subse-

174 3951 358 4017 quenti
386 3964 554 4018 opere
589 3949 702 4017 ipsa
726 3950 885 4004 etiam
915 3951 1058 4005 dona
1078 3963 1454 4019 succrescunt;
1488 3965 1555 4009 ne’
1587 3965 1760 4011 tamen

173 4042 294 4094 vitae
337 4039 461 4107 ejus
505 4038 810 4106 cognitione
852 4040 1136 4106 frauderis,
1167 4043 1303 4097 bene
1330 4044 1471 4098 hunc
1497 4059 1760 4100 reveren-

180 4134 424 4186 tissrmus
446 4132 531 4184 vir
546 4130 768 4185 Albinus
788 4132 1023 4187 Reatina
1043 4133 1265 4189 antistes
1291 4134 1545 4190 Ecclesia:
1567 4150 1762 4207 cogno-

174 4222 268 4288 vit,
294 4229 352 4275 et
374 4219 553 4274 adhuc
592 4230 876 4289 supersunt
913 4219 1066 4275 multi
1109 4221 1199 4290 qui
1248 4221 1389 4276 scire
1438 4231 1746 4291 potuerunt.

245 4361 270 4388 ι
302 4351 588 4407 Secundus
619 4351 848 4416 Theod.,
898 4360 1221 4422 protegeret;
1271 4354 1506 4421 plerique
1543 4370 1758 4422 concur-

169 4433 326 4475 reret.
359 4422 517 4488 Quod
547 4432 724 4474 autem
755 4423 840 4475 hic
869 4418 1063 4491 legitur
1089 4418 1752 4487 Iniraculum,‘coniirmari

1862 3238 1983 3292 γους
2003 3241 2100 3290 μου
2126 3222 2297 3290 ἐθέμην
2321 3222 2370 3274 ἐν
2388 3228 2462 3293 τῷ
2489 3222 2708 3289 στόματί
2731 3221 3021 3285 σου;έ’ξελθε
3039 3230 3126 3277 τοῦ
3147 3229 3434 3299 κηρύττειν.

1865 3312 1987 3364 Ἀπὸ
2030 3306 2115 3363 οὖν
2143 3319 2235 3369 τῆς
2263 3313 2453 3384 ἡμέρας
2478 3313 2662 3370 ἐκείνης
2684 3349 2699 3375 ,
2727 3316 2771 3364 εἰ
2799 3316 2882 3366 καὶ
2909 3315 3098 3384 θελήσω
3146 3326 3438 3384 σιωπῆσαι,

1863 3397 2096 3470 οὐδαμῶς
2121 3398 2338 3470 δύναμαι
2357 3439 2372 3465 ,
2400 3405 2495 3454 τοῦ
2522 3407 2647 3455 Θεοῦ
2682 3417 2743 3471 με
2772 3403 2841 3461 εἰς
2874 3407 3021 3457 τοῦτο
3049 3405 3436 3474 ἀναγκάζοντος.

1933 3501 2099 3545 ΠΕΤΡ.
2125 3488 2319 3543 ’Ἦθιλον
2343 3495 2434 3544 τοῦ
2454 3489 2651 3563 πατρὸς
2674 3490 2861 3544 τούτου
2889 3495 2947 3544 τὸ
2974 3491 3117 3562 ἔργον
3143 3493 3434 3568 διαγνῶναι,

1863 3579 1890 3617 ¹¹
1924 3580 1982 3641 ὃς
2009 3601 2089 3641 τις
2116 3586 2332 3635 τοιαῦτα
2357 3584 2667 3656 χαρίσματα
2690 3580 2888 3650 λέγεται
2917 3584 3175 3653 εἰληφέναι.

1934 3682 2170 3725 ΓΡΗΓΟΡ.
2211 3672 2279 3725 Τὸ
2314 3669 2482 3746 ἔργον,
2513 3672 2696 3746 Πέτρε,
2727 3671 2779 3724 ἐκ
2801 3678 2890 3727 τοῦ
2936 3679 3279 3747 χαρίσματος,
3313 3683 3438 3750 οὐχὶ

1863 3765 1919 3818 τὸ
1947 3767 2188 3835 χάρισμα
2225 3764 2279 3816 ἐκ
2300 3769 2389 3818 τοῦ
2423 3761 2602 3832 ἔργου.
2635 3763 2774 3817 Ἐπεὶ
2799 3765 2831 3820 r't
2853 3767 3009 3840 χάρις
3046 3769 3211 3824 οὐκέτι
3247 3772 3438 3841 γίνεται

1867 3856 2046 3928 χάρις.
2061 3855 2300 3922 Ἐκάστσυ
2315 3847 2403 3907 οὖν
2418 3851 2568 3923 ἔργου
2587 3853 2652 3907 τά
2665 3857 2975 3930 χαρίσματα
2992 3878 3028 3909 π
3033 3858 3436 3928 ρολαμϐάνουσι,

1864 3950 1919 4002 ἐκ
1946 3947 1999 4002 δὲ
2028 3953 2120 4002 τοῦ
2151 3945 2606 4004 ἐπακολουθοῦντος
2636 3942 2790 4018 ἔργον
2819 3947 2886 4000 τὰ
2928 3951 3238 4022 χαρίσματα
3277 3954 3436 4015 αὐξά-

1862 4049 2050 4096 νουσιν
2070 4040 2154 4092 ἶνα
2172 4036 2225 4090 δὲ
2248 4043 2318 4104 μὴ
2344 4044 2435 4096 τῆς
2459 4037 2710 4097 πολιτιὶας
2731 4037 2888 4091 αὐτοῦ
2919 4043 3006 4096 τὴν
3028 4041 3293 4111 ἐπίγνωσιν
3321 4055 3438 4097 στε-

1862 4131 2036 4204 ρηθῇς,
2070 4127 2094 4182 ὁ
2119 4127 2344 4186 ’Δλϐἰνος
2366 4125 2390 4180 ὁ
2424 4126 2793 4187 εὐλαϐέστατος
2822 4129 2946 4196 ἀνὴρ
2963 4167 2976 4189 ,
3001 4127 3027 4181 ὁ
3053 4137 3143 4188 τῆς
3173 4131 3438 4192 inachaiae

1864 4227 2062 4279 Ῥιατῆς
2091 4218 2540 4283 ὶπίσκοπος,πανυ
2565 4216 2723 4275 καλῶς
2746 4218 2932 4274 ταύτην
2953 4216 3146 4290 διέγνω,
3171 4224 3252 4273 καὶ
3277 4222 3437 4296 ἕτεροι

1864 4353 2032 4424 epist;
2057 4352 2181 4404 olim
2213 4350 2271 4424 5i
2310 4349 2346 4401 l.
2378 4364 2450 4412 IV,
2482 4348 2591 4424 ind.
2625 4346 2719 4424 lli;
2753 4363 2888 4424 nunc
2918 4342 2986 4403 40
3016 4349 3190 4424 l_ib.__v.

1939 4431 1962 4459 ο
1995 4422 2388 4486 Expuntimus,
2438 4435 2468 4470 a
2515 4417 2639 4479 Deo,
2684 4415 2937 4472 insertum
2988 4420 3053 4471 ab
3102 4422 3424 4484 Editoribns.

171 4503 350 4560 potest
382 4486 446 4544 ex
489 4492 728 4559 Origen.,
775 4493 810 4545 Ι.
848 4486 962 4555 vui,
994 4503 1172 4544 contra
1202 4486 1426 4556 Celsum,
1477 4507 1529 4556 p.
1574 4493 1676 4548 599
1703 4503 1755 4546 et
1785 4493 1837 4554 D
1861 4492 2042 4546 invitis
2077 4492 2210 4560 Mss.
2243 4489 2295 4541 ln
2335 4486 2523 4560 Graeco
2563 4499 2773 4560 quoque
2822 4503 2925 4542 non
2960 4491 3294 4556 exprimitur,
3327 4497 3426 4547 etsi

171 4564 303 4625 401,
339 4562 407 4614 de
448 4562 513 4614 iis
543 4562 631 4627 qui
674 4569 888 4629 propter
934 4563 1084 4615 cibos
1137 4564 1334 4617 vetitos
1386 4562 1602 4615 diabolo
1653 4577 1754 4630 pu-

173 4632 360 4684 niendi
391 4630 702 4692 traduntur;
728 4641 781 4685 et
801 4647 862 4683 ex
887 4639 1072 4684 sancto
1093 4632 1376 4701 Cypriane,
1401 4631 1438 4684 Ι.
1465 4630 1524 4682 de
1549 4630 1751 4701 Lapsis,

170 4702 241 4753 de
273 4701 455 4766 puella
503 4703 714 4766 parvula
761 4715 876 4768 qua:
920 4702 982 4752 de
1020 4701 1317 4770 idolothytis
1355 4709 1663 4770 gustaverat,
1707 4710 1754 4754 et

174 4771 312 4822 t-elut
345 4778 533 4822 tortore
572 4779 844 4839 cogente...
873 4771 1229 4823 conscientiam
1258 4773 1449 4839 facti...
1475 4771 1752 4837 fatebatur.

174 4841 384 4893 Ibidem
426 4839 496 4892 de
535 4837 677 4892 alia:
705 4837 982 4903 Postquam
1017 4837 1292 4894 sceleratus
1338 4839 1478 4892 cibus
1524 4854 1756 4910 sumptus

171 4919 269 4969 est.
302 4910 355 4960 in
388 4910 654 4977 perniciem
682 4925 824 4961 suam
843 4910 1004 4962 rabies
1028 4921 1224 4961 arntata
1247 4920 1320 4963 est
1348 4910 1470 4962 oris.

252 4978 280 5016 1³
319 4977 615 5044 Corripend.
647 4989 699 5032 et
728 4979 930 5042 Gerun,
953 4990 1173 5046 portam.
1195 4980 1447 5035 Neutrum
1477 4979 1671 5050 legitur
1701 4980 1755 5033 in

171 5046 366 5100 Grzeca
397 5062 535 5100 vers.

255 5128 276 5154 ε
312 5120 386 5168 Ita
428 5117 619 5184 legitur
648 5117 698 5170 in
731 5117 856 5172 Mss.
883 5117 952 5172 At
981 5119 1032 5172 in
1066 5116 1252 5184 Editis,
1288 5121 1526 5173 sedebam
1557 5119 1647 5171 ibi.
1677 5119 1758 5173 Si-

175 5185 362 5255 milem
397 5186 641 5253 loquendi
673 5187 886 5240 modum
931 5188 1186 5241 habemus
1216 5191 1353 5255 apud
1385 5191 1566 5250 Bern.,
1588 5203 1752 5240 serm.

174 5254 329 5321 Gl,in
353 5256 503 5309 Cant.
531 5273 585 5308 n.
603 5257 665 5309 61
696 5273 708 5308 :
737 5255 829 5308 Ibo
849 5259 971 5308 mihi
1000 5259 1067 5308 ad
1091 5257 1183 5308 illa
1205 5254 1276 5310 sic
1302 5264 1488 5326 referta
1509 5257 1755 5319 cellaria;

173 5336 232 5376 et
261 5340 429 5378 serm.
466 5325 529 5379 10
555 5327 606 5377 in
643 5342 723 5392 ps.
752 5327 849 5390 Qui
881 5328 1104 5389 habitat,
1161 5325 1376 5381 Curram
1413 5328 1536 5380 mihi
1566 5328 1634 5378 ad
1660 5343 1755 5393 ea;

173 5404 233 5464 et
265 5410 430 5448 serui.
451 5395 518 5448 de
539 5410 726 5447 sancio
749 5397 972 5449 Martinu
998 5414 1011 5450 :
1035 5395 1128 5448 Ibo
1154 5397 1299 5450 mihi.
1324 5399 1378 5451 in
1403 5398 1568 5452 duob.
1589 5396 1754 5464 prior.

174 5463 346 5516 Carn.
380 5466 588 5528 legitur,
621 5473 773 5531 super
803 5469 1054 5517 lactucam
1080 5482 1265 5519 meam.

253 5531 278 5608 ἢ
324 5534 473 5608 Haud
497 5534 656 5589 dubie
680 5535 904 5608 Ca_storii
935 5537 1169 5608 magistri
1199 5537 1427 5592 militum
1459 5542 1548 5608 qui
1579 5541 1628 5593 in
1662 5540 1758 5593 ob—

175 5604 393 5658 sidione
441 5604 598 5657 llum.
651 5606 881 5658 multum
927 5605 1187 5674 Gregorio
1221 5604 1586 5664 collaborattit.
1617 5611 1758 5677 Lege

1861 4577 2071 4628 semper
2099 4558 2604 4628 subintelﬁliigendum
2636 4557 2729 4609 sit.

1939 4625 2043 4685 tin
2082 4629 2265 4691 Gilot.,
2322 4625 2488 4680 vane.
2534 4635 2588 4678 et
2631 4627 2898 4691 plerisque
2945 4625 3109 4688 Edit.,
3161 4639 3429 4696 corrupte.

1862 4704 2053 4755 donum
2099 4714 2160 4751 ex
2190 4712 2357 4764 apere,
2388 4696 2624 4764 detracta
2657 4697 2957 4764 negatione,
2985 4695 3123 4761 quod
3155 4695 3341 4750 falsum
3373 4711 3426 4751 et

1864 4770 2166 4825 luereticum
2207 4780 2419 4818 sensum
2452 4763 2642 4817 reddit.
2691 4763 2890 4816 Locum
2939 4767 3076 4816 hunc
3119 4769 3429 4821 sanarimns

1863 4856 1962 4910 ope
1994 4839 2126 4910 Mss.
2151 4833 2820 4910 tum_Ga‘l_l.,_tum.Angln.,
2862 4843 2914 4910 et
2955 4834 3260 4910 Graecorum
3293 4841 3425 4891 (20d.

1936 4919 1960 4956 8
1994 4906 2219 4962 Additur
2262 4905 2314 4957 in
2354 4902 2519 4976 βου),
2568 4903 2713 4976 κόρη.
2764 4902 2863 4976 De
2890 4905 2985 4976 hac
3009 4918 3146 4976 voce
3175 4908 3187 4923 '
3213 4911 3432 4960 consule

1867 4981 2040 5034 Gloss.
2070 4976 2315 5030 Graecum
2343 4974 2522 5036 Cangii
2551 5015 2566 5039 ,
2600 4972 2686 5028 ubi
2715 4972 2894 5037 multis
2920 4973 3163 5027 adductis
3191 4980 3432 5029 testimo-

1864 5050 1964 5104 niis
1992 5048 2179 5111 probat
2205 5059 2266 5098 ea
2297 5043 2548 5094 lactucam
2577 5042 2882 5114 signiﬁcari.

1935 5125 1962 5154 ιι
1997 5117 2146 5180 Μδς.,
2174 5121 2355 5169 τοῦτον
2384 5115 2705 5182 ἐπετίμησεν.

1941 5187 1954 5225 ί
1989 5187 2162 5249 Ct)lb.,
2191 5188 2484 5256 Νεστοριου.

1942 5258 1956 5306 i
2002 5259 2073 5309 Ita
2108 5270 2319 5322 semper
2353 5251 2599 5322 'aj-pellzit
2646 5251 2814 5322 Rom.
2845 5251 3169 5317 pontificem.
3214 5251 3439 5320 ignatius

1862 5321 2269 5390 Constantinop.
2323 5321 2618 5388 patriarcha
2673 5321 2948 5373 Nicolaum
2998 5335 3208 5390 papam
3237 5335 3385 5373 vm-at
3419 5354 3435 5384 ,

1861 5395 2104 5469 Πρὸιδρον
2130 5389 2565 5469 καίέῐιατριάριχην
2595 5392 2792 5468 παντων
2836 5398 2931 5443 τῶν
2961 5393 3170 5465 θρόνων,
3201 5389 3253 5443 in
3280 5402 3436 5459 cpisl.‘

1862 5461 2085 5520 concilio
2119 5461 2599 5526 ivConsiantinop.
2635 5461 2855 5514 inserta.

1935 5534 1960 5572 κ
1985 5534 2135 5597 Mss.,
2167 5525 2333 5586 ὅντινα
2361 5525 2592 5585 τοιαῦτα.

233 5717 253 5735 ⁹
281 5713 454 5766 Nonne
477 5713 581 5763 lrec
599 5723 730 5762 note
754 5725 869 5771 pars
892 5713 1149 5761 referenda
1170 5722 1246 5764 est.
1269 5716 1326 5765 ad
1353 5731 1518 5768 vocem
1543 5729 1711 5778 μιμοιιν
1732 5730 1762 5778 q

1870 5727 2010 5779 supra
2031 5713 2259 5774 habetur,
2283 5710 2360 5762 vel
2384 5710 2440 5760 ad
2470 5723 2634 5762 vocem
2659 5724 2853 5773 μρονλίου
2874 5723 2984 5772 quae
3009 5694 3174 5760 ἰωῇ-ξιτ
3216 5705 3350 5754 me.

577 5801 857 5858 Pn‘nOL.
909 5797 1223 5857 LXXV“.

3123 5788 3161 5842 6
