3968 6314
491 292 583 345 ﬁl

491 503 646 558 Ἡλείω
676 497 728 553 δέ
750 499 799 552 τί
823 500 990 559 ζητεῖς
1018 493 1187 568 ἔργον,
1212 492 1400 545 ὁπόταν
1422 498 1448 525 ⁸
1478 490 1745 558 συνεφὼνει
1774 488 1801 542 ri
1823 493 1913 543 τῆς
1937 484 2079 537 πολι·

496 595 635 649 τείας
664 585 959 659 καθαριότης
983 591 1044 656 τῇ
1074 579 1276 651 σπουδῇ
1311 586 1403 633 τοῦ
1441 579 1797 651 κηρύγματος;
1828 578 2084 630 Τοσοῦτος

494 682 592 753 γάρ
619 677 766 732 αὑτὸν
796 675 943 732 πόθος
972 674 1041 731 εἰς
1080 672 1135 724 τὸ
1166 670 1503 743 προσενέγκαι
1532 674 1602 735 τῷ
1625 674 1735 737 Θεῷ
1776 664 1980 734 ψυχὰς,
2012 663 2087 726 ἐξ·

498 773 732 828 ἐκγυσεν,
766 764 899 817 ὥστε
927 764 1011 816 καὶ
1036 760 1389 831 μοναστηρίοις
1422 761 1816 831 προϊστάμενος,
1848 756 1905 808 οὑ
1937 752 2087 806 διέλι-

496 879 590 913 πεν
608 857 657 910 ἐν
679 855 985 914 ὲκκλησίαις,
1014 852 1063 903 ἐν
1091 850 1317 914 πόλεσιν,
1340 850 1389 903 ἐν
1412 849 1692 922 ἐμπορίοις,
1714 848 1795 899 καί
1819 846 1868 899 ἐν
1890 845 2088 914 ἐ.-·άστῳ

497 949 642 1017 τόπῳ
691 952 789 1000 τῶν
834 948 1029 997 πιστῶν
1072 938 1391 1013 διατρέχων,
1431 941 1514 991 καὶ
1541 940 1633 997 τὰς
1665 944 1765 991 τῶν
1809 935 2091 989 ἀκουόντων

502 1036 715 1111 καρδίας
755 1035 825 1093 εἰς
868 1033 951 1087 τὸν
988 1031 1140 1084 πόθον
1178 1038 1269 1088 τῆς
1318 1026 1346 1065 δ
1388 1029 1592 1083 αἰωνίου
1636 1031 1771 1090 ζωῆς
1810 1026 2089 1099 διεγείρων.

503 1130 640 1185 Πάνυ
685 1126 738 1180 δέ
772 1122 1148 1180 εὐτελεστάτοις
1186 1118 1458 1187 ἐνδὺμασιν
1506 1116 1779 1191 ἐκέχρητο*
1814 1116 1945 1168 ὥστε
1975 1114 2093 1171 τοὺς

505 1226 575 1287 μή
604 1220 944 1291 γινώσκοντας
962 1213 1112 1267 αὑτὸν
1132 1208 1602 1284 προσκυνουμένους
1623 1206 1748 1282 παρ’
1770 1206 1945 1269 αὑτοῦ,
1978 1200 2095 1271 βδε-

504 1307 776 1361 λύττεσθαι
804 1309 979 1357 τοῦτον
1005 1302 1492 1372 ὼτιπροσκυνῆσαι.
1522 1306 1596 1348 Ἐν
1627 1294 1815 1367 ἑτέροις
1843 1292 1895 1347 δέ
1920 1290 2095 1350 τόποις

505 1397 868 1471 πορευόμενος,
900 1403 921 1430 ο
949 1390 1060 1452 ἔθος
1077 1387 1134 1449 ἧν
1157 1391 1295 1456 αὑτῷ
1316 1396 1388 1460 τῷ
1414 1386 1755 1457 εὑτελεστάτῳ
1775 1386 1978 1440 πάντων
1996 1390 2096 1437 τῶν

507 1492 559 1544 ἐν
582 1499 654 1562 τῷ
680 1489 1002 1562 μοναστηρίῳ
1026 1487 1199 1539 ἵππων
1230 1483 1489 1541 ἐπιϐῆναι.
1535 1483 1844 1551 Καπιστρὶῳ
1885 1478 1939 1534 δέ
1986 1481 2098 1534 ἀντέ

517 1581 816 1653 χαλιναρίου
838 1618 853 1640 ,
881 1580 966 1631 καὶ
994 1578 1105 1631 ἀντὶ
1130 1575 1307 1633 σέλλης
1337 1573 1554 1647 δέρμασι
1586 1573 1855 1644 προϐάτων
1883 1574 2096 1647 ἐχρῆτο.

512 1672 619 1726 Τὰς
648 1667 698 1720 δὲ
724 1670 863 1743 ἱεράς
894 1667 1122 1735 βίϐλους,
1156 1667 1207 1718 ἐν
1238 1662 1520 1738 δερματίνῳ
1550 1661 1791 1733 δισακκίῳ
1820 1661 2097 1725 ἐϐάσταζε,

1721 274 1957 333 SANCTI
1998 269 2321 325 GREGORII
2364 266 2570 323 DHCNI

490 412 545 468 δέ
592 415 826 465 πλεῖστοι
869 405 1045 463 οἵτινες
1091 405 1171 457 καί
1214 402 1375 475 μέχρι
1414 405 1504 453 τοῦ
1550 392 1801 474 παρόντος
1842 394 2079 466 περίεισι.

2220 384 2294 438 ted
2326 378 2447 452 quid
2487 380 2601 449 plus
2640 376 2839 446 quatris
2882 373 3085 441 operis,

3658 253 3772 309 172

3137 369 3350 441 quando
3398 368 3769 423 concordabat

2187 480 2309 531 vita:
2357 472 2612 529 munditia
2662 485 2781 524 cum
2835 467 3011 522 studio
3066 461 3501 533 praedicationis?
3561 461 3773 514 Tantus

2186 568 2383 637 quippe
2406 564 2551 617 illum
2578 562 2754 614 fervor
2776 558 2840 611 ad
2866 554 3189 624 colligendas
3221 554 3325 608 Deo
3351 552 3554 605 animas
3576 565 3776 605 accen-

2191 659 2366 722 derat,
2412 664 2472 707 ut
2520 654 2597 706 sic
2645 648 2987 705 monasteriis
3037 652 3309 714 praeesset,
3369 652 3635 711 quatenus
3674 656 3778 709 per

2190 747 2481 812 ecclesias,
2535 760 2628 813 per
2672 752 2875 805 castra,
2932 755 3024 807 per
3072 738 3240 804 vicos,
3294 722 3388 804 per
3437 735 3775 804 singulorum

2191 852 2406 909 quoque
2456 836 2691 890 fidelium
2742 832 2933 886 domos
2978 830 3398 895 circumquaque
3424 824 3777 887 discurreret,

2194 941 2248 985 et
2278 927 2437 983 corda
2475 922 2801 978 audientium
2833 925 2897 973 ad
2929 932 3168 972 amorem
3206 916 3390 985 patria:
3416 913 3651 968 cmlestis
3679 928 3783 967 ex-

2192 1022 2402 1076 citaret.
2448 1017 2577 1072 Erat
2608 1030 2733 1069 vero
2765 1012 2919 1065 valde
2950 1009 3068 1064 vilis
3112 1009 3165 1062 in
3208 1006 3465 1070 vestibus,
3514 1014 3670 1073 atque
3701 1003 3783 1057 ita

2196 1112 2510 1181 despectus,
2542 1116 2603 1162 ut
2628 1106 2672 1159 si
2703 1104 2822 1172 quis
2854 1101 3001 1156 illum
3034 1100 3261 1153 fortasse
3290 1095 3545 1161 nesciret,
3576 1093 3786 1147 saluta-

2197 1212 2283 1257 tus
2324 1203 2484 1257 etiam
2524 1197 2819 1252 resalutare
2850 1192 3169 1259 despiceret,
3206 1197 3261 1244 et
3290 1188 3499 1256 quoties
3527 1185 3626 1238 alia
3659 1194 3789 1237 ten-

2197 1293 2355 1347 debat
2376 1291 2441 1344 ad
2469 1290 2605 1350 loca,
2636 1286 2664 1323 ιι
2689 1285 2991 1355 iumentum
3020 1280 3207 1335 sedere
3233 1284 3608 1337 consueverat,
3633 1274 3786 1343 quod

2203 1377 2585 1449 despicabilius
2635 1373 2884 1427 omnibus
2929 1369 3188 1439 iumentis
3235 1366 3288 1420 in
3333 1366 3468 1420 cella
3520 1363 3790 1431 potuisset

2204 1469 2458 1540 reperiri;
2494 1468 2545 1521 in
2577 1479 2682 1534 quo
2718 1464 2878 1518 etiam
2919 1462 3151 1528 capistro
3194 1472 3289 1527 pro
3321 1456 3492 1519 freno,
3515 1463 3569 1508 et
3593 1467 3787 1506 verveo

2203 1576 2322 1615 cum
2354 1557 2580 1627 pellibus
2610 1570 2705 1624 pro
2728 1553 2859 1607 sella
2888 1552 3154 1603 utebatur.
3182 1548 3351 1615 Super
3384 1546 3399 1580 ί
3432 1543 3791 1609 semetipsum

2205 1666 2389 1707 sacros
2439 1648 2651 1702 codices
2694 1644 2745 1698 in
2789 1642 3029 1711 pelliceis
3080 1638 3308 1694 sacculis
3354 1636 3547 1690 missos
3594 1634 3791 1687 dextro

511 1760 598 1811 καί
622 1755 749 1811 ὅπου
772 1755 814 1809 δ’
841 1751 898 1808 ἀν
925 1757 1221 1827 ἀπήρχετο,
1252 1759 1340 1811 τὴν
1360 1760 1450 1811 τῆς
1470 1760 1661 1825 γραφῆς
1685 1753 1893 1821 ἀνοίγων
1914 1756 2099 1822 πηγὴν,

2220 1746 2451 1809 laevoque
2497 1736 2748 1808 portabat
2777 1736 2963 1797 latere,
2997 1742 3052 1787 ct
3080 1743 3396 1800 quocunque
3426 1727 3787 1796 pervenisset,

511 1854 601 1907 τὴν
626 1855 723 1901 τῶν
750 1846 1003 1914 νοημάτων
1025 1842 1223 1905 έπότιζε
1250 1850 1360 1913 γῆι.
1386 1840 1603 1914 ’Έφθασε
1629 1840 1682 1895 δέ
1710 1844 1796 1895 καὶ
1822 1843 1985 1914 μέχρι
2013 1850 2105 1901 τῆς

514 1948 617 1997 τῶν
644 1938 895 2007 Ῥωμαίων
915 1935 1104 1993 πόλεως
1131 1935 1161 1991 ἡ
1185 1936 1320 2003 φήμη
1338 1940 1428 1992 τῆς
1454 1932 1617 1999 αὑτοῦ,
1635 1932 1907 2003 κηρύξεως.
1936 1932 2107 1990 Καθὼς

518 2033 574 2087 δέ
604 2029 710 2090 ἔθος
742 2035 847 2088 τοῖς
874 2021 899 2062 δ
926 2025 1122 2088 κόλαξιν
1145 2026 1403 2096 ὑπάρχει,
1435 2020 1520 2076 διά
1549 2029 1639 2081 τῆς
1670 2023 1853 2082 οἰκείας
1881 2021 2107 2093 γλώττης

516 2127 613 2175 τοῦ
632 2117 951 2194 ἀκροωμένου
970 2116 1141 2173 αὐτοῖς
1156 2117 1245 2171 τήν
1266 2112 1337 2182 diu
1346 2117 1445 2181 χὴν
1460 2112 1851 2180 ἐπισπωμένους
1867 2112 2106 2181 φονεύειν,

518 2212 633 2269 κατ’
664 2212 839 2265 ἐκεῖνον
864 2210 950 2262 τὸν
977 2207 1144 2279 καιρὸν
1172 2205 1217 2257 οἱ
1244 2204 1469 2275 κληρικοὶ
1498 2203 1686 2257 τούτου
1716 2208 1806 2257 τοῦ
1836 2201 2109 2256 ἀποστολιο

518 2310 607 2358 κοῦ
647 2303 823 2379 θρόνου
864 2307 937 2365 τῷ
981 2296 1215 2371 προέδρῳ
1256 2304 1279 2331 θ
1317 2296 1738 2372 ἀργολογοῦντες,
1780 2292 1980 2366 ἔλεγον·
2024 2297 2110 2353 Τίς

523 2394 659 2447 ἐστιν
682 2390 707 2444 ό
728 2388 959 2460 ἄγροικος
982 2384 1247 2460 ἄνθρωπος
1269 2382 1436 2447 οὗτος,
1470 2381 1522 2443 ὅς
1548 2404 1604 2437 τε
1627 2388 1716 2441 τήν
1742 2391 1833 2443 τῆς
1863 2384 2110 2459 κηρύξεως

523 2482 780 2536 αὖθεντίαν
802 2479 971 2549 ἐαυτῷ
1000 2478 1302 2540 ἐπισπᾶται,
1330 2477 1412 2530 καὶ
1432 2479 1522 2533 τόν
1547 2472 1800 2529 διακονίαν
1826 2484 1916 2534 τῆς
1948 2470 1965 2510 ί
1996 2476 2114 2544 ὑμε-

522 2573 672 2648 τέρας
694 2610 710 2635 ,
742 2568 988 2629 δέσποτα,
1016 2568 1359 2639 παναγιστίας
1398 2569 1471 2624 εἰς
1507 2565 1689 2619 ἑαυτὸν
1739 2568 2108 2634 μετατέθεικεν,

523 2661 813 2731 αὐτομολῶν
858 2660 1251 2730 ἁμαθᾶστατος;
1283 2658 1554 2728 Πεμφθήτω
1583 2653 1697 2721 οὖν,
1740 2660 1784 2711 εἰ
1814 2655 1947 2711 δοκεῖ
1971 2658 2110 2727 ὑμῖν,

528 2752 589 2812 ὅς
616 2774 693 2811 τις
720 2752 871 2806 αὐτόν
901 2749 1115 2804 ἐνταῦθα
1162 2748 1338 2818 ὀφείλει
1369 2748 1578 2817 ἀγαγεῖν
1595 2787 1609 2812 ,
1634 2748 1715 2799 ἵνα
1743 2753 1844 2817 γνῷ
1872 2748 1947 2805 τίς
1976 2748 2006 2803 ἡ
2031 2747 2111 2800 ἐκ·

527 2845 865 2904 κλησιαστικὴ
895 2842 1213 2901 κατάστασις
1245 2841 1505 2914 ὑπάρχει.
1540 2840 1769 2913 Καθάπερ
1802 2838 1853 2892 δέ
1883 2838 2115 2899 πολλάκις

530 2934 799 3003 συμϐαίνει
825 2935 944 3006 περί
973 2931 1129 2986 πολλὰ
1152 2938 1241 2989 τῆς
1267 2930 1448 3000 ψυχῆς
1479 2929 1886 2998 ἀσχολουμένης,
1918 2934 2007 2987 τήν
2036 2950 2118 2982 κο·

530 3026 720 3080 λακείαν
746 3025 796 3076 ἐν
833 3024 959 3095 αὑτῇ
991 3026 1173 3097 χώραν
1204 3022 1506 3092 λαμϐάνειν,
1539 3018 1627 3074 ἐὰν
1652 3024 1723 3090 μή
1753 3021 1996 3091 ἀγρὺπνῳ
2027 3039 2119 3092 φυ-

2207 1832 2599 1899 Scripturarum
2650 1825 2925 1895 aperiebat
2975 1823 3212 1883 fontem,
3266 1830 3322 1874 et
3370 1818 3575 1887 rigabat
3633 1824 3792 1885 prata

2208 1922 2486 1979 mentium.
2512 1918 2678 1987 Huius
2709 1930 2919 1985 quoque
2946 1913 3125 1983 Opinio
3156 1908 3548 1981 praedicationis
3574 1907 3639 1961 ad
3672 1908 3793 1960 Ro-

2210 2029 2380 2068 manae
2406 2010 2556 2065 urbis
2585 2008 2828 2063 notitiam
2860 2005 3100 2075 pervenit
3128 2020 3141 2067 ;
3176 2011 3337 2070 atque
3375 1999 3454 2071 (ut
3484 2007 3567 2053 est
3604 1998 3791 2067 lingua

2216 2103 2548 2157 adulantium
2589 2098 2845 2153 auditoris
2882 2096 2963 2151 sui
3006 2094 3237 2148 animam
3285 2088 3659 2159 amplectendo
3690 2103 3789 2141 ne~

2219 2196 2397 2263 cans),
2418 2192 2604 2247 eodem
2636 2199 2874 2258 tempore
2897 2184 3077 2241 clerici
3110 2182 3264 2251 huius
3306 2180 3610 2250 apostolicae
3643 2178 3795 2231 sedis

2220 2284 2443 2340 antistiti
2491 2280 2756 2336 adulando
2804 2277 2976 2347 questi
3022 2284 3168 2339 sunt,
3219 2273 3499 2327 dicentes:
3531 2270 3662 2337 Quis
3704 2278 3795 2323 est

2217 2376 2319 2430 iste
2348 2374 2428 2428 vir
2471 2371 2723 2435 rusticus,
2749 2368 2839 2437 qui
2870 2366 3236 2420 auctoritatem
3262 2362 3363 2418 sibi
3393 2361 3794 2430 praedicationis

2213 2465 2464 2535 arripuit,
2497 2472 2553 2519 et
2581 2459 2819 2516 officium
2843 2457 3124 2529 apostolici
3150 2455 3318 2510 nostri
3345 2454 3553 2508 Domini
3580 2452 3795 2506 sibimet

2215 2558 2464 2613 indoctus
2509 2567 2767 2623 usurpare
2811 2549 3120 2621 praasumit?
3156 2548 3393 2603 Mittatur
3421 2559 3573 2615 ergo,
3607 2545 3652 2599 si
3682 2546 3797 2612 pla-

2215 2659 2321 2715 cet,
2354 2646 2443 2717 qui
2472 2646 2575 2699 huc
2600 2658 2721 2698 eum
2761 2640 3034 2703 exhibeat,
3066 2647 3127 2692 ut
3154 2637 3273 2707 quis
3304 2636 3375 2690 sit
3398 2633 3800 2691 ecclesiasticus

2217 2740 2364 2808 vigor
2404 2742 2681 2805 agnoscat.
2730 2732 2880 2787 Sicut
2921 2739 3098 2783 autem
3130 2728 3296 2782 moris
3336 2734 3419 2781 est
3449 2735 3508 2779 ut
3536 2731 3799 2790 occupato

2219 2832 2271 2886 in
2299 2830 2482 2885 nmltis
2510 2827 2690 2881 animo
2719 2825 2958 2879 adulatio
2989 2822 3141 2877 valde
3174 2822 3449 2890 subrepat,
3495 2819 3539 2873 si
3581 2818 3646 2871 ab
3681 2818 3799 2885 ipso

2223 2922 2403 2976 cordis
2433 2920 2574 2974 ostio
2600 2930 2933 2987 nequaquam
2971 2915 3128 2986 169
3170 2913 3329 2969 fuerit
3359 2912 3516 2966 citius
3559 2910 3799 2979 repulsa,

2226 3011 2576 3067 suadentibus
2601 3023 2659 3064 se
2682 3007 2893 3063 clericis
2927 3019 3247 3060 consensum
3284 3001 3518 3071 pontifex
3552 2999 3801 3069 praebuit,

531 3116 650 3188 λακῇ
682 3115 729 3177 ἐξ
760 3114 913 3172 αὐτῆς
942 3114 1247 3185 ἀποπεμφθῇ
1271 3150 1286 3175 ,
1333 3111 1519 3168 συνέϐη
1548 3112 1632 3163 καὶ
1678 3110 1790 3165 τότε
1818 3118 1922 3170 τοῖς
1952 3108 2111 3165 δελεά-

2226 3110 2283 3156 υι
2315 3102 2379 3155 ad
2419 3101 2716 3154 Romanam
2762 3098 2943 3152 urbem
2984 3094 3176 3150 deduci
3215 3093 3504 3159 debuisset,
3555 3100 3608 3146 et
3648 3104 3800 3159 qna:-

531 3211 701 3269 ζουσιν
720 3205 865 3256 αὑτὸν
1073 3202 1324 3273 κληρικοῖς
1343 3200 1631 3254 συναινέσαι
1652 3201 1739 3253 τόν
1764 3200 2115 3273 πατριάρχην,

534 3301 611 3351 καί
641 3298 726 3350 τόν
757 3296 911 3349 αὑτὸν
939 3294 1223 3365 ἀγιὼτατον
1265 3290 1425 3367 ἄνδρα
1454 3289 1671 3345 Ἐκὺτιον
1703 3292 1749 3344 ἐν
1790 3298 1853 3363 τῇ
1879 3297 1977 3346 τῶν
2018 3302 2122 3343 Ῥω-

536 3389 693 3455 μαίων
724 3382 864 3439 πόλει
894 3385 1157 3454 ἐνεχθῆναι
1180 3383 1455 3445 ἐκέλευσεν,
1489 3378 1631 3440 ὅπως
1659 3382 1724 3434 τά
1751 3380 1934 3435 ἑαυτοῦ
1959 3383 2122 3454 μέτρα

537 3479 688 3533 ὁποῖά
713 3478 851 3531 ἐστιν
898 3477 1259 3548 ἐπιγνώσηται.
1289 3472 1547 3526 Ἰουλιανόν
1591 3470 1642 3526 δέ
1674 3472 2003 3535 ἀποστείλας,
2037 3474 2123 3527 τόν

539 3576 808 3628 τηνικαῦτα
851 3566 1125 3638 δεφένσορα
1170 3566 1508 3638 ὑπάρχοντα,
1539 3563 1783 3632 ἐσχάτως
1821 3561 1875 3617 δέ
1914 3566 1998 3617 καί
2033 3568 2126 3621 τήν

538 3663 816 3716 ἐπισκοπὴν
856 3664 947 3716 τῆς
992 3657 1041 3707 ἐν
1084 3652 1263 3723 Σαϐίνῃ
1299 3652 1562 3711 ἐκκλησίας
1596 3648 1909 3717 διιθὺνοντα,
1944 3658 2126 3706 τοῦτον

539 3751 826 3814 ἐκέλευσεν,
861 3745 1001 3805 ὅπως
1031 3746 1081 3797 ἐν
1108 3748 1323 3815 μεγίστῃ
1353 3752 1473 3813 τιμῇ
1503 3744 1700 3815 ἀγάγῃ,
1729 3743 1809 3796 ἵνα
1833 3748 1903 3811 μή
1934 3744 1981 3796 ἐν
2011 3744 2128 3811 οἱῳ-

541 3839 726 3898 δήποτε
755 3836 928 3907 τρόπῳ
950 3834 976 3889 ό
1000 3840 1089 3888 τοῦ
1112 3838 1241 3887 Θεοῦ
1271 3832 1443 3891 δοῦλος
1475 3833 1620 3903 ὕϐριν
1648 3834 1913 3907 ὑπομείνῃ.
1947 3836 2127 3893 ’ἱκανός

539 3930 596 3986 δέ
618 3938 720 3989 τοῖς
749 3928 1000 4002 κληρικοῖς
1022 3928 1072 3980 ἐν
1101 3926 1263 3995 τούτῳ
1291 3925 1443 3978 θέλων
1470 3924 1670 3995 ὀφθῆναι
1693 3963 1706 3988 ,
1738 3926 1869 3996 μετά
1900 3923 2129 3985 σπουδῆς

543 4022 595 4075 ἐν
621 4027 692 4090 τῷ
714 4018 1034 4091 μοναστηρίῳ
1067 4015 1359 4070 κατέλαϐεν·
1389 4016 1472 4067 καί
1494 4018 1673 4068 τοῦτον
1700 4014 1865 4066 ἐκεῖσε
1897 4017 1965 4082 μή
1987 4014 2128 4084 εὑρη-

543 4116 665 4180 κὼς,
688 4114 805 4171 τοὺς
830 4118 927 4165 τῶν
952 4107 1171 4180 ἀδελφῶν
1196 4110 1527 4180 προὺχοντας
1558 4107 1605 4159 ἐν
1717 4113 1840 4177 μονῇ
1862 4105 2128 4176 καλλιγρα-

548 4212 759 4278 φοῦντας
786 4203 1115 4272 θεασάμενος,
1144 4200 1331 4272 ἤρξατο
1362 4199 1639 4271 ἐπερωτᾷν,
1672 4205 1768 4251 ποῦ
1805 4197 1830 4251 ό
1863 4198 2130 4269 ἡγούμενος

547 4298 800 4372 ὑπάρχει.
829 4296 954 4370 Πρός
983 4291 1035 4345 ίν
1063 4292 1418 4365 ἀποκριθέντες
1446 4284 1583 4341 εἶπον
1604 4304 1617 4317 ⁸
1651 4286 1730 4341 Ἑν
1752 4290 1914 4361 ταύτῃ
1939 4297 2000 4363 τῇ
2031 4309 2132 4342 κοι-

547 4388 659 4443 λάδι
682 4427 698 4453 ,
728 4396 789 4459 τῇ
818 4395 892 4459 τῷ
923 4388 1243 4458 μοναστηρίῳ
1288 4380 1584 4452 ὑποκειμένη
1614 4381 1809 4454 χόρτον
1848 4381 2047 4456 θερίζει.
2077 4392 2130 4433 '0

2233 3210 2355 3248 nam
2378 3208 2470 3248 sua
2496 3200 2640 3247 esset
2667 3204 2918 3245 mensura
2941 3194 3304 3257 cognosceret.
3328 3185 3599 3240 Julianum
3620 3192 3800 3237 tamen

2238 3298 2363 3341 tunc
2390 3284 2726 3341 defensorem
2777 3284 3013 3346 mittens,
3070 3281 3157 3351 qui
3207 3279 3486 3335 Sabinensi
3540 3275 3797 3330 Ecclesia:

2233 3378 2570 3449 postmodum
2604 3378 2654 3431 in
2688 3376 2995 3445 episcopatu
3028 3372 3252 3442 przefuit,
3294 3370 3394 3425 hoc
3429 3369 3707 3439 praecepit,
3745 3377 3803 3421 nt

2227 3484 2418 3539 magno
2463 3482 2584 3523 cum
2635 3467 2838 3520 honore
2878 3480 2999 3519 eum
3029 3463 3347 3527 deduceret,
3382 3476 3481 3515 nec
3513 3460 3803 3529 quidquam

2236 3562 2329 3616 Dei
2359 3559 2590 3613 famulus
2619 3572 2685 3611 ex
2716 3556 3071 3611 conventione
3099 3553 3287 3609 eadem
3322 3552 3527 3620 iniuria:
3556 3551 3805 3604 sentiret.

2232 3651 2332 3719 Qui
2368 3664 2554 3721 parere
2585 3649 2652 3703 de
2690 3662 2755 3704 eo
2786 3648 3105 3703 clericorum
3150 3646 3288 3698 votis
3320 3643 3559 3697 concitus
3586 3641 3805 3706 volens,

2229 3741 2425 3796 festiue
2450 3741 2515 3795 ad
2545 3739 2662 3809 eius
2686 3737 3071 3792 monasterium
3101 3734 3359 3801 cucurrit,
3384 3733 3560 3800 ibique
3582 3731 3808 3785 absente

2230 3832 2321 3886 illo
2355 3833 2367 3882 i
2414 3830 2746 3899 antiquarios
2779 3828 3071 3883 scribentes
3107 3825 3324 3894 reperit,
3351 3823 3440 3878 ubi
3469 3823 3633 3876 abbas
3658 3829 3808 3875 esset

2230 3923 2524 3994 inquisivit.
2556 3923 2657 3991 Qui
2684 3922 2931 3977 dixerunt
2957 3937 2969 3972 :
2998 3920 3054 3973 In
3086 3920 3223 3972 valle
3254 3917 3354 3972 hac
3382 3931 3503 3986 qum
3538 3924 3808 3967 monaste-

2232 4018 2310 4071 rio
2340 4015 2601 4083 subiacet,
2656 4013 2835 4068 fenum
2877 4018 3043 4066 secat.
3091 4009 3235 4063 ldem
3283 4022 3409 4062 vero
3448 4005 3690 4060 Julianus
3717 4019 3809 4057 su-

2233 4108 2451 4176 perbum
2494 4105 2651 4160 valde
2696 4114 2855 4174 atque
2904 4113 3275 4157 contumacem
3323 4113 3543 4168 puerum
3594 4097 3807 4157 habuit,

2239 4198 2324 4251 cui
2354 4196 2439 4249 vix
2469 4204 2681 4266 poterat
2722 4194 2807 4250 vel
2840 4193 2956 4261 ipse
2996 4191 3280 4247 dominari.
3310 4190 3459 4243 Hunc
3487 4202 3612 4254 ergo
3640 4186 3810 4247 misit,

2232 4298 2286 4343 nt
2316 4290 2484 4358 ipsum
2516 4289 2583 4342 ad
2612 4302 2669 4342 se
2710 4287 2811 4342 sub
2851 4287 3129 4340 celeritate
3179 4284 3511 4353 perduceret.
3567 4280 3813 4335 Perrexit

2234 4395 2385 4448 pttet‘,
2417 4388 2471 4434 et
2501 4388 2752 4448 protervo
2775 4376 2967 4447 spiritu
3002 4383 3210 4444 pratum
3240 4374 3488 4428 velociter
3515 4374 3813 4440 ingressus,

546 4480 597 4536 δέ
642 4482 796 4540 αὑτός
840 4479 1098 4537 Ἰουλιανὸς
1142 4474 1306 4531 παῖδα
1332 4471 1445 4542 εἶχε
1480 4476 1615 4528 πάνυ
1656 4482 1679 4518 8
1722 4474 2020 4547 ἐπαρμένον,
2052 4496 2111 4527 κα

2238 4485 2531 4538 omnesque
2577 4470 2684 4525 illic
2732 4470 2942 4523 intuens
2992 4466 3174 4520 fenum
3224 4474 3490 4529 secantes,
3532 4462 3816 4530 requisivit

548 4574 858 4650 ὑπερήφανον
887 4568 937 4624 όν
965 4573 1047 4625 καί
1077 4569 1233 4629 αὑτὸς
1263 4568 1401 4633 μόλις
1432 4572 1693 4641 κυριεῦσαι
1723 4565 1955 4624 ἠδύνατο.
2000 4572 2130 4619 τοῦ·

619 4718 643 4743 ⁸
676 4706 906 4775 Uterque
937 4705 1080 4767 5158.,
1118 4713 1390 4777 συμφωνεῖ.

620 4777 645 4813 δ
674 4777 830 4848 ﬂag,
863 4779 1183 4848 ἐπουρανίου.

622 4855 643 4915 ‘f
674 4842 822 4909 MSS}
852 4844 967 4906 ἔθος
993 4842 1107 4915 εἶχε
1134 4852 1227 4914 τῷ.
1260 4845 1325 4899 Ει
1351 4844 1505 4914 paulo
1538 4851 1672 4913 post,
1707 4844 1998 4899 ἐπιϐαίνειν.

619 4913 645 4951 ά
677 4916 731 4969 1η
761 4925 1007 4981 utroque,
1041 4913 1257 4982 κόλαξιν.

621 4994 645 5059 °_
674 4986 834 5059 303.,
861 4977 1224 5059 κολακεύοντες.
1262 4981 1435 5050 Colb.,
1466 4983 1971 5059 ἀργοκωμωδοῦντες·

625 5055 643 5090 ¹
674 5055 828 5131 Βθςη
860 5058 1128 5131 ἡμετέρας.

623 5133 647 5198 .3
680 5124 836 5198 Beg'v
853 5124 1159 5198 ἐπηρμένονῖ

619 5191 649 5229 δ
680 5193 816 5248 Pler.
852 5191 1070 5260 Exc'u'si,
1094 5197 1328 5264 jumento
1348 5194 1540 5257 sedere,
1569 5192 1708 5264 quod
1732 5192 1889 5264 etiam
1923 5191 2123 5264 habent

552 5264 717 5343 pauci
758 5264 885 5345 Mss.
927 5264 1008 5345 De.
1049 5262 1149 5319 hoc
1197 5264 1444 5345 loquendi
1495 5263 1691 5343 modo,
1744 5262 2010 5345 Gregorio
2070 5273 2123 5316 et

554 5334 770 5413 coagvis,
803 5341 893 5386 aut
939 5333 1531 5413 etiamantiquioribns
1572 5333 1926 5413 scriptoribus
1974 5333 2123 5384 fami-

557 5402 672 5455 liari
709 5402 814 5465 iam
847 5406 1258 5469 prmmonuimus
1286 5406 1335 5457 in
1369 5414 1488 5455 nota
1519 5404 1583 5456 ad
1617 5404 1653 5457 l.
1684 5418 1699 5454 ι
1734 5402 1940 5463 Mor.il.,
1972 5417 2117 5454 num.

680 5470 811 5525 Vide
852 5484 1106 5540 praeterea
1145 5474 1179 5529 l.
1221 5489 1253 5526 ιι
1286 5474 1336 5526 in
1367 5473 1592 5529 Ezecb..
1626 5474 1771 5526 hom.
1805 5472 1838 5527 5
1891 5487 2038 5524 num.
2068 5472 2125 5535 2,

557 5554 667 5593 ηοι.

639 5608 849 5681 iEditi,
900 5628 988 5681 per
1037 5613 1415 5681 δεικνύμενοι,
1466 5612 1589 5666 Mss.
1648 5611 1861 5673 Gcrm.,
1916 5610 2127 5673 Noran,

557 5676 787 5747 Thcod.,
804 5676 917 5737 Val.
937 5682 1044 5747 CL,
1067 5676 1313 5752 Long'ip.,
1341 5681 1662 5749 Compend.,
1688 5692 1816 5745 etc.,
1838 5681 2129 5745 sequimur.

2236 4560 2480 4631 quisnam
2537 4569 2680 4614 esset
2733 4560 2997 4630 Equitius.
3048 4557 3282 4624 Moxque
3330 4565 3385 4610 ut
3431 4554 3636 4609 audivit
3683 4554 3808 4621 quis

2303 4705 2318 4753 t
2358 4695 3069 4771 Antiquaﬁriorumiaborem
3101 4694 3410 4771 monachos
3434 4688 3819 4771 max-iambe-

2229 4786 2352 4826 cere
2393 4758 2517 4840 iam.
2549 4767 2958 4840 observavimus
2991 4763 3045 4840 in
3101 4763 3225 4840 Vita
3260 4761 3574 4840 Cassiqdori
3610 4758 3819 4840 Qaltife

2228 4828 2444 4908 scripta,
2478 4842 2513 4893 Ι.
2549 4855 2627 4903 ιιι,
2657 4853 2705 4891 c.
2739 4836 2814 4908 κεί,⁸
2851 4834 2878 4908 §
2913 4832 2982 4908 λδ.
3029 4833 3170 4908 L_ege
3212 4834 3384 4908 ipsum
3428 4829 3723 4908 Cassiod.,_
3747 4828 3821 4883 de

2231 4899 2402 4965 Instit.
2433 4899 2483 4963 ἒ.
2515 4899 2623 4971 50,
2645 4916 2699 4961 et
2725 4899 3017 4972 Sulpicium
3051 4899 3200 4968 Sev,
3227 4902 3294 4956 de
3329 4900 3439 4972 Vita
3470 4899 3642 4953 sancti
3676 4899 3820 4972 Mar-

2232 4982 2348 5045 tini,
2380 4996 2428 5035 c.
2460 4980 2521 5041 7,
2570 4969 2659 5031 ubi
2707 4969 2931 5029 laudans
2958 4972 3295 5045 disciplinam
3326 4971 3377 5045 in
3411 4969 3741 5045 monasterio
3785 4984 3819 5045 a

2229 5040 2414 5103 sancto
2442 5049 2665 5103 Μειδιὶηο
2695 5046 2987 5099 institutam
3019 5062 3030 5095 :
3063 5040 3180 5105 Ars,
3218 5041 3410 5109 inquit,
3459 5040 3547 5100 ibi,
3592 5040 3821 5107 exceptis

2230 5120 2577 5188 scriptoribus,
2604 5117 2750 5188 nulla
2769 5114 3065 5188 (labebatur.
3093 5113 3147 5188 |_n
3174 5112 3287 5165 Vita
3312 5110 3820 5188 sanctifipiphanii,

2231 5180 2446 5267 auctori:
2490 5186 2717 5267 quodam
2749 5185 2866 5266 eius
2895 5184 3353 5267 discipulonnum.
3387 5182 3450 5235 5:
3484 5180 3725 5267 Occurrit
3749 5181 3827 5267 ’.τε

2232 5260 2437 5325 quidam
2470 5251 2543 5310 vir
2574 5251 2917 5314 Christianus,
2950 5251 3151 5306 nomine
3174 5253 3455 5312 Lucianus,
3480 5251 3825 5301 admirandus

2232 5323 2276 5383 et
2309 5331 2560 5389 eruditus,
2589 5329 2673 5395 qui
2705 5328 2858 5379 vitam
2887 5325 3145 5379 exercebat
3172 5326 3519 5379 monasticam,
3547 5330 3590 5371 et
3615 5323 3827 5387 eleg/om-

2239 5402 2300 5453 tis
2332 5400 2523 5451 librarii
2546 5410 2705 5450 artem
2734 5396 2965 5465 apprime
2986 5396 3200 5457 tenebat,
3235 5396 3376 5459 eique
3397 5407 3586 5443 "000m
3614 5404 3829 5441 stre-mc

2239 5486 2443 5537 cperam
2472 5485 2532 5521 ea:
2557 5485 2617 5520 ea
2649 5460 2826 5535 panem
2865 5465 3115 5530 quwrebat
3142 5465 3519 5537 quotidianum.
3550 5461 3729 5513 Sacris
3767 5460 3828 5510 li-

2240 5533 2347 5592 bris
2377 5533 2739 5592 itescribendis
2777 5537 2936 5590 etiam
2986 5533 3416 5586 sanetimoniales
3464 5545 3679 5597 Operam
3732 5546 3828 5581 na-

2240 5624 2410 5670 vassc,
2446 5609 2633 5674 probat
2657 5609 2956 5670 exemplum
2990 5603 3227 5659 Melania:
3251 5602 3495 5672 iunioris.
3529 5600 3659 5653 Vide
3691 5603 3827 5653 Sur.

2239 5678 2303 5732 ad
2336 5681 2473 5734 diem
2503 5677 2565 5731 51
2600 5677 2854 5734 Januarii.
