3968 6362
143 299 215 357 173

1367 293 1811 353 DIALOGORL'M
1850 294 2051 349 LIBER
2087 294 2124 349 Ι.

3268 301 3372 360 ιιι

138 424 272 478 esset,
301 426 426 468 eum
455 410 644 466 adhuc
671 411 826 480 longe
855 409 1056 480 positus
1085 409 1312 479 aspexit,
1340 419 1395 464 et
1423 411 1687 463 immenso

1818 431 1879 462 'ov
1905 405 1992 462 οὖν
2016 412 2145 484 πρὸς
2168 410 2322 466 αὐτὸν
2344 411 2658 477 ἀπέστειλεν,
2673 411 2812 475 ὅπως
2830 419 2960 486 μετὰ
2980 417 3208 480 σπουδῆς
3227 423 3375 475 αὐτὸν

140 514 298 565 timore
333 513 645 572 correptus,
688 501 853 571 ctepit
891 509 1146 566 tremere,
1180 502 1498 566 lassescere,
1533 515 1696 567 seque

137 604 280 670 ipsum
307 596 524 650 nutanti
551 607 742 662 gressu
769 591 856 646 vix
883 605 1039 660 posse
1066 601 1304 660 portare.
1331 591 1432 658 Qui
1462 599 1696 644 tremens

133 691 183 744 ad
208 686 292 742 Dei
322 685 606 740 hominem
637 681 901 752 pervenit,
925 691 1084 750 atque
1106 681 1250 734 ulnis
1280 680 1555 735 humiliter
1581 680 1696 746 ejus

132 797 277 854 genua
320 777 674 842 deosculans,
727 774 962 838 strinxit,
1015 788 1276 842 suumque
1330 773 1606 827 dominum
1643 769 1694 825 ei

130 872 406 931 occurrisse
459 867 745 923 nuntiavit.
800 865 898 920 Cui
959 864 1249 918 resalutato
1307 862 1404 916 Dei
1463 859 1694 914 famulus

129 961 380 1034 pmcepit,
436 958 666 1012 dicens:
700 956 840 1010 Leva
886 953 1062 1009 fenum
1109 952 1297 1015 viride,
1343 959 1496 1020 porta
1528 948 1696 1019 pabu-

132 1058 222 1109 lum
245 1051 506 1123 jumentis
548 1049 599 1102 in
645 1047 837 1117 quibus
861 1045 1081 1100 venistis
1109 1061 1123 1097 :
1150 1058 1275 1099 ecce
1303 1057 1422 1112 ego,
1453 1042 1578 1110 quia
1607 1054 1699 1110 pa-

126 1163 228 1202 rum
260 1151 531 1212 superest,
562 1154 726 1207 opere
757 1137 970 1206 expleto
1000 1147 1050 1190 te
1081 1135 1396 1202 snbsequor.
1431 1133 1481 1187 ls
1509 1140 1690 1186 autem

122 1237 197 1306 qui
225 1235 428 1286 missus
452 1228 644 1290 fuerat,
672 1226 919 1281 Julianus
942 1223 1194 1279 defensor
1215 1221 1508 1275 mirabatur
1531 1218 1685 1272 valde

121 1329 357 1397 quidnam
381 1331 528 1379 esset
553 1319 692 1391 quod
718 1317 892 1372 redire
909 1324 1207 1370 moraretur
1229 1329 1389 1382 puer:
1415 1327 1536 1366 cum
1562 1325 1693 1366 ecce

123 1427 471 1475 revertentem
505 1426 728 1482 puerum
756 1407 1037 1476 conspicit,
1069 1416 1228 1475 atque
1252 1406 1302 1458 in
1334 1404 1474 1458 collo
1506 1402 1686 1457 fenum

127 1531 178 1568 ex
209 1520 358 1581 prato
410 1507 782 1562 deferentem;
833 1503 923 1572 qui
962 1502 1309 1556 vehementer
1337 1499 1499 1552 iratus
1528 1495 1699 1565 cepit

126 1606 367 1664 clamare,
420 1597 609 1652 dicens
633 1613 649 1649 :
673 1592 812 1661 Quid
841 1591 1086 1648 esthoc?
1121 1591 1230 1660 Ego
1271 1600 1322 1644 te
1358 1589 1474 1642 misi
1523 1587 1696 1640 homi-

129 1713 230 1752 nem
259 1694 558 1756 deducere,
589 1705 695 1744 non
722 1693 898 1743 fenum
926 1695 1158 1756 portare.
1189 1685 1285 1740 Cui
1316 1699 1447 1754 puer
1476 1698 1698 1752 respon-

1798 501 1984 580 ἀγάγῃ.
2007 500 2244 554 ’Λπελθών
2272 499 2325 554 δὲ
2351 501 2377 555 ό
2407 510 2562 565 παῖς,
2587 506 2672 558 καί
2700 505 2967 577 ἀποτόμως
2994 508 3044 560 ἐν
3072 515 3144 579 τῷ
3166 509 3377 581 λιϐαδίῳ

1798 591 2050 652 εἰσελθὼν,
2083 593 2154 651 εἰς
2181 594 2375 653 πάντας
2403 594 2525 652 τοὺς
2552 594 2635 647 τόν
2666 595 2856 668 χόρτον
2897 597 3182 671 θερίζοντας
3209 600 3378 655 ἀτενί-

1800 704 1916 743 σας,
1947 685 2175 747 ἐπεζήτει
2199 685 2278 744 τίς
2309 686 2442 739 ἐστιν
2470 685 2758 746 όἘκύθιος·
2787 690 2854 747 ὠς
2883 686 2936 742 δὲ
2965 687 3274 764 παράὖτῶν
3301 696 3380 753 τίς

1801 775 1909 829 ἐστι
1955 771 2153 846 διέγνω.
2185 778 2394 846 μήκοθεν
2429 783 2620 832 τοῦτον
2675 778 2986 852 ὑπάρχοντα
3031 782 3337 851 θεασάμενος
3360 823 3378 848 ,

1800 867 2123 938 ἀναριθμητῳ
2160 867 2296 937 φόϐῳ
2326 867 2545 937 βληθείς,
2573 868 2760 941 ἤρξατο
2790 871 2990 943 τρέμειν
3019 874 3102 924 καί
3139 873 3378 942 ἀγωνιᾷν,

1800 960 1884 1010 καὶ
1908 956 2050 1026 μόλις
2079 955 2324 1013 δύνασθαι
2353 966 2413 1032 τῇ
2435 965 2521 1011 τοῦ
2551 959 2780 1031 βήματος
2805 963 2991 1016 κινήσει
3018 959 3258 1030 βαδίζειν.
3290 960 3380 1022 ’ος

1800 1072 1877 1110 τις
1907 1053 2032 1124 πρὸς
2071 1053 2157 1107 τόν
2184 1059 2276 1107 τοῦ
2312 1059 2440 1108 Θεοῦ
2480 1051 2740 1128 ἄνθρωπον
2771 1053 3004 1115 δεδοικὼς
3043 1057 3217 1121 ἐλθὼν,
3250 1059 3382 1126 μετά

1801 1143 1976 1200 πάσης
2006 1143 2465 1217 ταπεινοφροσύνης
2507 1150 2614 1202 τοῖς
2655 1147 2801 1197 ποσὶν
2829 1146 2986 1198 αὐτοῦ
3033 1145 3380 1220 περιπλακεὶς,

1802 1236 1886 1287 καί
1931 1235 2140 1294 τούτους
2185 1234 2697 1309 περιπτυσσόμενος,
2743 1241 2832 1294 τήν
2880 1243 2967 1290 τοῦ
3011 1238 3181 1312 κυρίου
3225 1238 3379 1289 αὐτοῦ

1801 1326 2094 1398 παρουσίαν
2123 1325 2170 1377 ἐν
2207 1332 2278 1396 τῷ
2317 1328 2645 1399 μοναστηρίῳ
2695 1326 2956 1396 ἐμήνυσεν.
2997 1322 3202 1378 Ὀντινα
3231 1324 3255 1378 ό
3288 1331 3381 1378 τοῦ

1801 1422 1928 1471 Θεοῦ
1957 1414 2131 1474 δοῦλος
2171 1417 2616 1490 προσαγορεύσας,
2637 1416 2830 1490 χόρτον
2856 1419 2991 1488 αύτῷ
3023 1418 3221 1491 χλωρόν
3252 1419 3382 1472 ἐπᾶο

1802 1525 1887 1578 ραι
1900 1506 2210 1574 προσέταξεν
2232 1507 2300 1565 εἰς
2321 1512 2502 1579 τροφήν
2519 1514 2619 1560 τῶν
2640 1515 2844 1574 κτηνῶν,
2864 1509 2912 1561 ἐν
2939 1505 3009 1568 οἷς
3032 1511 3380 1581 παρεγένοντο,

1800 1595 1969 1666 λέγων·
2001 1592 2230 1657 ’Δπελθῃ
2258 1595 2444 1661 τέκνον,
2477 1598 2559 1650 καὶ
2593 1604 2615 1632 ο
2647 1596 2954 1670 πληροῦντός
2981 1619 3077 1668 μου
3120 1599 3177 1653 τό
3209 1600 3384 1653 Evam-

1803 1695 1974 1759 μεῖναν
2019 1688 2176 1762 ὀλίγον
2225 1686 2391 1761 ἔργον,
2415 1689 2588 1750 εὐθέως
2618 1690 3008 1760 καταλαμϐάνω.
3044 1690 3305 1749 Ἰουλιανὸς
3331 1689 3384 1744 δέ

125 1789 223 1842 dit:
249 1787 418 1851 Quem
465 1781 690 1852 quaeris,
727 1794 856 1834 ecce
885 1778 1246 1846 subsequitur.
1289 1775 1422 1828 Tum
1454 1789 1580 1829 ecce
1607 1774 1686 1827 vir

1818 1780 1826 1831 ἶ
1852 1778 2127 1853 δεφένσωρ,
2156 1780 2353 1852 σφόδρα
2381 1782 2658 1848 ἐθαύμαζεν
2686 1783 2767 1835 ἐπὶ
2791 1790 2851 1856 τῇ
2872 1778 2897 1816 δ
2926 1788 3016 1834 τοῦ
3047 1780 3225 1840 παιδός
3256 1782 3384 1855 βρα-

126 1879 228 1945 Dei,
277 1875 506 1931 clavatis
559 1873 830 1927 calceatus
874 1868 1089 1938 caligis,
1133 1866 1318 1921 falcem
1352 1864 1607 1920 fenariam
1639 1862 1694 1917 in

127 1968 248 2022 collo
275 1966 556 2027 deferens,
591 1961 842 2015 veniebat
866 1977 878 2012 :
904 1973 1058 2027 quem
1087 1955 1261 2010 adhuc
1283 1955 1437 2024 longe
1467 1953 1698 2022 positum

131 2073 241 2125 puer
265 2071 364 2110 suo
397 2054 623 2108 domino
656 2051 780 2120 quia
813 2051 924 2117 ipse
955 2055 1100 2103 esset
1125 2061 1282 2116 quem
1315 2053 1585 2115 qumreret
1613 2045 1697 2098 in-

132 2149 326 2202 dicavit.
363 2147 512 2200 Idem
546 2159 675 2198 vero
700 2141 942 2196 Julianus
967 2146 1190 2208 repente“
1222 2147 1283 2192 ut
1324 2137 1456 2192 vidit
1486 2137 1582 2192 Dei
1612 2135 1702 2189 fa.

137 2240 342 2300 mulum,
374 2252 444 2290 ex
486 2235 608 2303 ipso
654 2233 835 2287 habitu
880 2231 1150 2300 despexit,
1202 2242 1433 2296 eumque
1471 2227 1702 2296 qualiter

140 2329 339 2384 duberet
369 2324 576 2394 alloqui
624 2334 874 2392 proterva
925 2330 1105 2376 mente
1154 2319 1505 2390 praeparabat.
1570 2317 1690 2370 Mox

136 2436 240 2476 vero
265 2429 325 2473 ut
352 2433 547 2473 servus
594 2417 687 2471 Dei
715 2414 957 2470 cominus
985 2412 1174 2475 adfuit,
1218 2411 1459 2480 ejusdem
1497 2408 1697 2464 Iuliani

139 2513 352 2564 animum
391 2507 741 2564 intolerabilis
770 2520 934 2575 pavor
961 2502 1174 2569 invasit,
1209 2502 1281 2557 ita
1313 2510 1371 2557 ut
1419 2507 1698 2566 tremeret,

143 2615 279 2674 atque
329 2603 400 2656 ad
449 2600 823 2656 insinuandum
867 2599 968 2654 hoc
1010 2599 1182 2668 ipsum
1211 2595 1400 2665 aquod
1449 2601 1690 2660 venerat,

143 2698 206 2750 vix
252 2694 507 2749 sufficere
559 2694 741 2763 lingua
792 2692 1070 2762 potuisset.
1103 2690 1204 2758 Qui
1256 2689 1531 2744 humiliato
1583 2702 1707 2742 mox

145 2788 305 2854 spiritu
363 2788 434 2841 ad
489 2786 606 2856 ejus
658 2799 831 2856 genua
885 2783 1145 2847 cucurrit,
1186 2783 1485 2837 orationem
1519 2794 1615 2850 pro
1644 2794 1704 2834 se

147 2881 239 2935 fieri
267 2879 442 2949 petiit,
475 2887 530 2931 et
560 2876 684 2946 quia
715 2885 867 2945 pater
909 2874 1027 2943 ejus
1050 2873 1078 2912 δ
1104 2872 1433 2943 apostolicus
1464 2869 1706 2940 pontifex

149 2990 249 3028 eum
293 2972 479 3027 videre
521 2970 687 3025 vellet
733 2967 1006 3021 indicavit.
1039 2965 1135 3019 Vir
1163 2973 1341 3019 autem
1374 2961 1710 3018 venerandus

145 3065 370 3135 Equitius
416 3060 587 3131 coepit
628 3061 914 3115 immensas
955 3057 1152 3128 gratias
1198 3055 1552 3124 omnipotenti
1604 3053 1712 3109 Deo

1802 1866 2001 1927 δύτητι.
2028 1868 2438 1940 ιΥτιοστρέφοντα
2465 1869 2517 1924 δέ
2544 1877 2722 1925 τοῦτον
2761 1870 3087 1941 θεασάμενος,
3122 1873 3201 1923 καί
3232 1872 3279 1924 ἕν
3311 1880 3384 1943 τῷ

1803 1960 1924 2032 ὥμῳ
1954 1962 2144 2036 χόρτον
2169 1963 2219 2014 ἐκ
2245 1970 2334 2016 τοῦ
2358 1961 2584 2016 λιϐαδίου
2626 1963 2991 2038 ἐπιᾳερόμενον,
3023 1965 3266 2032 θυμωθεὶς
3295 1963 3386 2037 ἥρ-

1803 2057 1924 2119 ξατο
1952 2058 2145 2132 κράζειν
2185 2059 2267 2109 καὶ
2299 2057 2487 2128 λέγειν·
2522 2058 2581 2109 Τί
2621 2058 2732 2111 ἐστι
2770 2064 2950 2122 τοῦτο;
2995 2057 3090 2129 ἐγὼ
3130 2055 3386 2131 ἄνθρωπον

1804 2151 2009 2222 ἀγαγεῖν
2035 2170 2094 2203 σε
2126 2149 2421 2208 ἀπέστειλα.
2447 2149 2573 2216 οὐχὶ
2597 2146 2650 2201 δὲ
2678 2149 2865 2222 χόρτον
2886 2148 3166 2219 βαστάσαι.
3201 2146 3265 2216 ’ῼ
3292 2171 3386 2203 τινι

1806 2241 1830 2294 ό
1869 2249 1988 2300 παῖς
2027 2242 2344 2313 ἀποκριθεὶς,
2375 2235 2509 2292 εἶπεν
2531 2253 2546 2266 ⁹
2577 2236 2700 2290 ἰδού
2745 2235 2796 2290 όν
2826 2242 2990 2300 ζητεῖς
3011 2278 3024 2301 ,
3057 2236 3259 2291 ὄπισθέν
3286 2261 3386 2308 μου

1805 2334 2082 2387 ἀκολουθῶν
2105 2332 2502 2401 καταλαμϐάνει.
2533 2333 2719 2390 Εὐθέως
2741 2329 2792 2384 δὲ
2815 2329 2839 2384 ό
2864 2337 2955 2384 τοῦ
2984 2336 3108 2384 Θεοῦ
3127 2328 3387 2405 ἄνθρωπος

1806 2424 2208 2495 ὑποδησάμενος,
2243 2431 2268 2460 ⁸
2315 2426 2401 2477 καί
2448 2422 2708 2494 δεσμησας
2747 2423 2811 2476 τὰ
2854 2421 3164 2490 ὑποδήματα
3208 2425 3386 2497 αῂτοῦ,

1807 2517 1890 2570 ἐπὶ
1917 2523 2008 2571 τοῦ
2037 2517 2172 2588 ὅμου
2217 2517 2488 2588 βαστάζων
2530 2517 2586 2570 τό
2626 2514 2902 2590 δρέπανον,
2934 2517 2982 2570 ἐν
3011 2513 3052 2588 ᾧ
3085 2516 3170 2571 τὸν
3200 2514 3388 2590 χόρτον

1808 2605 2022 2671 ἔκοπτε,
2063 2608 2389 2678 παρεγένετο.
2435 2605 2522 2660 Ὃν
2566 2608 2618 2660 ἐκ
2659 2610 2848 2677 μήκους
2883 2605 2909 2660 ό
2947 2615 3075 2667 παῖς
3111 2608 3389 2680 ἐρχόμενον

1808 2695 2136 2766 θεασάμενος,
2153 2704 2224 2768 τῷ
2240 2699 2396 2771 κυρίῳ
2417 2698 2571 2750 αὐτοῦ
2592 2698 2858 2767 ἐμήνυσεν,
2872 2695 2987 2751 Ὀτι
3012 2695 3168 2772 ὅνπερ
3190 2702 3383 2762 ζητεῖς,

1811 2788 1962 2846 αὐτὸς
2008 2789 2262 2860 ὑπάρχει.
2292 2795 2349 2840 '0
2378 2786 2432 2841 δὲ
2480 2788 2631 2848 αὐτὸς
2659 2785 2959 2851 Ἰουλιανός,
3001 2789 3141 2845 ἡνίκα
3180 2790 3263 2844 τόν
3298 2795 3390 2843 τοῦ

1810 2885 1935 2932 Θεοῦ
1968 2875 1986 2914 ί
2018 2877 2189 2933 δοῦλον
2217 2879 2493 2954 ἐρχόμενον
2516 2879 2776 2943 ἐθεάσατο,
2801 2881 2850 2943 ἐξ
2873 2881 3030 2934 αὑτοῦ
3058 2887 3146 2934 τοῦ
3170 2885 3391 2951 σχήμα-

1809 2989 1895 3029 τος
1920 2975 2096 3023 τοῦτον
2127 2967 2443 3033 ἐϐδελύξατο,
2470 2971 2529 3024 τὸ
2551 2977 2659 3029 πῶς
2681 2969 2734 3024 δὲ
2760 2978 2785 3015 Β
2812 2971 2988 3040 ὀφείλει
3009 2971 3233 3045 βριαρῶς
3259 2973 3394 3042 αὐτῷ

1812 3060 2138 3131 διαλεχθῆναι
2183 3063 2538 3135 ηὐτρεπίζετο.
2572 3063 2782 3119 Πλησίον
2825 3060 2878 3116 δὲ
2907 3063 3060 3116 αὐτοῦ
3089 3061 3113 3116 ὁ
3141 3069 3231 3116 τοῦ
3260 3069 3391 3116 Θεοῦ

141 3171 311 3228 agere,
355 3168 611 3210 asserens
669 3152 809 3222 quod
858 3165 916 3206 se
965 3163 1060 3220 per
1103 3163 1366 3204 summum
1411 3144 1710 3216 pontificem

1818 3148 2076 3228 ἅνθρωπος
2103 3148 2528 3224 παραγενόμενος,
2559 3150 2913 3211 ἀνυπόστατος
2942 3151 3090 3222 φόϐος
3115 3151 3163 3203 ἒν
3186 3159 3246 3223 τῇ
3273 3149 3396 3204 ἰου‹

139 3248 292 3317 gratia
315 3259 547 3314 superna
567 3243 854 3298 visitasset.
880 3241 1024 3294 Illico
1043 3237 1250 3293 vocavit
1273 3235 1485 3301 fratres,
1506 3248 1711 3304 praece-

139 3340 207 3407 pit
226 3339 355 3392 hora
370 3336 564 3392 eadem
579 3341 825 3403 jumenta
846 3331 1151 3399 praeparari,
1171 3339 1328 3397 atque
1347 3338 1714 3383 exsecutorem

139 3444 278 3483 suum
301 3427 472 3496 capit
492 3427 837 3480 vehementer
869 3425 1023 3494 172
1046 3435 1238 3492 urgere
1260 3429 1316 3474 ut
1352 3420 1534 3474 statim
1567 3417 1715 3473 exire

139 3523 476 3576 debuissent.
506 3518 602 3573 Cui
631 3518 872 3573 Julianus
919 3516 1033 3570 ait:
1085 3515 1194 3568 Hoc
1243 3513 1356 3567 fieri
1407 3512 1711 3566 nullatenus

141 3623 342 3680 potest,
397 3612 524 3681 quia
574 3611 803 3664 lassatus
850 3623 916 3663 ex
969 3606 1162 3661 itinere
1211 3604 1367 3660 hodie
1411 3618 1517 3657 non
1564 3604 1720 3657 valeo

139 3707 304 3758 exire.
349 3703 505 3756 Tunc
536 3701 625 3755 ille
656 3699 970 3768 respondit:
998 3696 1302 3752 Contristas
1331 3709 1436 3756 me,
1473 3693 1565 3757 fili,
1595 3693 1720 3761 quia

137 3798 174 3848 si
206 3795 469 3848 hodierna
521 3791 609 3846 die
659 3806 765 3843 non
814 3788 1138 3859 egredimur,
1187 3788 1295 3855 jam
1335 3785 1570 3840 crastina
1616 3797 1720 3836 non

138 3887 421 3942 exibimus.
458 3883 555 3938 Dei
589 3883 770 3951 itaque
814 3879 1039 3934 famulus
1084 3876 1421 3932 exsecutoris
1457 3874 1538 3929 sui
1572 3873 1725 3928 lassi-

141 3979 324 4031 tudine
378 3985 648 4036 ooactus,
704 3972 758 4027 in
810 3969 1136 4024 monasterio
1188 3982 1286 4022 suo
1327 3967 1515 4022 eadem
1571 3973 1728 4020 nocte

138 4071 452 4122 demoratus
478 4074 584 4119 est.
613 4061 748 4116 Cutn
777 4076 906 4116 ecce
927 4060 1171 4131 sequenti
1199 4059 1285 4113 die
1313 4057 1412 4114 sub
1444 4058 1560 4126 ipso
1586 4056 1727 4110 lucis

136 4158 460 4226 crepusculo
492 4156 845 4209 vehementer
871 4166 1010 4221 equo
1038 4152 1091 4205 in
1122 4165 1282 4204 cursu
1314 4148 1528 4217 fatigato
1549 4146 1616 4201 ad
1637 4145 1730 4200 Ju-

135 4248 338 4305 limum
363 4262 500 4317 puer
516 4260 641 4301 cum
666 4244 890 4314 epistola
912 4241 1174 4310 pervenit,
1198 4241 1249 4294 in
1270 4253 1372 4309 qua
1405 4247 1730 4308 praeceptum

135 4352 215 4396 est
244 4344 297 4397 ei
332 4357 407 4396 ne
437 4355 663 4396 servum
696 4338 788 4392 Dei
824 4337 1133 4405 contingere
1161 4334 1243 4389 vel
1275 4347 1490 4388 movere
1517 4332 1588 4388 de
1611 4346 1731 4387 mo-

134 4434 382 4488 nasterio
414 4432 664 4486 auderet.
694 4431 866 4494 Quem
897 4441 1016 4480 cum
1047 4426 1138 4479 ille
1166 4424 1464 4493 requireret
1491 4437 1587 4478 cur
1612 4435 1735 4476 sen-

1818 3240 1984 3294 λιανοῦ
2013 3239 2166 3314 ψυχῇ
2195 3241 2403 3305 εἰσῆλθε,
2443 3243 2528 3294 καί
2551 3241 2719 3295 λοιπὸν
2744 3244 2940 3311 τρέμων
2958 3283 2971 3306 ,
3002 3240 3138 3311 μόλις
3168 3244 3397 3314 ἀναγγεῖ-

1817 3332 1897 3386 λαι
1934 3330 2146 3391 ἠδυνήθη
2187 3333 2244 3384 τὸ
2283 3329 2418 3386 διατὶ
2467 3331 2685 3388 ἐλήλυθε.
2743 3332 3140 3390 Ταπεινωθέντος
3180 3327 3270 3384 οὖν
3307 3340 3398 3386 τοῦ

1821 3429 2131 3497 φρονήματος
2176 3427 2334 3478 αὐτοῦ
2353 3463 2368 3487 ,
2393 3430 2498 3483 τοῖς
2523 3424 2707 3495 γόνασι
2752 3428 2842 3477 τοῦ
2877 3423 3022 3495 ἁγίου
3050 3422 3398 3498 προσέδραμε,

1821 3518 1903 3569 καί
1924 3516 2084 3584 εὐχήν
2107 3515 2238 3587 ύπέρ
2270 3514 2454 3568 εαυτοῦ
2481 3519 2647 3586 ᾐτεῖτο
2673 3514 2923 3582 γενέσθαι.
2949 3517 3034 3567 καὶ
3069 3511 3147 3568 ὅτι
3176 3513 3200 3567 ό
3232 3520 3401 3585 πατὴρ

1823 3607 1959 3673 ἡμῶν
1990 3602 2015 3657 ό
2045 3604 2372 3662 άποστολικός
2398 3605 2544 3657 ποθεῖ
2560 3611 2650 3657 τοῦ
2673 3606 2946 3658 θεάσασθαι
2972 3604 3125 3671 ύμᾶς,
3159 3610 3243 3659 καὶ
3265 3602 3288 3640 ¹³
3320 3607 3402 3661 ἐπὶ

1823 3697 1986 3766 τούτῳ
2014 3717 2074 3767 με
2105 3695 2414 3750 ἀπέστειλεν.
2462 3703 2516 3747 '0
2551 3694 2604 3749 δὲ
2630 3695 2997 3755 εὐλαϐέστατος
3028 3699 3151 3770 ἀνὴρ
3178 3697 3403 3758 Ἐκύτιος

1823 3784 2004 3859 ἤρξατο
2053 3788 2487 3860 εὐχαριστηρίους
2543 3786 2730 3855 ὕμνους
2777 3795 2848 3858 τῷ
2902 3785 3272 3856 παντὸδυνάμῳ
3298 3797 3406 3857 Θεῷ

1828 3879 2175 3947 ἀναπέμπειν,
2219 3881 2301 3929 καὶ
2348 3877 2536 3946 λέγειν,
2580 3873 2695 3930 Ὀτι
2735 3879 2764 3933 ἡ
2809 3874 2986 3930 ἄνωθεν
3017 3884 3173 3951 χάρις
3199 3875 3283 3931 διὰ
3313 3885 3403 3931 τοῦ

1828 3968 2148 4038 ὑψηλοτάτου
2179 3986 2240 4036 με
2260 3967 2592 4040 πατριάρχου
2622 3966 2968 4035 ὶπεσκέψατο.
2999 3968 3187 4026 Εὐθέως
3213 3962 3296 4020 οὖν
3323 3989 3407 4022 κα-

1829 4060 1977 4118 λέσας
1997 4061 2116 4117 τοὺς
2141 4055 2405 4130 ἀδελφούς,
2431 4058 2682 4112 ἐκέλευσεν
2712 4059 2875 4116 αὐτοῖς
2899 4059 2947 4110 ἓν
2967 4059 3094 4132 αὐτῇ
3121 4065 3181 4132 τῇ
3211 4059 3320 4131 ὥρᾳ
3348 4061 3408 4113 τὰ

1833 4152 1983 4206 κτήνη
2012 4147 2299 4219 ἑτοιμάσαι,
2327 4150 2412 4201 καί
2448 4143 2461 4182 ί
2498 4148 2581 4201 τόν
2608 4148 2906 4205 ἐκϐιϐαστὴν
2935 4149 3095 4202 αὐτοῦ
3315 4149 3408 4222 ἧρ-

1832 4239 1954 4301 ξατο
2001 4235 2329 4292 ἐπισπεύδειν
2355 4277 2369 4302 ,
2399 4237 2479 4290 ἶνα
2519 4237 2694 4296 εὐθέως
2735 4240 3146 4315 περιπατήσωσι.
3205 4235 3330 4309 Πρός
3360 4235 3414 4290 ὃν

1832 4329 2096 4389 Ἰουλιανός
2117 4328 2233 4401 ἔφη’
2251 4330 2503 4385 Ἐσιάνθην
2526 4329 2576 4381 ἐκ
2595 4337 2684 4389 τῆς
2714 4327 2854 4395 ὁδοῦ,
2877 4330 3064 4398 πάτερ,
3086 4331 3170 4382 καί
3187 4332 3411 4404 σήμερον

1836 4423 2036 4486 ἐξελθεῖν
2061 4423 2115 4474 ού
2141 4419 2385 4489 δύναμαι.
2423 4419 2734 4494 Ἀποκριθεὶς
2777 4418 2828 4473 δὲ
2866 4418 2890 4473 ὁ
2924 4426 3012 4473 τοῦ
3043 4423 3173 4472 Θεοῦ
3212 4417 3414 4482 δοῦλος,

132 4527 304 4579 tentia
354 4531 507 4579 esset
535 4531 765 4585 mutata,
795 4518 1065 4587 cognovit,
1099 4516 1222 4585 quia
1249 4524 1408 4569 nocte
1432 4514 1643 4579 eadem,
1678 4512 1715 4566 it

1837 4511 1972 4570 εἶπεν
2020 4516 2160 4586 αὐτῷ
2182 4529 2196 4543 '
2229 4513 2426 4572 Θλίϐεις
2455 4533 2514 4580 με
2535 4553 2548 4576 ,
2579 4514 2748 4567 τέκνον
2773 4550 2789 4576 ,
2836 4511 2921 4565 ἐάν
2953 4514 3053 4583 γὰρ
3097 4519 3158 4578 τῇ
3198 4514 3418 4582 σήμερον

133 4639 246 4690 qua
275 4627 396 4693 ipse
425 4631 717 4676 exsecutor
743 4619 866 4673 illuc
895 4618 1094 4672 missus
1116 4624 1220 4679 est,
1252 4630 1348 4685 per
1376 4615 1545 4669 visqu
1590 4627 1728 4681 pon-

136 4716 274 4772 tifex
308 4716 489 4770 fuerat
531 4713 889 4768 vehementer
915 4707 1226 4774 exterritus,
1258 4721 1354 4762 cur
1380 4705 1445 4760 ad
1474 4703 1734 4760 exhiben-

134 4808 269 4862 dum
304 4809 400 4862 Dei
446 4806 718 4861 hominem
763 4803 974 4856 mittere
1004 4797 1454 4872 praesumpsisset.
1487 4796 1586 4863 Qui
1615 4808 1737 4864 pro-

139 4906 292 4955 tinus
351 4901 620 4965 surrexit,
677 4911 841 4967 seque
871 4893 1183 4949 venerandi
1217 4891 1312 4945 viri
1355 4886 1739 4944 commendans

214 5067 238 5093 ⁸
274 5057 352 5112 Ita
379 5071 448 5110 ex
480 5055 611 5110 Mss.
639 5050 943 5116 legendum.
973 5045 1135 5112 Editi,
1163 5043 1532 5116 explicationis
1557 5057 1742 5116 causa,

142 5129 218 5181 sic
249 5127 461 5180 habent
489 5144 502 5180 :
537 5125 635 5178 hoc
666 5113 833 5192 ipsum
873 5134 966 5190 pro
994 5135 1092 5188 quo
1121 5113 1340 5170 venerat.
1394 5115 1449 5169 In
1481 5113 1620 5182 Big.,
1653 5114 1748 5166 hoc

141 5199 314 5264 ipsum
343 5198 413 5249 ad
445 5195 604 5263 quod.

215 5269 242 5306 δ
279 5267 389 5321 Hoc
418 5266 643 5320 nomine
665 5263 775 5330 jam
807 5258 1001 5314 saeculo
1030 5274 1078 5310 Vl
1105 5255 1480 5330 designabatur
1507 5251 1745 5330 pontifex

153 5338 334 5404 Rom,
370 5336 517 5403 quod
550 5335 620 5388 ad
664 5325 759 5404 nos
792 5345 958 5398 usque
994 5327 1367 5404 perseveravit.
1402 5325 1535 5377 llinc
1569 5326 1618 5375 in
1639 5337 1750 5404 Apu-

149 5393 1117 5475 blicis'supplicationibusﬁngamus
1150 5408 1202 5475 ut
1233 5397 1480 5450 damnum
1502 5393 1748 5475 apostoli-

150 5461 297 5542 cum,
319 5461 428 5531 etc:
451 5461 578 5529 'Ilos
604 5474 703 5527 iste
723 5471 860 5541 apud
886 5461 1104 5542 Graecos
1123 5470 1279 5542 etiam
1299 5476 1569 5542 receptus.
1598 5461 1750 5516 Unde

149 5536 361 5602 Theod.
408 5545 645 5608 Stntlita,
676 5545 709 5598 Ι.
745 5536 784 5608 ι’,
833 5541 992 5608 epist.
1044 5536 1132 5598 34,
1183 5538 1246 5589 ad
1299 5536 1458 5589 Leon.
1508 5547 1697 5600 papam
1736 5547 1749 5608 ι

158 5619 271 5671 Tibi
303 5620 471 5689 primo
502 5607 736 5689 omnium
771 5607 1056 5689 apostolico
1097 5608 1249 5689 capiti
1279 5615 1480 5689 nostra,
1512 5612 1614 5689 etc.
1641 5617 1655 5661 ;
1697 5607 1752 5652 et

154 5689 198 5741 ὶ.
227 5674 475 5756 ιι.ἐρίει.
505 5685 578 5738 35
613 5703 624 5737 :
664 5683 786 5738 ,υίδὶ
808 5674 1070 5748 ἐρίειοίαδ
1099 5678 1232 5756 duas
1271 5676 1337 5727 ad
1390 5674 1747 5756 apostolicum.

163 5757 229 5812 Et
254 5747 328 5815 ita
351 5747 581 5825 passim.
609 5747 861 5814 Observa
882 5763 1095 5822 quoque
1118 5747 1271 5818 paulo
1301 5754 1420 5814 post
1451 5756 1637 5812 papam
1662 5755 1753 5796 vo-

1840 4611 2002 4682 ἡμέρᾳ
2031 4612 2099 4678 μὴ
2127 4607 2466 4680 πορευθῶμεν,
2492 4603 2667 4678 αὔριον
2691 4603 2860 4656 λοιπὸν
2881 4599 3116 4654 ἀδύνατόν
3136 4601 3269 4652 ἔστιν
3289 4601 3420 4669 ἡμᾶς

1843 4701 2164 4774 πορευθῆναι.
2196 4697 2544 4765 ’Δναγκασθείς
2571 4692 2621 4746 δὲ
2650 4695 2749 4746 ὑπὸ
2779 4698 2870 4746 τοῦ
2901 4691 3189 4752 Ἰουλιανοῦ,
3221 4695 3311 4746 τήν
3332 4691 3422 4741 αύ-

1845 4797 1935 4850 την
1955 4790 2114 4844 νύκτα
2139 4789 2188 4840 ἐν
2209 4793 2280 4857 τῷ
2303 4787 2615 4857 μοναστηρίῳ
2644 4782 2830 4851 ἔμεινε,
2855 4791 2915 4855 τῇ
2939 4781 2992 4835 δὲ
3023 4782 3236 4852 ἐπιούσῃ
3265 4783 3423 4854 ἡμέρᾳ

1849 4885 2154 4956 αὐγάζοντος
2184 4883 2275 4932 τοῦ
2296 4879 2476 4949 φωτός,
2505 4883 2624 4935 παῖς
2657 4878 2781 4947 πρὸς
2809 4873 3072 4928 Ἰουλιανόν
3092 4872 3426 4940 μετ’ὲπιστο-

1853 5039 1962 5096 cati
1993 5048 2248 5088 summum
2272 5031 2577 5100 pontiﬁcem.

1927 5118 1949 5176 ε
1975 5105 2151 5176 C0|b.,
2180 5099 2488 5176 πληροῦντος
2511 5103 2566 5176 τό
2594 5101 2917 5176 ἀποκείμενον
2950 5099 3129 5168 ὀλίγον.

1923 5175 1949 5214 ά
1980 5164 2158 5239 Cttlb.,
2187 5164 2290 5230 τοὸ
2309 5174 2500 5245 πατρὸς
2530 5170 2685 5245 βραδ.
2709 5164 2970 5224 ὑπόστε...
2995 5164 3078 5222 τόν
3101 5164 3280 5221 παῖδα.

1928 5256 1950 5284 ο
1986 5246 2144 5314 Βθςη
2174 5253 2256 5314 καὶ
2283 5243 2546 5301 ὑποδήσας
2573 5244 2659 5296 τά.

1931 5315 1948 5353 ί
1980 5313 2146 5391 [dem-
2181 5313 2465 5391 ἔνθρωττον·

1927 5377 2152 5468 81ing
2179 5377 2582 5468 όφίλειὶίσχυρῶς
2611 5381 2746 5468 αύξῷ
2770 5378 3099 5468 διαλξχθῆναι
3117 5377 3435 5460 η’)τρέπιζεν,

1859 5462 1926 5519 ὠς
1952 5456 2004 5511 δέ
2037 5447 2254 5512 πλησίόν
2294 5447 2455 5509 αὐτοῦ
2486 5447 2510 5506 ό
2543 5456 2634 5506 τοῦ
2666 5447 2783 5522 θεοῦ
2819 5447 3434 5522 ἅνθρωπος-παρεγένετο,

1860 5516 2217 5598 ἀνυπόστατος
2240 5527 2388 5598 φόϐος
2411 5526 2459 5576 ἐν
2484 5530 2545 5596 τῇ
2567 5529 2652 5576 τοῦ
2679 5516 2960 5574 ἰουλιανοῦ.
2988 5516 3140 5570 ιλὸιι).
3165 5516 3410 5583 δίαλεχθὰ

1858 5619 1938 5653 ναι
1967 5597 2228 5657 ὡπλίζετο.

1934 5667 1961 5703 ¹³
1987 5656 2164 5726 00113..
2193 5667 2276 5720 διὰ
2304 5664 2452 5720 τοῦτό
2476 5685 2559 5734 με.
2587 5661 2742 5731 883.,
2767 5663 2849 5717 ἐπὶ
2876 5656 3029 5716 τοὶτό
3047 5679 3136 5729 με.

1942 5747 1954 5772 ¹
1990 5736 2140 5805 lieg._
2178 5739 2258 5792 τόν
2288 5737 2560 5795 ἐπιϐαστηι
