4000 6402
537 373 637 427 175

1731 369 1978 424 SANL‘TI
2014 365 2339 424 GllEGURIl
2381 365 2595 422 MAGNI

3684 372 3778 426 ίῖο

536 487 621 547 λῆς
671 487 912 542 κατέλαϐε
935 527 947 546 .
980 486 1173 559 σφόδρα
1219 488 1304 543 τὸν
1326 489 1484 541 ἷρτπον
1513 487 1697 543 ἐλάσας
1717 525 1730 549 ,
1776 485 2111 560 περιεχούσης

2223 482 2548 535 orationibus
2574 520 2589 545 ,
2643 489 2716 534 ait
2743 497 2756 532 :
2784 479 2951 549 Rogat
2977 488 2999 526 ε
3031 480 3186 535 Pater
3237 489 3422 535 noster
3466 496 3534 535 ne
3577 481 3770 556 fatigari

532 589 625 640 τῆς
658 582 942 644 ἐπιστολῆς,
968 581 1052 633 ἶνα
1087 582 1170 634 τὸν
1203 587 1293 636 τοῦ
1339 585 1466 634 Θεοῦ
1501 576 1676 632 δοῦλον
1703 581 1770 642 μὴ
1795 576 2024 645 τολμήσῃ
2065 574 2116 625 ἐκ

537 679 626 730 τῆς
652 679 804 740 μονῆς
835 673 993 724 αὑτοῦ
1017 679 1240 727 κινῆσαι.
1263 671 1354 723 Τὸν
1382 668 1434 723 δὲ
1460 667 1815 722 ἀποσταλέντα
1841 666 2120 737 ἐπερωτῶν,

534 757 667 812 amt
695 759 724 814 ἡ
751 756 1005 827 ἀπόφασις
1027 756 1308 826 ὑπηλὶάγη,
1333 755 1536 826 ἐπέγνω,
1568 750 1645 806 ὅτι
1665 752 1712 803 ἐν
1739 753 1863 825 αὑτῇ
1885 758 1946 822 τῇ
1975 751 2117 802 νυκτί

534 849 584 902 ἐν
667 846 691 901 ὁ
723 847 873 905 αὐτὸς
900 844 1162 905 Ἰουλιανὸς
1192 845 1486 908 ἀπεστάλη,
1510 844 1574 898 δι’
1593 845 1844 902 ὀπτασίας
1873 842 1896 895 ὁ
1925 857 2114 912 πατρι-

533 940 704 1011 έρκης
728 934 948 1005 ἔμφοϐος
970 937 1161 1008 γέγονε,
1189 943 1214 971 ⁸
1245 934 1305 990 δι’
1323 932 1373 988 ὃν
1403 934 1703 990 ἀποστεῖλαι
1724 933 2014 1002 ἐτόλμησεν,
2037 933 2116 984 ἵνα

533 1029 619 1080 τὸν
657 1033 744 1080 τοῦ
785 1033 910 1080 Θεοῦ
956 1023 1217 1098 ἄνθρωπον
1265 1027 1445 1099 ἀγάγῃ.
1490 1026 1745 1098 Παρευθὺς
1774 1023 1827 1077 δὲ
1861 1026 2112 1088 ἀναστὰς,

529 1121 617 1170 xxi
656 1118 835 1171 ἑαυτὸν
871 1127 983 1177 ταῖς
1009 1123 1098 1171 τοῦ
1130 1117 1275 1188 ἀγίου
1321 1116 1501 1189 ἀνδρὸς
1530 1119 1721 1186 εὐχαῖς
1748 1117 2114 1187 παραθέμενος,

533 1208 661 1279 πρὸς
690 1207 835 1259 αὑτὸν
860 1204 980 1277 ἔφη·
1010 1204 1336 1280 Παρακαλρῖὸ
1363 1213 1534 1277 πατὴρ
1564 1208 1703 1273 ἡμῶν
1730 1204 1754 1258 ὁ
1781 1207 2116 1277 πατριάρχης

534 1305 623 1351 τοῦ
656 1304 723 1368 μὴ
752 1297 777 1333 δ
809 1303 1076 1356 κοπηθῆναι
1098 1299 1250 1371 ὑμᾶς.
1281 1305 1440 1354 Τοῦτο
1463 1297 1514 1352 δέ
1541 1297 1674 1352 ὁτοῧ
1692 1303 1821 1351 Θεοῦ
1853 1295 2118 1370 ἅνθρωπος

532 1388 776 1452 ἀκούσας,
801 1388 936 1443 πάνυ
957 1390 1211 1451 λυπηθείς,
1237 1385 1392 1443 εἶπεν·
1410 1392 1547 1459 Οὐχί
1650 1390 1772 1457 χθὲς
1794 1390 1955 1462 ἡμέρᾳ
1981 1384 2116 1442 εἶπόν

533 1502 633 1542 σοι,
665 1479 741 1534 ὅτι
769 1481 848 1533 ἐὰν
878 1485 944 1550 μή
967 1481 1147 1540 εὐθέως
1176 1481 1517 1553 πορευθῶμεν,
1550 1477 1778 1549 οὐδαμῶς
1804 1479 1972 1532 λοιπὸν
2001 1481 2116 1547 ἡμῖν

533 1571 762 1624 ἀπελθεῖν
791 1571 1136 1634 ἀποϐήσεταις
1173 1568 1292 1623 Τότε
1325 1563 1415 1623 οὖν
1447 1566 1530 1622 διὰ
1564 1568 1622 1622 τὸ
1649 1575 1865 1625 ποιῆσαι
1889 1569 2112 1637 ἀγάπην,

532 1660 620 1714 τὸν
653 1663 801 1714 αὑτὸν
830 1660 1098 1736 δεφὲνσορα
1127 1659 1285 1730 ὀλίγον
1307 1661 1734 1734 παρακρατήσας,
1759 1659 1843 1710 καί
1863 1658 1994 1728 ὑπὲρ
2023 1661 2114 1709 τοῦ

531 1751 690 1804 κόπου
715 1754 874 1804 αὑτοῦ
899 1753 1075 1821 μισθόν
1094 1771 1230 1812 τινα,
1253 1752 1418 1802 καίτοι
1441 1753 1511 1816 μὴ
1531 1748 1754 1807 θέλοντος
1771 1748 1923 1801 αὑτοῦ
1945 1766 2114 1818 παρα-

2219 571 2482 624 deheatis.
2528 570 2771 639 Cumque
2818 570 2918 623 hoc
2959 570 3052 623 Dei
3090 571 3316 624 famulus
3360 570 3622 637 audisset,
3663 589 3781 628 con-

2220 661 2458 713 tristatus
2519 661 2594 712 ait
2649 659 2962 727 :Nunqnid
3035 675 3139 713 non
3206 661 3293 715 die
3354 661 3602 716 hesterno
3676 665 3779 719 dixi

2219 750 2334 814 tibi,
2379 750 2500 819 quia
2533 752 2574 803 si
2606 750 2784 804 statim
2837 766 2943 803 non
3000 765 3362 818 pergeremus,
3412 753 3521 819 jam
3571 767 3780 822 pergere

2219 841 2437 894 minime
2460 840 2680 894 liceret?
2726 841 2876 894 Tunc
2903 856 2998 908 pro
3032 841 3308 895 charitatis
3336 842 3656 897 exhibitione
3681 845 3773 896 ali-

2217 932 2529 997 quantulum
2553 941 2919 985 exsecutorem
2943 946 3098 984 suum
3123 931 3180 984 in
3206 932 3338 984 cella
3366 931 3610 998 detinuit,
3639 934 3784 1002 eique

2218 1020 2416 1074 laboris
2443 1021 2522 1074 sui
2554 1018 2579 1055 ιι
2611 1021 2951 1074 commodum
2995 1031 3183 1075 coacto
3231 1024 3583 1091 renitentique
3624 1024 3779 1077 dedit.

2215 1113 2492 1182 Cognosce
2521 1112 2699 1182 igitur,
2733 1113 2910 1178 Petre,
2939 1113 2992 1166 in
3020 1121 3214 1180 quanta
3263 1113 3354 1166 Dei
3391 1114 3627 1168 custodia
3667 1126 3784 1169 sunt

2217 1203 2306 1272 qui
2345 1204 2397 1256 in
2445 1202 2544 1255 hac
2594 1204 2703 1255 vita
2743 1203 2949 1270 seipsos
2979 1202 3260 1270 despicere
3315 1213 3620 1267 noverunt;
3672 1219 3783 1258 cum

2217 1290 2412 1360 quibus
2439 1292 2582 1344 intus
2608 1291 2810 1344 civibus
2840 1291 2892 1344 in
2927 1291 3130 1344 honore
3159 1300 3529 1356 numerantur,
3559 1293 3642 1360 qui
3672 1293 3785 1346 des-

2217 1378 2356 1448 pecti
2412 1378 2544 1433 foris
2595 1379 2899 1434 hominibus
2943 1395 3063 1434 esse
3115 1396 3221 1434 non
3277 1383 3629 1446 erubescunt;
3673 1386 3789 1452 quia

2219 1478 2437 1524 econtra
2464 1471 2516 1524 in
2549 1470 2642 1524 Dei
2670 1471 2836 1523 oculis
2859 1469 3061 1539 jacent,
3095 1473 3185 1540 qui
3216 1472 3354 1538 apud
3385 1488 3512 1525 suos
3540 1481 3591 1527 et
3618 1476 3787 1542 proxi-

2214 1577 2421 1616 morum
2466 1563 2648 1617 oculos
2695 1578 2787 1629 per
2829 1565 3000 1617 inanis
3031 1563 3218 1632 gloriae
3247 1565 3540 1632 appetitum
3573 1575 3786 1620 tument.

2217 1653 2369 1708 Unde
2393 1663 2447 1707 et
2477 1655 2792 1723 quibusdam
2830 1655 3033 1709 Veritas
3062 1657 3192 1710 dicit
3217 1676 3230 1711 :
3261 1657 3363 1710 Vos
3395 1661 3514 1710 estis
3543 1660 3790 1730 quijusti-

2213 1744 2382 1812 ﬁcatis
2411 1760 2496 1796 vos
2525 1760 2698 1796 coram
2737 1744 3042 1811 hominibus,
3095 1745 3233 1799 Deus
3279 1757 3450 1800 autem
3480 1749 3613 1800 novit
3643 1751 3794 1803 corda

531 1845 710 1911 σχὼν,
741 1844 1026 1897 ἀπέστειλε.
1079 1844 1295 1895 Γίνωσκε
1335 1837 1453 1904 vim,
1494 1841 1678 1913 Πέτρε,
1715 1841 1764 1892 ἐν
1798 1843 1916 1912 ποία
1947 1846 1970 1875 ο
2001 1836 2111 1909 δόξῃ

2223 1847 2425 1889 vestra:
2456 1837 2576 1903 quia
2613 1836 2751 1905 quod
2793 1836 3084 1904 horninibus
3125 1840 3286 1891 altum
3325 1849 3419 1903 est,
3460 1839 3792 1893 abominabile

530 1933 669 2004 παρά
712 1939 836 1986 Θεοῦ
884 1933 1212 2006 ὑπάρχουσιν
1256 1933 1301 1984 oi
1345 1931 1561 1989 ἑαυτοὺς
1586 1932 1637 1982 ἐν
1665 1937 1736 1999 τῷ
1765 1928 1981 2004 παρόντι
2009 1929 2105 1998 βίῳ

2218 1936 2289 1979 εει
2321 1935 2439 1979 ante
2470 1926 2630 1979 Deum
2660 1926 2808 1995 (Luc.
2839 1941 2942 1989 xvr,
2974 1926 3080 1995 15).

530 2024 831 2093 βδελυκτοὺς
875 2021 998 2078 εἶναι
1045 2025 1284 2094 ἑλόμενον
1331 2026 1457 2094 μετά
1497 2026 1596 2098 γὰρ
1624 2031 1722 2078 τῶν
1758 2032 1849 2083 τῆς
1873 2026 2170 2098 ἐπουρανίου
2209 2023 2455 2097 πατρίδος
2484 2025 2700 2078 πολιτῶν
2748 2025 3108 2096 ἀριθμοῦνται,
3139 2027 3186 2079 οῖ
3222 2048 3352 2088 τινες
3395 2027 3660 2098 βδελυκτοὶ
3688 2037 3796 2088 τοῖς

529 2118 808 2189 ἀνθρώποις
856 2112 978 2170 εἶναι
1012 2117 1098 2170 οὑκ
1144 2115 1425 2170 αἰδοῦνται.
1469 2112 1617 2170 Ὀσοι
1671 2113 1725 2168 δὲ
1780 2109 1867 2170 διὰ
1912 2122 2003 2176 τῆς
2049 2112 2466 2188 ὑψηλοφροσὺνης
2513 2115 2723 2175 ἑαυτοὺς
2767 2117 2977 2171 ἐνώπιον
3004 2125 3100 2172 τῶν
3124 2119 3349 2176 πλησίων
3388 2117 3690 2185 δικαιοῦσιν,
3720 2124 3798 2175 καί

508 2208 610 2263 ¹διά
651 2217 740 2269 τῆς
771 2208 1048 2273 κενοδοξίας
1077 2216 1374 2281 φυσιοῦνται
1391 2247 1406 2272 ,
1451 2208 1756 2268 ἀπεναντίας
1784 2213 1882 2262 τῶν
1910 2214 2000 2260 τοῦ
2042 2216 2169 2262 Θεοῦ
2213 2209 2472 2279 ὀφθαλμῶν
2498 2217 2706 2262 κεῖνται.
2733 2204 2879 2260 Ὀθεν
2907 2210 3092 2269 αὐτοὺς
3121 2213 3208 2263 καὶ
3234 2209 3258 2264 ὁ
3285 2219 3378 2270 τῆς
3406 2207 3432 2246 ἀ
3473 2209 3798 2272 διδασκαλίας

529 2296 673 2370 λόγος
701 2298 994 2370 διελέγχων,
1028 2299 1177 2370 λέγει·
1210 2305 1379 2369 Ὑμεῖς
1413 2299 1526 2353 ἐστε
1554 2298 1596 2352 oi
1623 2296 1926 2357 δικαιοῦντες
1950 2297 2162 2358 ἑαυτοὺς
2203 2300 2410 2354 ἐνώπιον
2438 2307 2538 2354 τῶν
2561 2300 2855 2371 ἀνθρώπων
2888 2299 2913 2354 ὁ
2945 2302 3070 2360 Θεὸς
3111 2299 3164 2354 δὲ
3202 2305 3446 2370 γινώσκει
3471 2306 3563 2362 τὰς
3591 2303 3799 2380 καρδίας

529 2391 686 2462 ὑμῶν,
711 2391 882 2466 τὸγὰρ
912 2390 1101 2460 ὑψηλὸν
1131 2391 1178 2443 ἐν
1209 2392 1518 2462 ἀνθρώποις,
1544 2388 1804 2462 βδέλυγμα
1844 2394 1984 2465 παρά
2003 2399 2111 2465 Θεῷ
2149 2393 2402 2467 ὑπάρχει.

599 2487 766 2531 ΠΕΤΡ.
797 2481 1057 2548 Θαυμάζω
1083 2479 1209 2543 λίαν,
1250 2478 1331 2534 ὅτι
1364 2481 1483 2554 περί
1503 2482 1734 2536 τοιούτου
1771 2478 1951 2554 ἀνδρὸς
1989 2501 2111 2535 συν-

531 2563 723 2642 επᾶραί
748 2570 831 2624 τὸν
860 2569 1193 2645 πατριάρχην
1219 2569 1550 2630 ἠδυνήθησαν.

599 2659 833 2716 l‘PlIFOP.
864 2664 922 2716 Τί
960 2662 1256 2733 θαυμάζεις,
1299 2665 1478 2738 Πέτρε,
1516 2672 1538 2699 ε
1589 2665 1632 2717 εἰ
1660 2672 1730 2734 τῷ
1771 2671 1840 2718 νῶ
1886 2666 2108 2736 impiam;

531 2750 780 2825 ἄνθρωποι
803 2756 901 2828 γάρ
925 2750 1405 2825 ὅντες-πλανώμεθα,
1441 2753 1566 2831 ὅπερ
1596 2760 1682 2809 καὶ
1710 2755 1864 2811 Δαυὶδ
1889 2758 2108 2823 ὑπέστη,

532 2841 589 2905 ὅς
608 2867 687 2904 τις
717 2849 799 2901 καὶ
824 2849 1128 2920 προφητείας
1155 2853 1356 2917 πνεῦμα
1383 2845 1530 2917 ἔχειν
1557 2851 1976 2924 μεμαρτύρηται,
2025 2847 2106 2904 ὅτε

529 2940 647 2997 τοὺς
694 2938 870 3010 λόγους
920 2948 1007 2995 τοῦ
1038 2939 1220 3000 παιδὸς
1271 2939 1581 3012 ψευδομένου
1635 2943 1899 3004 ἀκούσας,
1945 2941 2107 3012 ψῆφον

529 3030 652 3082 κατά
682 3035 772 3082 τοῦ
801 3031 959 3083 ἀθώου
982 3033 1095 3086 υὲοῦ
1126 3030 1350 3086 Ἰωνάθαν
1377 3030 1610 3086 δέδωκεν.
1633 3029 1796 3106 Ὀπερ
1835 3029 1888 3084 δὲ
1912 3029 1996 3089 διά
2015 3038 2105 3087 τοῦ

527 3117 680 3173 Δαυίδ
702 3121 891 3193 γέγονε,
923 3129 985 3196 τῇ
1015 3131 1216 3198 κρυπτῇ
1241 3129 1334 3176 τοῦ
1369 3128 1498 3178 Θεοῦ
1533 3124 1714 3193 κρίσει,
1756 3120 1943 3177 δίκαιον
1983 3119 2108 3181 εἶναι

528 3211 845 3283 πιστεύομεν·
877 3223 938 3288 τῇ
983 3218 1082 3288 γὰρ
1111 3218 1393 3290 ἀνθρωπίνῃ
1423 3222 1751 3283 κατανοήσει,
1780 3225 1888 3279 πῶς
1917 3217 2106 3274 δίκαιον

527 3303 662 3358 ἔστιν
688 3306 778 3359 οὑκ
803 3307 1134 3377 ἐπιστάμεθα.
1166 3309 1225 3360 Τί
1253 3302 1342 3361 οὖν
1367 3309 1685 3379 θαυμαστὸν,
1716 3309 1800 3362 ἐάν
1820 3315 1924 3369 τοῖς
1943 3309 2108 3381 λόγοις

529 3400 628 3448 τῶν
674 3391 1016 3465 ψευδομένων,
1062 3398 1144 3449 καί
1176 3397 1323 3467 ἡμεῖς
1372 3400 1442 3456 εἰς
1488 3397 1640 3475 ἕτερα
1687 3399 2021 3469 ἀπαγὼμεθα,
2063 3400 2110 3452 οἷ

528 3505 657 3543 τινες
687 3495 938 3558 προφῆται
990 3487 1094 3555 οὐχ
1141 3487 1576 3563 ὑπάρχομενςοὺ
1623 3491 1755 3561 μέγα
1807 3485 1891 3542 οὖν
1940 3494 1987 3545 εἰ
2027 3493 2111 3545 καί

528 3576 636 3636 ἐνὸς
665 3578 884 3633 ἑκάστου
913 3585 1011 3632 τῶν
1036 3586 1378 3655 πατριαρχῶν
1398 3581 1480 3633 τὸν
1505 3587 1616 3634 νοῦν
1651 3583 1681 3637 ἡ
1710 3588 1808 3634 τῶν
1841 3580 2111 3654 φροντίδων

528 3668 884 3727 ἀλλεπάλληλος
911 3669 1128 3739 μέριμνα
1166 3668 1483 3738 λυμαίνεται.
1510 3669 1723 3723 Ὀπὸταν
1760 3671 1860 3742 γὰρ
1888 3673 1918 3727 ἡ
1957 3670 2110 3739 ψυχὴ

529 3763 600 3820 εἰς
627 3761 785 3814 πολλά
813 3758 1176 3833 διαμερίζεται,
1225 3762 1556 3832 σμικρύνεται
1596 3757 1696 3813 καθ’
1741 3759 1977 3825 ἕκαστον,
2025 3763 2112 3815 καί

529 3852 730 3904 πάντων
753 3852 821 3910 εἰς
850 3849 900 3902 ἓν
923 3854 1310 3926 συνεπαίρεται,
1343 3853 1395 3906 ἕν
1423 3851 1527 3922 ὅσῳ
1550 3853 1600 3906 ἐν
1623 3851 1823 3911 πολλοῖς
1844 3861 1904 3925 τῇ
1935 3854 2110 3922 ἀσχο-

528 3939 610 4013 λίᾳ
639 3939 948 3994 πλατύνεται

558 4085 560 4087 ,
601 4039 767 4082 ΠΕΤΡ.
798 4029 986 4103 Σφόδρα
1016 4031 1172 4091 άληθῆ
1204 4033 1334 4107 ἅπερ
1355 4033 1515 4106 λέγεις
1540 4035 1890 4110 ὑπάρχουσιν.

599 4130 835 4174 ΓΡΗΓΟΡ.
876 4124 991 4192 Οὑχ
1030 4124 1249 4194 ἡγοῦμαι
1291 4123 1479 4180 δίκαιον
1518 4124 1632 4180 οὐδὲ
1678 4132 1829 4180 τοῦτο
1868 4132 2110 4198 σιγῆσαι,

530 4209 655 4283 ὅπερ
684 4214 825 4286 παρά
867 4212 1150 4268 Βαλεντίνου
1191 4222 1280 4268 τοῦ
1325 4215 1722 4280 εὑλαϐεστάτου,
1753 4219 1812 4271 τὸ
1838 4224 2116 4275 τηνικαῦτα

512 4303 808 4371 ’ἡγουμένου
830 4323 928 4372 μου
958 4303 1243 4374 γεγονότος,
1287 4307 1618 4377 περὶτοὺτου
1645 4311 1734 4359 τοῦ
1764 4305 1909 4378 ἁγίου
1939 4305 2114 4380 ἀνδρὸς

530 4389 859 4462 διηγουμένου
885 4394 1088 4450 ἀκήκοα.
1117 4391 1290 4468 ’Ἔλεγε
1311 4398 1410 4466 γάρ
1448 4394 1526 4450 ὄτι
1569 4399 1617 4450 ἐν
1646 4402 1717 4466 τῷ
1747 4401 1993 4472 εὐκτηρίῳ
2020 4404 2112 4452 τοῦ

530 4488 778 4557 μακαρίου
826 4487 1089 4558 μάρτυρος
1128 4493 1443 4560 Λαυρεντίου
1478 4490 1534 4544 τὸ
1573 4497 1724 4559 σῶμα
1767 4492 1923 4545 αὑτοῦ
1956 4489 2011 4549 ἦν
2032 4511 2114 4545 τε-

530 4575 792 4646 θαμμένον.
822 4572 1016 4628 Ἐποίνω
1045 4574 1096 4628 δέ
1125 4583 1211 4630 τοῦ
1243 4581 1504 4648 μνήματος
1533 4580 1756 4653 γεωργός
1795 4600 1874 4638 τις
1912 4577 1929 4615 ί
1956 4577 2115 4653 ἅρκαν

2282 2481 2450 2535 Pera.
2479 2481 2642 2537 Miror
2669 2482 2826 2538 valde
2852 2482 2993 2550 quod
3019 2482 3085 2538 de
3111 2483 3205 2538 tali
3234 2484 3348 2538 viro
3377 2487 3597 2556 subripi
3627 2489 3796 2558 ponti-

2210 2571 2295 2626 ﬁci
2326 2581 2475 2626 tanto
2508 2574 2758 2642 potuerit.

2278 2661 2518 2718 Gnscon.
2549 2663 2687 2730 Quid
2740 2664 2980 2729 miraris,
3016 2665 3201 2734 Petre,
3250 2667 3372 2737 quia
3431 2668 3672 2725 fallimur
3719 2673 3802 2742 qui

2209 2751 2452 2809 homines
2478 2755 2700 2809 sumus?
2735 2754 2818 2810 An
2847 2765 3024 2811 mente
3069 2758 3268 2812 excidit
3311 2761 3461 2828 quod
3495 2763 3684 2828 David,
3717 2765 3804 2833 qui

2208 2846 2508 2914 prophetia:
2536 2845 2782 2915 spiritum
2818 2849 3015 2904 habere
3051 2862 3410 2907 consueverat
3438 2893 3454 2918 ,
3505 2868 3692 2908 contra
3726 2857 3799 2908 in-

2212 2946 2494 2992 nocentem
2514 2937 2758 2992 Jonathae
2781 2939 2948 2994 lilium
2973 2945 3292 2996 sententiam
3315 2941 3488 3008 dedit,
3509 2960 3632 3000 cum
3648 2946 3802 3001 verba

2215 3028 2364 3096 pueri
2394 3027 2703 3084 mentientis
2731 3029 2964 3083 audivit?
2987 3030 3138 3097 Quod
3165 3041 3339 3086 tamen
3363 3034 3490 3102 quia
3518 3050 3616 3102 per
3645 3036 3805 3089 David

2211 3116 2410 3172 factum
2437 3125 2540 3186 est,
2580 3126 2596 3154 ι
2632 3126 2689 3173 et
2716 3118 2924 3174 occulto
2953 3119 3044 3174 Dei
3063 3121 3263 3188 judicio
3284 3121 3491 3189 justum
3517 3125 3808 3187 credimus,

2211 3215 2266 3262 et
2297 3217 2472 3264 tamen
2500 3208 2728 3263 humana
2758 3211 2965 3265 ratione
2993 3211 3218 3281 qualiter
3248 3214 3446 3282 justum
3474 3211 3666 3279 fuerit,
3705 3230 3808 3268 non

2215 3297 2478 3355 videmus.
2521 3299 2658 3367 Quid
2687 3315 2816 3370 ergo
2842 3303 3032 3356 mirum
3060 3302 3105 3358 si
3135 3318 3226 3358 ore
3277 3303 3668 3359 mentientium
3722 3307 3814 3359 ali-

2213 3389 2426 3456 quando
2457 3390 2509 3442 in
2539 3389 2681 3444 aliud
2705 3390 2969 3456 ducimur,
3000 3392 3089 3461 qui
3122 3391 3395 3461 propheta:
3445 3410 3556 3448 non
3587 3393 3812 3449 smnus?

2211 3480 2431 3536 Multum
2462 3497 2587 3538 vero
2614 3491 2697 3538 est
2719 3483 2861 3553 quod
2891 3484 3306 3554 uniuscujusque
3344 3487 3607 3554 praesulis
3665 3502 3812 3541 men-

2215 3580 2320 3625 tem
2347 3587 2595 3626 curarum
2624 3573 2862 3628 densitas
2885 3573 3146 3628 devastat.
3177 3575 3422 3640 Cumque
3463 3578 3689 3631 animus
3737 3578 3816 3630 di-

2213 3661 2412 3714 viditur
2440 3662 2506 3714 ad
2538 3662 2725 3726 multa,
2757 3663 2816 3715 ﬁt
2845 3662 3022 3714 minor
3059 3663 3125 3716 ad
3157 3662 3362 3729 singula
3397 3678 3411 3716 :
3448 3673 3722 3737 tantoque
3768 3669 3816 3721 ei

2214 3749 2267 3804 in
2298 3765 2400 3804 una
2437 3751 2672 3818 qualibet
2698 3765 2757 3805 re
2787 3749 3117 3820 subripitur,
3150 3751 3362 3817 quando
3393 3751 3565 3809 latius
3603 3757 3656 3810 iu
3691 3757 3817 3812 mul-

2213 3838 2284 3892 tis
2308 3847 2619 3906 occupatur.

2285 4038 2452 4091 Pera.
2477 4035 2614 4091 Vera
2644 4043 2767 4090 sunt
2791 4034 2946 4091 valde
2974 4049 3090 4104 qua:
3112 4035 3264 4090 dicis.

2283 4129 2521 4185 Gnscon.
2546 4127 2718 4184 Silere
2740 4143 2846 4183 non
2866 4129 3057 4194 debeo,
3082 4127 3222 4197 quod
3244 4127 3309 4181 de
3335 4125 3445 4182 hoc
3471 4129 3594 4184 viro
3619 4131 3816 4183 abbate

2213 4220 2477 4291 quondam
2513 4235 2631 4275 meo
2676 4219 3117 4274 reverentissimo
3150 4219 3164 4269 ἱ
3209 4217 3504 4274 Valentino
3538 4229 3816 4280 narrante,

2214 4311 2428 4380 agnovi.
2461 4310 2650 4365 Aiebat
2700 4324 2929 4379 namque
2973 4308 3094 4378 quia
3145 4323 3342 4377 corpus
3397 4309 3529 4378 ejus
3587 4311 3717 4365 dum
3768 4309 3818 4359 in

2215 4404 2354 4459 beati
2387 4403 2657 4458 Laurentii
2710 4404 2962 4471 martyris
3004 4402 3236 4454 oratorio
3285 4410 3443 4457 esset
3501 4405 3818 4465 humatum,

2214 4506 2374 4561 super
2402 4492 2707 4560 sepulcrum
2740 4491 2878 4544 illius
2909 4491 3138 4544 rusticus
3184 4489 3406 4558 quidam
3460 4509 3648 4546 arcam
3700 4507 3819 4546 cum

2217 4583 2485 4637 frumento
2508 4584 2702 4652 posuit,
2735 4595 2834 4637 nec
2860 4593 3088 4651 quantus
3112 4582 3398 4651 qualisque
3433 4587 3516 4638 vir
3542 4585 3655 4638 illic
3671 4584 3821 4654 jace-

532 4669 661 4736 μετά
682 4667 824 4720 σίτου
847 4668 1102 4732 ensem»,
1130 4674 1198 4737 μή
1224 4673 1566 4735 κατανοήσας,
1589 4670 1762 4732 ὁποῖος
1791 4672 1912 4744 ἀνὴρ
1944 4672 2111 4727 αὐτόθι

2223 4680 2321 4738 ret,
2355 4673 2686 4740 perpendere
2721 4673 2874 4742 173
2906 4687 2968 4726 ac
3008 4671 3184 4726 vereri
3230 4674 3470 4727 curavit.
3529 4675 3686 4728 Tunc
3737 4687 3824 4726 re-

538 4756 693 4826 174
721 4757 899 4814 ἔκειτο.
933 4759 1178 4831 Δίφνίδιον
1217 4756 1302 4815 οὖν
1330 4761 1567 4838 τάραχος
1603 4765 1654 4827 ἐξ
1685 4765 1948 4840 οὐρανόθεν
1975 4766 2112 4838 γέγο-

530 4868 631 4910 νεν,
663 4852 747 4901 κνὶ
766 4851 964 4904 πάντων
992 4849 1041 4905 ἓν
1069 4861 1129 4925 τῇ
1153 4853 1343 4908 ἑαυτῶν
1371 4856 1689 4910 καταστάσει
1711 4854 2052 4928 διαμενὸντων,
2084 4859 2114 4913 ἡ

533 4939 699 4992 ἐπάνω
751 4946 842 4992 τοῦ
889 4944 1147 5009 μνήματος
1195 4944 1404 4996 τεθεῖσα
1459 4940 1594 5017 ἆρκα
1648 4946 1860 5016 ἐπήρθη,
1911 4945 2115 4999 καὶάπό

614 5138 639 5165 ⁸
665 5128 822 5197 ch.,
846 5129 1006 5184 διὀὗ.
1032 5132 1187 5186 Coll).
1214 5131 1277 5186 δι’
1295 5129 1381 5184 ὧν.

608 5196 635 5236 δ
666 5196 893 5267 Uterque
921 5201 1077 5267 C0d.,
1110 5204 1407 5258 κοπωθῆναι.

612 5279 633 5304 ε
661 5267 837 5331 Culb.,
869 5272 1025 5331 τάξτι.

607 5338 631 5369 ⁴¹
663 5336 912 5404 Uterque,
932 5341 1182 5403 ἀληθείας,
1203 5348 1254 5394 et
1278 5340 1465 5392 melius
1485 5339 1719 5408 quidem,
1736 5338 1881 5406 juxta
1908 5345 2108 5394 textum

530 5408 676 5468 l.at.,
703 5411 883 5458 veritas
911 5408 1074 5462 dicit:
1113 5409 1229 5472 Vos,
1264 5419 1368 5463 etc.

609 5482 633 5549 ξ·
665 5475 815 5549 [ξϐεο.
847 5479 890 5549 εί
920 5477 972 5549 ἐν
998 5487 1068 5547 τῷ
1095 5482 1361 5549 ἀνθρώπῳ.

613 5539 631 5576 ί
666 5536 1099 5617 [ἰθέῃ-ἀρκλὺον,
1139 5536 1192 5617 εί
1241 5536 1394 5609 inira,
1441 5545 1655 5617 ἀρκλίον.
1693 5543 1871 5612 Culb.,
1918 5545 2106 5612 ἆοκλας

540 5606 768 5679 fortasse
788 5612 852 5663 ad
884 5606 1289 5679 signiﬁcandum
1315 5606 1563 5667 arculam.

606 5685 633 5746 β
664 5677 907 5746 Plerique
931 5677 1081 5745 5155.,
1118 5683 1270 5734 Pater
1296 5692 1472 5736 vester.

607 5743 640 5790 δ
667 5743 996 5802 Comuiodum
1021 5743 1104 5804 hic
1133 5752 1394 5820 significat
1417 5752 1756 5820 stipendium,
1783 5755 2108 5819 mercedem,

2220 4772 2378 4833 pente
2409 4764 2563 4817 turbo
2609 4764 2820 4818 caelitus
2851 4763 3042 4830 factus,
3094 4763 3252 4817 rebus
3301 4764 3424 4819 illic
3465 4765 3724 4818 omnibus
3773 4762 3824 4814 in

2221 4867 2316 4907 sua
2343 4854 2639 4908 stabilitate
2666 4853 3025 4917 manentibus,
3072 4867 3279 4917 arcam,
3317 4870 3449 4923 quin
3479 4855 3824 4925 superposita

2221 4945 2466 5013 sepulcro
2495 4944 2610 5012 ejus
2642 4945 2832 5010 fuerat,
2884 4943 3102 5009 extulit,
3140 4943 3414 5013 longeque
3467 4949 3721 5015 projecil,
3775 4952 3828 4998 ut

2219 5135 2416 5208 laboris
2440 5138 2734 5205 praemium,
2754 5135 2957 5208 Graece,
2976 5136 3140 5190 κόπου
3156 5136 3350 5206 μισθὸν.
3378 5138 3543 5208 Ξωρο
3576 5141 3695 5193 hmc
3724 5159 3822 5198 τοι

2214 5207 2355 5282 apud
2385 5204 2700 5282 Gregorium
2733 5204 2990 5282 accipitur
3020 5204 3385 5282 proqualibet
3418 5204 3821 5282 pensitattunc,

2216 5285 2276 5330 ut
2309 5279 2343 5330 Ι.
2371 5294 2406 5343 ι,
2432 5275 2589 5345 epist.
2621 5277 2745 5329 olim
2775 5275 2865 5341 4'2,
2901 5290 3038 5329 nunc
3066 5276 3155 5328 44.

2293 5348 2306 5383 ί
2345 5348 2456 5400 Duo
2487 5346 3024 5423 prinresltlarnqduo
3055 5345 3314 5423 Audoennl,
3342 5347 3467 5418 Big.
3499 5361 3556 5404 et
3585 5351 3696 5423 Lyr
3728 5396 3742 5420 ,
3778 5365 3821 5406 et

2218 5428 2467 5468 occu.tum
2498 5415 2593 5469 Dei
2612 5416 2872 5486 judicium
2892 5416 3092 5484 justum
3124 5415 3262 5466 (red.

2289 5487 2303 5534 i
2345 5486 2541 5550 Bigot.,
2571 5483 2798 5545 ‘2'And.,
2828 5483 3051 5553 Lungip.
3102 5501 3221 5536 cum
3273 5483 3501 5553 Germ.,
3562 5491 3816 5545 Valent-'0.

2213 5554 2346 5631 '_l‘.re_s
2391 5555 2632 5631 (Samen,
2685 5555 2920 5631 GemetL,
2973 5555 3174 5631 primus
3213 5555 3383 5631 An.l.,
3442 5559 3620 5626 Prat.,
3679 5563 3800 5631 Lyr.

2220 5623 2538 5677 Valentione.
2569 5626 2666 5679 llic
2705 5633 2828 5680 nota
2879 5622 3194 5692 Gregorium
3238 5624 3408 5680 vitam
3462 5622 3822 5687 monasticam

2217 5695 2518 5764 amplexum
2549 5710 2687 5752 esse.
