3968 6320
540 337 642 394 ἰιθ

1742 329 1980 387 SANCTI
2019 328 2342 384 (illi-260R"
2383 325 2592 383 MAch

3693 311 3805 367 180

539 460 648 528 πῦρ
689 452 833 525 ἧψενθ
877 453 1039 513 οὕτως
1081 451 1133 507 Cl
1176 453 1231 507 τὸ
1262 450 1399 525 ὕδωρ
1444 450 1492 502 δν
1530 457 1641 511 ταῖς
1669 447 1935 507 κανδήλατς
1972 444 2112 517 ἧψεν,

2229 451 2323 504 tre,
2351 441 2502 510 cujus
2531 439 2704 494 meriti
2737 438 2817 491 vir
2848 436 2947 490 iste
2978 432 3157 497 fuerit,
3184 431 3276 504 qui
3307 426 3621 485 necessitate
3641 439 3802 481 com-

541 555 569 582 ⁸
597 547 667 605 ὡς
695 543 775 598 ὅτε
804 543 972 598 ἔλαιον
1000 544 1259 618 ὑπῆρχεν.
1291 545 1620 599 Κατανοήσας
1656 537 1789 608 (Sic)
1815 533 1920 600 οὖν,
1943 538 2118 608 Πέτρε,

539 637 690 694 ποίας
736 633 1048 692 δικαιςσύνης
1087 631 1112 686 ὁ
1157 629 1420 706 ἅνθρωπος
1452 627 1594 689 οὗτος
1615 631 1840 700 γέγονεν,
1880 625 2020 686 ὅστις
2056 634 2119 700 τῇ

541 728 735 797 ἀνάγκῃ
773 733 862 784 ri;
898 727 1187 783 στενὼσεως
1234 721 1555 781 νυττόμενος.
1583 724 1676 773 τήν
1714 725 1804 772 τοῦ
1851 720 2117 780 στοιχείου

541 840 568 885 φ
577 821 604 870 ύ
612 839 643 870 σ
650 840 691 870 ιν
722 816 919 878 ἔνήλλαξ
925 837 991 868 εν.

611 918 779 963 ΠΕΤΡ.
804 905 999 967 Ὀντως
1042 903 1240 980 σφόδρα
1284 903 1576 975 θαυμαστόν
1602 903 1736 956 ἐστιν
1764 899 1889 975 ὅπερ
1926 899 2114 963 ἀκούω,

541 1000 645 1055 ἀλλ’
679 1000 844 1058 ἤθελον
885 1006 1062 1069 γνῶναι
1100 1000 1150 1052 ἐν
1182 1000 1307 1070 ποίᾳ
1334 997 1632 1053 ταπεινώσει
1660 985 1801 1049 ἔνδον
1822 995 2062 1064 ὑπῆρχεν
2090 992 2116 1048 ὁ

526 1091 767 1164 τοσαύτῃ
793 1088 992 1160 ὑψώσει
1019 1088 1193 1153 ἔξωθεν
1222 1085 1539 1157 διαλάμπων.

803 1189 1049 1235 ΓΡΒΓΟΡ.
1091 1180 1296 1242 Μεταξὺ
1326 1176 1352 1215 δ
1379 1186 1478 1232 τῶν
1515 1175 1776 1246 δυνάμεων
1813 1178 1863 1230 ἐν
1889 1181 2050 1234 ποίοις
2088 1176 2120 1232 ἦ

538 1274 691 1344 ψυχὴ
721 1271 986 1335 διάκειται,
1012 1271 1172 1330 καλῶς
1211 1270 1489 1333 ἐπιζητεῖς⁶
1529 1266 1724 1341 σφόδρα
1757 1270 1857 1341 γάρ
1896 1267 1981 1322 τὸν
2003 1274 2118 1321 νοῦν

538 1363 676 1420 ἔνδον
705 1365 1062 1421 ἐκπλήττουσιν
1091 1363 1138 1414 ἐν
1160 1370 1223 1431 τῇ
1247 1359 1520 1435 δοκιμασία
1544 1359 1675 1433 ἅπερ
1697 1358 1876 1423 ἔξωθεν
1899 1362 2118 1432 γίνονται

537 1459 792 1526 θαύματα.
818 1452 1011 1509 Τούτου
1042 1452 1094 1508 δέ
1116 1460 1204 1508 τοῦ
1235 1453 1519 1523 σεϐασμίου
1545 1454 1887 1508 Κωνσταντίου
1916 1450 1966 1504 ἓν
1990 1449 2118 1525 ὅπερ

535 1549 767 1606 ἐποίησεν
794 1548 875 1599 ἐὰν
901 1547 1140 1617 ἀκούσῃς,
1168 1545 1375 1612 ταχέως
1405 1545 1643 1614 μαθήσῃ,
1685 1547 1836 1602 ποίας
1869 1544 2120 1598 ταπεινὼ⁸

536 1661 668 1699 σεως
697 1641 910 1712 γέγονεν.

605 1741 772 1783 ΠΕΤΡ.
806 1731 967 1784 Ἥνίκα
1001 1732 1120 1804 περὶ
1165 1736 1256 1782 τοῦ
1303 1728 1536 1782 τοιούτου
1567 1728 1825 1796 θαύματος
1869 1724 2114 1797 διηγήσω,

2221 535 2424 603 pulsus,
2455 532 2704 589 elementi
2735 539 2977 586 naturam
3004 534 3252 584 mutavit.

2291 886 2460 943 Pun.
2493 886 2682 940 Mirum
2712 894 2794 940 est
2820 883 2973 939 valde
2994 881 3136 954 quod
3165 879 3362 944 audio;
3386 876 3480 932 sed
3503 889 3661 932 nosse
3687 875 3812 930 vel-

2220 978 2323 1031 lem
2351 977 2502 1046 cujus
2531 976 2844 1031 humilitatis
2874 974 3012 1044 apud
3055 988 3118 1028 se
3145 985 3266 1030 esse
3293 970 3436 1025 intus
3465 967 3635 1038 potuit
3677 965 3809 1029 iste,

2219 1072 2306 1140 qui
2337 1080 2495 1124 tanta:
2523 1069 2853 1125 excellentia:
2884 1067 3015 1123 foris
3043 1066 3156 1120 fuit.

2295 1164 2450 1233 176
2479 1162 2716 1217 Gnccon.
2771 1162 2912 1215 lnter
2942 1158 3163 1213 virtutes
3192 1155 3426 1210 animum
3451 1163 3683 1222 congrue
3717 1163 3813 1202 re—

2219 1254 2408 1322 quiris,
2432 1253 2550 1321 quia
2569 1251 2793 1306 multum
2812 1249 2965 1304 valde
2984 1258 3063 1304 est
3076 1245 3216 1315 quod
3235 1244 3528 1300 tentatione
3543 1258 3639 1298 sua
3655 1240 3809 1295 intus

2222 1353 2454 1399 mentem
2482 1343 2749 1398 lacessunt
2779 1341 2912 1396 mira
2943 1354 3062 1409 quae
3089 1338 3216 1393 loris
3245 1336 3397 1390 ﬁunt.
3429 1333 3534 1389 Sed
3565 1333 3609 1388 si
3643 1331 3810 1400 hujus

2219 1436 2517 1491 C0n~tantii
2548 1433 2869 1490 venerabilis
2916 1445 3077 1487 unum
3107 1428 3248 1499 quod
3279 1427 3405 1484 fecit
3442 1425 3618 1492 audis,
3651 1425 3810 1493 cujus

2223 1526 2537 1582 humilitatis
2563 1525 2743 1590 luerit,
2772 1525 2931 1579 citius
2961 1535 3240 1592 agnosces.

2295 1622 2465 1677 Pcrn.
2496 1621 2782 1688 Postquam
2802 1615 2928 1672 iacti
2959 1616 3099 1670 illius
3125 1614 3228 1668 tale
3252 1611 3565 1666 miraculum
3591 1608 3811 1675 dixisti,

2222 1723 2470 1785 superest
2495 1715 2654 1767 etiam
2685 1720 2741 1766 ut
2764 1725 2851 1766 me
2879 1710 2947 1765 de
2986 1709 3282 1764 humilitate
3309 1707 3499 1762 mentis
3527 1705 3645 1776 ejus
3671 1703 3810 1757 aedi-

534 1822 706 1886 ἴξεστι
732 1822 934 1882 λοιπὸν,
965 1817 1102 1879 ὅπως
1138 1841 1198 1889 με
1245 1821 1332 1872 καί
1369 1821 1484 1894 περὶ
1517 1825 1608 1878 τῆς
1643 1819 1992 1877 ταπεινώσεως
2022 1822 2114 1870 τοῦ
2149 1827 2195 1886 Β
2227 1805 2367 1860 “Ces-

535 1914 641 1972 νοὸς
666 1913 823 1964 αὐτοῦ
849 1907 1204 1983 οἰκοδομήσῃς.

607 2012 853 2059 [‘Pll-I‘OP.
903 2003 977 2058 Ἐν
1007 2013 1080 2078 τῷ
1121 2002 1315 2077 σφόδρα
1358 2008 1449 2062 τὴν
1494 2006 1654 2074 φήμην
1705 2010 1796 2061 τῆς
1835 2001 2122 2074 ἁγιωσύνης

536 2101 687 2152 αὐτοῦ
717 2108 738 2135 ε
771 2099 1133 2160 π>.ατυνθῆναι,
1159 2098 1331 2150 πολλοὶ
1353 2099 1406 2148 ὲκ
1435 2094 1682 2167 διαφόρων
1712 2102 1899 2169 χωρῶν
1936 2115 2121 2168 συνερ-

540 2187 774 2259 χὸμενοι,
806 2195 988 2242 τοζτον
1034 2188 1290 2260 θεωρῆσαι
1319 2186 1614 2255 ἐπεθύμουν.
1646 2195 1718 2238 Ἐν
1749 2192 1839 2256 μιᾷ
1868 2183 1920 2238 δέ
1958 2187 2122 2260 ἡμέρα

535 2278 758 2350 γεωργός
796 2298 874 2337 τις
911 2277 964 2329 ἐκ
995 2284 1094 2330 τῶν
1135 2277 1187 2329 ἐκ
1231 2280 1424 2347 μήκους
1452 2274 1773 2345 διακειμένων
1803 2273 1971 2329 τόπων
1999 2277 2122 2351 πρὸς

537 2369 597 2422 τὸ
636 2369 914 2424 θεάσασθαι
962 2368 1116 2420 αὐτὸν
1169 2367 1527 2439 παραγέγονεν·
1578 2367 1687 2420 κατ’
1743 2368 1894 2425 αὐτὴν
1947 2365 2000 2421 δὲ
2036 2373 2123 2426 τήν

539 2461 673 2533 ὥραν
698 2459 883 2516 συνέϐη
921 2460 1005 2512 τὸν
1035 2455 1174 2530 ἅγιον
1201 2463 1378 2512 τοῦτον
1401 2454 1562 2532 ἄνδρα
1584 2453 1634 2511 ἐν
1663 2457 1840 2529 ξυλίνῳ
1867 2477 2121 2530 τετραπο-

536 2549 627 2622 δίῳ
652 2551 938 2620 ἱστάμενον,
969 2551 1059 2609 τὰς
1085 2547 1324 2608 κανδήλας
1345 2550 1626 2611 σκευάζειν.
1653 2553 1784 2602 Πάνυ
1812 2551 1909 2623 γάρ
1942 2543 1968 2584 ἀ
2003 2570 2122 2603 στε-

535 2646 615 2704 νὸς
637 2645 875 2718 ὑπῆρχεν
898 2651 959 2717 τῇ
983 2643 1170 2716 ἡλικίᾳ,
1203 2645 1286 2695 καί
1312 2642 1496 2712 ἰσχνὸς
1535 2649 1597 2715 τῇ
1628 2647 1718 2696 τοῦ
1753 2643 1992 2713 σώματος
2030 2664 2122 2697 κα-

535 2742 786 2809 τασκευῇ,
811 2738 892 2789 καί
920 2732 1091 2794 ἀειδής
1124 2742 1185 2807 τῇ
1216 2741 1400 2807 μορφῇ.
1427 2732 1706 2804 Ἐπιμελῶς
1736 2732 1789 2789 δέ
1827 2741 1916 2789 τοῦ
1947 2756 2121 2810 παρα-

534 2828 801 2896 γενομένου
824 2831 1046 2902 γεωργοῦ
1078 2830 1208 2896 πρὸς
1237 2826 1293 2880 τὸ
1328 2826 1608 2880 θεάσασθαι
1646 2826 1792 2881 αὐτὸν
1831 2826 2120 2891 ἐπιζητοῦν-

533 2935 616 2973 τος
638 2915 714 2976 τίς
742 2914 768 2969 ὁ
799 2916 1162 2976 εύλαϐἐστατος
1199 2918 1322 2990 ἀνὴρ
1363 2917 1704 2976 κωνστάντιος
1730 2917 1964 2990 ὑπάρχει
1985 2959 2000 2983 ,
2033 2918 2120 2970 καί

532 3003 669 3064 ὅπως
696 3006 838 3077 αὐτῷ
868 3007 1032 3080 ὀφείλῃ
1065 3005 1410 3076 ἐπιδειχθῆναι
1440 3005 1830 3071 δυσωποῦντος,
1863 3007 1908 3059 οί
1940 3012 2118 3061 τοῦτον

533 3105 703 3169 σαίρῶς
735 3098 1078 3168 ἐπιστάμενοι,
1112 3107 1185 3172 τῷ
1219 3107 1428 3173 γεωργῷ
1458 3100 1605 3154 αὐτὸν
1629 3097 1915 3162 ὑπέδειξαν.
1944 3100 2114 3153 Καθά-

2296 1899 2534 1952 ϐιιεοιιιι.
2575 1896 2706 1963 Quia
2738 1894 2892 1948 valde
2920 1892 3100 1963 opinio
3147 1888 3446 1945 sanctitatis
3472 1888 3588 1957 ejus
3618 1899 3811 1942 excre-

2224 1997 2394 2054 verat,
2423 1989 2571 2042 multi
2605 1990 2744 2041 hunc
2773 2002 2841 2040 ex
2875 1985 3100 2039 diversis
3130 1981 3418 2052 provinciis
3443 1979 3603 2034 anxie
3625 1977 3813 2032 videre

2224 2080 2494 2135 sitiebant.
2525 2077 2762 2144 Quadam
2793 2091 2921 2132 vero
2950 2075 3036 2129 die
3064 2090 3127 2129 ex
3158 2073 3448 2143 longinquo
3478 2071 3596 2125 loco
3625 2069 3692 2123 ad
3722 2069 3809 2122 vi-

2225 2169 2457 2225 dendum
2481 2184 2604 2222 eum
2627 2169 2836 2237 quidam
2861 2165 3090 2220 rusticus
3112 2165 3280 2218 venit.
3303 2163 3498 2217 Eadem
3522 2174 3650 2214 vero
3674 2158 3810 2212 hora

2223 2274 2352 2316 casu
2381 2260 2696 2328 contigerat,
2729 2269 2785 2312 ut
2815 2267 3030 2312 sanctus
3059 2256 3138 2310 vir
3166 2263 3313 2310 stans
3346 2256 3396 2306 in
3440 2252 3627 2322 ligneis
3674 2265 3811 2320 gra-

2224 2352 2401 2418 dibus,
2431 2351 2734 2407 reliciendis
2760 2350 3054 2406 deserviret
3085 2348 3435 2418 lampadibus.
3473 2349 3596 2402 Erat
3621 2354 3803 2400 autem

2224 2444 2450 2515 pusillus
2481 2443 2659 2511 valde,
2686 2442 2812 2500 exili
2844 2441 3013 2496 forma
3066 2450 3225 2509 atque
3261 2441 3534 2508 despecta.
3565 2438 3808 2507 Cumque

2223 2538 2268 2593 is
2297 2539 2383 2608 qui
2409 2537 2475 2592 ad
2506 2537 2793 2592 videndum
2813 2551 2935 2591 eum
2961 2541 3184 2589 venerat
3204 2534 3446 2603 quisnam
3471 2540 3611 2587 esset
3631 2529 3808 2600 inqui-

2225 2639 2389 2698 reret,
2420 2639 2579 2700 atque
2601 2630 2798 2686 obnixe
2830 2637 3035 2699 peteret
3060 2638 3116 2682 ut
3143 2627 3246 2682 sibi
3275 2625 3547 2682 debuisset
3571 2621 3805 2688 ostendi,

2224 2722 2276 2777 hi
2306 2723 2392 2794 qui
2426 2723 2575 2778 illum
2609 2730 2866 2777 noverant
2911 2727 3272 2774 monstrarunt
3321 2717 3441 2787 quis
3492 2725 3655 2771 esset.
3700 2713 3807 2769 Sed

2223 2811 2362 2870 sicut
2389 2811 2415 2850 ιι
2453 2812 2630 2868 stultae
2677 2815 2872 2866 mentis
2914 2811 3160 2866 homines
3205 2811 3391 2864 merita
3438 2822 3504 2863 ex
3553 2806 3808 2878 qualitate

2221 2906 2460 2976 corporis
2489 2907 2804 2971 metiuntur,
2835 2921 2956 2960 eum
2989 2904 3267 2973 parvulum
3297 2914 3456 2970 atque
3483 2901 3802 2967 despectum

2220 2998 2431 3062 videns,
2465 2997 2637 3066 ipsum
2668 2996 2810 3051 hunc
2839 3009 2958 3050 esse
2983 2996 3146 3062 coepit
3170 2993 3387 3047 omnino
3415 3005 3517 3045 non
3558 2989 3802 3045 credere.

2222 3091 2279 3146 In
2306 3097 2486 3145 mente
2510 3091 2704 3144 etenim
2737 3090 2934 3143 rustica
2980 3087 3121 3142 inter
3145 3084 3245 3139 hoc
3273 3084 3414 3155 quod
3463 3081 3710 3136 audierat
3752 3089 3807 3135 et

533 3209 628 3265 περ
666 3187 718 3243 δὲ
745 3190 789 3242 οἱ
819 3186 994 3264 ἄφρονι
1016 3190 1244 3262 λογισμῷ
1273 3193 1548 3264 χρώμενοι,
1577 3193 1663 3244 καί
1691 3192 1747 3243 ἑκ
1773 3198 1862 3249 τῆς
1890 3195 1980 3245 τοῦ
2010 3192 2115 3243 σὼ-

2229 3181 2456 3249 videbat,
2487 3182 2638 3250 quasi
2665 3180 2801 3235 facta
2831 3179 3004 3235 fuerat
3034 3179 3274 3248 quaedam
3304 3179 3451 3243 rixa;
3483 3186 3538 3233 et
3562 3175 3808 3230 mstima-

533 3302 693 3351 ματος
719 3291 1034 3343 κατασκευῆς
1063 3286 1152 3340 τήν
1172 3284 1350 3357 ἀρετήν
1371 3279 1514 3356 ἀνδρί
1538 3280 1786 3356 ὁρίζονται
1805 3321 1821 3347 ,
1849 3282 1936 3336 τὸν
1965 3282 2115 3336 αὐτὸν

532 3371 714 3447 τρόπον
741 3374 826 3425 καί
854 3368 1022 3435 οὗτος,
1054 3379 1077 3408 °
1117 3373 1288 3426 στενὸν
1305 3373 1386 3425 καί
1414 3368 1637 3445 ἄμορφον
1658 3371 1742 3424 τὸν
1772 3370 1912 3443 ἅγιον
1935 3372 2120 3427 θεασά-

532 3484 694 3534 μενος,
725 3461 963 3532 οὐδαμῶς
994 3460 1012 3499 ί
1045 3464 1281 3516 ἐπίστευε
1311 3468 1490 3517 τοῦτον
1517 3457 1638 3516 εἶναι
1658 3465 1774 3538 περὶ
1803 3457 1865 3515 οὗ
1889 3463 2116 3520 ἀκήκοεν.

533 3551 610 3608 Ἐν
639 3552 692 3608 δὲ
728 3562 800 3624 τῷ
827 3555 1056 3626 λογισμῷ
1085 3555 1242 3606 αὐτοῦ
1272 3551 1540 3624 ἀμφιϐολία
1569 3572 1648 3610 τις
1676 3552 1937 3622 ὑπῆρχεν,
1971 3548 2036 3604 ὧν
2061 3571 2117 3606 τε

531 3646 649 3716 περὶ
678 3644 836 3698 αὐτοῦ
874 3640 931 3701 ἧν
970 3640 1232 3705 ἀκούσας’,
1280 3645 1366 3695 καί
1404 3643 1522 3715 περὶ
1560 3638 1625 3692 ὧν
1667 3641 1931 3694 ἐθεάσατο·
1964 3638 2121 3695 διελο-

534 3736 700 3803 γίζετο
723 3733 818 3805 γάρ
841 3733 885 3783 ἐν
908 3733 1073 3803 ἑαυτῷ
1103 3737 1172 3800 μή
1200 3730 1444 3786 δύνασθαι
1467 3736 1694 3784 τοιοῦτον
1724 3739 1747 3777 8
1777 3731 1947 3786 στενὸν
1969 3728 2115 3795 εἶναι,

530 3819 585 3874 ὃν
613 3823 663 3874 ἐν
689 3822 854 3890 πολλῷ
883 3823 1075 3893 μεγέθει
1096 3819 1176 3874 δικ
1207 3830 1299 3881 τῆς
1329 3826 1490 3892 φήμης
1521 3818 1683 3891 εἶχεν.
1717 3832 1800 3881 Ὠς
1822 3820 1875 3876 δὲ
1906 3823 1959 3875 ἐκ
1979 3823 2119 3877 πλεί-

532 3931 668 3966 στων
691 3913 938 3975 ἀκούσας,
969 3912 1179 3984 φανερὸν
1200 3915 1340 3982 αὐτῷ
1365 3914 1581 3984 γέγονεν,
1613 3911 1692 3968 ὄτι
1710 3914 1863 3974 αὐτὸς
1883 3914 2117 3988 ὑπάρχει

531 4006 652 4072 περί
676 3999 734 4054 οὗ
767 4005 988 4067 ἀκήκοεν,
1015 4004 1203 4077 ἤρξατο
1223 4005 1516 4075 καταγελᾷν,
1537 4007 1618 4059 καί
1639 4003 1996 4075 βδελύττεσθαι
2024 4009 2116 4061 αύ-

529 4096 634 4157 τόν,
667 4094 839 4166 λέγων·
875 4094 1002 4168 Ἐγὼ
1033 4097 1190 4166 μέγαν
1240 4095 1498 4170 ἄνθρωπον
1544 4098 1823 4153 θεάσασθαι
1870 4097 2118 4172 προσεδό-

533 4205 670 4248 κουν,
700 4181 844 4244 οὗτος
873 4183 926 4240 δὲ
957 4187 1220 4260 ἀνθρώπου
1248 4185 1392 4241 οὐδέν
1422 4185 1565 4256 ἔχει.
1589 4198 1643 4240 '0
1676 4185 1730 4241 δὲ
1758 4193 1850 4242 τοῦ
1874 4195 2001 4243 Θεοῦ
2027 4186 2116 4243 ἄν·

527 4277 725 4348 θρωπος
770 4278 1106 4337 κωνστάντιος
1153 4283 1304 4332 τοῦτο
1370 4277 1631 4342 ἀκούσας,
1683 4280 1991 4347 καταλείψας
2054 4280 2116 4342 ἃς

527 4365 814 4436 ἐπεμελεῖτο
840 4365 1107 4432 κανδήλας,
1138 4371 1268 4437 μετά
1300 4367 1526 4428 σπουδῆς
1553 4369 1757 4429 κατῆλθε
1776 4412 1789 4435 ,
1821 4373 1905 4425 καί
1929 4373 2000 4431 εἰς
2026 4372 2115 4428 τὸν

528 4462 621 4510 τοῦ
650 4464 879 4529 γεωργοῦ
902 4460 1175 4527 ἀσπασμὸν
1200 4458 1438 4533 ἔδραμεν,
1470 4466 1553 4515 καί
1588 4464 1717 4530 μετά
1745 4463 1932 4518 πολλοῦ
1959 4465 2111 4517 πόθου

2221 3275 2312 3331 hat
2341 3283 2446 3329 tam
2493 3278 2707 3329 brevem
2738 3288 2834 3342 per
2861 3273 3122 3328 visionem
3149 3287 3267 3326 esse
3298 3287 3402 3325 non
3435 3284 3609 3340 posse,
3643 3284 3806 3340 quem

2222 3375 2328 3422 tam
2360 3366 2625 3436 ingentem
2657 3365 2916 3420 habuerat
2967 3380 3060 3434 per
3103 3365 3433 3444 opinionem.
3484 3362 3578 3418 Cui
3629 3362 3807 3430 ipsum

2221 3471 2340 3513 esse
2366 3457 2495 3511 dum
2538 3471 2566 3508 a
2619 3456 2858 3525 pluribus
2900 3456 3085 3511 luisset
3123 3462 3410 3520 assertum,
3460 3452 3703 3521 despexit
3749 3463 3808 3507 et

2219 3551 2381 3620 erepit
2405 3550 2651 3617 irridere,
2681 3551 2865 3604 dicens
2899 3568 2912 3605 :
2944 3547 3057 3619 Ego
3086 3548 3341 3619 grandem
3387 3546 3656 3600 hominem
3682 3560 3806 3600 cre-

2220 3641 2351 3706 didi,
2384 3641 2486 3696 iste
2511 3652 2688 3697 autem
2727 3642 2796 3697 de
2838 3641 3053 3696 homine
3085 3640 3213 3694 nihil
3247 3639 3426 3693 habet.
3456 3637 3605 3703 Quod
3635 3645 3693 3690 ut
3720 3638 3806 3691 vir

2221 3732 2317 3788 Dei
2365 3732 2709 3788 Constantius
2753 3732 2990 3799 audivit,
3041 3731 3313 3800 lampades
3356 3744 3488 3800 quas
3531 3728 3806 3784 reliciebat

2221 3825 2463 3894 protinus
2492 3826 2645 3881 laetus
2674 3826 2981 3894 relinquens
3001 3865 3016 3890 ,
3045 3825 3288 3879 concitus
3313 3820 3612 3883 descendit,
3644 3829 3806 3889 atque

2221 3917 2274 3971 in
2304 3915 2545 3987 ejusdem
2578 3916 2762 3972 rustici
2791 3917 3097 3986 amplexum
3128 3914 3254 3981 ruit,
3282 3928 3509 3984 eumque.
3529 3928 3594 3968 ex
3618 3926 3807 3967 arnore

2220 4011 2386 4064 nimio
2414 4009 2782 4079 constringere
2811 4010 2973 4077 coepit
3000 4008 3252 4073 brachiis,
3297 4017 3352 4062 et
3404 4006 3652 4071 osculari,
3688 4020 3806 4058 ma-

2218 4115 2456 4172 gnasque
2487 4101 2681 4170 gratias
2710 4116 2868 4170 agere
2896 4101 3036 4169 quod
3083 4102 3130 4156 is
3155 4101 3222 4156 de
3252 4115 3311 4155 se
3339 4098 3460 4153 talia
3486 4098 3805 4167 iudicasset,

2217 4193 2401 4249 dicc-ns
2437 4211 2449 4245 :
2481 4192 2561 4246 Tu
2587 4193 2732 4246 solus
2756 4193 2807 4246 in
2835 4209 2921 4246 me
2949 4201 3162 4263 apertos
3188 4193 3373 4247 oculos
3400 4190 3648 4244 habuisti.
3685 4188 3806 4255 Qua

2218 4301 2283 4342 ex
2316 4301 2372 4341 re
2396 4287 2727 4355 pensandum
2755 4295 2838 4342 est
2863 4287 3012 4356 cujus
3041 4287 3177 4356 apud
3201 4301 3259 4341 se
3284 4285 3596 4340 humilitatis
3617 4283 3803 4349 fuerit,

2217 4375 2308 4446 qui
2336 4376 2718 4445 despicientem
2749 4391 2807 4432 se
2829 4378 3089 4431 rusticum
3115 4377 3344 4446 amplius
3373 4375 3587 4429 amavit.
3619 4375 3809 4440 Qualis

2217 4470 2359 4526 enim
2382 4472 2604 4540 quisque
2625 4469 2763 4539 apud
2791 4485 2848 4525 se
2871 4469 3050 4537 lateat,
3074 4469 3392 4525 contumelia
3419 4469 3560 4521 illata
3586 4467 3802 4536 probat,

527 4558 643 4609 ταῖς
668 4551 855 4604 ἑαυτοῦ
878 4555 1041 4625 χερσί
1067 4558 1240 4607 τοῦτον
1277 4554 1593 4629 περιλαϐὼν,
1622 4555 1810 4628 ἤρξατο
1842 4557 1989 4611 αὐτὸν
2027 4579 2113 4611 κα-

2229 4561 2347 4616 Nam
2378 4562 2516 4617 sicut
2553 4562 2765 4631 superbi
2797 4560 3108 4624 honoribus,
3159 4562 3236 4615 sic
3284 4561 3595 4630 plerumque
3626 4559 3807 4610 humi-

525 4639 742 4710 ταφιλεῖν
777 4643 863 4694 καί
898 4643 1123 4712 μεγάλας
1161 4646 1385 4718 χάριτας
1411 4646 1546 4715 αύτῷ
1582 4645 1856 4719 ὁμολογῶν,
1890 4645 1966 4702 ὅτι
1994 4650 2112 4723 περὶ

527 4737 677 4786 αὖτοῦ
708 4733 871 4794 οὕτως
903 4733 1118 4809 ἔκρινεν
1142 4735 1282 4810 ἔλεγε
1304 4739 1402 4811 γάρ
1424 4739 1578 4811 αὐτῷ,
1603 4735 1718 4794 Ὀτι
1736 4743 1800 4795 σύ
1822 4739 1970 4810 μόνος
1990 4743 2111 4803 τούς

524 4823 808 4895 ὀφθαλμούς
838 4846 936 4879 σου
984 4825 1143 4897 ἔσχες
1188 4829 1524 4900 άνεωγμένους
1571 4831 1641 4891 εἰς
1691 4832 1796 4898 ἐμέ.
1822 4830 1898 4886 Ἐκ
1925 4835 2107 4888 τούτου

524 4911 614 4970 οὖν
649 4923 739 4970 τοῦ
779 4919 1082 4993 πράγματος
1118 4923 1428 4979 κατανοῆσαί
1458 4923 1570 4978 ἐστι
1613 4926 1763 4984 ποίας
1793 4925 1916 5000 παρ’
1944 4926 2107 4998 ἔαυτῷ

2219 4655 2298 4709 les
2325 4669 2420 4708 sua
2467 4655 2811 4723 despectione
2847 4653 2859 4691 ί
2895 4655 3245 4725 gratulantur.
3294 4652 3531 4721 Cumque
3559 4666 3618 4704 se
3648 4658 3704 4704 et
3749 4650 3809 4704 in

2217 4744 2406 4798 alienis
2436 4745 2606 4798 oculis
2636 4745 2765 4800 viles
2811 4745 3095 4815 aspiciunt,
3124 4745 3324 4800 idcirco
3370 4743 3623 4813 gaudent,
3677 4741 3809 4810 quia

2218 4834 2318 4889 hoc
2357 4835 2616 4904 judiciqu
2647 4838 2953 4892 confirmari
2981 4838 3303 4908 intelligunt,
3338 4836 3478 4898 quod
3527 4835 3594 4889 de
3640 4849 3700 4889 se
3748 4844 3809 4888 et

2217 4924 2314 4994 ipsi
2338 4926 2475 4992 apud
2503 4927 2820 4995 semetipsos
2851 4928 3170 4984 habuerunt.

519 5013 882 5072 ταπεινώσεως
925 5014 1194 5087 ὑπῆρχεν,
1229 5014 1283 5074 ὅς
1312 5037 1390 5076 τις
1437 5018 1523 5071 τὸν
1553 5015 1954 5091 βδελυσσόμενον
1995 5018 2147 5072 αὐτὸν
2183 5020 2404 5094 γεωργὸν
2452 5022 2835 5096 περισσοτέρως
2873 5022 3056 5090 μᾶλλον
3106 5022 3383 5095 ἠγάπησεν
3429 5021 3654 5075 ἑκάστου
3701 5019 3806 5095 γάρ

518 5105 608 5158 τήν
639 5098 776 5155 ἔνδον
805 5105 1141 5176 κεκρυμμένην
1171 5107 1465 5180 προαίρεσιν
1501 5110 1530 5164 ἡ
1567 5109 1921 5182 προσαγομένη
1967 5108 2116 5183 ὕϐρις
2153 5105 2425 5179 δοκιμάζει⁶
2468 5111 2689 5183 καθάπερ
2722 5114 2822 5185 γάρ
2873 5113 2917 5166 οί
2965 5118 3274 5187 ὑπερήφανοι
3318 5120 3434 5172 ταῖς
3476 5118 3678 5181 τιμαῖς,
3711 5111 3807 5164 οὖο

519 5208 622 5247 τως
661 5190 704 5242 οἱ
750 5193 1129 5266 ταπεινόφρονες
1181 5194 1264 5247 ἐπὶ
1312 5202 1373 5269 τῇ
1420 5195 1617 5251 ἑαυτῶν
1669 5197 1993 5261 ίξουδενὼσει
2045 5200 2362 5270 ἀγάλλονται⁶
2411 5197 2530 5256 ὅταν
2568 5199 2621 5256 δέ
2674 5206 2756 5256 καί
2799 5205 2850 5257 ἐν
2894 5212 3000 5265 τοῖς
3053 5212 3152 5260 τῶν
3201 5205 3471 5279 ἀλλοτρίων
3526 5203 3808 5275 ὀφθαλμοῖς

525 5280 889 5370 ἐςουδενημένοι
937 5283 1186 5358 ὁρῶνται.
1226 5286 1462 5348 πλειόνως
1509 5292 1804 5362 χαίρονται.
1837 5293 1921 5346 καὶ
1947 5294 2035 5353 τήν
2071 5291 2267 5348 ἑαυτῶν
2298 5295 2461 5368 κρίσιν
2488 5296 2827 5370 στηριχθῆναι
2850 5297 3204 5361 πιστεύουσιν,
3236 5293 3318 5351 ὅτι
3344 5294 3550 5355 ὁποίους
3577 5293 3810 5357 ἑαυτοὺς

527 5369 697 5443 εἶχον,
721 5379 937 5430 τοιοῦτοι
966 5379 1046 5428 καί
1065 5378 1188 5450 παρ’
1213 5378 1406 5433 ἐκείνων
1430 5382 1788 5453 ἐνομίσθησαν.
2590 5369 2594 5370 7
2681 5371 2685 5373 ’

2287 5493 2306 5532 ί
2336 5493 2485 5559 Mss.,
2517 5495 2831 5550 ἐπίστευσεν.

2284 5574 2308 5641 l3
2339 5565 2494 5641 Begu
2527 5569 2727 5641 μικρὸνΖ
2755 5565 2929 5628 (5011),,
2959 5569 3162 5641 σεμνὸν.

2279 5633 2305 5670 ιι
2338 5634 2502 5699 Prat.,
2527 5633 2673 5703 urg”
2710 5636 2858 5704 Lyr.,
2893 5633 3096 5702 primus
3128 5637 3290 5701 Aud.,
3319 5637 3530 5692 Gemet.
3561 5649 3617 5693 ct
3662 5653 3814 5696 unus

2211 5703 2395 5765 Cain,
2428 5705 2595 5757 staltw
2623 5703 2811 5757 mentes
2840 5706 3080 5771 hominis,
3110 5709 3191 5766 vel
3224 5709 3504 5764 Iwmt'uum.

2280 5773 2295 5811 ί
2333 5774 2472 5828 Aud.
2504 5784 2555 5829 et
2588 5776 2738 5844 l.yr.,
2769 5774 3076 5844 gloriantur.

599 5495 623 5521 σῖ
655 5484 831 5552 Colb.,
856 5490 922 5549 ὡς
952 5486 1027 5543 ὅτι
1054 5490 1235 5544 ἔλαιον.

599 5554 627 5593 δ
660 5555 814 5629 ᾕρει,
845 5567 943 5612 τῶν
974 5565 1218 5629 σημείων.

604 5637 624 5664 ⁸
652 5625 828 5693 Ct)lb.,
862 5625 1215 5684 πλατύνεσθαι.

600 5695 625 5733 (³
653 5696 883 5774 _|_Jt_erque
913 5701 1042 5774 Cod.
1061 5740 1074 5763 ,
1099 5702 1277 5774 σεμνὸς
1305 5705 1541 5774 ὑπῆρχεν

597 5775 622 5803 ⁸
652 5768 836 5840 Iidem,
872 5772 1049 5840 σεμνὸν
1073 5768 1430 5847 καίᾶμορφονξ
1448 5768 1610 5828 ’ἐηοι-
1638 5775 1863 5832 videtur.
