3968 6306
172 293 258 353 185
1415 292 1748 352 DlALOGOB

1857 300 1859 353 ζ
1899 297 2099 354 LIBER
2143 301 2181 359 Ι.

3347 317 3447 374 Ικθ

166 419 342 466 euntes
371 403 570 459 fratres
603 419 669 458 ex
706 404 1032 461 monasterio
1060 419 1185 461 aum
1217 408 1365 462 lucra
1408 409 1509 462 olei
1542 424 1748 476 quare-

1858 417 2172 486 νοφροσύνης
2192 420 2345 471 τοῦτο
2367 420 2599 490 γενέσθαι
2628 420 2871 487 ὲκώλυσε,
2898 428 3079 494 μήπως
3105 435 3205 482 τῶν
3234 427 3452 504 ἀδελφῶν

168 513 294 563 rent,
323 497 624 553 animarum
659 498 853 551 damna
883 508 1210 567 paterentur.
1240 499 1342 554 Sed
1374 501 1495 568 quia
1531 499 1584 554 in
1636 515 1751 554 mo-

170 591 372 646 naslerii
405 588 692 640 arboribus
719 589 872 640 oliva:
898 604 1076 656 pauere
1101 590 1275 643 inesse
1298 589 1642 656 videbantur,
1660 605 1752 645 eas

171 684 330 751 colligi
358 681 637 750 prtecepit,
671 692 721 733 ιιι
751 683 802 733 itt
837 682 1000 748 prarlo
1026 681 1179 748 mitti,
1205 689 1258 734 ct
1283 681 1575 748 quamlibet
1604 691 1628 718 ι
1656 696 1751 751 pa-

170 790 274 828 rum
326 773 429 827 olei
473 772 625 826 exire
656 772 936 839 potuisset,
965 772 1178 826 sibimet
1226 772 1447 828 deferri.
1499 771 1750 830 Facturu-

170 883 257 934 que
285 874 395 931 est,
432 877 484 918 et
537 874 846 932 susceptum
894 863 946 917 in
975 879 1136 932 parvo
1166 864 1384 918 vasculo
1432 865 1605 918 oleum
1640 864 1748 919 fra-

171 971 266 1012 tres
294 958 545 1010 Nuntioso
580 957 671 1009 Dei
704 956 902 1009 famulo
928 955 1236 1009 detulerunt
1263 973 1276 1008 :
1299 956 1438 1024 quod
1467 956 1583 1023 ipse
1624 971 1748 1026 pro-

174 1057 304 1106 tinus
343 1063 468 1104 ante
513 1052 680 1104 altare
729 1049 936 1118 posuit,
985 1049 1300 1114 cunctis-que
1351 1048 1746 1116 egredientibus

171 1147 351 1211 oravit,
389 1155 548 1213 atque
573 1143 849 1196 accersitis
877 1141 1215 1211 postmodum
1251 1140 1500 1194 fratribus
1544 1155 1745 1209 prame-

171 1240 256 1308 pit.
289 1248 342 1290 ut
373 1237 474 1291 huc
520 1235 662 1306 quod
711 1236 1012 1289 detulerant
1051 1233 1226 1288 oleum
1281 1233 1538 1295 levarent,
1569 1244 1622 1287 et
1653 1249 1746 1301 per

171 1339 345 1383 cuncta
374 1341 499 1380 vasa
533 1325 848 1378 monasterii
891 1325 1079 1392 exigue
1109 1324 1376 1378 fundendo
1408 1322 1740 1387 dividerent,

169 1431 419 1489 quatenus
451 1416 830 1471 benedictione
853 1414 1093 1486 ejusdem
1125 1415 1234 1473 olei
1264 1414 1438 1470 omnia
1471 1413 1642 1471 infusa
1667 1415 1744 1465 vi-

169 1513 409 1566 derentur
439 1528 454 1563 :
494 1524 616 1578 qua:
649 1509 895 1576 protinus
927 1515 982 1560 ut
1012 1516 1164 1560 erant
1192 1520 1354 1558 vacua
1383 1503 1559 1558 claudi
1593 1504 1737 1558 fecit.

170 1605 252 1658 Die
282 1619 405 1658 vero
429 1603 592 1656 altera
623 1608 806 1669 aperta
835 1598 1012 1651 omnia
1057 1597 1215 1664 plena
1247 1603 1454 1662 reperta
1486 1604 1630 1650 sunt.

1859 513 1951 565 τῆς·
1996 515 2150 574 μονῆς
2191 509 2560 582 ἐξερχομένων,
2609 517 2657 566 ἐν
2700 512 2802 585 ὅσῳ
2832 514 2979 590 κέρδη
3011 518 3174 572 ἐλαίου
3213 526 3446 590 ζητοῦσι,

1859 592 2086 664 ψυχικήν
2113 598 2288 669 ζημίαν
2319 601 2654 672 ὑπομείνωσι.
2675 605 2866 659 Μᾶλλον
2891 605 2943 661 δὲ
2975 609 3024 662 ἐν
3052 618 3158 669 τοῖς
3185 619 3273 665 τοῦ
3296 634 3451 683 μονα-

1860 687 2071 759 στηρίου
2102 686 2325 764 δένδροις
2350 695 2564 754 τούτους
2580 696 2804 750 ἀπελθεῖν
2836 696 3113 764 ἐκέλευσεν,
3146 704 3306 775 ὀλίγαι
3347 708 3446 781 γάρ

1858 780 2017 834 ἐλαίαι
2058 783 2105 834 έν
2141 785 2316 844 αὐτοῖς
2357 787 2679 860 ἐθεωροῦντο,
2706 795 2792 845 καί
2818 795 2978 853 αὑτάς
3007 798 3321 868 σωρευθῆναι
3361 803 3446 854 καί

1859 871 1908 923 ἔν
1934 879 2005 936 τῷ
2034 873 2374 955 ἑλαιοτριξείῳ
2405 879 2645 949 βληθῆναι
2672 886 3005 955 προσέταξεν,
3041 894 3063 921 ο
3095 891 3176 940 καὶ
3205 887 3322 944 εἴτι
3345 892 3445 946 ὀλί-

1856 981 1943 1036 γον
1969 961 2132 1018 ἔλαιον
2161 967 2360 1029 ἐξελθεῖν
2391 968 2685 1036 δυνησηται,
2717 972 2855 1036 ὅπως
2875 978 3016 1050 αύτῷ
3044 982 3442 1054 προσαγάγωσι.

1853 1054 2025 1124 Γέγονε
2061 1060 2228 1111 τοίνυν
2256 1064 2338 1113 καί
2375 1063 2427 1118 ἐν
2463 1060 2479 1097 ί
2510 1066 2810 1138 στενωτάτῳ
2863 1069 3048 1140 ἀγγείῳ
3090 1073 3147 1124 τὸ
3192 1072 3350 1125 ἔλαιον
3399 1074 3447 1127 οἱ

1850 1142 2050 1216 ἀδελφοί
2093 1145 2373 1218 δεξάμενοι,
2413 1156 2651 1224 Νοννὼσῳ
2682 1165 2752 1224 τῷ
2781 1164 2868 1211 τοῦ
2901 1167 3026 1212 Θεοῦ
3071 1159 3231 1230 δούλῳ
3261 1171 3285 1208 8
3313 1167 3447 1222 ἀπη-

1851 1257 2026 1307 γαγον.
2049 1235 2211 1312 Ὅπερ
2251 1243 2401 1304 αὐτὸς
2427 1242 2691 1314 δεξάμενος
2728 1245 3007 1322 ἔμπροσθεν
3036 1259 3124 1310 τοῦ
3156 1254 3439 1313 θυσιαστη-

1852 1325 1965 1396 ρίου
2013 1327 2215 1378 τέθεικε⁸
2269 1331 2356 1383 καί
2401 1329 2605 1385 πάντων
2652 1334 2958 1401 ἐξελθόντων,
3005 1340 3152 1409 μόνος
3183 1340 3318 1396 ἔνδον
3355 1353 3446 1404 τῆς

1852 1413 2115 1474 ἐκκλησίας
2138 1417 2422 1485 ἀπέμεινεν,
2457 1423 2535 1473 καί
2564 1422 2737 1480 ἑαυτὸν
2766 1428 2836 1485 εἰς
2876 1429 3035 1497 εὐχήν
3075 1428 3275 1486 δέδωκε.
3309 1438 3444 1488 Μετὰ

1851 1503 1903 1559 δὲ
1934 1513 2086 1560 τοῦτο
2116 1511 2351 1578 φωνήσας
2397 1513 2518 1571 τοὺς
2571 1512 2832 1583 ἀδελφοὺς,
2891 1520 3149 1581 ἐκέλευσεν
3191 1524 3272 1576 ἵνα
3317 1523 3442 1600 ὅπερ

1849 1600 1985 1670 αὐτῷ
2011 1604 2340 1672 προσήγαγον
2367 1599 2537 1656 ἔλαιον
2577 1606 2832 1680 έπάρωσι,
2885 1613 2967 1663 καί
3007 1613 3075 1672 εἰς
3121 1612 3213 1668 ὅλα
3262 1617 3325 1668 τά
3350 1599 3440 1669 τοῦ

169 1700 494 1769 δικαστηρίου
524 1698 705 1765 ἀγγεῖα
735 1691 844 1746 κατ’
868 1692 1030 1761 ὀλίγον
1072 1690 1339 1757 ἐκχέοντες
1381 1687 1764 1770 διαμερίσωσιν,
1805 1685 1942 1758 ὅπως
1976 1691 2027 1742 ἐκ
2052 1698 2143 1749 τῆς
2173 1699 2264 1746 τοῦ
2305 1694 2471 1747 ἐλαίου
2523 1697 2747 1767 εὐλογίας
2793 1697 2997 1760 ἅπαντα
3035 1706 3319 1769 πιανθῶσι,
3361 1709 3444 1762 καὶ

168 1798 318 1843 “in
357 1786 597 1859 σάξονρα
637 1781 762 1837 ὄντα
803 1783 1032 1857 παρευῧὺ
1063 1779 1343 1835 κλεισθῆναι
1372 1783 1659 1841 πεποίηκεν.
1691 1786 1770 1831 Ἐν
1811 1779 1862 1834 δέ
1892 1780 2013 1854 ἄλλη
2034 1784 2198 1858 ἡμέρα
2228 1785 2564 1856 άνοιχθέντα,
2599 1787 2805 1845 ἅπαντα
2830 1793 3052 1862 γέμοντα
3076 1797 3367 1871 εὐρέοησαν.

233 1884 385 1936 Pero.
418 1880 716 1933 l’robamus
743 1875 977 1946 quatidie
1021 1873 1230 1943 impleri
1253 1873 1431 1942 ,verba
1462 1872 1736 1940 Veritatis,
1773 1882 1816 1940 Β

172 1991 272 2044 qua:
292 1973 360 2025 ait
394 1989 408 2022 :
439 1969 599 2023 Pater
621 1985 764 2023 meus
792 1983 950 2038 usque
974 1967 1124 2020 modo
1153 1972 1415 2036 aperatur,
1445 1973 1492 2018 et
1520 1980 1612 2034 ego
1634 1980 1747 2035 ape-

172 2064 436 2135 ror(10an.
463 2078 516 2129 ν,
537 2062 661 2133 27).

756 2213 985 2271 C.\PUT
1011 2212 1142 2268 Vill.

175 2316 243 2371 De
279 2312 554 2372 Anastasio
593 2310 775 2366 abbate
802 2307 1132 2373 monasterii,
1159 2305 1296 2375 quod
1326 2304 1354 2344 δ
1387 2304 1748 2375 Suppentonia

833 2389 1062 2433 vocatur.

233 2484 555 2540 GREGOBIUS.
583 2477 786 2533 Eodem
815 2488 1028 2545 quoque
1050 2482 1292 2542 tempore
1311 2469 1649 2526 venerandus
1667 2469 1748 2523 vir

175 2578 491 2638 Anastasius,
519 2573 676 2643 cujus
711 2571 960 2635 superius
988 2566 1302 2622 memoriam
1333 2563 1434 2620 feci
1466 2564 1615 2635 (Cap.
1651 2562 1739 2633 7),

173 2679 356 2724 sanctae
385 2667 642 2721 Romana!
668 2660 922 2717 Ecclesia:
943 2700 957 2724 ,
983 2659 1067 2712 cui
1097 2658 1208 2712 Deo
1229 2666 1448 2711 auctore
1474 2656 1745 2721 deservio,

176 2761 400 2816 nourins
426 2758 521 2811 fuit
545 2754 872 2826 (MartyroL,
897 2751 958 2805 il
986 2748 1157 2818 Jan.).
1182 2749 1281 2814 Qui
1310 2747 1410 2802 soli
1447 2748 1601 2818 181
1637 2746 1747 2801 Deo

177 2867 349 2905 vacare
393 2848 732 2910 desiderans,
761 2843 1018 2898 scrinium
1051 2841 1325 2905 deseruit,
1356 2839 1742 2892 monasterium

178 2944 346 3008 elegit,
377 2953 540 3006 atque
586 2939 637 2991 in
682 2951 748 2991 eo
777 2937 894 2989 loco
935 2943 957 2970 ο
989 2947 1149 3002 quem
1194 2930 1447 2999 prmfatus
1477 2945 1617 2997 sum,
1660 2927 1748 2998 qni

177 3033 522 3101 Stippentoiiia
546 3038 792 3095 vncalur,
813 3043 908 3096 per
932 3027 1100 3079 annos
1134 3025 1334 3077 multos
1356 3023 1406 3076 in
1431 3022 1631 3076 sanctis
1656 3037 1748 3076 ac-

179 3130 306 3182 titius
331 3130 491 3180 vitam
522 3125 698 3191 duxit,
733 3125 890 3193 eique
936 3119 1265 3175 monasterio
1294 3118 1478 3173 solerti
1510 3118 1751 3173 custodia

1918 1884 2089 1930 ΠΕἸῬ.
2120 1881 2425 1949 Πιστεύομεν
2471 1882 2580 1934 καθ’
2607 1883 2796 1959 ἡμέραν
2825 1885 3142 1961 πληροῦσθαι
3189 1898 3280 1945 τοῦ
3323 1892 3444 1952 ἀλη-

1849 1969 1984 2022 θινοῦ
2014 1976 2142 2028 Θεοῦ
2173 1976 2258 2025 καὶ
2287 1976 2463 2048 κυρίου
2503 1977 2641 2045 ἡμῶν
2671 1975 2836 2035 ἰησοῦ
2866 1989 3089 2052 Χριστοῦ
3121 1987 3186 2038 τὰ
3213 1985 3441 2058 ῥήματα,

1848 2061 1982 2140 ἅπερ
2004 2067 2319 2141 προε’ρηκεν⁹
2344 2079 2398 2121 '0
2420 2073 2588 2143 πατήρ
2610 2091 2708 2136 μου
2731 2071 2825 2132 ἕως
2851 2069 2971 2146 ἄρτι
2999 2075 3281 2148 ἐργάζεται,
3303 2083 3442 2153 κᾴγῶ

1853 2156 2151 2229 ἐργάζομαι.

2490 2239 2711 2290 ΚΕΦΑΛ.
2743 2237 2811 2288 ιε’.

1848 2318 1964 2391 Περὶ
1991 2315 2329 2378 ’Λναστασὶου
2359 2320 2642 2455 ἡγουμέέου
2665 2330 2819 2410 μονῆς
2848 2331 2939 2385 τῆς
2960 2327 3300 2404 ’Υπὸκρημνον
3332 2333 3440 2388 ὀνο.

2490 2413 2554 2455 μα
2593 2413 2795 2455 ομενης.

2490 2413 2795 2463 μαςομενης.

1921 2487 2270 2534 ΓΡΗΓΟΡΙΟΣ.
2301 2481 2379 2537 Ἐν
2419 2485 2556 2556 αὐτῷ
2593 2489 2760 2540 τοίνυν
2800 2494 2872 2557 τῷ
2911 2488 3081 2564 χρόνῳ
3107 2490 3131 2545 ὅ
3157 2492 3438 2566 σεϐάσμιος

1848 2569 1970 2645 ἀνὴρ
1997 2567 2332 2632 ’Λναστάσιος
2354 2613 2366 2634 ,
2404 2570 2598 2634 οὗτινος
2636 2577 2871 2653 άνωτέρῳ
2899 2582 3068 2648 μνείαν
3093 2582 3435 2656 ἐποιησάμην,

1850 2657 1874 2696 1³
1898 2661 2141 2736 νωτάριος
2173 2665 2385 2736 ὑπῆρχε
2416 2669 2608 2727 ταύτης
2636 2677 2727 2729 τῆς·
2755 2677 2855 2725 τῶν
2883 2669 3137 2743 Ῥωμαίων
3165 2675 3313 2747 ἁγίας
3352 2686 3438 2732 τοῦ

1851 2762 1979 2807 Θεοῦ
2007 2756 2296 2822 ἐκκλησίας,
2371 2767 2497 2812 Θεοῦ
2528 2761 2708 2836 χάριτι
2727 2766 2836 2816 νυνὶ
2865 2762 3088 2822 δουλεύω
3114 2767 3228 2839 ἐγώ.
3252 2768 3342 2830 Ὀς
3364 2793 3439 2833 τις

2041 2856 2150 2921 Θεῷ
2198 2849 2334 2922 μόνῳ
2380 2852 2430 2903 ἐν
2481 2853 2683 2926 ἡσυχίᾳ
2729 2851 3001 2911 δουλεῦσαι
3056 2861 3329 2932 ἐπιθυμῶν,
3385 2865 3439 2918 τό

1854 2941 2074 3009 σκρίνιον
2115 2941 2442 3011 καταλείψας,
2489 2945 2576 3000 τὸν
2607 2949 2794 3015 μονήρη
2838 2947 2946 3020 βίον
2978 2950 3247 3014 ἐξελέξατο,
3291 2957 3370 3005 καὶ
3394 2959 3439 3006 ἐν

1851 3038 1914 3104 τῇ
1945 3035 2444 3104 προμνημονευθείσῃ
2491 3044 2643 3110 μονῇ,
2690 3040 2724 3095 ἦ
2749 3060 2826 3098 τις
2855 3040 3192 3115 Ὕπόκρημνον
3220 3044 3440 3102 καλεῖται

1854 3123 2249 3193 ἀποταξάμενος,
2280 3126 2364 3179 ἐπὶ
2390 3126 2601 3187 πολλοὺς
2646 3130 2868 3203 χρόνους
2909 3130 3186 3207 διαρκέσας
3205 3178 3218 3199 ,
3252 3137 3302 3190 ἐν
3323 3135 3441 3211 ἁγίᾳ

180 3219 397 3287 pnefuit.
439 3218 559 3282 Quo
588 3214 840 3269 videlicet
870 3212 922 3267 in
963 3211 1080 3264 loco
1108 3210 1293 3280 ingens
1320 3208 1553 3277 desuper
1591 3221 1748 3278 rupes

1857 3213 2143 3290 ἀναστροφῇ
2193 3220 2282 3274 τήν
2339 3221 2468 3280 ζωήν
2521 3224 2807 3292 παρήγαγε·
2858 3230 2949 3281 τῆς
2999 3220 3052 3277 δέ
3096 3225 3250 3284 αὐτῆς
3287 3208 3441 3296 μονῆς

175 3313 393 3377 emit-et,
446 3320 502 3366 et
552 3307 873 3379 profundum
915 3307 1098 3362 subter
1128 3304 1155 3343 ἀ
1187 3305 1539 3375 praecipitium
1581 3312 1748 3374 patet.

173 3402 397 3467 Quadam
430 3415 565 3455 vero
588 3408 745 3453 nocte
769 3413 890 3453 cum
918 3398 1028 3467 jam
1056 3397 1398 3466 omnipotens
1429 3397 1568 3450 Deus
1605 3395 1752 3464 ejus-

173 3496 281 3546 dem
310 3491 644 3548 venerabilis
683 3491 780 3544 viti
834 3489 1102 3544 Anastasii
1147 3489 1362 3544 labores
1405 3502 1752 3543 remunerare

171 3586 516 3649 decrevisset,
544 3584 612 3637 ab
633 3584 738 3637 alta
761 3597 894 3652 rupe
917 3596 1017 3636 vox
1037 3579 1177 3636 facta
1209 3590 1313 3647 est,
1345 3595 1464 3649 quae
1489 3579 1753 3649 producto

168 3679 338 3731 sonitu
371 3680 654 3738 clamaret,
679 3677 864 3731 dicens
897 3693 910 3728 :
944 3676 1192 3730 Anastasi
1215 3717 1230 3744 ,
1253 3674 1394 3730 veni.
1422 3673 1541 3740 Quo
1564 3682 1752 3728 vocato

165 3769 246 3820 alii
295 3783 513 3836 quoque
555 3776 761 3835 septem
797 3766 989 3820 fratres
1016 3766 1190 3820 vocati
1243 3774 1370 3819 sunt
1415 3779 1479 3819 ex
1513 3764 1750 3819 nomine.

165 3858 332 3911 Parvo
349 3869 529 3912 autem
546 3865 824 3912 momento
844 3871 904 3910 ea
922 3872 1036 3926 qua:
1053 3857 1224 3911 fuerat
1241 3857 1436 3911 emissa
1461 3871 1558 3909 vox
1582 3855 1749 3922 siluit,

160 3961 211 4004 et.
236 3960 492 4005 oemvum
519 3951 736 4004 fratrem
761 3951 992 4004 vocavit.
1017 3950 1165 4015 Quas
1209 3949 1335 4002 dum
1364 3957 1546 4018 aperte
1595 3961 1753 4002 voces

157 4044 508 4112 congregatio
559 4042 822 4108 audisset,
875 4040 1092 4095 dubium
1139 4054 1246 4095 non
1279 4040 1377 4094 fuit
1406 4041 1532 4108 quin
1564 4053 1749 4096 eorum

161 4137 246 4202 qui
282 4136 461 4190 vocati
498 4135 707 4190 fuerant
728 4137 904 4190 obitus
933 4136 1432 4205 appropinquasset.
1463 4135 1601 4188 Intra
1627 4150 1753 4203 pau-

154 4244 244 4282 cos
291 4230 458 4298 igitur
490 4229 609 4284 dies
649 4230 855 4298 primus
886 4228 1223 4283 venerandus
1274 4228 1354 4281 vir
1402 4226 1748 4291 Anastasius,

153 4326 333 4377 caueri
369 4333 554 4377 autem
587 4323 637 4375 in
661 4337 727 4378 eo
749 4322 936 4376 ordine
964 4337 1028 4376 cx
1055 4335 1219 4376 carne
1250 4319 1427 4374 educti
1472 4327 1618 4384 sunt,
1646 4332 1751 4388 quo

152 4414 216 4466 de
248 4415 403 4481 rupis
444 4413 651 4467 vertice
696 4412 906 4466 fuerant
946 4412 1143 4465 vocati.
1189 4409 1380 4464 Frater
1410 4422 1536 4464 vero
1565 4408 1654 4461 ille
1685 4408 1750 4461 ad

151 4520 308 4570 quem
343 4502 647 4559 vocandum
674 4518 775 4556 vox
810 4519 998 4571 parum
1028 4502 1191 4566 siluit,
1213 4511 1370 4572 atque
1389 4515 1511 4556 eum
1546 4500 1618 4554 ila
1649 4514 1750 4553 no—

158 4598 403 4661 minavit,
421 4596 778 4651 morientibus
800 4596 941 4661 aliis,
963 4597 1147 4662 paucis
1166 4595 1356 4649 diebus
1377 4594 1531 4660 vixit,
1547 4602 1600 4648 et
1624 4603 1750 4647 tunc

159 4686 317 4739 vitam
375 4687 580 4753 finivit;
614 4697 670 4740 ut
699 4697 885 4754 aperte
935 4693 1325 4739 monstraretur
1363 4687 1485 4754 quia
1533 4683 1748 4754 interje-

159 4785 298 4828 ctum
327 4777 478 4830 vocis
509 4776 777 4831 silentium
808 4791 1027 4843 parvum
1070 4774 1282 4829 vivendi
1306 4776 1533 4843 spatium
1563 4776 1746 4842 signa-

163 4867 314 4920 verit.
342 4868 449 4925 Sed
472 4868 608 4922 mira
629 4883 714 4923 res
737 4868 983 4937 contigit,
1004 4869 1124 4937 quia
1151 4867 1476 4922 venerabilis
1501 4865 1580 4920 vir
1600 4865 1744 4918 Ana-

164 4961 351 5013 stasius
379 4963 505 5014 dum
538 4961 607 5027 de
626 4974 854 5030 corpore
890 4960 1083 5025 exiret,
1111 4968 1225 5016 erat
1251 4959 1464 5030 quidam
1498 4957 1663 5013 frater
1692 4958 1745 5010 in

232 5098 256 5165 ξ
284 5094 488 5160 Cerm.,
515 5111 700 5164 parum
729 5093 921 5147 oleum.
959 5093 1140 5148 Norm.
1158 5134 1173 5159 ,
1201 5109 1412 5165 pa-rvum
1442 5094 1632 5148 oleum.

230 5161 258 5198 θ
283 5165 428 5218 Nunc
456 5161 734 5219 castellum
769 5166 938 5218 sancti
974 5166 1116 5221 Elim.

237 5241 256 5305 ἢ
287 5233 337 5305 in
368 5236 467 5288 Ed.
499 5253 646 5302 quem
677 5236 922 5304 praefatus
952 5253 1065 5288 sum
1097 5235 1504 5305 Suppentoniam
1546 5231 1738 5286 vocari.

231 5299 256 5338 ά
288 5299 636 5373 Ιδεοριείιιοο
665 5299 1044 5378 ξρεεὲοἰρὶιίυιη
1094 5299 1242 5378 locus
1283 5306 1368 5359 hic
1396 5306 1741 5378 ’Υπόκρημνον

168 5367 337 5428 (imre
367 5367 606 5430 vocatur.
644 5367 895 5430 Fortasse
934 5377 1093 5430 etiam
1127 5376 1492 5445 Suppentonia
1524 5367 1740 5442 dicitur,

163 5445 293 5508 Quod
323 5449 734 5515 superpendeat,
765 5457 818 5500 et
847 5448 998 5514 quasi
1032 5448 1248 5515 pensilis
1277 5446 1578 5504 immineat.

232 5523 257 5591 ξ
285 5516 436 5591 lleg.,
459 5518 585 5581 ἴσως
609 5521 774 5591 ὀλίγον
803 5517 996 5572 ἔλαιον.

237 5580 454 5662 (ϐοίδέ,
486 5580 784 5662 σεμνοτάτῳ
823 5591 1032 5662 ἀγγείῳ.
1060 5587 1216 5662 Reg.,_
1251 5590 1555 5662 μικροτάτῳ.
1587 5587 1741 5656 Saepe

163 5648 626 5730 lacltarias'utitur
654 5648 787 5730 voce
816 5648 1018 5730 σέμώὲ.
1062 5648 1585 5728 ad'sig'nilicandum
1615 5648 1739 5728 par-

169 5734 294 5806 ειμι,
321 5729 573 5810 exiguum,
603 5741 661 5788 ut
694 5729 833 5788 infra
864 5729 1184 5806 videbimus,
1217 5743 1266 5787 c.
1296 5730 1352 5802 9,
1390 5737 1584 5805 σεμνοῦ
1619 5751 1740 5798 παι-

1855 3307 2097 3378 ἀγρύπνῳ
2144 3307 2337 3380 φυλακῇ
2382 3312 2462 3361 καί
2511 3314 2599 3367 την
2645 3312 2913 3381 ἠγεμονῗαν
2947 3314 3032 3367 ὶπί
3072 3312 3164 3372 ἔτη
3194 3316 3341 3369 ίκανά
3371 3319 3441 3369 ἐν·

1857 3390 2144 3471 εχειρίσθη.
2167 3397 2246 3450 Ἐν
2274 3401 2412 3469 αὐτῷ
2431 3395 2515 3452 οὖν
2533 3407 2606 3470 τῷ
2630 3401 2773 3473 τόπῳ
2802 3407 3129 3477 παμμεγέθης
3157 3407 3286 3467 λίθος
3309 3405 3442 3462 ἄνω-

1854 3488 1933 3540 θεν
1961 3488 2276 3561 ὑπέρκειται,
2321 3493 2402 3542 καί
2431 3489 2722 3559 βαθύτατος
2751 3496 2968 3565 κρημνὸς
2999 3495 3216 3550 κάτωθεν
3244 3498 3442 3573 θεωρεῖ·

1854 3598 1956 3631 ται.
1977 3575 2096 3632 Ὀτε
2143 3577 2196 3632 δὲ
2241 3579 2411 3632 λοιπὸν
2443 3578 2466 3632 ὀ
2498 3580 2882 3652 παντοδύναμες
2907 3586 3031 3644 Θεὸς
3059 3595 3148 3640 τοῦ
3179 3591 3329 3642 αὐτοῦ
3357 3610 3441 3645 σε-

1857 3667 2081 3737 ϐασμίου
2127 3667 2311 3746 ἀνδρὸς
2339 3670 2675 3726 Ἀναστασίου
2714 3683 2820 3733 τοῖς
2866 3676 3042 3739 κόποις
3072 3676 3240 3735 ἄνεσιν
3277 3704 3442 3754 παρα·

1857 3769 2010 3829 σχεῖν
2039 3761 2312 3827 ἐκέλευσεν,
2363 3764 2413 3815 έν
2463 3771 2554 3835 μιᾷ
2597 3769 2738 3822 νυκτί
2775 3768 2827 3820 ἐκ
2876 3775 2965 3822 τοῦ
2997 3769 3162 3842 ὕψους
3190 3781 3279 3826 τοῦ
3310 3776 3442 3830 λίθου

1854 3857 1985 3924 φωνὴ
2012 3854 2211 3925 γέγονεν
2241 3856 2368 3923 μετά
2388 3855 2526 3931 ’ὄχου
2549 3857 2787 3930 λέγουσα·
2811 3859 3133 3930 ’Λναστάσιε,
3157 3862 3325 3942 δεῦρο.
3353 3870 3442 3921 Λύ-

1853 3950 1944 3998 τοῦ
1976 3941 2028 3996 δὲ
2059 3944 2334 4010 κληθέντος,
2369 3947 2530 4020 ἕτεροι
2554 3947 2686 4003 ἑπτά
2707 3947 2907 4024 ἀδελφοί
2939 3951 2986 4015 ἐξ
3017 3941 3258 4023 ὀνόματος
3305 3957 3444 4016 ἐκλή-

1853 4038 2027 4093 θησαν.
2058 4039 2240 4112 Μικρόν
2269 4038 2322 4093 δέ
2348 4049 2438 4099 τῆς
2464 4043 2719 4113 γενομένης
2750 4053 2914 4115 φωνῆς
2957 4049 3325 4114 σιωπησάτης,
3363 4053 3442 4104 καί

1853 4131 1939 4184 τὸν
1971 4127 2146 4200 ὄγδοον
2169 4129 2374 4204 ἀδελφὸν
2395 4132 2625 4187 ἐκάλεσε.
2661 4139 2810 4190 Πᾶσα
2843 4131 2929 4189 οὖν
2968 4139 2997 4194 η
3036 4134 3050 4172 ί
3083 4137 3319 4193 συνοδεία
3346 4163 3442 4216 φα-

1854 4225 2010 4292 νερῶς
2037 4229 2128 4279 τῆς
2149 4229 2310 4292 φωνῆς
2342 4222 2523 4283 έκείνης
2552 4224 2821 4279 ἀκούσασα
2840 4265 2855 4289 ,
2887 4227 2937 4279 ἐν
2964 4227 3276 4303 πληροφορίᾳ
3301 4231 3444 4302 γέγο-

1852 4332 1949 4374 νεν,
1984 4309 2187 4366 ὅτιτῶν
2230 4314 2536 4385 κεκλημένων
2583 4314 2608 4369 ὁ
2654 4318 2863 4376 θάνατος
2910 4319 3208 4375 ἐπλησίασε.
3236 4324 3440 4386 Μεταξὺ

1855 4401 1940 4457 οὖν
1971 4404 2145 4473 ὀλίγων
2185 4407 2382 4479 ἡμερῶν
2428 4415 2633 4481 πρῶτος
2676 4408 2699 4462 ὁ
2747 4409 3118 4472 εὐλαϐέστατος
3148 4415 3273 4488 ἀνὴρ
3303 4411 3442 4469 Ἀνα-

1854 4499 2089 4562 στάσιος,
2121 4500 2205 4552 καί
2237 4500 2282 4552 oi
2310 4499 2477 4554 λοιποί
2507 4500 2621 4556 κατ’
2650 4498 2842 4576 ὅρδινον
2870 4511 2968 4556 τῶν
2994 4503 3193 4575 δεσμῶν
3216 4513 3304 4560 τοῦ
3342 4509 3443 4559 σὼ·

1781 4626 1828 4686 D
1854 4611 2016 4658 ματος
2053 4591 2404 4655 ἀπολυθέντες,
2436 4593 2562 4666 πρὸς
2591 4594 2761 4666 κύριον
2807 4592 3140 4663 ἐξεδήμησαν,
3170 4592 3222 4647 ὃν
3250 4597 3442 4663 τράποι

1855 4683 1905 4736 ἐκ
1946 4694 2037 4744 τῆς
2081 4694 2299 4758 κορυφῆς
2334 4683 2346 4733 i
2388 4692 2477 4740 τοῦ
2527 4686 2664 4738 λίθου
2717 4686 3010 4742 ἐκλήθησαν.
3042 4697 3095 4739 Ὁ
3134 4685 3186 4740 δέ
3235 4687 3442 4760 ἁδελφὸς

1855 4775 2052 4834 ἐκεῖνος,
2087 4773 2139 4826 ὃν
2168 4775 2498 4844 ἡσυχάσασα
2532 4777 2560 4832 ἡ
2590 4780 2722 4848 φωνή
2752 4774 2860 4848 μετ’
2888 4776 3049 4848 ὀλίγον
3095 4777 3319 4840 ἐκάλεσε,
3362 4801 3443 4833 τε·

1852 4863 2203 4920 λευτησάντων
2231 4872 2329 4918 τῶν
2360 4862 2517 4918 ἄλλων
2540 4871 2697 4930 ζήσας
2720 4866 2886 4940 ὀλίγας
2926 4867 3130 4941 ἡμέρας,
3169 4874 3252 4923 καὶ
3289 4870 3442 4930 αὐτὸς

1852 4954 2023 5008 λοιπὸν
2053 4957 2101 5008 ἐν
2124 4958 2280 5030 κυρίῳ
2310 4957 2589 5024 ἐτελειώθη,
2620 4960 2751 5013 ὥστε
2783 4957 3078 5030 δειχθῆνα.,
3121 4958 3201 5014 ὅτι
3232 4961 3291 5015 τὸ
3331 4959 3442 5016 διά·-

1849 5090 2048 5175 δαρίου.
2093 5090 2158 5146 Et
2214 5094 2369 5175 paulo
2418 5105 2556 5175 post_.
2605 5097 2901 5175 σεμνοτάτῳ
2946 5098 3155 5167 ἀγγείῳ.
3204 5096 3438 5154 Plurima

1848 5161 2103 5230 deinreps
2146 5165 2391 5235 exempla
2420 5161 2579 5222 vocis
2627 5161 2784 5236 hujus
2826 5161 2926 5221 hoc
2971 5161 3134 5222 settsu
3174 5181 3440 5238 usurpata:

1849 5243 2150 5289 recurrent.

1921 5315 1946 5378 β
1978 5303 2138 5378 ᾒεέζη
2173 5309 2453 5378 ἀπήγαγον.
2492 5306 2654 5378 (SEc.)

1922 5373 1946 5453 ξι
1978 5374 2234 5453 glerque,
2265 5373 2514 5453 νότᾶριοςξ

1930 5446 1944 5484 ί
1979 5446 2105 5524 ll-lss.
2134 5486 2148 5508 ,
2182 5446 2423 5512 σννοδίσὶ,
2455 5460 2508 5502 et
2548 5448 2762 5524 quidem
2802 5448 3027 5524 melius;
3060 5463 3234 5524 neque
3261 5460 3437 5524 tamen

1849 5515 2045 5590 aliquid
2077 5525 2302 5590 __r_nt_ttare
2326 5515 2785 5590 przesutnpsimus,
2817 5519 2940 5589 quia
2982 5515 3435 5590 quemadmodum

1846 5587 2040 5662 dicitur
2067 5586 2232 5649 ἐξοδία
2257 5596 2318 5662 et
2340 5588 2534 5652 ἐξοδεία
2556 5586 2759 5654 exitus,
2793 5586 2866 5647 ita
2893 5586 3013 5649 dict"
3043 5606 3202 5662 posse
3227 5591 3438 5648 videtur

1847 5653 2061 5719 συνοδία
2089 5667 2142 5710 et
2168 5656 2405 5715 συνοδεία
2424 5669 2740 5718 conventus.

1923 5730 1936 5779 ἱ
1976 5726 2155 5798 (λαιιιη
2186 5735 2276 5786 τοῦ
2306 5726 2475 5808 ὄρους.
