3968 6332
504 362 598 415 In”?

1707 346 1948 405 SANCTI
1992 340 2317 401 CREGORII
2361 339 2575 396 MAGNI

3678 338 3791 393 183

498 494 673 533 στημα
701 476 790 530 τῆς
816 475 964 543 σιγῆς
992 473 1081 523 τοῦ
1108 466 1398 529 καλοῦντος,
1442 463 1622 537 μικράν
1662 462 1908 530 άναμονήν
1944 458 2081 526 αὐτῷ
2112 506 2114 511 .

2235 452 2517 506 ιοιιειδῑοιὴ)
2536 446 2620 518 qu?
2649 462 2814 515 super
2837 461 2957 501 cum
2980 447 3163 502 vivere
3184 446 3401 501 nolebat
3426 462 3436 498 :
3470 444 3793 515 provolutus

499 571 587 619 τοῦ
629 568 716 637 ζῇν
748 571 771 597 ⁸
803 564 1177 635 προεσήμανε-ν.
1209 555 1523 625 Θαυμαστὸν
1577 550 1631 605 δέ
1688 556 1904 625 πρᾶγμα
1960 543 2090 616 μετὰ

500 662 651 711 τοῦτο
678 654 888 711 συνέϐη⁶
920 658 1010 706 τοῦ
1027 652 1123 723 γὰρ
1152 649 1438 719 σεξασμίου
1464 644 1641 718 ἀνδρὸς
1669 642 2008 698 ’Δναστασὶου
2042 640 2091 691 ἐκ

499 754 589 803 τοῦ
620 747 865 822 παρόντος
891 745 1006 816 βίου
1048 744 1425 813 μεταστάντος,
1469 737 1677 807 ἁδελφός
1703 757 1780 795 τις
1809 737 1859 787 ἐν
1898 741 1970 806 τῷ
1998 752 2093 801 μο-

501 841 759 907 ναστηρίῳ
787 839 1046 909 ὑπῆρχεν,
1078 831 1132 893 ὅς
1172 853 1249 891 τις
1290 833 1458 884 ἐπάνω
1489 831 1639 883 αὐτοῦ
1672 831 1823 891 ζῆσαι
1858 826 1945 878 οὐκ
1983 824 2092 881 ἤθει

501 931 603 985 λεν.
630 938 752 992 Τοῖς
793 928 846 983 δὲ
895 930 1050 983 ποσὶν
1078 928 1227 981 αὐτοῦ
1269 920 1809 996 προσκυλινδούμενος,
1841 918 1971 989 μετά
2009 915 2096 970 δα-

508 1024 676 1097 κρύων
725 1021 944 1075 ἱκέτευεν
973 1018 1125 1072 αὐτὸν
1146 1059 1158 1081 ,
1190 1017 1364 1087 λέγων·
1395 1013 1573 1072 Οὕτως
1604 1010 1728 1081 ἔχοι
1771 1031 1827 1064 σε
1869 1008 1997 1083 πρὸς
2043 1004 2095 1060 ὃν

504 1114 736 1186 ἀπέρχῃ,
769 1115 837 1169 μή
868 1107 1026 1180 ἐάσῃς
1052 1128 1113 1177 με
1159 1107 1327 1159 ἐπάνω
1381 1125 1475 1159 σον
1521 1102 1648 1156 ἑπτά
1692 1100 1882 1172 ἡμέρας
1932 1098 1980 1149 ἐν
2023 1102 2095 1168 τῷ

2197 562 2324 600 vero
2346 544 2461 611 ejus
2492 541 2713 611 pedibus
2740 541 2902 608 carpit
2931 554 3052 593 cum
3094 540 3347 610 lacrymis
3386 540 3454 593 ab
3495 553 3561 592 eo
3590 549 3785 607 postu-

2198 636 2330 702 lare,
2355 633 2579 687 dicens:
2615 630 2715 685 Per
2742 630 2889 684 illum
2921 630 2986 683 ad
3018 645 3175 699 quem
3207 628 3453 694 vadis,te
3482 627 3696 698 adjuro,
3726 644 3798 684 ne

2197 737 2402 795 septem
2433 724 2549 779 dies
2580 739 2743 793 super
2796 733 2846 776 te
2876 723 2929 776 in
2965 723 3065 777 hoc
3102 722 3303 777 mundo
3339 734 3352 773 ι
3392 720 3619 786 faciam;
3667 732 3801 775 ante

2198 820 2349 890 cujus
2392 817 2673 887 septimum
2709 817 2852 872 diem
2902 815 3059 869 etiam
3092 814 3208 884 ipse
3239 813 3523 869 defunctus
3552 823 3665 877 est,
3700 813 3799 884 qui

2200 922 2377 967 tamen
2410 911 2465 963 in
2496 910 2585 963 illa
2618 917 2773 962 nocte
2804 916 2945 962 mter
2974 916 3199 960 carteros
3223 919 3328 959 non
3356 904 3526 959 fuerat
3547 912 3798 970 vocatus,

2202 1010 2261 1057 ut
2284 1010 2467 1070 aperte
2493 1000 2837 1064 claresceret,
2868 996 2996 1067 quia
3028 997 3146 1064 ejus
3178 994 3384 1048 obitum
3420 993 3534 1047 sola
3568 1007 3801 1047 venera-

2204 1091 2326 1148 bilis
2348 1090 2611 1146 Anastasii
2644 1088 2955 1144 intercessio
2981 1087 3226 1142 obtinere
3255 1085 3538 1155 potuisset.

506 1210 678 1274 κόσμω
705 1205 870 1272 τούτῳ
901 1209 1129 1257 ποιῆσαι.
1160 1199 1259 1271 Πρὸ
1285 1192 1368 1248 οὖν
1399 1203 1489 1255 τῆς
1527 1192 1746 1261 ἑϐδόμης
1784 1190 1969 1264 ἡμέρας
2008 1187 2093 1240 καὶ
2132 1186 2285 1245 αὐτὸς
2307 1184 2481 1238 λοιπὸν
2505 1182 2844 1244 ἐτελεύτησεν,
2874 1178 3017 1239 ὅστις
3050 1179 3135 1231 οὐκ
3162 1175 3222 1235 ἧν
3264 1178 3313 1229 ἐν
3357 1178 3516 1243 ἐκείνῃ
3557 1184 3618 1234 τῆ
3654 1178 3803 1230 νυκτὶ

506 1297 636 1367 μετὰ
665 1301 763 1348 τῶν
800 1290 960 1346 ἄλλων
988 1288 1300 1357 κεκλημένος.
1335 1285 1545 1359 Φανερόν
1572 1280 1599 1319 ι’
1635 1278 1724 1336 οὖν
1750 1280 2005 1353 ὑπάρχει,
2038 1273 2122 1331 ὅτι
2155 1280 2247 1334 τήν
2283 1276 2473 1331 τούτου
2515 1275 2827 1328 μετάστασιν
2872 1271 2997 1342 μόνη
3037 1270 3067 1327 ἠ
3105 1274 3196 1324 τοῦ
3237 1265 3627 1322 ἐὐλαϐεστάτον
3654 1265 3805 1322 law

507 1386 726 1441 στασίου
756 1385 1037 1458 προσευχή
1066 1377 1451 1433 ὑπακουσθεῖσα
1474 1372 1691 1432 ἠδυνήθη
1718 1377 1947 1427 ποιῆσαι.

577 1487 744 1531 IerTP.
775 1476 940 1527 Ἦνὶκα
979 1469 1004 1525 ὁ
1035 1468 1241 1540 ἀδελφὸς
1278 1464 1428 1526 οὗτος
1463 1462 1755 1531 κεκλημένος
1789 1460 1977 1530 μεταξῦ
2006 1465 2107 1513 τῶν

510 1566 666 1623 ἄλλων
696 1570 784 1619 οὒκ
814 1562 891 1627 ἦν,
924 1562 1049 1616 ἀλλά
1074 1567 1186 1619 ταῖς
1211 1561 1397 1627 εὐχαῖς
1429 1562 1519 1609 τοῦ
1543 1552 1687 1624 ἁγίου
1716 1548 1899 1624 ἀνδρὸς
1929 1550 1983 1603 ἐκ
2014 1554 2104 1602 τοῦ

510 1659 696 1727 κόσμον
744 1657 927 1709 τούτου
973 1652 1213 1721 μετέστη,
1245 1652 1307 1703 τῖ’
1334 1649 1504 1721 ἕτερον
1550 1643 1749 1698 δίδοται
1776 1649 1933 1705 νοεῖν,
1967 1643 2104 1709 εἰμὴ

514 1744 596 1800 ὅτι
626 1745 671 1797 οἱ
700 1745 843 1817 παρά
873 1749 945 1811 τῷ
991 1741 1153 1811 κυρίῳ
1194 1737 1370 1791 τέλειοι
1418 1732 1592 1796 ὄντες,
1624 1731 1830 1792 δικαίως
1871 1731 2104 1784 ὑπακου-

512 1838 688 1893 σθὴναι
720 1832 956 1889 πολλάκις
991 1840 1010 1866 ε
1048 1828 1307 1890 δύνανται,
1335 1828 1421 1879 καί
1442 1826 1509 1884 εἰς
1538 1825 1667 1877 αὐτὰ
1698 1821 1831 1895 ἅπερ
1854 1840 2106 1898 προωρισ-

514 1928 633 1999 μένα
663 1926 764 1993 οὐχ
796 1920 1045 1995 ὑπάρχου
1054 1940 1156 1973 σιν.

582 2027 819 2071 I‘l’lll‘OP.
851 2014 1255 2069 ’Υπακουσθῆναι
1283 2006 1514 2078 οὐδαμῶς
1540 2003 1776 2061 δύνανται
1817 2004 1864 2057 ἑν
1901 2011 2006 2063 τοῖς
2036 2008 2106 2074 μὴ

516 2108 824 2182 ὑπάρχουσι
868 2103 1292 2178 προωρισμένοις,
1343 2097 1474 2171 ἅπερ
1512 2095 1564 2151 δὲ
1594 2097 1864 2168 εὐχόμενοι
1904 2095 1947 2149 οἱ
1976 2094 2110 2164 ἅγιοι

516 2198 695 2273 ἄνδρες
716 2203 970 2258 ποιοῦσιν,
1009 2193 1105 2252 ἤδη
1146 2193 1317 2245 λοιπὸν
1364 2190 1728 2263 προωρισμένα
1776 2188 1923 2251 εἰσὶν,
1970 2184 2110 2248 ὅπως

518 2289 603 2345 διά
643 2295 945 2364 προσευχῆς
992 2283 1186 2339 τοῦτων
1234 2283 1613 2343 ἐπιτευξωνται.
1652 2281 1757 2332 Καὶ
1791 2279 1921 2341 αὐτῄ
1950 2279 2051 2350 γάρ
2080 2279 2109 2335 ἡ

518 2389 608 2439 τῆς
646 2382 845 2434 αἰωνίου
891 2376 1151 2447 βασιλείας
1179 2374 1478 2447 κληρονομία
1508 2371 1650 2446 παρὰ
1677 2377 1768 2425 τοῦ
1799 2368 2113 2425 παντοδυνά·

521 2492 620 2542 μου
650 2478 776 2525 Θεοῦ
821 2477 929 2529 τοῖς
973 2468 1217 2525 ἐκλεκτοῖς
1248 2462 1271 2499 δ
1307 2465 1672 2539 προορισθεῖσα
1718 2463 1978 2539 ὑπάρχει,
2029 2460 2114 2517 διὰ

520 2562 573 2618 δὲ
602 2563 832 2623 καμάτου
861 2559 1045 2614 πολλοῦ
1071 2559 1154 2613 καὶ
1174 2554 1393 2616 δεήσεως
1414 2554 1682 2623 λαμϐάνειν
1701 2554 1885 2612 αὐτοὺς
1913 2559 1936 2587 (³
1958 2549 2111 2609 ηὐδό-

522 2675 692 2719 κησεν,
726 2653 856 2729 ἅπερ
879 2650 978 2726 πρὸ
1006 2657 1105 2705 τῶν
1136 2651 1324 2704 αἰώνων
1349 2646 1680 2722 δωρήσασθαι
1707 2648 2015 2723 προώρισεν.

593 2833 759 2877 ΠΕΤΡ.
792 2818 989 2875 "HGs/.69
1019 2820 1282 2893 τηλαυγῶς
1310 2839 1398 2889 μοι
1419 2815 1706 2887 δειχθῆναι,
1739 2817 1821 2871 ἐάν
1851 2814 2063 2875 δύνηται
2085 2818 2115 2875 ἡ

524 2914 792 2989 προόρισις
812 2919 873 2986 τῇ
902 2912 1034 2982 εὐχῇ
1062 2918 1400 2985 συνεργῆσαι.

594 3014 829 3058 ΓΡ11ΓΟΡ.
861 3008 1044 3065 Τοῦτο,
1078 3002 1252 3075 Πέτρε,
1290 2998 1418 3073 ὅπερ
1451 3000 1547 3072 ἐγώ
1585 2998 1891 3069 προεθέμην,
1937 2996 2121 3052 συντό-

528 3116 635 3165 μως
670 3090 689 3130 ί
724 3092 936 3148 δύναται
986 3093 1273 3166 ἐπιγνῶναι.
1319 3093 1490 3153 Καθὼς
1538 3086 1626 3145 οὖν
1674 3092 1997 3155 ἐπίστασαι,
2047 3097 2122 3165 τῷ

527 3184 755 3258 ’Δϐραάμ
782 3182 807 3237 6
836 3184 956 3242 Θεὸς
983 3178 1139 3238 εἷπε-δ’
1163 3179 1238 3235 Ἐν
1262 3181 1434 3237 Γσαάκ
1466 3182 1764 3239 κληθήσεταί
1785 3202 1866 3235 σοι
1894 3182 2119 3259 σπέρμα.

2286 1448 2455 1503 Pun.
2486 1446 2618 1502 Cum
2652 1443 2792 1498 idem
2846 1442 3011 1496 frater
3040 1449 3095 1495 et
3127 1448 3350 1495 vocatus
3382 1440 3523 1494 inter
3569 1449 3804 1495 caeteros

2214 1555 2320 1596 non
2347 1548 2451 1604 est,
2479 1546 2535 1592 et
2566 1546 2740 1591 tamen
2771 1534 2941 1588 sancti
2972 1532 3070 1586 viri
3102 1531 3577 1586 intercessionibus
3600 1547 3664 1585 ex
3692 1532 3726 1583 b
3750 1546 3800 1585 ac

2213 1631 2332 1687 luce
2361 1631 2667 1686 subtractus
2706 1636 2819 1690 est,
2849 1624 2973 1695 quid
3005 1623 3149 1678 aliud
3192 1623 3348 1677 datur
3390 1622 3614 1693 intelligi
3639 1665 3652 1687 ,
3695 1624 3803 1677 nisi

2212 1724 2351 1796 quod
2381 1724 2434 1778 bi
2462 1722 2550 1792 qui
2573 1720 2712 1790 apud
2744 1720 3025 1775 Dominum
3054 1716 3230 1786 magni
3263 1726 3388 1771 sunt
3430 1718 3626 1785 meriti,
3657 1718 3805 1773 obti-

2211 1834 2337 1873 nere
2367 1815 2651 1884 aliquando
2680 1822 2902 1885 possuut
2933 1829 2993 1867 ea
3025 1813 3185 1867 etiam
3217 1827 3336 1882 qua:
3360 1826 3465 1866 non
3495 1820 3626 1865 sunt
3657 1827 3799 1880 pra:-

2136 1895 2181 1953 B
2209 1907 2509 1962 destinata?

2285 1997 2527 2052 Gnecon.
2556 1992 2583 2034 ι
2605 1994 2847 2051 Obtineri
2880 2008 3212 2064 nequaquam
3244 2002 3610 2065 possuntque:
3652 2009 3796 2063 prm-

2212 2090 2475 2145 destinata
2505 2104 2609 2143 non
2634 2089 2828 2144 fuerint
2857 2087 3143 2159 (Gratiam,
3168 2104 3312 2141 caus.
3350 2086 3442 2151 E5,
3467 2104 3518 2156 q.
3542 2089 3595 2151 4,
3620 2104 3669 2141 c.
3700 2089 3800 2153 21,

2217 2181 2467 2249 Obtineri)
2494 2198 2507 2245 ;
2541 2181 2634 2235 sed
2661 2195 2723 2233 ea
2750 2194 2869 2249 qua:
2899 2179 3071 2233 sancti
3096 2180 3192 2233 viri
3219 2179 3423 2232 orando
3448 2177 3704 2243 efﬁciunt,
3728 2179 3804 2233 ita

2215 2274 2589 2344 prredestinata
2613 2282 2758 2339 sunt,
2785 2283 2841 2327 ut
2866 2272 3109 2340 precibus
3133 2272 3497 2325 obtineantur.
3521 2271 3649 2325 Nam
3676 2272 3795 2340 ipsa

2214 2380 2425 2436 quoque
2457 2365 2709 2434 perennis
2737 2365 2883 2433 regni
2930 2363 3328 2433 prazdestinatio
3358 2363 3427 2416 ita
3468 2372 3550 2417 est
3581 2363 3649 2417 ab
3679 2378 3797 2417 om-

2222 2460 2482 2527 nipotenti
2531 2458 2642 2513 Deo
2687 2457 2945 2526 diSposita
2965 2497 2984 2523 ,
3013 2465 3070 2510 ut
3105 2456 3171 2510 ad
3203 2454 3303 2509 boc
3334 2454 3492 2509 electi
3522 2470 3585 2509 ex
3617 2455 3804 2509 labore

2218 2551 2563 2621 perveniant,
2595 2558 2860 2618 quatenus
2888 2547 3209 2619 postulando
3248 2555 3554 2602 mereantur
3591 2549 3805 2617 accipe—

2220 2655 2279 2696 re
2311 2640 2453 2709 quod
2482 2640 2562 2695 eis
2589 2641 2931 2709 omnipotens
2976 2639 3115 2694 Deus
3144 2646 3268 2693 ante
3297 2637 3497 2693 saecula
3542 2635 3812 2706 disposuit

2218 2731 2440 2787 donare.

2291 2824 2461 2880 I’ern.
2494 2824 2712 2880 Probari
2743 2823 2869 2878 milii
2895 2824 3130 2893 apertius
3161 2822 3342 2887 velim,
3374 2823 3417 2876 si
3450 2829 3625 2891 potest
3652 2835 3793 2890 prino

2223 2914 2509 2971 destinatio
2532 2916 2777 2984 precibus
2803 2915 3003 2984 juvari.

2294 3009 2541 3066 ancon.
2570 3009 2683 3064 lloc
2713 3009 2854 3075 quod
2887 3024 3009 3077 ego,
3044 3009 3220 3074 Petre,
3245 3008 3417 3071 intuli,
3442 3009 3650 3065 concite
3674 3008 3812 3065 valet

2226 3106 2458 3176 probari.
2488 3106 2647 3161 Certe
2672 3108 2869 3160 etenim
2903 3107 3065 3171 nosti,
3095 3107 3215 3175 quia
3238 3105 3301 3158 ad
3324 3104 3595 3159 Abraham
3624 3103 3812 3158 Domi.

2229 3214 2337 3253 nus
2367 3197 2502 3254 dixit
2529 3215 2545 3253 :
2576 3198 2640 3251 In
2667 3197 2818 3252 Isaac
2848 3201 3104 3253 vocabitur
3130 3199 3217 3252 tibi
3250 3214 3415 3252 semen
3448 3197 3659 3268 (Cenes.
3694 3212 3813 3261 ut,

529 3281 620 3331 Καὶ
660 3277 825 3331 πάλιν·
857 3277 1055 3351 Πατέρα
1099 3275 1293 3329 πολλῶν
1338 3276 1483 3329 ἐθνῶν
1512 3276 1705 3329 τέθεικά
1735 3295 1815 3330 σε.
1850 3280 1939 3330 Καὶ
1970 3276 2114 3330 πάλιν

2235 3291 2340 3357 15).
2391 3291 2489 3345 Cui
2513 3292 2671 3346 etiam
2722 3292 2977 3346 dixerat:
3025 3291 3233 3347 Patrem
3262 3293 3542 3346 multarum
3588 3292 3815 3360 gentium

530 3367 797 3437 ὑπέσχετο
826 3369 986 3440 αὐτῷ,
1014 3367 1187 3440 λέγων’
1222 3367 1449 3437 Εὐλογῶν
1476 3367 1731 3438 εὐλογήσω
1762 3387 1845 3431 σε,
1872 3370 1957 3420 καὶ
1996 3367 2124 3424 πλη-

529 3459 685 3513 θύνων
712 3460 941 3519 πληθυνῶ
970 3462 1027 3515 τὸ
1051 3462 1263 3533 σιεέρμα
1283 3481 1375 3513 σου
1406 3465 1472 3520 ὡς
1491 3461 1560 3515 τά
1585 3458 1752 3532 ἄστρα
1778 3466 1864 3514 τοῦ
1892 3461 2122 3535 οὐρανοῦ,

532 3555 616 3606 καὶ
644 3556 710 3614 ὠς
740 3559 828 3611 τήν
876 3551 1042 3624 ἄμμον
1095 3559 1185 3611 τήν
1224 3554 1371 3627 παρὰ
1419 3553 1476 3605 16
1519 3552 1689 3619 χεῖλος
1718 3560 1810 3610 τῆς
1839 3552 2122 3612 θαλάσσης.

532 3637 676 3697 Ὀθεν
728 3644 898 3697 λοιπὸν
948 3644 1149 3716 φανερὸν
1201 3643 1531 3708 καθέστηκεν,
1565 3640 1696 3696 ὅτιὸ
1741 3641 2127 3713 παντοδύναμος

536 3737 681 3797 Θεὸς,
712 3734 795 3789 διά
824 3741 916 3789 τοῦ
941 3736 1113 3789 Ἰσαάκ
1156 3736 1399 3791 πληθῦναι
1445 3734 1502 3788 τὸ
1540 3735 1747 3808 σπέρμα
1773 3740 1859 3791 τοῦ
1898 3732 2130 3807 ’Λϐραάμ

746 3826 1023 3896 προώρισε.
1057 3834 1081 3870 ε
1113 3826 1405 3896 Γέγραπται
1452 3822 1528 3887 δὲ,
1572 3822 1651 3879 ὅτι
1682 3826 1857 3879 Ἰσαάκ
1901 3830 2128 3899 ᾐτήσατο

536 3917 621 3971 τὸν
635 3916 815 3987 Κύριον
842 3919 961 3989 περὶ
987 3924 1077 3975 τῆς
1105 3916 1338 3988 γυναικὸς
1379 3917 1534 3971 αὐτοῦ
1557 3953 1572 3978 ,
1606 3914 1690 3972 διά
1718 3917 1777 3972 τὸ
1805 3912 1931 3971 εἶναι
1970 3919 2129 3976 αὐτὴν

537 4012 768 4075 στεῖραν,
800 4006 884 4058 καὶ
912 4006 1206 4063 εἰσήκουσεν
1234 4007 1391 4078 αυτοῦ
1414 4044 1430 4071 ,
1465 4008 1549 4060 καὶ
1579 4003 1761 4060 ἔδωκεν
1788 4006 1915 4080 αὖτῇ
1945 4007 2131 4064 σύλλη-

537 4095 626 4166 ψιν
667 4104 729 4170 τῇ
774 4098 1019 4171 Ῥεϐέκκα.
1052 4100 1162 4153 Ἐάν
1192 4096 1273 4151 οὖν
1302 4099 1359 4152 16
1410 4099 1620 4170 σπέρμα
1663 4106 1754 4153 τοῦ
1793 4095 2019 4171 ’Δϐραάμ
2047 4097 2132 4153 διὰ

539 4189 630 4241 τοῦ
663 4186 836 4241 Ἰσαάκ
884 4187 1131 4245 πληθῦναι
1174 4190 1455 4261 προὼρισε,
1491 4185 1628 4241 διατί
1657 4189 1879 4260 σύζυγον
1927 4195 2135 4260 στεῖραν

539 4275 747 4333 ἔλαϐεν.
768 4280 1019 4333 Ἐντεῦθεν
1043 4275 1127 4333 οὖν
1149 4275 1175 4315 ¹¹
1192 4282 1400 4353 φανερὸν
1424 4281 1677 4353 ὑπάρχει,
1701 4278 1778 4334 ὅτι
1804 4282 1834 4338 ἡ
1862 4281 2135 4355 προόρισις

540 4377 654 4429 ταῖς
683 4370 862 4439 εὐχαῖς
887 4370 1184 4444 πληροῦται,
1236 4372 1285 4424 ἐν
1320 4378 1393 4439 τῷ
1418 4369 1499 4439 ,δι’
1550 4372 1713 4441 εὐχῆς
1751 4372 2135 4431 ὐπακονσθῆναι

541 4462 625 4515 τὸν
652 4468 817 4515 Ἰσαὰκ
839 4471 1217 4531 τεκνοποιῆσαι,
1238 4465 1289 4515 ἐν
1372 4462 1396 4517 6
1423 4462 1544 4523 Θεὸς
1577 4464 1820 4521 πληθῦναι
1840 4465 1899 4519 16
1928 4461 1942 4499 ί
1975 4464 2136 4539 σπέρ-

540 4573 613 4621 μα
638 4557 730 4605 τοῦ
760 4551 990 4627 ’Λϐραάμ
1019 4551 1075 4612 ἧν
1103 4557 1407 4629 προορίσας.

2227 3383 2471 3435 constitui
2495 3393 2541 3434 te
2572 3380 2734 3450 (Ibid.
2768 3398 2899 3447 xvii,
2936 3380 3014 3449 4).
3043 3380 3140 3436 Cui
3183 3397 3393 3436 rursum
3441 3381 3707 3450 promisit,
3739 3378 3818 3432 di-

2231 3487 2359 3527 cens
2404 3490 2418 3526 :
2451 3472 2764 3526 Benedicam
2792 3474 2906 3538 tibi,
2934 3484 2978 3527 et
3009 3473 3359 3541 multiplicabo
3382 3488 3550 3526 semen
3576 3481 3722 3523 tuum
3750 3469 3817 3521 si-

2238 3570 2323 3616 cut
2347 3564 2523 3616 stellas
2554 3563 2687 3627 cmli,
2715 3572 2762 3616 et
2813 3560 2828 3600 ¹
2881 3564 3013 3616 sicut
3044 3578 3250 3616 arenam
3281 3578 3394 3633 qua:
3438 3569 3512 3614 est
3550 3560 3604 3613 in
3646 3558 3818 3612 littore

2228 3652 2386 3705 maris
2434 3650 2623 3723 (Ibid.,
2657 3670 2802 3719 χχιι,
2838 3654 2952 3723 17).
3002 3654 3074 3707 Ex
3121 3669 3223 3723 qua
3272 3668 3331 3708 re
3375 3662 3559 3721 aper-te
3605 3658 3817 3705 constat

2230 3743 2352 3813 quia
2400 3745 2746 3813 omnipotens
2797 3745 2935 3800 Deus
2983 3760 3164 3799 semen
3208 3744 3433 3799 Abrabre
3463 3742 3819 3811 multiplicare

2231 3850 2326 3905 per
2352 3835 2497 3889 Isaae
2526 3835 3032 3903 prtedestinaverat,
3073 3833 3231 3905 184
3269 3845 3323 3889 et
3354 3846 3525 3888 tamen
3557 3833 3817 3901 scripturn

2232 3937 2314 3982 est
2346 3943 2361 3980 :
2397 3925 2708 3998 Deprecatus
2737 3936 2812 3980 est
2846 3925 2993 3980 Isaac
3024 3925 3300 3980 Dominum
3330 3943 3423 3996 pro
3445 3941 3603 3979 uxore
3629 3939 3829 3987 sua,eo.

2234 4020 2370 4087 quod
2393 4029 2522 4075 esset
2560 4019 2750 4074 sterilis
2768 4060 2783 4084 ,
2808 4020 2897 4086 qui
2936 4021 3193 4074 exaudivit
3219 4036 3334 4074 eum
3353 4061 3368 4085 ,
3400 4029 3449 4072 et
3477 4018 3616 4071 dedit
3646 4032 3822 4070 conce-

2235 4120 2379 4181 ptum
2412 4112 2650 4166 Rebeccw
2675 4112 2882 4178 (Cenes.
2909 4129 3040 4178 xxv,
3065 4112 3183 4181 21).
3214 4112 3269 4168 Si
3301 4128 3428 4183 ergo
3449 4110 3833 4180 multiplicatio.

2237 4204 2448 4272 generis
2478 4203 2706 4259 Abrahae
2732 4219 2824 4273 per
2855 4204 2998 4258 Isaac
3022 4204 3397 4273 prmdestinata
3422 4202 3539 4266 fuit,
3565 4217 3659 4255 cur
3679 4216 3818 4256 con-

2232 4296 2413 4364 jugem
2444 4297 2683 4351 sterilem
2715 4297 2958 4367 accepit?
2992 4297 3095 4353 Sed
3146 4298 3396 4351 nimirum
3440 4303 3653 4351 constat
3696 4294 3825 4365 quia

2242 4386 2645 4455 prmdestinatio
2700 4391 2953 4456 precibus
2990 4388 3262 4458 impletur,
3296 4387 3507 4457 quando
3533 4387 3577 4440 is
3617 4386 3668 4440 in
3723 4399 3826 4455 quo

2239 4478 2381 4533 Deus
2408 4477 2766 4547 multiplicare
2808 4494 2989 4534 semen
3035 4479 3265 4533 Abrahae
3312 4477 3825 4549 prmdestinaverat,

2239 4571 2486 4626 oratione
2522 4570 2753 4625 obtinuit
2786 4580 2824 4606 ιιι
2855 4580 2911 4625 ut
2943 4571 3078 4626 ﬁlios
3114 4571 3311 4625 habere
3340 4570 3619 4640 potuisset.

613 4656 782 4699 ΠΕΤΡ.
813 4644 966 4701 Οὐδέν
991 4668 1079 4716 μοι
1104 4656 1193 4707 τῆς
1221 4650 1463 4709 ἀπιστίας
1502 4648 1906 4705 καταλέλειπται⁹
1934 4648 1992 4704 τὸ
2031 4647 2114 4723 ’καί

2314 4661 2483 4717 Pera.
2513 4664 2643 4729 Quia
2672 4673 2935 4718 secretum
2968 4665 3102 4717 ratio
3126 4662 3337 4728 aperuit
3385 4661 3517 4717 nibil
3559 4657 3692 4714 mibi
3723 4657 3824 4713 du»-

541 4743 819 4813 μυστήριον
849 4740 878 4796 ἡ
907 4739 1216 4813 πληροφορία
1237 4741 1546 4815 ἐφανέρωσε.

617 4839 857 4883 I‘PIII‘OP.
891 4830 1059 4890 Θέλεις
1089 4833 1144 4885 ἐκ
1173 4840 1270 4887 τῶν
1317 4842 1407 4891 τῆς
1450 4836 1703 4894 Τουσκὶας
1749 4841 1917 4910 μερῶν
1964 4855 2047 4888 σοι
2087 4838 2139 4890 τί

542 4917 845 4993 διηγήσομαι
875 4917 1058 4990 (Forte
1088 4920 1187 4992 leg.
1228 4922 1596 4995 διηγήσωμαιι,
1620 4926 1703 4979 ἵνα
1730 4933 1858 4997 γνῷς
1888 4925 1946 4979 τὸ
1974 4946 2136 4982 nora-

541 5016 629 5066 ποὶ
658 5010 838 5085 ἄνδρες
863 5015 914 5068 ἐν
953 5015 1079 5088 αὖτῇ
1101 5016 1344 5087 ἐγένοντο,
1370 5020 1456 5070 καὶ
1484 5017 1641 5071 πόσον
1671 5025 1743 5089 τῷ
1770 5017 2141 5094 παντοδυνάμῳ

542 5111 650 5174 Θεῷ
694 5112 757 5179 τῇ
803 5108 988 5177 γνώσει
1037 5106 1370 5171 ἐπλησίαζον;

614 5250 641 5315 ‘_‘
673 5241 745 5315 l_t_a
771 5240 923 5315 M_ss.,
947 5242 1036 5297 ubi
1067 5243 1849 5315 Εόὶιίλιιδὺοωπροεσήμαινεν.
1898 5284 1911 5291 ν

619 5309 647 5350 δ
676 5311 937 5384 blendOSe
959 5316 1043 5368 οὐκ
1067 5329 1161 5381 pro
1189 5310 1274 5369 οὖν
1302 5316 1353 5370 iu
1378 5314 1478 5370 Ed.
1497 5309 1745 5384 irrepsit.

621 5391 642 5449 ς
674 5381 825 5436 Colb.
836 5422 852 5449 ,
883 5382 1147 5442 ἠδύναντο.

618 5447 645 5541 ξ
675 5447 938 5541 morque,
953 5457 1338 5541 προορισθεῐσα.

620 5532 645 5559 ε
675 5522 859 5591 Iidem,
890 5522 1184 5585 εὐδὸκησεν.

622 5591 643 5630 ί
680 5592 836 5669 ᾕρεο,
862 5593 1113 5652 δύνασθαι
1144 5600 1427 5669 ἐπιγνῶναι.

621 5664 833 5748 {Ms-5.,
862 5668 1150 5743 γέγραπται
1181 5664 1279 5741 γάρ
1324 5668 1424 5725 ὅτι.
1468 5665 1627 5724 Colb.
1674 5671 1859 5737 addit,
1904 5673 2133 5748 σπέρμα,

553 5744 676 5811 post
687 5738 898 5811 féptov.

623 5802 651 5844 δ
682 5802 815 5877 Κείς.
850 5822 944 5877 pro
969 5808 1195 5882 φανερὸν,
1219 5806 1379 5864 habet
1407 5808 1551 5869 δῆλὸν
1576 5817 1707 5869 ἔστιν
1732 5811 1826 5871 ὅτι.

2242 4753 2455 4810 bietatis
2486 4754 2760 4809 remansit.

2315 4848 2558 4903 Cnecon.
2590 4848 2682 4901 Vis
2728 4847 2818 4901 tibi
2852 4846 3052 4917 aliquid
3085 4846 3152 4901 de
3194 4845 3403 4901 Tuscia:
3434 4843 3674 4914 partibus
3708 4856 3831 4895 nar-

2244 4954 2384 5005 rem,
2409 4948 2467 4994 ut
2496 4953 2790 5008 cognoscas
2811 4940 2994 5010 quales
3026 4942 3076 4994 in
3108 4956 3168 4996 ea
3199 4941 3299 4995 viri
3323 4939 3539 5004 iuerint,
3570 4947 3625 4993 et
3657 4936 3830 4992 omni-

2252 5032 2485 5102 potentis
2515 5030 2609 5087 Dei
2640 5032 2843 5087 notitire
2870 5042 3124 5103 quantum
3156 5031 3483 5102 propinqui?

2319 5249 2333 5331 ξ
2370 5250 2512 5331 llle
2543 5251 2700 5331 βοὰ,
2735 5256 2943 5331 σπέρμα
2965 5256 3115 5331 animi}
3141 5258 3443 5331 προώριρ-εν,

2318 5322 2332 5370 1
2376 5323 2600 5387 Excusi,
2653 5320 2847 5378 vivam.'
2870 5320 3154 5394 Sequimur
3184 5320 3497 5394 'una'niim-m
3548 5320 3675 5375 Mss.
3709 5336 3835 5375 con-

2240 5406 2492 5533 sensum,
2525 5402 2579 5448 et
2627 5408 2766 5450 vers.
2821 5393 3063 5451 Graecam
3110 5396 3163 5450 in
3217 5411 3320 5466 qua
3358 5393 3585 5464 legitur,
3624 5402 3837 5451 ποιῆσαι

2269 5480 2433 5517 acere.

2269 5480 2433 5517 0681⁸8.

2316 5531 2344 5570 ¹ι
2372 5532 2554 5589 Germ.
2572 5544 2625 5589 et
2650 5537 2911 5601 nonnulli,
2943 5537 3185 5592 obtinere.

2325 5603 2341 5640 ¹
2376 5606 2593 5677 Excusi,
2626 5606 2754 5659 sicut
2779 5623 2989 5661 arenam
3012 5609 3187 5665 maris.
3221 5607 3426 5666 Caetera
3459 5608 3671 5665 omissa
3702 5618 3838 5677 sup-

2250 5674 2512 5749 plevirnus
2531 5691 2596 5729 ex
2621 5677 2748 5749 Mss.

2318 5755 2358 5785 ιη
2385 5745 2566 5803 Germ.
2599 5756 2651 5804 et
2675 5747 2837 5818 plur.,
2866 5759 2921 5803 ut
2947 5747 3138 5819 ﬁlium.
