3934 6302
463 343 556 397 191

460 462 546 517 τόν
572 460 920 536 πρεσϐύτερον
947 459 1190 523 καλέσας,
1231 458 1315 511 καί
1342 457 1502 526 εὐχήν
1531 456 1776 516 ποιήσας,
1809 457 1895 511 την
1921 453 2049 504 ἀποο
2077 453 2122 508 Α
2155 446 2411 514 liquorem
2440 444 2472 496 il

462 557 612 612 θήκην
641 555 817 618 ἤνοιξε.
841 556 912 607 Τὰ
934 552 986 608 δὲ
1019 555 1176 610 σκεύη
1205 552 1252 603 ἐν
1276 547 1344 609 οἷς
1372 548 1396 603 ὁ
1429 548 1701 605 ἐκπιεσθείς
1730 546 1893 616 όλίγος
1923 539 2048 602 οἶνος

462 648 642 710 ἐϐλίθη,
703 645 927 716 δαψιλῶς
971 647 1054 699 τόν
1103 640 1230 697 οἶνον
1281 642 1559 710 ἐκχὺνεντα
1609 633 1771 710 εὗρεν*
1816 637 1946 689 ὥστε
2003 636 2049 687 εἰ

464 739 633 795 ἐδέησε
665 741 748 793 τόν
777 741 1048 792 ἐπίσκοπον
1082 737 1243 807 ὀλίγον
1266 731 1516 808 βραδύναι
1545 738 1635 784 τοῦ
1673 728 1903 782 εἰσελθεῖν
1921 766 1935 788 ,
1959 731 2047 782 την

462 840 551 903 γῆν
579 840 668 890 τῆς
700 833 954 890 amem;
989 833 1163 882 πᾶσαν
1192 829 1274 880 ἐπὶ
1298 833 1389 880 τοῦ
1425 821 1865 895 ὑπερεκχεομένου
1913 816 2045 871 οἴνου

466 932 489 958 ⁸
522 925 891 981 σκεπασθῆναι.
917 923 1037 975 Τότε
1065 929 1137 987 τῷ
1160 918 1498 994 πρεσϐυτέρῳ
1521 915 1648 984 μετά
1672 909 2048 984 αὐστηρότητος

466 1016 736 1078 ἐκέλευσεν,
771 1015 852 1067 ἵνα
882 1012 1054 1084 μηδενί
1080 1015 1136 1066 τό
1167 1013 1336 1081 θαῦμα
1371 1014 1522 1062 τοῦτο
1557 1007 1758 1077 ἐξείπῃ,
1792 1003 1887 1060 ἕως
1934 995 1993 1051 οὑ
2028 997 2052 1051 ὁ

465 1107 740 1164 ἐπίσκοπος
780 1107 836 1158 ἐκ
881 1114 970 1165 τῆς
1008 1105 1277 1177 παρούσης
1315 1106 1443 1164 ζωῆς
1488 1097 1717 1168 μετέλθῃ,
1747 1093 2055 1164 φοϐούμενος

464 1203 532 1266 μή
563 1221 674 1258 πως
704 1200 753 1250 ἐν
782 1205 844 1271 τῇ
872 1198 1102 1268 γεγονυίᾳ
1146 1195 1357 1262 δυνάμει
1396 1199 1486 1248 τοῦ
1528 1191 1805 1260 θαύματος,
1851 1184 1932 1239 διὰ
1961 1190 2051 1237 τοῦ

465 1298 563 1344 τῶν
603 1292 876 1362 ἀνθρώπων
921 1288 1160 1345 ἐπαίνου.
1191 1287 1380 1357 βλάϐην
1421 1286 1528 1339 τινα
1557 1283 1824 1353 ὑπομείνῃ·
1857 1276 1883 1314 δ
1917 1277 2052 1331 πάνυ

463 1385 562 1456 γὰρ
605 1387 695 1442 τὰς
743 1384 950 1455 πράξεις
993 1383 1084 1440 τὰς
1122 1381 1310 1451 ἀγαθὰς
1350 1380 1374 1434 ό
1405 1386 1502 1435 τῶν
1538 1378 1816 1450 ἀνθρώπων
1849 1371 2052 1429 ἔπαινος

463 1477 848 1549 παραϐλὰπτειν
885 1472 1074 1527 εῗωθεν⁶
1113 1479 1197 1528 καί
1234 1473 1285 1528 ἐν
1321 1471 1486 1541 τούτῳ
1517 1479 1589 1543 τῷ
1627 1475 1718 1524 τοῦ
1755 1463 2054 1521 διδασκάλου

1671 334 1910 394 SANCTI
1955 328 2277 390 GREGORII
2319 329 2532 385 MAGNI

3630 305 3736 362 l9!

2476 441 2723 506 ttuderat,
2750 435 2979 493 ubertim
3004 433 3182 487 vinum
3205 425 3478 484 fundentia
3501 421 3732 485 invenit,

2157 541 2226 592 ita
2255 547 2310 592 ut
2338 537 2696 605 pavimentum
2739 545 2899 584 omne
2940 523 3303 581 excrescentia
3341 520 3464 574 vina
3504 515 3734 570 invade-

2153 639 2292 691 rent,
2319 628 2361 680 si
2394 625 2567 678 adhuc
2591 625 2873 692 cpiscOpns
2905 619 3105 672 tardius
3139 618 3412 669 intrasset.
3446 609 3597 664 Tunc
3623 617 3740 659 ter-

2152 717 2378 773 ribiliter
2405 715 2718 783 presbytero
2741 705 3492 780 prmcepitnequousqueipse
3526 705 3577 757 in
3606 717 3743 754 cor—

2153 826 2282 880 pore
2331 809 2566 873 viveret,
2615 809 2716 861 ltoc
2767 803 3077 860 miractdnm
3135 800 3380 869 cuiquam
3435 797 3742 858 indicaret;

2150 903 2541 971 pertimescens
2571 898 2819 951 videlicet
2859 910 2924 947 ne
2957 894 3007 946 in
3037 892 3232 944 virtute
3262 889 3381 941 facti
3421 887 3600 941 favore
3638 887 3747 940 hu-

2152 1008 2311 1047 mano
2359 993 2628 1059 pulsatus,
2660 988 2782 1041 inde
2831 987 2975 1038 intus
3020 985 3375 1046 inanesceret,
3421 979 3560 1031 unde
3608 976 3746 1031 foris

2154 1085 2455 1139 hominibus
2482 1099 2701 1155 magnus
2723 1087 3002 1149 appareret
3023 1097 3035 1131 :
3056 1079 3355 1140 exemplum
3381 1075 3538 1128 etiam
3572 1074 3617 1126 ill
3640 1072 3744 1141 Igi-

2153 1181 2250 1232 stri
2278 1175 2630 1246 sequens.qui
2660 1182 2714 1226 ut
2739 1188 2834 1226 nos
2856 1171 2925 1225 ad
2946 1171 3080 1223 viam
3108 1167 3422 1221 humilitatis
3457 1175 3479 1211 ε
3508 1166 3751 1218 instruc-

2157 1281 2259 1338 rct,
2293 1272 2359 1325 de
2386 1269 2673 1335 semetipso
2719 1264 2996 1333 discipulis
3043 1259 3524 1330 prmeepit,tlicens
3571 1267 3627 1309 ttt
3678 1272 3747 1310 ea

2157 1380 2274 1434 quae
2303 1362 2583 1425 vidissent,
2604 1358 2630 1396 ιι
2653 1358 2848 1412 nemini
2877 1357 3432 1420 dicerent,quuusque
3462 1348 3626 1402 Filius
3651 1348 3751 1398 lto-

2158 1456 2314 1509 minis
2343 1470 2371 1507 a
2413 1453 2634 1506 mortuis
2665 1458 2973 1518 resurgeret
3003 1447 3219 1517 (Matth.
3255 1458 3381 1506 xvn,
3409 1442 3485 1510 9).

463 1565 798 1638 ὑποδείγματι
828 1565 1180 1629 ἐξακολουθῶν,
1218 1564 1362 1626 ὅστις
1400 1567 1534 1635 ἡμᾶς
1569 1565 1616 1614 ἐν
1645 1569 1706 1635 τῇ
1752 1563 1963 1626 ταπεινῇ
2015 1550 2113 1619 όδῷ
2150 1556 2242 1606 τῆς
2290 1549 2750 1620 ταπεινοφροσύνης
2808 1543 3037 1615 ὁδηγῶν,
3093 1549 3199 1599 τοῖς
3253 1539 3435 1592 ἑαυτοῦ
3495 1536 3626 1604 μαθη
3642 1543 3765 1607 ταῖς-

464 1657 759 1722 ἐνετείλατο,
785 1657 962 1727 λέγων,
986 1658 1106 1730 περὶ
1136 1653 1200 1708 ὧν
1229 1656 1469 1727 ἐθεώρουν
1498 1655 1740 1721 σημείων,
1768 1651 1852 1702 ἵνα
1873 1644 2049 1717 μηδενὶ
2087 1637 2318 1704 ιῗπωσιν,
2345 1640 2439 1698 ἕως

2466 1636 2524 1692 οὑ
2555 1637 2580 1690 ό
2610 1638 2720 1696 Υῗός
2745 1642 2833 1690 τοῦ
2861 1635 3127 1710 ἀνθρώπου
3157 1631 3208 1683 ἐκ
3238 1635 3421 1701 νεκρῶν
3458 1626 3652 1701 ἀναστῇ

540 1750 704 1794 ΠΕΤΡ.
750 1745 1049 1812 Προφάσεως
1090 1745 1317 1816 εὐκαίρου
1356 1745 1710 1814 ἀναφανείσης,
1754 1744 2052 1806 ἐπιζητῆσαι

2226 1728 2390 1781 Pera.
2418 1727 2551 1793 Quia
2580 1726 2796 1779 occasio
2825 1732 2944 1792 apta
2974 1715 3058 1774 'se
3113 1719 3358 1787 praebuit,
3407 1717 3532 1770 iibet
3566 1718 3750 1785 inqui-

469 1832 589 1887 θέλω
621 1837 673 1888 τί
711 1835 949 1903 βούλεται
979 1831 1124 1898 εἶναι,
1176 1834 1256 1890 ὅτι
1297 1834 1321 1889 ό
1354 1835 1618 1909 λυτρωτής
1656 1836 1795 1905 ἡμῶν
1824 1835 1966 1896 Θεὸς,
2002 1833 2054 1885 ὲν

473 1921 581 1994 ὅσῳ
619 1932 729 1983 τοῖς
777 1923 901 1979 δυσὶ
943 1925 1141 1997 τυφλοῖς
1182 1926 1239 1978 τὸ
1285 1932 1386 1995 φῶς
1430 1925 1750 1998 ἐχαρίσατο,
1797 1924 2055 1976 ἐκέλευσεν

470 2012 608 2076 ὅπως
634 2015 806 2075 μηδενὶ
831 2016 1060 2072 εἴπωσιν·
1095 2019 1272 2071 ἐκεῖνοι
1298 2016 1350 2071 δὲ
1391 2018 1685 2078 ἀπελθόντες
1705 2058 1719 2081 ,
1758 2015 2056 2088 διεφήμισαν

471 2108 623 2160 αὑτόν
656 2109 702 2159 ἐν
733 2109 879 2180 πάσῃ
904 2116 965 2180 τῇ
995 2116 1058 2181 γῇ
1100 2109 1294 2178 ἐκείνης
1337 2111 1405 2177 μή
1451 2111 1502 2161 τί
1529 2129 1584 2178 γε
1613 2107 1638 2161 ό
1673 2111 1937 2179 μονογενής
1964 2110 2054 2159 τοῦ

472 2198 668 2270 πατρὸς
697 2199 831 2263 Υἱός,
853 2202 1043 2253 καὶτοῦ
1069 2199 1213 2270 ἁγίου
1238 2200 1525 2267 πνεύματος
1547 2198 1803 2257 συναίδιος
1824 2201 1871 2250 ἐν
1890 2198 2056 2265 τούτῳ

471 2294 543 2354 τῷ
567 2289 833 2359 πράγματι
860 2291 1046 2358 θέλημα
1089 2285 1258 2358 εἶχεν,
1307 2287 1434 2363 ὅπερ
1479 2290 1570 2342 οὑκ
1614 2287 1825 2346 ἠδυνήθη
1851 2287 2058 2360 πληρῶ-

471 2391 578 2430 σαιο
609 2379 741 2431 ὥστε
770 2381 827 2434 τό
858 2381 1048 2450 θαῦμα,
1079 2378 1208 2455 ὅπερ
1232 2378 1725 2442 σιωπηθῆναιῆθελε,
1758 2375 2003 2450 μηδαμῶς
2031 2384 2054 2412 ο

471 2465 735 2525 δυνηθῆναι
763 2471 1132 2543 ἀποκρυϐἦναι.

546 2568 710 2614 I‘PHI‘.
751 2559 810 2614 Ὀ
837 2561 1097 2634 λυτρωτης
1132 2563 1270 2633 ἡμῶν
1300 2563 1454 2627 Θεὸς,
1501 2559 1586 2616 διὰ
1614 2568 1704 2615 τοῦ
1744 2564 1920 2618 θνητοῦ
1949 2562 2057 2614 σὼ·

471 2670 655 2716 ματος,
687 2652 900 2706 ἕκαστον
928 2651 1051 2726 ὅπερ
1086 2652 1384 2727 εἰργάσατο,
1416 2655 1531 2723 ἡμῖν
1559 2651 1844 2724 ὑπόδειγμα
1867 2649 1890 2688 d
1917 2652 2057 2721 πρά-

470 2742 596 2804 ξεως
640 2745 960 2817 παρέσχετο·
994 2745 1075 2798 ’ἱνα
1102 2749 1184 2798 καὶ
1210 2748 1352 2815 ἡμεῖς
1397 2744 1634 2815 δυνάμεις
1662 2747 1880 2815 σημείων
1909 2745 2059 2820 ἔργα·

471 2832 683 2902 ζόμενοι,
733 2835 904 2907 τρόπῳ
943 2837 1158 2907 τοιούτῳ
1185 2844 1295 2895 τοῖς
1341 2834 1541 2908 ἴχνεσιν
1588 2837 1744 2890 αὑτοῦ
1790 2836 2059 2889 ἒπακολου·

469 2925 692 2984 θοῦντες.
723 2927 1071 3000 ἁπροσκόπτῳ
1111 2926 1233 2982 ποδί
1279 2929 1328 2982 ἐν
1359 2936 1466 2988 τοῖς
1512 2937 1602 2987 τῆς
1632 2928 1894 3004 παρούσης
1927 2931 2058 2990 ζωῆς

469 3012 641 3088 ἔργοις
686 3015 996 3086 όδεὺσωμεν,
1029 3021 1328 3084 θαυμασίως
1358 3022 1713 3089 νομοθετήσας,
1745 3023 1827 3072 καὶ
1856 3019 2061 3086 ησυχά-

2160 1834 2281 1873 rere
2313 1818 2564 1887 quidnam
2595 1818 2664 1870 sit
2693 1815 2840 1884 quod
2889 1812 3209 1879 Redemptor
3244 1817 3426 1862 noster
3451 1822 3570 1860 cum
3607 1807 3748 1860 Ll’UO-

2159 1910 2260 1965 bus
2299 1907 2454 1963 cmcis
2490 1909 2665 1962 lumen
2699 1905 2951 1967 reddidit,
2973 1903 3128 1972 jussit
3159 1909 3214 1954 ut
3247 1899 3446 1954 nemini
3478 1899 3766 1971 dicerent,_

2159 2009 2208 2055 et
2254 2000 2330 2053 illi
2383 1999 2643 2054 abeuntes
2674 1998 3086 2051 diﬂ‘amaverunl
3115 2009 3235 2047 eum
3270 1990 3286 2029 ί
3323 1990 3375 2044 in
3427 1999 3588 2043 totam
3640 1999 3755 2042 ter.

2160 2108 2272 2147 ram
2307 2091 2452 2145 illam
2506 2088 2849 2159 (Mutilum,
2899 2087 3030 2156 Ξῖ).
3078 2085 3454 2154 Nunquidnam
3505 2083 3755 2150 unigenis

2164 2194 2247 2238 tus
2278 2183 2465 2245 Filius,
2496 2181 2635 2235 Patri
2666 2190 2721 2235 et
2761 2187 2948 2233 sancto
3001 2177 3225 2246 Spiritui
3277 2185 3612 2239 coaeternus,
3651 2176 3756 2229 hac

2165 2276 2217 2328 in
2250 2290 2308 2328 re
2357 2273 2500 2327 velle
2559 2270 2764 2335 habuit,
2797 2269 2939 2336 quod
2990 2283 3095 2320 non
3149 2266 3325 2336 potuit
3372 2265 3639 2332 implere,
3697 2271 3772 2322 ut.

2161 2366 2475 2422 miraculum
2526 2366 2667 2436 quod
2725 2362 2890 2419 taceri
2943 2361 3145 2428 voluit,
3210 2359 3428 2413 minime
3477 2356 3766 2427 potuisset:

2159 2456 2454 2512 abscondi?
3365 2519 3376 2528 _

2232 2550 2472 2604 Gnaeon.
2519 2547 2850 2613 Redemptor
2898 2553 3080 2599 noster
3135 2556 3237 2612 per
3291 2539 3522 2594 mortale
3554 2552 3773 2607 corpus-

2159 2654 2319 2694 omne
2349 2638 2494 2707 quod
2535 2637 2668 2708 egit,
2720 2635 2820 2690 hoc
2851 2633 3004 2688 nobis
3055 2631 3107 2684 in
3164 2630 3464 2697 exemplum
3522 2627 3757 2681 actionis

2160 2733 2408 2802 prtebnit,
2472 2739 2528 2784 ut
2581 2744 2678 2798 pro
2727 2737 3035 2783 nostrarum
3099 2725 3296 2778 virium
3356 2721 3574 2776 modulo
3630 2719 3756 2787 ejus

2159 2822 2380 2892 vestigia
2431 2829 2742 2890 sequentes,
2784 2819 3050 2873 inolTenso
3089 2816 3230 2886 pede
3259 2814 3438 2882 cperis
3469 2812 3755 2881 przeseutis

2164 2917 2287 2970 vitae
2315 2929 2598 2984 carpamus
2625 2914 2788 2967 viatn.
2825 2911 3136 2966 Miraculum
3178 2921 3408 2976 namque
3450 2905 3673 2966 faciens,
3697 2913 3755 2958 et

2162 3005 2327 3061 taceri
2347 3005 2531 3074 jussit,
2559 3013 2612 3058 et
2646 3014 2819 3057 tamen
2855 3002 3018 3055 taceri
3052 3016 3156 3054 non
3190 3000 3388 3068 potuit;
3415 3006 3473 3050 ut
3496 2997 3754 3050 videlicet

470 3113 568 3172 ζειν
595 3109 864 3171 κελεύσας,
897 3116 975 3166 καὶ
996 3113 1183 3183 μᾶλλον
1211 3117 1519 3172 σιωπηθῆναι
1542 3114 1632 3166 οὑκ
1657 3111 1896 3171 ἠδυνήθησ
1925 3112 2054 3166 ὥστε

2166 3106 2218 3153 et
2246 3097 2404 3151 electi
2431 3095 2549 3166 ejus
2579 3095 2824 3161 exempla
2849 3090 3108 3144 doctrina:
3147 3089 3286 3142 illius
3332 3095 3644 3155 sequentes,
3693 3086 3751 3139 in

469 3198 639 3252 λοιπὸν
669 3203 747 3253 καὶ
767 3203 884 3261 τοὺς
907 3203 1162 3262 ἐκλεκτοὺς
1186 3205 1304 3262 τοὺς
1330 3210 1401 3274 τῷ
1422 3201 1756 3276 ὑποδείγματι
1776 3212 1866 3262 τῆς
1895 3205 2058 3257 αὑτοῦ

469 3287 798 3350 διδασκαλίας
825 3294 1234 3356 ἀκολουθοῦντας,
1272 3296 1322 3348 ἐν
1353 3291 1428 3355 οἷς
1469 3296 1768 3369 ἐργάζονται
1797 3299 2059 3366 μεγίστοις

476 3380 722 3453 θαύμασι,
752 3385 998 3456 κρυϐῆναι
1026 3387 1113 3455 μὲν
1142 3390 1329 3450 ταῦτα,
1361 3386 1604 3462 πρόθεσιν
1635 3383 1664 3439 ἔ
1667 3406 1806 3455 χειν,
1845 3386 1947 3439 ἀλλ’
1977 3387 2060 3441 ἶνα

470 3475 551 3525 καὶ
580 3474 742 3546 ἕτεροι
772 3475 1079 3544 ὡφεληθῶσι,
1112 3479 1307 3550 φανερά
1335 3479 1684 3531 καθίστανται⁶
1714 3484 1864 3533 τοῦτο
1894 3476 1948 3532 δὲ
1975 3483 2058 3535 καὶ

467 3562 898 3636 ταπεινοφροσύνῃ
944 3569 1160 3636 μεγίστη
1199 3567 1452 3641 ὑπάρχει,
1491 3564 1568 3621 ὅτι
1613 3568 1679 3620 τὰ
1724 3565 1853 3639 ἔργα
1889 3569 2056 3623 αὑτῶν

467 3653 718 3724 κρυϐῆναι
738 3654 958 3716 θέλουσι,
991 3659 1076 3708 καὶ
1099 3658 1334 3725 ὠφέλειαν
1357 3660 1560 3725 μείζονα
1580 3659 1629 3709 ὲν
1656 3664 1728 3728 τῷ
1749 3664 1914 3714 ταῦτα
1933 3681 2060 3714 σιω-

468 3743 677 3800 πηθῆναι
703 3750 772 3813 μὴ
812 3744 1082 3801 δύνασθαι.
1111 3744 1360 3816 Οὐδαμῶς
1393 3744 1443 3800 δέ
1478 3769 1530 3801 τι
1571 3747 1597 3798 ὁ
1629 3744 1796 3823 κύριος
1825 3751 2058 3819 γενέσθαι

473 3836 729 3898 ἠθέλησεν,
764 3835 892 3909 ὅπερ
933 3847 1145 3897 ποιῆσαι
1172 3841 1262 3892 οὑκ
1301 3838 1539 3898 ἠδυνήθη·
1572 3837 1690 3894 εἴτι
1723 3838 1776 3892 δέ
1807 3845 1924 3913 περὶ
1962 3844 2059 3896 αὑ·

470 3937 555 3985 τοῦ
586 3930 780 3999 λέγεται
809 3932 1044 3998 θελῆσαι,
1089 3936 1167 3986 καὶ
1207 3939 1276 4002 μὴ
1306 3933 1534 3998 θελῆσαι,
1567 3942 1870 4003 σωματικῶς
1900 3937 2054 3988 αὑτοῦ

469 4031 576 4082 τοῖς
603 4025 884 4098 ἀνθρώποις
922 4024 1303 4092 ἐπιδημοῦντος,
1351 4030 1422 4087 εἰς
1449 4027 1694 4106 ἡμετέραν
1731 4026 2056 4083 διδασκαλίαν

470 4121 495 4149 ⁸
527 4113 810 4186 ὑπόδειγμα
836 4115 1068 4171 δέδυκεν.

539 4216 706 4262 IIETP.
739 4207 958 4280 ’.ὶρέσκει
988 4208 1010 4263 ό
1039 4211 1218 4283 λέγεις.

534 4307 702 4352 ΓΡΗΓ.
735 4296 913 4369 ’Λκμην
960 4303 1102 4371 ὀλίγα
1139 4305 1255 4358 τινὰ
1290 4310 1389 4358 τῶν
1421 4301 1592 4376 ἔργω-ἰ
1637 4307 1923 4377 Βονιφατίου
1963 4311 2056 4362 τοῦ

468 4387 773 4452 ιπισκόπου,
808 4390 941 4466 ἅπερ
974 4393 1356 4466 κατελείψαμεν,
1386 4392 1578 4455 οὗτινος
1611 4399 1782 4468 μνείαν
1811 4398 2058 4456 ἐποιησὰ-

468 4480 617 4548 μεθα,
648 4478 911 4544 διεξελθεῖν
935 4483 1123 4538 δίκαιον
1154 4488 1388 4557 ἡγοῦμαι.
1420 4497 1496 4540 Ἐν
1523 4486 1653 4559 ἄλλῳ
1688 4493 1852 4544 τοίνυν
1892 4502 2053 4566 καιρῶ

468 4575 558 4621 τοῦ
588 4573 842 4644 μακαρίου
885 4570 906 4609 ’Ῑ
956 4574 1235 4647 Προκούλου
1282 4584 1372 4631 τοῦ
1403 4581 1664 4654 μάρτυρος
1701 4583 1730 4640 ἡ
1758 4591 1850 4642 τῆς
1877 4552 2055 4658 ἑορτῆς

468 4659 674 4717 ἕπλησίο
686 4665 764 4725 ζιν
791 4664 972 4737 ἡμέρα.
1007 4663 1081 4718 Ἐν
1108 4667 1241 4736 αὑτῷ
1269 4666 1322 4723 δὲ
1352 4677 1423 4739 τῷ
1449 4670 1588 4742 τόπῳ
1611 4673 1737 4746 ἀνήρ
1759 4695 1836 4733 τις
1858 4676 2055 4744 εὐγενέο

468 4771 660 4811 στατος
691 4757 922 4826 κατῴκει,
955 4765 1302 4830 Φορτουνᾶτας
1321 4759 1564 4832 τοέῖνομα⁶
1594 4761 1738 4824 ὅστις
1763 4773 1834 4836 τῷ
1867 4767 2056 4821 σεϐασ-

467 4847 565 4914 μίῳ
604 4846 770 4916 τούτῳ
810 4846 951 4919 ἀνδρό
996 4850 1178 4908 πολλὴν
1209 4852 1802 4928 ἱκεσίανοπροσήγαγεν,
1841 4857 1924 4911 ἶνα
1961 4861 2053 4917 τ’ὀν

465 4939 780 5016 λειτουργίαν
824 4942 1169 5006 ἐπιτελοῦντος
1209 4948 1366 5001 αὑτοῦ
1392 4956 1482 5007 τῆς
1509 4955 1598 5002 τοῦ
1633 4953 1882 5024 μακαρίου
1919 4953 2050 5028 μάρ-

470 5052 624 5122 τυρος
659 5033 812 5103 187
845 5034 1044 5110 ἑορτῆς,
1078 5038 1304 5110 εὐλογίαν
1330 5041 1378 5092 ἐν
1403 5047 1476 5111 τῷ
1503 5039 1618 5111 οἴκῳ
1645 5043 1803 5098 αὑτοῦ
1833 5044 2051 5104 ἐπικλίνη

543 5206 571 5234 ³
600 5197 752 5251 Colb.
766 5238 780 5260 ,
809 5201 1092 5256 πιανθῆναι.

540 5267 570 5306 ὶδ
606 5267 1046 5332 liancperiodum
1073 5282 1135 5322 ac
1156 5266 1472 5322 sententiam
1506 5263 1788 5318 Zacharias
1829 5261 2051 5323 addidit,

475 5353 596 5392 cutn
626 5338 676 5388 in
709 5336 896 5389 Latino
945 5346 1087 5391 textu
1129 5339 1268 5392 nulla
1297 5339 1403 5392 siut
1430 5338 1544 5405 ejus
1576 5335 1815 5402 vestigia.
1843 5333 2055 5405 Signiﬁ-

474 5418 560 5485 cat
600 5415 774 5485 autem
796 5424 813 5485 _:
847 5405 1068 5485 Multum
1097 5410 1230 5463 enim
1270 5404 1728 5463 noceretonanevit
1759 5404 1901 5458 bonis
1931 5419 2054 5474 ope-

473 5479 638 5543 ribus,
669 5477 928 5528 hominum
957 5477 1094 5534 laus.

547 5559 570 5586 ⁸
615 5546 766 5612 11155.,
795 5546 1034 5607 ἠδυνήθη.

542 5614 568 5656 δ
603 5618 759 5692 διδςη
795 5620 1064 5692 εξργᾲσατο
1085 5620 1353 5692 ἴναίήμεῑς.

475 5755 499 5774 θ
545 5697 572 5726 ⁸
606 5683 735 5760 Reg.
759 5729 774 5757 ,
807 5683 1088 5763 ὑπόδειγμα
1122 5683 1337 5762 γέγονεν.
1381 5686 1534 5746 Colb.
1554 5729 1568 5756 ,
1600 5684 1955 5762 ὑποδείγματα
1977 5683 2060 5742 δί-

470 5775 645 5816 οωην.

2163 3189 2373 3262 magnis
2397 3202 2516 3256 qum
2548 3185 2774 3248 faciunt,
2797 3182 2968 3237 latere
2999 3181 3212 3251 quidem
3242 3180 3292 3232 in
3330 3178 3604 3230 voluntate
3657 3177 3754 3228 ba-

2161 3281 2344 3346 beant,
2377 3279 2470 3334 sed
2505 3286 2564 3332 ut
2605 3276 2809 3345 prosint
2839 3274 2989 3339 aliis,
3021 3272 3311 3343 prodantur
3339 3271 3521 3334 inviti;
3555 3279 3750 3337 quate.

2161 3389 2260 3427 nus
2301 3382 2354 3427 et
2385 3385 2590 3440 magna:
2623 3367 2938 3421 humilitatis
2967 3365 3036 3419 sit
3079 3364 3219 3434 quod
3251 3378 3343 3416 sua
3370 3377 3531 3430 Opera
3580 3362 3751 3415 taceri

2159 3472 2438 3536 appetunt,
2474 3461 2490 3514 l
2525 3470 2578 3516 et
2607 3475 2814 3530 magna:
2846 3455 3091 3511 utilitatis
3112 3455 3179 3507 sit
3201 3453 3340 3523 quod
3363 3469 3545 3508 eorum
3575 3467 3746 3521 opera

2163 3556 2331 3612 taceri
2362 3570 2471 3608 non
2501 3561 2746 3623 possunt.
2779 3550 2894 3604 Non
2925 3563 3053 3618 ergo
3080 3546 3249 3601 voluit
3287 3546 3542 3600 Dominus
3589 3543 3754 3613 quid-

2160 3664 2317 3720 quam
2352 3648 2487 3712 licri,
2520 3655 2575 3700 et
2611 3644 2829 3699 minime
2872 3642 3081 3712 potuit;
3127 3640 3223 3695 sed
3272 3640 3396 3709 quid
3437 3639 3572 3693 velle
3625 3635 3752 3706 eius

2161 3739 2402 3796 membra
2431 3737 2684 3800 debeant,
2730 3735 2924 3804 quidve
2972 3733 3040 3787 de
3088 3732 3169 3787 eis
3225 3731 3383 3786 etiam
3442 3729 3756 3785 nolentibus

2161 3834 2276 3901 ﬁat,
2306 3828 2564 3886 doctrina:
2591 3826 2900 3907 magisterio
2929 3824 3233 3894 exemplum
3257 3822 3424 3877 dedit.

2233 4205 2403 4260 Ρετιι.
2432 4202 2613 4258 Placet
2643 4199 2782 4271 quod
2808 4199 2962 4256 dicis.

2237 4298 2480 4353 Gneoon.
2529 4293 2719 4349 Adhuc
2770 4308 2933 4359 pauca
2987 4291 3161 4358 aliqua
3207 4304 3326 4358 qua:
3366 4288 3431 4343 de
3488 4284 3751 4339 Bonifacii

2163 4391 2401 4463 episcopi
2441 4403 2606 4459 opere
2644 4395 2952 4457 supersunt,
3009 4383 3129 4454 quia
3178 4380 3295 4453 elus
3325 4380 3634 4434 memoriam
3670 4375 3749 4431 fe-

2086 4479 2375 4549 Dcimus,
2432 4493 2812 4543 exsequamur.
2870 4476 2989 4531 Alio
3043 4489 3270 4542 namque
3312 4481 3552 4540 tempore
3605 4469 3757 4523 beati

2171 4577 2387 4638 Proculi
2441 4572 2698 4642 martyris
2748 4567 3024 4622 natalitius
3053 4562 3440 4634 propinquabat
3465 4559 3599 4626 dies,
3640 4574 3757 4627 quo

2161 4672 2372 4729 inloco
2425 4668 2506 4721 vir
2558 4663 2754 4718 nobilis
2807 4660 3135 4714 Fortunatus
3189 4655 3407 4710 nomine
3457 4651 3758 4705 manebat:

2161 4758 2250 4826 qui
2280 4754 2484 4823 magnis
2513 4749 2760 4819 precibus
2792 4744 2859 4798 ab
2881 4745 3069 4798 eodem
3100 4741 3390 4796 venerabili
3421 4739 3532 4792 viro
3563 4745 3755 4805 postu—

2161 4847 2294 4902 lavit
2320 4853 2376 4898 ut
2404 4857 2525 4898 eum
2569 4838 2706 4908 apud
2739 4837 2952 4891 beatum
2991 4842 3281 4904 martyrem
3324 4832 3609 4885 missarum
3659 4842 3755 4881 so-

2165 4938 2364 4994 lemnia
2410 4941 2616 5002 ageret,
2656 4930 2815 5001 188
2857 4928 2878 4964 ιι
2929 4926 2994 4981 ad
3035 4925 3462 4981 benedictionem
3509 4919 3751 4974 dandam

2164 5031 2219 5086 in
2255 5041 2408 5082 suam
2439 5025 2658 5078 domum
2701 5020 3014 5075 declinaret.
3064 5017 3157 5071 Vir
3207 5027 3385 5069 autem
3418 5012 3509 5067 Dei
3550 5023 3758 5080 negare

2234 5184 2254 5224 ί
2288 5184 2437 5248 Mss.,
2467 5181 2706 5256 Πρόκλου.
2760 5247 2772 5256 _
2857 5247 2868 5256 _
3013 5246 3023 5256 ,
3185 5250 3194 5256 ,
3243 5239 3377 5256 ...._.

2232 5267 2256 5304 ε
2290 5238 2568 5311 Secundus
2591 5247 2820 5311 Tlteod.,
2851 5246 3215 5300 introduceret.
3242 5239 3379 5296 Editi
3403 5247 3527 5293 ante
3557 5238 3755 5304 Guss.,

2160 5329 2469 5450 “facerm.
2499 5389 2891 5458 etCompend.,
2920 5388 3133 5458 minime
3148 5385 3399 5458 dicerent.
3428 5380 3594 5435 Paulo
3622 5387 3754 5447 post

2162 5480 2339 5527 tamen
2371 5468 2563 5535 legitur
2587 5457 2776 5535 :‘jussit
2804 5469 2871 5535 ut_
2889 5458 3079 5511 nemini
3101 5457 3342 5535 dicerent.

2237 5539 2250 5578 ί
2289 5525 2565 5592 Secundus
2587 5525 2832 5594 σοι-ηομ,
2854 5530 2908 5581 t'n
2939 5542 3095 5582 totam
3128 5525 3410 5594 regionem.

2233 5611 2247 5660 i
2287 5608 2504 5663 'l‘ertius
2544 5607 2797 5666 (ἰαί-ηομ,
2823 5609 2877 5655 et
2925 5600 3128 5669 primus
3169 5593 3413 5661 Tlteod.,
3457 5601 3505 5647 et
3544 5603 3757 5661 magum.

2158 5678 2558 5752 (adiﬁcationis._
2694 5743 2706 5752 _
2736 5749 2748 5752 Α
2873 5742 2903 5752 __

2230 5742 2270 5793 ι’
2287 5743 2579 5818 Compend.
2595 5785 2610 5814 ,
2636 5743 2706 5799 ad
2729 5742 3140 5801 benedicendum.
