4000 6414
464 382 567 439 ιςδ

1676 379 1921 437 sum
1961 375 2294 436 cneconu
2333 353 2538 436 uacui

3650 388 3759 447 106

462 504 586 566 ξατο
628 496 737 571 μετ’
773 498 926 573 ὀργῆς
970 496 1162 571 μεγάλῃ
1314 502 1446 570 φωνῇ
1494 496 1694 569 κράζειν
1746 497 1831 549 καί
1874 495 2035 566 λέχιιν

2166 493 2251 547 hic
2290 493 2494 557 vivunt,
2523 493 2670 548 solus
2698 507 2798 563 ego
2828 494 2882 548 in
2927 494 3090 551 domo
3129 495 3228 551 hac
3267 497 3449 555 vivere
3487 514 3595 557 non
3628 519 3760 572 pos-

463 596 655 651 ῐιάντας
678 591 891 645 ἐνταῦθα
914 588 983 644 ἴνι
1005 593 1182 653 ζῆσαι,
1205 590 1357 661 μόνος
1379 586 1432 642 δὲ
1460 588 1556 660 ἐγὼ
1583 589 1632 641 ἐν
1658 594 1732 657 τῷ
1757 585 1872 657 οἴκῳ
1892 588 2056 657 τούτῳ

462 687 615 747 ζῆσαι
634 682 693 734 οὐ
717 678 954 750 δύναμαι.
988 682 1073 739 Εἰς
1108 680 1204 739 τάς
1232 679 1399 749 φωνάς
1426 674 1479 734 δέ
1514 679 1670 733 αὐτοῦ
1697 677 1723 733 ὁ
1752 678 2053 742 ἐπίσκοπος,

460 777 546 826 καί
571 773 756 831 πάντες
783 770 899 825 ὅσοι
928 768 1055 829 ἦσαν
1077 771 1126 823 ἐν
1152 777 1224 839 τῷ
1265 771 1545 840 ὶπισκοπίῳ
1570 771 1924 843 παρεγένοντο.
1955 771 2056 824 Καὶ

458 864 605 915 θέλων
640 862 789 915 αὑτὸν
817 862 843 914 ό
881 858 1145 933 ἅνθρωπος
1183 867 1275 915 τοῦ
1304 868 1431 915 Θεοῦ
1458 862 1833 934 κατπρᾶὖναι,
1863 860 2054 935 ἤρξατο

456 954 622 1025 λόγοις
666 955 1038 1013 κολακευτικοῖς
1070 960 1330 1028 παραινεῖν
1377 952 1545 1009 αὐτόν.
1578 960 1787 1013 Ἐκεῖνος
1831 950 1885 1007 δὲ
1924 953 2055 1023 μετά

457 1044 655 1117 ὕϐρεως
681 1045 924 1116 ἀπεκρίθη
967 1044 1143 1114 λέγων’
1191 1045 1376 1103 Πάντες
1416 1047 1549 1113 μετὰ
1583 1052 1682 1099 σοῦ
1711 1048 1874 1109 ζῶσι,
1905 1041 2054 1113 μόνος

455 1134 551 1205 ἐγὼ
582 1133 865 1209 ἔμπροσθέν
888 1156 984 1189 σου
1014 1140 1164 1199 ζῆσαι
1194 1136 1250 1188 οὐ
1283 1133 1525 1202 δύναμαι,
1748 1133 1936 1194 ἀπόδος
1965 1156 2053 1204 μοι

452 1226 510 1278 τὸ
541 1223 743 1299 λογάριν
768 1246 887 1295 μου.
918 1228 1135 1284 Κινηθείς
1164 1223 1218 1278 δὲ
1244 1223 1269 1277 ό
1293 1222 1569 1283 ἐπίσκοπος
1588 1232 1706 1283 ταῖς
1733 1225 1920 1278 τούτου
1947 1247 2051 1296 φω-

452 1323 584 1379 ναῖς,
616 1317 665 1370 ἐν
692 1324 766 1387 τῷ
794 1325 895 1385 ναῷ
925 1326 1015 1377 τῆς
1039 1316 1189 1388 ἁγίας
1215 1317 1446 1371 θεοτόκου
1474 1320 1556 1370 καὶ
1584 1317 1909 1391 ἀειπαρθένου
1933 1324 2050 1369 Μα-

453 1407 566 1477 ρίας
606 1408 855 1472 εἰσελθὼν,
891 1416 916 1443 ⁸
954 1409 1011 1461 τό
1039 1404 1254 1478 φελόνιον
1291 1409 1445 1461 αὐτοῦ
1479 1416 1670 1485 φορῶν,
1721 1411 1805 1461 καὶ
1832 1408 2052 1468 ἐκτείνας

453 1502 543 1560 τὰς
569 1510 758 1574 χεῖρας
780 1500 807 1538 b
832 1502 1019 1577 ἤρξατο
1048 1500 1321 1573 εὔχεσθαι,
1352 1500 1491 1561 ὄπως
1518 1502 1657 1571 αὐτῷ
1684 1500 1709 1555 ὁ
1740 1502 1862 1560 Θεὸς
1886 1521 2050 1573 χορη-

451 1596 606 1663 γήσῃ,
637 1591 741 1647 ὅθεν
768 1603 840 1667 τῷ
868 1596 1207 1671 πρεσϐυτέρῳ
1245 1594 1430 1669 δυνηθῇ
1470 1594 1752 1650 ἀποδοῦναι
1792 1594 1927 1670 ἅπερ
1956 1595 2050 1648 αὖ·

450 1693 524 1756 τῷ
553 1687 784 1752 ἓηεζήτει
802 1727 817 1750 ,
852 1692 934 1741 καὶ
960 1690 1047 1744 τὸν
1091 1688 1247 1758 θυμὸν
1276 1694 1631 1742 καταπαῦσαι.
1663 1689 1966 1757 Εὑχομένου
1997 1684 2049 1740 δέ

450 1776 630 1836 αὐτοῦ,
666 1779 744 1828 καὶ
773 1780 867 1837 τὰς
911 1787 1096 1851 χεῖρας
1128 1781 1366 1834 ὑποκάτω
1393 1785 1482 1833 τοῦ
1520 1779 1741 1849 φιλονίου
1773 1778 2051 1849 ὑψωμένας

2160 598 2304 639 sum.
2359 586 2439 639 Ad
2479 589 2634 655 cujus
2681 587 2934 642 nimirum
2993 603 3153 645 voces
3217 592 3363 647 venit
3417 595 3754 666 episcopus,

2159 690 2459 745 omnesque
2485 679 2577 747 qui
2606 678 2658 732 in
2690 678 2878 734 eodem
2927 680 3201 749 episcOpio
3228 683 3470 738 aderant.
3502 686 3757 759 Cumque

2158 784 2279 824 eum
2306 771 2578 827 locutione
2628 773 2823 828 blanda
2849 776 2929 827 vir
2974 774 3070 830 Dei
3118 786 3419 846 temperare
3445 782 3750 851 voluisset,

2158 864 2322 932 carpit
2363 862 2452 917 ille
2507 879 2629 918 cum
2658 865 2835 935 jurgio
2889 867 3240 935 respondere,
3276 870 3462 926 dicens
3495 888 3509 925 :
3550 872 3754 931 Omnes

2163 963 2340 1009 tecum
2372 955 2578 1021 vivunt,
2623 958 2771 1012 solus
2799 973 2898 1027 ego
2943 960 3026 1013 hic
3049 969 3172 1015 ante
3199 970 3250 1015 te
3276 961 3457 1017 vivere
3489 980 3592 1019 non
3625 982 3755 1035 pos-

2154 1060 2274 1100 sum
2311 1062 2325 1100 :
2358 1049 2515 1119 189
2540 1048 2706 1103 redde
2732 1050 2863 1103 mihi
2895 1050 2909 1099 i
2945 1050 3149 1106 solidos
3177 1068 3345 1107 meos.
3372 1054 3577 1120 Quibus
3600 1059 3753 1112 voci-

2154 1139 2253 1194 bus
2277 1151 2578 1196 comtnotus
2608 1140 2914 1210 episcopus,
2948 1141 3119 1196 beata:
3149 1144 3328 1197 Maria:
3367 1161 3583 1215 semper
3629 1149 3748 1202 vir-

2152 1231 2293 1301 ginis
2325 1231 2616 1286 Ecclesiam
2655 1233 2929 1302 ingressus
2954 1242 3073 1297 est,
3123 1242 3180 1288 et
3223 1234 3453 1289 elevatis
3500 1238 3752 1292 manibus

2153 1332 2381 1378 extenso
2412 1325 2759 1387 vestimento,
2788 1324 2983 1379 stando
3011 1324 3175 1393 etrapit
3198 1340 3444 1390 exorare,
3474 1338 3530 1380 ut
3557 1329 3604 1382 ei
3626 1329 3749 1383 red-

2152 1415 2309 1469 deret
2361 1414 2502 1469 unde
2555 1415 2851 1484 presbyteri
2911 1414 3143 1470 furentis
3187 1415 3450 1470 insaniam
3497 1418 3747 1488 mitigare

2152 1505 2432 1574 potuisset.
2483 1503 2731 1575 Cumque
2773 1507 2950 1560 subito
3000 1506 3185 1560 oculos
3236 1507 3302 1559 ad
3356 1507 3740 1562 vestimentum

2150 1617 2307 1656 suum
2358 1601 2498 1657 inter
2538 1610 2764 1657 extensa
2796 1601 3014 1655 brachia
3063 1601 3385 1666 reduxisset,
3414 1608 3636 1670 repente
3681 1604 3739 1658 in

2151 1692 2272 1747 sinu
2311 1708 2410 1747 suo
2461 1692 2744 1747 duodecim
2798 1706 2997 1747 aureos
3056 1692 3259 1745 invenit
3304 1693 3375 1745 ita
3430 1689 3743 1761 fulgentes,

2156 1792 2407 1851 tanquam
2438 1785 2482 1838 si
2511 1799 2575 1839 ex
2620 1784 2738 1854 igne
2767 1783 3013 1852 producti
3069 1784 3254 1837 eadem
3303 1783 3432 1837 liora
3481 1784 3736 1838 fuissent.

448 1863 684 1939 ἔχοντος,
713 1872 833 1929 τοὺς
864 1870 1151 1941 ὀφθαλμοὺς
1181 1874 1311 1947 πρὸς
1333 1873 1512 1927 ἑαυτὸν
1541 1872 1874 1943 ἐπιστρέψας,
1906 1868 2036 1942 ἄφνω

2148 1875 2248 1942 Qui
2279 1890 2402 1929 mox
2429 1874 2497 1930 de
2526 1875 2761 1929 Ecclesia
2785 1889 3054 1943 egressus,
3080 1889 3171 1930 eos
3196 1874 3249 1928 in
3291 1875 3467 1929 sinum
3499 1875 3731 1929 furentis

448 1964 495 2016 ἐν
518 1966 659 2037 μέσῳ
689 1972 789 2021 τῶν
818 1965 909 2021 δύο
935 1970 1089 2024 αὐτοῦ
1120 1978 1313 2045 χειρῶν
1342 1973 1393 2024 ἐν
1425 1979 1499 2041 τῷ
1526 1980 1549 2007 α
1575 1969 1819 2044 ίπινδύτῃ
1847 1969 2040 2025 δώδεκα

446 2060 741 2126 νομίσματα
785 2056 964 2133 εὗρεν,
1016 2062 1181 2123 οὕτως
1214 2064 1689 2137 ἀπαστράπτοντα,
1748 2065 1815 2122 ὡς
1865 2061 1944 2117 ὅτι
1992 2064 2039 2115 ἐν

445 2148 567 2221 αὐτῇ
597 2145 623 2183 ἀ
657 2157 719 2222 τῇ
754 2152 858 2224 ὥρᾳ
889 2153 941 2205 ἐκ
976 2159 1066 2207 τοῦ
1105 2155 1269 2229 πυρὸς
1303 2154 1430 2212 ἦσαν
1466 2154 1743 2217 ἐξελθόντα.
1782 2154 2040 2223 Παριυθύς

449 2236 535 2293 οὖν
564 2243 617 2294 ἐκ
649 2251 741 2303 τῆς
770 2244 1031 2304 ἐκκλησίας
1070 2246 1294 2310 ἐξελθὼν,
1324 2248 1395 2305 εἰς
1422 2248 1509 2300 τὸν
1544 2246 1729 2300 κόλπον
1757 2247 1909 2300 αὐτοῦ
1944 2252 2036 2301 τοῦ

442 2332 754 2393 θυαωθέντος
785 2336 1139 2409 πρισϐυτέρου
1187 2334 1367 2412 apud:
1386 2377 1400 2401 ,
1436 2337 1610 2409 λέγων’
1638 2335 1762 2389 ἰδοὺ
1802 2333 1952 2405 ἔχεις
1976 2337 2036 2389 τό

443 2421 663 2497 λογάριν,
693 2424 823 2501 ὅπερ
849 2429 1125 2493 ἐζήτησας,
1157 2434 1309 2483 τοῦτο
1330 2427 1383 2483 δέ
1405 2448 1486 2481 σοι
1505 2428 1727 2500 γνωστόν
1755 2423 1785 2479 ἔ
1788 2447 1917 2489 στω,
1954 2424 2035 2481 ὄτι

441 2516 572 2582 μετὰ
600 2516 806 2570 θάνατόν
834 2538 965 2587 μου,
1009 2520 1060 2572 ἕν
1087 2520 1253 2589 ταύτῃ
1281 2528 1345 2594 τῇ
1383 2520 1617 2593 ἐκκλησίᾳ
1657 2519 1937 2577 ἕπὶσκοπος
1965 2518 2031 2571 σὺ

440 2606 498 2656 οὗ
518 2610 590 2675 μὴ
613 2611 798 2682 γενήσῃ
821 2606 906 2663 διά
928 2613 1017 2667 τήν
1039 2612 1256 2669 κνηπίαν
1277 2631 1395 2667 σου.
1409 2615 1571 2665 Τοῦτο
1591 2607 1646 2664 δὲ
1666 2608 1841 2667 ἀληθές
1863 2608 2031 2680 ὑπῆρ-

2150 1964 2451 2035 presbyteri
2481 1965 2724 2034 projecit,
2751 1964 2937 2019 dicens
2962 1983 2973 2017 :
3006 1965 3143 2019 Ecce
3176 1964 3341 2022 babes
3362 1964 3564 2020 solidos
3590 1982 3737 2035 quos

2148 2059 2387 2128 quaesisti
2413 2074 2427 2123 ;
2460 2058 2556 2113 sed
2586 2058 2686 2113 hoc
2715 2058 2808 2111 tibi
2836 2068 3019 2111 uotum
3051 2057 3141 2126 sit,
3183 2057 3304 2127 quia
3334 2067 3457 2127 post
3504 2068 3736 2114 mortem

2148 2163 2324 2203 meam
2358 2158 2409 2202 tu
2444 2149 2599 2217 hujus
2632 2148 2887 2203 Ecclesia:
2918 2149 3203 2218 episcopus
3230 2166 3334 2203 non
3366 2150 3474 2205 eris
3511 2162 3736 2219 propter

2149 2240 2428 2294 avaritiam
2463 2251 2631 2296 tuam.
2677 2240 2752 2294 Ex
2784 2256 2885 2310 qua
2918 2240 3201 2295 sententia:
3254 2242 3482 2296 veritate
3529 2244 3738 2312 colligi-

2148 2339 2234 2385 tur
2279 2330 2425 2399 quia,
2456 2333 2673 2386 cosdem
2704 2331 2903 2386 solidos
2930 2334 3210 2403 presbyter
3239 2349 3336 2403 pro
3380 2336 3733 2405 adipiscendo

2144 2422 2451 2492 episcopatu
2483 2425 2720 2491 parabat.
2769 2424 2876 2479 Sed
2906 2425 2999 2478 viri
3035 2424 3126 2479 Dei
3175 2440 3353 2480 sermo
3398 2428 3675 2493 praevaluit
3701 2470 3719 2493 ,

2142 2527 2265 2567 nam
2297 2514 2437 2570 idem
2468 2515 2810 2570 Constantius
2833 2517 2885 2571 in
2918 2516 3318 2586 presbyteratus
3345 2516 3527 2573 ofﬁcio
3554 2520 3719 2575 vitam

2142 2605 2332 2664 ﬁnivit.

442 2720 558 2770 χεν,
590 2696 667 2753 ὅτι
695 2697 720 2752 ό
747 2699 1103 2773 πρισϐύτιρος
1141 2699 1226 2756 διὰ
1261 2701 1321 2755 τὸ
1360 2702 1631 2770 ἕπιτυχιῐν
1676 2706 1768 2759 τῆς
1798 2700 2081 2756 ἐπισκοπῆς
2121 2697 2181 2751 τὸ
2217 2697 2421 2772 λογαριν
2460 2700 2746 2769 ἡτοίμαζεν.
2782 2700 2958 2755 dum
3000 2700 3142 2774 λόγος
3185 2707 3276 2757 τοῦ
3324 2703 3592 2776 ἀνθρώπου
3630 2712 3729 2764 τοῦ

439 2798 565 2845 Θιοῦ
590 2792 647 2844 οὐ
671 2788 964 2861 διήμαρτινο
1002 2800 1025 2827 ⁸
1056 2793 1107 2846 ἐν
1143 2800 1217 2865 τῷ
1250 2798 1342 2847 τοῦ
1378 2793 1733 2867 πρεσϐυτέρου
1768 2790 1869 2863 γὰρ
1898 2788 2124 2859 τάγματι
2146 2784 2233 2850 ὧν,
2262 2788 2319 2842 τὸ
2345 2798 2436 2849 τῆς
2462 2792 2735 2863 παρούσης
2758 2795 2889 2853 ζωῆς
2917 2794 3058 2851 τέ).ος
3079 2791 3299 2855 ἐδέξατο-

506 2879 582 2935 Ἐν
626 2879 758 2954 ἄλλῳ
796 2886 962 2937 τοίνυν
1000 2891 1164 2956 καιρῷ
1190 2881 1282 2938 δύο
1311 2887 1443 2945 τινός
1487 2885 1663 2939 Γότθοι
1682 2922 1699 2949 ,
1724 2884 1774 2936 ἔν
1799 2881 2028 2952 Ῥαϐέννῃ

435 2973 705 3041 φάσκοντες
736 2975 1062 3050 ἀπέρχεσθαι
1086 3014 1101 3039 ,
1130 2976 1274 3050 παρὰ
1302 2984 1374 3045 τῷ
1404 2975 1533 3049 ἁγίῳ
1562 2978 1731 3045 τούτῳ
1769 2972 1917 3048 ἀνδρί
1953 2977 2030 3033 εἰς

435 3068 585 3129 μονήν
606 3060 994 3133 ὑπεδέχθησαν.
1013 3066 1325 3138 Προπέμπων
1347 3064 1400 3120 δὲ
1421 3067 1632 3129 αὐτοὺς,
1648 3066 1821 3137 μικρὸν
1844 3070 2028 3123 σκεῦος

434 3156 622 3219 ξύλινον
650 3155 784 3211 οἴνου
824 3160 1067 3231 γεμίσας,
1100 3167 1162 3233 τῇ
1201 3160 1363 3233 οἰκείᾳ
1387 3162 1529 3233 χειρὶ
1554 3160 1755 3218 τούτοις
1782 3155 2028 3213 ἐπιδᾶδω-

2208 2877 2333 2934 Alio
2362 2894 2580 2951 quoque
2607 2892 2851 2951 tempore
2876 2884 2984 2937 duo
3010 2883 3076 2936 ad
3125 2898 3248 2939 eum
3280 2884 3438 2940 Gellii
3487 2886 3727 2956 hospita-

2136 2968 2301 3024 litatis
2329 2971 2500 3039 gratia
2543 2983 2838 3040 venerunt,
2884 2973 2971 3043 qui
3006 2974 3313 3029 Ravennam
3349 2991 3408 3031 se
3461 2977 3727 3034 festinare

2134 3061 2365 3131 professi
2388 3070 2531 3117 sunt.
2560 3062 2768 3130 Quibus
2807 3066 2921 3136 ipse
2944 3080 3167 3135 parvum
3209 3082 3305 3121 vas
3331 3067 3562 3138 ligneum
3596 3069 3728 3124 vino

2135 3154 2352 3223 plenum
2384 3169 2544 3210 manu
2571 3170 2667 3211 sua
2699 3157 2950 3225 praebuit,
2978 3158 3119 3228 quod
3162 3159 3386 3216 fortasse
3416 3161 3465 3217 in
3494 3160 3725 3230 prandio

434 3264 535 3302 κιν·
572 3246 702 3323 ὅπερ
746 3252 796 3302 ἐν
837 3258 899 3324 τῇ
934 3248 1035 3322 ὁδῷ
1086 3252 1411 3325 ἀριστώντων
1451 3251 1617 3306 αὐτῶν
1669 3249 1797 3310 ἴσως
1819 3250 2026 3325 ἀρκέσαι

2146 3245 2341 3302 itineris
2361 3246 2565 3304 habere
2608 3249 2955 3318 potuissent:
2986 3266 3051 3306 ex
3081 3268 3188 3322 quo
3236 3252 3313 3306 illi
3366 3253 3721 3324 quoadusque

433 3340 603 3399 αὐτοῖς
626 3341 867 3399 ἠδύνατο.
898 3339 1027 3401 Ἐως
1055 3337 1113 3395 οὗ
1149 3340 1202 3397 δέ
1236 3344 1286 3398 ἐν
1312 3341 1541 3417 Ῥαϐέννῃ
1570 3344 1814 3406 εἰσῆλθον,
1870 3342 2027 3414 3min-

432 3428 528 3490 λῶς
559 3427 575 3466 ί
610 3431 660 3495 ἐξ
695 3434 853 3488 αὐτοῦ
882 3437 1135 3501 πίνοντες,
1165 3439 1249 3489 καὶ
1279 3436 1328 3488 ἐν
1517 3443 1581 3511 τῇ
1610 3436 1749 3492 πόλει
1777 3434 1831 3490 δὲ
1856 3436 2029 3509 ὀλίγας

432 3522 626 3595 ἡμέρας
662 3521 1045 3599 διατρίψαντες,
1072 3526 1097 3580 ὁ
1126 3530 1272 3601 παρά
1314 3535 1406 3582 τοῦ
1438 3530 1585 3601 ἀγίου
1613 3530 1798 3585 τούτου
1847 3526 2030 3603 ἀνδρὸς

432 3612 591 3675 δοθιίς
616 3618 790 3676 αὐτοῖς
819 3613 947 3677 οἶνος
988 3618 1038 3670 ἐν
1064 3625 1135 3687 τῷ
1164 3626 1189 3663 Β
1219 3621 1512 3689 σεμνοτάτῳ
1542 3622 1737 3682 σκεύιι,
1772 3620 1829 3671 οὐ
1854 3616 2029 3672 διέλει-

432 3706 545 3777 ψεν·
579 3709 704 3763 ἀλλά
724 3712 806 3763 καὶ
826 3708 1249 3781 ὑποστρέψαντες
1278 3712 1407 3787 πρὸς
1435 3711 1610 3778 αὐτὸν,
1640 3711 1832 3785 ἤγαγον
1856 3712 1909 3763 ix
1933 3716 2025 3765 τοῦ

433 3801 591 3853 αὐτοῦ
614 3796 766 3864 οἴκου,
791 3798 897 3855 καθ’
919 3800 1110 3873 ἡμέραν
1135 3802 1203 3859 εἰς
1224 3802 1368 3874 κόρον
1388 3806 1635 3867 πίνοντες,
1666 3804 1747 3854 καί
1772 3799 2026 3870 μηδέποτε

434 3896 483 3946 ἐν
510 3898 583 3963 τῷ
610 3894 750 3963 αὐτῷ
795 3894 969 3947 σκεύει
1013 3894 1337 3957 ἐπιϐαλόντες
1356 3909 1372 3924 ⁹
1404 3891 1433 3931 ιι
1478 3894 1583 3950 ἀλλ’
1603 3897 1672 3956 ὡς
1700 3895 1784 3949 ἵνα
1823 3892 2028 3967 ἔϐρυεν,

434 3984 565 4038 οὕτω
597 3981 851 4057 διήρκεσε.

505 4162 672 4236 Γέρων
700 4186 779 4225 τις
807 4165 1034 4239 κληρικὸς
1055 4206 1069 4229 ,
1101 4166 1291 4241 ἀρτίως
1321 4167 1375 4221 ἔκ
1402 4173 1502 4221 τῶν
1534 4172 1701 4241 μερῶν
1726 4166 1925 4221 ὶκιίνων
1949 4165 2029 4217 ἒν-

434 4256 596 4309 ταῦθα
641 4257 935 4321 κατέλαϐεν,
968 4256 1111 4318 ὅστις
1150 4261 1271 4332 περὶ
1313 4264 1406 4313 τοῦ
1454 4261 1608 4315 αὐτοῦ
1655 4259 1801 4332 ἁγίου
1846 4254 2029 4332 ἀνδρὸς

434 4352 724 4421 Βονιφατίου
773 4358 938 4407 ταῦτα
985 4349 1000 4388 ί
1044 4351 1326 4424 datr/sirm,
1376 4352 1510 4429 ἅπερ
1561 4355 1882 4412 σιωπηθῆναι
1926 4354 2028 4423 οὐχ

505 4489 532 4516 λ
561 4480 775 4558 ψιλὸνιον
801 4482 1016 4550 proprie
1040 4485 1303 4553 accipitur
1326 4501 1424 4554 pro
1445 4496 1593 4541 veste
1620 4501 1772 4558 sacra
1797 4486 2030 4558 maxime

435 4552 498 4603 ad
529 4553 902 4618 episcenorum
933 4564 986 4624 et
1025 4552 1461 4624 presbyterorum
1508 4572 1682 4610 usum.
1717 4556 1853 4610 Vide
1894 4558 2031 4612 Ger-

435 4636 649 4699 manum
703 4623 1272 4699 patriarcham‘CP.,_
1306 4627 1357 4680 in
1411 4628 1705 4699 Mystagog.
1753 4626 1821 4699 Et
1858 4628 2024 4699 emin.

437 4693 583 4767 card.
611 4691 780 4758 Bona,
806 4691 1006 4767 Rerum
1032 4696 1231 4767 Liturg.
1262 4697 1296 4751 Ι.
1319 4715 1359 4765 t,
1386 4712 1436 4754 ο.
1464 4691 1559 4762 Et,
1586 4691 1737 4752 nunt.
1765 4697 1819 4750 8.
1845 4698 2028 4764 Quan-

437 4762 610 4837 doque
636 4773 810 4819 tamen
831 4766 1051 4837 φελόνιον
1072 4779 1154 4822 est
1176 4762 1551 4824 vestimentum
1572 4762 2023 4824 commune—idem

434 4832 742 4908 signiﬁcans
790 4832 931 4903 quod
986 4839 1174 4892 Latine
1238 4841 1462 4908 penula;
1532 4856 1639 4907 quo
1707 4839 1924 4894 nomine
1978 4843 2027 4892 iu

437 4903 789 4977 scriptoribus
818 4915 1001 4962 nostro
1030 4903 1289 4977 Gregorio
1312 4903 1507 4965 eozevis
1534 4903 1639 4964 non
1672 4925 1794 4964 raro
1825 4909 2026 4963 intelli—

436 4972 581 5051 gitur
610 4976 777 5051 vestis
806 4978 966 5030 etiam
1018 4972 1223 5051 vilioris
1262 4996 1450 5049 genus.
1493 4980 1654 5051 Creg.
1689 4981 1845 5045 'l‘ur.,
1891 4981 1930 5035 Ι.
1965 4981 2030 5033 de

444 5042 684 5126 VII..\‘8L
726 5045 894 5114 Pam,
924 5062 973 5102 c.
1006 5047 1059 5113 4,
1091 5051 1163 5103 ita
1193 5042 1467 5126 susciperet
1496 5042 1738 5119 penulam
1764 5042 2025 5118 panperis,

435 5130 497 5165 ac
512 5123 565 5189 Διι
582 5127 923 5189 perteraretur
954 5132 1120 5189 togam
1150 5123 1346 5174 militis.

512 5183 538 5222 ¹³
571 5185 747 5266 golle
782 5190 866 5266 lii;
892 5194 974 5266 τόν
1000 5183 1211 5266 οὐρανὸν
1240 5193 1445 5262 ἤρξατο.

513 5266 534 5332 ξ
568 5257 745 5332 βοῶ..
777 5257 1105 5332 ἔπενδύματί.

508 5326 533 5405 ‘,’
568 5328 731 5405 Ξείθίιιν
760 5339 827 5405 τῇ
856 5326 1042 5405 ἡμέρᾳτ

512 5404 535 5477 ξ
568 5396 717 5477 μζϐη
753 5396 905 5477 ὁῂγάρ
927 5396 1426 5477 αὺτὸςιιωνστάντιος
1453 5400 1499 5455 ἐν
1527 5408 1599 5473 τῷ
1626 5409 1740 5458 τοῦ.

512 5464 532 5502 ί
568 5465 732 5523 Iidem
764 5464 921 5536 Clit-1:,
952 5475 1002 5537 ἐξ
1032 5477 1192 5529 αὐτοῦ
1225 5472 1419 5526 ἔπινον.

508 5544 535 5615 ς
569 5537 722 5615 lleg.,
754 5546 1059 5615 μικροτὰτῳ.

509 5604 533 5688 ξ
568 5604 725 5688 Heg,
754 5604 881 5688 ἀλΧά
908 5604 1125 5676 ἀενέάως
1147 5613 1625 5686 βλυστὸινωνσῦτως
1652 5613 1935 5688 διήρκεσεν.

516 5677 530 5754 ξ
563 5679 740 5754 Colb.,
770 5682 1071 5754 διηγήσατο.

511 5748 527 5795 ἐ
572 5747 816 5822 ΙιιιςΙΙίεὶι
860 5747 1052 5807 ἀυγεω
1101 5754 1167 5808 de
1233 5754 1424 5822 quibus
1479 5769 1661 5822 supra.
1724 5756 1795 5809 De
1851 5754 2022 5808 solido

436 5834 599 5875 aureo
640 5820 879 5879 (IasSiod.
912 5823 946 5877 l.
977 5840 988 5876 ι
1016 5825 1166 5889 Van.
1194 5820 1349 5894 epist.
1386 5827 1445 5880 l0
1481 5845 1492 5879 ε
1528 5820 1635 5882 Sex
1665 5829 1827 5882 millia
1877 5831 2022 5880 derut-

2056 4662 2106 4721 D

2135 3337 2447 3396 Ravennam
2480 3342 2848 3410 pervenirent,
2882 3341 2909 3380 ιί
2944 3342 3196 3399 biberunt
3228 3341 3407 3398 Gethi.
3464 3344 3728 3415 Aliquan-

2133 3431 2204 3486 tis
2233 3441 2415 3488 autem
2448 3431 2637 3489 diebus
2680 3434 2734 3490 in
2775 3436 2962 3491 eadem
3012 3436 3231 3491 civitate
3262 3437 3452 3492 morati
3494 3446 3637 3500 sunt,
3667 3446 3727 3491 et

2136 3522 2327 3577 vinum
2382 3526 2525 3591 quod
2555 3537 2585 3576 a
2616 3534 2803 3581 sancto
2833 3525 2950 3579 viro
2978 3538 3297 3593 acceperant
3321 3569 3336 3592 ,
3388 3526 3621 3595 quotidie
3668 3526 3726 3579 in

2138 3626 2237 3665 usu
2276 3612 2605 3669 habuerunt.
2631 3615 2827 3684 Sicque
2858 3630 3027 3684 usque
3056 3616 3121 3669 ad
3162 3618 3409 3671 eumdem
3441 3618 3727 3671 venerabi-

2132 3703 2237 3759 lem
2283 3704 2504 3761 Patrem
2541 3704 2559 3743 ι
2594 3706 2843 3762 Ferentis
2900 3707 3103 3761 reversi
3151 3717 3294 3771 sunt,
3338 3718 3396 3762 ut
3439 3711 3587 3764 nullo
3638 3711 3732 3766 die

2132 3804 2413 3851 cessarent
2439 3797 2648 3865 bibere,
2677 3810 2731 3853 et
2763 3808 2942 3852 tamen
2968 3798 3148 3853 vinum
3171 3802 3249 3854 eis
3277 3813 3341 3854 ex
3375 3798 3464 3853 illo
3500 3804 3728 3858 vasculo

2131 3902 2401 3957 nunquam
2458 3889 2714 3955 deesset,
2753 3904 2815 3944 ac
2854 3889 2899 3943 si
2945 3889 2997 3943 in
3045 3889 3138 3944 illo
3190 3904 3320 3946 vase
3352 3892 3529 3959 ligneo
3577 3894 3723 3962 quod

2133 3978 2430 4049 Episcopus
2473 3978 2721 4047 dederat,
2748 3979 2934 4035 vinum
2982 3995 3090 4036 non
3121 3991 3429 4052 augeretur,
3457 3982 3570 4050 ﬁsed
3600 3999 3726 4039 nas-

2132 4077 2368 4124 θοι-οων.

2222 4161 2406 4231 Nuper
2448 4176 2664 4233 quoque
2705 4163 2774 4218 de
2813 4164 3053 4231 ejusdem
3096 4162 3198 4218 loci
3259 4166 3498 4230 partibus
3546 4180 3716 4221 senex

2134 4254 2351 4325 quidam
2380 4256 2609 4311 clericus
2656 4256 2895 4321 advenit,
2923 4255 3015 4326 qui
3058 4270 3119 4310 ea
3146 4254 3215 4310 de
3243 4255 3335 4310 illo
3365 4264 3565 4319 narrat,
3599 4272 3725 4324 qure

2134 4346 2351 4403 silentio
2376 4363 2482 4402 non
2504 4356 2629 4403 sunt
2654 4347 2967 4417 premenda.
3016 4346 3149 4401 Nam
3175 4346 3305 4401 dicit
3328 4349 3468 4417 quod
3495 4347 3724 4416 quadam

2134 4486 2330 4540 riorum
2372 4484 2598 4539 solidum
2636 4499 2743 4537 esse
2770 4482 3038 4536 voluerunt
3068 4482 3318 4553 (veteres)
3341 4483 3532 4536 scilicet
3560 4491 3612 4533 ut
3641 4500 3728 4534 ra-

2135 4558 2324 4609 diantis
2370 4554 2562 4609 metalli
2590 4554 2812 4621 formata
2833 4554 3120 4607 rotunditas
3149 4562 3348 4605 trlatem
3375 4554 3553 4604 mundi
3579 4555 3729 4620 quasi

2135 4629 2211 4681 sol
2232 4644 2419 4680 aureus
2448 4626 2795 4678 convenienter
2817 4624 3120 4677 includeret.
3141 4623 3271 4676 Vide
3286 4622 3451 4691 Cang.
3468 4622 3521 4676 in
3539 4623 3721 4676 Gloss.

2135 4710 2186 4754 et
2218 4706 2368 4752 notas
2394 4698 2447 4751 in
2478 4693 2647 4764 Epist.
2668 4696 2759 4750 ubi
2801 4695 2869 4749 de
2907 4694 3077 4749 solido
3109 4709 3253 4764 sape
3283 4694 3537 4763 loquendi
3564 4707 3726 4748 occa-

2133 4782 2234 4824 SIO.

2206 4838 2229 4875 ¹ί
2265 4836 2428 4903 Editi,
2460 4836 2712 4890 biberunt.
2744 4833 2899 4889 Gothi
2926 4847 3096 4888 autem
3146 4835 3422 4901 aliquantis
3444 4874 3459 4896 ,
3515 4841 3723 4887 mutata

2133 4909 2392 4963 Codicum
2418 4922 2548 4962 mss.
2575 4908 3030 4973 interpunctione.
3061 4906 3116 4957 In
3148 4905 3311 4958 duob.
3340 4906 3511 4969 Δηὼ,
3548 4904 3720 4971 Bigot.

2133 4988 2187 5033 et
2212 4978 2458 5044 PratelL,
2484 4993 2583 5047 pro
2603 4978 2855 5041 biberunt,
2892 4976 3085 5043 legitur
3111 4974 3356 5047 biberent.

2212 5049 2229 5086 Ῑ
2259 5049 2367 5106 Sex
2394 5044 2522 5102 mss.
2548 5048 2732 5101 Norm.
2754 5087 2769 5110 ,
2817 5049 3057 5113 ferentes,
3083 5045 3275 5113 quibus
3317 5044 3592 5099 accenseri
3624 5059 3720 5109 pn-

2137 5129 2243 5175 test
2268 5119 2383 5173 Val.
2412 5117 2517 5186 CL,
2567 5118 2656 5172 ubi
2690 5118 2902 5186 legitur,
2949 5118 3253 5186 deferentes.
3302 5116 3550 5182 Plerique
3587 5114 3725 5186 Editi

2137 5192 2322 5246 Norm.
2348 5205 2480 5243 mss.
2507 5185 2872 5243 Consentium.
2903 5188 3152 5241 Plurima:
3181 5194 3306 5239 sunt
3338 5186 3498 5240 urbes
3530 5186 3584 5237 in
3619 5185 3731 5236 Ita-

2134 5264 2201 5315 lia
2226 5276 2343 5331 quae
2370 5259 2673 5331 Ferentum,
2699 5258 2961 5318 Ferentio.
2990 5256 3357 5331 Ferentanum,
3376 5253 3727 5331 Ferentinum

2134 5327 2407 5396 dicuntur,
2432 5332 2546 5385 sive
2578 5331 2628 5382 in
2652 5329 2863 5398 Apulia,
2890 5330 3002 5382 sive
3050 5327 3101 5381 iu
3135 5328 3305 5398 Latio,
3346 5328 3461 5380 sive
3491 5327 3543 5378 in
3572 5328 3727 5398 Etru-

2137 5404 2235 5455 ria.
2266 5402 2433 5456 Porro
2475 5416 2536 5455 ea
2581 5401 2649 5454 de
2704 5395 2807 5468 qua
2857 5403 2942 5452 hic
2992 5400 3170 5467 agitur
3226 5395 3487 5461 Fel-entia,
3543 5406 3627 5468 est
3668 5396 3722 5448 in

2139 5471 2372 5536 Etruria,
2406 5472 2535 5525 olim
2586 5467 2932 5539 episeopalis,
2983 5470 3067 5523 cui
3123 5468 3449 5539 Viterbium,
3485 5467 3721 5535 quinque

2138 5553 2342 5598 tantum
2397 5542 2529 5595 mill.
2584 5538 2830 5597 distans.
2882 5540 2933 5593 in
2988 5540 3117 5593 sede
3162 5538 3453 5606 episc0pa|i
3508 5552 3721 5591 succes-

2136 5615 2226 5668 sit.
2272 5613 2347 5666 De
2385 5612 2519 5666 urbe
2544 5611 2751 5665 Tuscia:
2779 5612 2891 5664 sive
2934 5610 3162 5663 Etruria:
3215 5609 3357 5677 loqui
3405 5607 3724 5675 Gregorium

2135 5702 2201 5738 cx
2234 5686 2315 5737 liis
2339 5680 2513 5737 verbis
2539 5726 2553 5746 ,
2595 5697 2715 5751 qua:
2766 5690 2924 5748 caput
2974 5691 3245 5751 octavum
3276 5679 3532 5751 claudunt
3563 5678 3725 5729 maui-

2137 5755 2328 5808 festum
2357 5763 2441 5807 est
2481 5770 2498 5810 :
2543 5748 2626 5809 Vis
2660 5751 2746 5806 tibi
2772 5751 2967 5822 aliquid
2995 5752 3057 5805 de
3094 5750 3297 5804 Tuscia:
3330 5748 3560 5820 partibus
3608 5763 3720 5799 uar-

2134 5840 2263 5895 rem,
2290 5835 2395 5879 etc.
