3934 6316
130 291 206 349 Ιθῖ
1398 293 1723 351 DIALOGOI

1830 295 1844 350 Ι
1886 297 2088 355 LIBER
2125 300 2164 354 1.

3308 303 3411 359 198

125 414 201 468 die
237 413 518 481 ingressus
546 409 793 478 hortum,
823 423 1011 480 magna
1042 409 1186 465 hunc
1221 417 1246 447 ⁸
1279 425 1455 466 erecte
1480 411 1719 466 multitu-

1830 417 2042 486 ἠγοῦμαι
2071 415 2279 471 δίκαιον.
2321 411 2490 490 Ἔλεγε
2519 418 2640 494 γὰρ,
2668 416 2751 473 ὅτι
2779 417 2829 473 ἔν
2848 425 2941 492 μ.ιᾷ
2971 421 3135 496 ἡμέρᾳ
3164 422 3409 479 εἰσελθόν-

126 507 240 560 dine
279 502 490 557 invenit
515 515 642 556 esse
668 511 983 570 coopertum
1018 517 1032 554 :
1081 504 1170 570 qui
1198 514 1359 556 omne
1388 501 1506 556 olus
1545 502 1718 570 depe-

126 597 226 651 rire
245 593 619 663 conSpiciens,
635 593 700 646 ad
725 592 942 647 easdem
973 606 1164 647 erucas
1193 607 1514 657 conversus,
1537 592 1671 647 dixit
1702 610 1716 646 :

127 687 324 754 Adjuro
338 699 438 738 vos
463 685 517 738 in
546 685 765 737 nomine
792 683 1001 737 Domini
1027 682 1118 737 Dei
1143 684 1314 738 nostri
1342 683 1473 738 Jesu
1492 684 1717 751 Christi,

129 775 360 832 recedite
383 774 712 842 biuc,atqne
738 774 852 828 haec
877 775 1023 827 olera
1048 774 1336 828 comedere
1369 774 1560 829 nolite.
1582 774 1718 840 Qua:

130 868 300 921 statim
334 867 406 919 ad
442 864 546 919 viri
577 864 668 918 Dei
700 864 924 918 verbum
956 863 1026 917 ita
1056 876 1245 917 omnes
1289 875 1522 930 egressae
1551 873 1716 929 sunt,

133 970 184 1014 at
227 974 295 1013 ne
323 973 434 1012 una
466 957 691 1025 quidem
727 956 868 1008 intra
913 954 1146 1024 spatium
1195 954 1336 1008 horti
1389 965 1718 1010 remaneret.

136 1053 232 1107 Sed
263 1052 394 1121 quid
420 1051 619 1104 mirum
651 1051 793 1118 quod
827 1049 938 1102 haec
967 1050 1032 1104 de
1054 1050 1399 1119 episcopatus
1426 1049 1546 1119 ejus
1578 1058 1719 1103 tem-

138 1158 261 1213 pore
309 1156 629 1206 narramus,
679 1141 896 1210 quando
933 1141 1041 1209 jam
1100 1140 1239 1209 apud
1295 1143 1718 1211 omnipotentem

139 1237 297 1291 Deum
345 1235 542 1289 ordine
583 1233 743 1287 simul
792 1245 844 1288 et
876 1235 1113 1288 moribus
1159 1245 1419 1297 creverat,
1452 1235 1576 1289 dum
1631 1235 1719 1288 illa

142 1325 303 1392 magis
334 1323 587 1377 miranda
641 1323 748 1376 sint
799 1339 918 1391 qua:
972 1338 1095 1375 eum
1151 1323 1236 1377 hic
1279 1338 1440 1377 senex
1494 1324 1720 1378 clericus

143 1416 307 1469 adhuc
337 1415 628 1483 puerulum
680 1414 873 1467 fecisse
905 1415 1174 1468 testatur?
1203 1415 1334 1468 Nam
1384 1415 1459 1470 ait
1483 1417 1622 1485 quod
1657 1432 1722 1470 co

146 1520 378 1575 tempore
411 1521 524 1575 quo
551 1520 672 1560 cum
721 1513 893 1558 matre
923 1520 1022 1560 sua
1055 1521 1186 1575 puer
1215 1506 1507 1571 habitabat,
1541 1523 1722 1576 egres-

144 1614 226 1652 sus
257 1597 576 1666 hospitium,
613 1611 991 1664 nonnunquam
1016 1597 1133 1652 sine
1163 1597 1529 1663 linea,crebro
1559 1601 1721 1652 etiam

146 1690 253 1744 sine
285 1691 464 1743 tunica
515 1689 908 1752 revertebatur,
945 1691 1097 1761 192
1128 1690 1246 1757 quia
1277 1705 1403 1745 mox
1435 1701 1487 1745 ut
1521 1693 1720 1748 nudum

146 1785 445 1852 quempiam
470 1781 783 1850 reperisset,
815 1781 838 1818 ι)
868 1782 1124 1836 vestiebat
1150 1783 1310 1849 hunc,
1334 1799 1391 1839 se
1417 1786 1719 1854 expolians,

146 1887 198 1929 ut
225 1893 284 1930 se
304 1886 430 1928 ante
453 1874 550 1928 Dei
583 1874 764 1927 oculos
792 1884 813 1912 ε
847 1874 984 1928 illius
1013 1876 1257 1930 mercede
1282 1879 1520 1933 vestiret.
1551 1885 1718 1947 Quem

148 1977 313 2022 mater
336 1982 434 2020 sua
467 1965 779 2032 frequenter
809 1965 1086 2034 increpare
1111 1979 1462 2024 consueverat
1489 2011 1504 2035 ,
1535 1972 1721 2028 dicens

145 2060 279 2129 quod
306 2059 514 2129 justum
566 2075 672 2112 nun
728 2068 871 2112 esset
921 2067 977 2112 ut
1016 2058 1128 2127 ipse
1181 2060 1339 2129 inops
1395 2064 1722 2132 pauperibus

146 2152 458 2205 vestimenta
493 2148 804 2220 largiretur.
837 2149 965 2216 Quae
995 2151 1080 2205 die
1106 2152 1331 2220 quadam
1361 2153 1617 2209 horreum
1642 2157 1722 2209 in-

145 2259 344 2313 gressa,
376 2258 513 2310 pene
553 2257 710 2296 omne
761 2243 992 2297 triticum
1023 2245 1164 2315 quod
1193 2245 1293 2304 sibi
1343 2246 1397 2299 in
1453 2249 1722 2316 stipendio

150 2343 308 2391 totius
336 2337 465 2391 anni
502 2344 802 2405 paraverat,
834 2336 1038 2392 invenit
1064 2353 1094 2391 a
1125 2338 1236 2392 (ilio
1269 2353 1368 2393 suo
1400 2342 1724 2409 pauperibus

147 2444 467 2497 expensum.
513 2426 748 2497 Cumque
815 2429 1157 2498 semetipsam
1211 2431 1380 2497 alapis
1428 2446 1724 2501 pugnisque

147 2521 426 2583 tunderet,
460 2520 596 2589 quod
630 2521 776 2589 quasi
807 2521 932 2574 anni
964 2521 1200 2575 subsidia
1251 2523 1592 2592 perdidisset,
1635 2541 1724 2581 su-

147 2614 396 2680 pervenit
426 2614 724 2668 Banifacius
755 2629 887 2682 puer
914 2613 1027 2687 Dei,
1055 2629 1280 2685 eamque
1326 2617 1503 2672 verbis
1532 2619 1726 2687 quibus

148 2705 313 2758 valuit
336 2706 601 2759 consolari
631 2706 814 2774 cmpit.
838 2705 968 2770 Qum
997 2721 1116 2761 cum
1166 2709 1298 2762 nihil
1336 2711 1726 2767 consolationis

147 2801 478 2866 admitteret,
500 2801 641 2855 hanc
669 2801 877 2870 rogavit
906 2810 961 2854 ut
989 2800 1054 2856 ab
1087 2802 1278 2857 horreo
1308 2805 1461 2859 exire
1503 2804 1726 2862 debuis-

147 2903 254 2959 set,
281 2895 457 2962 inquo
478 2908 544 2947 ex
570 2893 718 2948 omni
747 2908 931 2946 eorum
955 2893 1131 2948 tritico
1164 2911 1349 2961 parum
1380 2896 1508 2966 quid
1540 2897 1727 2953 inven-

149 2990 262 3035 tum
290 2992 373 3036 est
397 2985 746 3037 remansisse.
778 2983 917 3038 Puer
945 2993 1122 3038 autem
1156 2983 1247 3038 Dei
1275 3000 1396 3043 sese
1425 2987 1533 3042 illic
1564 2989 1728 3058 prori-

151 3087 248 3125 nus
280 3073 332 3124 in
360 3073 662 3128 orationem
691 3073 859 3140 dedit,
887 3076 975 3141 qui
1004 3083 1122 3143 post
1151 3076 1425 3145 paululum
1450 3092 1724 3147 egressus,

1819 527 1908 565 τος
1945 509 2097 561 αὐτοῦ
2137 509 2208 567 εἰς
2258 510 2344 567 τὸν
2390 524 2580 573 κῆπον,
2609 506 2724 583 εὗρε
2763 511 2892 564 πολύ
2942 511 3127 573 πλῆθος
3176 513 3406 584 κάμπης,

1820 597 1954 652 ὥστε
1976 596 2087 651 ὅλον
2105 599 2195 653 τὸν
2219 607 2377 657 κῆπον
2403 604 2776 664 σκεπασθῆναι,
2798 607 2900 655 πᾶν
2928 601 2980 656 δὲ
3001 603 3228 672 λάχανον
3251 607 3410 661 ἀπολ-

1819 688 2030 761 λύμενον
2059 694 2385 761 θεασάμενος,
2418 693 2549 766 πρὸς
2589 699 2680 750 τὸν
2721 695 2872 752 αύτην
2913 696 3117 764 κάμπην
3166 698 3406 772 ἐπιστρα-

1822 784 1944 853 φεὶς,
1982 777 2136 835 εἶπεν·
2169 781 2382 854 Ὁρκίζω
2411 784 2548 850 ύμᾶς
2586 784 2636 837 ἐν
2667 793 2738 853 τῷ
2766 785 2970 853 ὀνόματι
2996 791 3086 839 τοῦ
3118 790 3293 860 κυρίου
3329 792 3411 844 καὶ

1822 880 1950 928 Θεοῦ
1980 877 2065 929 καὶ
2095 884 2322 951 σωτῆρος
2350 877 2488 944 ἡμῶν
2516 874 2686 934 ἰησοῦ
2714 884 2958 950 Χριστοῦ,
2984 886 3008 924 8
3029 880 3410 955 ἀναχωρήσαῑε

1822 963 2045 1018 ἐντεῦθεν
2071 1007 2086 1029 ,
2118 968 2203 1019 καὶ
2236 966 2294 1021 τὸ
2331 965 2553 1035 λάχανον
2597 975 2752 1022 τοῦτο
2791 975 2968 1039 eae/32v
3008 975 3076 1040 μὴ
3101 971 3409 1041 τολμήσητε.

1819 1051 1895 1110 Ἐν
1923 1054 1977 1110 δὲ
2004 1063 2076 1126 τῷ
2104 1057 2235 1128 λόγῳ
2261 1065 2351 1110 τοῦ
2380 1058 2643 1130 ἀνθρώπου
2671 1064 2764 1113 τοῦ
2795 1065 2922 1112 Θεοῦ
2962 1061 3139 1120 εὐθέως
3183 1061 3319 1116 ἅπαν
3352 1063 3413 1118 τὸ

1822 1150 2007 1212 πλῆθος
2057 1153 2208 1205 ἐκεῖνο
2253 1153 2480 1216 ἐξῆλθεν,
2513 1154 2642 1208 ὥστε
2681 1152 2806 1221 μηδὲ
2846 1153 2896 1206 ἓν
2933 1154 3070 1208 ἔνδον
3117 1163 3210 1211 τοῦ
3243 1161 3411 1216 κήπου

1821 1243 2113 1309 ἀπομεῖναι.
2144 1248 2202 1296 Ti
2227 1241 2279 1296 δὲ
2308 1245 2620 1312 θαυμαστὸν,
2655 1242 2735 1299 ὅτι
2775 1252 2942 1300 ταῦτα
2988 1245 3120 1320 ἅπερ
3149 1249 3198 1300 ἐν
3220 1257 3292 1321 τῷ
3321 1258 3413 1310 τῆς

1826 1334 2112 1393 ἐπισκοπῆς
2139 1337 2294 1389 αὐτοῦ
2321 1337 2494 1406 χρόνῳ
2519 1339 2758 1394 πεποίηκε
2782 1337 3112 1409 διηγούμεθα,
3138 1336 3164 1375 δ
3194 1339 3274 1394 ὅτε
3305 1343 3411 1412 χά-

1824 1446 1927 1498 ριτι
1975 1434 2067 1480 τοῦ
2119 1425 2509 1497 παντοδυνοὶμου
2551 1436 2702 1490 Θεοῦ,
2732 1433 2826 1484 σύν
2871 1439 2943 1503 τῷ
2989 1441 3080 1492 τῆς
3129 1435 3414 1503 ἱερωσύνης

1823 1520 2049 1589 τάγματι
2093 1521 2179 1572 καὶ
2226 1526 2334 1579 τοῖς
2381 1521 2630 1589 θαύμασιν
2672 1519 2780 1590 ἅμα
2809 1523 3128 1587 ἐπηύξησεν;
3162 1527 3324 1580 ἐκεῖνα
3359 1525 3415 1581 δᾶ

1824 1609 2217 1681 θαυμασιώτερα
2245 1609 2432 1680 μᾶλλον
2462 1612 2798 1684 ὑπάρχουσιν
2824 1655 2838 1678 ,
2873 1612 3008 1686 ἅπερ
3048 1617 3210 1685 ἀκμην
3237 1620 3415 1674 νηπίου
3483 1623 3485 1626 ⁴

1827 1703 1984 1757 αὐτοῦ
2015 1699 2156 1763 ἰντος
2184 1704 2502 1759 πεποιηκέναι
2532 1705 2683 1757 αὐτὸν
2710 1705 2989 1779 ἐμαρτύρει
3018 1704 3043 1759 ὁ
3067 1707 3226 1780 γέρων
3265 1705 3416 1770 οὗτος

1755 1783 1800 1841 Β
1827 1791 1852 1846 ὁ
1883 1793 2130 1864 κληρικός.
2159 1790 2329 1864 ’Ἔλεγε
2371 1795 2468 1864 γὰρ
2493 1797 2613 1868 περί
2641 1796 2823 1859 αὐτοῦ,
2860 1793 2942 1849 ὄτι
2967 1794 3045 1850 ἔτι
3065 1800 3206 1870 παρά
3232 1807 3291 1872 τῇ
3315 1822 3412 1869 μη-

1824 1887 1907 1957 τρὶ
1935 1882 2021 1946 ὢν,
2044 1885 2176 1937 πάνυ
2205 1888 2378 1942 νήπιος
2401 1885 2683 1958 ὑπάρχων,
2702 1885 3033 1958 ἐξερχόμενος
3063 1889 3120 1939 ὲκ
3151 1895 3241 1941 τοῦ
3274 1887 3412 1943 οἴκου

1826 1979 2006 2040 αὐτοῦ,
2038 1978 2160 2030 ποτε
2189 1979 2278 2045 μὲν
2308 1974 2425 2030 ἄνευ
2462 1975 2476 2012 ί
2507 1978 2854 2049 ύποκαμισίου
2882 2020 2896 2042 ,
2931 1982 3054 2034 ποτὲ
3082 1977 3135 2033 δὲ
3161 1977 3277 2034 ἄνευ
3305 2002 3418 2038 στι·

1826 2066 2018 2138 χαρίου
2057 2065 2208 2133 191
2239 2065 2571 2137 ὑπέστρεφεν.
2605 2069 2770 2119 Ἢνίκα
2797 2068 2892 2141 γὰρ
2921 2064 3108 2137 γυμνόν
3137 2091 3251 2123 τινα
3279 2071 3417 2127 ἐθεά-

1828 2176 1958 2210 σατο
1986 2194 2000 2216 ,
2030 2153 2379 2224 ἀποδυόμενος
2414 2154 2545 2225 ἅπερ
2589 2158 2833 2227 ἠμφίεστο
2856 2198 2867 2213 .
2898 2165 3076 2211 τοῦτον
3112 2159 3296 2225 ἐνέδυε,
3327 2163 3418 2223 μὸ-

1826 2266 1929 2305 νοις
1958 2253 2064 2304 τοῖς
2108 2251 2200 2300 τοῦ
2245 2243 2625 2314 παντοδννάμου
2658 2252 2784 2300 Θεοῦ
2815 2247 3078 2315 ὀφθαλμοῖς
3111 2257 3263 2303 τοῦτο
3293 2272 3416 2306 κατ-

1825 2339 2130 2393 οπτεύεσθαι
2183 2337 2373 2401 θέλων,
2421 2335 2544 2410 παρ’
2602 2334 2660 2390 οῦ
2710 2342 2791 2390 καὶ
2840 2340 2926 2394 τὸν
2983 2342 3160 2409 μισθὸν
3209 2343 3411 2408 ἤλπιζε.

1827 2431 2160 2503 Συχνοτέρως
2209 2426 2262 2482 δὲ
2316 2431 2459 2501 παρὰ
2514 2437 2606 2487 τῆς
2659 2429 2846 2489 οἰκείας
2899 2432 3090 2503 μητρὸς
3139 2427 3414 2506 ἐπετιμὰτο

1827 2521 2092 2596 λεγούσης,
2126 2527 2194 2592 μή
2227 2517 2353 2575 εἶναι
2377 2519 2586 2586 δίκαιον,
2610 2521 2760 2575 αὐτὸν
2781 2519 2918 2579 ἐνδεῆ
2947 2522 3276 2593 ὑπάρχοντα,
3303 2533 3417 2585 τοῖς

1827 2622 2058 2684 πτωχοῖς
2095 2612 2355 2682 ἐνδύματα
2396 2610 2688 2688 δωρεῖσῧαι.
2737 2621 2810 2665 Ἑν
2860 2619 2953 2682 μιᾷ
2981 2611 3035 2668 δὲ
3066 2615 3229 2688 ἡμέρᾳ
3257 2618 3322 2675 εἶς
3357 2616 3418 2671 τὸ

1832 2706 2004 2782 ὄρῥεον
2045 2704 2354 2764 εἰσελθοῦσα,
2390 2701 2581 2771 σχεδὸν
2614 2676 2722 2757 ἕλον
2756 2704 2838 2758 τὸν
2881 2710 3022 2757 σῖτον
3051 2701 3102 2756 ὃν
3129 2707 3201 2763 εἰς
3228 2703 3415 2764 διοίκη-

1828 2818 1907 2851 σιν
1932 2802 2021 2850 τοῦ
2044 2792 2182 2849 οἴκου
2213 2796 2368 2855 αύτῆς
2397 2794 2586 2853 παντὸς
2613 2800 2700 2848 τοῦ
2732 2795 2964 2849 ἐνιαυτοῦ
2994 2795 3308 2867 ἕτοιμάσασα
3333 2794 3414 2864 ἦν,

1830 2883 1947 2964 εὗρε
1987 2887 2134 2961 παρὰ
2159 2891 2252 2940 τοῦ
2278 2886 2392 2939 υἱοῦ
2424 2886 2583 2962 αύτῆς
2609 2893 2720 2945 τοῖς
2765 2893 3011 2955 πτωχοῖς
3050 2885 3416 2960 παραδοθέντα.

1829 2986 1987 3034 Τοῦτο
2034 2977 2088 3033 δὲ
2140 2980 2421 3049 θεασαμένη
2466 2977 2650 3054 ἤρξατο
2699 2980 2915 3048 θρηνεῖν,
2943 2982 3027 3032 καὶ
3047 2981 3105 3033 τὸ
3135 2980 3417 3054 πρόσωπον

1831 3076 1990 3132 αὐτῆς
2019 3074 2248 3137 τύπτειν,
2273 3076 2339 3131 ὡς
2363 3078 2456 3125 τοῦ
2488 3072 2715 3125 ἐνιαυτοῦ
2747 3072 2933 3130 παντὸς
2963 3076 3052 3128 τήν
3080 3077 3261 3144 τροφήν
3286 3074 3419 3126 ἀποο

149 3165 214 3217 ad
245 3166 497 3220 horreum
521 3177 748 3220 matrem
780 3166 1010 3232 reduxit,
1039 3169 1178 3236 quod
1210 3169 1278 3221 ita
1312 3170 1487 3224 tritico
1511 3170 1723 3239 plenum

1830 3165 2042 3219 λίσασα.
2073 3165 2152 3217 Ἐν
2175 3165 2373 3222 τούτοις
2395 3160 2447 3216 δὲ
2478 3161 2504 3215 ὁ
2532 3167 2623 3216 τοῦ
2651 3167 2780 3217 Θεοῦ
2807 3169 2930 3222 παῖς
2954 3163 3240 3231 Βονιφάτιος
3266 3164 3417 3218 κατίο

153 3254 426 3311 inventum
457 3265 561 3319 est,
589 3257 731 3311 sicut
775 3257 991 3325 plenum
1037 3266 1162 3313 ante
1213 3274 1319 3314 non
1360 3259 1552 3326 fuerat,
1602 3277 1724 3317 cum

153 3359 326 3403 mater
347 3349 489 3402 illius
512 3349 674 3403 totius
698 3350 828 3403 anni
858 3359 1103 3419 sumptus
1127 3364 1185 3404 se
1215 3365 1569 3421 congregasse
1599 3367 1727 3421 gau-

149 3441 330 3496 debat.
381 3441 500 3507 Quo
547 3442 661 3496 viso
715 3443 973 3495 miraculo
1027 3451 1350 3511 cumpuncta
1397 3454 1584 3510 mater,
1612 3445 1725 3514 ipsa

149 3537 254 3599 jam
286 3534 454 3598 ccepit
490 3529 515 3567 ά
552 3546 710 3600 agere
741 3541 796 3585 ut
825 3530 997 3595 daret,
1030 3533 1117 3600 qui
1147 3532 1224 3587 sic
1253 3531 1502 3587 celeriter
1545 3543 1726 3603 pnsset

149 3639 269 3691 qua:
314 3625 555 3690 petiisset
592 3625 853 3692 accipere.
888 3623 1013 3677 llzec
1057 3625 1235 3693 itaque
1286 3625 1339 3678 in
1398 3625 1611 3694 hospitii
1638 3627 1720 3681 sui

151 3716 413 3770 vestibulo
454 3715 679 3784 gallinas
701 3715 908 3770 nutrire
935 3725 1324 3771 consueverat:
1354 3717 1448 3772 sed
1480 3732 1575 3774 eas
1607 3728 1629 3756 θ
1658 3733 1726 3773 ex

149 3813 334 3867 vicino
362 3827 484 3866 rure
512 3811 701 3880 vulpes
730 3810 948 3865 veniens
976 3810 1279 3867 auferebat.
1311 3812 1550 3878 Quadam
1599 3829 1727 3869 vero

147 3904 239 3957 die
265 3902 391 3957 dum
433 3903 486 3958 in
517 3902 710 3958 eodem
737 3903 1004 3957 vestibulo
1043 3917 1172 3971 puer
1203 3903 1507 3958 Bonifacius
1537 3912 1727 3970 staret,

149 3994 334 4063 vulpes
356 4009 420 4047 ex
446 4009 594 4048 more
622 3993 787 4058 venit,
828 4001 884 4047 et
931 3994 1182 4063 gallinam
1215 3995 1456 4052 abstulit.
1487 3997 1604 4066 Ipse
1632 4013 1728 4051 au-

152 4095 254 4140 tem
295 4086 536 4139 concitus
568 4085 862 4141 Ecclesiam
891 4086 1126 4152 intravit,
1159 4096 1212 4141 et
1242 4103 1301 4142 se
1327 4088 1378 4141 in
1429 4089 1723 4143 orationem

152 4185 521 4245 prosternens,
549 4177 750 4247 apertis
780 4177 995 4232 vocibus
1016 4178 1200 4240 dixit;
1231 4179 1410 4234 Placet
1441 4180 1530 4232 tibi
1556 4221 1571 4247 ,
1620 4181 1728 4235 Do-

150 4270 314 4332 mine,
349 4277 400 4320 ut
430 4267 500 4322 de
526 4268 868 4323 nutrimentis
893 4270 1076 4324 matris
1104 4285 1236 4326 mete
1267 4270 1593 4326 manducare
1622 4287 1728 4326 non

147 4359 386 4428 possim?
413 4359 555 4413 Ecce
583 4360 727 4412 enim
765 4359 986 4429 gallinas
1015 4375 1149 4430 quas
1179 4360 1346 4416 nutrit
1398 4362 1584 4431 vulpes
1634 4377 1726 4417 co-

147 4449 341 4504 medit.
369 4449 473 4516 Qui
502 4449 572 4504 ab
600 4450 843 4503 oratione
869 4450 1419 4519 surgens,Ecclesiam
1445 4461 1526 4505 est
1549 4464 1728 4520 egres-

149 4554 260 4593 sus.
295 4541 418 4594 Mox
443 4551 623 4596 autem
649 4541 832 4610 vulpes
862 4516 1040 4604 rediit,
1069 4516 1322 4610 gallinam
1348 4556 1510 4610 quam
1534 4516 1629 4594 ore
1650 4550 1730 4595 tc-
1758 4516 1810 4575 D

153 4631 310 4686 nebat
340 4633 569 4698 dimisit,
601 4642 761 4702 atque
791 4630 810 4670 ί
845 4636 956 4702 ipsa
987 4634 1220 4690 moriens
1244 4643 1368 4689 ante
1398 4633 1517 4704 ejus
1545 4636 1728 4691 oculos

153 4725 204 4774 in
231 4734 425 4777 terram
457 4723 674 4779 cecidit.

221 4893 244 4919 ⁸
277 4883 350 4936 Ita
400 4882 538 4937 Mss.
567 4881 634 4935 At
679 4883 735 4936 in
769 4879 957 4946 Editis,
1011 4898 1299 4936 erucarum.
1331 4881 1389 4935 In
1443 4879 1726 4936 Codicibus

148 4961 324 5005 tamen
353 4967 490 5006 mss.
527 4963 709 5018 postea
736 4953 947 5019 legitur,
978 4953 1046 5002 ad
1076 4955 1275 5005 easdem
1299 4967 1497 5006 erucas.

215 5023 241 5061 δ
274 5022 438 5081 Editi,
475 5023 588 5084 vel,
621 5023 876 5084 vestiebat,
902 5023 983 5074 hic
1010 5039 1060 5076 se
1081 5023 1406 5090 exspolians;
1439 5020 1729 5084 vel,vestie-

149 5093 248 5155 bet,
292 5093 422 5153 hoc;
456 5093 576 5155 vel,
612 5093 842 5145 testiebat
865 5109 1032 5155 nunc;
1080 5092 1570 5146 contradicentibus
1600 5104 1728 5145 mss.

146 5164 295 5230 Angl.
324 5173 375 5215 et
410 5163 628 5214 nostris.

218 5244 239 5270 ε
270 5231 382 5285 Val.
415 5231 807 5299 Cl.etlongip.,
841 5231 980 5282 illius
999 5233 1201 5286 obtentu
1233 5233 1499 5286 mercedis.
1521 5231 1728 5295 Germ.,

149 5301 268 5372 Lyr.
304 5311 358 5355 et
408 5300 681 5355 secundus
718 5301 881 5359 Aud..
931 5301 1069 5354 illius
1106 5306 1312 5356 obtentu
1335 5302 1561 5355 mercede
1605 5310 1732 5354 vest.

147 5371 468 5440 Compend.,
500 5373 638 5424 illius
665 5373 959 5440 operatione
982 5375 1225 5426 mercedis
1256 5383 1382 5424 vest.

214 5439 237 5477 ⁸
265 5445 480 5496 Gemet.
523 5456 588 5496 ac
607 5439 776 5508 Prat.,
815 5458 1031 5511 rogare;
1076 5444 1277 5512 primus
1302 5442 1442 5497 Aud.
1473 5481 1488 5506 ,
1540 5441 1652 5512 Big.
1680 5450 1733 5496 et

142 5511 291 5581 Lyr.,
317 5529 515 5582 cogere.

220 5591 242 5653 ἐ
273 5583 528 5653 Longip.,
560 5600 620 5638 ex
641 5585 924 5638 vicinitate.

214 5652 236 5691 ί
264 5652 479 5708 Primus
508 5657 640 5709 Aud.
674 5665 729 5710 et
754 5657 884 5724 Lyr.
907 5694 921 5714 ,
957 5655 1068 5721 ipsa
1099 5654 1225 5705 hora
1257 5654 1497 5708 moriens.
1526 5654 1729 5709 Secun-

145 5725 241 5780 dus
271 5725 433 5792 Aud.,
466 5741 578 5781 cum
603 5726 842 5788 ϐουλαί..
878 5725 984 5793 ipse
1012 5726 1246 5776 moriens.

1830 3257 2017 3322 λαϐεν,
2052 3254 2196 3315 ὅστις
2238 3257 2391 3312 αύτὴν
2426 3254 2593 3324 λόγοις
2625 3262 3000 3330 παραινετικοῖς
3041 3253 3421 3326 καταπραΰνειν

1827 3349 2034 3423 ἤρξατο.
2066 3350 2150 3407 Εἰς
2181 3346 2326 3402 οὐδὲν
2356 3344 2410 3400 δὲ
2436 3351 2526 3404 τὴν
2554 3347 2706 3399 αὐτοῦ
2737 3347 3044 3400 παραίνεσιν
3067 3344 3261 3406 ταύτης
3288 3347 3422 3420 λογι-

1832 3441 2077 3509 σαμένης,
2100 3438 2414 3512 παρακαλεῖν
2443 3438 2599 3495 αὐτην
2619 3436 2830 3510 ἤρξατο,
2865 3435 3003 3497 ὅπως
3035 3440 3090 3492 ἐκ
3116 3445 3208 3492 τοῦ
3242 3437 3422 3516 ὁρρἐυ

1830 3537 2012 3610 ἐξέλθῃ,
2047 3531 2086 3608 ᾧ
2117 3542 2260 3593 σῖτος
2283 3533 2447 3606 ὀλίγος
2491 3534 2820 3602 ἐναπομείνας
2863 3529 2940 3590 ἧν.
2973 3534 3174 3592 Ταύτης
3204 3532 3257 3586 δὲ
3291 3533 3419 3596 ἐξελ·

1827 3629 2032 3692 θούσης,
2064 3625 2089 3680 ὁ
2116 3631 2206 3680 τοῦ
2250 3628 2378 3678 Θεοῦ
2412 3631 2538 3683 παῖς
2579 3623 2762 3677 ἑαυτὸν
2792 3625 2862 3682 εἰς
2892 3622 3057 3692 εὐχήν
3096 3623 3143 3674 ἕν
3169 3625 3310 3693 αύτῷ
3347 3629 3421 3693 τῷ

1827 3720 1968 3787 τόπῳ
1996 3718 2356 3790 ὑπέστρωσεν,
2382 3717 2468 3768 καὶ
2508 3714 2801 3785 μετ-’ὀλίγον
2845 3713 3046 3776 ἐξελθὼν
3094 3718 3183 3770 τήν
3232 3713 3420 3767 ἑαυτοῦ

1828 3811 2024 3883 μητέρα
2051 3811 2126 3866 εἰς
2153 3808 2212 3861 τὸ
2241 3803 2417 3878 ὄόρεον
2446 3806 2729 3876 εἰσήγαγεν,
2757 3800 2885 3876 ὅπερ
2911 3810 3242 3877 παραχρῆμα
3272 3803 3422 3872 νέμον

1828 3905 1974 3958 σίτου
2003 3902 2176 3976 εὑρέθη
2205 3899 2646 3974 ὑπερεκπερισσοῦ
2670 3903 2760 3952 τοῦ
2782 3898 2980 3973 πρώην,
3005 3892 3164 3970 οὗπερ
3195 3897 3225 3953 ἠ
3253 3899 3422 3970 μήτηρ

1830 3998 1987 4050 αὑτοῦ
2035 3995 2352 4068 σωρεύσασα
2397 3989 2488 4053 ἦν,
2519 3992 2788 4064 χαίρουσα
2836 3991 2908 4050 εἰς
2950 3994 3041 4048 τὴν
3085 3994 3174 4043 τοῦ
3230 3990 3421 4047 παντὸς

1829 4088 2062 4142 ἐνιαυτοῦ
2093 4084 2358 4143 διοίκησιν
2385 4089 2539 4137 τοῦτο
2568 4080 2620 4136 δὲ
2648 4081 2708 4136 τὸ
2736 4083 2904 4151 θαῦμα
2935 4081 3240 4149 θεασαμένη,
3265 4101 3420 4133 κατα-

1828 4185 2040 4250 νυγεῖσα
2068 4175 2254 4250 ἤρξατο
2286 4174 2445 4247 λέγειν
2485 4174 2622 4244 αὐτῷ
2666 4170 2930 4226 διαδοῦναι
2974 4170 3101 4226 ὅπου
3151 4171 3418 4240 βούλεται,

1830 4271 1969 4326 ἡνίκα
2005 4267 2139 4322 οῦτω
2183 4266 2454 4336 συντόμως
2502 4262 2718 4319 δύναται
2759 4264 2967 4325 λαϐεῖν,
3004 4261 3131 4334 ὅπερ
3161 4263 3301 4337 παρά
3327 4268 3420 4315 τοῦ

1831 4365 1960 4414 Θεοῦ
1997 4361 2233 4412 αἰτεῖται.
2284 4366 2334 4408 'll
2382 4357 2511 4413 αῦτη
2546 4355 2710 4408 τοίνυν
2747 4354 2794 4406 ἐν
2840 4361 2913 4422 τῷ
2956 4359 3046 4408 τοῦ
3078 4350 3217 4405 ο’.’κου
3260 4354 3420 4411 αὐτῆς

1832 4451 2095 4524 προαυλίῳ
2125 4447 2230 4508 ἔθος
2259 4445 2401 4518 εἶχεν
2431 4445 2445 4496 i
2481 4449 2670 4524 ὀρνίθια
2712 4447 3021 4519 ἀνατρέφειν.
3050 4456 3127 4498 Ἐκ
3172 4443 3225 4500 δὲ
3249 4465 3419 4517 προσ·

1833 4543 2199 4619 παρακειμένου
2230 4542 2391 4612 ἀγροῦ
2420 4538 2628 4601 ἀλώπηξ
2669 4536 2923 4606 ἐρχομένη
2948 4576 2962 4600 ,
3007 4542 3173 4589 ταῦτα
3199 4535 3420 4603 ἐλάμϐα-

1833 4654 1931 4688 νεν.
1980 4629 2062 4684 Ἐν
2089 4637 2179 4700 μιᾷ
2207 4630 2259 4684 δὲ
2299 4631 2493 4703 ἡμέρᾳ,
2524 4630 2571 4680 ἐν
2604 4626 2711 4695 ὅσῳ
2738 4628 2788 4679 ἰν
2814 4633 2886 4697 τῷ
2923 4628 3062 4698 αύτῷ
3103 4625 3365 4700 προαυλίῳ
3393 4623 3420 4679 ὁ

1834 4733 1953 4786 παῖς
1981 4721 2267 4793 Βονιφάτιος
2291 4723 2496 4784 ἵστατο,
2513 4722 2543 4777 η
2564 4720 2768 4782 ἀλώπηξ
2793 4719 2928 4773 κατὰ
2952 4718 3010 4771 τὸ
3041 4716 3155 4778 ἔθος
3185 4719 3416 4785 ἐλθοῦσα,

1910 4890 1933 4952 β
1970 4881 2099 4947 Reg.
2110 4918 2124 4942 ,
2153 4880 2509 4952 ἀναχωρῆσαι.

1908 4947 1936 5022 ’_‘
1968 4952 2118 5014 Mm,
2143 4947 2453 5022 χάρ⁷ιτιῄάρ
2480 4947 2734 5022 τοῦ-θεοῦ.

1913 5018 1929 5057 ί
1967 5013 2325 5092 ’Υποκαμίσιον
2360 5013 2758 5092 subucula-est
2799 5031 2893 5070 seu
2934 5013 3419 5092 _camisia_,Gallice

1836 5091 2073 5144 chemise.
2107 5084 2342 5143 lutet-uta
2371 5089 2531 5143 etiam
2559 5085 2771 5151 dicitur,
2797 5086 2946 5152 quasi
2981 5084 3141 5140 vestis
3170 5085 3414 5140 interior.

1839 5159 2140 5230 Aliquando
2166 5173 2262 5227 pro
2302 5167 2450 5230 veste
2477 5172 2622 5230 sacra
2658 5157 2998 5230 intelligitur;
3031 5154 3293 5230 docetque
3321 5156 3420 5226 Sy-

1840 5225 1995 5284 meon
2024 5225 2365 5289 ThesSalon.,
2388 5229 2454 5282 de
2476 5226 2655 5282 Sacris
2683 5225 2950 5289 Ordinat.,
2974 5243 3022 5280 c.
3053 5227 3109 5288 ‘2,
3137 5225 3273 5280 idem
3298 5241 3419 5281 esse

1842 5315 1903 5354 ac
1933 5302 2133 5372 penula
2163 5315 2257 5354 seu
2288 5301 2522 5372 φιλόνιην.
2559 5297 2749 5372 Verum
2783 5297 2869 5351 hic
2895 5296 3104 5372 nonnisi
3151 5311 3243 5364 pro
3269 5312 3419 5351 corn-

1843 5367 1987 5424 muni
2019 5367 2346 5438 profanaque
2373 5379 2521 5422 veste
2567 5369 2734 5437 accipi
2767 5376 2960 5437 patest.
2993 5367 3134 5438 Idem
3180 5376 3420 5438 statuen-

1843 5441 1965 5513 dum
1996 5441 2060 5495 de
2084 5454 2214 5494 voce
2239 5437 2512 5513 στιχάριον
2543 5453 2688 5513 quae,
2720 5439 2818 5494 etsi
2848 5437 3134 5513 aliquando
3164 5437 3422 5492 ecclesia-

1841 5512 2024 5564 sticam
2067 5521 2294 5575 \‘CSlt‘ln,
2327 5509 2418 5563 aut
2444 5509 2811 5567 monachicam
2842 5511 3128 5579 signiticet,
3153 5523 3219 5562 eo
3243 5518 3421 5563 tamen

1843 5582 1941 5635 loci
1970 5589 2054 5634 est
2079 5580 2366 5635 strictioris
2393 5579 2585 5636 tunicae
2611 5594 2799 5651 genus,
2823 5582 2986 5635 etiam
3017 5579 3270 5634 laicorum
3301 5579 3420 5633 usui

1839 5665 2127 5706 ςοιιεεεεω.

1916 5722 1927 5770 i
1969 5720 2124 5791 ch.,
2156 5718 2424 5797 ἵρνιθας...
2456 5724 2649 5783 ταύτας
2679 5725 2971 5794 ἐλάμϐανεν.
