4000 6400
563 379 707 436 199'
1581 364 1586 369 ’
1775 373 2024 432 SANC'I'I
2059 373 2169 431 cn:

2283 372 2392 428 lRll
2437 363 2654 430 MAG!“
3736 376 3832 440 ἲ.όο

559 496 770 570 ὀρνίθιον
805 495 1057 567 ἥρπασεν.
1098 493 1260 555 Αὐτὸς
1307 491 1360 550 ὂὶ
1410 491 1671 563 συντόμως
1701 513 1773 553 εις
1809 499 1899 553 τὴν
1938 492 2200 551 ἐκκλησίαν
2239 491 2473 545 εἰσελθὼν
2499 532 2512 556 ,
2541 493 2629 547 καί
2679 489 2858 544 ἑαυτὸν
2905 491 2974 552 εἰς
3007 491 3061 543 εὐ
3070 494 3171 561 χὴν
3208 490 3553 564 ὑποστρώσας
3594 491 3835 566 δεόμενος,

558 584 748 658 ἔλεγεν·
787 586 1011 660 Ἀρέσκει
1054 606 1158 650 σοι,
1193 586 1359 660 κύριε,
1387 587 1469 639 ἵνα
1494 586 1541 648 ἐξ
1571 582 1637 638 ὧν
1674 587 1705 642 ἠ
1739 590 1906 661 μήτηρ
1951 607 2049 656 μου
2097 586 2360 658 ἀνατρέφει
2406 584 2591 656 ὀρνέων
2636 591 2810 655 φαγεῖν
2852 587 2922 652 μή
2965 581 3178 642 δυνηθῶ·
3216 592 3241 620 ⁸
3273 584 3480 640 ἅπαντα
3505 589 3602 660 γάρ
3651 592 3678 646 ἡ
3715 589 3842 643 ἀλώ-

557 683 659 745 πηξ
703 680 835 739 αῦτη
879 681 1173 753 κατέφαγεν.
1203 677 1232 717 δ
1259 681 1505 740 ’Δναστάς
1546 675 1632 733 οῦν
1664 681 1718 733 ἐκ
1745 689 1836 742 τῆς
1868 681 2055 750 εὐχῆς,
2087 683 2172 732 καὶ
2212 681 2414 742 ἐξελθὼν
2446 683 2494 733 ίκ
2543 685 2633 737 τῆς
2678 676 2945 735 ἐκκλησίας
2967 715 2982 740 ,
3028 684 3361 750 παραχρῆμα
3407 680 3437 735 ἡ
3469 680 3670 746 ἀλώπηξ
3712 684 3840 738 ὐπο-

559 772 865 847 στρέψασα,
897 772 956 825 τὸ
1006 771 1212 839 ὀρνίθιον
1256 769 1385 846 ὅπερ
1427 772 1478 824 ἐν
1511 780 1585 845 τῷ
1612 769 1850 841 Ϊστὸματι
1885 779 2150 839 κατεῖχεν,
2192 766 2399 836 εἴασεν,
2449 771 2575 826 αὐτη
2615 765 2669 822 δὲ
2709 768 2917 820 ἐνώπιον
2944 772 3044 821 τῶν
3091 767 3355 837 ὀφθαλμῶν
3401 771 3556 825 αὐτοῦ
3591 774 3639 826 ἑν
3680 781 3741 848 τῇ
3782 783 3842 848 γῇ

559 869 799 919 πεσοῦσα
827 861 1013 914 ἁπέθαν
1021 880 1088 912 εν.

631 963 798 1007 ΠΕΤΡ.
831 955 958 1005 Δίαν
987 948 1281 1020 θαυμαστὸν
1325 948 1564 1024 ὐπάρχει
1588 986 1603 1014 ,
1635 946 1718 1004 ὅτι
1765 949 1812 1002 ἐν
1854 949 2153 1025 πράγμασιν
2184 951 2234 1010 Λ

558 1044 944 1102 εὐτελεστάτοις
986 1050 1102 1101 ταῖς
1150 1044 1348 1112 εὐχαῖς
1393 1049 1493 1097 τῶν
1539 1043 1613 1102 εἰς
1654 1042 1805 1096 αὐτὸν
1855 1041 2162 1106 ἐλπιζόντων

562 1139 856 1192 ὑπακοῦσαι
882 1137 1106 1199 καταξιοί
1131 1134 1155 1189 ὁ
1185 1135 1330 1195 Θεὸς.

631 1239 875 1286 ΓΡΗΓΟΡ.
923 1236 1090 1285 Τοῦτο
1115 1269 1130 1293 ,
1161 1230 1315 1303 Πέτρε
1335 1268 1349 1291 ,
1375 1229 1429 1282 εκ
1473 1231 1724 1300 μεγίστης
1755 1236 1776 1262 ⁸
1809 1234 1902 1281 τοῦ
1947 1232 2161 1282 κτιστοῦ

561 1327 699 1397 ἡμῶν
727 1326 1012 1392 οἰκονομίας
1037 1321 1258 1394 γίνεται,
1285 1322 1370 1375 ἵνα
1406 1318 1490 1375 διά
1519 1328 1620 1374 τῶν
1648 1327 1844 1394 μικρῶν
1869 1317 1935 1374 ὧν
1961 1319 2164 1388 λαμϐά-

563 1438 726 1486 νομεν,
756 1417 984 1489 καὶπερὶ
1013 1422 1111 1469 τῶν
1142 1414 1368 1485 μεγάλων
1390 1414 1604 1477 ἐλπίζειν
1628 1410 1973 1480 πιστεύωμεν.
2003 1413 2163 1468 Εἱσηο

563 1509 750 1565 κοὺσθη
776 1510 944 1562 τοίνυν
970 1507 1018 1558 ἐν
1061 1509 1365 1580 πράγμασιν
1403 1503 1786 1566 εὐτελεστάτοις
1815 1504 1840 1558 ὁ
1864 1502 2048 1564 ἄκακος
2077 1506 2164 1557 καί

563 1599 706 1670 ἅγιος
729 1608 857 1659 παῖς
880 1596 1049 1662 οὗτος,
1078 1596 1219 1658 ὅπως
1246 1599 1298 1652 ἐν
1320 1603 1424 1658 τοϊς
1457 1604 1655 1671 μικροῖς
1683 1597 1815 1668 μάθῃ
1842 1596 2007 1650 πόσον
2035 1597 2168 1668 ὀφεί-

564 1690 639 1745 λει
667 1693 751 1744 καὶ
780 1693 830 1743 ἓν
860 1698 972 1750 τοῖς⁹
997 1691 1260 1763 μεγίστοις
1297 1689 1443 1762 παρά
1484 1695 1559 1761 τῷ
1587 1694 1697 1758 Θεῷ
1726 1689 1980 1759 αἰτήμασι
2005 1708 2166 1742 κατιιι⁶

566 1782 842 1853 τολμῆσαι.

638 1883 808 1928 HETP.
841 1872 1068 1945 ’Δρίσκει
1089 1868 1114 1926 ὃ
1134 1871 1318 1944 λέγεις.

1200 1970 1426 2018 ΚΕΦΔΛ.
1469 1962 1524 2017 ι’.

645 2057 762 2131 Περὶ
791 2055 1138 2130 Φορτουνάτου
1170 2054 1452 2108 ἐπισκόπου
1484 2050 1509 2089 ἀ
1551 2053 1748 2114 πόλεως
1775 2050 2088 2128 Τουδερεως.

635 2157 976 2204 ΓΡιιΓΟΡΙοΣ.
1024 2145 1207 2208 ’Δλλος
1229 2148 1398 2202 τοίνυν
1428 2149 1553 2225 ἀνὴρ
1598 2149 1733 2202 πάνυ
1760 2148 2002 2207 εὐλαϐοῦς
2029 2145 2170 2202 πολι-

567 2242 731 2303 τείας,
758 2240 806 2291 ἐν
845 2247 952 2298 τοῖς
983 2240 1162 2299 αὐτοῖς
1189 2248 1281 2299 τῆς
1309 2240 1570 2298 Τουσκίας
1607 2239 1774 2309 γέγονε
1807 2241 2007 2312 μέρεσι,
2041 2248 2166 2312 Φορ-

2332 941 2503 995 Pun.
2539 935 2707 990 Valde
2762 936 2956 990 mirum
2987 933 3015 972 ¹ι
3063 937 3206 1006 quod
3264 938 3522 994 exaudire
3575 955 3757 1010 preces
3789 945 3839 1002 in

2267 1045 2328 1087 se
2355 1027 2682 1100 Sperantium
2711 1025 2872 1081 etiam
2905 1026 2956 1080 in
2990 1026 3148 1081 rebus
3182 1027 3374 1082 vilibus
3404 1029 3650 1098 dignatur
3676 1033 3832 1089 Deus.

2339 1207 2583 1264 Gnecon.
2605 1205 2738 1272 Hoc,
2767 1204 2930 1260 Pelre
2951 1247 2966 1271 ,
2999 1220 3066 1260 ex
3115 1222 3304 1276 magna
3348 1208 3651 1266 Conditoris
3681 1218 3839 1271 nosni

2267 1299 2671 1369 dispensatione
2699 1295 2896 1366 agitur,
2918 1307 2976 1350 ut
2998 1311 3093 1366 per
3115 1299 3334 1352 minima
3363 1315 3482 1368 qua:
3511 1302 3842 1371 percipimus,

2267 1408 2488 1463 sperare
2520 1391 2720 1459 majora
2750 1389 3073 1456 debeamus;
3117 1391 3400 1446 exauditus
3432 1408 3665 1464 namque
3691 1408 3768 1451 est
3794 1397 3844 1451 in

2268 1484 2429 1538 rebus
2459 1482 2651 1537 vilibus
2682 1499 2814 1553 puer
2841 1492 3063 1536 sanctus
3113 1490 3168 1535 et
3197 1483 3452 1550 simplex,
3496 1493 3556 1537 ut
3593 1485 3641 1538 in
3683 1488 3848 1554 parvis

2276 1573 2510 1628 disceret
2535 1583 2790 1643 quantum
2815 1574 2884 1630 de
2909 1573 3021 1629 Deo
3049 1587 3380 1643 praesumere
3400 1574 3452 1627 in
3487 1577 3692 1645 magnis
3723 1579 3845 1645 peti-

2268 1665 2503 1722 tionibus
2533 1665 2779 1723 deberet.

2339 1861 2507 1919 Psrn.
2529 1862 2714 1919 Placet
2742 1864 2882 1934 quod
2908 1864 3063 1919 dicis.

2894 1955 3122 2010 CAPUT
3163 1955 3230 2009 X.

2420 2043 2493 2100 De
2519 2043 2814 2100 Fortunato
2843 2043 2858 2083 ί
2894 2045 3188 2100 Tudertina:
3211 2046 3431 2102 civitatis
3459 2048 3716 2119 episcopo.

2347 2136 2676 2193 Gnscomus.
2724 2138 2874 2192 Alius
2931 2153 3144 2207 quoque
3189 2139 3272 2193 vir
3301 2139 3424 2194 vita:
3455 2141 3774 2196 venerabilis
3804 2141 3851 2195 in

2273 2229 2476 2285 eisdem
2504 2229 2744 2300 partibus
2773 2227 2874 2282 fuit
2904 2229 3233 2284 Fortunatus
3265 2233 3507 2298 nomine,
3556 2233 3848 2287 Tudertiuze

569 2337 815 2389 τουνᾶτος
864 2330 1092 2398 ὀνόματι,
1124 2343 1216 2390 τῆς
1245 2327 1537 2402 Τουδέρεως
1567 2326 1621 2382 δέ
1643 2326 1912 2387 ἐκκλησίας
1941 2329 2169 2385 κατέστη

2283 2323 2498 2376 antistes
2530 2320 2787 2374 Ecclesiae
2813 2320 3145 2389 (Martyrol.,
3193 2321 3258 2376 M
3293 2321 3502 2392 Octob.)
3527 2365 3543 2389 ,
3592 2325 3679 2392 qui
3710 2326 3758 2377 in
3788 2325 3854 2376 cl-

573 2423 868 2480 ἐπίσκοπος⁶
898 2417 1045 2479 ὅστις
1066 2419 1208 2496 παρά
1228 2424 1355 2472 Θεοῦ
1389 2421 1551 2488 χάριν
1582 2418 1815 2488 εἰληφὼς,
1840 2415 2166 2488 φυγαδευτὴς

570 2519 671 2568 τῶν
697 2511 991 2585 ἀκαθάρτων
1010 2510 1312 2580 πνευμάτων
1336 2509 1578 2580 ὑπῆρχεν
1597 2507 1837 2572 ἐξαίσιος,
1853 2508 1986 2561 ὥστε
2009 2507 2165 2560 ἐνίοτε

573 2603 666 2663 τὰς
695 2608 793 2656 τῶν
822 2598 1069 2670 δαιμόνων
1097 2600 1343 2672 λεγεῶνας
1371 2596 1427 2653 ἐκ
1454 2606 1554 2656 τῶν
1591 2599 1844 2668 σωμάτων
1873 2599 1923 2652 ἒν
1952 2594 2026 2656 οἷς
2046 2617 2169 2652 κατ-

576 2697 737 2766 ῴκουν
760 2690 965 2754 διώκων,
1002 2692 1098 2750 τάς
1139 2689 1494 2762 ἐπερχομένας
1528 2690 1670 2759 αὐτῷ
1696 2687 1815 2764 παρ’
1837 2689 2009 2744 αὐτῶν
2028 2687 2171 2741 πλεί-

579 2805 711 2843 στας
741 2783 1035 2846 ἔπιξονλάι,
1069 2779 1155 2836 διά
1182 2789 1273 2840 τῆς
1295 2781 1532 2850 ὲπιμόνου
1568 2783 1653 2835 καί
1679 2788 1976 2855 καρτερικῆς
2003 2780 2169 2849 εὐχῆς

575 2874 926 2945 ὑπερέϐαινεν.
940 2870 1132 2927 Τούτου
1151 2879 1242 2926 τοῦ
1262 2871 1409 2945 άγίου
1423 2871 1604 2945 ἀνδρὸς
1624 2872 1931 2932 οἰκειότατος
2118 2870 2170 2922 ἓν

575 2967 750 3040 άγάπη
790 2967 990 3038 γέγονεν
1017 2965 1284 3025 Ἰουλιανὸς
1313 2964 1339 3019 ὁ
1375 2974 1467 3026 τῆς
1496 2967 1744 3039 ἡμετέρας
1785 2964 2060 3024 ἓκκλησίας
2089 2961 2172 3018 δε-

575 3059 792 3131 ςνένσωρ.
822 3054 1001 3116 Ὀστις
1034 3059 1091 3111 οὐ
1119 3057 1219 3130 πρὸ
1243 3057 1431 3111 πολλοῦ
1464 3063 1637 3132 καιροῦ
1663 3059 1714 3111 ἐν
1741 3059 1906 3131 ταύτῃ
1935 3065 1998 3128 τῇ
2028 3056 2173 3112 πόλει

575 3146 898 3202 ῖτελεύτησεν
921 3161 934 3175 ⁸
968 3147 1026 3204 ἣν
1053 3144 1106 3200 δὲ
1135 3147 1262 3219 λέγω
1309 3145 1544 3218 διήγησιν
1571 3148 1663 3202 ὐπ’
1684 3148 1846 3202 αὐτοῦ
1877 3148 2170 3218 μεμάθηκα.

576 3238 742 3301 Οὗτος
774 3237 860 3294 οὖν
889 3242 940 3296 ἐν
977 3242 1135 3316 πολλῇ
1161 3243 1424 3317 παρῥησίᾳ
1453 3244 1585 3317 πρὸς
1615 3244 1766 3298 αὐτὸν
1792 3243 2084 3315 ὐπάρχων,
2110 3242 2176 3298 τά

576 3338 677 3386 τῶν
705 3332 938 3404 πράξεων
966 3332 1123 3387 αὐτοῦ
1168 3332 1392 3406 ἀκριϐῶς
1436 3333 1708 3388 ἐπίστατο.
1732 3330 1915 3393 Ὀστις
1941 3339 2031 3391 τήν
2055 3334 2174 3388 τού-

576 3444 674 3477 των
702 3422 996 3493 γλυκύτητα
1023 3426 1095 3484 εἰς
1120 3424 1363 3497 ἡμέτερον
1393 3426 1695 3500 στηριγμόν,
1726 3426 1948 3497 καθάπερ
1979 3424 2176 3494 μέλιτος

578 3516 750 3588 κηρίον
780 3511 863 3567 διά
889 3522 981 3573 τῆς
1007 3517 1205 3585 μνήμης
1233 3515 1284 3568 ἐν
1311 3521 1382 3584 τῷ
1411 3515 1633 3586 στόματι
1664 3517 1744 3570 ἀεί
1769 3517 2083 3592 περιέφερεν.

661 3603 820 3675 Ἐλεγε
879 3601 956 3669 δέ,
1015 3602 1095 3659 ὅτι
1139 3606 1379 3678 ματρῶνά
1413 3625 1493 3662 τις
1538 3606 1874 3675 εὐγενεστάτη
1919 3606 1968 3656 ἐν
1998 3613 2021 3640 ε
2063 3612 2178 3664 τοῖς

2273 2410 2520 2481 iugandis
2549 2408 2828 2478 spiritibus
2861 2410 2874 2459 ἑ
2917 2409 3191 2465 immensa:
3225 2412 3434 2467 virtutis
3474 2414 3649 2482 gratia
3699 2413 3854 2481 polle-

2271 2501 2384 2566 bat,
2413 2501 2483 2554 ita
2509 2511 2566 2554 ut
2595 2514 2978 2569 nonnunquam
3024 2501 3091 2555 ab
3137 2502 3374 2557 obsessis
3419 2504 3742 2573 corporibus
3785 2503 3852 2555 lc-

2271 2591 2462 2662 giones
2505 2590 2812 2646 daemonum
2863 2592 3110 2662 pelleret,
3165 2603 3221 2648 et
3277 2595 3557 2651 continuae
3609 2597 3854 2651 orationis

2271 2684 2448 2740 studio
2462 2683 2718 2750 intentus,
2735 2684 2976 2752 objectas
3000 2695 3186 2740 contra
3203 2700 3262 2741 se
3277 2701 3462 2742 eorum
3488 2687 3856 2743 multitudines

2272 2785 2570 2845 superaret.
2604 2775 2770 2845 Hujus
2797 2778 2895 2830 viri
2928 2775 3380 2834 familiarissimus
3403 2781 3562 2850 193
3596 2779 3693 2835 fuit
3714 2780 3737 2815 ¹ί
3765 2779 3855 2834 Ju-

2273 2866 2444 2924 lianus
2473 2878 2672 2923 nostrae
2695 2869 2950 2924 Ecclesia:
2977 2869 3352 2943 deiensor,qui
3369 2882 3493 2929 ante
3511 2890 3622 2929 non
3655 2874 3858 2941 longum

2273 2968 2485 3030 tempus
2508 2961 2560 3014 in
2595 2960 2695 3015 hac
2717 2961 2848 3016 urbe
2869 2960 3152 3016 defunctus
3181 2971 3282 3017 est.
3319 2962 3484 3034 Cujus
3509 2982 3607 3036 ego
3649 2979 3851 3035 quoque

2274 3053 2376 3106 hoc
2404 3051 2566 3106 didici
2592 3053 2855 3107 relatione
2882 3054 3022 3122 quod
3052 3070 3234 3120 narro,
3259 3056 3380 3124 quia
3422 3070 3568 3126 saepe
3615 3058 3776 3128 gestis
3802 3056 3859 3108 ila

2273 3142 2379 3198 lius
2415 3141 2432 3180 ι
2471 3158 2606 3198 ausu
2633 3143 3016 3199 familiaritatis
3048 3143 3326 3212 intererat,
3346 3147 3574 3217 ejusque
3617 3156 3735 3217 post
3757 3160 3860 3200 mes

2274 3234 2498 3289 muriam
2530 3233 2595 3287 ad
2637 3234 3049 3290 instructionem
3081 3247 3320 3292 nostram
3360 3237 3511 3305 quasi
3539 3236 3649 3292 favi
3681 3237 3858 3291 dulce-

2281 3326 2460 3386 dinem
2483 3328 2538 3384 in
2575 3342 2674 3384 ore
2696 3329 2981 3385 retinebat.

2349 3603 2588 3659 Matrona
2613 3604 2858 3672 qumdam
2883 3604 3079 3658 nobilis
3107 3605 3160 3658 in
3185 3605 3373 3659 vicinis
3392 3605 3635 3673 partibus
3655 3604 3854 3661 Tuscia

579 3696 926 3766 γειτνιάζουσι
955 3701 1044 3752 τῆς
1066 3697 1319 3753 Τουσκίας
1339 3694 1564 3767 μέρεσιν,
1585 3695 1643 3747 οὐ
1669 3695 1770 3767 πρὸ
1794 3694 1981 3747 πολλοῦ
2001 3700 2169 3767 καιροῦ

2283 3707 2471 3747 nurum
2505 3693 2758 3763 habebat,
2794 3709 2913 3762 qua
2961 3695 3098 3746 intra
3125 3694 3289 3749 breve
3322 3703 3534 3764 tempus
3564 3713 3676 3766 quo
3707 3699 3857 3751 lilium

581 3787 769 3854 οὐμφην
810 3787 882 3843 είς
929 3783 1015 3836 τὸν
1060 3784 1170 3836 υίόν
1216 3785 1376 3842 αὐτῆς
1426 3781 1486 3840 ἦν
1530 3784 1785 3837 λαϐοῦσα⁶
1817 3786 1928 3843 ἥτις
1972 3783 2081 3856 ἅμα
2109 3793 2172 3858 τῇ

581 3875 765 3932 ἑαυτῆς
791 3876 1007 3947 πενθερᾴ
1036 3878 1107 3933 εἰς
1148 3875 1467 3944 ἐγκαινισμόν
1511 3877 1774 3946 εὐκτηρίου
1801 3882 1892 3930 τοῦ
1915 3880 2171 3950 μακαρίου

583 3968 842 4040 μάρτυρος
883 3967 1220 4021 Σεϐαστιανοῦ
1271 3964 1329 4025 ἧν
1375 3969 1629 4024 κληθεῖσα.
1658 3975 1731 4042 Τῇ
1755 3967 1807 4022 δὲ
1834 3970 1976 4023 νυκτί
2014 3966 2173 4041 ἐκείνη

582 4057 786 4129 ἤμελλεν
821 4061 852 4116 ἠ
891 4065 990 4111 τῶν
1038 4059 1297 4131 ἐγκαινίων
1328 4060 1488 4129 agape:
1515 4066 1606 4114 τοῦ
1633 4059 2002 4134 προλεχθὲντος
2031 4058 2048 4097 ί
2087 4063 2168 4115 εὐ·

582 4149 790 4222 κτηρίου
824 4148 1121 4216 ἐπιφαίνειν,
1160 4155 1223 4220 τῇ
1261 4156 1354 4207 τῆς
1402 4149 1594 4225 σαρκὸς
1633 4147 1781 4220 ἡδονῇ
1807 4151 2090 4214 νικηθεῖσα,
2118 4152 2173 4204 ἐκ

585 4247 678 4295 τοῦ
706 4241 887 4300 ἑαυτῆς
916 4238 1100 4314 ἀνδρὸς
1131 4241 1570 4316 ἐγκρατεύσασθαι
1599 4243 1684 4295 οὐκ
1703 4240 1944 4300 ἠδυνήθη.
1981 4243 2182 4316 Πρωΐας

586 4328 640 4383 δέ
668 4329 841 4384 λοιπὸν
867 4332 1154 4402 γενομένης,
1186 4336 1254 4398 μή
1283 4330 1620 4387 εὐλαϐηθεῑσα
1654 4335 1747 4389 την
1786 4332 2050 4405 γενομένην
2088 4342 2182 4394 τῆς

587 4421 778 4493 σαρκὸς
808 4418 1135 4484 ἡδυπάθειαν,
1165 4422 1420 4496 προελθεῖν
1452 4429 1476 4468 8
1518 4423 1817 4498 ᾐρετίσατο,
1845 4425 1904 4478 τὸ
1945 4433 2045 4480 τῶν
2089 4428 2178 4482 άν-

656 4539 681 4609 f
709 4531 891 4609 90th..
915 4533 1124 4609 άλώπηξ
1139 4540 1306 4609 ταῦτα
1331 4537 1628 4609 κατέφαγεν.

658 4601 684 4640 δ
718 4603 876 4671 Reg.,
904 4607 1214 4676 ἀναστάντος
1255 4600 1340 4659 οὐν
1381 4600 1540 4659 αὐτοῦ
1572 4609 1626 4662 ἐκ
1652 4614 1744 4668 τῆς
1782 4609 1944 4676 εὐχῆς·
1979 4612 2177 4673 καὶτῆς

582 4676 850 4751 ἔκκλησὺκς
874 4673 1150 4738 ἐξελθόντος
1177 4686 1532 4751 παραχρῆμα.

661 4757 683 4785 θ
716 4748 893 4807 (ὶυιυη
928 4753 1020 4800 τοῦ
1051 4754 1287 4804 ποιητοῦ.

654 4814 681 4852 ἀ
713 4818 768 4886 lu
797 4819 985 4871 eodem
1017 4814 1152 4869 Cod.
1184 4817 1377 4885 legitur
1403 4816 1739 4886 simpliciter,
1766 4819 2068 4876 ἐπισκόπου.

657 4896 680 4924 ο
711 4885 784 4940 lta
816 4886 916 4940 Ed.
950 4902 1071 4942 cum
1103 4887 1233 4956 Reg.
1279 4888 1378 4942 Ms.
1411 4885 1562 4944 Colb.
1599 4892 1759 4945 habet
1807 4893 1855 4945 ἐν
1905 4901 2012 4952 τοῖς
2050 4911 2180 4965 γειτ-

582 4980 750 5016 νιωσι.

586 5102 598 5118 ‘
663 5026 682 5065 ί
717 5026 903 5094 (3011),,
944 5029 1214 5102 εὐκτηρίου
1254 5027 1475 5102 ἔπιφύεεν
1513 5038 1691 5106 τῇ.....
1731 5030 1880 5100 ἠδονῇ
1917 5035 2176 5091 κινηθεῖσα

584 5122 658 5154 εκ.

659 5180 683 5243 β
711 5169 943 5243 Uterque
959 5169 1100 5243 __MSS.
1112 5209 1126 5232 ,
1141 5171 1451 5243 ripariawro.

580 5310 626 5365 Μ
659 5239 683 5280 δ
710 5241 925 5295 Addunt
957 5238 1422 5304 Escusi,‘videtur,
1456 5238 1561 5304 vel,
1591 5241 1720 5294 mihi
1741 5240 1961 5308 videtur,
1990 5242 2173 5296 invitis

633 5326 706 5365 ss.

633 5326 706 5365 SS.

663 5390 676 5416 ι
707 5381 1003 5434 Tndertum
1039 5393 1178 5433 nunc
1221 5379 1376 5444 Todi,
1407 5379 1532 5435 urbs
1561 5381 1880 5448 episcopalis
1907 5383 2167 5439 Umbriae.

657 5448 670 5498 i
708 5451 1146 5503 Pritnns'l'lteod.
1171 5461 1224 5503 ct
1271 5451 1384 5505 Val.
1429 5450 1534 5515 CL,
1577 5451 1837 5512 spiritibus
1866 5453 2165 5511 immundis.

579 5518 859 5594 Secundus
891 5519 1101 5594 Theod.
1130 5530 1184 5573 et
1207 5521 1457 5594 Longip.,
1480 5521 1741 5589 spiritibus
1762 5523 2022 5594 malignis.

655 5589 676 5626 ⁸
714 5591 787 5643 De
815 5589 1188 5664 defensoribus
1221 5589 1396 5664 agitur
1425 5606 1568 5657 saepe
1613 5595 1662 5643 in
1717 5589 1976 5662 epistoiis.
2029 5600 2169 5664 Lege

619 5662 883 5735 rmsertitn
910 5661 1068 5735 epist.
1103 5659 1230 5735 olim
1260 5659 1353 5735 25,
1387 5661 1422 5713 l.
1454 5676 1524 5724 tv,
1559 5659 1766 5735 nuncii
1795 5680 1846 5730 v,
1887 5668 2040 5734 epist,
2071 5659 2164 5735 Ξῖ),

582 5675 881 5786 rrmsertnn
911 5675 1068 5724 epist.
1103 5675 1230 5713 omn
1260 5675 1353 5723 20,
1387 5675 1422 5713 ι.
1454 5676 1524 5724 tv,
1559 5677 1699 5715 nunc
1725 5675 1760 5715 t.-
1795 5680 1846 5730 v,
1887 5675 2040 5734 epist,
2071 5675 2164 5735 (κε),

603 5736 692 5787 ad.
726 5731 810 5795 15,
835 5729 922 5784 ubi
945 5729 1200 5798 quidquid
1246 5731 1311 5782 ad
1342 5746 1526 5785 eorum
1572 5730 1830 5800 ol'licium,
1865 5737 2166 5795 institutioé

579 5817 726 5866 nem,
757 5801 1229 5869 conditionetnquc
1253 5811 1474 5872 Spectat,
1507 5803 1812 5872 exponitur.

2282 3789 2398 3856 ejus
2420 3798 2719 3856 acceperat,
2740 3804 2862 3844 cum
2885 3789 3072 3842 eadem
3095 3804 3253 3844 socru
3275 3805 3370 3845 sua
3391 3793 3456 3846 ad
3478 3794 3855 3849 dedicationem

2284 3880 2508 3934 oratorii
2556 3879 2700 3934 beati
2747 3879 3050 3936 Sebastiani
3099 3883 3353 3952 martyris
3399 3882 3572 3938 fuerat
3629 3887 3859 3939 imitata.

2281 3971 2449 4027 Nocte
2473 3987 2604 4027 vero
2629 3973 2818 4028 eadem
2842 3988 2944 4041 qua
2972 3974 3334 4044 subsequente
3365 3975 3454 4031 die
3485 3977 3550 4031 ad
3581 3977 3860 4032 dedicatio»

2283 4080 2402 4119 nem
2428 4065 2669 4134 praedicti
2701 4065 2919 4120 oratorii
2953 4066 3125 4122 luerat
3154 4076 3192 4103 ω
3226 4083 3564 4137 processura,
3593 4070 3856 4137 voluptate

2283 4158 2463 4211 carnis
2489 4158 2720 4224 devicta,
2747 4172 2778 4210 a
2801 4158 2923 4213 viro
2946 4173 3043 4212 suo
3073 4173 3193 4214 sese
3219 4160 3490 4215 abstinere
3517 4177 3624 4215 non
3663 4160 3855 4229 potuit;

2286 4264 2518 4320 cumque
2547 4266 2708 4306 mane
2738 4252 2880 4305 iacto
2908 4253 3290 4307 conscientiam
3341 4255 3639 4310 deterreret
3680 4268 3860 4323 perpe-

2286 4353 2422 4398 trata
2445 4352 2472 4379 η
2499 4343 2678 4398 carnis
2707 4345 3012 4413 delectatio,
3051 4347 3449 4414 processionem
3481 4362 3608 4401 vero
3639 4346 3859 4415 impeiao

2284 4443 2367 4489 ret
2409 4435 2754 4502 verecundia,
2808 4436 2927 4506 plus
2972 4437 3299 4493 erubescens
3327 4438 3527 4492 vultum
3571 4440 3856 4500 hominum,

2362 4543 2378 4581 ¹
2416 4545 2623 4612 Germ.,
2645 4546 2894 4622 Longum,
2925 4548 3040 4602 Val.
3075 4550 3180 4622 (IL,
3222 4551 3432 4622 primus
3475 4553 3716 4612 Carnot.,
3751 4552 3852 4619 Big.

2284 4624 2339 4688 et
2367 4622 2636 4688 secundus
2668 4619 2896 4681 'l‘tieod.,
2926 4636 3044 4674 usu.
3080 4619 3391 4675 Retiriemns
3419 4639 3571 4688 ausu,
3596 4623 3856 4676 suadentia

2282 4685 2382 4740 bus
2409 4687 2525 4740 aliis
2553 4689 2679 4742 Mss.
2706 4700 2760 4744 et
2790 4705 2930 4746 vers.
2962 4693 3167 4744 Graeca.

2346 4757 2710 4831 m_Pracedere,
2726 4761 2865 4830 apud
2885 4760 3246 4824 Ambrosium,
3266 4761 3606 4831 Gregorium,
3623 4765 3850 4829 a‘iosque

2285 4829 2682 4899 ecclesiasticos
2708 4829 2979 4894 auctores,
3005 4830 3266 4899 signiﬁcat
3293 4829 3405 4885 loca
3430 4848 3579 4886 sacra
3613 4834 3774 4888 adire.
3805 4839 3850 4882 et

2287 4897 2560 4966 religionis
2590 4915 2750 4954 causa
2773 4900 2839 4952 ad
2868 4916 2928 4954 ea
2959 4916 3017 4954 se
3046 4897 3316 4966 conferre,
3341 4913 3432 4955 aut
3454 4907 3614 4956 etiam
3645 4919 3753 4957 rem
3774 4916 3850 4952 sa-

2208 5003 2262 5064 D
2288 4981 2432 5022 cram
2479 4971 2672 5023 iacere.
2708 4971 3017 5064 Gregorius,
3047 4973 3081 5025 Ι.
3125 4973 3250 5024 olim
3287 4983 3541 5064 tv,.ep.st.
3566 4975 3639 5064 I259
3675 4991 3685 5024 :
3715 4973 3851 5025 Nun-

2285 5053 2436 5109 quam
2466 5055 2581 5109 cum
2627 5055 2686 5092 eo
2724 5043 2996 5109 procedere
3020 5057 3322 5108 pra'sumas.
3362 5044 3525 5106 Idem,
3564 5043 3600 5096 Ι.
3632 5045 3754 5096 Olim
3783 5056 3847 5098 XI.

2285 5108 2443 5181 epist.
2476 5107 2564 5174 59,
2597 5107 2739 5181 nunc
2760 5109 2829 5162 48
2859 5111 2976 5164 libri
3011 5107 3121 5174 im,
3147 5111 3432 5164 hortandus
3456 5125 3526 5165 est
3554 5113 3848 5181 (Jﬂlludtills

2281 5178 2568 5246 episcopus
2597 5179 2843 5249 Calarit.)
2871 5189 2925 5233 ut
2950 5185 3146 5249 quoties
3175 5183 3398 5242 aliquam
3442 5178 3721 5236 molestiam
3744 5197 3846 5234 sen-

2280 5250 2424 5313 serit,
2452 5266 2551 5302 non
2583 5252 2848 5320 procedat,
2875 5253 2974 5304 hoc
3003 5263 3084 5304 est
3123 5251 3438 5306 saeiilicium
3470 5270 3570 5307 non
3599 5255 3842 5312 celebret,

2281 5328 2338 5370 ut
2362 5330 2506 5386 putet
2529 5337 2591 5374 ex
2615 5321 2862 5386 epistola:
2891 5330 3164 5375 contextu.
3195 5323 3326 5377 Vide
3343 5326 3553 5388 Ambr.,
3578 5337 3735 5376 86TH).
3765 5321 3843 5382 17,

2279 5391 2577 5462 eteonsule
2598 5391 2911 5444 Menardnm
2941 5393 2994 5444 in
3023 5394 3158 5445 notis
3180 5394 3244 5446 ad
3277 5405 3620 5458 sacrameut.,
3645 5410 3697 5462 p.
3724 5392 3841 5446 olim

2280 5459 2403 5523 177,
2437 5472 2491 5514 et
2519 5461 2582 5513 ad
2614 5464 2955 5516 concordiam
2993 5462 3147 5531 Reg..
3181 5478 3230 5529 p.
3261 5464 3384 5516 746.

2353 5539 2379 5564 ιι
2413 5533 2489 5584 Ex
2517 5532 2865 5602 Hieronymo.
2899 5534 2949 5585 in
3000 5534 3225 5602 Apolog.
3255 5535 3318 5586 ad
3350 5535 3677 5596 Pammacli.,
3710 5539 3844 5599 patet

2277 5599 2549 5656 Romanos
2575 5617 2676 5670 pro
2705 5599 2912 5668 piaculo
2945 5599 3197 5656 liabUissé
3238 5606 3492 5658 ecclesias
3542 5605 3690 5658 adire
3733 5607 3842 5669 post

2273 5673 2518 5739 copulam
2547 5675 2708 5725 etiam
2742 5673 2939 5726 licitam
2978 5691 2988 5724 :
3027 5676 3217 5737 Quare,
3265 5676 3454 5742 inquit,
3507 5675 3575 5726 ad
3606 5683 3839 5742 martyres

2271 5738 2352 5795 ire
2391 5759 2494 5795 non
2545 5743 2774 5796 audent?
2825 5743 2995 5806 Quare
3040 5761 3141 5796 non
3192 5738 3544 5812 ingrediuntur
3582 5738 3838 5795 ecclesias?

2271 5812 2397 5867 llac
2428 5812 2643 5879 mulier,
2681 5813 2822 5868 baud
2873 5816 3032 5869 dubie
3080 5829 3288 5870 sacram
3321 5815 3703 5872 tlucltaristiam
3727 5823 3836 5885 per‘
