4000 6410
182 278 274 335 301

1455 275 1908 336 οιΑιοοοειυιι
1947 276 2152 334 LIBER
2190 278 2230 331 Ι.

3374 282 3482 337 2οἳ

180 407 339 462 quam
368 389 468 446 Dei
487 389 756 460 judicium
787 398 1056 458 metuens,
1077 403 1202 450 cum
1232 404 1388 447 socru
1419 406 1519 447 sua
1543 402 1567 430 α
1591 391 1658 446 ad
1687 391 1780 447 de-

1893 394 2100 466 Βρῶπων
2128 391 2314 461 μᾶλλον
2344 389 2617 464 πρόσωπον
2662 389 2967 464 ἐρυθριῶσα,
3018 391 3047 449 ἧ
3083 396 3173 451 τήν
3207 399 3296 449 τοῦ
3341 403 3478 451 θεοῦ

180 482 505 538 dicationem
537 482 760 536 oratorii
791 485 1072 550 processit.
1109 482 1235 536 Mox
1270 496 1399 536 vero
1433 490 1492 536 ut
1529 482 1771 552 reliquiae

181 574 319 628 beati
347 571 660 627 Sebastiani
705 573 956 644 martyris
982 573 1276 630 oratorium
1327 577 1586 646 ingressas
1629 586 1814 641 sunt,~

187 665 436 719 eamdem
471 665 740 733 praedicta?
772 675 1030 720 matronae
1053 681 1244 720 nurum
1275 667 1543 737 malignus
1562 669 1781 737 spiritus

182 755 429 824 arripuit,
464 763 522 808 et
567 768 750 809 coram
779 755 924 808 omni
957 757 1154 825 populo
1184 771 1378 820 vexare
1407 759 1590 827 coepit.
1626 758 1781 826 Ejus-

186 848 303 900 dem
333 859 468 898 vero
498 844 722 898 oratorii
753 844 1036 914 presbyter
1055 845 1183 900 dum
1215 860 1334 900 eam
1369 847 1782 902 vehementissi-

184 937 480 1002 mevuari
510 937 873 1006 conspiceret,
919 953 984 990 ex
1029 936 1183 992 altari
1217 938 1458 1006 protinus
1496 937 1778 992 sindonem

186 1031 320 1093 tulit,
358 1042 595 1096 eamque
629 1027 877 1096 operuit;
907 1028 1001 1083 sed
1035 1027 1180 1084 hunc
1227 1028 1384 1082 simul
1415 1037 1635 1098 repente
1663 1028 1780 1082 dia-

194 1123 351 1178 holus
396 1121 618 1174 invasit.
669 1119 734 1173 Et
766 1121 888 1188 quia
935 1119 1074 1174 ultra
1105 1121 1248 1175 vires
1283 1119 1454 1174 voluit
1492 1119 1779 1190 quidquam

189 1228 550 1279 praesumere,
584 1212 900 1280 compulsus
927 1221 1009 1266 est
1036 1226 1365 1282 cognoscere
1396 1213 1447 1266 in
1479 1227 1574 1266 sua
1620 1225 1782 1265 vexa-

193 1305 335 1358 tione
360 1302 494 1372 quid
525 1309 691 1356 esset.
727 1301 791 1354 lli
844 1315 974 1354 vero
1020 1303 1111 1369 qui
1162 1301 1404 1366 aderant,
1453 1302 1684 1368 puellam
1728 1303 1780 1354 in

195 1395 443 1450 manibus
469 1409 533 1448 ex
567 1392 805 1448 oratorio
833 1392 1099 1447 sublatam
1132 1394 1199 1447 ad
1251 1394 1464 1448 domum
1513 1395 1780 1462 propriam

192 1487 636 1555 deportaverunt.
688 1485 932 1552 Cumque
973 1485 1112 1538 hanc
1141 1484 1390 1553 antiquus
1422 1482 1592 1537 hostis
1619 1498 1785 1537 vexa-

193 1575 330 1629 tione
357 1572 622 1628 continua
671 1573 1024 1627 vehementer
1047 1582 1322 1638 avereret,
1372 1573 1658 1643 propinqui
1699 1573 1779 1628 sui

197 1682 311 1720 eam
342 1665 642 1720 carnaliter
663 1675 928 1729 amantes,
957 1672 1016 1720 et
1035 1664 1266 1721 amando
1285 1673 1690 1734 persequentes,
1713 1665 1780 1718 ad

198 1757 551 1811 obtinendum
582 1755 769 1809 salutis
797 1754 1095 1809 remedium
1123 1755 1383 1810 maleﬁcis
1407 1755 1779 1821 tradiderunt;
1815 1777 1859 1836 Β

192 1856 246 1900 ut
272 1848 392 1914 ejus
430 1847 667 1899 animam
716 1843 957 1899 funditus
995 1844 1419 1914 exstinguerent,
1449 1845 1606 1915 cujus
1635 1846 1783 1900 carni

191 1940 406 2005 magicis
469 1936 677 1990 artibus
725 1936 792 1989 ad
855 1944 1068 2003 tempus
1124 1937 1380 2004 prodesse
1433 1945 1780 1992 conarentur.

191 2029 353 2082 Docta
377 2037 464 2082 est
491 2028 671 2094 itaque
694 2027 759 2080 ad
788 2027 1028 2092 ﬂuvium,
1065 2037 1227 2097 atque
1252 2028 1305 2082 in
1337 2042 1528 2096 aquam
1571 2044 1780 2094 mersa;

185 2121 364 2189 ibique
388 2121 602 2174 diutius
633 2119 1088 2174 incantationibus
1115 2134 1276 2190 agere
1319 2121 1546 2175 maleﬁci
1589 2122 1782 2175 molie-

186 2211 400 2276 bantur,
432 2219 490 2263 ut
519 2210 563 2262 is
586 2210 675 2276 qui
704 2224 822 2264 eam
855 2210 1128 2264 invaserat
1173 2209 1424 2264 diabolus
1447 2211 1642 2264 exiret.
1674 2210 1780 2264 Sed

186 2303 323 2356 miro
364 2299 760 2370 omnipotentis
792 2300 883 2354 Dei
927 2300 1145 2368 judicio,
1203 2300 1327 2354 dum
1368 2311 1486 2356 arte
1531 2316 1782 2369 perversa

187 2407 322 2446 unus
367 2391 440 2446 ab
487 2405 548 2445 ea
582 2391 879 2460 repellitur,
913 2392 966 2444 in
999 2407 1117 2445 eam
1150 2393 1327 2445 subito
1373 2391 1514 2462 legio
1545 2393 1780 2448 intravit.

187 2483 364 2552 Capit
390 2497 460 2536 ex
491 2483 593 2537 hoc
617 2482 710 2536 illa
729 2490 810 2536 tot
838 2483 1074 2537 motibus
1096 2483 1307 2552 agitari,
1334 2493 1410 2537 tot
1435 2484 1654 2539 vocibus
1671 2485 1784 2540 cla-

188 2577 541 2645 moribusque
570 2584 934 2644 perstrepere,
977 2585 1112 2642 quot
1159 2575 1434 2643 spiritibus
1479 2577 1779 2631 tenebatur.

188 2667 342 2722 Tunc
372 2667 510 2720 inito
532 2665 757 2721 consilio
788 2679 1040 2735 parentes
1067 2666 1184 2735 ejus
1223 2680 1336 2721 sua)
1381 2667 1622 2735 perﬁdiae
1663 2669 1779 2722 cul-

189 2775 309 2824 pain
349 2758 601 2822 fatentes,
627 2759 763 2814 lianc
794 2757 860 2811 ad
892 2758 1252 2813 venerabilem
1303 2759 1478 2812 virum
1518 2758 1781 2812 Fortuna-

191 2866 302 2906 tam
334 2851 650 2920 episcOpum
675 2850 968 2914 duxerunt,
994 2851 1152 2920 eique
1174 2850 1525 2919 reliquerunt.
1550 2849 1664 2916 Qua
1689 2850 1781 2904 ille

190 2951 462 3011 suscepta,
495 2941 680 2995 multis
711 2956 770 2996 se
794 2940 984 2996 diebus
1027 2955 1090 2996 ac
1113 2941 1359 2995 noctibus
1386 2942 1439 2994 in
1480 2942 1778 2995 orationem

190 3032 376 3097 dedit;
401 3038 657 3102 tantoque
682 3032 875 3086 annisu
905 3031 1153 3100 precibus
1197 3031 1458 3093 incubuit.
1499 3039 1699 3100 quanto
1726 3040 1781 3085 et

190 3123 245 3175 in
288 3136 400 3175 uno
447 3136 679 3190 corpore
725 3130 912 3176 contra
963 3136 1022 3176 se
1065 3122 1325 3177 assistere
1356 3121 1581 3192 legionis
1610 3123 1778 3176 aciem

191 3214 415 3274 invenit.
441 3212 470 3252 δ
494 3214 629 3267 Cum
655 3229 763 3268 non
788 3224 910 3283 post
953 3215 1153 3270 multos
1176 3214 1291 3270 dies
1317 3215 1388 3269 ita
1415 3229 1596 3269 sanam
1623 3225 1783 3284 atque

191 3305 516 3359 incolumem
546 3303 802 3369 reddidit,
835 3318 900 3357 ac
926 3304 973 3358 si
1003 3306 1056 3359 in
1091 3319 1153 3358 ea
1201 3305 1289 3374 jus
1337 3305 1613 3374 proprium
1668 3304 1784 3358 dia-

192 3396 344 3449 holus
378 3409 654 3464 nunquam
680 3394 978 3449 habuisset.

1889 483 2052 556 κρίσιν
2083 480 2379 552 φοϐηθεῖσα,
2414 475 2518 531 ὅθεν
2545 479 2674 545 μετά
2694 485 2784 536 τῆς
2820 477 3003 538 ἑαυτῆς
3028 484 3270 555 πενθερᾶς
3297 487 3371 545 εἰς
3391 487 3480 541 τὸν

1889 571 2208 646 ἒγκαινισμὸν
2229 577 2316 626 τοῦ
2349 571 2613 644 εὐκτηρίου
2632 570 2895 643 προῆλθεν.
2924 572 3081 625 Ἦνίκα
3102 569 3156 625 δὲ
3177 575 3241 627 τά
3269 575 3479 646 λείψανα

1889 670 1979 718 τοῦ
2011 662 2157 734 ἀγίου
2188 663 2448 737 μάρτυρος
2478 661 2816 714 Σεϐαστιανοῦ
2847 663 2897 715 ἐν
2925 669 2996 729 τῷ
3033 664 3284 738 εὐκτηρίῳ
3317 666 3481 728 εἰσῆλ-

1889 756 1993 816 θον,
2031 758 2120 811 τήν
2147 754 2523 827 προλεχθεῐσαν
2564 760 2655 810 τῆς
2693 754 2960 822 ματρὼνης
2997 756 3192 825 νύμφην
3218 795 3233 820 ,
3281 765 3484 832 πνεῦμα

1887 843 2100 916 πονηρὸν
2123 852 2406 913 κρατῆσαν,
2434 843 2637 895 ἐνώπιον
2665 843 2856 899 παντὸς
2877 850 2967 896 τοῦ
2992 844 3117 897 λαοῦ
3153 845 3481 916 δαιμονισθῆ-

1887 954 1971 987 ναι
2008 934 2297 988 πεποίηκεν.
2329 942 2382 983 Ὀ
2412 928 2464 983 δὲ
2503 939 2594 984 τοῦ
2636 932 2904 1004 εὐκτηρίου
2949 936 3323 1011 πρεσϐύτερος,
3352 961 3481 1012 σφο-

1887 1017 2021 1096 δρῶς
2043 1025 2233 1079 ταύτην
2264 1019 2668 1090 δαιμονιζομένην
2696 1022 3036 1091 θεασάμενος,
3078 1027 3129 1078 ἐκ
3165 1035 3254 1082 τοῦ
3306 1031 3487 1084 θυσία-

1886 1116 2100 1186 στηρίου
2130 1118 2220 1171 τὴν
2242 1111 2445 1166 σινδόνα
2471 1112 2661 1176 λαϐὼν,
2693 1116 2883 1174 ταύτην
2919 1118 3197 1172 ἐσκέπασε.
3241 1127 3486 1194 Παραυτά

1887 1205 1942 1260 δὲ
1981 1210 2065 1259 καὶ
2096 1206 2166 1263 εἰς
2193 1204 2388 1258 αὖτὸνὸ
2416 1203 2646 1265 διάϐολος
2668 1208 2860 1265 εἰσῆλθε
2878 1249 2891 1272 ,
2922 1208 3008 1263 διά
3034 1211 3090 1265 τὸ
3119 1213 3251 1286 ὑπὲρ
3281 1223 3302 1252 ε
3331 1213 3488 1270 δύνα-

1888 1319 1972 1368 μιν
1997 1295 2176 1351 τοῦτόν
2211 1317 2261 1349 τι
2296 1296 2669 1368 άποτολμῆσαι⁹
2709 1299 2791 1353 ’ἱνα
2831 1302 2880 1353 ἐν
2929 1309 2991 1372 τῇ
3033 1303 3218 1358 ἑαυτοῦ
3265 1307 3486 1375 ὀχλήσεε

1889 1390 2284 1455 συνωθούμενος.
2316 1395 2417 1458 γνῷ
2439 1389 2489 1439 τί
2513 1388 2654 1440 ἑστιν
2685 1384 2709 1440 ὁ
2738 1391 3002 1444 πέπονθεν.
3034 1394 3092 1446 Οἱ
3112 1392 3167 1447 δὲ
3197 1397 3361 1451 ἐκεῖσε
3399 1401 3483 1452 εὐ-

1884 1482 2126 1556 ρεθίντες,
2161 1489 2252 1541 τήν
2300 1487 2450 1558 κόρην
2498 1487 2548 1538 ἐν
2585 1492 2704 1544 ταῖς
2754 1492 2943 1557 χερσίν
2981 1490 3034 1551 ἐκ
3080 1498 3171 1544 τοῦ
3218 1495 3479 1569 εὖκτηρίου

1887 1568 2122 1641 ἄραντες,
2150 1585 2220 1633 εις
2241 1575 2326 1628 τὸν
2357 1574 2479 1628 ἴδιον
2509 1572 2642 1628 οἷκον
2669 1578 2950 1650 ἀπήγαγον.
2977 1589 3050 1633 Ἑν
3069 1578 3174 1651 ὅσῳ
3203 1581 3256 1637 δὲ
3285 1589 3476 1645 ταύτην

1886 1659 1911 1714 ὁ
1939 1663 2238 1735 ἀρχέκακος
2273 1665 2458 1737 ἐχθρὸς
2487 1665 2806 1739 σφοδροτάτῃ
2834 1669 2924 1741 βίᾳ
2952 1670 3121 1739 ὁχλῶν
3151 1673 3441 1744 συνέτριϐεν
3460 1716 3476 1739 ,

1887 1752 1932 1804 οί
1974 1753 2188 1811 πλησίον
2232 1756 2393 1816 αὐτῆς
2444 1765 2749 1825 σωματικῶς
2797 1761 2950 1815 αὐτὴν
2997 1761 3332 1831 ἀγαπῶντες,
3388 1769 3479 1818 καί

1892 1841 2200 1906 σπεύδοντες
2241 1843 2328 1899 διὰ
2355 1853 2447 1905 τῆς
2490 1849 2760 1918 θεραπείας
2796 1852 3056 1925 σωτηρίας
3087 1852 3245 1909 αὐτὴν
3270 1863 3475 1922 τυχεῖν,

1887 1935 2177 2002 φαρμακοὺς
2201 1935 2327 2005 αὖτῇ
2353 1939 2703 2008 προσήγαγον,
2733 1934 2873 2001 ὅπως
2898 1939 2957 1992 τὸ
2985 1946 3135 2009 σῶμα
3170 1947 3284 1999 ταῖς
3319 1963 3477 2014 μαγι-

1888 2030 1996 2082 καῖς
2032 2025 2244 2094 τέχναις
2283 2025 2413 2096 πρὸς
2455 2028 2624 2099 καιρὸν
2664 2027 3067 2096 ἐπιμελήσασθαι
3109 2032 3349 2097 θέλοντες,
3386 2039 3478 2093 τήν

1888 2111 2068 2182 ψυχήν
2114 2113 2167 2166 ἐκ
2213 2113 2415 2185 βάθρων
2461 2115 2734 2170 σϐἐσωσιν.
2764 2119 3047 2187 ’Δπηνέχθη
3093 2129 3362 2196 τοιγαροῦν
3405 2125 3480 2184 είς

1885 2207 2148 2273 ποταμὸν,
2187 2209 2269 2259 καί
2299 2208 2348 2259 ἐν
2385 2215 2457 2278 τῷ
2486 2206 2636 2262 ὕδατι
2665 2209 2933 2278 βληθεῖσα.
2963 2211 3171 2271 πολλαῖς
3205 2213 3480 2275 ἐπιλαλιαῐς

1888 2297 1932 2348 oi
1968 2299 2218 2370 φαρμακοὶ
2248 2299 2604 2370 χρησάμενοι,
2647 2299 2916 2354 ἐϐούλοντο
2955 2297 3083 2354 ὅτιὸ
3123 2301 3303 2362 ἐπιϐάς
3350 2306 3480 2380 αὐτῇ

1887 2382 2120 2444 διάϐολος
2146 2385 2487 2448 ἐξελεύσηται.
2518 2385 2662 2442 Ἀλλά
2684 2390 2952 2460 θαυμαστή
2981 2398 3071 2445 τοῦ
3094 2392 3476 2464 παντοδυνάμου

1887 2480 2018 2529 Θεοῦ
2042 2478 2070 2533 ἠ
2093 2479 2261 2546 κρίσις
2286 2480 2506 2548 γέγονεν.
2533 2475 2608 2532 Ἐν
2637 2477 2746 2549 ὅσῳ
2772 2482 2868 2555 γάρ
2896 2480 2980 2535 διά
3006 2490 3096 2542 τῆς
3128 2484 3480 2558 ἐξεστραμμᾶ·

1885 2589 1973 2628 νης
2003 2569 2194 2637 τέχνης
2229 2567 2255 2623 ὁ
2290 2567 2358 2628 εἷς
2388 2567 2579 2641 δαίμων
2609 2572 2696 2624 ἀπ’
2726 2574 2879 2632 αὐτῆς
2920 2571 3197 2641 διωχθῆναι
3226 2575 3482 2646 προσεδο-

1886 2667 2031 2727 κᾶτο,
2079 2658 2214 2733 ἄφνω
2255 2665 2325 2722 εἰς
2367 2665 2522 2722 αὐτὴν
2547 2661 2571 2698 d
2610 2664 2788 2736 λεγεὼν
2819 2666 3061 2724 εἰσῆλθεν.
3089 2664 3307 2739 ’Ἤρξατο
3339 2664 3426 2722 οὖν
3449 2670 3481 2728 ἦ

1887 2751 2003 2825 κόρη
2033 2755 2256 2825 τοσαύτῃ
2285 2752 2481 2811 δονήσει
2527 2760 2618 2807 τοῦ
2667 2760 2904 2824 σώματος
2952 2758 3348 2828 συντρίϐεσθαι,
3399 2763 3475 2815 καί

1887 2846 2173 2903 τοσαύταις
2198 2846 2432 2899 ὑλακτεῖν
2459 2855 2665 2920 φωναῖς,
2698 2850 2827 2902 ὥστε
2858 2858 2988 2903 πᾶσι
3020 2851 3228 2927 φανερὸν
3254 2854 3482 2922 γενέσθαι

1887 2935 1987 2989 ὑπὸ
2016 2936 2236 2996 πλήθους
2267 2935 2508 3008 δαιμόνων
2538 2941 2689 2998 αὐτὴν
2712 2940 3094 3010 βασανίζεσθαι.
3127 2944 3250 2997 Τότε
3280 2944 3326 2996 οἱ
3346 2945 3481 2996 ταύ-

1887 3048 1980 3087 της
1998 3036 2159 3099 γονεῖς
2188 3030 2373 3099 βουλήν
2412 3033 2602 3102 ἀγαθὴν
2651 3034 3064 3103 βουλευσάμενοι,
3097 3038 3181 3087 καί
3226 3035 3282 3088 τὸ
3323 3031 3482 3088 αἴτιον

1889 3126 1952 3191 τῇ
1982 3121 2172 3175 ἑαυτῶν
2199 3124 2419 3194 ἀπιστίᾳ
2453 3123 2857 3196 ἐπιγράψαντες,
2891 3126 3079 3182 ταύτην
3118 3126 3248 3196 πρὸς
3283 3125 3366 3178 τὸν
3400 3126 3482 3178 εὖ·

1887 3211 2199 3266 λαϐἐστατον
2229 3210 2390 3284 ἄνδρα
2413 3219 2751 3289 Φορτουνᾶτον
2777 3216 2861 3267 τὸν
2891 3216 3164 3268 ἐπίσκοπον
3195 3216 3476 3288 ἀπήγαγον,

1893 3309 1916 3336 ε
1949 3299 2172 3368 δεόμενοι
2211 3302 2365 3354 αὐτοῦ
2405 3303 2657 3373 βοηθῆσαι
2695 3311 2758 3376 τῇ
2785 3306 3153 3378 χειμαζομένῃθ
3189 3305 3310 3381 παρ’
3344 3310 3482 3381 αὐτῷ

1889 3391 1941 3446 δέ
1969 3393 2163 3447 ταύτην
2205 3390 2625 3461 καταλείψαντες,
2671 3394 3030 3468 ἀνεχώρησαν.
3063 3405 3118 3448 Ὁ
3147 3393 3202 3449 δέ
3232 3404 3317 3450 τοῦ
3349 3404 3482 3451 Θεοῦ

189 3486 454 3559 ἄνθρωπος
480 3481 670 3543 ταύτην
696 3483 986 3554 δεξάμενος,
1019 3486 1103 3542 καί
1129 3484 1214 3538 ἐπί
1245 3484 1436 3544 πολλάς
1482 3486 1669 3559 ἡμέρας
1705 3488 1789 3538 καί
1828 3484 2012 3537 νύκτας
2036 3481 2084 3534 ἐν
2124 3489 2188 3555 τῇ
2217 3481 2348 3554 πρὸς
2376 3483 2498 3536 Θεὸν
2536 3480 2706 3541 δεήσει
2735 3485 2914 3538 ἑαυτὸν
2956 3483 3216 3549 δεδωκὼς,
3253 3490 3484 3561 τοσαύτῃ

192 3583 400 3655 ίπιμονῇ
437 3588 549 3641 ταῖς
581 3581 772 3651 εὐχαῖς
799 3582 1097 3655 ἐχρήσατο,
1130 3577 1251 3634 ὅσον
1289 3584 1380 3638 τήν
1416 3587 1508 3637 τῆς
1549 3579 1788 3651 λεγεῶνας
1826 3577 2017 3634 πληθὺν
2043 3580 2133 3633 τὴν
2167 3576 2218 3628 ἓν
2257 3581 2331 3646 τῷ
2367 3575 2441 3627 ἐνὶ
2485 3579 2690 3647 σώματι
2734 3572 2919 3642 οὖσαν,
2953 3580 3311 3652 ἀνθισταμένην
3343 3582 3487 3654 αὐτῷ

191 3669 453 3744 εὗρεν.οῦ
480 3673 613 3742 μετά
637 3671 826 3730 πολλάς
879 3669 930 3725 δέ
973 3671 1169 3744 ἡμέρας
1210 3666 1358 3729 οὗτος
1397 3671 1548 3727 αὐτὴν
1594 3669 1709 3740 ὑγιῆ
1742 3671 1828 3722 καί
1867 3666 2154 3739 ίῤῥωμένην
2182 3671 2290 3725 τοῖς
2337 3670 2567 3736 γονεῦσιν
2609 3666 2883 3732 ἀπέδωκεν,
2931 3669 2999 3728 ὡς
3043 3667 3125 3724 ὅτε
3165 3668 3402 3725 οὐδέποτε
3436 3672 3486 3724 ἐν

192 3767 324 3838 αὐτῇ
348 3763 379 3819 ὁ
399 3763 635 3825 διάϐολος
665 3765 896 3827 ἐξουσίαν
923 3761 1105 3833 ἔσχεν.

271 3855 436 3926 ιω
473 3853 598 3912 Alio
622 3867 836 3922 quoque
859 3860 1100 3920 tempore
1127 3849 1264 3904 idem
1290 3849 1375 3903 vir
1402 3847 1786 3916 omnipotentis

196 3946 293 4002 Dei
316 3945 555 4000 famulus
584 3959 651 4000 ex
680 3943 906 3998 obsesso
934 3942 1167 4012 quodam
1195 3940 1412 3996 homine
1451 3940 1787 3994 immundum

188 4037 442 4108 spiritum
473 4034 736 4094 excussit.
763 4033 866 4102 Qui
897 4033 1166 4103 malignus
1194 4032 1416 4101 spiritus
1457 4046 1579 4087 cum
1602 4046 1791 4100 vespe-

192 4137 444 4183 rascente
472 4126 584 4195 jam
611 4126 699 4181 die
729 4134 992 4186 secretam
1020 4125 1090 4178 ab
1122 4123 1430 4178 hominibus
1461 4123 1644 4176 horam
1677 4137 1794 4176 cer-

193 4229 376 4284 neret,
407 4217 752 4287 peregrinum
783 4214 1090 4284 quempiam
1139 4229 1259 4268 esse
1291 4228 1350 4267 se
1378 4213 1661 4276 simulans,
1684 4214 1790 4265 cir-

191 4312 346 4368 cuire
369 4309 542 4380 erepit
566 4308 800 4364 civitatis
830 4307 1034 4377 plateas
1080 4315 1137 4361 et
1191 4306 1426 4360 clamare
1469 4323 1484 4359 :
1533 4305 1576 4358 Ο
1616 4306 1787 4357 virum

195 4410 442 4456 sanctum
494 4397 849 4453 Fortunatam
901 4398 1246 4466 episcopum!
1302 4411 1430 4453 ecce
1477 4394 1599 4462 quid
1632 4393 1790 4447 fecit?

195 4493 545 4563 peregrinum
567 4491 847 4545 hominem
877 4490 944 4544 de
971 4490 1206 4558 hospitio
1232 4504 1332 4543 suo
1359 4489 1579 4556 expulit.
1598 4490 1790 4553 Quaero

2152 3845 2238 3899 Ἐν
2269 3843 2400 3916 ἄλλῳ
2424 3851 2589 3901 τοίνυν
2613 3855 2792 3922 καιρῷ,
2822 3846 2847 3899 ὁ
2876 3847 3156 3916 σεϐάσμιος
3185 3845 3334 3906 οὗτος
3359 3849 3485 3921 ἀνὴρ

1890 3941 1916 3995 ὁ
1952 3941 1969 3978 ί
2005 3941 2231 4000 ἀληθινὸς
2260 3946 2354 3995 τοῦ
2385 3937 2775 4009 παντοδυνάμου
2807 3946 2934 3994 Θεοῦ
2979 3937 3188 4006 δοῦλος,
3227 3939 3487 4011 ἄνθρωπόν

1892 4055 2005 4089 τινα
2043 4034 2148 4086 ὑπὸ
2200 4030 2491 4102 πνεύματος
2541 4030 2825 4100 ἀκαθάρτου
2880 4032 3239 4103 κρατούμενον,
3287 4029 3369 4084 διά
3395 4039 3487 4091 τῆς

1894 4125 2043 4196 ἁγίας
2070 4125 2232 4178 αὐτοῦ
2262 4125 2426 4193 εὐχῆς
2453 4122 2816 4194 ἠλευθέρωσεν.
2845 4124 2911 4174 Τὸ
2939 4119 2990 4174 δέ
3022 4122 3309 4184 ἔξεληλυθὸς
3329 4144 3487 4180 πονη·

1897 4217 1982 4291 ρὸν
2019 4221 2237 4287 πνεῦμα,
2270 4215 2399 4288 πρὸς
2429 4215 2652 4287 ἑσπέραν
2694 4211 2791 4271 ἤδη
2829 4213 2995 4266 λοιπὸν
3031 4222 3120 4271 τῆς
3159 4215 3350 4285 ἡμέρας
3388 4213 3488 4266 γλι-

1896 4309 2118 4369 νούσης,
2155 4308 2240 4358 καί
2267 4313 2359 4364 τῆς
2395 4305 2574 4363 νυκτὸς
2615 4304 2943 4366 ἐπελῗούσης,
2967 4304 3169 4357 πάντων
3199 4305 3248 4355 ἓν
3284 4305 3488 4377 ἡσυχίᾳ

1897 4397 2071 4463 ὄντων,
2103 4399 2235 4461 ξένον
2259 4397 2372 4450 τινὰ
2402 4394 2582 4449 ἑαυτὸν
2605 4397 3087 4468 προσποιησάμενον
3110 4431 3125 4456 ,
3156 4395 3250 4453 τάς
3274 4402 3364 4452 τῆς
3393 4394 3488 4447 πό-

1896 4492 2019 4551 λεως
2037 4492 2285 4549 πλατείας
2312 4490 2546 4562 γυρεύειν
2564 4487 2772 4562 ἤρξατο,
2797 4489 2992 4559 κράζων
3012 4490 3095 4538 καί
3111 4487 3286 4556 λέγων·
3310 4484 3373 4537 Ὠ
3393 4491 3484 4538 τοῦ

195 4585 288 4642 ubi
315 4584 669 4654 requiescere
689 4583 939 4647 debeam,
964 4593 1016 4637 et
1039 4584 1090 4636 in
1122 4583 1336 4636 civitate
1363 4581 1481 4650 ejus
1512 4595 1616 4634 non
1642 4583 1785 4634 inve-

1893 4584 2038 4655 ἁγίου
2058 4582 2236 4655 ἀνδρὸς
2260 4582 2604 4651 Φορτουνάτου
2633 4586 2724 4633 τοῦ
2760 4578 3053 4632 ἐπισκόπου·
3083 4581 3133 4631 τί
3178 4579 3445 4634 πεποίηκεν
3471 4595 3485 4642 ;

161 4679 176 4712 ¹
198 4675 311 4732 nio.
331 4671 490 4728 Tunc
509 4673 728 4744 quidam
757 4673 812 4726 in
838 4672 1075 4741 hospitio
1105 4686 1225 4726 cum
1250 4684 1416 4725 uxore
1446 4685 1540 4724 sua
1585 4678 1640 4724 et
1668 4685 1790 4738 par-

201 4771 323 4825 vulo
354 4769 468 4823 tilio
494 4765 562 4822 ad
591 4777 793 4834 prunas
813 4763 1060 4829 sedebat,
1082 4765 1170 4833 qui
1196 4778 1378 4818 vocem
1407 4765 1520 4829 cjus
1547 4763 1793 4824 audiens,

199 4872 253 4917 et
279 4861 410 4932 quid
435 4859 724 4929 episc0pus
745 4859 794 4912 ei
820 4857 1008 4914 fecerit
1056 4858 1354 4926 requirens,
1387 4859 1527 4910 hunc
1556 4855 1798 4908 invitavit

201 4953 461 5021 hospitio,
497 4952 688 5004 sedere
720 4965 903 5003 secum
947 4948 1112 5017 juxta.
1149 4964 1350 5018 prunas
1383 4949 1525 5001 fecit.
1557 4947 1797 5014 Cumque

201 5045 444 5097 vicissim
464 5040 642 5109 aliqua
666 5039 1164 5104 confabularcntur,
1193 5040 1468 5106 parvulum
1489 5036 1604 5107 ejus
1630 5035 1793 5088 lilium

201 5136 344 5190 idem
371 5133 642 5202 malignus
664 5132 883 5200 spiritus
915 5131 1130 5195 invasit,
1163 5139 1323 5200 atque
1350 5130 1404 5184 in
1427 5130 1639 5184 easdem
1669 5144 1795 5197 pru-

205 5277 369 5343 cepit,
414 5273 558 5343 quod
609 5272 927 5341 conjugihus
976 5281 1095 5339 post
1130 5285 1278 5343 _opus
1319 5270 1539 5343 carnale
1577 5267 1786 5343 legibus

205 5336 587 5400 coelestia-sitas
611 5336 1086 5396 estintertlictunt.
1130 5336 1269 5408 Lege
1308 5341 1438 5392 (Ian.
1469 5339 1561 5402 Ἣ,
1614 5336 1790 5390 Omnis

207 5419 358 5468 Itonia
385 5417 452 5467 de
483 5412 910 5477 consecratione,
945 5412 1071 5466 dist.
1127 5411 1182 5474 2,
1213 5419 1266 5464 et
1317 5410 1539 5465 Μςιυιιι..
1568 5409 1618 5460 in
1651 5409 1788 5460 nolis

205 5487 270 5537 ad
297 5482 460 5550 epist.
491 5483 729 5536 Vaselini
759 5482 989 5550 abbatis,
1023 5490 1062 5533 t.
1097 5480 1113 5533 Ι
1150 5480 1370 5544 Annal.,
1405 5495 1458 5545 p.
1485 5479 1612 5550 556.

276 5567 301 5592 ⁸
334 5547 546 5616 Νοτηι..
579 5553 785 5622 primus
812 5549 1034 5605 Carnot.
1060 5559 1115 5604 et
1146 5553 1252 5604 duo
1293 5550 1520 5614 Tlteod.,
1545 5549 1613 5600 at!
1644 5547 1792 5600 dedi.

203 5628 428 5677 cundum
451 5623 758 5675 oratorium.

274 5695 304 5735 δ
340 5696 414 5749 Ita
449 5694 632 5760 legere
653 5702 850 5760 Cogunt
891 5690 1016 5743 Mss.
1061 5689 1258 5743 Excusi
1298 5697 1634 5744 mutaverunt
1681 5703 1792 5740 cum

497 5787 778 5846 Parnoc.
811 5781 1129 5841 LXXV“.

1893 4673 2001 4727 ίδοὺ
2023 4675 2121 4745 γὰρ
2140 4672 2270 4735 ξένον
2290 4669 2546 4744 ἄνθρωπον
2559 4671 2612 4720 ἐκ
2624 4675 2711 4721 τοῦ
2730 4667 2914 4719 κελλίου
2931 4668 3085 4721 αὑτοῦ
3099 4666 3318 4728 ἒξέϐαλε.
3339 4675 3480 4724 Ζητῶ

1897 4772 1921 4808 Β
1953 4783 2052 4817 που
2084 4761 2264 4830 ὤφελον
2291 4760 2578 4814 άναπαῆναι
2602 4754 2781 4825 [Forte
2805 4755 2906 4823 leg.
2972 4752 3368 4825 ἀναπαιθῆναι],
3394 4761 3482 4810 καί

1898 4855 1948 4905 ἓν
1975 4858 2038 4924 τῇ
2066 4849 2204 4903 πόλει
2226 4849 2378 4901 αὐτοῦ
2409 4847 2563 4901 τόπον
2594 4847 2694 4914 οὐχ
2717 4845 2955 4917 εὑρίσκω.
2983 4855 3186 4905 Ταυτης
3228 4843 3281 4899 δὲ
3326 4855 3488 4918 φωνῆς

1902 4946 2026 5016 ἀνήρ
2043 4961 2121 5000 τις
2142 4939 2384 5002 ἀκούσας,
2408 4939 2456 4991 ἐν
2472 4946 2541 5004 τῷ
2565 4935 2686 5008 οἴκῳ
2711 4937 2888 4999 αὐτοῦ,
2914 4934 3019 5007 ἅμα
3036 4944 3124 4994 τῆς
3143 4936 3325 4989 ἑαυτοῦ
3354 4958 3487 5005 συμ-

1904 5038 2015 5090 ϐίου
2032 5037 2116 5088 καί
2131 5037 2317 5102 σεμνοῦ
2334 5029 2542 5087 παιδίου
2561 5032 2706 5103 παρά
2720 5036 2780 5103 τῇ
2797 5035 2937 5100 πυρᾷ
2955 5029 3298 5097 καθεζόμενος,
3314 5036 3491 5084 τοῦτον

1902 5126 2140 5192 καλέσας,
2192 5125 2273 5175 καί
2302 5119 2616 5184 ἐπιζητήσας
2655 5119 2706 5174 τί
2754 5119 2911 5171 αὐτοῦ
2951 5117 2974 5171 ὁ
3010 5118 3286 5176 ἐπίσκοπος
3313 5124 3492 5173 πεποί-

1901 5281 1952 5318 ΙΙΙ
1983 5279 2160 5318 quam.

2019 5282 2160 5316 nam.

1970 5282 2013 5370 θη
2030 5334 2177 5395 Mss.,
2203 5331 2413 5398 δύναμίν
2441 5342 2493 5382 τι
2524 5328 2817 5396 άποτολμᾷν
2838 5335 3068 5383 ποιῆσαι.

1971 5400 1997 5438 d
2033 5403 2195 5455 Iidem
2207 5441 2220 5464 ,
2251 5403 2480 5467 λεγαιών.

1975 5481 1999 5509 ⁸
2030 5473 2187 5540 “03.,
2217 5465 2438 5540 δεόμενοι
2463 5471 2546 5521 καί
2569 5469 2975 5543 παρακαλοῦντες
2992 5467 3147 5522 αὐτὸν
3161 5465 3490 5542 βρηθῆσαι..ο

1902 5545 2277 5617 ὑπεχάρησαν.

1978 5610 2189 5680 ί-ιιρεη
2224 5610 2252 5666 δ
2279 5611 2469 5669 ἀληθῶς
2497 5615 2609 5665 τοῦ.

1976 5693 2001 5732 ⁸
2038 5684 2186 5751 Mss.,
2212 5703 2313 5738 που
2343 5682 2537 5753 ὀφείλω.
