4000 6408
184 308 284 361 Ξῖ.τό

1469 306 1915 363 υιΑωςοῐὶωι
1962 305 2161 361 [ΛΜ.ῐῖ
2199 307 2243 366 t.
2287 293 2299 300 ’

3368 300 3472 358 206

121 446 124 448 ·
159 426 336 501 ,τυηο
365 423 508 479 idem
534 424 694 478 miles
724 439 918 494 equum
940 437 1117 489 suum,
1147 437 1304 492 quem
1349 420 1632 475 celerrimo
1669 422 1774 474 mi-

1886 422 1965 473 έπὶ
1990 425 2080 477 την
2109 427 2196 475 τοῦ
2223 415 2390 474 ἶππόυ
2420 419 2627 491 κεφαλὴν
2654 421 2736 474 τὸν
2764 421 2926 474 τύπον
2949 423 3037 473 τοῦ
3072 422 3301 491 σταυροῦ
3319 418 3466 474 ποεή*

158 511 165 525 “
191 517 351 571 raculi
377 516 610 584 imperio
631 530 662 567 a
691 530 788 570 sua
818 517 1029 570 vesania
1052 514 1184 568 vidit
1211 515 1572 577 immutatum,
1594 509 1771 565 eidem

193 616 372 660 sancto
401 607 522 659 viro
569 606 809 660 decrevit
838 605 1191 661 olferen‘dum.
1220 605 1391 669 Quem
1441 617 1560 656 cum
1604 603 1774 655 susei-

191 712 310 764 pere
336 695 426 749 ille
455 704 738 761 renueret,
774 695 885 764 ipse
911 710 1037 749 vero
1062 695 1112 748 in
1140 693 1409 762 precibus,
1439 707 1508 746 ne
1533 690 1776 758 despice-

193 793 338 840 retur
367 784 487 853 ejus
510 785 734 848 oblatio,
769 793 1158 852 perseveraret,
1193 791 1411 839 sanctus
1443 781 1523 835 vir
1542 780 1772 834 mediam

191 878 409 930 duarum
441 876 678 943 partium
707 875 844 927 viam
875 883 1086 939 tenens,
1136 887 1192 929 et
1237 873 1548 943 petitionem
1591 870 1776 924 militis

193 968 410 1032 audivit,
443 976 498 1020 et
528 980 722 1019 munus
743 965 986 1033 recipere
1018 979 1117 1032 pro
1138 965 1374 1019 exhibita
1399 964 1593 1017 virtute
1621 976 1773 1015 recu-

191 1058 352 1120 savit;
394 1056 547 1124 prius
602 1069 832 1123 namque
879 1055 1099 1124 dignum
1147 1055 1375 1123 pretium
1430 1052 1675 1122 praebuit,
1721 1059 1776 1104 ct

192 1157 372 1216 postea
440 1161 639 1216 equum
691 1145 781 1213 qui
839 1142 937 1199 sibi
994 1143 1318 1198 otl‘erebatur
1364 1141 1590 1209 accepit.
1641 1139 1773 1206 Quia

193 1237 330 1292 enim
384 1238 426 1290 si
481 1252 588 1290 non
633 1235 952 1304 susciperet,
980 1249 1102 1290 eum
1143 1232 1452 1288 contristari
1480 1245 1776 1299 conspexe-

194 1338 289 1391 rat,
349 1329 617 1382 charitate
663 1337 889 1396 cogente
937 1326 1068 1381 emit
1105 1326 1244 1394 quod
1276 1323 1637 1378 necessarium
1669 1337 1772 1375 nou

194 1421 414 1476 bahebat
427 1458 443 1473 .

1883 532 2000 573 σας,
2032 517 2211 565 πᾶσαν
2242 511 2401 566 αὐτοῦ
2423 514 2513 569 τὴν
2539 510 2742 564 λύσσαν
2767 513 2836 570 ι’ς
2874 509 3141 581 πραότητα
3173 504 3466 578 μετέϐαλεν

1887 603 2020 656 ὥστε
2051 601 2338 676 πραότερον
2377 601 2533 654 αὐτὸν
2573 599 2758 669 μᾶλλον
2803 597 2977 653 ἔκτοτε
3004 597 3232 670 γενέσθαι
3251 596 3383 672 ὑπὲρ
3410 596 3472 652 τὸ

1883 693 2152 766 πρότερον,
2183 695 2299 769 πρὶν
2317 692 2347 751 ἦ
2374 698 2464 751 την
2489 692 2686 750 λύσσαν
2715 693 2898 748 ἐκείνην
2935 696 3068 763 σχῇ.
3107 687 3232 742 Τότε
3254 687 3280 741 ό
3303 707 3473 762 στρα-

1882 785 2068 842 τιώτης
2087 785 2264 844 ἐκεῖνος
2285 785 2368 837 τόν
2392 784 2578 838 ἑαυτοῦ
2593 786 2770 846 ἵππον,
2797 781 2946 859 ὅνπερ
2965 781 3231 853 θαυμασία
3248 778 3474 833 κελεύσει

1884 875 2150 935 συντόμως
2193 876 2244 926 ἐκ
2295 882 2386 933 τῆς
2425 874 2618 932 λύσσης
2669 873 2864 926 ἰαθέντα
2915 873 3181 930 ἐθεάσατο,
3224 875 3297 940 τῷ
3345 867 3473 938 ἀγὶῳ

1877 965 2044 1034 τούτῳ
2073 963 2217 1038 ἀ,δρὶ
2242 967 2582 1037 προσενέγκαι
2605 962 2786 1037 ἔκρινε.
2817 973 2838 999 ο
2868 967 2944 1019 Μή
2974 961 3282 1034 βουλομένου
3309 957 3362 1013 δέ
3385 960 3472 1013 τὸν

1875 1055 2032 1109 ἶππον
2057 1060 2149 1109 τοῦ
2172 1053 2452 1109 ἐπισκόπου
2483 1051 2744 1117 δέξασθαι,
2771 1053 2927 1111 αὐτὸς
2959 1051 3203 1121 ἀπᾶμενεν
3232 1049 3470 1104 ἱκετεύων

1878 1148 1947 1214 μή
1977 1146 2417 1219 παροικτρωθῆναι
2456 1148 2546 1201 τήν
2586 1143 2749 1196 αὑτοῦ
2799 1141 3110 1217 προσφοράν.
3155 1150 3212 1193 ‘0
3242 1137 3296 1194 δέ
3327 1138 3471 1210 ἅγιος

1879 1234 2004 1306 ἀνὴρ
2026 1231 2203 1297 οὗτος,
2233 1234 2389 1301 μέσην
2417 1230 2529 1286 ὁδὸν
2556 1235 2841 1302 κρατήσας,
2870 1233 2954 1284 καὶ
2977 1235 3065 1288 τὴν
3089 1236 3179 1284 τοῦ
3205 1230 3468 1302 στρατιῶ-

1879 1345 1967 1378 του
1995 1323 2195 1386 αῗτησιν
2237 1324 2524 1394 ἐπλήρωσε,
2570 1327 2652 1376 καὶ
2699 1324 2756 1377 τό
2801 1321 2958 1396 δῶρον
3006 1320 3244 1385 δέξασθαι
3288 1318 3373 1374 διά
3411 1319 3469 1374 τό

1879 1415 2130 1484 γενόμενον
2160 1416 2333 1482 Θαῦμα
2357 1415 2446 1466 οὐκ
2471 1413 2700 1471 ἠθέλησε.
2730 1412 2976 1486 Πρότερον
3007 1407 3093 1466 οὖν
3125 1410 3322 1466 δικαίαν
3342 1408 3368 1448 δ
3392 1432 3470 1467 τι·

196 1516 282 1578 μὲν
310 1508 575 1572 δεδωκὼς,
607 1508 721 1562 τότε
779 1509 860 1562 τόν
901 1508 1058 1561 ἵππον
1095 1507 1178 1560 τὸν
1209 1506 1624 1579 προσενεχθέντα
1665 1505 1801 1572 αὐτῷ
1851 1501 2069 1566 ἐδέξατο.
2123 1506 2178 1557 Εἰ
2221 1511 2290 1573 μη
2331 1507 2429 1580 γάρ
2474 1509 2654 1558 τοῦτον
2700 1502 2872 1558 λαϐεῖν
2919 1501 3251 1568 κατεδέξατο,
3280 1508 3409 1558 πάνυ
3441 1501 3470 1556 ὅ

193 1603 514 1672 στρατιώτης
549 1601 773 1658 θλιϐἧναι
797 1600 1020 1672 ἤμελλεν.
1060 1607 1160 1660 Τῆς
1202 1596 1288 1653 οὖν
1318 1601 1518 1669 ἀγάπης
1557 1594 1970 1669 ἀναγκαζούσης,
1993 1595 2267 1670 ἠγόρασεν,
2299 1592 2460 1666 οὗπερ
2492 1597 2672 1668 χρείαν
2691 1595 2780 1648 ούκ
2799 1592 2963 1665 εἶχεν.

259 1693 447 1761 Neque
477 1693 578 1746 hoc
624 1691 786 1746 silere
830 1691 898 1745 de
955 1691 1116 1759 hujus
1142 1691 1242 1745 viri
1271 1691 1555 1745 virtutibus
1584 1689 1776 1752 debeo,

1954 1685 2082 1740 Ούδὲ
2105 1693 2258 1741 τοῦτο
2283 1687 2753 1759 παρασιωπηθῆναι
2781 1683 2972 1739 δίκαιον
3004 1685 3153 1756 κρίνω
3171 1685 3226 1738 εκ
3259 1690 3357 1738 τῶν
3375 1689 3466 1738 τοῦ

202 1787 344 1855 quod
374 1796 499 1839 ante
528 1785 643 1838 dies
671 1784 782 1839 fere
810 1783 1094 1839 duodecim
1123 1784 1332 1852 agnovi.
1373 1782 1598 1848 Quidam
1623 1795 1775 1835 nam-

196 1892 298 1946 que
326 1879 391 1929 ad
419 1889 509 1929 me
536 1873 803 1929 deductus
824 1883 906 1928 est
929 1889 1090 1928 senex
1119 1888 1351 1942 pauper;
1380 1882 1537 1940 atque
1565 1880 1622 1925 ut
1650 1869 1776 1924 mihi

202 1983 388 2021 senum
416 1964 709 2020 collocutio
731 1979 851 2019 esse
873 1978 1086 2032 semper
1103 1964 1348 2017 amabilis
1364 1963 1521 2026 solet,
1544 1960 1779 2015 studiose

198 2059 335 2111 hunc
365 2055 509 2110 unde
538 2064 684 2110 esset
707 2053 983 2123 inquisivi,
1016 2054 1104 2122 qui
1127 2068 1188 2108 se
1230 2068 1352 2108 esse
1383 2052 1450 2106 de
1487 2049 1778 2105 Tudertiua

196 2146 410 2200 civitate
443 2145 740 2213 respondit.
791 2144 886 2198 Cui
921 2144 1134 2212 inquam
1196 2160 1210 2197 :
1261 2143 1455 2208 Quaeso
1485 2153 1555 2206 te,
1601 2141 1776 2207 Pater,

196 2250 318 2289 num
349 2235 702 2289 Fortunatum
732 2235 1044 2303 episcopum
1075 2233 1249 2287 nosti?
1277 2233 1375 2299 Qui
1401 2233 1512 2286 ait:
1543 2231 1698 2297 Novi,
1725 2237 1782 2285 et

195 2325 332 2379 bene
363 2325 510 2378 novi.
536 2325 688 2379 Tunc
729 2325 843 2394 ipse
885 2323 1139 2393 subjunxi
1172 2341 1188 2378 :
1216 2323 1328 2386 Dic,
1384 2338 1534 2392 rogo,
1581 2322 1627 2376 si
1677 2337 1773 2391 qua

198 2415 342 2470 illius
375 2413 637 2468 tniracula
665 2413 827 2477 nosti,
853 2423 908 2468 et
934 2412 1262 2468 desideranti
1311 2411 1439 2466 mihi
1489 2409 1662 2478 qualis
1701 2411 1781 2464 vir

199 2507 355 2562 fuerit
397 2509 697 2560 innotesce.
753 2506 852 2571 Qui
899 2504 976 2559 ait
1006 2519 1020 2558 :
1049 2504 1220 2558 Homo
1273 2503 1365 2558 ille
1402 2502 1557 2572 longe
1591 2500 1686 2555 fuit
1711 2502 1780 2554 ab

197 2598 314 2652 istis
345 2596 652 2652 hominibus
678 2611 813 2665 quos
839 2595 1082 2649 videmus
1113 2595 1291 2649 modo.
1345 2593 1477 2648 Nam
1521 2593 1778 2662 quidquid

197 2691 264 2743 ab
291 2689 648 2758 omnipotenti
683 2689 790 2742 Deo
813 2686 985 2757 petiit,
1018 2686 1088 2740 ita
1119 2685 1244 2740 dum
1286 2694 1494 2754 peteret
1523 2685 1780 2753 impetra-

199 2781 294 2834 vit.
319 2780 489 2848 Cujus
519 2780 619 2834 hoc
648 2796 810 2833 unum
837 2793 1002 2834 narro
1025 2779 1364 2845 miraculum,
1387 2779 1526 2847 quod
1549 2777 1616 2832 ad
1645 2792 1782 2846 pra:-

200 2886 324 2925 sens
381 2871 568 2923 animo
623 2870 879 2925 occurrit.
930 2869 1171 2935 Quadam
1223 2883 1453 2937 namque
1503 2867 1591 2922 die
1621 2867 1780 2922 Gothi

198 2958 344 3029 juxta
377 2960 727 3014 Tudertinam
758 2960 1028 3014 civitatem
1057 2968 1337 3025 venerunt,
1369 2959 1457 3028 qui
1508 2959 1574 3013 ad
1604 2967 1780 3027 partes

1883 1776 2030 1848 ἀγὶου
2075 1779 2261 1831 τούτου
2309 1773 2490 1852 ἀνδρὸς
2522 1783 2545 1811 θ
2575 1773 2854 1846 δυνάμεων,
2905 1773 3032 1849 ὅπερ
3073 1776 3175 1849 πρὸ
3220 1783 3320 1830 τῶν
3367 1773 3471 1830 δὼ-

1882 1863 2001 1920 δεκα
2019 1868 2213 1920 τούτων
2240 1867 2439 1940 ἡμερῶν
2477 1862 2656 1935 ἔγνων.
2689 1867 2852 1938 Γέρων
2877 1865 2976 1935 γάρ
3005 1885 3084 1922 τις
3111 1864 3330 1934 πτωχὸς
3355 1862 3469 1922 ἦλθε

1881 1958 2009 2033 πρός
2034 1977 2116 2028 με.
2145 1967 2229 2017 Ὦς
2256 1955 2309 2010 δὲ
2336 1956 2617 2029 προσφιλής
2653 1977 2739 2027 μοι
2771 1957 2989 2011 πάντοτε
3026 1962 3126 2010 τῶν
3166 1956 3415 2029 γερόντων
3438 1959 3470 2014 ἡ

1881 2051 2146 2119 συντυχία
2173 2049 2427 2122 ὑπάρχει,
2467 2054 2732 2114 νουνεχῶς
2771 2053 2944 2101 τοῦτον
2967 2043 3118 2100 πόθεν
3152 2047 3288 2100 ἐστὶν
3314 2048 3469 2120 ἠρξά-

1882 2162 1982 2211 μην
2022 2142 2308 2214 έπερωτᾷν³
2341 2137 2482 2197 ὅστις
2520 2139 2603 2192 καὶ
2651 2138 2750 2191 ἀπὸ
2801 2145 2890 2196 τῆς
2943 2137 3134 2198 πόλεως
3180 2134 3471 2212 Τουδέρεως

1882 2231 2064 2287 ἑαυτὸν
2092 2226 2220 2285 εἶναι
2250 2228 2492 2302 ἔφασκεν.
2523 2227 2648 2300 Ἐγὼ
2688 2226 2742 2282 δέ
2771 2229 3010 2300 προσθεὶς
3038 2225 3198 2281 ε’πονο
3222 2231 3354 2282 Αἱτῶ
3385 2247 3467 2291 σε,

1883 2326 2067 2395 πάτερ,
2089 2325 2429 2397 Φορτουνᾶτον
2461 2319 2544 2373 τὸν
2578 2320 2852 2373 ἐπίσκοπον
2891 2321 3185 2390 γινώσκεις;
3225 2319 3382 2378 saxa;
3417 2316 3470 2371 δέ

1883 2415 2191 2489 ἀποκριθεὶς,
2223 2408 2353 2466 εἷπε’
2385 2413 2642 2474 Γινώσκω,
2675 2413 2756 2464 καὶ
2784 2410 2917 2464 πάνυ
2949 2410 3109 2469 καλῶς
3138 2409 3288 2463 αὐτόν
3324 2410 3471 2481 γινὼ·

1884 2525 2012 2557 σκω.
2036 2503 2160 2574 Ἐγώ
2186 2497 2273 2555 οὖν
2300 2501 2429 2578 πρὸς
2455 2501 2604 2556 αὑτὸν
2630 2498 2773 2571 ἔφην·
2800 2503 2947 2566 Εἰπέ,
2973 2498 3220 2565 δυσωπῶ,
3250 2501 3334 2553 ἐάν
3359 2520 3471 2556 τινα

1883 2599 1984 2646 τῶν
2020 2593 2179 2647 αὐτοῦ
2223 2593 2498 2663 θαυμάτων
2545 2594 2813 2664 γινώσκῃς,
2855 2592 2943 2644 καὶ
2985 2589 3349 2660 έπιθυμοῦντός
3373 2609 3470 2658 μου
3549 2633 3553 2636 .

1888 2681 1907 2722 ί
1943 2683 2182 2758 διηγῆσαι
2225 2684 2403 2747 ὁποῖος
2439 2687 2565 2758 ἀνὴρ
2610 2686 2846 2759 ὑπῆρχε.
2870 2683 2990 2740 Τότε
3026 2683 3052 2738 ό
3081 2685 3240 2759 γέρων
3267 2686 3472 2759 ἀποκρι·

1884 2775 2006 2839 θεὶς,
2037 2771 2192 2830 εἶπεν
2215 2773 2272 2828 Ὀ
2301 2777 2425 2849 ἀνὴρ
2470 2775 2648 2834 ἐκεῖνος
2684 2774 2881 2847 μακράν
2914 2773 3153 2849 ὑπῆρχεν
3190 2780 3215 2819 Β
3245 2772 3347 2828 ἀπό
3373 2779 3473 2827 τῶν

1884 2867 2158 2938 ἀνθρώπων
2202 2874 2294 2927 τῆς
2329 2872 2504 2940 γενεᾶς
2552 2867 2746 2925 ταύτης
2786 2864 2850 2918 ὧν
2891 2871 2976 2918 νῦν
3014 2865 3318 2936 θεωροῦμεν.
3366 2863 3474 2921 Εἴτε

1883 2963 1982 3034 γὰρ
2010 2964 2154 3036 παρά
2174 2969 2264 3015 τοῦ
2294 2959 2684 3030 παντοδυνάμου
2716 2964 2850 3014 Θεοῦ
2878 2963 3066 3031 ᾐτεῖτο,
3088 2953 3116 2992 h
3132 2957 3304 3015 εὐθέως
3324 2960 3473 3010 τοῦτο

200 3053 472 3107 Ravenna:
498 3051 881 3122 properabant,
913 3062 968 3107 et
996 3052 1130 3106 duos
1173 3065 1367 3121 parvos
1413 3051 1663 3119 puerulus
1713 3052 1779 3106 de

1886 3055 2180 3126 ἐλάμϐανεν.
2210 3054 2294 3110 Ἓν
2341 3054 2394 3111 δέ
2441 3058 2495 3110 έκ
2521 3063 2622 3109 τῶν
2669 3052 2828 3110 αὑτοῦ
2874 3052 3168 3122 θαυμάτων,
3221 3050 3346 3125 ὅπερ
3387 3071 3477 3119 μοε

199 3145 540 3211 possessione
571 3143 925 3208 abstulerant,
981 3159 1098 3212 qua:
1132 3143 1397 3211 possessio
1421 3143 1654 3210 praefata:
1680 3143 1781 3197 Tu-

201 3235 424 3289 dertiua:
447 3236 651 3290 civitati
681 3235 1012 3304 subjacebat.
1031 3233 1144 3290 Hoc
1167 3250 1286 3288 cum
1313 3235 1428 3289 viro
1444 3236 1782 3289 sanctissimo

201 3324 496 3380 Fortunato
547 3325 849 3379 nuntiatum
880 3325 1089 3388 luisset,
1142 3326 1386 3393 protinus
1430 3326 1597 3393 misit,
1624 3334 1784 3396 atque

199 3416 419 3470 eosdem
445 3416 656 3470 Gothos
677 3415 744 3469 ad
768 3430 828 3471 se
857 3416 1068 3471 evocari
1101 3415 1245 3470 fecit.
1269 3417 1414 3483 Quos
1443 3416 1640 3470 blando
1670 3432 1785 3472 ser-

202 3521 361 3560 mone
411 3505 716 3575 alloquens,
763 3521 950 3560 eorum
1006 3507 1152 3575 prius
1197 3507 1400 3562 studuit
1438 3509 1784 3576 asperitatem

205 3595 445 3664 placare,
478 3610 541 3648 ac
565 3604 689 3665 post
714 3596 913 3661 intulit,
943 3595 1161 3651 dicens:
1186 3595 1355 3662 Quale
1377 3597 1534 3651 vultis
1555 3598 1784 3666 pretium

203 3685 362 3752 dabo,
395 3699 446 3741 et
483 3687 737 3753 puerulos
775 3702 910 3758 quos
962 3688 1259 3743 abstulistis
1288 3689 1514 3756 reddite,
1550 3691 1786 3761 mihique

205 3778 305 3834 hoc
336 3779 526 3846 gratiae
554 3787 748 3834 vestra:
779 3796 972 3834 munus
1004 3781 1258 3849 praebete.
1287 3782 1435 3837 Tunc
1460 3782 1507 3837 is
1527 3784 1614 3852 qui
1644 3784 1788 3852 prior

204 3887 389 3926 eorum
423 3889 544 3928 esse
577 3874 881 3941 videbatur,
933 3877 1211 3944 respondit
1253 3877 1438 3933 dicens
1473 3896 1486 3931 :
1522 3879 1786 3950 Quidquid

201 3965 344 4017 aliud
372 3963 644 4034 praecipis,
672 3965 846 4021 facere
878 3969 1048 4036 parati
1088 3984 1294 4035 sumus,
1325 3986 1446 4023 nam
1495 3971 1628 4026 istos
1655 3987 1786 4040 pue-

202 4057 348 4111 rulus
368 4057 678 4111 nullatenus
699 4058 1005 4114 reddemus.
1019 4059 1119 4113 Cui
1135 4061 1472 4115 venerandus
1491 4062 1571 4115 vir
1590 4061 1787 4116 blande

205 4148 441 4201 Minatus
469 4155 572 4209 est,
596 4147 781 4201 dicens
808 4165 821 4200 :
855 4149 1153 4202 Contrisms
1183 4164 1287 4215 me,
1315 4159 1340 4187 ⁸
1367 4151 1458 4215 ﬁli,
1485 4163 1537 4206 et
1562 4168 1666 4206 non
1693 4167 1790 4204 au-

201 4236 285 4290 dis
314 4248 526 4303 patrem
558 4245 702 4290 tuum
726 4255 738 4288 :
760 4239 864 4292 noli
890 4254 976 4294 me
992 4240 1329 4305 contristare,
1349 4240 1375 4278 δ
1405 4257 1470 4296 ne
1496 4258 1602 4296 non
1625 4258 1788 4310 expe-

203 4329 312 4380 diat
345 4328 466 4381 tibi.
504 4328 609 4382 Sed
633 4329 770 4383 idem
801 4331 1006 4385 Gothus
1037 4332 1089 4384 in
1121 4331 1298 4386 cordis
1325 4333 1405 4385 sui
1431 4333 1637 4388 feritate
1670 4350 1788 4403 per-

1883 3149 2012 3222 πρὸς
2040 3149 2098 3203 τὸ
2124 3149 2283 3224 παρὸν
2319 3147 2370 3202 έν
2400 3157 2474 3220 τῷ
2501 3149 2727 3219 λογισμῷ
2758 3147 3050 3210 ύπεισῆλθε,
3099 3143 3114 3181 ί
3147 3143 3476 3215 διηγήσεσθαε

1885 3247 2220 3312 πειρύσομαι.
2249 3235 2329 3292 Ἐν
2365 3243 2457 3308 μιᾷ
2493 3241 2658 3312 ἡμέρᾳ
2690 3239 2899 3296 πλησίον
2936 3245 3020 3296 τῆς
3058 3236 3252 3296 πόλεως
3291 3235 3476 3291 Τουδέ·

1885 3349 2033 3403 ρεως,
2087 3328 2256 3382 Γότθοι
2298 3328 2600 3390 κατέλαϐον,
2639 3328 2818 3386 οῗτινες
2856 3327 2938 3380 ἐπὶ
2967 3328 3032 3379 τά
3062 3327 3189 3400 μέρη
3217 3324 3474 3388 Ῥαϐέννης

1883 3421 2188 3493 ἀνήρχοντο.
2206 3419 2302 3470 Δύο
2323 3412 2409 3470 οὖν
2434 3415 2614 3472 παιδία
2632 3420 2793 3488 σεμνά
2817 3418 2917 3471 ἀπὸ
2939 3420 3195 3487 κτήματος
3218 3415 3232 3465 i
3260 3416 3471 3471 ύποκει-

1885 3513 1965 3578 μέι
1976 3531 2032 3562 ου
2050 3509 2330 3584 έπῄρασαν.
2348 3518 2432 3568 Ὠς
2449 3501 2533 3561 οὖν
2554 3509 2719 3578 τούτῳ
2734 3515 2806 3577 τῷ
2820 3507 3090 3578 ἁγιωτάτῳ
3106 3504 3476 3579 ἀνδρὶψορτου·

1886 3602 2019 3668 νάτῳ
2037 3598 2272 3668 ἐμηνύθη,
2293 3598 2472 3657 εὐθέως
2494 3597 2782 3662 ἀπέστειλε,
2801 3599 2883 3651 καὶ
2907 3598 3024 3656 τούς
3047 3597 3230 3656 αύτούς
3258 3598 3475 3656 Γὸτθους

1887 3691 2016 3762 πρὸς
2054 3688 2232 3741 ἑαυτὸν
2270 3689 2743 3760 μεταστειλάμενος,
2773 3689 2958 3762 ἤρξατο
2995 3689 3211 3749 τούτους
3239 3688 3477 3742 κολακευ-

1887 3788 2042 3840 τικοῖς
2074 3780 2238 3852 λόγοις
2265 3782 2668 3855 προσφέρεσθαι,
2701 3782 2851 3834 θέλων
2881 3780 3126 3857 πρότερον
3157 3785 3245 3840 τὴν
3283 3781 3477 3837 τούτων

1889 3877 2244 3945 καταπραῧναι
2282 3869 2617 3945 τραχύτητα.
2651 3874 2798 3927 Μετὰ
2830 3871 2882 3926 δέ
2911 3880 3062 3928 τοῦτο
3087 3876 3205 3944 περὶ
3224 3880 3324 3928 τῶν
3349 3894 3480 3928 παι·

1890 3961 2006 4017 δίων
2026 3963 2172 4034 λόγον
2193 3965 2369 4023 αὐτοῖς
2391 3968 2672 4036 προήγαγε,
2703 3966 2881 4035 λέγων·
2902 3966 3024 4019 Οἶαν
3050 3965 3208 4020 θέλετε
3230 3969 3382 4036 τιμήν
3404 3963 3478 4020 δέ·

1890 4051 2040 4122 δωμι,
2071 4056 2155 4106 καὶ
2182 4056 2301 4113 τ.ὺς
2325 4052 2516 4114 ποῖδας
2551 4053 2636 4113 οὓς
2678 4056 2895 4128 έπῄρατε
2935 4053 3150 4110 ἀπόδοτέ
3180 4071 3293 4127 μοις
3323 4061 3478 4110 τοῦτο

1890 4147 1989 4218 γὰρ
2013 4145 2155 4214 ὑμῶν
2183 4145 2482 4209 ποιούντων,
2507 4146 2723 4217 μεγάλην
2764 4167 2849 4215 μοι
2877 4142 3037 4217 χάριν
3074 4145 3443 4199 καταϐάλλεσθε
3461 4183 3478 4208 ,

1892 4238 1977 4288 καὶ
2017 4238 2083 4295 ὡς
2121 4232 2147 4272 ¹ί
2176 4234 2253 4290 ὅτι
2290 4235 2450 4310 δῶρόν
2488 4259 2574 4310 μοι
2617 4240 2801 4297 αἰτούς
2829 4239 3112 4312 παρέχετε,
3165 4238 3325 4311 χάριν
3365 4238 3480 4308 ύμῖν

1893 4326 2141 4399 ὁμολογῶ.
2173 4334 2334 4383 Τοῦτο
2365 4327 2418 4383 δέ
2455 4329 2480 4383 ὁ
2519 4338 2721 4406 πρῶτος
2755 4332 2916 4384 αύτῶν
2946 4331 3172 4390 ἀκούσας
3206 4331 3474 4404 ἀπεκρίθη,

200 4436 456 4486 manens,
491 4422 736 4491 negando
767 4423 1036 4478 discessit.
1089 4424 1184 4479 Dic
1214 4439 1342 4480 vero
1371 4427 1535 4480 altera
1581 4426 1781 4495 digres-

1892 4419 2069 4490 λέγων’
2098 4418 2205 4474 Εῗτι
2226 4423 2341 4491 ἡμῖν
2369 4419 2386 4457 Ῑ
2408 4423 2664 4483 κελεύσεις
2692 4421 2830 4489 ἄλλο,
2856 4424 3045 4494 ἕτοιμοί
3067 4425 3218 4492 ἔσμεν
3244 4431 3478 4488 ποιῆσαι,

203 4525 384 4570 surus.
413 4525 608 4564 rursus
623 4512 688 4565 ad
721 4515 1031 4581 episcopum
1062 4515 1229 4583 venit,
1253 4530 1410 4584 quem
1442 4516 1644 4571 eisdem
1666 4533 1786 4572 ver-

201 4599 283 4654 bis
321 4617 420 4668 pro
452 4601 720 4670 praedictis
751 4602 990 4672 puerulis
1033 4606 1222 4658 iterum
1251 4606 1534 4674 episcopus
1561 4610 1784 4675 rogavit.

201 4690 452 4759 Cumque
481 4691 546 4744 ad
578 4692 908 4746 reddendqu
965 4693 1114 4748 nullo
1171 4694 1332 4748 modo
1362 4696 1666 4752 consentire
1697 4714 1789 4749 vo-

201 4778 421 4844 luisset,
467 4781 812 4836 contristatus
868 4783 1152 4852 episc0pus
1179 4785 1315 4840 dixit
1344 4801 1357 4838 :
1392 4786 1515 4841 Scio
1545 4788 1663 4855 quia
1695 4789 1786 4841 tibi

199 4888 308 4927 non
346 4873 563 4942 expedit
592 4875 733 4942 quod
764 4890 851 4930 me
879 4875 1192 4930 contristalo
1221 4877 1476 4932 discedis.
1526 4878 1655 4945 Quae
1687 4879 1792 4936 Go-

195 4967 329 5020 thus
374 4965 542 5019 verba
576 4966 839 5034 despexit,
882 4976 1042 5037 atque
1080 4968 1144 5021 ad
1189 4967 1484 5040 hospitium
1515 4985 1786 5038 reversus,

268 5149 294 5175 ι
313 5141 494 5221 ,Αῢοεῑ
515 5141 596 5221 [Eli
619 5158 647 5196 a
677 5141 930 5197 German.
958 5143 1142 5199 Norm.
1171 5153 1228 5204 et
1250 5145 1360 5202 fere
1387 5147 1633 5202 omnibus
1653 5147 1777 5201 Mss.

196 5209 419 5277 Legitur
449 5209 498 5264 in
516 5209 717 5266 ’Grteca
741 5228 880 5268 vers.

267 5281 295 5317 δ
334 5282 550 5353 Ειουεί,
579 5284 962 5337 reluctantibus
993 5284 1143 5349 5155.,
1169 5302 1286 5339 nam
1310 5304 1411 5339 non
1433 5288 1638 5353 expedit
1659 5286 1773 5338 tibi.

189 5422 206 5432 .
239 5361 295 5434 ,ε
336 5351 406 5403 lta
440 5353 767 5437 restituimus
789 5368 853 5407 ex
887 5355 1011 5408 Mss.
1043 5354 1192 5410 Prius
1231 5351 1506 5425 legebatur
1535 5375 1546 5408 :
1573 5363 1641 5424 μὴ
1664 5356 1787 5426 βου-

190 5437 447 5488 Aegas-40.x.
463 5461 474 5473 .
503 5443 806 5481 επισκοπος.

265 5487 295 5526 δ
331 5489 498 5558 ch.,
542 5498 689 5562 τιμήν
736 5491 917 5547 δέδωκε
962 5502 1034 5568 τῷ
1087 5503 1376 5570 στρατιώτῃ
1420 5501 1500 5550 καὶ
1545 5497 1658 5550 τότε
1703 5496 1786 5549 τὸν

184 5559 370 5613 ἵππον.
399 5613 403 5618 _

265 5630 460 5702 f_RPg.
471 5673 499 5702 ,ί
513 5633 801 5702 θαυμάτων.

263 5695 291 5737 ⁸
307 5695 440 5768 8υεί
455 5755 462 5765 ,
479 5695 736 5772 διήγησαι,
753 5717 872 5759 cum
887 5711 1108 5759 accentu
1122 5705 1174 5761 in
1187 5703 1666 5774 antepenult.,—et
1681 5702 1789 5772 qui-

1890 4511 1999 4564 ἐπεὶ
2028 4514 2144 4570 τούς
2175 4512 2370 4574 παῖδας
2397 4512 2618 4575 τούτους
2648 4515 2874 4586 οὐδαμῶς
2900 4515 3173 4571 ἀποδοῦναι
3200 4515 3479 4582 δυνάμεθα.

1891 4604 2012 4679 Πρός
2053 4602 2105 4656 ὃν
2140 4603 2166 4659 ό
2198 4607 2480 4676 σεϐάσμιος
2519 4604 2669 4668 οὗτος
2702 4609 2824 4678 ἀνὴρ
2853 4611 2983 4677 μετὰ
3019 4608 3310 4681 πραότητος
3346 4601 3476 4658 εἶπε⁶

1891 4695 2090 4754 ϐλὶϐεις
2109 4715 2193 4764 με,
2216 4698 2411 4762 τέκνον,
2435 4695 2512 4751 ὅτι
2532 4699 2618 4750 ούκ
2640 4699 2838 4757 ἀκούεις
2868 4719 2968 4768 μου
3007 4705 3097 4752 τοῦ
3126 4699 3318 4771 πατρός
3358 4717 3474 4750 σου.

1893 4791 1979 4844 Μὴ
2005 4787 2213 4859 θελήσῃς
2248 4807 2309 4858 με
2350 4788 2550 4858 θλίψαι,
2593 4792 2662 4858 μή
2688 4809 2800 4850 πως
2840 4793 2922 4843 καὶ
2953 4792 3010 4844 ού
3041 4792 3272 4865 συμφέρῃ
3298 4812 3401 4845 σοι.
3424 4789 3481 4843 ὀ

1894 4871 1984 4930 οὖν
2023 4876 2178 4936 αὐτὸς
2211 4875 2388 4936 Γότθος
2422 4879 2472 4930 έν
2498 4886 2561 4951 τῇ
2596 4887 2688 4940 τῆς
2731 4878 2938 4954 καρδίας
2958 4881 3111 4936 αὑτοῦ
3140 4881 3478 4954 ἀνημερότητι

1893 4973 2161 5043 διαμένων,
2193 4979 2263 5044 μὴ
2303 4977 2527 5035 πεισθεὶς
2571 4979 2918 5051 ἀνεχώρησεν.
2969 4989 3044 5031 Ἐν
3072 4976 3192 5052 ἄλλη
3225 4978 3278 5032 δέ
3314 4980 3477 5050 ἡμέρᾳ

1886 5146 2006 5202 dem
2022 5149 2231 5221 melius:
2250 5160 2326 5204 εει
2341 5153 2482 5205 enim
2496 5152 2721 5204 secunda
2739 5167 2960 5219 persona
2973 5157 3297 5221 imperativi.
3314 5157 3471 5212 Eutr.

1962 5225 1986 5299 ξ
2218 5221 2319 5299 ἀπῇὸ
2341 5229 2429 5281 τῆς
2450 5226 2625 5292 γενεᾶς
2644 5217 2838 5299 ταύτης
2874 5225 2930 5285 ἧς
2950 5231 3034 5299 vi»
3055 5217 3367 5299 θεωροῦμεν.

1963 5283 1988 5321 ³³
2012 5286 2188 5366 (ξυιυς
2217 5296 2372 5366 τοῦτο
2393 5283 2609 5366 πέντοτε
2637 5283 2932 5362 ἐλάμϐανεν.
2964 5293 3093 5362 Reg.
3119 5335 3134 5358 ,
3156 5283 3320 5351 ’τούτο
3347 5296 3477 5352 πάν-

1889 5377 1989 5432 τως
2013 5357 2303 5434 έλάμϐανεν.
2347 5357 2398 5412 ἕν
2422 5357 2508 5412 οὖν
2531 5363 2582 5413 ἐκ
2609 5367 2709 5414 τῶν
2729 5357 2916 5416 ’τούτου
2939 5357 3229 5434 θαυμάτων.

1973 5426 1984 5502 ξ
2154 5467 2169 5492 ,
2198 5427 2560 5498 διηγήσασθαι.

1968 5497 1987 5580 Ξ
2022 5497 2204 5580 iidem,
2225 5497 2594 5580 ,ὑποκειμένοψ
2622 5509 2712 5580 τῇς
2742 5504 2895 5580 αὐτῆς
2923 5505 3113 5580 πόλεως
3134 5503 3439 5580 τουδέρεως.

1893 5634 1919 5687 λ
1965 5563 2175 5651 k-liegq
2208 5569 2275 5627 ὠς
2308 5563 2466 5642 δῶρόν
2497 5563 2588 5638 μοι
2607 5574 2795 5632 αύτούς
2817 5577 3139 5646 παρέχοντες
3169 5563 3329 5650 χάρῖν
3354 5563 3476 5641 ὅμο-

1923 5655 2040 5687 ονω.

1981 5657 2040 5688 ω.

1923 5655 2181 5762 071“idem.
2215 5707 2453 5779 κελεύεις,
2477 5711 2616 5780 quod
2640 5711 2884 5769 Latinum
2911 5714 3116 5772 fidelius
3144 5713 3338 5770 rcddit.
