4000 6372
181 333 284 390 2'9

1474 313 1918 390 DlALUGORUM
1959 334 2157 390 LIBER
2197 337 2235 391 ι.

3374 349 3480 406 ﬁlo

181 428 451 496 corporis,
479 435 508 465 ι
540 429 658 494 ipso
700 426 1064 482 sacratissimo
1082 426 1620 495 vesperascentejam
1645 427 1781 480 Sab-

1902 429 2125 504 ἒισθενεία
2170 440 2438 502 σωματικῇ
2485 435 2780 503 περιέπεσε.
2808 438 2896 490 ut
2921 436 2971 491 έν
3007 439 3136 514 αὐτῇ
3178 446 3241 514 τῇ
3280 439 3480 516 ἑσπέρα

190 521 317 575 baro
358 518 628 587 paschali,
657 518 943 573 defunctus
967 528 1068 572 est.
1101 518 1264 586 Cujus
1293 532 1490 586 corpus
1522 531 1643 570 cum
1677 517 1785 570 lon-

192 613 314 680 gius
344 619 494 664 esset
522 609 882 676 eﬂerendum,
902 609 989 663 die
1010 610 1197 664 eodem
1221 609 1437 678 sepeliri
1456 625 1560 663 non
1591 610 1783 678 potuit.

187 704 436 769 Cumque
465 715 616 753 mora
648 710 791 754 esset
822 701 1076 769 temporis
1101 699 1169 753 ad
1196 699 1521 767 explendum
1550 699 1785 754 debitum

186 795 510 863 sepulturae,
544 808 762 847 sorores
781 792 924 862 ejus,
953 802 1126 846 morte
1169 791 1289 860 ejus
1327 792 1568 856 afflictar,
1597 806 1789 844 cucur-

188 896 381 960 rerunt
412 887 607 940 ﬂentes
646 885 713 939 ad
763 884 1124 940 venerabilem
1177 885 1354 937 virum
1411 883 1785 948 Fortunatum,

188 980 348 1044 eique
409 976 621 1044 magnis
672 974 895 1028 vocibus
943 974 1178 1027 clamare
1207 984 1536 1037 eti-perunt:
1577 972 1787 1026 Scimus

191 1069 317 1136 quia
350 1065 722 1134 apostolorum
747 1064 910 1116 vitam
939 1074 1112 1126 tenes,
1142 1063 1382 1131 leprosos
1407 1061 1658 1130 mundus,
1684 1077 1789 1116 ca:-

187 1174 280 1212 cos
309 1157 608 1221 illuminas,
657 1156 797 1219 veni,
844 1165 899 1208 ct
929 1154 1187 1207 resuscita
1222 1163 1490 1207 mortuum
1523 1161 1785 1207 nostrum.

189 1250 296 1315 Qui
317 1262 446 1300 mox
477 1255 532 1298 ut
557 1246 809 1314 cognovit
837 1260 1020 1297 earum
1055 1243 1272 1298 fratrem
1301 1242 1632 1308 defunctum,
1658 1245 1787 1298 ﬂere

191 1340 306 1407 ipse
332 1337 498 1390 etiam
531 1335 598 1388 de
643 1343 816 1387 morte
856 1331 972 1401 ejus
1027 1333 1214 1398 erepit,
1256 1333 1440 1400 eisque
1485 1332 1784 1399 respondit,

193 1428 419 1481 dicens:
456 1425 614 1495 201
648 1421 926 1486 Recedite,
975 1429 1030 1474 et
1073 1422 1188 1474 haec
1229 1420 1410 1474 dicere
1447 1420 1630 1483 nolite,
1664 1421 1786 1488 quia

193 1515 364 1588 iussio
391 1511 783 1579 omnipotentis
821 1509 914 1563 Dei
942 1517 1047 1572 est,
1076 1509 1160 1562 cui
1192 1508 1460 1562 contraire
1487 1508 1666 1561 nullus
1694 1511 1789 1560 bu—

196 1609 400 1662 minum
455 1612 649 1672 potest.
679 1603 790 1656 Illis
831 1602 1012 1667 itaque
1054 1599 1472 1664 discedentibus,
1517 1600 1683 1654 tristis
1721 1616 1786 1654 ex

199 1707 373 1753 morte
395 1697 516 1763 ejus
550 1694 749 1748 mansit
775 1693 1079 1760 episcopus.
1103 1691 1477 1759 Subsequente
1499 1701 1676 1746 autem
1699 1693 1787 1746 die

1893 526 1984 574 τοῦ
2013 520 2158 592 ἁγίου
2191 522 2453 576 Σαϐϐάτου
2472 559 2489 586 ,
2519 531 2611 584 τῆς
2640 525 2972 588 ἀναστάσεως
3007 536 3099 582 τοῦ
3134 529 3310 602 κυρίου
3338 533 3479 600 ἡμῶν

1892 611 2071 669 Ἰησοῦ
2115 618 2344 686 Χριστοῦ
2386 616 2800 686 ἐπιφωσκούσης.
2848 619 2978 672 τέλει
3015 625 3106 674 τοῦ
3147 620 3263 691 βίον
3312 623 3478 695 ἐχρή-

1891 720 2041 755 σατο.
2069 698 2155 755 Ἐκ
2182 706 2372 773 μήκους
2388 701 2450 762 δή
2476 710 2566 757 τοῦ
2597 704 2756 761 τόπου
2785 702 2949 770 ὄντος,
2975 707 3024 761 ἕν
3124 709 3183 763 1'6
3210 716 3362 780 σῶμα
3392 733 3482 766 τα·

1890 799 2038 862 φῆναι
2082 792 2285 862 ἤμελλεν
2329 802 2392 866 τῇ
2439 797 2571 867 αὐτῇ
2618 803 2710 850 τοῦ
2751 796 2898 867 ἁγίου
2947 799 3210 854 Σαϐϐάτου
3261 800 3476 878 ἑσπέρᾳ,

1890 887 2042 936 τοῦτο
2067 882 2226 950 θάψαι
2250 884 2342 936 οὐκ
2379 882 2718 944 ἠδυνήθησαν.
2767 886 3084 960 Βραδύτητος
3114 883 3198 944 οὖν
3220 893 3481 960 γενομένης

1890 979 1979 1026 τοῦ
2007 972 2301 1032 κηδευθῆναι
2325 976 2496 1041 αὐτόν,
2547 978 2598 1030 σί
2642 977 2847 1049 ἀδελφαὶ
2882 982 3039 1033 αὐτοῦ
3068 984 3188 1054 περὶ
3215 990 3307 1036 τοῦ
3331 984 3482 1038 θανά·

1890 1084 1980 1118 του
2007 1067 2169 1120 αὑτοῦ
2213 1067 2515 1137 θλιϐόμεναι.
2546 1071 2680 1139 πρὸς
2721 1072 2810 1125 τόν
2861 1073 3141 1142 σεϐάσμιον
3178 1073 3338 1146 ἄνδρα
3361 1086 3481 1146 Φορ-

1890 1161 2138 1211 τουνᾶτον
2182 1158 2270 1212 τόν
2317 1159 2596 1214 ἐπίσκοπον
2649 1159 2939 1225 κλαίουσαι,
2991 1162 3236 1237 ἔδραμον,
3264 1167 3482 1226 καὶτοῖς

1890 1246 2077 1301 τούτου
2107 1250 2237 1301 ποσὶ
2274 1249 2405 1315 μετά
2452 1255 2739 1320 στεναγμοῦ
2781 1254 2862 1304 καὶ
2909 1249 3142 1324 δακρύων
3179 1255 3482 1329 προσκυλινο

1891 1330 2148 1404 δούμεναι,
2193 1334 2392 1405 ἔλεγον·
2440 1335 2680 1406 Οἴδαμεν,
2722 1342 2855 1409 τίμιε
2896 1344 3082 1414 πάτερ,
3127 1341 3205 1398 ὅτι
3249 1353 3353 1405 τοῖς
3383 1354 3482 1400 τῶν

1889 1423 2206 1480 Ἀποστόλων
2241 1423 2443 1496 ἴχνεσιν
2489 1429 2836 1497 ἐξακολουθῶν,
2879 1433 3049 1488 πάντα
3078 1434 3176 1490 ὅσα
3227 1440 3314 1492 τόν
3365 1440 3485 1493 Θεὸν

1891 1518 2073 1580 αἰτεῖς,
2123 1515 2423 1586 λαμϐάνεις’
2465 1518 2684 1590 λεπροὺς
2729 1523 2830 1594 γάρ
2876 1524 3186 1599 καθαρίζεις,
3241 1530 3326 1581 καί
3378 1537 3484 1589 τοῖς

1890 1606 2098 1676 τυφλοῖς
2125 1615 2149 1644 ο
2188 1607 2245 1661 1'6
2283 1607 2485 1678 βλέμμα
2521 1614 2737 1680 χαρίζῃ’
2770 1611 2876 1665 ἔλθέ
2927 1609 3018 1666 οὖν
3060 1619 3145 1670 καὶ
3187 1619 3271 1672 τόν
3296 1620 3486 1692 ἀρτίως

1892 1699 2267 1758 τελευτήσαντα
2313 1701 2452 1770 ἡμῶν
2493 1699 2696 1772 ἀδελφὸν
2747 1703 3057 1762 ἀνάστησον.
3087 1704 3330 1768 ’Δκούσας
3375 1707 3428 1763 δὲ
3460 1709 3484 1762 6

197 1787 477 1844 Dominico
497 1795 625 1840 ante
649 1781 996 1849 exsurgentis
1021 1781 1154 1836 lucis
1173 1781 1570 1850 crepusculum,
1585 1781 1788 1835 vocatis

1902 1790 2173 1850 ἐπίσκοπος
2218 1794 2339 1864 περὶ
2387 1797 2479 1846 τοῦ
2527 1793 2742 1846 θανάτου
2790 1796 2978 1860 αὐτοῦ,
3029 1798 3161 1851 πάνυ
3204 1799 3440 1858 λυπηθεὶς
3467 1843 3480 1866 ,

199 1878 414 1935 duobus
435 1875 754 1931 diaconibus
781 1876 915 1938 suis,
941 1874 1176 1942 perrexit
1198 1873 1266 1928 ad
1291 1874 1510 1927 domum
1527 1872 1789 1937 defuncti;

197 1969 573 2035 accedensque
598 1965 666 2020 ad
697 1966 871 2018 locum
912 1964 1001 2017 ubi
1052 1978 1247 2032 corpus
1270 1963 1486 2032 jacebat
1513 1966 1782 2028 exanime,

202 2061 272 2114 ibi
304 2075 362 2112 se
393 2060 448 2112 in
473 2057 774 2110 orationem
813 2055 978 2109 dedit.
1015 2055 1240 2123 Expleta
1272 2066 1450 2110 autem
1481 2069 1636 2123 prece
1677 2069 1795 2108 sur-

206 2153 364 2213 rexit,
399 2159 459 2204 et
512 2148 663 2217 juxta
717 2161 914 2213 corpus
960 2146 1195 2200 defuncti
1241 2146 1410 2210 sedit;
1463 2161 1567 2198 non
1617 2154 1793 2197 autem

200 2241 394 2310 grandi
427 2255 559 2294 voce
578 2238 891 2292 defunctum
934 2253 1028 2306 per
1057 2253 1253 2291 nomen
1300 2236 1529 2296 vocavit,
1560 2235 1745 2290 dicens
1776 2252 1790 2290 :

204 2334 394 2388 Frater
430 2332 703 2387 Marcelle.
761 2330 851 2385 Ille
895 2340 1092 2395 autem,
1119 2345 1182 2384 ac
1212 2331 1254 2384 si
1288 2330 1477 2383 leviter
1503 2329 1793 2392 dormiens,

210 2427 275 2479 ad
303 2425 538 2479 vicinam
569 2437 752 2477 meum
777 2422 803 2458 δ
832 2421 1077 2488 quamvis
1121 2421 1383 2474 modicam
1434 2418 1624 2473 fuisset
1648 2418 1797 2473 exci-

204 2527 375 2582 tatus,
427 2514 610 2568 statim
661 2513 852 2568 oculos
907 2514 1137 2581 aperuit,
1187 2522 1345 2580 atque
1381 2511 1448 2565 ad
1488 2512 1795 2580 episc0pum

204 2608 529 2677 respiciens,
553 2606 684 2660 dixit
711 2623 726 2659 :
759 2608 802 2659 0
829 2604 954 2674 quid
988 2603 1194 2658 fecisti?
1223 2618 1254 2657 ο
1298 2603 1422 2671 quid
1456 2602 1660 2656 fecisti?
1701 2601 1798 2655 Cui

207 2701 497 2768 episcopus
525 2697 816 2766 respondit,
847 2697 1035 2751 dicens
1064 2695 1244 2762 :Quid
1277 2695 1412 2749 feci?
1438 2695 1504 2753 At
1536 2696 1624 2748 ille
1651 2696 1800 2749 :Duo

208 2793 472 2846 hesterno
494 2789 582 2842 die
610 2795 894 2853 venerunt,
925 2787 1018 2857 qui
1045 2802 1132 2840 me
1162 2786 1438 2855 ejicientes
1481 2802 1543 2839 ex
1575 2801 1800 2855 corpore

213 2885 268 2939 in
303 2883 503 2936 bonum
527 2881 703 2934 locum
729 2880 1021 2943 duxerunt,
1060 2878 1217 2933 hodie
1246 2888 1424 2933 autem
1449 2895 1585 2931 unus
1608 2879 1804 2933 missus

211 2977 405 3045 estqui
438 2975 575 3029 dixit
601 2991 614 3025 :
643 2973 902 3027 Reducite
931 2988 1075 3036 eum,
1099 2971 1216 3038 quia
1250 2972 1574 3026 Fortunatus
1596 2971 1807 3038 episco-

215 3081 318 3136 pus
369 3067 422 3120 in
473 3067 693 3118 domum
737 3063 858 3132 ejus
903 3064 1069 3118 venit.
1112 3063 1314 3128 Quibus
1346 3063 1524 3116 verbis
1553 3061 1803 3131 expletis,

1896 1882 2081 1937 κλαίειν
2121 1883 2329 1953 ἤρξατο,
2377 1884 2509 1956 πρὸς
2553 1881 2608 1936 δέ
2647 1884 2840 1945 ταύτας
2870 1887 3196 1960 ἀποκριθεὶς,
3222 1891 3383 1960 202
3414 1888 3484 1945 εἷ-

1896 1993 1988 2025 πεν
2009 1988 2022 2002 ⁸
2053 1977 2330 2031 ’Δποστῆτε
2375 1973 2464 2026 ἀπ’
2490 1975 2638 2042 ἐμοῦ,
2660 1970 2690 2009 ἀ
2717 1977 2800 2028 καὶ
2837 1983 3004 2031 ταῦτα
3044 1979 3201 2049 λέγειν
3232 1986 3300 2048 μή
3344 1981 3486 2039 θελή-

1897 2083 2043 2120 σητε.
2069 2071 2140 2137 Τῇ
2165 2069 2251 2117 τοῦ
2279 2061 2669 2134 παντοδυνάμου
2694 2067 2794 2138 γὰρ
2823 2073 2947 2120 Θεοῦ
2973 2066 3197 2122 κελεύσει
3226 2071 3256 2126 ἡ
3297 2071 3484 2124 τούτου

1898 2154 2161 2214 τελείωσις
2185 2155 2376 2223 γέγονε,
2408 2156 2492 2207 καί
2524 2152 2652 2229 ὅπερ
2675 2158 2893 2210 αἰτεῖσθε
2923 2161 3013 2214 τήν
3038 2159 3157 2227 ἐμήν
3185 2159 3487 2232 ὑπερϐαίνει

1898 2243 2130 2313 δύναμιν.
2163 2247 2641 2317 ’Υποχωρησάντων
2661 2245 2712 2300 δὲ
2735 2248 2897 2301 αὐτῶν
2919 2244 3049 2317 μετά
3072 2249 3254 2312 λύπης.
3288 2251 3482 2321 ἔμεινεν

1898 2343 1961 2409 τῇ
1990 2336 2186 2409 ἑσπέρᾳ
2216 2334 2241 2389 6
2273 2337 2571 2396 ἐπίσκοπος.
2606 2346 2630 2374 θ
2665 2338 2766 2410 Πρὸ
2793 2346 2883 2391 τοῦ
2921 2337 2973 2392 δὲ
3001 2341 3189 2414 ἡμέραν
3219 2349 3307 2395 τοῦ
3339 2343 3485 2414 ἁγίου

1899 2428 2094 2495 πάσχα
2137 2423 2445 2496 διαυγᾶσαε,
2487 2427 2589 2481 ύπό
2615 2428 2701 2482 τόν
2727 2424 2921 2503 ὄρθρον,
2951 2432 3171 2492 καλέσας
3205 2430 3296 2486 δύο
3321 2431 3489 2488 διακό-

1900 2535 2020 2575 νους
2037 2517 2214 2579 αὐτοῦ,
2231 2521 2303 2576 εἰς
2324 2517 2409 2570 τόν
2425 2513 2555 2571 οἷκον
2573 2525 2665 2574 τοῦ
2685 2521 2952 2581 τεθνεῶτος
2968 2525 3062 2577 σὺν
3083 2525 3257 2583 αὐτοῖς
3278 2525 3488 2584 ἀπῆλθε.

1903 2608 2187 2678 Προσελθὼν
2234 2606 2288 2661 δέ
2332 2615 2404 2677 τῷ
2449 2609 2588 2678 τόπῳ
2631 2612 2683 2664 ἐν
2783 2614 2840 2666 τό
2867 2620 3018 2682 σῶμα
3055 2611 3268 2683 ἄψυχον
3303 2613 3489 2679 ἔκειτο,

1904 2700 2007 2751 ἐκεῖ
2031 2698 2212 2752 ἑαυτὸν
2241 2700 2311 2759 είς
2333 2701 2495 2770 εὐχὴν
2522 2699 2727 2755 δέδωκε.
2751 2703 3115 2779 Πληρὼσαντος
3141 2704 3193 2758 δέ
3217 2703 3370 2760 αὐτοῦ
3400 2713 3494 2764 τήν

1905 2792 2090 2861 εὐχήν,
2141 2793 2346 2858 ἀνέστη,
2394 2795 2478 2845 καὶ
2519 2793 2727 2851 πλησίον
2775 2803 2866 2848 τοῦ
2916 2797 3182 2857 τεθνεῶτος
3228 2799 3489 2854 ἐκαθέσθη.

1911 2881 1931 2921 ί
1953 2892 2108 2958 Σεμνῇ
2134 2882 2186 2938 δέ
2295 2893 2426 2959 φωνῇ
2461 2891 2639 2939 τοῦτον
2677 2886 2726 2949 ἐξ
2768 2887 3012 2955 ὀνόματος
3043 2887 3242 2941 ἐκάλεσε
3261 2931 3273 2954 ,
3307 2888 3458 2960 λέγων
3476 2906 3490 2919 ³

1906 2975 2101 3049 Ἀδελφέ
2129 2977 2401 3049 Μάρκελλε.
2431 2985 2531 3036 Tr”);
2553 2976 2606 3031 δέ
2624 2985 2784 3048 φωνῆς
2805 2980 2996 3037 ταύτης
3019 2976 3043 3030 6
3071 2980 3316 3036 νεθνηκώς
3341 2980 3494 3030 ἀκού-

1910 3087 2031 3131 σας,
2077 3070 2144 3126 ὡς
2175 3065 2254 3120 ὅτι
2293 3066 2489 3138 ἐλαφρῷ
2531 3066 2674 3137 ὕπνῳ
2719 3065 2977 3120 ἐκάθευδεν
3022 3067 3366 3129 ἐξυπνισθεὶς,
3413 3069 3493 3118 καὶ

216 3177 344 3216 mox
392 3175 456 3214 ex
505 3159 820 3213 infirmitate
869 3156 1156 3220 convaluit,
1189 3165 1243 3210 et
1276 3156 1326 3209 in
1358 3155 1456 3209 bac
1473 3156 1578 3207 vita
1608 3153 1798 3208 diutius

1908 3159 2030 3216 τούς
2055 3157 2337 3229 ὀφθαλμούς
2365 3157 2604 3226 ἀνεῲξας,
2637 3157 2765 3230 πρός
2797 3158 2881 3210 τόν
2920 3159 3192 3210 ἐπίσκοπον
3231 3158 3493 3222 ἀτενίσας,

219 3251 447 3307 mansit.
480 3250 588 3304 Nec
620 3259 796 3304 tamen
824 3247 1151 3302 credendum
1183 3257 1264 3301 est
1293 3247 1411 3316 quia
1446 3247 1618 3300 locum
1649 3259 1805 3313 quem

217 3351 507 3411 acceperat
530 3342 782 3410 perdidit,
815 3340 938 3409 quia
982 3339 1202 3394 dubium
1237 3355 1338 3393 non
1367 3349 1446 3392 est
1478 3339 1615 3407 quod
1642 3339 1806 3391 inter-

213 3435 451 3490 (θεαθεὶς
477 3431 565 3487 sui
597 3433 847 3501 precibus
873 3434 1043 3502 potuit
1077 3442 1194 3501 post
1225 3443 1452 3487 mor:em
1501 3433 1691 3486 melius
1733 3432 1810 3484 vi-

218 3541 369 3590 vere,
401 3526 489 3594 qui
541 3534 594 3578 et
638 3535 762 3579 ante
810 3535 1036 3580 mortem
1069 3525 1272 3578 studuit
1317 3526 1668 3590 omnipotenti
1703 3523 1809 3576 Deo

221 3620 465 3685 placere.
499 3616 605 3670 Sed
635 3630 730 3669 cur
760 3616 924 3669 multa
969 3616 1036 3669 dc
1083 3614 1199 3684 ejus
1241 3616 1344 3668 vita
1394 3615 1640 3679 dicimus,
1689 3629 1809 3668 cum

224 3720 371 3759 nunc
394 3719 563 3774 usque
587 3705 656 3758 ad
680 3720 879 3773 corpus
909 3704 1051 3760 illius
1106 3712 1184 3757 tot
1206 3704 1463 3758 virtutum
1492 3703 1811 3756 documenta

225 3797 544 3852 teneamus?
582 3796 951 3850 ltmmoniacos
977 3796 1173 3864 quippe
1195 3794 1493 3858 absolvere,
1522 3807 1696 3862 mgrus
1719 3809 1812 3846 cu-

223 3904 350 3945 rare
371 3888 583 3955 quoties
604 3903 668 3944 ex
696 3887 801 3942 [ide
830 3888 1046 3954 petitur,
1073 3894 1129 3939 ut
1156 3887 1307 3939 vivus
1339 3893 1691 3938 consueverat
1711 3883 1814 3935 hoc

223 3982 596 4038 indesinenter
624 3979 822 4044 facere,
849 3986 902 4032 et
925 3977 1062 4044 apud
1094 3987 1302 4031 mortua
1333 3991 1425 4029 sua
1473 3990 1593 4028 ossa
1628 3990 1810 4041 persc-

221 4088 401 4130 verat.
433 4073 538 4129 Sed
570 4073 722 4135 libet,
745 4072 928 4136 'Petre,
953 4071 1130 4126 adhuc
1157 4070 1222 4124 ad
1257 4071 1480 4125 Valeria:
1527 4068 1814 4137 provincia:

223 4179 412 4237 partes
436 4167 759 4222 narrationis
783 4181 918 4219 mea:
938 4166 1098 4217 verba
1123 4163 1400 4228 reducere,
1427 4165 1493 4217 de
1514 4162 1706 4230 quibus
1729 4175 1815 4214 me

223 4261 424 4316 eximia
454 4259 611 4313 valde
638 4258 891 4313 miracula
939 4272 1002 4310 ex
1033 4270 1128 4309 ore
1159 4254 1481 4308 venerabilis
1513 4251 1811 4316 Fortunati,

223 4351 380 4418 cujus
408 4349 568 4419 longe
615 4350 864 4417 superius
894 4348 1211 4402 memoriam
1257 4346 1354 4399 feci
1391 4344 1625 4414 (Scilicet
1666 4343 1815 4396 initio

225 4461 340 4513 cap.
371 4441 452 4510 ι),
506 4441 733 4509 contigit
781 4442 1015 4494 audisse.
1068 4439 1166 4506 Qui
1208 4439 1401 4492 crebro
1451 4437 1514 4490 ad
1559 4452 1644 4492 me
1675 4450 1815 4490 nunc

1911 3245 2068 3302 εἶπεν·
2097 3250 2157 3300 Τί
2183 3257 2206 3293 Β
2232 3248 2505 3308 ἐποίησας
2536 3248 2663 3320 Πρός
2691 3243 2743 3299 ὃν
2771 3247 2794 3299 6
2825 3248 3100 3306 ἐπίσκοπος
3129 3248 3394 3318 ἀπεκρίθη,
3419 3249 3498 3302 λέ-

1910 3353 2029 3410 γων·
2079 3339 2134 3389 τί
2172 3337 2413 3397 ἐποίησα;
2463 3337 2618 3394 Αὐτός
2648 3334 2701 3389 δὲ
2730 3331 2861 3389 εἶπεν
2891 3341 2965 3406 Τῇ
2992 3338 3119 3405 χθὲς
3166 3339 3349 3408 ἡμέρᾳ,
3404 3337 3496 3392 δύο

1911 3430 2043 3487 τινές
2071 3425 2211 3485 ἦλθον
2239 3423 2370 3500 πρός
2398 3446 2460 3495 με
2478 3464 2493 3488 ,
2535 3426 2581 3479 οἵ
2605 3446 2737 3485 τινες
2761 3427 2813 3478 ἐκ
2837 3433 2930 3479 τοῦ
2958 3430 3195 3496 σώματος
3223 3427 3404 3480 τούτου
3435 3451 3494 3499 με

1913 3517 2258 3590 ἐξαγαγόντες,
2301 3520 2374 3577 εἰς
2403 3517 2557 3570 τόπον
2589 3517 2724 3571 πάνυ
2759 3517 2902 3570 καλόν
2928 3538 2988 3588 με
3021 3520 3301 3588 ἀπήγαγον.
3339 3523 3496 3589 Σημε-

1913 3630 2000 3684 ρον
2027 3609 2080 3663 δέ
2123 3606 2192 3668 εἷς
2227 3608 2560 3672 ἀποσταλείς,
2589 3604 2759 3662 εἷπεν⁶
2799 3608 3185 3681 ’Λποστρέψατε
3217 3610 3385 3676 αὐτόν,
3418 3610 3498 3665 ὅτι

1913 3705 2254 3774 Φορτουνᾶτος
2300 3697 2325 3752 6
2364 3699 2637 3759 ἐπίσκοπος
2676 3702 2748 3758 εἰς
2773 3700 2854 3753 τόν
2895 3695 3022 3752 οἷκον
3047 3701 3206 3753 αὐτοῦ
3230 3697 3358 3757 ἦλθε.
3391 3709 3499 3754 Τῶν

1913 3791 1968 3845 δὲ
2015 3791 2254 3863 ῥημάτων
2301 3791 2494 3844 τούτων
2531 3789 2915 3866 πληρωθέντων,
2943 3791 3168 3862 παρευθύ
3198 3793 3281 3843 καὶ
3320 3790 3373 3842 ἐκ
3409 3798 3499 3849 τῆς

1915 3884 2066 3938 νόσου
2095 3882 2368 3950 ἐνίσχυσε,
2403 3884 2487 3933 καί
2523 3881 2574 3933 ἐν
2609 3881 2774 3953 ταύτῃ
2810 3887 2872 3953 τῇ
2914 3884 3014 3952 ζωῇ
3052 3877 3139 3936 ἔτη
3166 3875 3192 3914 δ
3222 3880 3376 3933 πλείω
3406 3878 3504 3934 διέ-

1915 3992 2072 4043 μεινε.
2117 3972 2420 4039 Πιστεύομεν
2466 3968 2520 4024 δέ
2565 3969 2642 4026 ὅτε
2671 3969 2783 4024 οὐδὲ
2823 3970 2975 4024 τόπον
3006 3966 3058 4022 ὃν
3092 3967 3274 4024 ἔλαϐεν
3310 3968 3324 4005 ί
3362 3974 3502 4024 άπὼ·

1916 4066 2031 4120 λεσε
2063 4068 2145 4118 καὶ
2172 4062 2454 4135 δισταγμὸς
2497 4064 2546 4115 ἓν
2587 4065 2752 4133 τούτῳ
2792 4065 2879 4117 οὐκ
2907 4061 3039 4116 ἔστι·
3084 4069 3184 4116 Τοῦ
3222 4066 3322 4137 γὰρ
3348 4065 3504 4132 εὖχο-

1918 4159 2066 4227 μένου
2096 4157 2226 4232 ὑπὲρ
2246 4156 2393 4208 αὐτοῦ
2413 4163 2529 4214 ταῖς
2556 4155 2882 4224 πρεσϐείαις,
2914 4153 3128 4211 ήδυιηθη
3165 4154 3345 4222 μᾶλλον
3375 4155 3504 4223 μετὰ

1918 4252 1975 4304 1'3
2005 4250 2277 4305 ἀναστῆναι
2309 4249 2458 4302 αὐτὸν
2489 4247 2543 4300 ἐκ
2576 4255 2764 4320 νεκρῶν
2790 4247 2986 4319 βέλτιον
3015 4250 3184 4308 ζῆσαι.
3208 4243 3386 4304 Ὀστις
3425 4249 3506 4299 καὶ

1919 4343 2018 4418 πρὸ
2059 4343 2279 4396 θανάτου
2318 4344 2604 4414 ἠγωνίσατο
2641 4348 2714 4411 τῷ
2757 4338 3130 4408 παντοδυνάμῳ
3179 4346 3288 4408 Θεῷ
3333 4341 3506 4411 εὐαρε-

1920 4443 2128 4492 στῆσαι.
2162 4436 2223 4487 Τί
2247 4432 2299 4487 δὲ
2332 4433 2493 4488 πολλὰ
2521 4435 2636 4510 περὶ
2665 4441 2756 4494 τῆς
2783 4439 2874 4489 τοῦ
2900 4436 3146 4507 μακαρίου
3176 4435 3357 4489 τούτου
3383 4445 3502 4504 Φορ-

230 4547 404 4599 usque
433 4530 674 4592 veniens,
703 4529 828 4583 dum
860 4530 995 4584 facta
1023 4530 1151 4584 mihi
1183 4542 1419 4584 veterum
1453 4537 1656 4592 narrat,
1677 4542 1798 4582 nova

1919 4528 2169 4581 τουνάτου
2198 4526 2450 4585 πολιτείας
2474 4526 2716 4596 λέγομεν;
2747 4529 2917 4598 Μέχρι
2940 4527 3036 4600 γάρ
3066 4529 3152 4580 καί
3182 4532 3273 4580 τοῦ
3315 4522 3507 4598 παρόν-

222 4623 524 4676 refectione
552 4635 638 4675 me
657 4620 835 4674 satiat.

1916 4639 2036 4682 τος,
2071 4618 2164 4670 ἔνι
2201 4614 2240 4690 ᾧ
2269 4620 2328 4671 τὸ
2367 4619 2528 4685 τίμιον
2569 4619 2724 4670 αὐτοῦ
2769 4623 2921 4671 σῶμα
2965 4618 3282 4679 κατάκειται,
3320 4616 3508 4676 πλῆθος

223 4713 496 4782 θαυμάτων
539 4713 864 4767 ἐπιτελεῖται.
915 4716 1302 4780 Δαεμονιοῦντας
1337 4714 1438 4785 γάρ
1482 4711 1533 4764 ἐκ
1577 4719 1668 4772 τῆς
1707 4718 1807 4766 τῶν
1847 4712 2144 4784 ἀκαθάρτων
2173 4711 2476 4777 πνευμάτων
2505 4707 2732 4765 δουλείας
2771 4708 3019 4782 ἐλευθεροῖ
3031 4749 3047 4774 ,
3096 4709 3324 4768 ἀσθενεῖς
3363 4711 3510 4782 θερα·

221 4809 394 4869 πεύει,
423 4808 506 4861 καί
544 4810 682 4860 πᾶσι
725 4812 834 4864 τοῖς
871 4810 1072 4863 πιστῶς
1110 4805 1316 4858 αἰτοῦσι
1353 4805 1450 4864 τάς
1498 4804 1663 4863 ἰάσεις
1699 4804 1947 4877 παρέχει.
1990 4802 2232 4876 Καθάπερ
2272 4801 2372 4873 γάρ
2411 4801 2457 4852 έν
2501 4807 2563 4873 τῇ
2614 4799 2857 4871 παρούσῃ
2887 4804 2988 4870 ζωῇ
3044 4805 3161 4874 περὶ
3212 4799 3278 4854 ὧν
3315 4802 3509 4861 ἀόκνως

219 4905 378 4954 τοῦτο
403 4905 575 4952 ποιεῖν
611 4895 724 4956 ἔθος
761 4893 910 4967 εἶχε,
941 4899 1026 4950 καὶ
1055 4897 1183 4967 μετὰ
1219 4900 1308 4954 τήν
1337 4896 1556 4949 ἐντεῦθεν
1595 4896 1930 4965 μετάστασιν,
1973 4902 2035 4968 τῇ
2063 4898 2154 4948 τοῦ
2200 4889 2596 4961 παντοδυνάμου
2647 4898 2777 4946 Θεοῦ
2819 4891 3022 4965 χάριτι,
3063 4894 3112 4947 ἐν
3139 4901 3212 4966 τῷ
3241 4894 3391 4966 τιμίῳ
3422 4897 3511 4948 a6-

219 4997 309 5045 τοῦ
339 4992 544 5059 σώματι
570 4990 636 5042 τά
661 4990 792 5044 αὐτά
817 4987 1182 5043 ἐπιτελοῦνται.
1208 4985 1390 5046 Ἠδέως
1425 4985 1479 5040 δέ
1519 4987 1685 5049 πάλιν,
1717 4985 1891 5061 Πέτρε,
1927 4982 1952 5020 k
1994 4985 2114 5058 περί
2156 4989 2256 5038 τῶν
2308 4988 2476 5056 μερῶν
2503 4989 2593 5040 τῆς
2636 4981 2876 5056 Βαλερίας
2901 4984 3085 5056 χώρας
3112 4988 3201 5040 τήν
3243 4989 3330 5036 τοῦ
3363 4983 3508 5053 λόγου

220 5084 453 5155 διήγησιν
497 5081 766 5153 ἐπανάγω,
804 5084 927 5153 περί
959 5078 1026 5135 ὧν
1064 5083 1278 5154 μέγιστα
1300 5081 1564 5151 θαυμάσια
1595 5079 1780 5135 συνέϐη
1825 5098 1887 5147 με
1929 5079 2144 5131 ἀκοῦσαι
2192 5076 2244 5129 ἔκ
2288 5076 2537 5148 στόματος
2593 5077 2933 5148 Φορτουνάτου
2979 5083 3069 5129 τοῦ
3117 5077 3351 5148 ἀνωτέρω
3388 5077 3509 5150 παρ’

221 5178 364 5243 ἡμῶν
425 5173 883 5242 μνημονευθέντος,
944 5169 1091 5234 ὅστις
1149 5173 1314 5248 μέχρι
1367 5177 1458 5225 τοῦ
1513 5171 1768 5246 παρόντος
1807 5171 2124 5245 συχνότερον
2171 5169 2297 5244 πρός
2345 5190 2406 5240 με
2447 5165 2465 5205 ι
2506 5169 2850 5244 παραϐάλλειν
2899 5167 3070 5222 εἴωθε·
3125 5171 3210 5224 καί
3249 5171 3341 5230 τὰς
3394 5177 3495 5225 τῶν

218 5265 465 5338 ἀρχαίων
496 5259 696 5335 ἀνδρῶν
735 5261 923 5336 ἀρετάς
957 5282 1044 5331 μοι
1075 5259 1420 5333 διηγούμενος,
1451 5265 1639 5335 νεαρᾶς
1662 5261 1976 5332 εὐφροσύνης
2003 5279 2062 5331 με
2094 5259 2281 5334 πληροῖ

297 5383 322 5409 ³
352 5372 638 5432 German.,
670 5369 897 5438 Longip.
949 5378 1004 5423 et
1047 5370 1316 5425 secundus
1344 5369 1573 5432 Tbeod.,
1608 5371 1718 5436 ipso
1740 5385 1816 5422 sa-

221 5444 519 5500 cratissimo
541 5457 741 5507 vespere
767 5444 1070 5494 ascendente
1083 5443 1195 5508 jam
1233 5441 1461 5495 Sabbura
1491 5443 1668 5507 pusch.

295 5514 322 5552 ⁵
352 5512 608 5566 German.
632 5520 688 5564 et
717 5511 954 5580 plerique
981 5513 1185 5578 Norrn.,
1211 5513 1438 5581 quamvis
1463 5512 1664 5564 modica
1688 5511 1814 5580 [nis-

219 5593 296 5639 εει
327 5584 602 5636 excitatus.

300 5669 320 5691 ε
350 5653 588 5721 Uterque
611 5653 732 5714 ηε..
757 5652 816 5706 τὸ
845 5653 1066 5722 βλέπειν.

297 5728 320 5759 ά
354 5725 506 5782 .\Iss.,
536 5726 618 5774 mi
645 5730 878 5778 τοιαῦτα.

305 5805 326 5830 ⁸
359 5794 519 5860 Reg,
553 5797 742 5847 καὶτοῦ
770 5794 885 5847 θεοῦ
911 5790 1161 5855 δεόμενος.
1196 5794 1297 5860 πρὸ
1326 5797 1414 5849 τοῦ

1999 5367 2019 5406 ί
2046 5370 2188 5444 Βρς.
2220 5376 2374 5444 μικρᾷ
2406 5369 2458 5423 δέ
2484 5378 2545 5442 τῇ
2571 5377 2704 5444 φωνῇ
2725 5370 2810 5424 τόν
2835 5371 3002 5444 αἶτόν.

1995 5449 2019 5486 s
2046 5440 2138 5491 llis
2171 5439 2349 5492 Verbis
2379 5439 2857 5507 absol'vi'tur'caput
2892 5442 2989 5492 hoc
3025 5441 3075 5492 in
3099 5439 3248 5493 (Iulli.

1995 5508 2020 5543 λι
2057 5511 2182 5574 Heg.
2198 5549 2211 5570 ,
2245 5511 2330 5562 ἐπὶ
2351 5510 2524 5561 πλείω.

2005 5577 2218 5639 iIdam,
2268 5580 2501 5632 ἀπώλεσε
2557 5581 2714 5643 (Sim)

2002 5660 2015 5721 ξ
2060 5649 2223 5721 idem,
2253 5649 2301 5700 ἐν
2319 5647 2356 5718 ᾧ
2386 5650 2542 5720 τόπῳ.
2583 5651 2637 5702 1⁸21
2667 5651 2822 5718 paulo
2847 5659 2962 5715 post
2987 5649 3352 5721 δαεμονιώντας

2000 5719 2020 5792 ξ
2064 5718 2217 5792 ltog.,
2241 5722 2360 5789 περὶ
2380 5726 2476 5792 τῷν
2499 5718 2680 5792 μγῖρῶνο
2718 5721 2877 5788 (δία)

2005 5784 2022 5826 ι
2057 5791 2211 5856 lit‘g.,
2242 5784 2621 5857 παραγίνεσθαι.
