3934 6324
508 333 603 392 2H

1131 427 1342 475 εΕοΔΛ.
1379 419 1467 474 ιΑ’.

637 519 755 591 Περὶ
783 519 1084 590 Μαρτυρίου
1113 520 1347 583 μοναχοῦ
1381 515 1565 585 χώρας
1591 519 1680 570 τῆς
1710 512 1966 584 Βαλερίας.

583 617 611 645 ⁸
639 606 799 667 Οὗτος
829 609 996 662 τοίνυν
1038 604 1275 675 διηγεῖτο,
1325 601 1403 657 ὅτι
1450 603 1498 654 ἐν
1549 602 1674 674 αὐτῇ
1717 610 1809 662 τῆς
1848 601 2086 675 Βαλερίας

515 704 693 773 χώρᾳ,
716 702 841 773 ἀνήρ
866 719 942 757 τις
965 699 1206 767 ύπῆρχεν
1231 695 1436 765 ὀνόματι
1458 695 1756 768 Μαρτύριος
1773 695 1903 747 πάνυ
1927 715 2089 746 σπου·

511 791 666 851 ἃαίως
705 797 776 858 τῷ
819 786 1188 855 παντοδυνὰμῳ
1231 792 1339 856 Θεῷ
1375 783 1644 845 δουλεύων,
1684 781 1830 841 ὅστις
1873 781 1954 837 διὰ
1991 792 2088 837 τῶν

512 882 677 958 ἔργων
704 887 792 940 τήν
821 880 1076 934 πολιτείαν
1107 880 1320 950 φανερὰν
1341 876 1618 940 ἀπέδειξεν.
1646 877 1722 928 Ἐν
1753 881 1842 945 μιᾷ
1865 877 1962 948 γὰρ
1993 881 2089 927 τῶν

512 976 733 1046 ἡμερῶν,
764 970 788 1007 δ
820 971 864 1024 οἱ
895 970 983 1024 ὑπ’
1011 971 1162 1023 αὐτὸν
1189 968 1415 1039 ἀδελφοὶ,
1447 965 1764 1021 ύποσπόδιον
1805 964 1960 1039 ὄίρτον
1994 986 2089 1019 πε·-

511 1067 791 1124 «enixam,
840 1064 924 1113 καί
967 1061 1052 1115 τὸν
1083 1066 1172 1115 τοῦ
1209 1063 1378 1126 τιμίου
1407 1065 1637 1130 σταυροῦ
1665 1059 1825 1110 τύπον
1866 1058 1913 1108 ἐν
1953 1057 2091 1126 αὐτῷ

512 1160 724 1210 ποιῆσαι
761 1152 1124 1222 ἐληθάργισαν,
1183 1152 1343 1206 καθὼς
1387 1151 1437 1200 ἐν
1478 1156 1540 1220 τῇ
1595 1149 1725 1217 αὐτῇ
1775 1148 1928 1220 χώρᾳ
1978 1145 2095 1206 ἔθος

514 1242 752 1315 ὑπάρχει
787 1244 906 1299 τοὺς
945 1237 1134 1313 ἄρτους
1178 1242 1492 1310 σφραγίζειν⁶
1544 1239 1676 1291 ὥστε
1720 1235 1803 1289 διὰ
1836 1238 2092 1310 τετάρτων

514 1330 732 1406 μερίδων
756 1333 839 1384 τόν
867 1328 1016 1401 ἄρτον
1047 1331 1443 1399 ἐσφιεαγισμένον
1477 1328 1788 1400 θεωρεῖσθαι.
1823 1337 1876 1378 'O
1911 1325 1962 1380 δέ
1995 1330 2094 1380 αὺ-

512 1425 600 1481 τός
626 1430 715 1476 τοῦ
749 1430 871 1476 Θεοῦ
906 1421 1079 1480 δοῦλος
1109 1422 1394 1495 Μαρτύριος
1424 1429 1445 1455 ο
1479 1420 1716 1481 ἐπιστὰς,
1748 1418 1942 1472 τούτων
1968 1419 2095 1493 πρὸς

513 1511 723 1570 ἅαυτοὺς
752 1513 1126 1581 ἀφηγουμένων,
1155 1511 1341 1580 ἐπέγνω
1376 1513 1443 1578 μὴ
1471 1503 1598 1562 εἶναι
1625 1508 1708 1560 τὸν
1735 1503 1885 1580 ἄρτον
1911 1509 2097 1577 ἐσφρα-

513 1602 768 1672 γισμένον.
800 1599 922 1657 ’Ἤδη
951 1599 1004 1654 δὲ
1025 1600 1197 1654 λοιπὸν
1223 1601 1272 1652 ἐν
1293 1605 1355 1671 τῇ
1380 1599 1618 1669 ἀνθρακίᾳ
1638 1597 1738 1650 ύπὸ
1766 1593 1791 1630 d
2005 1605 2094 1654 τῆς

515 1691 736 1750 στάκτης
764 1689 789 1743 ὁ
816 1691 973 1748 αὐτὸς
1006 1687 1161 1764 ἄρτος
1200 1689 1534 1743 ἐκαλύπτετο·
1565 1689 1694 1760 πρός
1731 1687 1818 1747 οὖς
1844 1685 1973 1742 εἷπε⁶
2007 1691 2096 1741 Διά

1708 326 1946 381 ΞᾹΝΕΤΙ
1989 326 2311 382 GREGOR"
2352 324 2563 382 MAGNI

2114 460 2162 516 A

3669 330 3776 386 212

2812 415 3034 472 CAPUT
3073 418 3167 471 ΧΙ.

2375 508 2446 560 De
2480 507 2729 576 Martyrio
2759 512 3007 560 tuanec/to
3045 513 3318 575 provincia:
3352 508 3591 567 Valeria.

2261 599 2485 664 Quidam
2521 613 2749 666 namque
2794 599 2844 651 iu
2888 600 3073 654 eadem
3101 601 3372 669 provincia
3397 644 3412 668 ,
3446 600 3472 637 δ
3500 602 3782 675 Martyrius

2191 690 2407 742 nomine
2434 687 2760 757 (Martyrol.,
2784 687 2854 740 2'5
2877 686 3057 758 lam),
3090 691 3317 744 devotus
3347 691 3502 746 valde
3533 695 3783 764 omnipo-

2193 784 2350 832 tentis
2380 779 2472 833 Dei
2518 779 2746 834 famulus
2789 780 3021 845 exstitit,
3058 781 3146 849 qui
3181 782 3282 836 hoc
3309 781 3378 834 de
3411 783 3630 838 virtutis
3662 801 3777 839 suae

2193 869 2497 922 teStimonio
2513 870 2718 938 signum
2736 868 2904 924 dedit.
2925 870 3055 923 Dum
3079 870 3304 939 quadam
3322 870 3408 924 die
3426 871 3615 928 fratres
3638 873 3784 928 illius

2196 974 2382 1026 panem
2423 959 2834 1014 subcinericium
2887 959 3173 1024 fecissent,
3205 961 3361 1028 eique
3403 962 3551 1016 obliti
3601 974 3784 1019 essent

2195 1052 2367 1105 crucis
2414 1052 2620 1120 signum
2675 1052 3008 1120 imprimere,
3057 1053 3193 1106 sicut
3246 1055 3296 1107 in
3351 1054 3449 1108 liae
3498 1058 3777 1124 provincia

2199 1146 2351 1200 crudi
2386 1160 2545 1214 panes
2577 1145 2592 1184 ί
2631 1146 2772 1216 ligno
2816 1147 3009 1216 signari
3057 1148 3258 1214 solent,
3292 1148 3306 1199 Ι
3348 1160 3400 1201 ut
3434 1165 3526 1218 per
3554 1152 3786 1219 quadras

2197 1249 2423 1306 quatuor
2454 1238 2631 1305 partiti
2673 1238 2970 1303 videantur,
3007 1239 3146 1293 idem
3179 1239 3270 1294 Dei
3305 1240 3533 1294 famulus
3579 1242 3784 1308 adfuit,

2197 1333 2380 1398 eisque
2431 1331 2786 1385 referentibus
2833 1331 3095 1400 signatum
3140 1347 3242 1384 non
3298 1333 3458 1386 fuisse
3506 1334 3784 1402 cognovit.

2195 1421 2436 1487 Cumque
2461 1420 2567 1486 jam
2599 1419 2748 1488 panis
2789 1420 2879 1473 ille
2911 1425 3091 1489 prunis
3133 1420 3292 1492 204
3333 1433 3477 1475 esset
3502 1437 3550 1477 e'
3583 1407 3818 1479 cineri}

2199 1508 2295 1559 lillS
2326 1517 2629 1574 coopertus,
2662 1508 2792 1561 dixit
2821 1526 2830 1558 :
2867 1508 2910 1574 Q
2937 1525 3042 1561 tare
3076 1510 3214 1561 hunc
3245 1510 3463 1564 minime
3494 1514 3786 1582 signastis?

2198 1597 2299 1662 Qui
2333 1598 2432 1650 hoc
2461 1597 2668 1663 dicens,
2699 1599 2909 1667 signant
2956 1599 3129 1652 crucis
3157 1599 3322 1667 digito
3350 1609 3532 1667 contra
3583 1617 3782 1668 prunas

2200 1687 2342 1740 fecit.
2395 1687 2509 1752 Quo
2563 1687 2804 1754 signante
2858 1689 3099 1755 protinus
3147 1688 3462 1742 immensum
3518 1693 3782 1760 crepitum

515 1781 562 1832 τί
586 1779 758 1842 αὐτόν,
785 1778 1000 1850 ἀδελφοὶ,
1026 1779 1110 1831 οὐκ
1142 1776 1520 1852 ἑσφραγίσατε;
1549 1784 1701 1832 τοῦτο
1731 1776 1784 1830 δὲ
1812 1780 1984 1841 εἰπὼν,
2006 1781 2096 1834 τὴν

2207 1776 2350 1845 panis
2377 1775 2552 1838 dedit,
2584 1790 2646 1828 ac
2671 1775 2714 1828 si
2749 1774 2935 1843 ingens
2966 1775 3020 1828 in
3053 1776 3260 1843 ignibus
3305 1777 3408 1830 olla
3462 1781 3784 1848 erepuissct.

515 1882 676 1948 χεῖρα
700 1875 860 1928 αὐτοῦ
890 1872 1102 1929 πλησίον
1120 1876 1214 1924 τοῦ
1245 1871 1408 1941 πυρός
1437 1879 1461 1906 ⁸
1497 1873 1867 1942 προσενεγκὼν,
1897 1878 1980 1922 καὶ
2009 1869 2095 1922 τὸν

515 1966 673 2018 τύπον
701 1969 793 2018 τοῦ
818 1967 1049 2035 σταυροῦ
1076 1963 1312 2025 ποιήσας,
1338 1967 1668 2032 παραχρῆμα
1693 1964 1918 2013 τοιοῦτον
1943 1954 2097 2029 ψόφον

516 2052 540 2106 ὁ
569 2050 720 2124 ἄρτος
749 2055 798 2106 ἐν
824 2060 897 2125 τῷ
923 2053 1363 2124 πυρὶσπιποίηκεν,
1394 2052 1525 2105 ὥστε
1554 2053 1771 2120 νομίζειν
1802 2049 1879 2104 ὅτι
1919 2052 2097 2124 χύτρα

2204 1868 2302 1934 Qui
2343 1869 2467 1920 dum
2512 1875 2692 1920 coctus
2725 1867 3058 1935 postmodum
3093 1867 3280 1920 fuisset
3319 1868 3387 1922 ab
3420 1871 3537 1938 igne
3566 1871 3786 1925 subtra-

2205 1967 2341 2021 ctus,
2369 1971 2430 2010 ea
2454 1970 2612 2010 cruce
2640 1957 2877 2024 signatus
2905 1957 3152 2011 inventus
3177 1968 3255 2011 eat
3273 2001 3287 2026 ,
3322 1974 3482 2026 quam
3516 1974 3619 2013 non
3651 1977 3787 2015 con-

2206 2056 2397 2109 tactus,
2425 2045 2518 2099 sed
2548 2045 2680 2100 fides
2706 2045 2851 2101 fecit.

517 2145 706 2217 μεγάλη
736 2143 1030 2215 συνετρίϐη.
1066 2141 1202 2196 Μετά
1229 2139 1283 2195 δὲ
1304 2141 1361 2194 τὸ
1389 2141 1665 2197 ὀπτηθῆναι
1689 2140 1776 2194 τὸν
1807 2137 1978 2212 ἄρτον,
2013 2140 2099 2191 καί
2135 2138 2190 2190 ἐκ
2210 2141 2302 2189 τοῦ
2335 2135 2744 2213 πυρόςιίξιλθεῖν,
2781 2136 3178 2210 ἐσφραγισμένος
3212 2144 3285 2207 τῷ
3315 2138 3462 2206 τύπῳ
3498 2146 3589 2194 τοῦ
3625 2161 3786 2196 σταυο

520 2241 606 2310 fuit
635 2235 829 2310 εὑρέθη,
860 2229 997 2305 ᾧτινι
1025 2234 1146 2304 χείρ
1177 2232 1278 2300 οὐχ
1313 2230 1498 2300 ἥψατο,
1531 2229 1632 2284 ἀλλ’
1655 2231 1684 2286 ἡ
1704 2232 1880 2288 πίστις
1908 2234 2059 2284 τοῦτο
2099 2229 2390 2283 πεποίηκεν.

1139 2330 1362 2377 ΚΕΦΑΛ.
1404 2320 1492 2374 tB'.
1563 2327 1569 2334 '

659 2417 776 2490 Περί
806 2418 1024 2490 Σιυήρου
1056 2413 1412 2488 πρεσϐυτέρου
1439 2421 1532 2471 τῆς
1569 2412 1723 2470 αὐτῆς
1754 2412 1952 2482 χώρας.

589 2504 666 2562 Ἐν
694 2512 805 2564 τοῖς
836 2505 1007 2563 αὐτοῖς
1032 2512 1124 2563 Ti;
1151 2501 1440 2576 Τουδέρεως
1467 2501 1658 2560 πόλεως
1685 2500 1887 2574 μέρεσι,
1910 2501 2100 2571 μεταξύ

519 2595 608 2651 δύο
636 2596 790 2669 ὀρέων
817 2597 864 2647 ἐν
901 2593 1093 2650 κοιλάδι
1128 2597 1254 2658 τινὶ,
1297 2594 1592 2665 ἐπιχωρίως·
1626 2590 1950 2666 Ἰντεροκρίνα
1991 2592 2101 2643 ὀνο-

520 2688 791 2758 μαζομένῃ,
838 2685 1068 2742 ἐκκλησία
1098 2694 1188 2743 τῆς
1217 2682 1486 2744 δεσποίνης
1514 2685 1653 2752 ἡμῶν
1683 2691 1775 2741 τῆς
1804 2682 1951 2753 ἁγίας
1980 2690 2104 2735 Θεο-

519 2778 667 2833 τόκου
699 2781 783 2832 καί
821 2780 900 2833 ἀεί
939 2778 1191 2846 παρθένου
1224 2780 1422 2850 Μαρίας
1463 2776 1716 2852 ὑπάρχει.
1756 2773 1895 2849 ’Δνὴρ
1938 2773 1989 2828 δέ
2024 2794 2104 2832 τις

518 2875 734 2942 Σευῆρος
763 2866 967 2937 ὀνόματι
999 2865 1017 2904 ί
1050 2868 1182 2921 πάνυ
1213 2869 1506 2939 θαυμασίας
1528 2864 1781 2936 διαγωγῆς
1809 2864 1858 2916 ἐν
1882 2871 1943 2936 τῇ
1973 2864 2102 2934 αὐτῇ

519 2957 754 3030 ἐκκλησίᾳ
801 2959 965 3031 ἱερεὺς
1010 2957 1282 3030 ὑπῆρχεν,
1336 2954 1694 3014 οἰκοδεσπότης
1741 2952 1793 3007 δέ
1831 2972 1909 3012 τις
1951 2953 1999 3004 ἐν
2041 2958 2103 3025 τῇ

519 3049 724 3120 ἰσχάτῃ
745 3049 910 3121 ἡμέρᾳ
931 3054 1020 3101 τοῦ
1037 3047 1253 3102 θανάτου
1280 3048 1436 3101 αὐτοῦ
1457 3046 1624 3106 ἐλθὼν,
1650 3046 1699 3097 ἐν
1721 3043 1955 3114 συντόμῳ
1976 3042 2104 3115 πρὸς

517 3140 598 3196 τόν
625 3139 772 3194 αὐτόν
806 3138 1156 3213 πρεσϐύτερον
1201 3137 1508 3196 ἀποστείλας
1543 3134 1829 3196 ἐδυσώπει,
1857 3135 1940 3186 ἶνα
1974 3133 2103 3201 μετὰ

515 3229 748 3289 σπουδῆς
774 3231 904 3303 πρὸς
926 3230 1071 3283 αὐτὸν
1093 3236 1462 3304 παραγένηται,
1482 3231 1566 3280 καί
1593 3227 1724 3301 ὑπὲρ
1754 3227 1916 3280 αὐτοῦ
1937 3246 2103 3299 πρεσ-

521 3321 658 3375 ϐείαν
681 3324 893 3393 ποιήσῃ,
924 3317 1062 3379 ὅπως
1090 3318 1155 3373 δι’
1184 3319 1590 3389 ἐξομολογήσεως
1631 3319 1717 3371 καί
1743 3320 2005 3386 μετανοίας
2034 3316 2101 3369 τὰ

2797 2314 3021 2371 CAPUT
3059 2315 3174 2369 XII.

2397 2417 2473 2470 De
2502 2415 2689 2472 Severo
2721 2417 3008 2487 presbytero
3038 2418 3270 2488 ejusdem
3300 2419 3593 2486 provincia.

2277 2507 2332 2562 ln
2373 2523 2438 2563 eo
2475 2509 2637 2561 etiam
2685 2507 2803 2562 loco
2844 2509 3138 2563 lnterorina
3183 2511 3333 2563 vallis
3367 2510 3579 2577 dicitur,
3610 2528 3728 2578 qua:
3758 2527 3786 2564 a

2207 2597 2389 2651 multis
2433 2596 2597 2650 verbo
2625 2597 2824 2651 rustico
2875 2598 3195 2652 luterocrina
3228 2600 3552 2666 nominatur,
3584 2602 3637 2655 iu
3679 2615 3790 2672 qua

2207 2698 2319 2741 erat
2350 2687 2564 2755 quidam
2597 2690 2679 2742 vir
2720 2689 2842 2739 vita:
2871 2688 3024 2743 valde
3065 2689 3413 2755 admirabilis,
3446 2692 3664 2747 nomine
3691 2692 3790 2747 Se~

2206 2792 2388 2842 verus,
2423 2778 2674 2832 Ecclesiae
2705 2777 2878 2833 beata:
2911 2779 3086 2833 Mariae
3121 2781 3213 2835 Dei
3254 2781 3528 2851 genitricis
3573 2795 3792 2851 semper

2205 2867 2421 2936 virginis
2455 2867 2480 2904 ιι
2510 2868 2758 2924 sacerdos
2804 2868 3127 2940 (Martyrol.,
3162 2869 3230 2924 15
3260 2869 3438 2940 Feb.).
3469 2871 3619 2925 llunc
3665 2888 3792 2928 cum

2207 2961 2419 3029 quidam
2468 2961 2847 3030 paterfamilias
2879 2962 2944 3016 ad
2993 2973 3291 3017 extremum
3331 2965 3565 3020 venisset
3607 2965 3791 3033 diem,

2209 3051 2384 3104 missis
2428 3052 2638 3106 concite
2676 3052 2893 3116 nuntiis,
2923 3053 3128 3121 rogavit
3156 3062 3212 3105 ut
3250 3052 3315 3106 ad
3357 3067 3418 3107 se
3469 3056 3794 3122 quantocius

2210 3142 2442 3207 veniret,
2473 3145 2688 3212 suisque
2716 3145 3050 3198 orationibus
3079 3159 3174 3212 pro
3207 3146 3435 3214 peccatis
3464 3145 3582 3213 ejus
3617 3147 3794 3201 inter-

2208 3233 2451 3298 cederet,
2482 3243 2571 3299 ut,
2597 3242 2715 3288 acta
2761 3235 2828 3288 de
2874 3235 3030 3288 malis
3061 3235 3171 3288 suis
3219 3235 3550 3304 poenitentia,
3580 3237 3796 3290 solutus

2208 3324 2361 3391 culpa
2391 3339 2460 3378 ex
2487 3339 2714 3392 corpore
2761 3326 2952 3380 exiret.
2984 3325 3093 3392 Qui.
3114 3325 3363 3381 videlicet
3391 3327 3645 3381 sacerdos
3676 3328 3797 3382 itio-

520 3413 849 3485 πεπραγμένα
888 3415 1028 3483 αύτῷ
1078 3409 1426 3482 ἁμαρτήματα
1465 3409 1607 3462 λύσιν
1647 3409 1864 3468 λάϐωσι,
1912 3410 2033 3477 πρὶν
2072 3405 2096 3465 ἧ

2209 3413 2385 3481 pinate
2415 3415 2635 3482 contigit
2661 3424 2716 3468 ut
2741 3416 2805 3469 ad
2837 3416 3122 3483 putandam
3156 3417 3362 3472 vineam
3393 3424 3536 3471 esset
3564 3432 3796 3486 occupa-

521 3504 608 3555 καί
635 3507 729 3556 τοῦ
763 3503 1000 3570 σώματος
1026 3503 1208 3555 τούτου
1241 3500 1424 3569 ἐξέλθῃ.
1462 3499 1643 3554 Συνέϐη
1672 3497 1724 3550 δὲ
1749 3501 1881 3551 κατά
1911 3520 2101 3570 συγκυ-

520 3593 630 3662 ρίαν
658 3591 742 3645 τόν
776 3592 923 3644 αὐτὸν
948 3599 972 3635 ε
1005 3591 1378 3665 πρεσϐύτερον,
1419 3591 1491 3648 εἰς
1519 3590 1576 3641 τὸ
1607 3593 1695 3646 τήν
1726 3584 1948 3656 ἄμπελον
1986 3588 2101 3642 κλα-

521 3683 730 3746 δεῦσαι,
763 3678 886 3736 εἶναι
926 3682 1240 3750 ἐπάσχολον,
1269 3684 1480 3741 καὶτοῖς
1510 3681 1640 3754 πρὸς
1665 3680 1815 3733 αὐτόν
1851 3680 2101 3744 ἐλθοῦσιν,

520 3771 682 3829 εἶπεν*
721 3782 887 3843 Ὑμεῖς
926 3774 1243 3846 προλὰϐετε,
1273 3779 1357 3826 καί
1397 3773 1504 3827 ἰδού
1551 3776 1692 3847 κᾲγώ
1737 3773 2103 3844 καταλαμϐάνω

519 3868 676 3939 ὑμᾶς.
706 3872 978 3938 Θιωρήσας
1027 3866 1111 3935 δὲ,
1164 3867 1241 3923 ὄτι
1285 3869 1445 3940 ὀλίγον
1482 3867 1541 3927 ἧν
1580 3872 1908 3940 ἐναπομείνας
1945 3872 1996 3923 ἓν
2031 3877 2102 3940 τῷ

519 3953 651 4029 ἴργῳ
674 3957 853 4018 αὐτοῦ,
886 3955 1082 4011 συνεῖδε
1108 3959 1279 4033 μικρὸν
1305 3970 1774 4032 προσκαρτερῆσαι,
1807 3959 1946 4020 ὅπως
1972 3961 2104 4019 πλη-

521 4050 664 4122 ρώση
691 4048 838 4102 αύτό.
869 4055 1028 4103 Τοῦτο
1049 4048 1102 4103 δὲ
1128 4051 1420 4114 τελειώσας,
1462 4050 1646 4124 ἤρξατο
1673 4053 1801 4125 πρὸς
1835 4054 1921 4106 τόν
1948 4053 2103 4107 ἀσθε-

519 4144 702 4192 νοῦντα
726 4139 1053 4214 πορεύεσθαι.
1080 4138 1458 4212 ’Δπερχομένου
1498 4138 1552 4193 δὲ
1595 4143 1775 4204 αὐτοῦ,
1805 4141 2103 4200 ὑπήντησαν

521 4232 657 4299 αὐτῷ
693 4231 741 4283 ἐν
763 4239 826 4302 τῇ
853 4230 951 4301 ὁδῷ
980 4232 1022 4285 οἱ
1055 4235 1137 4285 καί
1163 4235 1221 4287 τὸ
1258 4234 1376 4306 πρὶν
1405 4233 1532 4304 πρὸς
1553 4233 1704 4287 αὐτὸν
1733 4233 1984 4299 ἐλθόντες,
2023 4234 2106 4287 λέ-

521 4338 708 4394 γεντες³
740 4326 830 4377 Διά
868 4327 945 4386 τί,
971 4327 1158 4397 πάτερ,
1191 4323 1505 4398 ἐϐράδυναςς
1535 4327 1711 4396 μηκίτι
1741 4322 1825 4380 οὖν
1854 4330 2102 4401 κοπωθῇς,

604 4441 634 4508 Ξ
672 4433 836 4501 Idem,
868 4435 1099 4495 οὕτως...
1131 4434 1346 4508 διηγεῖτό
1367 4457 1452 4506 μοι
1476 4434 1572 4493 ὅτι.
1595 4437 1669 4491 Ita
1693 4451 1902 4506 quoque
1924 4437 2104 4504 Colb.,

521 4506 732 4573 omisso
756 4526 860 4573 μοι.

603 4569 629 4609 δ
665 4569 841 4640 Colb.,
877 4575 924 4628 οἱ
952 4579 1107 4630 αὑτοῦ
1138 4575 1276 4645 52857.9-
1291 4578 1352 4629 οί.

596 4654 618 4679 ⁸
654 4646 828 4709 Culh.,
863 4647 1080 4704 ἐπιστὰς
1120 4650 1201 4699 καὶ
1230 4652 1381 4700 τοῦτο
1408 4648 1535 4717 πρὸς
1572 4647 1782 4707 ἑαυτούς
1823 4650 2104 4721 ἀφηγουμέ-

523 4736 638 4771 νους
663 4737 871 4775 νοησας.

592 4781 627 4820 ά
653 4786 810 4850 Reg,
842 4792 933 4844 τῆς
963 4784 1178 4839 σποδοῦ.
1209 4784 1362 4838 Colb.
1380 4797 1462 4846 τῆς
1479 4788 1718 4847 στάκτης.

596 4863 620 4889 ⁸
647 4854 823 4920 Co‘lb.,
857 4856 1020 4931 πυρὸς
1051 4861 1400 4931 προσεγγίσας
1429 4866 1511 4911 τὸν
1539 4860 1701 4911 τύπον
1728 4863 1815 4910 τοῦ
1847 4864 2096 4931 σταυροῦ.

518 4921 679 4999 Reg._,
706 4921 1052 4999 προσενέγκας
1077 4921 1161 4978 τόν
1189 4921 1364 4979 τύπον.

596 4993 618 5032 f'
649 4993 778 5069 Regi.
801 5036 815 5058 ,
867 4993 998 5069 πάνυ
1036 4997 1325 5069 θαυμαστός
1364 5003 1425 5066 τῇ
1473 4995 1698 5069 πολιτείᾳ
1756 4993 1929 5058 (1011),,
1962 4999 2095 5051 πάνυ

517 5068 808 5133 Θαυμαστὸς
829 5069 914 5117 καί
941 5067 1252 5131 θαυμασίας.

526 5203 549 5221 ἢ
595 5132 620 5181 8
656 5135 814 5202 lteg.,
845 5136 1191 5208 πρεσϐύτερον
1232 5132 1354 5189 εἶναι
1403 5137 1472 5195 εἰς
1506 5136 1562 5188 τό
1604 5140 1692 5193 τὴν
1724 5133 1944 5204 ὅμπλον
1973 5136 2063 5190 κλα

520 5208 716 5265 δεῦσαι,
748 5208 828 5257 καί
859 5213 982 5262 τοῖς.

598 5271 626 5308 h
653 5275 801 5344 Alius
839 5284 920 5328 est
953 5289 980 5325 a
1013 5275 1264 5342 Martyrio
1295 5276 1383 5344 qui
1416 5275 1653 5328 laudatur
1686 5275 1735 5326 in
1767 5275 1908 5325 hom.
1944 5276 2010 5328 59
2042 5277 2090 5328 in

527 5344 724 5413 Evang.
766 5343 859 5413 llic
888 5345 1029 5413 enim
1075 5344 1314 5409 Valeriae,
1349 5345 1436 5398 ille
1482 5345 1756 5413 Lycaonim
1803 5348 2092 5396 monachus

525 5411 644 5464 fuit.
679 5414 732 5482 In
765 5412 868 5465 illis
904 5412 1294 5482 distinguendis
1326 5411 1674 5466 hallucinatns
1702 5423 1783 5466 est
1811 5414 2092 5466 Gttittnun-

525 5484 647 5554 dus,
681 5481 767 5554 lib.
796 5497 845 5554 ui
872 5483 936 5535 de
969 5483 1320 5536 Eucharistia.
1364 5485 1562 5537 Prior-is
1603 5500 1794 5536 nomen
1829 5483 2090 5554 Martyro-

523 5550 667 5614 logio
689 5552 939 5606 inseritur
965 5554 1051 5606 die
1076 5553 1145 5603 ίὶῦ
1171 5554 1284 5606 Jan.

601 5620 616 5656 ί
654 5620 910 5692 Ιιοββςκ
941 5623 1214 5686 Genuam,
1244 5624 1352 5675 duo
1399 5624 1486 5675 alii
1538 5626 1837 5692 Sangam-1.,
1879 5625 2083 5688 Nomm,

527 5699 629 5745 etc.
661 5691 714 5763 ltt
742 5690 929 5763 Ειῆιὶε,
958 5693 1321 5763 signorsiqnari
1347 5694 1528 5746 solent.

598 5771 615 5813 Ι
656 5761 787 5818 lliuc
810 5761 1016 5834 Suidaz,’
1036 5761 1270 5834 Κοδρίτης
1293 5762 1466 5834 ἄρτος,
1497 5762 1643 5832 panis
1668 5763 1955 5833 quadratus
1978 5778 2094 5833 qua-

2127 4779 2179 4837 D

2210 3511 2316 3568 tus,
2351 3513 2512 3574 atque
2560 3506 2624 3559 ad
2676 3521 2737 3561 se
2782 3507 3116 3562 venientibus
3162 3506 3408 3562 diceret:
3449 3508 3796 3574 Antecedite,

2204 3611 2331 3651 ecce
2360 3613 2457 3666 ego
2485 3613 2582 3652 vos
2610 3599 2925 3669 sttbsequor.
2955 3602 3192 3669 Cumque
3235 3600 3440 3655 videret
3478 3600 3580 3654 sibi
3614 3601 3665 3653 in
3697 3616 3798 3654 eo-

2205 3686 2325 3739 dem
2356 3702 2520 3754 Opere
2559 3703 2742 3756 parum
2789 3690 2986 3758 aliquid
3025 3705 3329 3759 superesse,
3360 3689 3630 3760 paululum
3669 3706 3790 3743 mo-

2209 3793 2319 3830 ram
2352 3778 2504 3844 fecit,
2536 3790 2592 3834 ut
2617 3795 2750 3849 opus
2775 3783 2914 3850 quod
2947 3781 3220 3835 minimum
3249 3783 3482 3836 restabat
3508 3782 3789 3849 expleret,

2205 3883 2312 3937 quo
2351 3872 2582 3938 expleto,
2615 3876 2775 3940 carpit
2819 3871 2884 3925 ad
2931 3887 3129 3941 nigrum
3165 3886 3407 3942 pergere.
3455 3871 3609 3925 Eunti
3657 3886 3798 3925 vero

2206 3959 2259 4012 in
2291 3960 2479 4013 itinere
2521 3971 2868 4016 occurrentes
2897 3961 2948 4014 hi
2981 3963 3068 4031 qui
3101 3963 3246 4029 prius
3273 3969 3546 4021 venerant.
3572 3959 3798 4016 obviam

2206 4046 2328 4102 facti
2357 4060 2510 4115 sunt,
2539 4050 2775 4106 dicentes
2801 4069 2814 4103 :
2847 4051 3021 4118 Pater,
3053 4066 3217 4120 quare
3258 4050 3514 4105 tardasti't
3544 4049 3664 4104 Noli
3709 4050 3800 4104 fa-

2207 4140 2388 4209 tigari,
2417 4143 2538 4210 quia
2566 4141 2677 4211 jam
2708 4143 2991 4198 defunctus
3020 4151 3123 4197 est.
3155 4143 3272 4210 Quo
3303 4142 3506 4210 audito,
3538 4142 3630 4196 ille
3659 4155 3799 4194 eon-

2207 4240 2452 4304 tremuit,
2487 4240 2796 4308 magnisque
2841 4240 3060 4294 vocibus
3089 4254 3148 4294 se
3195 4239 3589 4295 interfectorem
3639 4238 3800 4294 illius

2206 4326 2439 4382 clamare
2469 4330 2649 4394 erepit.
2692 4328 2853 4384 Flens
2898 4330 3074 4397 itaque
3103 4330 3344 4398 pervenit
3369 4329 3436 4383 ad
3464 4331 3660 4397 corpus
3691 4329 3798 4382 dc-

2209 4450 2327 4495 tuor
2356 4442 2405 4494 in
2437 4455 2613 4513 partes
2640 4442 2976 4496 dividendus.
3005 4443 3214 4507 Quadra
3247 4443 3423 4513 itaque
3446 4451 3526 4497 est
3552 4440 3796 4496 frustum

2207 4514 2378 4579 panis.
2407 4513 2539 4565 llinc
2567 4512 2782 4577 Juven.,
2812 4522 2975 4581 satyr.
3006 4513 3038 4564 5
3063 4531 3075 4564 :

2363 4601 2423 4649 lit
2443 4602 2562 4649 bona
2586 4613 2771 4650 summa
2797 4608 2938 4662 putes
2959 4599 3116 4650 alieua
3141 4603 3314 4651 vivere
3335 4601 3534 4663 quadra.

2209 4685 2274 4738 Et
2301 4684 2508 4747 Horat.,
2541 4687 2574 4738 Ι.
2607 4703 2650 4745 t.
2682 4688 2837 4753 epist.
2875 4686 2932 4737 l7
2963 4702 2977 4736 :

2345 4781 2405 4830 Et
2429 4780 2548 4828 mihi
2571 4779 2764 4828 dividuo
2789 4778 2996 4825 [indetur
3021 4789 3230 4826 munere
3253 4776 3456 4839 quadra.

2203 4866 2256 4919 In
2290 4863 2490 4917 llloreto
2521 4860 2680 4914 etiam
2712 4857 2916 4926 Virgilii
2949 4858 3162 4912 nomine
3195 4858 3444 4927 vulgato:

2361 4971 2555 5020 li‘ormat
2580 4980 2703 5029 opus
2722 4967 2990 5028 palmisque
3014 4981 3152 5016 suum
3182 4967 3350 5017 dilatat
3378 4969 3422 5015 in
3442 4968 3639 5029 prtem.

2361 5034 2422 5083 Et
2446 5036 2578 5080 notat
2602 5023 2848 5090 impressis
2871 5023 3011 5092 aequo
3033 5030 3309 5078 discrimine
3331 5023 3547 5090 quadris,

2205 5135 2314 5188 Etsi
2347 5133 2410 5188 ad
2439 5127 2856 5186 commodiorem
2889 5133 3038 5199 panis
3070 5131 3418 5193 divisionem,
3453 5130 3566 5183 haec
3614 5128 3801 5199 ﬁgura

2202 5206 2374 5257 crucis
2403 5204 2798 5270 itnprimerelur
2825 5203 2975 5265 pani;
3009 5201 3250 5255 nooniltil
3285 5209 3457 5254 tamen
3503 5199 3801 5265 religionis

2203 5275 2254 5327 iu
2298 5273 2554 5341 signando
2596 5272 2768 5324 crucis
2807 5271 3117 5325 charactere
3164 5270 3467 5341 accedebat.
3496 5270 3584 5322 Sic
3629 5271 3805 5341 panis

2205 5340 2412 5398 trifidas
2456 5341 2742 5410 aliquando
2771 5345 3118 5407 coquebatur,
3153 5349 3208 5393 ut
3236 5340 3551 5410 Trinitatem
3591 5340 3805 5410 adum-

2205 5415 2401 5466 braret.
2434 5408 2565 5466 lline
2591 5421 2807 5465 sanctus
2839 5411 3106 5475 Paulinus,
3132 5411 3290 5472 epist.
3319 5408 3372 5472 5,
3401 5408 3466 5461 ad
3496 5409 3757 5476 Alypium
3783 5449 3805 5471 ,

2203 5485 2254 5536 iu
2302 5485 2403 5536 line
2435 5501 2446 5535 :
2479 5483 2670 5535 Panem
2718 5497 2875 5533 unum
2921 5481 3176 5532 sanctitati
3215 5490 3314 5531 tua:
3358 5480 3570 5530 unitatis
3614 5480 3810 5546 gratia

2203 5556 2451 5613 misimus,
2479 5554 2529 5604 in
2558 5569 2653 5620 quo
2684 5553 2830 5603 etiam
2862 5549 3120 5620 Trinitatis
3151 5549 3385 5620 soliditas
3407 5549 3712 5620 continetur.

2276 5622 2296 5658 ιι
2330 5616 2591 5676 Sacerdos
2619 5621 2701 5673 ltie
2742 5619 3036 5686 simplicem
3071 5619 3439 5688 presbyterum
3478 5616 3756 5688 significat
3782 5661 3806 5686 ,

2203 5709 2321 5744 cum
2376 5709 2468 5758 pm
2520 5693 2774 5758 episeopo
2817 5689 2983 5756 accipi
3022 5687 3190 5745 soleat
3232 5693 3284 5744 in
3315 5687 3709 5760 antiquionbus
3737 5701 3818 5746 er.-

2207 5763 2358 5833 ltujus
2389 5764 2483 5814 a-vi
2510 5761 2875 5830 scriptoribus.
