4000 6342
215 316 312 370 215

1513 318 1954 376 DIALUGORUM
1996 316 2198 372 LIBER
2241 314 2280 369 l.

3404 301 3509 353 2H

223 437 416 502 [Νιρεῖ.
446 452 621 507 seque
650 453 836 493 coram
885 440 1023 494 lecto
1071 439 1211 494 illius
1257 453 1377 493 cum
1425 437 1676 508 lucrymis
1703 445 1727 472 ⁸
1761 436 1808 489 in

1926 437 2104 495 ἔκεῖνος
2137 435 2239 506 γὰρ
2278 432 2619 489 ἐτελεύτησεν.
2646 432 2814 481 Τοῦ.ο
2849 425 2901 480 δέ
2933 424 2958 478 ό
2988 423 3336 494 πρεσϐύτερος
3364 419 3513 480 ἀκούτ·

223 544 418 586 terram
449 531 625 585 dedit.
672 532 911 600 Cumque
943 532 1284 585 vehementer
1314 529 1497 593 ﬂeret,
1529 529 1580 581 in
1624 536 1820 581 terram

224 635 382 690 eaput
413 624 698 689 tunderet,
726 638 892 691 seque
921 639 1071 678 reum
1120 621 1306 676 mortis
1345 620 1488 674 illius
1533 622 1815 681 clamaret,

226 726 447 786 repente
505 717 553 770 is
606 717 698 785 qui
750 716 1034 770 defunctus
1090 714 1264 767 fuerat
1313 714 1545 766 animam
1598 709 1816 775 recepit.

224 811 377 874 Quod
403 811 532 862 dum
561 807 715 860 multi
742 807 830 875 qui
857 805 1272 862 circumstabant
1297 803 1630 871 aspicerent,
1659 799 1822 851 admi-

225 901 447 954 rationis
481 899 708 953 vocibus
730 898 960 962 emissis,
993 904 1269 964 cazperunt
1294 892 1524 960 amplius
1553 890 1678 944 [lere
1711 903 1820 958 pra:

222 991 442 1058 gaudio.
491 988 738 1055 Cumque
793 1002 916 1040 eum
969 985 1301 1052 requirerent
1355 982 1442 1035 ubi
1495 980 1685 1042 fuerit,
1735 978 1817 1030 vel

222 1083 499 1150 quomodo
528 1082 807 1147 rediisset,
842 1081 915 1133 ait
948 1096 960 1131 :
988 1079 1133 1132 'l‘ctri
1180 1077 1335 1131 valde
1378 1084 1536 1130 erant
1577 1072 1820 1126 homines

221 1175 312 1240 qui
347 1189 435 1226 me
475 1172 775 1238 ducebant,
803 1187 866 1226 ex
912 1184 1140 1239 quorum
1187 1183 1282 1223 ore
1325 1178 1378 1222 et
1412 1167 1632 1219 naribus
1684 1163 1820 1227 ignis

223 1265 444 1326 exibat,
483 1277 640 1330 quem
690 1262 924 1315 tolerare
975 1275 1080 1313 non
1132 1268 1389 1326 poteram.
1433 1256 1675 1323 Cumque
1725 1268 1820 1320 per

224 1359 456 1410 obscura
490 1356 606 1409 loca
652 1370 738 1409 me
767 1354 1055 1416 ducerent,
1087 1351 1267 1406 subito
1316 1349 1550 1419 pulchrae
1598 1347 1817 1400 visionis

227 1447 252 1485 δ
272 1446 495 1516 juvenis
519 1461 638 1500 cum
663 1445 782 1498 aliis
813 1443 968 1497 nobis
993 1443 1247 1498 euntibus
1273 1441 1480 1494 obviam
1509 1438 1680 1492 factus
1705 1449 1784 1490 est
1801 1478 1814 1501 ,

220 1542 312 1608 qui
344 1554 431 1592 me
482 1537 817 1591 trahentibus
847 1535 981 1588 dix-it
1008 1550 1022 1587 :
1059 1533 1316 1587 Reducite
1346 1531 1523 1591 illum,
1556 1527 1675 1596 quia
1721 1529 1817 1582 Se-

223 1641 388 1680 verus
412 1626 694 1694 presbyter
720 1623 950 1691 plangit,
975 1622 1092 1689 ejus
1112 1620 1253 1674 enim
1282 1619 1530 1688 lacrymis
1560 1617 1815 1668 Dominus

220 1733 343 1768 eum
372 1716 614 1770 donavit.
649 1715 749 1780 Qui
782 1713 987 1767 scilicet
1036 1711 1266 1767 Severus
1309 1710 1548 1778 protinus
1577 1708 1644 1762 de
1677 1719 1814 1760 terra

1927 547 2048 589 σας,
2076 527 2163 579 καὶ
2191 521 2473 598 σύντρομος
2511 518 2804 592 γενόμενος,
2833 516 3022 588 ἤρξατο
3050 520 3073 549 ο
3106 510 3399 587 ὀδύρεσθαι,
3429 511 3514 562 καί

1923 619 2114 692 μεγάλῃ
2156 625 2219 688 τῇ
2247 623 2378 688 φωνῂ⁵
2409 616 2644 685 φονευτήν
2673 610 2855 664 ἑαυτὸν
2885 603 3068 662 τούτου
3108 602 3293 656 καλεῖν.
3327 601 3513 652 κλαίων

1923 712 2084 764 τοίνυν
2106 705 2377 763 κατέλαϐεν
2402 706 2451 757 έν
2473 699 2513 776 ᾦ
2532 704 2594 756 τὸ
2618 707 2773 771 σῶμα
2797 703 2891 753 τοῦ
2915 696 3306 752 τελευτήσαντος
3327 689 3509 752 ἔκειτο,

1923 804 2008 856 καί
2034 801 2215 856 ἑαυτὸν
2246 795 2538 870 ἔμπροσθεν
2564 799 2652 847 τοῦ
2679 791 2932 864 κραϐἀτου
2960 789 3114 844 αὐτοῦ
3148 781 3165 822 ί
3197 788 3271 842 εἰς
3298 790 3391 854 ’γῆν
3421 778 3512 848 3(3-

1923 892 2065 964 ριψε,
2094 890 2278 946 τούτου
2314 886 2370 942 δέ
2397 885 2630 963 σφοδρῶς
2658 884 2939 946 κλαίοντος,
2973 881 3056 934 καί
3080 881 3172 936 τήν
3194 874 3403 945 κεφαλήν
3439 877 3513 932 εἰς

1921 988 2010 1041 τήν
2035 991 2128 1052 γῆν
2152 979 2626 1053 προσαράσσοννος,
2665 976 2752 1027 καί
2781 973 2963 1026 ἑαυτὸν
2991 966 3153 1022 αἴτιον
3179 973 3267 1021 τοῦ
3289 965 3508 1017 θανάτου

1921 1076 2082 1129 αὐτοῦ
2121 1067 2246 1124 εἶναι
2269 1071 2528 1140 λέγοντος,
2560 1063 2694 1135 ἄφνω
2729 1062 2754 1117 ὃ
2788 1061 3097 1117 τελευπκώς
3139 1061 3229 1114 τήν
3269 1054 3451 1123 ψυχὴν
3482 1061 3508 1096 κ

1921 1164 2150 1222 ἀνέλαϐε.
2171 1168 2332 1215 Τοῦτο
2356 1158 2408 1213 δέ
2430 1158 2476 1210 οἱ
2496 1162 2832 1230 περιεστῶτες
2855 1149 3178 1219 θεασάμενοι,
3210 1147 3293 1199 καί
3318 1141 3512 1216 σφόδρα

1922 1257 2006 1309 ἐπὶ
2034 1261 2107 1323 τῷ
2148 1252 2373 1319 θαύματι
2416 1246 2779 1316 ἐκπλαγέντες,
2826 1242 3046 1315 ἤρξαντο
3083 1239 3166 1292 ἐπὶ
3205 1235 3378 1291 πλεῖον
3415 1233 3515 1288 ἀπὸ

1923 1350 2100 1419 χαρᾶς
2129 1343 2337 1402 κλαίειν,
2367 1340 2451 1391 καί
2477 1342 2658 1391 τοῦτον
2689 1336 2967 1407 ἐπερωτᾷν,
2997 1333 3058 1385 τὸ
3085 1336 3183 1385 ποῦ
3209 1326 3375 1386 ἧν-καί
3404 1334 3515 1385 πῶς

1919 1433 2266 1508 ὑπέστρεψεν;
2300 1432 2451 1488 Αὐτὸς
2499 1427 2552 1482 δέ
2591 1427 2880 1494 ἀποκριθεὶς
2920 1419 3077 1476 εἶπεν·
3128 1419 3335 1493 Ἀνδρες
3382 1419 3513 1476 τινες

1919 1529 2130 1604 σοϐαροὶ
2158 1523 2356 1598 σφόδρα
2376 1520 2507 1581 ἦσαν
2525 1559 2540 1581 ,
2575 1521 2620 1572 οἶ
2646 1520 2776 1577 τινές
2815 1537 2875 1582 με
2907 1514 3216 1589 παρέλαϐον,
3247 1509 3313 1565 ὧν
3341 1513 3392 1563 έκ
3417 1516 3511 1564 τοῦ

1919 1617 2176 1690 στόματος
2204 1618 2287 1668 καί
2322 1620 2422 1668 τῶν
2449 1613 2592 1687 ῥινῶν
2636 1615 2743 1683 πῦρ
2785 1609 3030 1682 ἐξήρχετο
3048 1645 3062 1668 ,
3091 1603 3216 1676 ὅπερ
3242 1603 3512 1674 ὑποφέρειν

1917 1712 2006 1763 οὐκ
2033 1706 2311 1774 ἠδυνάμην.
2335 1703 2411 1756 Ἐν
2441 1701 2551 1768 ὅσῳ
2572 1699 2626 1755 δέ
2653 1697 2738 1753 διὰ
2767 1703 3032 1751 σκοτεινῶν
3053 1691 3221 1748 τόπων
3242 1711 3301 1759 με
3332 1698 3499 1763 περιῆ-

219 1809 492 1873 surrexit,
526 1808 686 1876 eique
719 1806 1084 1875 pmniteutiam
1116 1805 1290 1872 agenti
1317 1818 1476 1871 Opem
1505 1816 1615 1854 sua:
1646 1801 1808 1853 inter-

1926 1823 2026 1876 γον,
2053 1798 2188 1872 ἄφνω
2210 1801 2470 1855 νεανίσκος
2498 1795 2632 1848 πάνυ
2665 1789 2899 1851 εῦοπτος,
2927 1790 3058 1856 μετά
3086 1789 3170 1841 καί
3198 1786 3380 1857 ἐτέρων
3402 1789 3449 1836 έν
3478 1778 3502 1819 δ

218 1899 485 1951 cessionis
534 1897 786 1965 praabuit.
823 1896 888 1949 Et
919 1898 1042 1948 dum
1074 1910 1169 1963 per
1196 1895 1310 1948 dies
1341 1904 1543 1961 septem
1576 1891 1642 1943 de
1687 1905 1808 1956 per-

218 1991 442 2058 petratis
472 1991 644 2055 culpis
693 1988 1054 2054 pmtiitentiam
1087 2000 1230 2054 aeger
1273 1986 1541 2039 redivivus
1584 1989 1808 2048 ageret,

216 2093 402 2132 oetava
437 2079 524 2131 die
554 2081 706 2132 lmtus
736 2077 804 2131 de
831 2091 1057 2144 corpore
1084 2075 1277 2129 exivit.
1305 2071 1600 2140 Perpende,
1633 2069 1809 2132 Petro,

215 2183 421 2235 ιιυωεο,
457 2169 600 2221 hunc
626 2169 694 2221 de
723 2182 829 2237 quo
858 2167 1123 2235 loquimur
1169 2167 1426 2221 Severum
1446 2202 1462 2229 ,
1492 2176 1650 2231 quam
1681 2159 1813 2211 uile-

215 2275 360 2316 ctum
394 2263 651 2316 Dominus
675 2263 929 2329 attendit,
959 2277 1114 2331 quem
1137 2259 1442 2315 contristari
1473 2270 1572 2311 nec
1597 2255 1662 2308 ad
1698 2268 1811 2305 mo-

212 2357 394 2409 dicnm
429 2357 668 2421 pertulit.

1919 1895 2205 1948 ἀπαντήσει
2250 1891 2366 1957 ἡμῖν
2392 1885 2582 1957 γέγονε,
2623 1884 2710 1934 καὶ
2745 1881 2875 1953 πρὸς
2910 1880 3027 1937 τούς
3057 1877 3308 1949 σύροντάς
3337 1894 3398 1943 με
3442 1869 3509 1926 εἶ⁴

1918 1997 2029 2037 me“
2062 1975 2447 2050 ’Υποστρέψατε
2497 1974 2670 2037 αὺτὸν,
2715 1968 2792 2023 ὅτι
2830 1977 3043 2040 Σευῆρος
3084 1965 3110 2020 ὁ
3156 1965 3511 2040 πρεσϐύτερος

1919 2073 2078 2126 κλαίει
2107 2070 2225 2141 περὶ
2259 2069 2431 2120 αὐτοῦ.
2472 2070 2588 2120 Τοῖς
2626 2064 2725 2133 ’γὰρ
2765 2062 2949 2113 ἐκείνου
2965 2049 3234 2126 ’δάκρυσιν
3275 2055 3299 2109 ό
3340 2057 3510 2130 κύριος

1920 2163 2069 2216 αὐτὸν
2098 2157 2414 2231 ἐδωρήσατο.
2445 2163 2500 2206 '0
2538 2150 2588 2205 δὲ
2627 2151 2783 2208 αὐτὸς
2822 2157 3031 2224 Σευῆρος
3075 2146 3101 2200 ό
3129 2146 3508 2216 πρεσϐύτερος,

1920 2251 1976 2306 ἔκ
2010 2259 2102 2309 τῆς
2141 2256 2234 2319 γῆς
2261 2244 2512 2308 ἀναστὰς,
2558 2244 2640 2296 καί
2678 2248 2750 2310 τῷ
2793 2246 2903 2306 Θεῷ
2950 2239 3363 2310 εὐχαριστήσας,
3401 2240 3510 2290 τοῖς

1921 2346 2041 2415 περί
2069 2341 2333 2413 μετανοίας
2380 2337 2549 2408 λόγοις
2593 2339 2774 2389 τοῦτον
2810 2333 3135 2390 νουθετήσας,
3177 2332 3260 2383 καί
3296 2326 3377 2382 διὰ
3418 2334 3510 2384 τῆς

212 2449 380 2501 αὐτοῦ
411 2449 575 2518 εὐχῆς
600 2448 812 2517 ἱλασμὸν
853 2455 951 2502 τῶν
990 2446 1253 2520 ἁμαρτιῶν
1284 2444 1310 2499 ὁ
1355 2444 1567 2501 ἀσθενής
1605 2435 1964 2510 κομισάμενος,
2012 2430 2226 2501 ἑϐδόμην
2273 2427 2460 2503 ἡμέραν
2498 2427 2547 2478 έν
2593 2430 2652 2496 τῇ
2689 2428 2791 2495 ζωῇ
2837 2418 3004 2492 ταύτῃ
3041 2417 3371 2492 ὑποστρέψας
3418 2438 3509 2470 κε’

210 2546 422 2605 ποίηκε,
463 2549 581 2616 περὶ
619 2551 717 2597 τῶν
761 2544 898 2612 αὐτῷ
945 2540 1312 2614 πεπραγμένων
1347 2539 1612 2609 μετάνοιαν
1649 2531 1805 2605 ἄγων.
1845 2538 1915 2600 Τῇ
1951 2527 2004 2582 δέ
2033 2523 2181 2598 ὀγδόῃ
2234 2525 2399 2595 ήμέρᾳ
2446 2518 2850 2591 εὐφραινόμενος,
2882 2516 3011 2590 πρὸς
3048 2517 3217 2586 κύριον
3269 2512 3508 2582 ἐξεδήμη-

205 2655 324 2688 σεν.
357 2634 682 2692 Κατανόησον
706 2629 792 2689 οῦν
816 2635 864 2688 ἐν
893 2635 1016 2708 ποίᾳ
1043 2635 1303 2702 ἀγαπήσει
1342 2630 1368 2684 ό
1411 2632 1585 2704 κύριος
1633 2632 1846 2699 Σευῆρον
1906 2620 1992 2676 τὸν

207 2747 492 2796 ηνεσχετο.

285 2815 458 2868 Pera.
490 2814 818 2869 Admiranda
859 2824 984 2869 sunt
1023 2814 1175 2868 valde
1204 2816 1340 2880 ham,
1368 2827 1488 2883 qua:
1519 2826 1604 2864 me
1643 2807 1802 2879 205

209 2907 434 2960 invenio
479 2921 621 2960 nunc
653 2918 818 2975 usque
849 2906 1088 2961 latuisse.
1129 2905 1235 2959 Sed
1269 2904 1396 2974 quid
1435 2917 1554 2957 csso
1577 2902 1805 2956 dicimus

211 3000 361 3065 quod
395 2997 555 3052 modo
582 2999 713 3052 tales
740 2998 838 3052 viri
869 3005 1140 3068 nequeunt
1168 2995 1417 3051 inveniri.

281 3170 532 3225 Gnaeon.
570 3171 703 3241 Egi,
738 3172 915 3239 Petro,
947 3171 1144 3225 multos
1184 3171 1314 3224 tales
1359 3170 1411 3224 in
1461 3169 1562 3223 hoc
1603 3168 1802 3221 smculo

207 3285 313 3322 nec
358 3269 517 3321 modo
546 3269 737 3323 deesse
767 3267 1058 3322 existimo:
1091 3281 1268 3336 neque
1296 3266 1438 3319 enim
1469 3266 1513 3318 si
1556 3265 1676 3316 tal'a
1727 3263 1800 3314 si-

204 3376 314 3429 gna
347 3376 453 3412 non
489 3359 718 3422 faciunt,
749 3359 869 3413 ideo
901 3357 1032 3411 tales
1064 3371 1168 3410 non
1205 3365 1349 3410 sunt.
1387 3354 1520 3407 Vitae
1569 3367 1800 3420 namque

209 3465 337 3503 vera
369 3449 658 3502 :estimatio
684 3450 738 3501 in
770 3447 966 3502 virtute
996 3456 1079 3501 est
1106 3461 1330 3516 operum
1350 3483 1366 3508 ,
1400 3460 1504 3498 non
1537 3444 1588 3497 iu
1620 3457 1794 3496 osten-

1926 3433 2093 3491 ιύτοὺς
2136 3427 2397 3485 τοιούτους

208 3544 364 3593 sione
412 3539 709 3607 signorum.
741 3537 873 3592 Nam
918 3546 1044 3590 sunt
1081 3537 1342 3606 plerique,
1374 3534 1464 3604 qui
1512 3535 1610 3589 etsi
1651 3535 1799 3602 signa

211 3645 323 3682 non
362 3627 600 3694 faciunt,
630 3629 779 3698 signa
826 3635 1005 3683 tamen
1049 3626 1369 3682 facientibus
1411 3626 1654 3694 dispares
1695 3643 1798 3679 non

211 3731 363 3773 sunt.

285 3894 461 3948 Psra.
493 3891 648 3948 Unde
675 3891 840 3960 mihi,
872 3906 1025 3961 rogo,
1052 3889 1262 3946 ostendi
1295 3897 1502 3958 potest,
1533 3888 1674 3958 quod
1699 3887 1806 3942 sint

211 3986 430 4051 quidam
457 3984 548 4052 qui
575 3983 726 4052 signa
754 3998 861 4036 non
891 3982 1116 4045 iaciunt,
1144 3990 1198 4034 et
1225 3990 1400 4032 tamen
1427 3980 1576 4048 signa
1606 3976 1804 4032 facien-

211 4075 357 4128 tibus
385 4074 677 4127 dissimiles
706 4089 813 4126 non
843 4073 1006 4125 sunt?

286 4166 532 4219 Cascon.
561 4163 951 4232 Numquidnam
982 4161 1158 4216 nescis
1179 4160 1431 4230 quoniam
1459 4158 1653 4213 Paulus
1677 4173 1804 4226 apo-

210 4259 384 4312 stolus
414 4258 573 4311 l’etro
594 4256 954 4323 apostolorum
985 4253 1156 4323 primo
1179 4254 1232 4305 in
1263 4253 1558 4322 principatu
1590 4264 1804 4321 aposm-

213 4351 318 4403 lico
350 4350 516 4402 frater
545 4348 665 4401 est?

289 4443 460 4494 l'ern.
489 4439 614 4494 Seio
643 4437 818 4506 plane,
863 4451 964 4492 nec
990 4436 1210 4491 dubium
1244 4443 1326 4490 est
1355 4435 1475 4503 quia
1519 4432 1617 4488 etsi
1646 4431 1805 4486 mini-

213 4550 335 4587 mus
362 4532 604 4586 omnium
632 4530 1031 4598 apostolorum,
1063 4531 1181 4600 plus
1209 4540 1384 4582 tamen
1431 4528 1679 4582 omnibus
1725 4527 1802 4578 Iuv

213 4626 445 4680 bnravit.

286 4716 339 4786 (Ι
375 4716 497 4770 Car.
529 4713 634 4786 15.)
661 4713 902 4768 Gnecon.
931 4712 1082 4780 Quod
1111 4713 1248 4767 bene
1275 4711 1387 4778 ipse
1419 4707 1800 4771 reminisceris,

2036 2613 2386 2693 πρεσϐύτερον
2429 2608 2604 2682 εἶχεν,
2652 2607 2705 2663 ὃν
2759 2605 2880 2662 οὐδέ
2932 2607 3062 2678 πρὸς
3108 2607 3244 2677 ὥραν
3285 2605 3509 2662 θλιϐῆναι

1983 2802 2157 2849 ΠΕΤΡ.
2197 2788 2393 2849 Ὀντως
2434 2786 2704 2856 Θαυμαστὰ
2745 2784 2845 2838 εἰσι
2892 2779 3116 2856 σφόδρα,
3167 2779 3300 2853 ἅπερ
3344 2782 3508 2853 μέχρι

1914 2895 2004 2944 τοῦ
2032 2881 2196 2954 206
2222 2879 2477 2954 παρόντος
2509 2880 2600 2934 τήν
2639 2877 2762 2943 ἐμήν
2799 2871 3108 2927 διελάνθανεν
3134 2867 3345 2927 εἴδησιν
3372 2872 3423 2921 τί
3451 2867 3505 2921 δέ

1913 2985 2064 3033 τοῦτο
2092 2971 2214 3030 εἶναι
2239 2972 2466 3042 λέγομεν,
2492 2966 2570 3022 ὅτι
2590 2972 2812 3022 τοιοῦτοι
2833 2961 3012 3038 ἄνδρες
3034 2963 3214 3032 ἀρτίας
3241 2961 3504 3034 εὑρεθῆναι

1915 3071 1972 3123 οὐ
1990 3067 2227 3123 δύνανται
2243 3107 2257 3121 .

1985 3168 2150 3213 ΓΡΠΓ.
2180 3154 2328 3225 Ἐγὼ,
2358 3154 2534 3223 Πέτρε,
2565 3149 2778 3207 πολλοὺς
2807 3146 3069 3202 τοιούτους
3093 3139 3284 3217 ἄνδρας
3305 3142 3392 3194 καὶ
3419 3145 3505 3193 νῦν

1911 3251 1960 3304 ἔν
1987 3257 2060 3320 τῷ
2085 3247 2262 3317 κόσμῳ
2292 3244 2455 3310 τούτῳ
2484 3237 2605 3293 εἶναι
2639 3241 2726 3290 οὐκ
2763 3240 2990 3305 ἀπιστῷ·
3029 3231 3144 3286 οὐδὲ
3173 3235 3271 3306 γὰρ
3302 3233 3382 3285 ἐὰν
3414 3252 3507 3290 ση-

1911 3349 2031 3412 μεῖα
2057 3341 2276 3392 τοιαῦτα
2304 3334 2361 3387 οῦ
2385 3336 2590 3386 ποιοῦσι
2616 3334 2724 3390 νῦν,
2758 3322 2772 3361 ί
2810 3327 2866 3379 οὐ
2897 3325 3042 3394 παρὰ
3073 3320 3261 3375 τούτου
3293 3326 3361 3391 μὴ
3384 3317 3504 3374 εἶναι

2448 3420 2871 3476 ἀπιστηθήσεται.
2917 3415 3176 3472 Πολιτείας
3215 3407 3302 3464 οῦν
3337 3413 3502 3464 ἐνθέου

1907 3509 2254 3597 διόσγνωσιξέν
2275 3526 2337 3590 τῇ
2362 3523 2460 3571 τῶν
2485 3512 2646 3587 ἔργων
2669 3512 2907 3585 ὑπάρχει
2935 3507 3166 3579 δυνάμει,
3201 3509 3285 3560 καί
3307 3507 3428 3575 οὐχὶ
3453 3509 3503 3558 ἐν

1905 3624 1969 3691 τῇ
1999 3622 2099 3668 τῶν
2130 3614 2354 3678 σημείων
2385 3605 2640 3667 ἐπιδείξει*
2667 3604 2765 3657 εἰσὶ
2791 3604 2890 3676 ’γὰρ
2919 3600 3175 3664 πλεῖστοι,
3207 3599 3383 3657 οἵτινες
3408 3618 3499 3654 ση-

1907 3714 2027 3780 μεῖα
2053 3707 2144 3777 μέν
2171 3704 2228 3756 οὐ
2264 3706 2495 3762 ποιοῦιι,
2524 3702 2623 3752 τῶν
2669 3693 2722 3748 δὲ
2759 3695 2825 3749 τά
2861 3699 3048 3764 σημεῖα
3074 3691 3351 3745 ποιούντων
3388 3685 3501 3740 ἀνό-

1908 3818 2042 3870 μοιοι
2071 3799 2161 3851 οὐκ
2184 3797 2303 3849 εἰσί.

1978 3900 2146 3946 ΠΕΤΡ.
2180 3887 2331 3940 Πόθεν
2354 3904 2436 3954 μοι
2458 3925 2471 3946 ,
2499 3882 2806 3956 παρακαλῶ,
2850 3881 3002 3931 τοῦτο
3033 3871 3383 3942 ἐπιδειχθῆναι
3412 3869 3503 3924 δύ·-

1907 4004 2076 4046 ναται,
2111 3980 2322 4036 ὄτι.εὶσί
2343 3997 2474 4035 τινες
2503 3975 2549 4028 οί
2569 3978 2638 4043 μή
2669 3977 2934 4029 ποιοῦντες
2957 3975 3165 4037 σημεῖα,
3195 3968 3282 4019 καί
3314 3972 3412 4017 τῶν
3435 3966 3500 4017 τά

1908 4081 2098 4146 σημεῖα
2126 4073 2398 4127 ποιούντων
2421 4066 2638 4134 ἀνόμοιοι
2662 4065 2747 4118 οὐκ
2774 4063 2902 4124 εἰσί;

1977 4172 2142 4219 ΓΡΠΓ.
2170 4164 2247 4218 Μή
2281 4161 2360 4214 τοί
2383 4178 2439 4228 γε
2479 4158 2535 4210 ού
2562 4157 2844 4229 γινώσκεις,
2879 4149 2960 4204 ὅτι
2998 4150 3190 4208 Παῦλος
3215 4147 3241 4201 ό
3270 4147 3499 4202 ἀπόστο-

1906 4255 1990 4314 λος
2027 4251 2237 4322 ἀδελφὸς
2267 4251 2500 4324 ύπάρχει
2530 4248 2578 4300 ἐν
2607 4254 2669 4320 τῇ
2714 4242 2972 4316 ἀποστολῇ
3002 4242 3191 4315 Πέτρου
3227 4241 3240 4289 1
3276 4245 3367 4294 τοῦ
3408 4259 3496 4291 κο-

1907 4346 2123 4423 ρυφαίου
2160 4349 2258 4396 τῶν
2289 4340 2582 4395 ἀποστόλων
2601 4354 2614 4401 ;

1977 4446 2146 4489 ΠΕΤΡ.
2181 4432 2442 4503 ’Δσφαλῶς
2475 4425 2604 4491 οἶδα,
2635 4426 2659 4462 ’ί
2691 4428 2773 4479 καὶ
2807 4423 3092 4495 δισταγμὸς
3121 4423 3170 4476 ἓν
3210 4423 3378 4491 τούτῳ
3414 4421 3498 4476 οὐχ

1907 4524 2069 4580 ἔστιν’
2095 4524 2200 4579 ἀλλ’
2226 4519 2315 4577 οὖν
2335 4542 2414 4592 γε,
2443 4523 2485 4573 εἰ
2507 4522 2591 4573 καί
2611 4518 2906 4593 μικρότερος
2924 4518 3127 4570 πάντων
3152 4521 3251 4566 τῶν
3273 4511 3498 4564 ἀποστό-

1906 4619 2004 4672 λωθ
2030 4619 2163 4680 ἐστὶ,
2197 4613 2212 4650 Ῐ
2246 4618 2402 4668 πλείω
2430 4614 2633 4666 πάντων
2663 4612 2920 4662 ἐκοπίασε.

1979 4718 2150 4762 ΓΡΗΓ.
2198 4706 2366 4762 Καθὼς
2410 4704 2706 4764 ἐπίστασαι,
2742 4700 2923 4772 Πέτρος
2952 4697 2998 4749 ἐν
3024 4701 3087 4769 τῇ
3126 4693 3359 4764 θαλασσῃ
3389 4699 3497 4752 τοῖς

212 4811 408 4864 Petrus
441 4820 463 4847 ε
497 4824 658 4878 super
685 4823 833 4862 mare
863 4807 1084 4876 pedibus
1126 4804 1414 4858 ambulavit
1446 4801 1661 4870 (Matth.
1691 4798 1800 4867 14),

1926 4801 2030 4852 τοσί
2066 4799 2436 4870 περιεπάτησε,
2484 4791 2679 4850 Παῦλος
2717 4789 2769 4844 δέ
2815 4790 2863 4841 ἐν
2900 4797 2960 4859 τῇ
3000 4787 3233 4860 θαλάσσῃ
3277 4787 3498 4854 ναυαγίῳ

209 4901 412 4955 Paulus
438 4901 490 4953 in
519 4901 650 4953 mari
679 4898 1010 4967 naufragium
1042 4898 1254 4965 pertulit
1284 4893 1367 4964 (Il
1396 4893 1517 4947 Cor.
1545 4893 1631 4960 ιε)
1660 4909 1670 4942 :
1700 4889 1722 4925 ι¹
1753 4902 1805 4942 t-t

212 4993 264 5042 iu
294 5004 404 5042 uno
434 4990 734 5057 eodemque
781 4989 1049 5043 elemento
1080 4988 1148 5039 ibi
1184 4986 1374 5038 Paulus
1414 4986 1492 5037 ire
1533 4999 1652 5037 cum
1686 4982 1804 5035 navi

210 5100 316 5136 non
354 5083 556 5152 potuit,
589 5081 677 5134 ubi
711 5081 895 5136 Petrus
925 5079 1144 5148 pedibus
1171 5078 1270 5132 iter
1299 5076 1440 5130 fecit.
1472 5078 1562 5143 Λρι
1587 5087 1665 5128 rte
1700 5073 1792 5138 igi-

285 5268 312 5296 ³
347 5257 562 5311 Primus
592 5253 820 5315 Thcod.,
851 5254 901 5304 in
932 5263 1122 5304 terram
1147 5253 1198 5302 in
1228 5252 1505 5304 orationem
1531 5249 1692 5302 dedit.

284 5326 314 5366 δ
343 5325 666 5391 (Σοηιῃειιόη
690 5324 892 5393 jurenis
920 5324 1180 5390 apparuit.

289 5408 313 5434 ε
349 5390 597 5462 Plerique
626 5390 755 5447 mss.
789 5396 839 5444 in
873 5394 1035 5454 mari,
1067 5394 1144 5444 vel
1178 5407 1402 5462 "iuuare
1431 5390 1549 5458 ped.

284 5467 311 5501 ⁸⁸
345 5467 402 5519 ln
429 5459 612 5519 Germ.
642 5473 694 5516 et
721 5463 970 5516 omnibus
1001 5462 1184 5514 Norm.
1211 5459 1290 5512 En
1315 5463 1366 5513 in
1397 5477 1517 5513 uno.
1553 5460 1603 5511 In
1634 5459 1801 5511 tribus

212 5536 500 5603 Sangerm.
543 5543 599 5588 et
639 5534 805 5602 Hegio
857 5532 1066 5603 legitur,
1111 5531 1180 5584 ibi
1236 5530 1450 5592 Ραιιιιιε,
1497 5542 1600 5584 ezc.
1635 5531 1706 5582 At
1741 5533 1800 5603 in

215 5601 469 5658 «uultibus
501 5604 710 5668 Norm.,
742 5604 828 5655 ubi
865 5601 1060 5653 Paulus
1089 5603 1160 5654 ire
1190 5616 1302 5654 cum
1334 5603 1448 5655 navi
1479 5617 1579 5654 non
1609 5601 1801 5671 potuit,

214 5679 286 5729 lbi
303 5721 316 5737 ,
342 5688 447 5729 etc.

293 5755 316 5784 ο
349 5746 525 5808 Coll»,
561 5745 748 5800 κλαίειν
773 5744 858 5797 καί
888 5741 1158 5816 ὀδύρεσθαι

1913 4887 2234 4960 περιέπεσεν·
2285 4883 2394 4936 ἰδού
2440 4884 2510 4941 εἰς
2555 4881 2606 4935 ἒν
2650 4884 2734 4935 καί
2776 4882 2903 4936 αὐτὸ
2940 4882 2999 4935 τὸ
3041 4888 3322 4951 στοιχεῖον,
3368 4880 3415 4932 ἐν
3460 4877 3499 4951 ᾧ

1910 4979 2099 5036 Παῦλος
2122 4978 2250 5047 μετὰ
2277 4975 2450 5030 πλοίου
2477 4975 2785 5047 πορευθῆναι
2807 4975 2896 5026 οὐκ
2918 4971 3159 5035 ἠδυνήθη,
3182 4973 3365 5038 Πέτρος
3387 4978 3499 5027 τοῖς

1908 5072 2030 5126 ποσὶ
2058 5077 2148 5127 τήν
2188 5067 2477 5141 ὁδοιπορίαν
2508 5067 2776 5123 πεποίηκε.
2808 5063 3023 5118 Φανεηὸν
3052 5057 3139 5116 οῦν
3168 5060 3495 5124 καθέστηκεν,

1986 5247 2005 5285 ί
2040 5248 2190 5312 Mss.,
2223 5249 2353 5316 μετά
2377 5245 2605 5319 δακρύων
2635 5246 2705 5302 εἰς
2730 5247 2819 5301 τήν
2846 5249 2956 5313 γῆν.

1980 5327 2006 5364 Β
2041 5315 2292 5386 Uterque,
2322 5315 2560 5370 ἀπέλαϐε.

1980 5386 2006 5424 ¹³
2042 5389 2224 5450 Iidem,
2251 5391 2557 5444 ὑπαντήσει.

1987 5457 2002 5529 ί
2041 5459 2172 5526 Reg.
2205 5459 2263 5511 οὐ
2293 5460 2434 5529 ποιρά
2460 5458 2647 5526 τούτῳ,
2673 5453 2826 5507 Coll).
2858 5454 2914 5505 οὐ
2934 5451 3076 5526 παρά
3100 5456 3267 5506 τοῦτυ.

1985 5528 1998 5576 5
2045 5531 2174 5596 lieg.
2207 5528 2492 5582 ἀποστόλου
2526 5531 2608 5579 καί
2640 5545 2816 5597 κορυφ.

1985 5546 1998 5576 ι
2045 5546 2174 5596 Heg.
2207 5546 2492 5582 αποστολου
2526 5549 2608 5579 και
2640 5546 2760 5597 κορυ
2804 5563 2816 5574 .

1985 5597 2008 5667 l‘
2045 5599 2168 5650 MSS.
2201 5602 2286 5651 καί
2311 5600 2617 5667 πέπεισμαι,
2650 5601 2731 5651 καί
2759 5546 3038 5666 ἕισταγμὸς

1993 5666 2006 5704 ¹
2045 5668 2174 5736 Reg.
2208 5669 2377 5723 πλεῖον
2404 5670 2622 5722 πάντων.
