3934 6304
526 243 620 299 25!

1756 248 1993 307 SANCTI
2034 246 2355 304 GREGORII
2398 247 2607 305 MAGNI

3712 250 3862 305 2‘52

521 363 663 426 ξατο,
688 362 770 415 καί
801 362 930 432 μέγα
959 360 1129 435 κέρδος
1155 364 1290 430 αύτῷ
1319 368 1721 439 προσενεχθῆναι
1767 370 2104 439 ὡμολόγησεν,

2219 364 2459 416 hortatus
2486 363 2624 416 liunc
2645 362 2837 417 blande
2853 368 2957 425 est.
2981 370 3037 417 υι
3058 363 3339 432 perliceret
3362 365 3500 436 quod
3523 369 3859 439 co’pissct;

524 454 600 510 ὅτι
624 455 769 528 ἁγίου
791 455 971 530 ἀνδρὸς
994 455 1175 526 ψυχήν
1205 459 1252 510 ἐν
1285 459 1538 529 σφάλματι
1566 461 1816 520 ἀπωλείας
1844 462 2109 515 ἰπέκλινεν.

521 546 734 605 Ἐκεῖνος
764 546 814 600 δὲ
839 546 1098 621 όπονηρὸς
1126 546 1319 617 δαίμων
1344 548 1369 602 ό
1400 550 1557 619 291
1580 560 1744 605 ταῦτα
1774 552 2110 624 aura-7750.019

523 642 761 712 προσθείς
792 637 920 694 εἶπε·
968 643 1137 715 Μέχρι
1186 643 1381 700 ταύτης
1420 641 1511 702 τῆς
1538 643 1884 718 παρελθούσης
1925 644 2111 714 ἡμέρας

524 733 580 785 ού
610 730 829 787 διέλιπον
857 734 1002 786 αὐτόν
1040 733 1282 801 ἐνοχλῶν.
1315 735 1399 786 καί
1438 734 1521 787 τόν
1564 733 1801 803 λογισμὸν
1830 735 1984 787 αύτοῦ
2012 757 2113 787 πα-

523 820 750 896 ρασύραι
780 825 866 875 οὐκ
890 821 1152 881 ἠδυνήθην·
1184 824 1310 893 χθὲς
1338 822 1392 877 δὲ
1420 825 1548 898 πρός
1587 824 1807 896 ἑσπέραν
1836 827 2109 887 πεποίηκα.

526 913 669 974 ὅπως
705 922 808 974 τοῖς
854 916 1097 974 ὀπισθίοις
1132 924 1223 975 τῆς
1275 918 1419 985 ίερᾶς
1466 917 1712 987 παρθένου
1766 918 1999 985 ἐμπαθῶς
2048 926 2109 990 τῇ

522 1009 676 1079 οἰκείᾳ
707 1010 847 1080 χειρί
876 1007 1087 1076 ἅψηται.
1121 1009 1240 1062 Τότε
1288 1007 1313 1061 ὁ
1355 1009 1575 1082 πονηρός
1616 1006 1844 1067 διὰῗολος
1893 1014 1977 1063 καί
2019 1016 2108 1065 τοῦ

524 1098 834 1171 ἀνθρωπίνου
864 1100 1040 1169 γένους
1070 1101 1291 1170 ἀρχαῖος
1336 1101 1546 1173 ἐχθρός,
1596 1106 1771 1153 τοῦτον
1812 1102 2108 1154 κολακευτι-

523 1194 619 1246 κῶς
640 1188 1136 1262 προσκαλεσάμενος,
1170 1188 1279 1259 ἔφη·
1309 1187 1471 1263 Ὀπερ
1496 1192 1699 1265 ἐνήρξω,
1730 1196 1956 1243 σπεῦσον
1983 1190 2109 1247 πλη-

522 1285 700 1354 ρῶσαι,
747 1280 828 1332 ἵνα
876 1281 923 1331 ἐν
1068 1283 1266 1333 πτώσει
1296 1282 1454 1335 αὐτοῦ
1496 1285 1560 1334 σύ
1592 1281 1741 1352 μόνος
1782 1284 1971 1351 μεταξύ
2010 1290 2109 1335 τῶν

521 1367 707 1421 λοιπῶν
736 1369 791 1422 τό
818 1377 906 1428 τῆς
932 1373 1073 1429 νίκης
1107 1379 1128 1405 ⁸
1160 1370 1277 1440 βάν
1298 1376 1574 1443 κρατήσῃς.
1603 1378 1784 1425 Ταῦτα
1806 1368 1891 1424 οὖν
1928 1371 1953 1426 ό
1982 1370 2108 1425 ’1ου-

520 1454 661 1517 δαῖος
690 1466 952 1532 γρηγορῶν
978 1461 1304 1528 θεασάμενος,
1338 1462 1388 1514 ἐν
1417 1462 1606 1533 μεγάλῃ
1638 1459 1793 1534 δειλίᾳ
1823 1465 1904 1515 καί
1924 1460 1949 1498 δ
1986 1483 2107 1515 στει-

518 1552 750 1620 νοχωρίᾳ
776 1552 1092 1623 περιέπεσεν.
1126 1562 1179 1603 ‘0
1205 1549 1257 1604 δὲ
1284 1551 1487 1605 πάντων
1509 1561 1610 1605 τῶν
1636 1554 1938 1621 πνευμάτων
1968 1574 2107 1627 πρω-

519 1638 680 1691 τεύων
722 1638 971 1701 διάϐολος,
1023 1642 1222 1700 τούτοις
1272 1640 1565 1713 ἐπέτρεψεν,
1616 1643 1699 1697 ἵνα
1737 1644 2101 1706 ἐπιζητήσωσι,

2217 462 2475 522 quatenus
2504 454 2672 507 ruina:
2705 453 2845 507 illius
2874 454 3200 524 singularem
3253 457 3391 511 inter
3420 470 3650 515 caeteros
3693 460 3854 530 pal-

2217 561 2357 599 mam
2409 555 2635 599 teneret.
2698 546 2942 615 Cumque
2967 547 3186 603 .ludmus
3232 551 3320 619 qui
3371 553 3669 610 advenerat
3716 556 3851 611 hoc

2214 637 2441 704 vigilans
2488 646 2758 701 cerneret,
2816 648 2870 690 et
2928 655 3133 707 magna:
3181 640 3481 697 formidinis
3526 646 3854 701 anxietate

2215 728 2526 795 palpitaret,
2579 729 2646 781 ab
2675 728 2863 782 eodem
2892 729 3081 795 spiritu
3111 732 3199 799 qui
3250 734 3457 787 cunctis
3486 735 3593 790 illic
3641 737 3844 791 obse-

2212 820 2499 885 quentihus
2519 829 2745 887 praeerat
2767 820 2976 888 jussum
2999 831 3081 874 est
3105 830 3159 874 ut
3186 824 3522 890 requirerent
3540 828 3837 895 quisnam

2213 922 2353 963 esset
2382 910 2470 963 ille
2499 911 2588 978 qui
2614 911 2794 978 jacere
2822 912 2873 963 in
2908 913 3105 979 templo
3129 914 3316 966 eodem
3344 927 3845 985 praesumpstsset.

2211 1002 2379 1065 Quem
2412 1002 2630 1070 maligni
2663 1002 2879 1068 spiritus
2910 1014 3215 1073 pergentes,
3246 1015 3297 1058 et
3318 1007 3564 1063 subtilius
3590 1010 3843 1063 intueri-

2213 1098 2311 1155 tes,
2341 1091 2516 1143 crucis
2545 1094 2800 1160 mysterio
2830 1093 3093 1161 signatqu
3124 1093 3394 1159 viderunt,
3428 1100 3840 1168 mirantesque

2211 1185 2453 1237 dixi-runt
2483 1202 2495 1237 :
2526 1185 2613 1239 Vm
2638 1225 2653 1250 ,
2680 1201 2781 1250 vae,
2814 1202 2902 1238 vas
2932 1203 3156 1240 vacuum
3198 1198 3250 1240 et
3276 1190 3561 1257 signatum.
3595 1194 3835 1257 Quibus

2212 1275 2311 1327 huc
2336 1277 2790 1343 renuntiantilius,
2807 1290 2995 1332 cuneta
3023 1279 3111 1331 illa
3133 1280 3484 1347 malignorum
3508 1284 3833 1350 Spirituum

2212 1366 2364 1418 turba
2396 1367 2676 1434 disparuit.
2709 1366 2925 1421 .ludmus
2960 1383 3089 1421 vero
3116 1369 3204 1436 qui
3242 1372 3356 1424 ilch
3384 1372 3616 1439 viderat,
3656 1374 3832 1427 ill'co

2207 1458 2459 1521 Surrexit,
2501 1469 2658 1525 atque
2684 1460 2748 1510 ad
2793 1461 3102 1527 episcopum
3142 1460 3244 1513 Sub
3275 1460 3627 1517 festinatione
3678 1479 3831 1531 per.

2209 1546 2370 1598 venit.
2403 1548 2570 1609 Quem
2605 1549 2658 1599 in
2690 1548 2926 1601 Ecclesia
2959 1563 3053 1601 sua
3085 1551 3387 1616 reperiens.
3422 1567 3676 1607 seorsum
3718 1563 3825 1606 tu—

2210 1637 2267 1688 lit
2287 1676 2301 1701 ,
2333 1652 2436 1704 qua
2481 1638 2772 1691 tcntatinne
2800 1649 3076 1706 urgeretur
3107 1640 3395 1709 inquisivit.
3429 1642 3525 1696 Cui
3552 1646 3828 1699 conﬁteri

519 1729 593 1785 τίς
623 1724 722 1802 ἄρα
749 1731 887 1783 ἐστίν
914 1730 939 1782 ό
969 1733 1019 1782 ἐν
1040 1740 1108 1797 τῷ
1131 1741 1235 1802 ναῷ
1259 1734 1429 1785 αὐτῶν
1454 1733 1798 1791 κατακλιθῆναι
1827 1736 2102 1805 τολμήσας.

2216 1729 2495 1794 ιινίδεομυδ
2552 1731 2896 1782 lcntationent
2961 1745 3111 1783 suam
3160 1734 3545 1788 verecundatus
3600 1737 3823 1789 noluit.

518 1826 626 1871 Τῶν
674 1818 727 1873 δὲ
772 1830 1003 1893 πονηρῶν
1048 1827 1352 1891 πνευμάτων
1392 1826 1518 1897 πρὸς
1547 1828 1697 1879 αὐτόν
1731 1828 1993 1891 ἐλθόντων,
2026 1832 2109 1881 καὶ

517 1910 761 1977 ἐπιμελῶς
807 1914 1305 1980 καταμανθανόντων,
1355 1915 1655 1985 θεασάμενοι
1709 1917 1860 1970 αὐτόν
1911 1926 1982 1987 τῷ
2016 1942 2111 1976 οη·

518 2004 638 2070 μείῳ
654 2006 745 2055 τοῦ
759 2010 985 2076 σταυροῦ
1013 2005 1429 2079 ἐσφραγισμένον,
1450 2008 1803 2073 θαυμάσαντες
1831 2003 1990 2060 εἷπον·
2017 2020 2109 2062 Βα-

517 2092 625 2154 ϐαἰ,
646 2098 826 2151 σκεῦος
846 2102 865 2129 ε
881 2094 1137 2169 σάίῗουρόν
1156 2098 1239 2147 καί
1259 2098 1654 2167 ἐσφραγισμένον
1673 2098 1930 2171 ὑπάρχει.
1948 2106 2107 2154 Τοῦτο

517 2182 569 2237 δέ
596 2185 759 2240 αὐτῶν
785 2187 1129 2253 μηνυσὰντων,
1161 2192 1307 2240 πᾶσα
1331 2190 1483 2244 ἐκείνη
1512 2190 1542 2245 ἡ
1572 2197 1669 2242 τῶν
1698 2198 1926 2266 πονηρῶν
1956 2211 2108 2245 πνευ-

516 2277 687 2339 μάτων
705 2280 920 2347 ταλιαχή
951 2275 1167 2346 ἄφαντος
1187 2280 1405 2348 γέγονεν.
1436 2287 1491 2329 ‘0
1526 2279 1577 2334 δὲ
1607 2278 1855 2338 Ἰουδαῖος
1884 2281 1908 2334 ό
1941 2288 2108 2337 ταῦτα

527 2366 857 2432 θεασάμενος,
882 2366 1060 2424 εὐθέως
1089 2367 1298 2429 ἀνέστη,
1342 2371 1423 2420 καί
1449 2368 1576 2442 πρὸς
1607 2371 1690 2421 τὸν
1717 2370 1994 2427 ἐπίσκοπον
2019 2394 2109 2441 με·-

517 2454 581 2505 τά
610 2450 840 2511 σπουδῆς
866 2454 1174 2507 κατέξαινεν.
1206 2454 1282 2507 Ἐν
1326 2454 1378 2509 δὲ
1424 2465 1485 2529 τῇ
1533 2456 1770 2532 ἐκκλησίᾳ
1799 2466 1981 2515 τοῦτον
2021 2466 2106 2514 εύ-

517 2544 635 2616 ρών,
670 2542 779 2596 κατ’
808 2541 937 2596 ἰδίαν
986 2544 1136 2598 αὐτόν
1181 2542 1369 2609 ἔλαϐε,
1423 2551 1507 2601 καί
1558 2548 1681 2623 παρ’
1724 2552 1883 2605 αὐτοῦ
1930 2553 2107 2621 μαθεῖν

516 2632 748 2697 ἐπεζήτει
796 2634 923 2701 ποίῳ
971 2642 1245 2710 πειρασμῷ
1288 2636 1592 2707 συνέχεται.
1640 2638 1698 2691 ⁸0
1734 2638 1787 2693 δέ
1832 2644 2106 2703 ἐπίσκοπος

516 2719 832 2792 αἰδούμενος,
864 2725 949 2776 οὐκ
975 2723 1113 2782 ἤθελε
1138 2727 1220 2779 τὸν
1250 2726 1431 2781 ἐαυτοῦ
1461 2733 1739 2805 πειρασμίν
1771 2729 2102 2805 ὁμολογῆσαι.

514 2813 638 2868 τότε
662 2813 686 2867 ό
716 2812 949 2874 Ἰουδαῖος
972 2810 1127 2869 εἶπεν·
1154 2818 1294 2886 Ούχί
1317 2826 1379 2891 τῇ
1409 2825 1500 2873 τοῦ
1529 2827 1657 2873 Θεοῦ
1699 2820 1851 2894 δούλῃ
1878 2831 1938 2896 τῇ
1968 2821 2107 2898 δείνᾳ

515 2900 727 2976 αἰσχρῷ
768 2905 904 2973 πόθῳ
933 2908 1053 2966 τούς
1084 2906 1365 2977 ὀφθαλμούς
1406 2911 1783 2984 ἐπεστήρισαςς
1815 2911 1871 2966 ’0
1913 2914 1966 2969 δὲ
1996 2916 2107 2970 ἐπί·

515 3011 703 3050 σκοπος
735 2996 821 3046 καί
864 2996 947 3047 ἐπὶ
989 2998 1190 3057 τούτοις
1234 2992 1261 3032 ἀ
1292 3002 1506 3071 ἠρνεῖτο.
1541 3004 1775 3074 ῐιροσθείς
1814 3001 1865 3056 δὲ
1903 3004 1928 3057 ό
1973 3004 2101 3059 ’1ου-

2212 1821 2340 1871 Cum
2376 1835 2503 1873 vero
2548 1821 2638 1873 ille
2680 1820 2879 1873 diceret
2910 1822 3049 1889 quod
3084 1822 3137 1875 in
3175 1822 3259 1874 illa
3310 1825 3395 1877 tali
3449 1826 3540 1879 Dei
3596 1828 3823 1883 famula

2213 1910 2352 1975 pravi
2384 1911 2586 1963 amoris
2613 1911 2796 1963 oculos
2826 1911 3121 1981 injecisset,
3173 1925 3333 1983 atque
3382 1919 3555 1971 adhuc
3582 1921 3827 1987 episco—

2213 2013 2310 2064 pus
2341 2009 2577 2066 negaret,
2610 1999 2872 2066 adjumit,
2905 2000 3088 2054 dicens
3118 2020 3128 2053 :
3154 2003 3331 2068 Quare
3362 2020 3522 2074 negas
3553 2009 3702 2077 quod
3735 2011 3821 2063 itt~

2210 2085 2459 2151 quiteris,
2493 2088 2581 2155 qui
2612 2088 2676 2139 ad
2708 2087 2809 2141 hoc
2839 2104 3008 2157 usque
3052 2105 3272 2158 vespere
3300 2094 3552 2149 hesterno
3596 2101 3825 2164 perdu-

2211 2186 2330 2228 ctus
2360 2191 2438 2242 es,
2473 2189 2529 2230 ut
2562 2180 2858 2244 posteriora
2903 2181 3043 2235 illius
3072 2181 3220 2250 alapa
3271 2184 3497 2238 ferires?
3548 2188 3629 2241 Ad
3676 2206 3821 2257 quae

2211 2284 2458 2323 ntmtrum
2508 2272 2668 2326 Verba
2715 2272 3109 2341 deprehensum
3138 2293 3195 2330 se
3228 2280 3512 2349 episcopus
3541 2284 3816 2352 intuens,

2210 2357 2484 2413 humiliter
2549 2361 2827 2416 confessus
2882 2375 2963 2418 est
3026 2370 3167 2435 quod
3238 2372 3383 2436 prius
3445 2375 3816 2440 pertinaciter

2209 2452 2441 2516 negavit.
2484 2450 2649 2521 Cujus
2691 2455 2854 2508 ruina:
2898 2465 2952 2509 et
3001 2460 3335 2514 verecunde
3381 2464 3518 2517 idem
3567 2467 3815 2522 Judrcus

2207 2540 2519 2608 consulens,
2550 2544 2777 2611 qualiter
2808 2546 2908 2600 hoc
2937 2552 3301 2617 cognovisset,
3332 2554 3412 2607 vel
3441 2571 3560 2623 qua:
3585 2558 3639 2610 in
3663 2574 3817 2612 con-

2209 2642 2367 2685 ventu
2398 2632 2750 2702 malignorum
2795 2638 3076 2705 spirituum
3120 2640 3188 2694 de
3227 2656 3293 2694 eo
3333 2644 3659 2712 audivisset,
3714 2649 3815 2704 iu-

2205 2723 2422 2777 dicavit.
2450 2724 2604 2789 Quod
2633 2726 2722 2781 ille
2752 2743 3071 2797 agnoscens,
3118 2746 3175 2784 se
3206 2732 3271 2784 ad
3304 2741 3500 2788 terram
3533 2738 3802 2805 pratinus

2208 2814 2260 2868 in
2292 2818 2593 2871 orationem
2624 2819 2790 2873 dedit.
2826 2821 3054 2889 Moxque
3076 2824 3143 2876 de
3185 2838 3282 2877 suo
3334 2826 3638 2883 habitaculo
3681 2847 3807 2886 non

2206 2907 2377 2961 solum
2416 2909 2659 2963 eamdem
2706 2910 2795 2963 Dei
2843 2910 3126 2977 famulam,
3180 2916 3273 2969 sed
3325 2932 3540 2972 omnem
3574 2936 3808 2990 quoque

2208 2997 2484 3064 feminam,
2534 3015 2653 3068 qua:
2685 3000 2736 3053 in
2767 3000 2884 3070 ejus
2916 3003 3022 3056 illic
3050 3006 3309 3073 obsequio
3340 3007 3649 3074 habitabat,
3697 3026 3809 3065 ex-

514 3076 681 3141 δαίος,
714 3076 822 3135 εἶπε
842 3097 856 3110 ⁹
893 3084 981 3135 Διά
1007 3085 1056 3136 τί
1085 3084 1319 3156 άρνεῖσαι
1343 3084 1468 3163 ὅπερ
1510 3090 1631 3161 παρ’
1661 3091 1780 3158 ἐμοῦ
1812 3093 2102 3163 ἐρωτᾶσαις

2213 3090 2362 3155 pulit.
2393 3090 2447 3143 ln
2475 3091 2664 3145 eodem
2690 3107 2817 3147 vero
2845 3095 3043 3163 templo
3077 3098 3360 3164 Apollinis,
3391 3100 3530 3154 beati
3560 3103 3807 3157 Andreae

513 3172 633 3241 ούχί
662 3172 822 3245 μέχρι
851 3170 1034 3226 τούτου
1073 3177 1419 3243 κατηνέχθης,
1464 3175 1540 3231 ὄτι
1581 3180 1707 3246 χθὲς
1737 3182 1859 3257 πρὸς
1884 3182 2107 3257 ἑσπέραν

514 3270 620 3323 τοῖς
649 3265 841 3323 ταύτης
864 3266 1111 3324 ὀπισθίοις
1138 3268 1374 3335 ἐμπαθῶς
1414 3277 1477 3343 τῇ
1510 3273 1651 3340 χειρί
1684 3292 1779 3326 σου
1823 3280 2108 3348 προσήῃιο

512 3368 645 3417 σας;
674 3353 800 3408 Τότε
825 3354 849 3407 ὁ
877 3355 1149 3415 ἐπίσκοπος
1186 3364 1292 3416 τοῖς
1323 3356 1506 3412 τούτου
1546 3360 1744 3432 ῥήμασι
1772 3361 2103 3436 διελεγχθεὶς,

510 3448 642 3513 μετὰ
672 3447 843 3506 πάσης
866 3450 1326 3521 ταπεινοφροσύνης
1362 3451 1677 3523 ὡμολόγησεν
1698 3496 1710 3515 ,
1756 3453 1884 3528 ὅπερ
1920 3458 2105 3533 πρότεη

510 3557 595 3608 ρον
628 3546 851 3611 στερεῶς
872 3544 1091 3614 ἠρνεῖτο.
1130 3541 1291 3595 Θέλων
1318 3540 1380 3611 δὲ
1412 3542 1436 3595 ό
1466 3541 1707 3603 Ἰουδαῖος
1730 3552 1817 3604 τήν
1846 3550 2100 3618 αἰσχύνην

509 3637 599 3685 τοῦ
644 3632 940 3702 σφάλματος
986 3634 1139 3688 αὐτοῦ
1182 3637 1675 3707 παραμυθήσασθαι,
1724 3640 1909 3714 ἤρξατο
1960 3642 2100 3718 αύτῷ

508 3719 791 3791 διηγεῖσθαι
814 3729 925 3783 πῶς
970 3729 1123 3779 τοῦτο
1167 3722 1364 3797 διέγνω,
1410 3730 1494 3781 καί
1531 3727 1688 3782 ὁποῖα
1716 3735 1833 3807 περί
1869 3736 2024 3790 αὐτοῦ
2054 3736 2103 3788 ἐν

507 3818 582 3879 τῷ
610 3813 970 3883 συναθροισμῷ
989 3820 1089 3868 τῶν
1115 3822 1347 3888 πονηρῶν
1372 3818 1676 3884 πνευμάτων
1700 3820 1901 3878 ἀκήκοε.
1925 3830 2102 3879 Ταῦτα

507 3898 564 3955 δέ
600 3900 628 3955 ό
666 3902 944 3963 ἐπίσκοπος
977 3906 1206 3965 ἀκούσας
1239 3909 1325 3960 καί
1367 3908 1630 3980 ὶπιγνούς,
1662 3912 1842 3971 εὐθέως
1872 3916 1919 3965 ἐν
1946 3922 2009 3988 τῇ
2035 3925 2099 3990 γῇ

506 3993 846 4059 κατακλιθείς,
876 3994 1059 4050 ἐαυτὸν
1086 3999 1161 4056 εἰς
1188 3997 1346 4067 εύχην
1377 3995 1579 4053 δέδωκε.
1611 4010 1941 4075 Παραχρῆμα
1975 4004 2025 4059 δέ
2046 4007 2102 4058 ἐκ

2210 3181 2436 3247 apostoli
2486 3191 2706 3249 repente
2751 3187 3043 3238 oratorium
3094 3186 3250 3252 fecit,
3283 3200 3441 3260 atque
3496 3195 3643 3247 omni
3699 3194 3803 3247 illa

2213 3270 2507 3325 tentatione
2536 3272 2713 3325 carnis
2751 3273 2991 3327 funditus
3022 3280 3213 3331 caruit.
3243 3279 3481 3334 Judaeum
3527 3297 3673 3347 vero,
3707 3301 3808 3337 cu-

2207 3361 2294 3431 jus
2325 3362 2531 3417 visione
2562 3372 2719 3431 atque
2753 3365 3117 3435 increpatione
3145 3371 3378 3423 salvatus
3408 3382 3509 3438 est,
3537 3374 3602 3427 ad
3634 3383 3809 3428 aeter-

2211 3467 2331 3505 nam
2364 3456 2593 3508 salutent
2625 3459 2803 3510 traxit.
2834 3457 2963 3510 Nam
2988 3464 3333 3515 sacramentis
3364 3463 3485 3517 lidei
3506 3464 3807 3529 imbutum,

2209 3553 2368 3612 atque
2396 3562 2530 3614 aqua
2576 3548 2911 3615 baptismatis
2941 3552 3309 3616 emundatum,
3353 3553 3417 3607 ad
3447 3567 3650 3609 sancta:
3685 3559 3803 3610 Ife-

2209 3635 2387 3689 elesEm
2409 3637 2671 3703 gremium
2712 3638 2982 3706 perduxit.
3017 3640 3212 3711 Sicque
3258 3644 3448 3697 factum
3479 3655 3560 3698 est
3600 3655 3659 3699 ut
3691 3648 3809 3701 lle-

2209 3726 2381 3779 lirzens
2406 3729 2569 3793 idem,
2603 3729 2729 3783 dum
2757 3730 2915 3786 saluti
2945 3736 3135 3787 nitente
3161 3737 3445 3800 consuluit,
3480 3741 3806 3805 perveniret

2209 3820 2273 3873 ad
2302 3835 2474 3884 suam,
2506 3830 2560 3875 et
2587 3823 2925 3892 omnipotens
2967 3824 3108 3879 Deus
3156 3826 3280 3881 inde
3319 3830 3542 3883 alterum
3591 3832 3658 3883 ad
3698 3834 3806 3884 lno-

2210 3926 2331 3966 nam
2364 3914 2524 3966 vitam
2555 3913 2875 3982 perduceret
2902 3955 2919 3981 ,
2969 3917 3109 3972 unde
3138 3919 3191 3973 in
3223 3920 3360 3975 bona
3413 3920 3516 3974 vita
3559 3920 3805 3976 alterum

2211 4005 2553 4059 custodisset.

504 4089 596 4138 τοῦ
624 4085 971 4149 ἐπισκοπείου,
1003 4089 1061 4140 ού
1092 4088 1243 4160 μόνον
1270 4093 1360 4147 την
1389 4095 1477 4144 τοῦ
1505 4097 1630 4146 Θεοῦ
1669 4090 1851 4152 δούλην
1888 4096 2094 4159 ἐκείνην,
2139 4096 2261 4151 ἀλλὰ
2297 4101 2382 4151 καί
2431 4104 2607 4153 πᾶσαν
2645 4100 2860 4164 θηλείαν,
2893 4103 3050 4175 ἥνπερ
3093 4106 3165 4165 εἰς
3192 4104 3282 4163 την
3315 4107 3469 4166 αὐτῆς
3505 4106 3807 4180 ὑπουργίαν

503 4174 672 4246 ε’χεν,
700 4178 1003 4239 άπεξάλετο.
1029 4181 1114 4235 τόν
1143 4178 1195 4235 δέ
1226 4180 1341 4235 ναόν
1368 4189 1456 4237 τοῦ
1482 4182 1787 4246 ’Λπόλλωνος
1829 4188 2090 4263 εύκτήρων
2125 4194 2215 4241 τοῦ
2251 4191 2504 4263 μακαρίου
2526 4199 2549 4225 ⁶
2575 4188 2804 4261 ’Δνόρέου
2833 4198 2922 4247 τοῦ
2952 4192 3259 4249 ’Δποστὸλου
3291 4198 3576 4253 πεποίηκεν.
3600 4194 3768 4253 ’Δπηλ
3786 4226 3805 4237 ο

502 4267 633 4340 λάγη
663 4266 717 4323 δέ
745 4276 835 4325 τοῦ
857 4280 948 4330 τῆς
977 4272 1165 4346 σαρκός
1198 4274 1351 4329 αὐτοῦ
1392 4282 1683 4351 πειρασμοῦ
1703 4315 1719 4341 ,
1750 4279 1935 4353 χάριτι
1976 4287 2103 4335 Θεοῦ
2134 4283 2388 4343 παντελῶς
2426 4283 2475 4347 ἐξ
2514 4287 2669 4339 αὐτοῦ
2711 4287 3059 4346 ἁπελαθέντος.
3108 4288 3202 4341 Τὸν
3233 4286 3286 4341 δὲ
3320 4274 3682 4342 Ἰουδαῖοντὸν
3710 4289 3807 4344 διὰ

502 4370 597 4422 τῆς
626 4363 879 4422 ὀπτασίας
914 4369 1095 4418 τοῦτον
1123 4365 1407 4436 ἐλέγξαντα,
1434 4367 1560 4442 πρὸς
1587 4372 1677 4426 τὴν
1711 4371 1905 4425 αἰώνιον
1951 4374 2206 4447 σωτηρίαν
2238 4374 2591 4430 ἐπεσπάσατο.
2639 4378 2713 4429 Τά
2738 4378 2832 4453 γὰρ
2861 4379 3114 4453 μυστήρια
3136 4385 3228 4435 τῆς
3249 4378 3473 4436 πίστεως
3508 4385 3689 4433 τοῦτον
3721 4378 3808 4433 δι’

501 4448 685 4513 ἃάξας,
714 4453 798 4504 καί
822 4447 894 4521 τῷ
922 4448 1014 4507 τοῦ
1041 4452 1402 4523 βαπτίσματος
1441 4454 1591 4512 ὕδατι
1617 4460 1921 4533 καθαρίσας,
1946 4462 2017 4521 εἰς
2044 4464 2130 4516 τόν
2158 4471 2250 4522 τῆς
2276 4462 2422 4537 ἁγίας
2465 4467 2728 4526 ἐκκλησίας
2756 4468 2937 4522 κόλπον
2972 4469 3174 4541 ἤγαγεν.
3204 4466 3350 4523 Οὕτω
3378 4472 3541 4524 τοίνυν
3570 4473 3804 4543 γέγονεν,

502 4545 637 4596 ἆστε
676 4543 762 4595 τᾶν
800 4542 1031 4615 Ἐϐραῐον
1062 4545 1147 4600 τόν
1169 4548 1240 4606 εἰς
1274 4544 1292 4582 ί
1324 4552 1415 4604 τήν
1442 4548 1617 4625 ἐτέρου
1653 4557 1910 4626 σωτηρίαν
1940 4560 2314 4631 συντρέχοντα,
2346 4562 2419 4618 εἷς
2446 4565 2535 4619 τήν
2565 4559 2691 4615 ἰδίαν
2718 4570 3052 4620 καταντῆσαι.
3080 4565 3167 4615 Καὶ
3196 4562 3221 4617 ό
3260 4562 3642 4634 παντοδύναμος
3674 4569 3806 4626 Θεὸς

504 4637 557 4688 ἐκ
594 4636 777 4690 τούτου
822 4636 992 4709 ἕτερον
1028 4640 1100 4699 εἰς
1140 4645 1269 4704 ζωήν
1297 4642 1488 4714 ἀγαθὴν
1524 4645 1729 4717 ἤγαγεν,
1765 4645 1876 4701 ὅθεν
1900 4645 2044 4704 ἄλλον
2066 4653 2114 4703 ἐν
2135 4653 2259 4727 αὐτῇ
2289 4652 2603 4723 φυλαχθῆναι
2629 4653 2923 4712 ηὐδόκησεν.

577 4740 747 4782 IETP.
780 4727 941 4785 τοῦτο
980 4732 1036 4787 τὸ
1087 4735 1288 4808 γεγονός
1327 4742 1543 4811 πρᾶγμα
1591 4737 1720 4811 ὅπερ
1766 4742 1976 4800 ἀκήκοα.
2013 4745 2100 4798 καί

503 4820 658 4891 φόϐον
688 4841 773 4890 μοι
800 4823 1024 4894 παρέχει
1050 4828 1135 4878 καί
1158 4823 1338 4880 ἐλπίδα
1368 4831 1641 4905 σωτηρίας-

576 4923 813 4968 ΓΡΙΗὊΡ.
857 4915 1005 4970 Οὕτω
1045 4920 1130 4970 καί
1157 4917 1364 4992 ἁρμόζει
1412 4928 1475 4992 τῇ
1526 4928 1617 4974 τοῦ
1665 4930 1793 4977 Θεοῦ
1843 4926 1979 4993 ἡμᾶς
2020 4928 2100 4978 εύ⁹

507 5004 809 5081 σπλαγχνία
840 5009 1056 5062 πάντοτε
1087 5016 1110 5054 Β
1141 5011 1456 5074 πεποιθέναι,
1487 5016 1567 5064 καί
1597 5018 1685 5070 τήν
1719 5017 1964 5089 ἡμετέραν
1992 5016 2094 5072 δει-

506 5093 613 5164 λιᾷν
637 5098 916 5152 ἀσθένειαν.
946 5097 1067 5153 ’ἰδού
1096 5102 1195 5177 γάρ
1225 5104 1308 5155 καί
1337 5108 1425 5160 τήν
1447 5099 1540 5156 τού
1570 5099 1886 5177 παραδείσου
1922 5109 2123 5183 κέδρον¹

505 5182 841 5243 σαλευθεῖσαν
886 5188 1208 5261 ἠκούσαμεν,
1261 5192 1365 5245 ἀλλ’
1408 5194 1495 5245 οὐκ
1541 5195 1917 5258 ἔκριζωθεῖσαν⁹
1966 5197 2104 5262 ὅπως

581 5331 606 5358 ⁸·
640 5324 711 5398 De
736 5325 833 5398 hac
860 5339 992 5398 voce
1017 5329 1242 5397 ejusque
1268 5330 1472 5398 origine
1497 5329 1612 5383 fuse
1634 5331 1848 5386 disserit
1868 5331 2095 5387 doctiss.

509 5390 745 5464 (Iattgius
769 5394 819 5446 in
851 5390 1178 5460 Glosstrf,
1211 5390 1379 5464 queui
1399 5401 1636 5455 consule.

581 5459 606 5497 ι’
633 5461 762 5544 ‘.\'is.,
782 5471 1116 5544 στενοχωρία
1137 5459 1381 5526 κατ’ἐστηο

580 5539 600 5566 ε
629 5529 744 5607 Ϊοκ
778 5529 1190 5607 ϐεωοιῖείειιοτο
1235 5553 1263 5590 a
1304 5543 1516 5591 saburra
1565 5538 1826 5607 derivata,
1883 5557 2097 5596 vacuum

505 5602 846 5668 signiﬁcans;
889 5606 1028 5670 quod
1061 5621 1226 5660 naves
1263 5608 1484 5661 saburra
1534 5623 1627 5663 seu
1672 5602 1834 5663 arena
1863 5623 2096 5665 orturatze

507 5684 691 5727 vacua:
745 5684 1085 5729 censeantur.
1145 5678 1217 5731 Dc
1264 5692 1323 5730 ea
1361 5678 1551 5747 legesis
1593 5680 1872 5749 Cangium.
1910 5682 1963 5735 In
2000 5680 2098 5737 Ms.

2282 4743 2449 4797 Pera.
2484 4746 2588 4798 lies
2613 4744 2728 4800 hmc
2755 4753 2902 4813 gesta
2931 4759 3087 4813 quam
3119 4746 3317 4811 audivi,
3349 4756 3400 4799 et
3432 4757 3628 4799 metum
3663 4748 3803 4802 mihi

2208 4836 2407 4904 przebet
2435 4845 2488 4889 et
2516 4850 2687 4902 spem.

2280 4928 2523 4981 Gnaeos.
2561 4927 2751 4993 Utique
2798 4926 2877 4978 sic
2906 4935 3118 4995 oportet
3146 4934 3201 4979 et
3225 4925 3293 4979 de
3323 4926 3413 4979 Dei
3448 4942 3544 4978 nos
3583 4942 3803 4993 semper

2207 5020 2550 5074 miseratione
2600 5018 2898 5083 confidere,
2929 5029 2982 5074 et
3012 5018 3079 5074 de
3108 5031 3285 5071 nostra
3318 5018 3629 5071 inﬁrmitate
3680 5020 3800 5070 [ur-

2208 5112 2429 5165 midare.
2462 5112 2601 5167 Ecce
2630 5111 2772 5166 enim
2806 5111 3038 5180 paradisi
3069 5112 3284 5165 cedrum
3327 5125 3642 5164 concussam
3694 5125 3800 5163 au-

2210 5203 2456 5268 divimus,
2491 5204 2584 5257 sed
2619 5218 2724 5258 non
2757 5205 3020 5266 evulsam,
3072 5212 3331 5272 quatenus
3363 5200 3590 5255 inﬁrmis
3639 5199 3801 5258 nolit:

2210 5335 2348 5411 lleg.
2366 5336 2568 5411 legitur
2596 5342 2733 5393 κενόν
2753 5341 2830 5394 καί
2847 5339 3071 5411 σαπρόν.

2280 5405 2304 5441 ά
2336 5405 2457 5484 bis",
2487 5412 2811 5482 ἠρνήσατο...
2839 5408 2918 5462 ίιά
2948 5405 2995 5463 τί
3017 5411 3141 5483 ἀρνῇ
3167 5406 3315 5484 ὅπερ.

2282 5486 2303 5553 ς
2449 5520 2461 5543 ,
2491 5478 2700 5553 ιίἐτρου.

2288 5544 2303 5582 ί
2343 5549 2463 5615 “3.,
2492 5554 2563 5609 εἰς
2586 5544 2675 5603 τού
2699 5548 2888 5617 ἐτέρου.

2279 5628 2303 5663 κ
2339 5619 2478 5672 ξίιΙίῑ.
2509 5619 2700 5680 Vatia.
2724 5618 3064 5675 πεποιηκέναι.
