4000 6398
440 753 451 796 i

437 805 442 818 Ι

484 318 588 370 255

1683 312 1927 366 SANCTI
1967 313 2004 366 ϐ
2017 311 2055 363 [ἶ
2068 310 2290 364 καοιὶιι
2336 312 2542 366 MAGNI

3643 315 3746 366 236

475 429 643 484 τόπων
669 431 848 482 τοῦτον
871 425 1130 498 παρελθεῖν
1159 423 1456 488 ἐπύκτευον,
1484 422 1588 476 ἀλλ’
1609 421 1838 491 οὐδαμῶς
1866 425 1948 478 τὸν
1971 443 2063 475 πο-

2173 420 2374 475 dclleCti
2406 438 2510 475 non
2541 424 2730 491 potuit.
2757 423 2904 476 Tunc
2947 425 3024 478 vir
3055 422 3260 476 Domini
3310 423 3628 494 Frigdianus
3661 441 3746 478 τοί

475 524 636 586 ταμὸν
666 520 718 571 ἐκ
742 526 832 576 τῆς
872 515 999 576 ἰδίας
1028 518 1196 575 κοίτης
1241 517 1525 584 μετενέγκαι
1569 513 1895 572 ἠδυνήθησαν.
1942 515 2060 567 Τότε

475 611 502 665 ὁ
528 617 616 664 τοῦ
645 615 770 663 Θεοῦ
799 605 1058 681 ἄνθρωπος
1085 603 1374 679 Φριγδιανός
1405 602 1655 657 σκαλίδιον
1689 605 1870 672 σεμνὸν
1898 604 2062 674 ἐαυτῷ

475 703 785 761 πεποιηκὼς,
817 698 962 771 παρά
1007 696 1064 750 τὸ
1111 697 1286 764 χεῖλος
1330 702 1421 748 τοῦ
1465 701 1699 763 ποταμοῦ
1748 695 2063 751 ἐπέστηνκαί

475 795 622 863 μόνος
667 800 726 864 τῇ
767 793 899 864 εὐχῇ
927 791 1106 843 ἑαυτὸν
1136 787 1415 847 ἐπικλίνας,
1450 794 1523 857 τῷ
1553 793 1766 854 ποταμῷ
1804 786 2062 838 ἐκέλευσεν

473 886 554 940 ἶνα
583 884 890 953 ἀκολουθήσῃ
937 882 1074 948 αὐτῷ
1116 877 1198 932 διὰ
1239 879 1424 932 τοπίων
1454 874 1516 928 ὧν
1546 878 1696 935 αὐτὸς
1734 874 1929 929 συνεῖδε
1948 918 1959 940 ,
1991 882 2062 942 τῷ

475 976 716 1046 σκαλιδίῳ
758 982 845 1034 τὴν
871 983 961 1045 γῆν
991 973 1330 1047 παρασύρων.
1373 967 1516 1022 ”Ολον
1548 967 1600 1021 δὲ
1626 974 1714 1021 τοῦ
1745 974 1976 1038 ποταμοῦ
2006 968 2063 1019 τὸ

475 1072 611 1143 ὕδωρ
820 1074 908 1125 τήν
939 1065 1066 1120 ἰδίαν
1093 1067 1259 1121 κοίτην
1289 1060 1613 1129 καταλείψαν,
1645 1069 1716 1131 τῷ
1746 1060 1874 1130 ἁγίῳ
1899 1060 2062 1127 τούτῳ

476 1165 824 1224 ἠκολούθησεν
869 1161 1000 1212 ὥστε
1045 1164 1135 1210 τοῦ
1187 1157 1366 1209 λοιποῦ
1397 1157 1464 1222 μή
1500 1173 1553 1206 τε
1584 1150 1752 1205 νοτίδα
1794 1153 2064 1216 ἀπομεῖναι

474 1260 523 1311 ἐν
552 1267 624 1330 τῷ
652 1258 857 1333 ἀρχαίῳ
884 1256 1033 1307 αὐτοῦ
1065 1253 1224 1319 τόπῳ,
1253 1247 1356 1302 ἀλλ’
1387 1246 1514 1301 ὅπου
1541 1245 1566 1298 ό
1594 1252 1684 1298 τοῦ
1724 1251 1848 1298 Θεοῦ
1876 1240 2066 1315 ἅνθρω-

475 1371 569 1410 πος
592 1354 681 1407 τὴν
708 1355 798 1418 γῆν
827 1354 897 1414 τῷ
939 1342 1180 1413 σκαλιδίῳ
1208 1342 1515 1413 παρέσυρεν,
1549 1338 1652 1389 ἐκεῖ
1676 1335 1700 1389 ό
1726 1335 1952 1403 ποταμὸς
1981 1337 2065 1385 τῦν

475 1441 655 1515 δρόμον
692 1441 849 1492 αὐτοῦ
888 1439 1158 1496 πεποίηκε,
1189 1436 1269 1485 καὶ
1299 1431 1489 1502 βλάϐην
1528 1430 1639 1481 τινὰ
1678 1433 1784 1484 τοῖς
1813 1432 2007 1495 φυτοῖς,
2035 1422 2062 1478 ἦ

476 1532 525 1583 ἐν
549 1539 611 1601 τῇ
639 1529 941 1601 ἐργυζομίνη
962 1533 1025 1597 γῇ
1057 1528 1148 1578 τοῦ
1174 1523 1347 1575 λοιποῦ
1381 1521 1469 1572 οῦκ
1501 1526 1524 1553 ³
1556 1519 1819 1586 ἐπηγογεν.

1109 1663 1311 1708 ΚΕΦΛΛ
1322 1693 1332 1705 .
1379 1654 1427 1704 1’.

656 1773 769 1843 Περὶ
796 1769 1002 1820 Σαϐίνου
1028 1763 1304 1820 ἐπισγόπου
1343 1762 1534 1820 πόλεως
1565 1759 1879 1815 Πλακεντίας.

545 1884 739 1936 Τούτου
767 1884 932 1934 τοίνυν
953 1886 1044 1932 τοῦ
1072 1876 1445 1930 εῦλαϐεστὰτου
1477 1871 1652 1945 ἀνδρὸς
1685 1870 1944 1922 Βεναντίου
1970 1873 2058 1921 τοῦ

476 1977 753 2031 ἐπισκόπου
777 1981 838 2046 τῇ
867 1974 1111 2043 ἀφηγήσει
1150 1970 1321 2041 ἕτερον
1343 1969 1508 2035 Οαῦμα
1535 1965 1823 2033 μεμάθηκα,
1854 1959 1982 2032 ὅπερ
2013 1961 2061 2010 ἐν

476 2081 534 2140 τῇ
564 2068 833 2139 Πλακεντίᾳ
871 2065 1012 2118 πόλει
1041 2062 1315 2134 ἐμαρτύρει
1339 2059 1615 2130 γεγονέναι,
1646 2060 1731 2108 καί
1757 2052 1986 2112 ἰωέννης
2011 2049 2063 2104 δέ

477 2162 502 2215 ό
526 2166 612 2214 νῦν
641 2161 688 2211 ἐν
720 2159 882 2228 ταύτῃ
911 2163 972 2227 τῇ
995 2162 1094 2207 τῶν
1121 2155 1372 2220 Ῥωμαίων
1401 2150 1538 2202 πόλει
1563 2149 1648 2202 τόν
1679 2153 1771 2200 τοῦ
1793 2144 2062 2218 Ἐπάρχου

477 2255 629 2309 τόπον
656 2253 918 2319 κατέχων,
952 2251 1074 2321 ἀνὴρ
1108 2247 1442 2302 ἀληθέστατος
1473 2243 1749 2310 ὑπάρχων,
1774 2242 1822 2292 ἐν
1851 2249 1911 2312 τῇ
1941 2242 2064 2311 αὐτῇ

477 2345 619 2398 πόλει
646 2343 913 2411 ιιλακεντίᾳ
937 2338 1184 2408 γεννηθείς
1213 2338 1298 2387 καὶ
1327 2336 1621 2405 ἀνατραφεὶς
1644 2371 1658 2392 .
1684 2339 1756 2399 τῷ
1801 2333 2064 2401 ἐπισκόπῳ

480 2439 847 2505 συμμαρτυρεῖ
867 2431 987 2502 περὶ
1016 2433 1107 2481 τοῦ
1137 2427 1364 2479 τοιούτου
1408 2425 1684 2490 θαύματος.
1727 2417 1932 2490 ’Ἔλεγεν
1962 2423 2064 2472 τοί-

481 2549 564 2578 νυν
588 2566 603 2589 ,
633 2523 711 2577 ὅτι
739 2525 859 2594 ἁνήρ
888 2541 968 2579 τις
1008 2519 1215 2576 Σαϐῖνος
1247 2516 1472 2584 ὀνόματι,
1505 2513 1532 2549 δ
1565 2515 1864 2581 θαυμαστῆς
1895 2513 2065 2584 ὑπάρ-

483 2637 593 2684 χων
623 2613 904 2681 δυνάμεως,
936 2610 984 2662 ἐν
1020 2617 1081 2681 τῇ
1103 2609 1230 2680 αὐτῇ
1259 2604 1401 2659 πόλει
1424 2605 1704 2663 ἐπίσκοπος
1735 2604 1953 2674 γέγονεν.
1988 2601 2064 2654 Ἐν

482 2705 529 2758 δέ
561 2705 724 2778 ἡμέρα
750 2705 846 2756 τινί
875 2699 900 2753 ὁ
926 2699 1112 2753 τούτου
1161 2695 1384 2754 διάκονος
1426 2695 1670 2763 ἐμήνυσεν
1715 2694 1856 2763 αὖτῷ
1882 2692 2062 2763 λέγων,

480 2790 594 2847 Ὀτι
621 2789 777 2847 Πάδος
808 2789 832 2842 ὁ
859 2788 1089 2858 ποταμὸς
1111 2790 1201 2842 τὴν
1229 2785 1409 2838 ἑαυτοῦ
1441 2785 1604 2839 κοίτην
1628 2782 1877 2854 ὑπερϐὰς,
1904 2790 1924 2818 ε
1943 2782 2066 2840 τοὺς

481 2893 569 2942 τῆς
612 2882 874 2939 ἐκκλησίας
906 2880 1096 2952 ἀγροὺς
1143 2877 1446 2937 ἐπελάϐετο,
1474 2877 1556 2926 καί
1582 2875 1746 2927 πάντα
1770 2875 1835 2926 τὰ
1863 2875 1932 2931 είς
1959 2892 2068 2946 τρο-

481 2981 570 3047 φήν
601 2976 868 3048 ἀνθρώπων
889 2973 938 3024 ἐν
959 2992 1011 3024 τε
1025 2978 1072 3028 ῖς
1098 2968 1272 3022 αὐτόθι
1292 2964 1319 3001 ἀ
1343 2970 1538 3025 τοπίοις
1558 2966 1799 3034 μέλλοντα
1817 2965 2064 3035 γίνεσθαι,

483 3069 538 3121 τὸ
568 3064 706 3135 ὕδωρ
736 3068 825 3116 τοῦ
853 3067 1088 3130 ποταμοῦ
1124 3061 1484 3134 ἐπεκράτησεν.
1531 3067 1586 3109 '0
1618 3054 1672 3109 δὲ
1702 3065 1763 3124 τῇ
1795 3059 1895 3125 ζωῇ
1923 3055 2066 3108 εὐλα-

2165 522 2333 567 strum
2362 516 2460 567 sibi
2493 515 2764 582 parvulum
2795 513 2940 580 fecit,
2971 517 3036 569 ad
3069 517 3276 570 alveum
3310 516 3538 569 ﬂuminis
3558 531 3744 571 acces-

2165 608 2254 671 sit,
2287 616 2340 660 et
2378 609 2525 660 Solus
2552 608 2780 660 orationi
2830 608 3105 672 incubuit;
3135 619 3297 675 atque
3337 607 3507 661 cidem
3541 606 3745 660 flumini

2165 697 2481 766 prwcipieiis
2510 708 2564 750 ut
2591 714 2651 752 se
2681 708 3015 766 sequeretur,
3050 713 3144 766 per
3175 698 3290 750 loca
3315 712 3537 765 qumque
3564 697 3611 750 ei
3637 698 3745 750 visa

2165 797 2290 841 sunt
2329 797 2559 842 rastrum
2602 806 2694 857 per
2727 799 2921 843 terram
2951 790 3131 842 traxit.
3165 789 3334 855 Quem
3377 790 3564 842 relicto
3594 788 3750 842 alveo

2166 881 2381 947 proprio
2413 882 2574 951 296
2603 890 2708 934 tota
2742 881 2978 934 ﬂuminis
3022 897 3155 948 aqua
3206 890 3388 934 secuta
3421 891 3501 935 est
3525 922 3540 946 ,
3584 883 3652 932 ita
3695 893 3751 935 ut

2166 967 2404 1023 iuuditus
2443 975 2615 1025 locum
2644 973 2884 1025 consueti
2917 986 3106 1025 cursus
3133 971 3422 1035 desereret,
3458 981 3511 1025 et
3544 970 3612 1023 ibi
3648 970 3746 1022 sibi

2163 1061 2418 1121 alveum,
2471 1060 2558 1112 ubi
2606 1070 2773 1113 tracto
2823 1077 2917 1128 per
2951 1070 3147 1115 terram
3184 1071 3355 1115 rastro
3406 1061 3487 1113 vir
3533 1061 3742 1114 Domini

2164 1150 2371 1216 signum
2397 1148 2618 1213 fecerat,
2644 1151 2957 1216 vindicaret,
2986 1163 3036 1206 et
3065 1167 3288 1220 quaeque
3317 1161 3496 1205 essent
3526 1151 3751 1202 alimen-

2165 1244 2234 1291 tis
2287 1240 2559 1294 hominum
2607 1241 2883 1310 profutura
2935 1256 3048 1300 sata
3087 1243 3166 1297 vel
3207 1242 3444 1311 plantata
3474 1242 3610 1295 ultra
3646 1256 3747 1295 non

2166 1328 2405 1384 luaderet.

2782 1607 3006 1662 CAPUT
3046 1609 3112 1662 Χ.

2229 1717 2301 1770 De
2326 1719 2521 1771 Sabino
2553 1719 2788 1788 episcopo
2821 1719 3148 1784 Placentino,
3180 1720 3266 1788 qui
3303 1719 3502 1773 Padum
3527 1722 3714 1787 ﬂumen

2557 1806 2646 1854 per
2675 1793 2868 1841 litteras
2897 1807 3015 1842 suas
3049 1795 3374 1856 compescuit.

2240 1877 2407 1945 llujus
2451 1894 2658 1947 quoque
2701 1880 3024 1933 venerabilis
3073 1882 3171 1933 viri
3217 1878 3460 1934 Venanti
3513 1878 3750 1947 episcopi

2166 1971 2307 2022 aliud
2356 1973 2667 2024 miraculum
2717 1972 2976 2026 relatione
3033 1975 3286 2041 Cognovi,
3325 1975 3460 2040 quod
3494 1973 3544 2024 in
3578 1969 3596 2007 τ
3630 1971 3751 2023 Pla-

2167 2068 2384 2121 rcntina
2421 2072 2552 2120 urbe
2605 2067 2843 2136 perhibet
2892 2079 3130 2137 gedum;
3183 2068 3319 2137 qtiod
3363 2078 3385 2113 ε
3441 2069 3516 2120 vir
3546 2081 3754 2134 quoque

2168 2161 2540 2213 veracissimus
2563 2159 2794 2214 Joannes
2825 2160 2877 2214 in
2912 2160 3008 2212 hac
3039 2161 3198 2214 modo
3223 2160 3458 2212 Romana
3484 2160 3698 2212 civitate
3723 2159 3746 2192 δ

2167 2252 2341 2304 locum
2391 2251 2762 2317 praefectorum
2795 2267 3051 2315 servans,
3082 2253 3171 2320 qui
3206 2252 3257 2304 in
3301 2252 3488 2305 eadem
3525 2251 3747 2303 Placen-

2167 2342 2274 2394 tina
2306 2342 2436 2395 urbe
2464 2353 2546 2396 est
2575 2354 2724 2395 ortus
2751 2351 2806 2397 et
2841 2346 3075 2397 nutritus
3096 2387 3110 2408 ,
3142 2345 3214 2396 ita
3245 2355 3301 2396 ut
3331 2343 3615 2412 episcopus
3648 2358 3756 2395 me-

2170 2443 2384 2495 morat,
2427 2434 2546 2500 quia
2579 2443 2786 2501 gestum
2819 2433 2979 2486 fuerit
3008 2443 3309 2487 attestatur.
3345 2433 3400 2486 In
3428 2449 3491 2486 ea
3534 2447 3758 2500 [MIHI]th

2169 2522 2384 2574 civitate
2414 2519 2427 2557 ί
2464 2523 2720 2576 Sabinum
2752 2525 2965 2577 nomine
2997 2521 3162 2578 fuisse
3189 2534 3439 2576 asserunt
3470 2525 3622 2577 mine
3655 2525 3757 2576 viro

2167 2611 2296 2664 tutis
2328 2612 2657 2680 episcopum.
2689 2615 2784 2668 Cui
2807 2616 2932 2668 dum
2964 2615 3051 2669 die
3077 2616 3307 2684 quadam
3341 2632 3470 2669 suus
3496 2617 3757 2671 diaconus

2168 2704 2466 2758 nuntiasset
2505 2705 2646 2772 quod
2687 2720 2878 2759 cursus
2922 2708 3003 2760 sui
3047 2707 3220 2761 Padus
3249 2709 3458 2762 alveum
3508 2725 3760 2779 egressus

2172 2795 2425 2848 Ecclesia:
2453 2811 2609 2863 agros
2632 2807 2973 2864 occupasset,
3002 2807 3218 2864 totaque
3242 2798 3348 2850 illic
3375 2798 3490 2850 loca
3517 2797 3760 2853 nutrien-

2169 2884 2250 2937 dis
2293 2885 2307 2933 ἱ
2366 2885 2671 2939 hominibus
2723 2886 2996 2954 profutura
3044 2901 3178 2957 aqua
3228 2886 3470 2954 ejusdem
3529 2888 3760 2942 lluiniuis

2171 2984 2393 3035 teneret.
2421 2977 2748 3032 venerabilis
2780 2978 2906 3032 vitae
2937 2978 3168 3032 Sabinus
3210 2980 3500 3047 episcopus
3538 2995 3760 3046 re5p0n-

2172 3067 2266 3130 dit,
2301 3068 2520 3120 dicens:
2559 3068 2736 3131 Vade,
2770 3077 2825 3123 et
2852 3069 2938 3124 dic
2975 3071 3022 3124 ei
3050 3087 3061 3121 :
3092 3069 3305 3122 Mandat
3347 3069 3440 3123 tibi
3471 3070 3763 3138 episcopus

487 3159 733 3214 ϐἐστατος
763 3155 966 3212 Σαϐῖνος
999 3153 1023 3206 ὁ
1050 3154 1330 3210 ἐπίσκοπος
1377 3149 1619 3221 ἀπεκρίθη
1665 3148 1835 3219 λέγων·
1866 3145 2067 3201 ’Ἃπελοε

2182 3172 2238 3214 ut
2284 3172 2335 3214 te
2377 3177 2722 3230 compescas,
2766 3172 2820 3216 et
2849 3163 2915 3215 ad
2961 3163 3234 3231 proprium
3285 3163 3499 3216 alveum
3553 3164 3762 3216 redeas.

486 3252 569 3305 καί
595 3252 704 3302 εἰπὲ
733 3247 894 3317 αὐτῷ’
936 3245 1082 3300 Δηλοῑ
1111 3264 1193 3298 σοι
1221 3242 1245 3295 ὁ
1282 3243 1560 3299 ἐπίσκοπος
1578 3281 1590 3299 ,
1617 3241 1701 3292 ἵνα
1739 3237 1961 3309 ἰδιάσῃς,
1991 3242 2078 3291 καί

490 3346 562 3403 εἰς
588 3344 673 3396 τὸν
701 3339 822 3394 michi
846 3360 941 3393 σου
966 3338 1120 3391 τόπον
1155 3333 1507 3406 ὑποστρέψῃς.
1538 3340 1696 3386 Τοῦτο
1724 3330 1776 3385 δὲ
1805 3331 1830 3384 ό
1861 3329 2076 3389 διάκονος

490 3436 650 3490 αὑτοῦ
679 3432 923 3492 ἀκούσας,
955 3428 1384 3500 παροικτρὼσατο
1414 3424 1567 3476 αὐτὸν
1611 3425 1693 3474 καί
1731 3421 2073 3492 κατεγέλασεν.

492 3538 548 3580 '0
577 3525 629 3580 δέ
673 3531 762 3578 τοῦ
812 3527 938 3576 Θεοῦ
993 3518 1253 3587 ἅνθρωπος
1295 3518 1520 3587 νοτάριον
1561 3513 2074 3587 προσκαλεσάμενος,

493 3616 840 3692 ὑπηγόρευσεν
875 3613 1039 3681 αὐτῷ,
1069 3610 1225 3678 λέγων
1247 3622 1258 3633 ·
1291 3607 1488 3662 Σαϐῖνος
1519 3604 1542 3656 ό
1577 3610 1663 3657 τοῦ
1693 3605 1870 3667 κυρίου
1907 3601 2078 3657 Ἰησοῦ

491 3688 712 3782 Χριστοῦ
755 3701 965 3762 δοῦλος,
997 3697 1391 3767 κομμονιτὼριον
1422 3690 1567 3761 Πάὂῳ
1605 3699 1676 3761 τῷ
1713 3697 1950 3759 ποταμῷ.
1991 3688 2075 3740 Ἐν

493 3800 700 3867 ὀνόματι
719 3799 812 3847 τοῦ
832 3794 1006 3864 κυρίου
1035 3791 1173 3856 ἡμῶν
1191 3787 1355 3842 Ἰησοῦ
1378 3790 1598 3860 Χριστοῦ
1619 3783 1799 3835 κελεύω
1822 3803 1920 3843 σοι,
1938 3779 2076 3839 ὅπως

491 3893 545 3942 ἐκ
570 3894 660 3940 τοῦ
691 3886 848 3938 τόπου
888 3900 983 3933 σου
1027 3884 1119 3932 τοῦ
1158 3878 1331 3932 λοιποῦ
1373 3881 1441 3947 μὴ
1472 3875 1690 3947 ἐξέλθῃς,
1722 3872 1844 3943 μηδέ
1870 3879 1960 3931 τὴν
1985 3881 2074 3944 γῆν

492 3987 580 4036 τῆς
629 3974 890 4032 ἐκκλησίας
930 3968 1120 4040 βλάψαι
1170 3968 1436 4037 τολμήσῃς.
1472 3972 1554 4037 Τῷ
1589 3964 1642 4019 δὲ
1678 3967 1816 4036 αὐτῷ
1859 3965 2074 4040 νοταρίῳ

491 4068 748 4140 προσθείς,
780 4059 935 4116 εἶπενο
958 4057 1167 4115 ”Λπελθε
1185 4098 1198 4120 ,
1225 4063 1374 4111 τοῦτο
1401 4055 1620 4131 γράψον,
1654 4059 1734 4109 καί
1763 4058 1835 4114 εἰς
1859 4058 1915 4108 τὸ
1940 4056 2074 4133 ὕδωρ

490 4165 582 4214 τοῦ
609 4161 837 4223 ποταμοῦ
863 4152 1010 4224 ῥίψον
1038 4151 1183 4204 αὐτό.
1230 4151 1424 4202 Τούτου
1456 4146 1509 4201 δέ
1535 4149 1800 4219 γενομένου
1825 4189 1838 4211 ,
1872 4145 2075 4216 δεξάμε-

490 4273 567 4311 νος
599 4249 623 4304 ὁ
654 4247 879 4315 ποταμὸς
907 4250 998 4299 τοῦ
1028 4243 1174 4313 ἁγίου
1204 4238 1383 4314 ἀνδρὸς
1410 4241 1466 4293 τό
1506 4236 1848 4311 πρόσταγμα,
1882 4247 1906 4274 θ
1935 4259 2073 4310 παρ-

489 4341 606 4393 suo.)
636 4339 691 4390 ἐκ
720 4344 809 4395 τῆς
845 4342 939 4406 γῆς
979 4333 1244 4391 ἐκκλησίας
1272 4329 1552 4384 ἀνέστειλεν
1576 4368 1588 4392 ,
1624 4332 1710 4383 καί
1737 4332 1804 4389 εἰς
1841 4331 1921 4383 τὸν
1950 4327 2074 4382 ἴδιον

560 4538 582 4563 κ
616 4527 740 4592 Ms.,
769 4529 859 4579 οὐκ
891 4526 1146 4581 ἐποίησεν.

560 4596 588 4634 ’δ
617 4597 737 4662 MS.,
765 4596 1063 4665 θαυμαστός
1092 4593 1368 4665 ὑπάρχων.
1403 4592 1453 4643 ἐν
1482 4599 1566 4665 τῇ,
1593 4600 1698 4644 etc.

561 4677 583 4704 ε
621 4667 736 4730 Ms.,
771 4663 927 4720 τοῦ...
955 4667 1112 4738 ἀγροῦ
1144 4663 1457 4716 ἐπεϐάλλετο.

555 4738 579 4772 δ
617 4739 736 4797 Μς..
767 4738 960 4793 τόποις.

559 4817 582 4843 ο
617 4809 738 4860 llaec
761 4806 941 4866 verba,
972 4807 1026 4858 ἐκ
1047 4812 1136 4863 τῆς
1158 4812 1273 4874 γῆς.
1305 4802 1500 4856 omissa
1530 4803 1579 4854 in
1615 4800 1838 4854 Excusis
1859 4841 1873 4866 ,
1912 4815 2067 4874 revo-

483 4878 720 4930 cavimus
739 4891 803 4928 ex
833 4875 928 4928 Ms.
967 4875 1097 4942 Reg.
1141 4872 1220 4926 Ad
1258 4874 1613 4941 integritatem
1650 4887 1841 4927 sensus
1892 4872 2069 4940 requi—

484 4958 697 4999 l'UlllUl'.

565 5108 584 5143 τ
621 5106 884 5160 Placentia
911 5106 1039 5158 urbs
1061 5103 1380 5172 episcomlis
1403 5104 1500 5155 sub
1524 5098 1927 5169 archiepiscopo
1964 5101 2064 5154 Bo-

485 5180 750 5231 noniensi.
789 5177 959 5230 Distat
986 5189 1094 5229 uno
1127 5175 1377 5227 mill-iario
1406 5188 1436 5225 ει
1472 5173 1636 5225 l’ado.

562 5275 585 5311 ε
622 5270 676 5323 In
702 5270 827 5331 Ed.,
861 5271 936 5321 vir
963 5283 1158 5335 quoque
1199 5265 1312 5318 Dei.
1347 5268 1561 5333 Irrepsit
1592 5264 1685 5316 Dei
1710 5274 1895 5318 cootra
1931 5265 2056 5318 Mss.

481 5338 658 5402 fidem,
691 5351 744 5393 et
764 5341 930 5393 sancti
955 5337 1685 5406 Gregoriiconsuetudinem;
1719 5351 1890 5402 neque
1913 5337 2063 5388 enim

478 5412 620 5463 solet
664 5410 827 5462 laicus
865 5409 995 5460 viros
1047 5408 1140 5460 Dei
1184 5406 1477 5474 appellare.
1516 5406 1698 5459 Versio
1727 5407 1910 5460 Graeca
1968 5419 2068 5475 pro

484 5487 668 5532 nostra
699 5475 1011 5544 conjectura
1046 5478 1262 5528 militat.

563 5565 585 5601 ¹¹
615 5568 755 5622 Prat.
791 5575 845 5638 et
876 5567 1333 5638 primusGemet”
1359 5567 1524 5620 locum
1553 5567 1883 5636 prwfactorii.
1907 5567 2059 5638 Lyr.,

481 5636 636 5691 Becc.
669 5648 721 5691 et
751 5636 952 5705 primus
978 5637 1141 5699 Aud.,
1164 5637 1328 5688 locum
1357 5639 1752 5704 prafertorium.
1785 5636 2060 5694 IlicJoan‘

2178 3251 2328 3318 Quod
2357 3253 2609 3305 diaconus
2637 3253 2756 3320 ejus
2788 3253 3034 3318 audiens,
3066 3253 3309 3318 desiiexit
3332 3255 3593 3307 etirrisit.
3621 3255 3765 3307 'l‘uuc

2180 3344 2259 3395 vir
2291 3343 2400 3406 Dei,
2432 3345 2694 3396 accersito
2726 3344 2954 3404 notario.
2982 3343 3234 3408 dictavit,
3265 3344 3446 3397 dicens
3481 3361 3498 3397 :
3535 3344 3764 3398 Sabinus

2182 3432 2388 3485 Domini
2417 3433 2543 3486 .lesu
2567 3431 2766 3486 Christi
2795 3449 3006 3499 servus,
3039 3431 3062 3468 ιι
3094 3433 3562 3486 commonitorium
3588 3433 3764 3487 Pado:

2181 3522 2438 3590 Principio
2470 3523 2559 3576 tibi
2607 3523 2656 3576 in
2689 3522 2904 3577 nomine
2934 3523 3058 3575 Jesu
3089 3524 3285 3576 Christi
3332 3523 3546 3577 Domini
3595 3524 3760 3578 nostri

2180 3627 2237 3670 ut
2264 3616 2333 3670 de
2366 3617 2516 3671 alveo
2547 3629 2634 3670 tuo
2666 3618 2717 3670 in
2746 3617 2877 3671 locis
2909 3618 3021 3670 istis
3047 3617 3266 3670 ulterius
3295 3631 3399 3670 non
3439 3632 3634 3682 exeas,
3667 3631 3763 3671 nec

2182 3717 2200 3761 t
2234 3724 2347 3762 rras
2375 3710 2628 3764 Ecclesiae
2666 3709 2862 3763 laedere
2894 3723 3202 3777 prmsumas.
3237 3710 3410 3777 Atque
3439 3711 3617 3764 eidem
3667 3727 3762 3764 no-

2181 3799 2313 3851 tario
2340 3797 2634 3868 subjunxit,
2658 3800 2873 3852 dicens:
2899 3799 3058 3862 Vade,
3085 3800 3182 3852 hoc
3197 3798 3395 3861 scribe,
3416 3809 3469 3853 et
3493 3801 3545 3852 in
3570 3815 3761 3868 aquam

2178 3890 2414 3956 ejusdem
2445 3891 2676 3942 ﬂuminis
2708 3889 2926 3957 projice.
2960 3889 3076 3954 Quo
3105 3889 3261 3954 facto,
3296 3891 3465 3944 sancti
3500 3891 3600 3944 viri
3632 3906 3762 3958 prac-

2179 3988 2389 4046 ceptum
2421 3979 2737 4045 suscipiens,
2762 3977 2941 4030 statim
2972 3993 3079 4045 sea
3112 3980 3268 4032 terris
3295 3979 3552 4034 Ecclesiae
3579 3980 3759 4034 ﬂumi«

2182 4071 2260 4121 nis
2310 4084 2442 4136 aqua
2492 4067 2854 4132 compeseuit,
2899 4078 3058 4136 atque
3103 4069 3168 4122 ad
3221 4070 3495 4138 proprium
3555 4073 3759 4125 alveum

2181 4174 2409 4222 reversa,
2434 4159 2580 4211 exire
2611 4158 2832 4211 ulterius
2861 4159 2911 4212 in
2955 4161 3068 4214 loca
3098 4161 3286 4213 eadem
3331 4177 3437 4216 non
3489 4179 3755 4229 przesuur.
3801 4221 3805 4228 ,

2179 4249 2302 4318 psit.
2327 4249 2436 4312 Qua
2471 4249 2520 4300 in
2554 4264 2629 4312 re,
2659 4248 2834 4312 Petre,
2861 4251 2982 4317 quid
3001 4249 3139 4303 aliud
3159 4266 3315 4319 quam
3339 4252 3755 4306 inobedientium

2178 4339 2453 4392 hominum
2505 4339 2697 4393 duritia
2755 4336 3137 4407 confunditur,
3181 4342 3394 4407 quando
3457 4346 3508 4397 in
3569 4345 3759 4397 virtute

2099 4523 2147 4581 ι)
2178 4524 2271 4563 nes
2295 4509 2526 4575 prail‘eeti
2554 4510 2698 4563 vices
2722 4512 2826 4576 egit
2856 4510 3068 4572 Romae;
3094 4511 3234 4580 quod
3262 4513 3556 4575 signiﬁcat,
3590 4513 3752 4564 lorum

2173 4591 2364 4645 tenens,
2386 4581 2551 4631 locum
2578 4597 2801 4632 servans.
2828 4581 3000 4633 limavi
3021 4581 3223 4643 dicunt,
3249 4589 3636 4648 τοποτηρητής.
3656 4586 3754 4634 Nos

2172 4653 2396 4711 Gallice,
2428 4652 2730 4702 lieutenant.

2251 4719 2263 4755 ί
2300 4719 2483 4774 Sabini
2515 4736 2706 4772 nomen
2756 4720 3128 4787 Mat‘tyrolngio
3174 4721 3457 4774 aSCt'iitlllll‘
3501 4725 3564 4773 ait
3613 4723 3748 4774 diem

2177 4791 2233 4845 11
2263 4790 2592 4842 Decembris.
2630 4791 2702 4841 De
2733 4805 2796 4841 eo
2826 4793 3043 4843 consule
3071 4791 3286 4854 Baron.,
3319 4793 3366 4843 in
3395 4791 3746 4844 annotationi-

2175 4861 2273 4913 bus
2300 4861 2364 4911 arl
2400 4861 2671 4928 Martyrol.
2710 4859 2933 4930 Vivebat
2975 4864 3141 4912 sancti
3187 4865 3452 4914 Ambrosii
3497 4874 3745 4930 tempori-

2172 4931 2290 4993 bus,
2322 4932 2470 4996 eujus
2496 4931 2656 4982 etiam
2687 4930 2736 4979 in
2767 4929 2978 4995 scriptis
3005 4933 3322 4983 celebratur.

2255 5001 2266 5048 i
2311 5000 2434 5051 Mss.
2469 5001 2554 5050 alii
2588 5000 2784 5051 habent
2811 4999 3124 5062 hominibus,
3155 5002 3242 5052 alii
3275 5001 3526 5063 oleribus,
3561 5001 3646 5053 alii
3674 5016 3743 5051 sc-

2172 5070 2416 5121 miuibus.
2437 5069 2496 5139 ln
2530 5067 2713 5122 Germ.
2745 5069 2892 5136 prius
2918 5071 3110 5124 lectum
3155 5071 3480 5133 hominibus;
3513 5083 3740 5139 postmo-
3776 5119 3782 5124 .

2172 5141 2323 5199 dum.
2355 5138 2628 5190 holeribus.

2245 5207 2268 5244 ιι
2303 5210 2377 5261 Ne
2406 5209 2612 5278 mireris
2632 5207 2884 5261 Sabinum
2912 5210 3070 5260 lluvio
3093 5211 3294 5278 scripto
3317 5210 3731 5277 prrecipientem,
3777 5261 3780 5264 Α

2172 5280 2480 5332 memineris
2509 5277 2821 5346 Gregorium
2865 5277 3222 5346 cognomento
3259 5280 3568 5342 Thaumat.,
3604 5281 3733 5331 reti--

2173 5361 2323 5402 rente
2353 5349 2611 5417 Gregorio
2641 5349 2903 5417 Nysseno,
2931 5352 2995 5402 ad
3020 5351 3267 5402 Satanam
3297 5350 3594 5414 sciipSisse.
3623 5353 3740 5402 Gr»-

2170 5422 2341 5489 gorins
2373 5419 2622 5473 Satrium:
2654 5421 2810 5470 intra.
2847 5420 2986 5472 Idem
3027 5419 3449 5489 Thaumaturgus
3473 5458 3486 5480 ,
3527 5420 3734 5474 ﬂuvidi“

2170 5488 2528 5542 exundantem
2561 5491 2929 5557 compescuit,
2956 5488 3094 5556 quod
3129 5492 3215 5541 hic
3242 5489 3308 5542 de
3330 5490 3529 5542 Sabino
3560 5500 3609 5543 et
3647 5503 3734 5541 su-

2172 5562 2348 5628 perius
2380 5562 2446 5615 de
2472 5560 2754 5628 Frigdiano
2785 5569 2968 5614 narrat
2987 5569 3206 5614 sanctus
3235 5559 3542 5627 Gregorius.
