  <div class='ocr_page' id='page_1' title='image "/cluster/home/n/w/nwhite01/storage/ocr_20150623/77/uva.x000827089/126.png"; bbox 0 0 3934 6344; ppageno 0'>
   <div class='ocr_carea' id='block_1_1' title="bbox 258 232 351 284">
    <p class='ocr_par' dir='ltr' id='par_1_1' title="bbox 258 232 351 284">
     <span class='ocr_line' id='line_1_1' title="bbox 258 232 351 284; baseline 0 -1"><span class='ocrx_word' id='word_1_1' title='bbox 258 232 351 284; x_wconf 71' lang='lat'><strong>237</strong></span> 
     </span>
    </p>
   </div>
   <div class='ocr_carea' id='block_1_2' title="bbox 1498 219 2291 275">
    <p class='ocr_par' dir='ltr' id='par_1_2' title="bbox 1498 219 2291 275">
     <span class='ocr_line' id='line_1_2' title="bbox 1498 219 2291 275; baseline -0.006 0"><span class='ocrx_word' id='word_1_2' title='bbox 1498 220 1931 275; x_wconf 67' lang='lat' dir='ltr'><strong>DIALOGORUM</strong></span> <span class='ocrx_word' id='word_1_3' title='bbox 1975 219 2168 272; x_wconf 75' lang='lat' dir='ltr'><strong>LIBER</strong></span> <span class='ocrx_word' id='word_1_4' title='bbox 2213 219 2291 272; x_wconf 90' lang='lat' dir='ltr'><strong>lll.</strong></span> 
     </span>
    </p>
   </div>
   <div class='ocr_carea' id='block_1_3' title="bbox 3406 224 3514 276">
    <p class='ocr_par' dir='ltr' id='par_1_3' title="bbox 3406 224 3514 276">
     <span class='ocr_line' id='line_1_3' title="bbox 3406 224 3514 276; baseline 0 -1"><span class='ocrx_word' id='word_1_5' title='bbox 3406 224 3514 276; x_wconf 68' lang='lat'><strong>938</strong></span> 
     </span>
    </p>
   </div>
   <div class='ocr_carea' id='block_1_4' title="bbox 262 329 1842 402">
    <p class='ocr_par' dir='ltr' id='par_1_4' title="bbox 262 331 1826 400">
     <span class='ocr_line' id='line_1_4' title="bbox 262 331 1826 400; baseline -0.008 -5"><span class='ocrx_word' id='word_1_6' title='bbox 262 342 375 395; x_wconf 68' lang='lat' dir='ltr'><strong>Iesu</strong></span> <span class='ocrx_word' id='word_1_7' title='bbox 394 345 447 390; x_wconf 93' lang='lat' dir='ltr'><strong>et</strong></span> <span class='ocrx_word' id='word_1_8' title='bbox 466 340 798 393; x_wconf 75' lang='lat' dir='ltr'><strong>elementum</strong></span> <span class='ocrx_word' id='word_1_9' title='bbox 835 333 1195 388; x_wconf 86' lang='lat' dir='ltr'><strong>irrationabile</strong></span> <span class='ocrx_word' id='word_1_10' title='bbox 1217 331 1381 386; x_wconf 89' lang='lat' dir='ltr'><strong>sancti</strong></span> <span class='ocrx_word' id='word_1_11' title='bbox 1416 333 1513 383; x_wconf 80' lang='lat' dir='ltr'><strong>viri</strong></span> <span class='ocrx_word' id='word_1_12' title='bbox 1549 332 1826 400; x_wconf 75' lang='lat' dir='ltr'><strong>praeceptis</strong></span> 
     </span>
    </p>
   </div>
   <div class='ocr_carea' id='block_1_5' title="bbox 1950 329 3514 402">
    <p class='ocr_par' dir='ltr' id='par_1_5' title="bbox 1950 329 3514 402">
     <span class='ocr_line' id='line_1_5' title="bbox 1950 329 3514 402; baseline 0.007 -20"><span class='ocrx_word' id='word_1_13' title='bbox 1950 331 2093 383; x_wconf 78' lang='grc' dir='ltr'><strong>τόπον</strong></span> <span class='ocrx_word' id='word_1_14' title='bbox 2121 330 2452 402; x_wconf 59' lang='grc' dir='ltr'><strong>ὑποστρέψας</strong></span> <span class='ocrx_word' id='word_1_15' title='bbox 2490 329 2693 393; x_wconf 77' lang='grc' dir='ltr'>ἐξελθεῖν</span> <span class='ocrx_word' id='word_1_16' title='bbox 2725 340 2812 387; x_wconf 85' lang='grc' dir='ltr'><strong>τοῦ</strong></span> <span class='ocrx_word' id='word_1_17' title='bbox 2846 336 3020 389; x_wconf 86' lang='grc' dir='ltr'><strong>λοιποῦ</strong></span> <span class='ocrx_word' id='word_1_18' title='bbox 3057 340 3126 395; x_wconf 77' lang='grc' dir='ltr'><strong>εἷς</strong></span> <span class='ocrx_word' id='word_1_19' title='bbox 3152 338 3216 390; x_wconf 87' lang='grc' dir='ltr'><strong>τά</strong></span> <span class='ocrx_word' id='word_1_20' title='bbox 3246 340 3397 392; x_wconf 84' lang='grc' dir='ltr'><strong>τοπία</strong></span> <span class='ocrx_word' id='word_1_21' title='bbox 3424 344 3514 396; x_wconf 69' lang='grc' dir='ltr'><strong>τῆς</strong></span> 
     </span>
    </p>
   </div>
   <div class='ocr_carea' id='block_1_6' title="bbox 264 428 521 483">
    <p class='ocr_par' dir='ltr' id='par_1_6' title="bbox 264 428 521 483">
     <span class='ocr_line' id='line_1_6' title="bbox 264 428 521 483; baseline 0 -4"><span class='ocrx_word' id='word_1_22' title='bbox 264 428 485 483; x_wconf 83' lang='lat' dir='ltr'><strong>nliedivit</strong></span> <span class='ocrx_word' id='word_1_23' title='bbox 499 429 521 479; x_wconf 68' lang='grc' dir='ltr'><strong>’ἒ</strong></span> 
     </span>
    </p>
   </div>
   <div class='ocr_carea' id='block_1_7' title="bbox 1944 417 3516 499">
    <p class='ocr_par' dir='ltr' id='par_1_7' title="bbox 1944 417 3516 499">
     <span class='ocr_line' id='line_1_7' title="bbox 1944 417 3516 499; baseline 0.008 -28"><span class='ocrx_word' id='word_1_24' title='bbox 1944 421 2202 480; x_wconf 81' lang='grc' dir='ltr'><strong>ἐκκλησίας</strong></span> <span class='ocrx_word' id='word_1_25' title='bbox 2233 424 2317 473; x_wconf 66' lang='grc' dir='ltr'><strong>οὐκ</strong></span> <span class='ocrx_word' id='word_1_26' title='bbox 2349 419 2639 489; x_wconf 75' lang='grc' dir='ltr'><strong>ἐτόλμησεν.</strong></span> <span class='ocrx_word' id='word_1_27' title='bbox 2670 424 2744 474; x_wconf 79' lang='grc' dir='ltr'><strong>Ἐν</strong></span> <span class='ocrx_word' id='word_1_28' title='bbox 2776 432 2845 492; x_wconf 82' lang='grc' dir='ltr'><strong>τῷ</strong></span> <span class='ocrx_word' id='word_1_29' title='bbox 2874 436 2894 461; x_wconf 73' lang='grc' dir='ltr'><strong>ε</strong></span> <span class='ocrx_word' id='word_1_30' title='bbox 2924 417 3187 499; x_wconf 73' lang='grc' dir='ltr'><strong>πράγματι</strong></span> <span class='ocrx_word' id='word_1_31' title='bbox 3216 424 3301 481; x_wconf 73' lang='grc' dir='ltr'><strong>οὖν</strong></span> <span class='ocrx_word' id='word_1_32' title='bbox 3328 431 3516 499; x_wconf 74' lang='grc' dir='ltr'><strong>τούτῳ.</strong></span> 
     </span>
    </p>
   </div>
   <div class='ocr_carea' id='block_1_8' title="bbox 265 511 3400 593">
    <p class='ocr_par' dir='ltr' id='par_1_8' title="bbox 265 511 3400 593">
     <span class='ocr_line' id='line_1_8' title="bbox 265 511 3400 593; baseline 0.001 -21"><span class='ocrx_word' id='word_1_33' title='bbox 265 524 425 593; x_wconf 71' lang='grc' dir='ltr'><strong>Πέτρε,</strong></span> <span class='ocrx_word' id='word_1_34' title='bbox 460 522 489 576; x_wconf 73' lang='grc' dir='ltr'><em>ἠ</em></span> <span class='ocrx_word' id='word_1_35' title='bbox 519 518 801 591; x_wconf 70' lang='grc' dir='ltr'><strong>σκληρότης</strong></span> <span class='ocrx_word' id='word_1_36' title='bbox 830 524 929 573; x_wconf 85' lang='grc' dir='ltr'><strong>τῶν</strong></span> <span class='ocrx_word' id='word_1_37' title='bbox 959 515 983 553; x_wconf 68' lang='grc' dir='ltr'><em>δ</em></span> <span class='ocrx_word' id='word_1_38' title='bbox 1016 515 1332 574; x_wconf 80' lang='grc' dir='ltr'><strong>άνυπηκόων.</strong></span> <span class='ocrx_word' id='word_1_39' title='bbox 1357 517 1627 592; x_wconf 79' lang='grc' dir='ltr'><strong>ἀνθρώπων</strong></span> <span class='ocrx_word' id='word_1_40' title='bbox 1673 515 2079 582; x_wconf 80' lang='grc' dir='ltr'><strong>καταισχύνεται</strong></span> <span class='ocrx_word' id='word_1_41' title='bbox 2102 552 2117 575; x_wconf 89' lang='grc'><strong>,</strong></span> <span class='ocrx_word' id='word_1_42' title='bbox 2150 511 2229 567; x_wconf 77' lang='grc' dir='ltr'><strong>ὄτι</strong></span> <span class='ocrx_word' id='word_1_43' title='bbox 2259 515 2307 566; x_wconf 86' lang='grc' dir='ltr'><strong>ἐν</strong></span> <span class='ocrx_word' id='word_1_44' title='bbox 2337 521 2395 584; x_wconf 80' lang='grc' dir='ltr'><strong>τῇ</strong></span> <span class='ocrx_word' id='word_1_45' title='bbox 2425 511 2630 583; x_wconf 81' lang='grc' dir='ltr'><strong>δυνάμει</strong></span> <span class='ocrx_word' id='word_1_46' title='bbox 2660 520 2750 569; x_wconf 71' lang='grc' dir='ltr'><strong>τοῦ</strong></span> <span class='ocrx_word' id='word_1_47' title='bbox 2781 517 2953 589; x_wconf 80' lang='grc' dir='ltr'><strong>κυρίου</strong></span> <span class='ocrx_word' id='word_1_48' title='bbox 2980 525 3144 574; x_wconf 78' lang='grc' dir='ltr'><strong>Ἰησοῦ</strong></span> <span class='ocrx_word' id='word_1_49' title='bbox 3174 521 3231 573; x_wconf 84' lang='grc' dir='ltr'><strong>τὸ</strong></span> <span class='ocrx_word' id='word_1_50' title='bbox 3259 540 3400 574; x_wconf 87' lang='grc' dir='ltr'><strong>στοι-</strong></span> 
     </span>
    </p>
   </div>
   <div class='ocr_carea' id='block_1_9' title="bbox 267 606 2186 683">
    <p class='ocr_par' dir='ltr' id='par_1_9' title="bbox 267 606 2186 683">
     <span class='ocr_line' id='line_1_9' title="bbox 267 606 2186 683; baseline -0.006 -18"><span class='ocrx_word' id='word_1_51' title='bbox 267 622 400 682; x_wconf 81' lang='grc' dir='ltr'><strong>χεῖον</strong></span> <span class='ocrx_word' id='word_1_52' title='bbox 430 612 489 664; x_wconf 73' lang='grc' dir='ltr'><strong>τό</strong></span> <span class='ocrx_word' id='word_1_53' title='bbox 516 616 586 679; x_wconf 76' lang='grc' dir='ltr'><strong>μη</strong></span> <span class='ocrx_word' id='word_1_54' title='bbox 608 606 659 660; x_wconf 68' lang='grc' dir='ltr'><strong>ὃν</strong></span> <span class='ocrx_word' id='word_1_55' title='bbox 676 610 895 681; x_wconf 79' lang='grc' dir='ltr'><strong>λογικὸν,</strong></span> <span class='ocrx_word' id='word_1_56' title='bbox 922 615 1011 663; x_wconf 89' lang='grc' dir='ltr'><strong>τοῦ</strong></span> <span class='ocrx_word' id='word_1_57' title='bbox 1032 610 1174 680; x_wconf 80' lang='grc' dir='ltr'><strong>ἁγίου</strong></span> <span class='ocrx_word' id='word_1_58' title='bbox 1203 607 1378 683; x_wconf 77' lang='grc' dir='ltr'><strong>ἀνδρὸς</strong></span> <span class='ocrx_word' id='word_1_59' title='bbox 1400 616 1469 679; x_wconf 81' lang='grc' dir='ltr'><strong>τῷ</strong></span> <span class='ocrx_word' id='word_1_60' title='bbox 1486 611 1842 681; x_wconf 71' lang='grc' dir='ltr'><strong>προστάγματι</strong></span> <span class='ocrx_word' id='word_1_61' title='bbox 1881 606 2186 661; x_wconf 74' lang='grc' dir='ltr'><strong>ὑπήκουσεν.</strong></span> 
     </span>
    </p>
   </div>
   <div class='ocr_carea' id='block_1_10' title="bbox 870 698 1223 751">
    <p class='ocr_par' dir='ltr' id='par_1_10' title="bbox 870 698 1223 751">
     <span class='ocr_line' id='line_1_10' title="bbox 870 698 1223 751; baseline -0.003 0"><span class='ocrx_word' id='word_1_62' title='bbox 870 699 1094 751; x_wconf 74' lang='lat' dir='ltr'><strong>CAPUT</strong></span> <span class='ocrx_word' id='word_1_63' title='bbox 1136 698 1223 750; x_wconf 86' lang='grc' dir='ltr'><strong>ΧΙ.</strong></span> 
     </span>
    </p>
   </div>
   <div class='ocr_carea' id='block_1_11' title="bbox 566 789 1518 859">
    <p class='ocr_par' dir='ltr' id='par_1_11' title="bbox 566 789 1518 859">
     <span class='ocr_line' id='line_1_11' title="bbox 566 789 1518 859; baseline 0.002 -17"><span class='ocrx_word' id='word_1_64' title='bbox 566 789 641 842; x_wconf 86' lang='lat' dir='ltr'><strong>De</strong></span> <span class='ocrx_word' id='word_1_65' title='bbox 665 790 914 844; x_wconf 82' lang='lat' dir='ltr'><strong>Cerbonio</strong></span> <span class='ocrx_word' id='word_1_66' title='bbox 948 789 1222 858; x_wconf 81' lang='lat' dir='ltr'><strong>Papulonii</strong></span> <span class='ocrx_word' id='word_1_67' title='bbox 1259 793 1518 859; x_wconf 80' lang='lat' dir='ltr'><strong>episcopo.</strong></span> 
     </span>
    </p>
   </div>
   <div class='ocr_carea' id='block_1_12' title="bbox 333 879 1833 951">
    <p class='ocr_par' dir='ltr' id='par_1_12' title="bbox 333 879 1833 951">
     <span class='ocr_line' id='line_1_12' title="bbox 333 879 1833 951; baseline -0.002 -17"><span class='ocrx_word' id='word_1_68' title='bbox 333 886 421 937; x_wconf 75' lang='lat' dir='ltr'><strong>Vir</strong></span> <span class='ocrx_word' id='word_1_69' title='bbox 448 896 664 951; x_wconf 79' lang='lat' dir='ltr'><strong>quoque</strong></span> <span class='ocrx_word' id='word_1_70' title='bbox 687 883 810 932; x_wconf 75' lang='lat' dir='ltr'><strong>vita:</strong></span> <span class='ocrx_word' id='word_1_71' title='bbox 840 880 1157 933; x_wconf 76' lang='lat' dir='ltr'><strong>venerabilis</strong></span> <span class='ocrx_word' id='word_1_72' title='bbox 1185 888 1209 914; x_wconf 75' lang='grc' dir='ltr'>ι</span> <span class='ocrx_word' id='word_1_73' title='bbox 1233 879 1531 934; x_wconf 78' lang='lat' dir='ltr'><strong>Ceibonius</strong></span> <span class='ocrx_word' id='word_1_74' title='bbox 1556 879 1833 946; x_wconf 89' lang='lat' dir='ltr'><strong>Populonii</strong></span> 
     </span>
    </p>
   </div>
   <div class='ocr_carea' id='block_1_13' title="bbox 266 970 1834 1044">
    <p class='ocr_par' dir='ltr' id='par_1_13' title="bbox 266 970 1834 1044">
     <span class='ocr_line' id='line_1_13' title="bbox 266 970 1834 1044; baseline -0.005 -15"><span class='ocrx_word' id='word_1_75' title='bbox 266 976 573 1044; x_wconf 80' lang='lat' dir='ltr'><strong>episcOpus.</strong></span> <span class='ocrx_word' id='word_1_76' title='bbox 604 985 850 1038; x_wconf 84' lang='lat' dir='ltr'><strong>magnam</strong></span> <span class='ocrx_word' id='word_1_77' title='bbox 894 970 1079 1023; x_wconf 87' lang='lat' dir='ltr'><strong>diebus</strong></span> <span class='ocrx_word' id='word_1_78' title='bbox 1132 970 1332 1022; x_wconf 76' lang='lat' dir='ltr'><strong>nostris</strong></span> <span class='ocrx_word' id='word_1_79' title='bbox 1385 970 1687 1023; x_wconf 78' lang='lat' dir='ltr'><strong>sanctitatis</strong></span> <span class='ocrx_word' id='word_1_80' title='bbox 1725 985 1834 1022; x_wconf 69' lang='lat' dir='ltr'><strong>suae</strong></span> 
     </span>
    </p>
   </div>
   <div class='ocr_carea' id='block_1_14' title="bbox 266 1059 1834 1131">
    <p class='ocr_par' dir='ltr' id='par_1_14' title="bbox 266 1059 1834 1131">
     <span class='ocr_line' id='line_1_14' title="bbox 266 1059 1834 1131; baseline -0.004 -13"><span class='ocrx_word' id='word_1_81' title='bbox 266 1065 624 1131; x_wconf 79' lang='lat' dir='ltr'><strong>probationem</strong></span> <span class='ocrx_word' id='word_1_82' title='bbox 673 1061 841 1114; x_wconf 86' lang='lat' dir='ltr'><strong>dedit.</strong></span> <span class='ocrx_word' id='word_1_83' title='bbox 876 1060 1007 1112; x_wconf 87' lang='lat' dir='ltr'><strong>Nam</strong></span> <span class='ocrx_word' id='word_1_84' title='bbox 1055 1073 1174 1112; x_wconf 91' lang='lat' dir='ltr'><strong>cum</strong></span> <span class='ocrx_word' id='word_1_85' title='bbox 1228 1059 1609 1129; x_wconf 84' lang='lat' dir='ltr'><strong>hospitalitatis</strong></span> <span class='ocrx_word' id='word_1_86' title='bbox 1657 1060 1834 1112; x_wconf 90' lang='lat' dir='ltr'><strong>studio</strong></span> 
     </span>
    </p>
   </div>
   <div class='ocr_carea' id='block_1_15' title="bbox 259 1150 1835 1219">
    <p class='ocr_par' dir='ltr' id='par_1_15' title="bbox 259 1150 1835 1219">
     <span class='ocr_line' id='line_1_15' title="bbox 259 1150 1835 1219; baseline -0.003 -11"><span class='ocrx_word' id='word_1_87' title='bbox 259 1158 409 1209; x_wconf 79' lang='lat' dir='ltr'><strong>valde</strong></span> <span class='ocrx_word' id='word_1_88' title='bbox 434 1163 580 1209; x_wconf 84' lang='lat' dir='ltr'><strong>esset</strong></span> <span class='ocrx_word' id='word_1_89' title='bbox 606 1152 867 1217; x_wconf 89' lang='lat' dir='ltr'><strong>intentus,</strong></span> <span class='ocrx_word' id='word_1_90' title='bbox 893 1150 982 1204; x_wconf 85' lang='lat' dir='ltr'><strong>die</strong></span> <span class='ocrx_word' id='word_1_91' title='bbox 1010 1150 1235 1219; x_wconf 88' lang='lat' dir='ltr'><strong>quadam</strong></span> <span class='ocrx_word' id='word_1_92' title='bbox 1266 1162 1607 1206; x_wconf 85' lang='lat' dir='ltr'><strong>transeuntes</strong></span> <span class='ocrx_word' id='word_1_93' title='bbox 1639 1152 1835 1205; x_wconf 84' lang='lat' dir='ltr'><strong>milites</strong></span> 
     </span>
    </p>
   </div>
   <div class='ocr_carea' id='block_1_16' title="bbox 262 1242 1834 1314">
    <p class='ocr_par' dir='ltr' id='par_1_16' title="bbox 262 1242 1834 1314">
     <span class='ocr_line' id='line_1_16' title="bbox 262 1242 1834 1314; baseline -0.002 -14"><span class='ocrx_word' id='word_1_94' title='bbox 262 1246 488 1314; x_wconf 81' lang='lat' dir='ltr'><strong>hospitio</strong></span> <span class='ocrx_word' id='word_1_95' title='bbox 542 1244 812 1311; x_wconf 85' lang='lat' dir='ltr'><strong>suscepit,</strong></span> <span class='ocrx_word' id='word_1_96' title='bbox 880 1256 1013 1309; x_wconf 88' lang='lat' dir='ltr'><strong>quos</strong></span> <span class='ocrx_word' id='word_1_97' title='bbox 1078 1242 1269 1296; x_wconf 82' lang='lat' dir='ltr'><strong>Gothis</strong></span> <span class='ocrx_word' id='word_1_98' title='bbox 1330 1243 1834 1311; x_wconf 85' lang='lat' dir='ltr'><strong>supervenientibus</strong></span> 
     </span>
    </p>
   </div>
   <div class='ocr_carea' id='block_1_17' title="bbox 259 1334 1830 1403">
    <p class='ocr_par' dir='ltr' id='par_1_17' title="bbox 259 1334 1830 1403">
     <span class='ocr_line' id='line_1_17' title="bbox 259 1334 1830 1403; baseline -0.004 -12"><span class='ocrx_word' id='word_1_99' title='bbox 259 1334 568 1400; x_wconf 80' lang='lat' dir='ltr'><strong>abscondit,</strong></span> <span class='ocrx_word' id='word_1_100' title='bbox 598 1348 886 1401; x_wconf 87' lang='lat' dir='ltr'><strong>eorumque</strong></span> <span class='ocrx_word' id='word_1_101' title='bbox 919 1334 1079 1386; x_wconf 89' lang='lat' dir='ltr'><strong>vitam</strong></span> <span class='ocrx_word' id='word_1_102' title='bbox 1114 1334 1178 1387; x_wconf 88' lang='lat' dir='ltr'><strong>ab</strong></span> <span class='ocrx_word' id='word_1_103' title='bbox 1212 1334 1425 1386; x_wconf 82' lang='lat' dir='ltr'><strong>illorum</strong></span> <span class='ocrx_word' id='word_1_104' title='bbox 1471 1336 1706 1403; x_wconf 84' lang='lat' dir='ltr'><strong>nequitia</strong></span> <span class='ocrx_word' id='word_1_105' title='bbox 1737 1337 1830 1386; x_wconf 84' lang='lat' dir='ltr'><strong>ah-</strong></span> 
     </span>
    </p>
   </div>
   <div class='ocr_carea' id='block_1_18' title="bbox 258 1423 1829 1497">
    <p class='ocr_par' dir='ltr' id='par_1_18' title="bbox 258 1423 1829 1497">
     <span class='ocr_line' id='line_1_18' title="bbox 258 1423 1829 1497; baseline -0.003 -15"><span class='ocrx_word' id='word_1_106' title='bbox 258 1425 563 1482; x_wconf 79' lang='lat' dir='ltr'><strong>scondendo</strong></span> <span class='ocrx_word' id='word_1_107' title='bbox 596 1425 849 1477; x_wconf 76' lang='lat' dir='ltr'><strong>servavit.</strong></span> <span class='ocrx_word' id='word_1_108' title='bbox 882 1424 1038 1497; x_wconf 76' lang='lat'><strong>297</strong></span> <span class='ocrx_word' id='word_1_109' title='bbox 1070 1425 1221 1489; x_wconf 74' lang='lat' dir='ltr'><strong>Quod</strong></span> <span class='ocrx_word' id='word_1_110' title='bbox 1248 1424 1369 1477; x_wconf 90' lang='lat' dir='ltr'><strong>dum</strong></span> <span class='ocrx_word' id='word_1_111' title='bbox 1395 1423 1692 1478; x_wconf 84' lang='lat' dir='ltr'><strong>Gothorum</strong></span> <span class='ocrx_word' id='word_1_112' title='bbox 1720 1427 1829 1495; x_wconf 82' lang='lat' dir='ltr'><strong>regi</strong></span> 
     </span>
    </p>
   </div>
   <div class='ocr_carea' id='block_1_19' title="bbox 260 1519 1837 1590">
    <p class='ocr_par' dir='ltr' id='par_1_19' title="bbox 260 1519 1837 1590">
     <span class='ocr_line' id='line_1_19' title="bbox 260 1519 1837 1590; baseline -0.001 -15"><span class='ocrx_word' id='word_1_113' title='bbox 260 1520 462 1590; x_wconf 84' lang='lat' dir='ltr'><strong>perﬁdo</strong></span> <span class='ocrx_word' id='word_1_114' title='bbox 505 1519 692 1572; x_wconf 67' lang='lat' dir='ltr'><strong>To&#39;ila:</strong></span> <span class='ocrx_word' id='word_1_115' title='bbox 723 1520 1019 1573; x_wconf 86' lang='lat' dir='ltr'><strong>nuntiatum</strong></span> <span class='ocrx_word' id='word_1_116' title='bbox 1052 1520 1266 1585; x_wconf 79' lang='lat' dir='ltr'><strong>fuisset,</strong></span> <span class='ocrx_word' id='word_1_117' title='bbox 1293 1520 1621 1575; x_wconf 74' lang='lat' dir='ltr'><strong>crudelitatis</strong></span> <span class='ocrx_word' id='word_1_118' title='bbox 1648 1522 1837 1575; x_wconf 88' lang='lat' dir='ltr'><strong>imma-</strong></span> 
     </span>
    </p>
   </div>
   <div class='ocr_carea' id='block_1_20' title="bbox 260 1612 1835 1682">
    <p class='ocr_par' dir='ltr' id='par_1_20' title="bbox 260 1612 1835 1682">
     <span class='ocr_line' id='line_1_20' title="bbox 260 1612 1835 1682; baseline 0 -15"><span class='ocrx_word' id='word_1_119' title='bbox 260 1614 497 1667; x_wconf 73' lang='lat' dir='ltr'><strong>nissinue</strong></span> <span class='ocrx_word' id='word_1_120' title='bbox 541 1612 774 1664; x_wconf 63' lang='lat' dir='ltr'><strong>vmsania</strong></span> <span class='ocrx_word' id='word_1_121' title='bbox 817 1627 1129 1677; x_wconf 84' lang='lat' dir='ltr'><strong>succensus,</strong></span> <span class='ocrx_word' id='word_1_122' title='bbox 1179 1613 1318 1666; x_wconf 88' lang='lat' dir='ltr'><strong>hunc</strong></span> <span class='ocrx_word' id='word_1_123' title='bbox 1342 1614 1406 1665; x_wconf 87' lang='lat' dir='ltr'><strong>ad</strong></span> <span class='ocrx_word' id='word_1_124' title='bbox 1441 1614 1611 1665; x_wconf 90' lang='lat' dir='ltr'><strong>locum</strong></span> <span class='ocrx_word' id='word_1_125' title='bbox 1642 1614 1729 1682; x_wconf 90' lang='lat' dir='ltr'><strong>qui</strong></span> <span class='ocrx_word' id='word_1_126' title='bbox 1769 1614 1835 1667; x_wconf 91' lang='lat' dir='ltr'><strong>ab</strong></span> 
     </span>
    </p>
   </div>
   <div class='ocr_carea' id='block_1_21' title="bbox 256 1701 1833 1768">
    <p class='ocr_par' dir='ltr' id='par_1_21' title="bbox 256 1701 1833 1768">
     <span class='ocr_line' id='line_1_21' title="bbox 256 1701 1833 1768; baseline -0.002 -11"><span class='ocrx_word' id='word_1_127' title='bbox 256 1713 447 1758; x_wconf 85' lang='lat' dir='ltr'><strong>octavo</strong></span> <span class='ocrx_word' id='word_1_128' title='bbox 480 1702 637 1768; x_wconf 81' lang='lat' dir='ltr'><strong>hujus</strong></span> <span class='ocrx_word' id='word_1_129' title='bbox 670 1701 815 1753; x_wconf 79' lang='lat' dir='ltr'><strong>urbis</strong></span> <span class='ocrx_word' id='word_1_130' title='bbox 845 1701 1094 1754; x_wconf 88' lang='lat' dir='ltr'><strong>milliario</strong></span> <span class='ocrx_word' id='word_1_131' title='bbox 1127 1701 1343 1754; x_wconf 84' lang='lat' dir='ltr'><strong>Merulis</strong></span> <span class='ocrx_word' id='word_1_132' title='bbox 1361 1701 1578 1764; x_wconf 81' lang='lat' dir='ltr'><strong>dicitur,</strong></span> <span class='ocrx_word' id='word_1_133' title='bbox 1598 1701 1686 1756; x_wconf 91' lang='lat' dir='ltr'><strong>ubi</strong></span> <span class='ocrx_word' id='word_1_134' title='bbox 1712 1712 1833 1754; x_wconf 85' lang='lat' dir='ltr'><strong>tunc</strong></span> 
     </span>
    </p>
   </div>
   <div class='ocr_carea' id='block_1_22' title="bbox 2569 697 2898 750">
    <p class='ocr_par' dir='ltr' id='par_1_22' title="bbox 2569 697 2898 750">
     <span class='ocr_line' id='line_1_22' title="bbox 2569 697 2898 750; baseline 0 -3"><span class='ocrx_word' id='word_1_135' title='bbox 2569 697 2898 750; x_wconf 61' lang='grc' dir='ltr'><strong>ΚΕΦΛΛ.1ΛΖ</strong></span> 
     </span>
    </p>
   </div>
   <div class='ocr_carea' id='block_1_23' title="bbox 2047 784 3392 856">
    <p class='ocr_par' dir='ltr' id='par_1_23' title="bbox 2047 784 3392 856">
     <span class='ocr_line' id='line_1_23' title="bbox 2047 784 3392 856; baseline 0.007 -21"><span class='ocrx_word' id='word_1_136' title='bbox 2047 786 2161 856; x_wconf 79' lang='grc' dir='ltr'><strong>Περὶ</strong></span> <span class='ocrx_word' id='word_1_137' title='bbox 2193 784 2465 853; x_wconf 63' lang='grc' dir='ltr'><strong>Κεριῗονίου</strong></span> <span class='ocrx_word' id='word_1_138' title='bbox 2498 786 2774 840; x_wconf 80' lang='grc' dir='ltr'><strong>ἐπισκόπου</strong></span> <span class='ocrx_word' id='word_1_139' title='bbox 2803 789 2993 848; x_wconf 82' lang='grc' dir='ltr'><strong>πόλεως</strong></span> <span class='ocrx_word' id='word_1_140' title='bbox 3024 791 3392 845; x_wconf 78' lang='grc' dir='ltr'><strong>Ποπουλωνίου.</strong></span> 
     </span>
    </p>
   </div>
   <div class='ocr_carea' id='block_1_24' title="bbox 2011 880 3520 960">
    <p class='ocr_par' dir='ltr' id='par_1_24' title="bbox 2011 880 3520 960">
     <span class='ocr_line' id='line_1_24' title="bbox 2011 880 3520 960; baseline 0.007 -30"><span class='ocrx_word' id='word_1_141' title='bbox 2011 888 2065 930; x_wconf 82' lang='grc' dir='ltr'>Ὀ</span> <span class='ocrx_word' id='word_1_142' title='bbox 2106 887 2165 950; x_wconf 74' lang='grc' dir='ltr'><strong>τῇ</strong></span> <span class='ocrx_word' id='word_1_143' title='bbox 2210 880 2437 952; x_wconf 67' lang='grc' dir='ltr'><strong>πολιτείᾳ</strong></span> <span class='ocrx_word' id='word_1_144' title='bbox 2480 882 2852 941; x_wconf 82' lang='grc' dir='ltr'><strong>εύλαϐἐστατος</strong></span> <span class='ocrx_word' id='word_1_145' title='bbox 2893 886 3017 958; x_wconf 78' lang='grc' dir='ltr'><strong>ἀνὴρ</strong></span> <span class='ocrx_word' id='word_1_146' title='bbox 3050 885 3310 960; x_wconf 79' lang='grc' dir='ltr'><strong>Κερϐὁνιος</strong></span> <span class='ocrx_word' id='word_1_147' title='bbox 3356 886 3383 940; x_wconf 87' lang='grc' dir='ltr'>ὁ</span> <span class='ocrx_word' id='word_1_148' title='bbox 3430 896 3520 941; x_wconf 84' lang='grc' dir='ltr'><strong>τοῦ</strong></span> 
     </span>
    </p>
   </div>
   <div class='ocr_carea' id='block_1_25' title="bbox 1939 969 3521 1049">
    <p class='ocr_par' dir='ltr' id='par_1_25' title="bbox 1939 969 3521 1049">
     <span class='ocr_line' id='line_1_25' title="bbox 1939 969 3521 1049; baseline 0.007 -28"><span class='ocrx_word' id='word_1_149' title='bbox 1939 969 2291 1022; x_wconf 84' lang='grc' dir='ltr'><strong>Ποπουλωνίου</strong></span> <span class='ocrx_word' id='word_1_150' title='bbox 2336 973 2629 1034; x_wconf 77' lang='grc' dir='ltr'><strong>ἐπίσκοπος,</strong></span> <span class='ocrx_word' id='word_1_151' title='bbox 2662 976 2906 1044; x_wconf 74' lang='grc' dir='ltr'><strong>μεγίστην</strong></span> <span class='ocrx_word' id='word_1_152' title='bbox 2934 977 2981 1027; x_wconf 83' lang='grc' dir='ltr'><strong>ἐν</strong></span> <span class='ocrx_word' id='word_1_153' title='bbox 3010 984 3121 1035; x_wconf 75' lang='grc' dir='ltr'><strong>ταῖς</strong></span> <span class='ocrx_word' id='word_1_154' title='bbox 3146 980 3358 1049; x_wconf 76' lang='grc' dir='ltr'><strong>ἡμέραις</strong></span> <span class='ocrx_word' id='word_1_155' title='bbox 3383 981 3521 1046; x_wconf 81' lang='grc' dir='ltr'><strong>ἡμῶν</strong></span> 
     </span>
    </p>
   </div>
   <div class='ocr_carea' id='block_1_26' title="bbox 1940 1058 3522 1140">
    <p class='ocr_par' dir='ltr' id='par_1_26' title="bbox 1940 1058 3522 1140">
     <span class='ocr_line' id='line_1_26' title="bbox 1940 1058 3522 1140; baseline 0.007 -30"><span class='ocrx_word' id='word_1_156' title='bbox 1940 1067 2029 1117; x_wconf 78' lang='grc' dir='ltr'><strong>τῆς</strong></span> <span class='ocrx_word' id='word_1_157' title='bbox 2058 1058 2343 1130; x_wconf 68' lang='grc' dir='ltr'><strong>ἁγιωσύνης</strong></span> <span class='ocrx_word' id='word_1_158' title='bbox 2367 1063 2522 1116; x_wconf 77' lang='grc' dir='ltr'><strong>αὐτοῦ</strong></span> <span class='ocrx_word' id='word_1_159' title='bbox 2541 1061 2793 1126; x_wconf 83' lang='grc' dir='ltr'><strong>ἀπόδειξιν</strong></span> <span class='ocrx_word' id='word_1_160' title='bbox 2813 1063 3012 1118; x_wconf 82' lang='grc' dir='ltr'><strong>δέδωκε.</strong></span> <span class='ocrx_word' id='word_1_161' title='bbox 3039 1066 3178 1139; x_wconf 75' lang='grc' dir='ltr'><strong>Πάση</strong></span> <span class='ocrx_word' id='word_1_162' title='bbox 3196 1070 3298 1140; x_wconf 78' lang='grc' dir='ltr'><strong>γάρ</strong></span> <span class='ocrx_word' id='word_1_163' title='bbox 3325 1067 3522 1139; x_wconf 75' lang='grc' dir='ltr'><strong>σπουδῇ</strong></span> 
     </span>
    </p>
   </div>
   <div class='ocr_carea' id='block_1_27' title="bbox 1940 1153 3519 1231">
    <p class='ocr_par' dir='ltr' id='par_1_27' title="bbox 1940 1153 3519 1231">
     <span class='ocr_line' id='line_1_27' title="bbox 1940 1153 3519 1231; baseline 0.006 -29"><span class='ocrx_word' id='word_1_164' title='bbox 1940 1157 2030 1209; x_wconf 76' lang='grc' dir='ltr'><strong>τήν</strong></span> <span class='ocrx_word' id='word_1_165' title='bbox 2063 1161 2084 1186; x_wconf 77' lang='grc' dir='ltr'>ε</span> <span class='ocrx_word' id='word_1_166' title='bbox 2118 1153 2385 1222; x_wconf 74' lang='grc' dir='ltr'><strong>φιλοξενίαν</strong></span> <span class='ocrx_word' id='word_1_167' title='bbox 2414 1153 2743 1224; x_wconf 84' lang='grc' dir='ltr'><strong>μετεδίωκεν,</strong></span> <span class='ocrx_word' id='word_1_168' title='bbox 2773 1154 2914 1216; x_wconf 84' lang='grc' dir='ltr'><strong>ὅστις</strong></span> <span class='ocrx_word' id='word_1_169' title='bbox 2944 1159 2991 1209; x_wconf 88' lang='grc' dir='ltr'><strong>ἐν</strong></span> <span class='ocrx_word' id='word_1_170' title='bbox 3020 1160 3182 1231; x_wconf 74' lang='grc' dir='ltr'><strong>ἡμέρᾳ</strong></span> <span class='ocrx_word' id='word_1_171' title='bbox 3205 1160 3322 1218; x_wconf 85' lang='grc' dir='ltr'><strong>τινί,</strong></span> <span class='ocrx_word' id='word_1_172' title='bbox 3356 1179 3519 1229; x_wconf 79' lang='grc' dir='ltr'><strong>στρα-</strong></span> 
     </span>
    </p>
   </div>
   <div class='ocr_carea' id='block_1_28' title="bbox 1940 1243 3522 1317">
    <p class='ocr_par' dir='ltr' id='par_1_28' title="bbox 1940 1243 3522 1317">
     <span class='ocr_line' id='line_1_28' title="bbox 1940 1243 3522 1317; baseline 0.004 -23"><span class='ocrx_word' id='word_1_173' title='bbox 1940 1243 2126 1299; x_wconf 74' lang='grc' dir='ltr'><strong>τιὼτας</strong></span> <span class='ocrx_word' id='word_1_174' title='bbox 2152 1246 2571 1315; x_wconf 76' lang='grc' dir='ltr'><strong>παρερχομένους</strong></span> <span class='ocrx_word' id='word_1_175' title='bbox 2592 1245 2957 1316; x_wconf 79' lang='grc' dir='ltr'><strong>ὑποδεξάμενος</strong></span> <span class='ocrx_word' id='word_1_176' title='bbox 2973 1287 2990 1313; x_wconf 83' lang='lat'><strong>,</strong></span> <span class='ocrx_word' id='word_1_177' title='bbox 3025 1246 3370 1317; x_wconf 80' lang='grc' dir='ltr'><strong>ἐξενοδόχησε.</strong></span> <span class='ocrx_word' id='word_1_178' title='bbox 3414 1254 3522 1301; x_wconf 82' lang='grc' dir='ltr'><strong>Τῶν</strong></span> 
     </span>
    </p>
   </div>
   <div class='ocr_carea' id='block_1_29' title="bbox 1942 1328 3522 1411">
    <p class='ocr_par' dir='ltr' id='par_1_29' title="bbox 1942 1328 3522 1411">
     <span class='ocr_line' id='line_1_29' title="bbox 1942 1328 3522 1411; baseline 0.004 -28"><span class='ocrx_word' id='word_1_179' title='bbox 1942 1328 1995 1383; x_wconf 81' lang='grc' dir='ltr'><strong>δὲ</strong></span> <span class='ocrx_word' id='word_1_180' title='bbox 2027 1332 2219 1383; x_wconf 86' lang='grc' dir='ltr'><strong>Γότθων</strong></span> <span class='ocrx_word' id='word_1_181' title='bbox 2249 1332 2570 1394; x_wconf 80' lang='grc' dir='ltr'><strong>ἐπελθόντων.</strong></span> <span class='ocrx_word' id='word_1_182' title='bbox 2598 1337 2810 1395; x_wconf 76' lang='grc' dir='ltr'><strong>τούτους</strong></span> <span class='ocrx_word' id='word_1_183' title='bbox 2840 1336 3175 1411; x_wconf 61' lang='grc' dir='ltr'><strong>κατέκρυψεν,</strong></span> <span class='ocrx_word' id='word_1_184' title='bbox 3204 1341 3291 1390; x_wconf 85' lang='grc' dir='ltr'><strong>καί</strong></span> <span class='ocrx_word' id='word_1_185' title='bbox 3315 1343 3404 1395; x_wconf 70' lang='grc' dir='ltr'><strong>τήν</strong></span> <span class='ocrx_word' id='word_1_186' title='bbox 3430 1338 3522 1390; x_wconf 84' lang='grc' dir='ltr'><strong>αύ-</strong></span> 
     </span>
    </p>
   </div>
   <div class='ocr_carea' id='block_1_30' title="bbox 1941 1425 3525 1500">
    <p class='ocr_par' dir='ltr' id='par_1_30' title="bbox 1941 1425 3525 1500">
     <span class='ocr_line' id='line_1_30' title="bbox 1941 1425 3525 1500; baseline 0.003 -25"><span class='ocrx_word' id='word_1_187' title='bbox 1941 1429 2040 1475; x_wconf 85' lang='grc' dir='ltr'><strong>τῶν</strong></span> <span class='ocrx_word' id='word_1_188' title='bbox 2070 1428 2199 1485; x_wconf 77' lang='grc' dir='ltr'><strong>ζωήν</strong></span> <span class='ocrx_word' id='word_1_189' title='bbox 2219 1425 2268 1475; x_wconf 83' lang='grc' dir='ltr'><strong>ἐκ</strong></span> <span class='ocrx_word' id='word_1_190' title='bbox 2282 1432 2372 1483; x_wconf 76' lang='grc' dir='ltr'><strong>τῆς</strong></span> <span class='ocrx_word' id='word_1_191' title='bbox 2395 1426 2587 1480; x_wconf 70' lang='grc' dir='ltr'><strong>ἐκείνων</strong></span> <span class='ocrx_word' id='word_1_192' title='bbox 2607 1430 2848 1500; x_wconf 65' lang='grc' dir='ltr'><strong>πονηρίας</strong></span> <span class='ocrx_word' id='word_1_193' title='bbox 2869 1435 2930 1499; x_wconf 75' lang='grc' dir='ltr'><strong>τῇ</strong></span> <span class='ocrx_word' id='word_1_194' title='bbox 2955 1428 3223 1500; x_wconf 77' lang='grc' dir='ltr'><strong>ἀποκρυϐῇ</strong></span> <span class='ocrx_word' id='word_1_195' title='bbox 3427 1426 3525 1481; x_wconf 85' lang='grc' dir='ltr'><strong>διε-</strong></span> 
     </span>
    </p>
   </div>
   <div class='ocr_carea' id='block_1_31' title="bbox 1943 1498 3524 1591">
    <p class='ocr_par' dir='ltr' id='par_1_31' title="bbox 1943 1498 3524 1591">
     <span class='ocr_line' id='line_1_31' title="bbox 1943 1498 3524 1591; baseline 0.006 -30"><span class='ocrx_word' id='word_1_196' title='bbox 1943 1511 2143 1580; x_wconf 80' lang='grc' dir='ltr'><strong>φύλαξε.</strong></span> <span class='ocrx_word' id='word_1_197' title='bbox 2174 1520 2331 1565; x_wconf 86' lang='grc' dir='ltr'><strong>Τοῦτο</strong></span> <span class='ocrx_word' id='word_1_198' title='bbox 2356 1510 2409 1565; x_wconf 78' lang='grc' dir='ltr'><strong>δέ</strong></span> <span class='ocrx_word' id='word_1_199' title='bbox 2442 1511 2587 1566; x_wconf 86' lang='grc' dir='ltr'><strong>ότῶν</strong></span> <span class='ocrx_word' id='word_1_200' title='bbox 2612 1498 2809 1569; x_wconf 61' lang='grc' dir='ltr'><strong>Γὸτθῖυν</strong></span> <span class='ocrx_word' id='word_1_201' title='bbox 2966 1516 2990 1569; x_wconf 86' lang='grc' dir='ltr'>ὁ</span> <span class='ocrx_word' id='word_1_202' title='bbox 3017 1498 3275 1576; x_wconf 73' lang='grc' dir='ltr'><strong>δυσσεϐὴς</strong></span> <span class='ocrx_word' id='word_1_203' title='bbox 3308 1517 3524 1576; x_wconf 75' lang='grc' dir='ltr'><strong>Τοτίλοις</strong></span> 
     </span>
    </p>
   </div>
   <div class='ocr_carea' id='block_1_32' title="bbox 1942 1601 3523 1675">
    <p class='ocr_par' dir='ltr' id='par_1_32' title="bbox 1942 1601 3523 1675">
     <span class='ocr_line' id='line_1_32' title="bbox 1942 1601 3523 1675; baseline 0.004 -25"><span class='ocrx_word' id='word_1_204' title='bbox 1942 1601 2189 1663; x_wconf 81' lang='grc' dir='ltr'><strong>ἀκούσας,</strong></span> <span class='ocrx_word' id='word_1_205' title='bbox 2222 1608 2283 1675; x_wconf 75' lang='grc' dir='ltr'><strong>τῇ</strong></span> <span class='ocrx_word' id='word_1_206' title='bbox 2312 1605 2504 1674; x_wconf 77' lang='grc' dir='ltr'><strong>πονηρᾷ</strong></span> <span class='ocrx_word' id='word_1_207' title='bbox 2531 1606 2608 1655; x_wconf 86' lang='grc' dir='ltr'><strong>καί</strong></span> <span class='ocrx_word' id='word_1_208' title='bbox 2636 1605 2825 1675; x_wconf 81' lang='grc' dir='ltr'><strong>άνυγιεί</strong></span> <span class='ocrx_word' id='word_1_209' title='bbox 2853 1605 3072 1674; x_wconf 82' lang='grc' dir='ltr'><strong>ὠμότητι</strong></span> <span class='ocrx_word' id='word_1_210' title='bbox 3100 1608 3374 1669; x_wconf 75' lang='grc' dir='ltr'><strong>ἑκκαυθείς,</strong></span> <span class='ocrx_word' id='word_1_211' title='bbox 3400 1612 3493 1659; x_wconf 89' lang='grc' dir='ltr'><strong>τοῦ</strong></span> <span class='ocrx_word' id='word_1_212' title='bbox 3512 1633 3523 1641; x_wconf 88' lang='grc'><strong>·</strong></span> 
     </span>
    </p>
   </div>
   <div class='ocr_carea' id='block_1_33' title="bbox 1941 1694 3521 1773">
    <p class='ocr_par' dir='ltr' id='par_1_33' title="bbox 1941 1694 3521 1773">
     <span class='ocr_line' id='line_1_33' title="bbox 1941 1694 3521 1773; baseline 0.003 -29"><span class='ocrx_word' id='word_1_213' title='bbox 1941 1713 2026 1744; x_wconf 87' lang='grc' dir='ltr'><strong>τον</strong></span> <span class='ocrx_word' id='word_1_214' title='bbox 2056 1694 2125 1750; x_wconf 77' lang='grc' dir='ltr'><strong>εἰς</strong></span> <span class='ocrx_word' id='word_1_215' title='bbox 2158 1694 2240 1745; x_wconf 84' lang='grc' dir='ltr'><strong>τὸν</strong></span> <span class='ocrx_word' id='word_1_216' title='bbox 2270 1694 2420 1745; x_wconf 84' lang='grc' dir='ltr'><strong>τόπον</strong></span> <span class='ocrx_word' id='word_1_217' title='bbox 2460 1697 2544 1747; x_wconf 85' lang='grc' dir='ltr'><strong>τόν</strong></span> <span class='ocrx_word' id='word_1_218' title='bbox 2573 1696 2874 1764; x_wconf 74' lang='grc' dir='ltr'><strong>καλούμενον</strong></span> <span class='ocrx_word' id='word_1_219' title='bbox 2904 1699 3146 1773; x_wconf 78' lang='grc' dir='ltr'><strong>Μέρουλις</strong></span> <span class='ocrx_word' id='word_1_220' title='bbox 3167 1740 3181 1762; x_wconf 87' lang='grc'><strong>,</strong></span> <span class='ocrx_word' id='word_1_221' title='bbox 3211 1700 3312 1752; x_wconf 84' lang='grc' dir='ltr'><strong>άπὸ</strong></span> <span class='ocrx_word' id='word_1_222' title='bbox 3343 1696 3521 1770; x_wconf 81' lang='grc' dir='ltr'><strong>ὀγδόου</strong></span> 
     </span>
    </p>
   </div>
   <div class='ocr_carea' id='block_1_34' title="bbox 261 1781 1842 1887">
    <p class='ocr_par' dir='ltr' id='par_1_34' title="bbox 261 1792 1832 1863">
     <span class='ocr_line' id='line_1_34' title="bbox 261 1792 1832 1863; baseline 0 -16"><span class='ocrx_word' id='word_1_223' title='bbox 261 1798 374 1863; x_wconf 85' lang='lat' dir='ltr'><strong>ipse</strong></span> <span class='ocrx_word' id='word_1_224' title='bbox 400 1809 525 1847; x_wconf 90' lang='lat' dir='ltr'><strong>cum</strong></span> <span class='ocrx_word' id='word_1_225' title='bbox 568 1793 808 1847; x_wconf 72' lang='lat' dir='ltr'><strong>exercitu</strong></span> <span class='ocrx_word' id='word_1_226' title='bbox 839 1792 1096 1859; x_wconf 89' lang='lat' dir='ltr'><strong>sedebat,</strong></span> <span class='ocrx_word' id='word_1_227' title='bbox 1138 1793 1298 1860; x_wconf 84' lang='lat' dir='ltr'><strong>jussit</strong></span> <span class='ocrx_word' id='word_1_228' title='bbox 1346 1794 1572 1859; x_wconf 86' lang='lat' dir='ltr'><strong>deduci,</strong></span> <span class='ocrx_word' id='word_1_229' title='bbox 1607 1810 1832 1862; x_wconf 83' lang='lat' dir='ltr'><strong>eumque</strong></span> 
     </span>
    </p>
   </div>
   <div class='ocr_carea' id='block_1_35' title="bbox 1950 1781 3524 1887">
    <p class='ocr_par' dir='ltr' id='par_1_35' title="bbox 1950 1781 3524 1858">
     <span class='ocr_line' id='line_1_35' title="bbox 1950 1781 3524 1858; baseline 0.006 -25"><span class='ocrx_word' id='word_1_230' title='bbox 1950 1781 2097 1833; x_wconf 68' lang='grc' dir='ltr'><strong>ιιιλίου</strong></span> <span class='ocrx_word' id='word_1_231' title='bbox 2148 1791 2238 1840; x_wconf 80' lang='grc' dir='ltr'><strong>τῆς</strong></span> <span class='ocrx_word' id='word_1_232' title='bbox 2290 1785 2442 1841; x_wconf 79' lang='grc' dir='ltr'><strong>αὐτῆς</strong></span> <span class='ocrx_word' id='word_1_233' title='bbox 2496 1784 2683 1843; x_wconf 86' lang='grc' dir='ltr'><strong>πόλεως</strong></span> <span class='ocrx_word' id='word_1_234' title='bbox 2727 1787 2979 1841; x_wconf 80' lang='grc' dir='ltr'><strong>ἐκέλευσεν</strong></span> <span class='ocrx_word' id='word_1_235' title='bbox 3010 1790 3379 1858; x_wconf 73' lang='grc' dir='ltr'><strong>ἀπενεχθῆναι,</strong></span> <span class='ocrx_word' id='word_1_236' title='bbox 3409 1786 3524 1842; x_wconf 61' lang='grc' dir='ltr'><strong>ὤθει</strong></span> 
     </span>
    </p>
   </div>
   <div class='ocr_carea' id='block_1_36' title="bbox 261 1884 1830 1954">
    <p class='ocr_par' dir='ltr' id='par_1_36' title="bbox 261 1884 1830 1954">
     <span class='ocr_line' id='line_1_36' title="bbox 261 1884 1830 1954; baseline -0.003 -14"><span class='ocrx_word' id='word_1_237' title='bbox 261 1888 311 1940; x_wconf 89' lang='lat' dir='ltr'><strong>in</strong></span> <span class='ocrx_word' id='word_1_238' title='bbox 345 1886 648 1954; x_wconf 81' lang='lat' dir='ltr'><strong>Spectacqu</strong></span> <span class='ocrx_word' id='word_1_239' title='bbox 699 1885 875 1953; x_wconf 90' lang='lat' dir='ltr'><strong>populi</strong></span> <span class='ocrx_word' id='word_1_240' title='bbox 928 1884 1064 1938; x_wconf 89' lang='lat' dir='ltr'><strong>ursis</strong></span> <span class='ocrx_word' id='word_1_241' title='bbox 1112 1886 1177 1937; x_wconf 91' lang='lat' dir='ltr'><strong>ad</strong></span> <span class='ocrx_word' id='word_1_242' title='bbox 1227 1886 1593 1939; x_wconf 82' lang='lat' dir='ltr'><strong>devorandum</strong></span> <span class='ocrx_word' id='word_1_243' title='bbox 1628 1886 1830 1953; x_wconf 85' lang='lat' dir='ltr'><strong>projici.</strong></span> 
     </span>
    </p>
   </div>
   <div class='ocr_carea' id='block_1_37' title="bbox 259 1976 1834 2047">
    <p class='ocr_par' dir='ltr' id='par_1_37' title="bbox 259 1976 1834 2047">
     <span class='ocr_line' id='line_1_37' title="bbox 259 1976 1834 2047; baseline -0.001 -17"><span class='ocrx_word' id='word_1_244' title='bbox 259 1978 500 2044; x_wconf 86' lang='lat' dir='ltr'><strong>Cumque</strong></span> <span class='ocrx_word' id='word_1_245' title='bbox 529 1977 671 2029; x_wconf 88' lang='lat' dir='ltr'><strong>idem</strong></span> <span class='ocrx_word' id='word_1_246' title='bbox 696 1992 789 2030; x_wconf 80' lang='lat' dir='ltr'><strong>rex</strong></span> <span class='ocrx_word' id='word_1_247' title='bbox 815 1976 1045 2044; x_wconf 76' lang='lat' dir='ltr'><strong>perfidus</strong></span> <span class='ocrx_word' id='word_1_248' title='bbox 1074 1979 1125 2030; x_wconf 95' lang='lat' dir='ltr'><strong>in</strong></span> <span class='ocrx_word' id='word_1_249' title='bbox 1156 1979 1269 2044; x_wconf 91' lang='lat' dir='ltr'><strong>ipso</strong></span> <span class='ocrx_word' id='word_1_250' title='bbox 1294 1993 1505 2047; x_wconf 82' lang='lat' dir='ltr'><strong>quoque</strong></span> <span class='ocrx_word' id='word_1_251' title='bbox 1530 1979 1834 2047; x_wconf 83' lang='lat' dir='ltr'><strong>spectaculo</strong></span> 
     </span>
    </p>
   </div>
   <div class='ocr_carea' id='block_1_38' title="bbox 260 2067 1835 2137">
    <p class='ocr_par' dir='ltr' id='par_1_38' title="bbox 260 2067 1835 2137">
     <span class='ocr_line' id='line_1_38' title="bbox 260 2067 1835 2137; baseline -0.001 -16"><span class='ocrx_word' id='word_1_252' title='bbox 260 2069 591 2121; x_wconf 80' lang='lat' dir='ltr'><strong>consedisset</strong></span> <span class='ocrx_word' id='word_1_253' title='bbox 622 2067 689 2120; x_wconf 90' lang='lat' dir='ltr'><strong>ad</strong></span> <span class='ocrx_word' id='word_1_254' title='bbox 730 2067 1114 2135; x_wconf 86' lang='lat' dir='ltr'><strong>inspiciendam</strong></span> <span class='ocrx_word' id='word_1_255' title='bbox 1158 2077 1380 2122; x_wconf 90' lang='lat' dir='ltr'><strong>mortem</strong></span> <span class='ocrx_word' id='word_1_256' title='bbox 1410 2069 1686 2137; x_wconf 88' lang='lat' dir='ltr'><strong>episcopi,</strong></span> <span class='ocrx_word' id='word_1_257' title='bbox 1720 2084 1835 2121; x_wconf 88' lang='lat' dir='ltr'><strong>ma-</strong></span> 
     </span>
    </p>
   </div>
   <div class='ocr_carea' id='block_1_39' title="bbox 261 2158 1838 2229">
    <p class='ocr_par' dir='ltr' id='par_1_39' title="bbox 261 2158 1838 2229">
     <span class='ocr_line' id='line_1_39' title="bbox 261 2158 1838 2229; baseline 0.001 -18"><span class='ocrx_word' id='word_1_258' title='bbox 261 2174 363 2227; x_wconf 80' lang='lat' dir='ltr'><strong>gna</strong></span> <span class='ocrx_word' id='word_1_259' title='bbox 395 2160 575 2227; x_wconf 83' lang='lat' dir='ltr'><strong>populi</strong></span> <span class='ocrx_word' id='word_1_260' title='bbox 610 2158 758 2211; x_wconf 87' lang='lat' dir='ltr'><strong>turba</strong></span> <span class='ocrx_word' id='word_1_261' title='bbox 787 2158 1070 2213; x_wconf 80' lang='lat' dir='ltr'><strong>conﬂuxit.</strong></span> <span class='ocrx_word' id='word_1_262' title='bbox 1100 2159 1248 2212; x_wconf 90' lang='lat' dir='ltr'><strong>Tunc</strong></span> <span class='ocrx_word' id='word_1_263' title='bbox 1273 2161 1556 2229; x_wconf 89' lang='lat' dir='ltr'><strong>episcopus</strong></span> <span class='ocrx_word' id='word_1_264' title='bbox 1582 2162 1838 2214; x_wconf 86' lang='lat' dir='ltr'><strong>deductus</strong></span> 
     </span>
    </p>
   </div>
   <div class='ocr_carea' id='block_1_40' title="bbox 263 2249 1837 2317">
    <p class='ocr_par' dir='ltr' id='par_1_40' title="bbox 263 2249 1837 2317">
     <span class='ocr_line' id='line_1_40' title="bbox 263 2249 1837 2317; baseline -0.003 -13"><span class='ocrx_word' id='word_1_265' title='bbox 263 2252 318 2305; x_wconf 86' lang='lat' dir='ltr'><strong>in</strong></span> <span class='ocrx_word' id='word_1_266' title='bbox 346 2250 577 2303; x_wconf 88' lang='lat' dir='ltr'><strong>medium</strong></span> <span class='ocrx_word' id='word_1_267' title='bbox 608 2260 707 2311; x_wconf 86' lang='lat' dir='ltr'><strong>est,</strong></span> <span class='ocrx_word' id='word_1_268' title='bbox 741 2259 899 2316; x_wconf 87' lang='lat' dir='ltr'><strong>atque</strong></span> <span class='ocrx_word' id='word_1_269' title='bbox 927 2250 991 2301; x_wconf 88' lang='lat' dir='ltr'><strong>ad</strong></span> <span class='ocrx_word' id='word_1_270' title='bbox 1024 2249 1139 2317; x_wconf 85' lang='lat' dir='ltr'><strong>ejus</strong></span> <span class='ocrx_word' id='word_1_271' title='bbox 1168 2260 1390 2303; x_wconf 87' lang='lat' dir='ltr'><strong>mortem</strong></span> <span class='ocrx_word' id='word_1_272' title='bbox 1419 2251 1837 2303; x_wconf 66' lang='lat' dir='ltr'><strong>immanissimus</strong></span> 
     </span>
    </p>
   </div>
   <div class='ocr_carea' id='block_1_41' title="bbox 262 2337 1830 2406">
    <p class='ocr_par' dir='ltr' id='par_1_41' title="bbox 262 2337 1830 2406">
     <span class='ocr_line' id='line_1_41' title="bbox 262 2337 1830 2406; baseline -0.001 -14"><span class='ocrx_word' id='word_1_273' title='bbox 262 2353 421 2392; x_wconf 87' lang='lat' dir='ltr'><strong>ursus</strong></span> <span class='ocrx_word' id='word_1_274' title='bbox 450 2338 767 2406; x_wconf 76' lang='lat' dir='ltr'><strong>exquisitos,</strong></span> <span class='ocrx_word' id='word_1_275' title='bbox 800 2338 888 2404; x_wconf 85' lang='lat' dir='ltr'><strong>qui</strong></span> <span class='ocrx_word' id='word_1_276' title='bbox 921 2337 1047 2390; x_wconf 86' lang='lat' dir='ltr'><strong>dum</strong></span> <span class='ocrx_word' id='word_1_277' title='bbox 1083 2338 1309 2391; x_wconf 90' lang='lat' dir='ltr'><strong>humana</strong></span> <span class='ocrx_word' id='word_1_278' title='bbox 1335 2339 1569 2392; x_wconf 89' lang='lat' dir='ltr'><strong>membra</strong></span> <span class='ocrx_word' id='word_1_279' title='bbox 1600 2338 1830 2392; x_wconf 90' lang='lat' dir='ltr'><strong>crudeli-</strong></span> 
     </span>
    </p>
   </div>
   <div class='ocr_carea' id='block_1_42' title="bbox 267 2426 1841 2496">
    <p class='ocr_par' dir='ltr' id='par_1_42' title="bbox 267 2426 1841 2496">
     <span class='ocr_line' id='line_1_42' title="bbox 267 2426 1841 2496; baseline -0.001 -17"><span class='ocrx_word' id='word_1_280' title='bbox 267 2440 349 2482; x_wconf 86' lang='lat' dir='ltr'><strong>ter</strong></span> <span class='ocrx_word' id='word_1_281' title='bbox 389 2437 635 2495; x_wconf 85' lang='lat' dir='ltr'><strong>carperet</strong></span> <span class='ocrx_word' id='word_1_282' title='bbox 663 2468 677 2492; x_wconf 94' lang='lat'><strong>,</strong></span> <span class='ocrx_word' id='word_1_283' title='bbox 711 2426 841 2480; x_wconf 62' lang='lat' dir='ltr'><strong>saivi</strong></span> <span class='ocrx_word' id='word_1_284' title='bbox 871 2429 1010 2496; x_wconf 77' lang='lat' dir='ltr'><strong>regis</strong></span> <span class='ocrx_word' id='word_1_285' title='bbox 1036 2428 1273 2480; x_wconf 87' lang='lat' dir='ltr'><strong>animum</strong></span> <span class='ocrx_word' id='word_1_286' title='bbox 1305 2428 1545 2481; x_wconf 87' lang='lat' dir='ltr'><strong>satiaret.</strong></span> <span class='ocrx_word' id='word_1_287' title='bbox 1582 2428 1841 2481; x_wconf 91' lang='lat' dir='ltr'><strong>Dimissus</strong></span> 
     </span>
    </p>
   </div>
   <div class='ocr_carea' id='block_1_43' title="bbox 266 2518 1840 2584">
    <p class='ocr_par' dir='ltr' id='par_1_43' title="bbox 266 2518 1840 2584">
     <span class='ocr_line' id='line_1_43' title="bbox 266 2518 1840 2584; baseline 0.001 -15"><span class='ocrx_word' id='word_1_288' title='bbox 266 2520 443 2584; x_wconf 79' lang='lat' dir='ltr'><strong>itaque</strong></span> <span class='ocrx_word' id='word_1_289' title='bbox 470 2532 627 2571; x_wconf 88' lang='lat' dir='ltr'><strong>ursus</strong></span> <span class='ocrx_word' id='word_1_290' title='bbox 657 2532 723 2570; x_wconf 80' lang='lat' dir='ltr'><strong>ex</strong></span> <span class='ocrx_word' id='word_1_291' title='bbox 760 2531 919 2569; x_wconf 85' lang='lat' dir='ltr'><strong>cavea</strong></span> <span class='ocrx_word' id='word_1_292' title='bbox 952 2527 1030 2570; x_wconf 82' lang='lat' dir='ltr'><strong>est</strong></span> <span class='ocrx_word' id='word_1_293' title='bbox 1060 2534 1073 2569; x_wconf 90' lang='lat'><strong>:</strong></span> <span class='ocrx_word' id='word_1_294' title='bbox 1107 2518 1191 2584; x_wconf 92' lang='lat' dir='ltr'><strong>qui</strong></span> <span class='ocrx_word' id='word_1_295' title='bbox 1218 2532 1480 2571; x_wconf 87' lang='lat' dir='ltr'><strong>accensus</strong></span> <span class='ocrx_word' id='word_1_296' title='bbox 1513 2528 1568 2571; x_wconf 90' lang='lat' dir='ltr'><strong>et</strong></span> <span class='ocrx_word' id='word_1_297' title='bbox 1596 2523 1840 2571; x_wconf 76' lang='lat' dir='ltr'><strong>concitus</strong></span> 
     </span>
    </p>
   </div>
   <div class='ocr_carea' id='block_1_44' title="bbox 266 2607 1838 2675">
    <p class='ocr_par' dir='ltr' id='par_1_44' title="bbox 266 2607 1838 2675">
     <span class='ocr_line' id='line_1_44' title="bbox 266 2607 1838 2675; baseline 0 -14"><span class='ocrx_word' id='word_1_298' title='bbox 266 2609 574 2675; x_wconf 86' lang='lat' dir='ltr'><strong>episcopum</strong></span> <span class='ocrx_word' id='word_1_299' title='bbox 618 2607 800 2675; x_wconf 83' lang='lat' dir='ltr'><strong>petiit,</strong></span> <span class='ocrx_word' id='word_1_300' title='bbox 845 2607 937 2660; x_wconf 81' lang='lat' dir='ltr'><strong>sed</strong></span> <span class='ocrx_word' id='word_1_301' title='bbox 979 2608 1154 2661; x_wconf 82' lang='lat' dir='ltr'><strong>subito</strong></span> <span class='ocrx_word' id='word_1_302' title='bbox 1196 2623 1307 2661; x_wconf 63' lang='lat' dir='ltr'><strong>suae</strong></span> <span class='ocrx_word' id='word_1_303' title='bbox 1337 2608 1566 2661; x_wconf 84' lang='lat' dir='ltr'><strong>ferita&#39;is</strong></span> <span class='ocrx_word' id='word_1_304' title='bbox 1608 2609 1838 2675; x_wconf 87' lang='lat' dir='ltr'><strong>oblitus,</strong></span> 
     </span>
    </p>
   </div>
   <div class='ocr_carea' id='block_1_45' title="bbox 268 2698 1840 2767">
    <p class='ocr_par' dir='ltr' id='par_1_45' title="bbox 268 2698 1840 2767">
     <span class='ocr_line' id='line_1_45' title="bbox 268 2698 1840 2767; baseline 0.001 -16"><span class='ocrx_word' id='word_1_305' title='bbox 268 2698 471 2752; x_wconf 76' lang='lat' dir='ltr'><strong>deﬂexa</strong></span> <span class='ocrx_word' id='word_1_306' title='bbox 500 2699 732 2763; x_wconf 81' lang='lat' dir='ltr'><strong>cervice,</strong></span> <span class='ocrx_word' id='word_1_307' title='bbox 767 2698 1138 2767; x_wconf 88' lang='lat' dir='ltr'><strong>submissoque</strong></span> <span class='ocrx_word' id='word_1_308' title='bbox 1171 2699 1442 2752; x_wconf 88' lang='lat' dir='ltr'><strong>humiliter</strong></span> <span class='ocrx_word' id='word_1_309' title='bbox 1474 2700 1677 2767; x_wconf 84' lang='lat' dir='ltr'><strong>capite,</strong></span> <span class='ocrx_word' id='word_1_310' title='bbox 1705 2700 1840 2753; x_wconf 86' lang='lat' dir='ltr'><strong>lam-</strong></span> 
     </span>
    </p>
   </div>
   <div class='ocr_carea' id='block_1_46' title="bbox 267 2788 1837 2857">
    <p class='ocr_par' dir='ltr' id='par_1_46' title="bbox 267 2788 1837 2857">
     <span class='ocr_line' id='line_1_46' title="bbox 267 2788 1837 2857; baseline 0 -16"><span class='ocrx_word' id='word_1_311' title='bbox 267 2790 395 2842; x_wconf 84' lang='lat' dir='ltr'><strong>bere</strong></span> <span class='ocrx_word' id='word_1_312' title='bbox 418 2789 654 2856; x_wconf 84' lang='lat' dir='ltr'><strong>episcOpi</strong></span> <span class='ocrx_word' id='word_1_313' title='bbox 689 2788 849 2855; x_wconf 83' lang='lat' dir='ltr'><strong>pedes</strong></span> <span class='ocrx_word' id='word_1_314' title='bbox 878 2788 1036 2855; x_wconf 64' lang='lat' dir='ltr'><strong>caapit</strong></span> <span class='ocrx_word' id='word_1_315' title='bbox 1057 2828 1071 2851; x_wconf 87' lang='lat'><strong><em>,</em></strong></span> <span class='ocrx_word' id='word_1_316' title='bbox 1100 2797 1155 2840; x_wconf 93' lang='lat' dir='ltr'><strong>ut</strong></span> <span class='ocrx_word' id='word_1_317' title='bbox 1185 2796 1427 2857; x_wconf 83' lang='lat' dir='ltr'><strong>patenter</strong></span> <span class='ocrx_word' id='word_1_318' title='bbox 1463 2789 1711 2842; x_wconf 88' lang='lat' dir='ltr'><strong>omnibus</strong></span> <span class='ocrx_word' id='word_1_319' title='bbox 1743 2790 1837 2841; x_wconf 88' lang='lat' dir='ltr'><strong>da-</strong></span> 
     </span>
    </p>
   </div>
   <div class='ocr_carea' id='block_1_47' title="bbox 265 2880 1841 2948">
    <p class='ocr_par' dir='ltr' id='par_1_47' title="bbox 265 2880 1841 2948">
     <span class='ocr_line' id='line_1_47' title="bbox 265 2880 1841 2948; baseline 0.002 -16"><span class='ocrx_word' id='word_1_320' title='bbox 265 2888 413 2932; x_wconf 67' lang='lat' dir='ltr'><strong>retur</strong></span> <span class='ocrx_word' id='word_1_321' title='bbox 452 2880 671 2948; x_wconf 81' lang='lat' dir='ltr'><strong>intelligi</strong></span> <span class='ocrx_word' id='word_1_322' title='bbox 704 2881 827 2945; x_wconf 88' lang='lat' dir='ltr'><strong>quia</strong></span> <span class='ocrx_word' id='word_1_323' title='bbox 874 2894 997 2948; x_wconf 80' lang='lat' dir='ltr'><strong>erga</strong></span> <span class='ocrx_word' id='word_1_324' title='bbox 1043 2881 1187 2934; x_wconf 91' lang='lat' dir='ltr'><strong>illum</strong></span> <span class='ocrx_word' id='word_1_325' title='bbox 1229 2882 1398 2934; x_wconf 87' lang='lat' dir='ltr'><strong>virum</strong></span> <span class='ocrx_word' id='word_1_326' title='bbox 1446 2882 1537 2935; x_wconf 87' lang='lat' dir='ltr'><strong>Dei</strong></span> <span class='ocrx_word' id='word_1_327' title='bbox 1584 2892 1636 2935; x_wconf 89' lang='lat' dir='ltr'><strong>et</strong></span> <span class='ocrx_word' id='word_1_328' title='bbox 1680 2884 1841 2935; x_wconf 81' lang='lat' dir='ltr'><strong>ferina</strong></span> 
     </span>
    </p>
   </div>
   <div class='ocr_carea' id='block_1_48' title="bbox 267 2968 1838 3038">
    <p class='ocr_par' dir='ltr' id='par_1_48' title="bbox 267 2968 1838 3038">
     <span class='ocr_line' id='line_1_48' title="bbox 267 2968 1838 3038; baseline 0.003 -17"><span class='ocrx_word' id='word_1_329' title='bbox 267 2968 425 3022; x_wconf 85' lang='lat' dir='ltr'><strong>corda</strong></span> <span class='ocrx_word' id='word_1_330' title='bbox 452 2978 637 3023; x_wconf 84' lang='lat' dir='ltr'><strong>essent</strong></span> <span class='ocrx_word' id='word_1_331' title='bbox 666 2969 962 3034; x_wconf 80' lang='lat' dir='ltr'><strong>lmininum,</strong></span> <span class='ocrx_word' id='word_1_332' title='bbox 992 2981 1045 3024; x_wconf 89' lang='lat' dir='ltr'><strong>et</strong></span> <span class='ocrx_word' id='word_1_333' title='bbox 1072 2973 1221 3038; x_wconf 88' lang='lat' dir='ltr'><strong>quasi</strong></span> <span class='ocrx_word' id='word_1_334' title='bbox 1255 2972 1485 3024; x_wconf 89' lang='lat' dir='ltr'><strong>huinana</strong></span> <span class='ocrx_word' id='word_1_335' title='bbox 1532 2972 1838 3026; x_wconf 88' lang='lat' dir='ltr'><strong>bestiarum.</strong></span> 
     </span>
    </p>
   </div>
   <div class='ocr_carea' id='block_1_49' title="bbox 267 3059 1841 3128">
    <p class='ocr_par' dir='ltr' id='par_1_49' title="bbox 267 3059 1841 3128">
     <span class='ocr_line' id='line_1_49' title="bbox 267 3059 1841 3128; baseline 0.003 -16"><span class='ocrx_word' id='word_1_336' title='bbox 267 3059 419 3112; x_wconf 81' lang='lat' dir='ltr'><strong>Tunc</strong></span> <span class='ocrx_word' id='word_1_337' title='bbox 460 3062 688 3128; x_wconf 89' lang='lat' dir='ltr'><strong>populus</strong></span> <span class='ocrx_word' id='word_1_338' title='bbox 725 3060 814 3128; x_wconf 88' lang='lat' dir='ltr'><strong>qui</strong></span> <span class='ocrx_word' id='word_1_339' title='bbox 855 3061 920 3111; x_wconf 89' lang='lat' dir='ltr'><strong>ad</strong></span> <span class='ocrx_word' id='word_1_340' title='bbox 951 3061 1316 3127; x_wconf 85' lang='lat' dir='ltr'><strong>spectaculum</strong></span> <span class='ocrx_word' id='word_1_341' title='bbox 1351 3070 1569 3114; x_wconf 86' lang='lat' dir='ltr'><strong>venerat</strong></span> <span class='ocrx_word' id='word_1_342' title='bbox 1610 3063 1801 3116; x_wconf 88' lang='lat' dir='ltr'><strong>mortis</strong></span> <span class='ocrx_word' id='word_1_343' title='bbox 1826 3102 1841 3128; x_wconf 90' lang='lat'><strong>,</strong></span> 
     </span>
    </p>
   </div>
   <div class='ocr_carea' id='block_1_50' title="bbox 1940 1873 3521 1944">
    <p class='ocr_par' dir='ltr' id='par_1_50' title="bbox 1940 1873 3521 1944">
     <span class='ocr_line' id='line_1_50' title="bbox 1940 1873 3521 1944; baseline 0.004 -22"><span class='ocrx_word' id='word_1_344' title='bbox 1940 1873 2093 1929; x_wconf 66' lang='grc' dir='ltr'><strong>αὑτὰς</strong></span> <span class='ocrx_word' id='word_1_345' title='bbox 2126 1873 2239 1926; x_wconf 79' lang='grc' dir='ltr'><strong>τότε</strong></span> <span class='ocrx_word' id='word_1_346' title='bbox 2268 1876 2396 1943; x_wconf 82' lang='grc' dir='ltr'><strong>μετὰ</strong></span> <span class='ocrx_word' id='word_1_347' title='bbox 2422 1880 2511 1926; x_wconf 86' lang='grc' dir='ltr'><strong>τοῦ</strong></span> <span class='ocrx_word' id='word_1_348' title='bbox 2549 1881 2771 1944; x_wconf 85' lang='grc' dir='ltr'><strong>στρατοῦ</strong></span> <span class='ocrx_word' id='word_1_349' title='bbox 2802 1878 2959 1931; x_wconf 77' lang='grc' dir='ltr'><strong>αὐτοῦ</strong></span> <span class='ocrx_word' id='word_1_350' title='bbox 2991 1878 3261 1941; x_wconf 76' lang='grc' dir='ltr'><strong>ἐκαθέζετο,</strong></span> <span class='ocrx_word' id='word_1_351' title='bbox 3293 1881 3374 1930; x_wconf 83' lang='grc' dir='ltr'><strong>καί</strong></span> <span class='ocrx_word' id='word_1_352' title='bbox 3396 1882 3521 1932; x_wconf 89' lang='grc' dir='ltr'><strong>τοῦ-</strong></span> 
     </span>
    </p>
   </div>
   <div class='ocr_carea' id='block_1_51' title="bbox 1940 1964 3520 2042">
    <p class='ocr_par' dir='ltr' id='par_1_51' title="bbox 1940 1964 3520 2042">
     <span class='ocr_line' id='line_1_51' title="bbox 1940 1964 3520 2042; baseline 0.003 -26"><span class='ocrx_word' id='word_1_353' title='bbox 1940 1983 2021 2016; x_wconf 86' lang='grc' dir='ltr'><strong>τον</strong></span> <span class='ocrx_word' id='word_1_354' title='bbox 2043 1964 2125 2014; x_wconf 79' lang='grc' dir='ltr'><strong>ἐπὶ</strong></span> <span class='ocrx_word' id='word_1_355' title='bbox 2154 1965 2338 2023; x_wconf 75' lang='grc' dir='ltr'><strong>παντὸς</strong></span> <span class='ocrx_word' id='word_1_356' title='bbox 2375 1970 2463 2017; x_wconf 88' lang='grc' dir='ltr'><strong>τοῦ</strong></span> <span class='ocrx_word' id='word_1_357' title='bbox 2501 1964 2622 2017; x_wconf 88' lang='grc' dir='ltr'><strong>λαοῦ</strong></span> <span class='ocrx_word' id='word_1_358' title='bbox 2642 2004 2656 2025; x_wconf 88' lang='grc'><strong>,</strong></span> <span class='ocrx_word' id='word_1_359' title='bbox 2687 1970 2759 2025; x_wconf 84' lang='grc' dir='ltr'><strong>εἰς</strong></span> <span class='ocrx_word' id='word_1_360' title='bbox 2785 1967 2942 2041; x_wconf 85' lang='grc' dir='ltr'><strong>βορὰν</strong></span> <span class='ocrx_word' id='word_1_361' title='bbox 2965 1976 3072 2027; x_wconf 84' lang='grc' dir='ltr'><strong>τοῖς</strong></span> <span class='ocrx_word' id='word_1_362' title='bbox 3112 1966 3282 2041; x_wconf 69' lang='grc' dir='ltr'><strong>ὅρκοις</strong></span> <span class='ocrx_word' id='word_1_363' title='bbox 3324 1969 3520 2042; x_wconf 68' lang='grc' dir='ltr'><strong>ῥιφῆναι</strong></span> 
     </span>
    </p>
   </div>
   <div class='ocr_carea' id='block_1_52' title="bbox 1942 2057 3524 2133">
    <p class='ocr_par' dir='ltr' id='par_1_52' title="bbox 1942 2057 3524 2133">
     <span class='ocr_line' id='line_1_52' title="bbox 1942 2057 3524 2133; baseline 0.001 -24"><span class='ocrx_word' id='word_1_364' title='bbox 1942 2058 2241 2132; x_wconf 80' lang='grc' dir='ltr'><strong>προσέταξε.</strong></span> <span class='ocrx_word' id='word_1_365' title='bbox 2283 2064 2380 2111; x_wconf 92' lang='grc' dir='ltr'><strong>Τοῦ</strong></span> <span class='ocrx_word' id='word_1_366' title='bbox 2432 2057 2484 2111; x_wconf 73' lang='grc' dir='ltr'><strong>δὲ</strong></span> <span class='ocrx_word' id='word_1_367' title='bbox 2532 2061 2684 2111; x_wconf 79' lang='grc' dir='ltr'><strong>αὐτοῦ</strong></span> <span class='ocrx_word' id='word_1_368' title='bbox 2724 2058 3142 2115; x_wconf 52' lang='grc' dir='ltr'><strong>δυσσεϐεστάτου</strong></span> <span class='ocrx_word' id='word_1_369' title='bbox 3186 2062 3341 2133; x_wconf 55' lang='lat' dir='ltr'><strong>{iw/ac</strong></span> <span class='ocrx_word' id='word_1_370' title='bbox 3377 2062 3427 2112; x_wconf 74' lang='grc' dir='ltr'><strong>ἓν</strong></span> <span class='ocrx_word' id='word_1_371' title='bbox 3452 2069 3524 2129; x_wconf 80' lang='grc' dir='ltr'><strong>τῷ</strong></span> 
     </span>
    </p>
   </div>
   <div class='ocr_carea' id='block_1_53' title="bbox 1945 2147 3523 2226">
    <p class='ocr_par' dir='ltr' id='par_1_53' title="bbox 1945 2147 3523 2226">
     <span class='ocr_line' id='line_1_53' title="bbox 1945 2147 3523 2226; baseline -0.001 -24"><span class='ocrx_word' id='word_1_372' title='bbox 1945 2147 2192 2218; x_wconf 78' lang='grc' dir='ltr'><strong>συνεδρίῳ</strong></span> <span class='ocrx_word' id='word_1_373' title='bbox 2212 2155 2303 2201; x_wconf 81' lang='grc' dir='ltr'><strong>τοῦ</strong></span> <span class='ocrx_word' id='word_1_374' title='bbox 2332 2149 2455 2201; x_wconf 84' lang='grc' dir='ltr'><strong>λαοῦ</strong></span> <span class='ocrx_word' id='word_1_375' title='bbox 2476 2152 2792 2206; x_wconf 61' lang='grc' dir='ltr'><strong>καθεσθέντος</strong></span> <span class='ocrx_word' id='word_1_376' title='bbox 2818 2152 2945 2221; x_wconf 84' lang='grc' dir='ltr'><strong>πρός</strong></span> <span class='ocrx_word' id='word_1_377' title='bbox 2966 2153 3022 2204; x_wconf 84' lang='grc' dir='ltr'><strong>τὸ</strong></span> <span class='ocrx_word' id='word_1_378' title='bbox 3047 2154 3299 2226; x_wconf 78' lang='grc' dir='ltr'><strong>θεωρῆσαι</strong></span> <span class='ocrx_word' id='word_1_379' title='bbox 3328 2152 3411 2204; x_wconf 85' lang='grc' dir='ltr'><strong>τὸν</strong></span> <span class='ocrx_word' id='word_1_380' title='bbox 3436 2156 3523 2204; x_wconf 86' lang='grc' dir='ltr'><strong>τοῦ</strong></span> 
     </span>
    </p>
   </div>
   <div class='ocr_carea' id='block_1_54' title="bbox 1943 2236 3523 2314">
    <p class='ocr_par' dir='ltr' id='par_1_54' title="bbox 1943 2236 3523 2314">
     <span class='ocr_line' id='line_1_54' title="bbox 1943 2236 3523 2314; baseline 0.003 -26"><span class='ocrx_word' id='word_1_381' title='bbox 1943 2239 2217 2291; x_wconf 75' lang='grc' dir='ltr'><strong>ἐπισκόπου</strong></span> <span class='ocrx_word' id='word_1_382' title='bbox 2247 2240 2475 2301; x_wconf 83' lang='grc' dir='ltr'><strong>θάνατον,</strong></span> <span class='ocrx_word' id='word_1_383' title='bbox 2513 2236 2529 2273; x_wconf 70' lang='grc' dir='ltr'><strong>ί</strong></span> <span class='ocrx_word' id='word_1_384' title='bbox 2563 2240 2755 2308; x_wconf 86' lang='grc' dir='ltr'><strong>μεγάλη</strong></span> <span class='ocrx_word' id='word_1_385' title='bbox 2780 2246 2867 2293; x_wconf 86' lang='grc' dir='ltr'><strong>τοῦ</strong></span> <span class='ocrx_word' id='word_1_386' title='bbox 2894 2242 3014 2293; x_wconf 88' lang='grc' dir='ltr'><strong>λαοῦ</strong></span> <span class='ocrx_word' id='word_1_387' title='bbox 3050 2247 3263 2314; x_wconf 84' lang='grc' dir='ltr'><strong>ταραχὴ</strong></span> <span class='ocrx_word' id='word_1_388' title='bbox 3292 2242 3523 2298; x_wconf 64' lang='grc' dir='ltr'><strong>συνῆλθε.</strong></span> 
     </span>
    </p>
   </div>
   <div class='ocr_carea' id='block_1_55' title="bbox 1941 2327 3522 2403">
    <p class='ocr_par' dir='ltr' id='par_1_55' title="bbox 1941 2327 3522 2403">
     <span class='ocr_line' id='line_1_55' title="bbox 1941 2327 3522 2403; baseline 0.003 -22"><span class='ocrx_word' id='word_1_389' title='bbox 1941 2336 2037 2381; x_wconf 80' lang='grc' dir='ltr'><strong>Τοῦ</strong></span> <span class='ocrx_word' id='word_1_390' title='bbox 2069 2327 2122 2381; x_wconf 81' lang='grc' dir='ltr'><strong>δὲ</strong></span> <span class='ocrx_word' id='word_1_391' title='bbox 2160 2330 2436 2381; x_wconf 78' lang='grc' dir='ltr'><strong>ἐπισκόπου</strong></span> <span class='ocrx_word' id='word_1_392' title='bbox 2468 2332 2516 2381; x_wconf 79' lang='grc' dir='ltr'><strong>ἐν</strong></span> <span class='ocrx_word' id='word_1_393' title='bbox 2544 2338 2616 2398; x_wconf 84' lang='grc' dir='ltr'><strong>τῷ</strong></span> <span class='ocrx_word' id='word_1_394' title='bbox 2644 2332 2785 2401; x_wconf 75' lang='grc' dir='ltr'><strong>μέσῳ</strong></span> <span class='ocrx_word' id='word_1_395' title='bbox 2828 2331 3146 2400; x_wconf 71' lang='grc' dir='ltr'><strong>ἐνεχθέντος,</strong></span> <span class='ocrx_word' id='word_1_396' title='bbox 3178 2340 3200 2376; x_wconf 74' lang='grc' dir='ltr'><strong>Β</strong></span> <span class='ocrx_word' id='word_1_397' title='bbox 3234 2329 3386 2403; x_wconf 76' lang='grc' dir='ltr'><strong>ἄρκος</strong></span> <span class='ocrx_word' id='word_1_398' title='bbox 3416 2333 3522 2385; x_wconf 87' lang='grc' dir='ltr'><strong>λίαν</strong></span> 
     </span>
    </p>
   </div>
   <div class='ocr_carea' id='block_1_56' title="bbox 1940 2418 3524 2493">
    <p class='ocr_par' dir='ltr' id='par_1_56' title="bbox 1940 2418 3524 2493">
     <span class='ocr_line' id='line_1_56' title="bbox 1940 2418 3524 2493; baseline -0.001 -22"><span class='ocrx_word' id='word_1_399' title='bbox 1940 2420 2221 2489; x_wconf 81' lang='grc' dir='ltr'><strong>πικροτάτη</strong></span> <span class='ocrx_word' id='word_1_400' title='bbox 2251 2420 2377 2493; x_wconf 77' lang='grc' dir='ltr'><strong>πρὸς</strong></span> <span class='ocrx_word' id='word_1_401' title='bbox 2403 2418 2487 2471; x_wconf 85' lang='grc' dir='ltr'><strong>τὸν</strong></span> <span class='ocrx_word' id='word_1_402' title='bbox 2514 2422 2698 2472; x_wconf 86' lang='grc' dir='ltr'><strong>τούτου</strong></span> <span class='ocrx_word' id='word_1_403' title='bbox 2729 2421 2935 2473; x_wconf 84' lang='grc' dir='ltr'><strong>θάνατον</strong></span> <span class='ocrx_word' id='word_1_404' title='bbox 2952 2420 3311 2481; x_wconf 83' lang='grc' dir='ltr'><strong>ἑπιζητηθείσα</strong></span> <span class='ocrx_word' id='word_1_405' title='bbox 3326 2420 3524 2491; x_wconf 70' lang='grc' dir='ltr'><strong>εὑρέθη,</strong></span> 
     </span>
    </p>
   </div>
   <div class='ocr_carea' id='block_1_57' title="bbox 1942 2509 3525 2583">
    <p class='ocr_par' dir='ltr' id='par_1_57' title="bbox 1942 2509 3525 2583">
     <span class='ocr_line' id='line_1_57' title="bbox 1942 2509 3525 2583; baseline 0.001 -21"><span class='ocrx_word' id='word_1_406' title='bbox 1942 2510 2050 2567; x_wconf 70' lang='grc' dir='ltr'><strong>ἥτις</strong></span> <span class='ocrx_word' id='word_1_407' title='bbox 2077 2509 2366 2581; x_wconf 87' lang='grc' dir='ltr'><strong>άνθρὼπινα</strong></span> <span class='ocrx_word' id='word_1_408' title='bbox 2406 2513 2622 2578; x_wconf 81' lang='grc' dir='ltr'><strong>σώματα</strong></span> <span class='ocrx_word' id='word_1_409' title='bbox 2667 2509 2943 2579; x_wconf 82' lang='grc' dir='ltr'><strong>ὡμοτοίτως</strong></span> <span class='ocrx_word' id='word_1_410' title='bbox 2972 2509 3388 2583; x_wconf 84' lang='grc' dir='ltr'><strong>διασπαράσσειν</strong></span> <span class='ocrx_word' id='word_1_411' title='bbox 3414 2509 3525 2563; x_wconf 62' lang='grc' dir='ltr'><strong>ε’ω·</strong></span> 
     </span>
    </p>
   </div>
   <div class='ocr_carea' id='block_1_58' title="bbox 1943 2599 3524 2672">
    <p class='ocr_par' dir='ltr' id='par_1_58' title="bbox 1943 2599 3524 2672">
     <span class='ocr_line' id='line_1_58' title="bbox 1943 2599 3524 2672; baseline 0.001 -22"><span class='ocrx_word' id='word_1_412' title='bbox 1943 2601 2042 2663; x_wconf 86' lang='grc' dir='ltr'><strong>θεν,</strong></span> <span class='ocrx_word' id='word_1_413' title='bbox 2087 2601 2222 2652; x_wconf 79' lang='grc' dir='ltr'><strong>ὥστε</strong></span> <span class='ocrx_word' id='word_1_414' title='bbox 2271 2606 2360 2656; x_wconf 71' lang='grc' dir='ltr'><strong>τὴν</strong></span> <span class='ocrx_word' id='word_1_415' title='bbox 2399 2606 2488 2653; x_wconf 88' lang='grc' dir='ltr'><strong>τοῦ</strong></span> <span class='ocrx_word' id='word_1_416' title='bbox 2518 2601 2773 2672; x_wconf 76' lang='grc' dir='ltr'><strong>ἀλιτηρίου</strong></span> <span class='ocrx_word' id='word_1_417' title='bbox 2803 2600 2955 2672; x_wconf 74' lang='grc' dir='ltr'><strong>ρηγός</strong></span> <span class='ocrx_word' id='word_1_418' title='bbox 2984 2601 3163 2670; x_wconf 63' lang='grc' dir='ltr'><strong>ψυχήν</strong></span> <span class='ocrx_word' id='word_1_419' title='bbox 3191 2599 3373 2671; x_wconf 78' lang='grc' dir='ltr'><strong>δυνηθῇ</strong></span> <span class='ocrx_word' id='word_1_420' title='bbox 3396 2600 3524 2658; x_wconf 84' lang='grc' dir='ltr'><strong>πλη-</strong></span> 
     </span>
    </p>
   </div>
   <div class='ocr_carea' id='block_1_59' title="bbox 1942 2686 3523 2765">
    <p class='ocr_par' dir='ltr' id='par_1_59' title="bbox 1942 2686 3523 2765">
     <span class='ocr_line' id='line_1_59' title="bbox 1942 2686 3523 2765; baseline -0.001 -21"><span class='ocrx_word' id='word_1_421' title='bbox 1942 2698 2240 2765; x_wconf 69' lang='grc' dir='ltr'><strong>ροφορῆσαι.</strong></span> <span class='ocrx_word' id='word_1_422' title='bbox 2269 2688 2623 2750; x_wconf 75' lang='grc' dir='ltr'><strong>’Δπολυθείσης</strong></span> <span class='ocrx_word' id='word_1_423' title='bbox 2649 2686 2733 2743; x_wconf 75' lang='grc' dir='ltr'><strong>οῦν</strong></span> <span class='ocrx_word' id='word_1_424' title='bbox 2758 2700 2847 2750; x_wconf 79' lang='grc' dir='ltr'><strong>τῆς</strong></span> <span class='ocrx_word' id='word_1_425' title='bbox 2876 2688 3034 2763; x_wconf 82' lang='grc' dir='ltr'><strong>ἄρκου</strong></span> <span class='ocrx_word' id='word_1_426' title='bbox 3066 2693 3120 2744; x_wconf 82' lang='grc' dir='ltr'><strong>ἐκ</strong></span> <span class='ocrx_word' id='word_1_427' title='bbox 3164 2698 3253 2744; x_wconf 83' lang='grc' dir='ltr'><strong>τοῦ</strong></span> <span class='ocrx_word' id='word_1_428' title='bbox 3286 2692 3523 2763; x_wconf 82' lang='grc' dir='ltr'><strong>ζωγρίου.</strong></span> 
     </span>
    </p>
   </div>
   <div class='ocr_carea' id='block_1_60' title="bbox 1944 2777 3525 2854">
    <p class='ocr_par' dir='ltr' id='par_1_60' title="bbox 1944 2777 3525 2854">
     <span class='ocr_line' id='line_1_60' title="bbox 1944 2777 3525 2854; baseline 0.001 -21"><span class='ocrx_word' id='word_1_429' title='bbox 1944 2777 2238 2838; x_wconf 80' lang='grc' dir='ltr'><strong>σπουδαίως</strong></span> <span class='ocrx_word' id='word_1_430' title='bbox 2280 2784 2408 2849; x_wconf 87' lang='grc' dir='ltr'><strong>μετά</strong></span> <span class='ocrx_word' id='word_1_431' title='bbox 2452 2782 2693 2835; x_wconf 80' lang='grc' dir='ltr'><strong>πλείστου</strong></span> <span class='ocrx_word' id='word_1_432' title='bbox 2740 2784 2901 2850; x_wconf 88' lang='grc' dir='ltr'><strong>θυμοῦ</strong></span> <span class='ocrx_word' id='word_1_433' title='bbox 2947 2784 3076 2854; x_wconf 87' lang='grc' dir='ltr'><strong>πρὸς</strong></span> <span class='ocrx_word' id='word_1_434' title='bbox 3120 2783 3204 2836; x_wconf 87' lang='grc' dir='ltr'><strong>τὸν</strong></span> <span class='ocrx_word' id='word_1_435' title='bbox 3251 2784 3525 2837; x_wconf 74' lang='grc' dir='ltr'><strong>ἐπίσκοπον</strong></span> 
     </span>
    </p>
   </div>
   <div class='ocr_carea' id='block_1_61' title="bbox 1944 2868 3525 2945">
    <p class='ocr_par' dir='ltr' id='par_1_61' title="bbox 1944 2868 3525 2945">
     <span class='ocr_line' id='line_1_61' title="bbox 1944 2868 3525 2945; baseline 0.002 -22"><span class='ocrx_word' id='word_1_436' title='bbox 1944 2868 2181 2943; x_wconf 73' lang='grc' dir='ltr'><strong>ἔδραμεν.</strong></span> <span class='ocrx_word' id='word_1_437' title='bbox 2230 2868 2407 2941; x_wconf 65' lang='grc' dir='ltr'><strong>Λῖςννης</strong></span> <span class='ocrx_word' id='word_1_438' title='bbox 2455 2870 2637 2931; x_wconf 52' lang='grc' dir='ltr'><strong>δὲλτῆς</strong></span> <span class='ocrx_word' id='word_1_439' title='bbox 2690 2871 2818 2930; x_wconf 81' lang='grc' dir='ltr'><strong>ἰδίας</strong></span> <span class='ocrx_word' id='word_1_440' title='bbox 2862 2872 3131 2945; x_wconf 88' lang='grc' dir='ltr'><strong>θηριωδίας</strong></span> <span class='ocrx_word' id='word_1_441' title='bbox 3173 2873 3525 2932; x_wconf 84' lang='grc' dir='ltr'><strong>ἐπιλησθεῖσα.</strong></span> 
     </span>
    </p>
   </div>
   <div class='ocr_carea' id='block_1_62' title="bbox 1946 2959 3526 3034">
    <p class='ocr_par' dir='ltr' id='par_1_62' title="bbox 1946 2959 3526 3034">
     <span class='ocr_line' id='line_1_62' title="bbox 1946 2959 3526 3034; baseline 0.006 -25"><span class='ocrx_word' id='word_1_442' title='bbox 1946 2959 2155 3013; x_wconf 71' lang='grc' dir='ltr'><strong>κλίνασα</strong></span> <span class='ocrx_word' id='word_1_443' title='bbox 2180 2961 2264 3013; x_wconf 83' lang='grc' dir='ltr'><strong>τὸν</strong></span> <span class='ocrx_word' id='word_1_444' title='bbox 2303 2960 2583 3034; x_wconf 80' lang='grc' dir='ltr'><strong>τράχηλον,</strong></span> <span class='ocrx_word' id='word_1_445' title='bbox 2614 2969 2704 3019; x_wconf 71' lang='grc' dir='ltr'><strong>τὴν</strong></span> <span class='ocrx_word' id='word_1_446' title='bbox 2751 2960 2803 3015; x_wconf 83' lang='grc' dir='ltr'><em>δέ</em></span> <span class='ocrx_word' id='word_1_447' title='bbox 2843 2964 3051 3034; x_wconf 73' lang='grc' dir='ltr'><strong>κεφαλήν</strong></span> <span class='ocrx_word' id='word_1_448' title='bbox 3076 2965 3176 3017; x_wconf 70' lang='grc' dir='ltr'><strong>ὑπὸ</strong></span> <span class='ocrx_word' id='word_1_449' title='bbox 3209 2967 3329 3023; x_wconf 83' lang='grc' dir='ltr'><strong>τούς</strong></span> <span class='ocrx_word' id='word_1_450' title='bbox 3367 2962 3526 3023; x_wconf 78' lang='grc' dir='ltr'><strong>πόδας</strong></span> 
     </span>
    </p>
   </div>
   <div class='ocr_carea' id='block_1_63' title="bbox 1948 3053 3527 3126">
    <p class='ocr_par' dir='ltr' id='par_1_63' title="bbox 1948 3053 3527 3126">
     <span class='ocr_line' id='line_1_63' title="bbox 1948 3053 3527 3126; baseline 0.003 -20"><span class='ocrx_word' id='word_1_451' title='bbox 1948 3060 2038 3106; x_wconf 89' lang='grc' dir='ltr'><strong>τοῦ</strong></span> <span class='ocrx_word' id='word_1_452' title='bbox 2065 3054 2343 3107; x_wconf 75' lang='grc' dir='ltr'><strong>ἐπισκόπου</strong></span> <span class='ocrx_word' id='word_1_453' title='bbox 2376 3053 2401 3089; x_wconf 72' lang='grc'><strong>⁸³</strong></span> <span class='ocrx_word' id='word_1_454' title='bbox 2434 3056 2767 3118; x_wconf 76' lang='grc' dir='ltr'><strong>ἐπιλαϐοῦσα,</strong></span> <span class='ocrx_word' id='word_1_455' title='bbox 2802 3061 2932 3126; x_wconf 82' lang='grc' dir='ltr'><strong>μετὰ</strong></span> <span class='ocrx_word' id='word_1_456' title='bbox 2963 3060 3133 3116; x_wconf 80' lang='grc' dir='ltr'><strong>πάσης</strong></span> <span class='ocrx_word' id='word_1_457' title='bbox 3172 3059 3527 3117; x_wconf 77' lang='grc' dir='ltr'><strong>ταπεινότητος</strong></span> 
     </span>
    </p>
   </div>
   <div class='ocr_carea' id='block_1_64' title="bbox 268 3144 1842 3249">
    <p class='ocr_par' dir='ltr' id='par_1_64' title="bbox 268 3149 1837 3217">
     <span class='ocr_line' id='line_1_64' title="bbox 268 3149 1837 3217; baseline -0.001 -15"><span class='ocrx_word' id='word_1_458' title='bbox 268 3163 461 3217; x_wconf 75' lang='lat' dir='ltr'><strong>magno</strong></span> <span class='ocrx_word' id='word_1_459' title='bbox 489 3149 726 3201; x_wconf 89' lang='lat' dir='ltr'><strong>clamore</strong></span> <span class='ocrx_word' id='word_1_460' title='bbox 761 3164 943 3202; x_wconf 78' lang='lat' dir='ltr'><strong>\ersus</strong></span> <span class='ocrx_word' id='word_1_461' title='bbox 973 3162 1053 3203; x_wconf 91' lang='lat' dir='ltr'><strong>est</strong></span> <span class='ocrx_word' id='word_1_462' title='bbox 1095 3151 1147 3202; x_wconf 93' lang='lat' dir='ltr'><strong>in</strong></span> <span class='ocrx_word' id='word_1_463' title='bbox 1181 3150 1585 3204; x_wconf 83' lang='lat' dir='ltr'><strong>admirationem</strong></span> <span class='ocrx_word' id='word_1_464' title='bbox 1615 3166 1837 3204; x_wconf 77' lang='lat' dir='ltr'><strong>venera-</strong></span> 
     </span>
    </p>
   </div>
   <div class='ocr_carea' id='block_1_65' title="bbox 1950 3144 3527 3249">
    <p class='ocr_par' dir='ltr' id='par_1_65' title="bbox 1951 3144 3527 3249">
     <span class='ocr_line' id='line_1_65' title="bbox 1951 3144 3527 3221; baseline 0.004 -27"><span class='ocrx_word' id='word_1_465' title='bbox 1951 3144 2163 3202; x_wconf 86' lang='grc' dir='ltr'><strong>τούτους</strong></span> <span class='ocrx_word' id='word_1_466' title='bbox 2192 3144 2378 3212; x_wconf 85' lang='grc' dir='ltr'><strong>λείχειν</strong></span> <span class='ocrx_word' id='word_1_467' title='bbox 2416 3144 2619 3218; x_wconf 67' lang='grc' dir='ltr'><strong>ἤρξατο.</strong></span> <span class='ocrx_word' id='word_1_468' title='bbox 2645 3144 2799 3200; x_wconf 70' lang='grc' dir='ltr'><strong>Ὧιστε</strong></span> <span class='ocrx_word' id='word_1_469' title='bbox 2824 3154 3047 3221; x_wconf 82' lang='grc' dir='ltr'><strong>φανερῶς</strong></span> <span class='ocrx_word' id='word_1_470' title='bbox 3086 3152 3219 3200; x_wconf 80' lang='grc' dir='ltr'><strong>πᾶσι</strong></span> <span class='ocrx_word' id='word_1_471' title='bbox 3247 3146 3527 3217; x_wconf 77' lang='grc' dir='ltr'><strong>δειχθῆναι,</strong></span> 
     </span>
     <span class='ocr_line' id='line_1_66' title="bbox 1959 3233 3317 3249; baseline 0 0"><span class='ocrx_word' id='word_1_472' title='bbox 1959 3233 1977 3249; x_wconf 74' lang='grc' dir='ltr'><strong>ο</strong></span> <span class='ocrx_word' id='word_1_473' title='bbox 2085 3238 2094 3249; x_wconf 87' lang='grc'><strong>.</strong></span> <span class='ocrx_word' id='word_1_474' title='bbox 2186 3236 2196 3249; x_wconf 80' lang='lat'><strong>.</strong></span> <span class='ocrx_word' id='word_1_475' title='bbox 2323 3242 2343 3249; x_wconf 87' lang='lat'><strong>-</strong></span> <span class='ocrx_word' id='word_1_476' title='bbox 2381 3244 2404 3249; x_wconf 48' lang='grc' dir='ltr'><strong>Α</strong></span> <span class='ocrx_word' id='word_1_477' title='bbox 2478 3242 2499 3249; x_wconf 86' lang='grc'><strong>-</strong></span> <span class='ocrx_word' id='word_1_478' title='bbox 2541 3234 2565 3249; x_wconf 81' lang='grc'>.</span> <span class='ocrx_word' id='word_1_479' title='bbox 2599 3238 2621 3249; x_wconf 59' lang='grc' dir='ltr'><strong>λ</strong></span> <span class='ocrx_word' id='word_1_480' title='bbox 2828 3240 2837 3249; x_wconf 84' lang='grc'><strong>.</strong></span> <span class='ocrx_word' id='word_1_481' title='bbox 2903 3246 2921 3249; x_wconf 62' lang='grc'><strong>-</strong></span> <span class='ocrx_word' id='word_1_482' title='bbox 3058 3240 3070 3249; x_wconf 96' lang='grc'><strong>.</strong></span> <span class='ocrx_word' id='word_1_483' title='bbox 3134 3246 3153 3249; x_wconf 83' lang='grc'><strong>-</strong></span> <span class='ocrx_word' id='word_1_484' title='bbox 3210 3241 3227 3249; x_wconf 85' lang='grc'><strong>-</strong></span> <span class='ocrx_word' id='word_1_485' title='bbox 3309 3242 3317 3249; x_wconf 96' lang='grc'><strong>.</strong></span> 
     </span>
    </p>
   </div>
   <div class='ocr_carea' id='block_1_66' title="bbox 268 3237 1841 3308">
    <p class='ocr_par' dir='ltr' id='par_1_66' title="bbox 268 3237 1841 3308">
     <span class='ocr_line' id='line_1_67' title="bbox 268 3237 1841 3308; baseline 0.003 -17"><span class='ocrx_word' id='word_1_486' title='bbox 268 3239 449 3293; x_wconf 86' lang='lat' dir='ltr'><strong>tionis.</strong></span> <span class='ocrx_word' id='word_1_487' title='bbox 480 3238 633 3291; x_wconf 89' lang='lat' dir='ltr'><strong>Tunc</strong></span> <span class='ocrx_word' id='word_1_488' title='bbox 660 3238 725 3290; x_wconf 86' lang='lat' dir='ltr'><strong>ad</strong></span> <span class='ocrx_word' id='word_1_489' title='bbox 752 3237 868 3307; x_wconf 86' lang='lat' dir='ltr'><strong>ejus</strong></span> <span class='ocrx_word' id='word_1_490' title='bbox 899 3240 1250 3292; x_wconf 86' lang='lat' dir='ltr'><strong>reverentiam</strong></span> <span class='ocrx_word' id='word_1_491' title='bbox 1282 3241 1564 3292; x_wconf 82' lang='lat' dir='ltr'><strong>colendam</strong></span> <span class='ocrx_word' id='word_1_492' title='bbox 1597 3256 1686 3293; x_wconf 80' lang='lat' dir='ltr'><strong>rex</strong></span> <span class='ocrx_word' id='word_1_493' title='bbox 1730 3244 1841 3308; x_wconf 89' lang='lat' dir='ltr'><strong>ipse</strong></span> 
     </span>
    </p>
   </div>
   <div class='ocr_carea' id='block_1_67' title="bbox 270 3330 1845 3399">
    <p class='ocr_par' dir='ltr' id='par_1_67' title="bbox 270 3330 1845 3399">
     <span class='ocr_line' id='line_1_68' title="bbox 270 3330 1845 3399; baseline 0.003 -18"><span class='ocrx_word' id='word_1_494' title='bbox 270 3341 545 3398; x_wconf 86' lang='lat' dir='ltr'><strong>permotus</strong></span> <span class='ocrx_word' id='word_1_495' title='bbox 587 3340 707 3395; x_wconf 90' lang='lat' dir='ltr'><strong>est,</strong></span> <span class='ocrx_word' id='word_1_496' title='bbox 773 3330 967 3398; x_wconf 88' lang='lat' dir='ltr'><strong>quippe</strong></span> <span class='ocrx_word' id='word_1_497' title='bbox 1034 3345 1151 3392; x_wconf 88' lang='lat' dir='ltr'><strong>cum</strong></span> <span class='ocrx_word' id='word_1_498' title='bbox 1213 3345 1317 3399; x_wconf 88' lang='lat' dir='ltr'><strong>quo</strong></span> <span class='ocrx_word' id='word_1_499' title='bbox 1365 3346 1598 3398; x_wconf 89' lang='lat' dir='ltr'><strong>superno</strong></span> <span class='ocrx_word' id='word_1_500' title='bbox 1644 3332 1845 3398; x_wconf 90' lang='lat' dir='ltr'><strong>judicio</strong></span> 
     </span>
    </p>
   </div>
   <div class='ocr_carea' id='block_1_68' title="bbox 270 3420 1843 3489">
    <p class='ocr_par' dir='ltr' id='par_1_68' title="bbox 270 3420 1843 3489">
     <span class='ocr_line' id='line_1_69' title="bbox 270 3420 1843 3489; baseline 0.002 -16"><span class='ocrx_word' id='word_1_501' title='bbox 270 3431 449 3475; x_wconf 79' lang='lat' dir='ltr'><strong>actum</strong></span> <span class='ocrx_word' id='word_1_502' title='bbox 480 3430 630 3485; x_wconf 86' lang='lat' dir='ltr'><strong>erat,</strong></span> <span class='ocrx_word' id='word_1_503' title='bbox 661 3431 717 3473; x_wconf 92' lang='lat' dir='ltr'><strong>ut</strong></span> <span class='ocrx_word' id='word_1_504' title='bbox 743 3420 831 3489; x_wconf 88' lang='lat' dir='ltr'><strong>qui</strong></span> <span class='ocrx_word' id='word_1_505' title='bbox 861 3420 1026 3475; x_wconf 86' lang='lat' dir='ltr'><strong>Deum</strong></span> <span class='ocrx_word' id='word_1_506' title='bbox 1055 3424 1203 3489; x_wconf 85' lang='lat' dir='ltr'><strong>sequi</strong></span> <span class='ocrx_word' id='word_1_507' title='bbox 1237 3421 1380 3489; x_wconf 90' lang='lat' dir='ltr'><strong>prius</strong></span> <span class='ocrx_word' id='word_1_508' title='bbox 1406 3423 1456 3474; x_wconf 90' lang='lat' dir='ltr'><strong>in</strong></span> <span class='ocrx_word' id='word_1_509' title='bbox 1487 3422 1843 3476; x_wconf 88' lang='lat' dir='ltr'><strong>custodienda</strong></span> 
     </span>
    </p>
   </div>
   <div class='ocr_carea' id='block_1_69' title="bbox 272 3510 1841 3579">
    <p class='ocr_par' dir='ltr' id='par_1_69' title="bbox 272 3510 1841 3579">
     <span class='ocr_line' id='line_1_70' title="bbox 272 3510 1841 3579; baseline 0.001 -14"><span class='ocrx_word' id='word_1_510' title='bbox 272 3514 373 3565; x_wconf 79' lang='lat' dir='ltr'><strong>vita</strong></span> <span class='ocrx_word' id='word_1_511' title='bbox 393 3513 631 3579; x_wconf 80' lang='lat' dir='ltr'><strong>episcopi</strong></span> <span class='ocrx_word' id='word_1_512' title='bbox 649 3510 838 3574; x_wconf 89' lang='lat' dir='ltr'><strong>noluit,</strong></span> <span class='ocrx_word' id='word_1_513' title='bbox 857 3513 1041 3565; x_wconf 87' lang='lat' dir='ltr'><strong>saltem</strong></span> <span class='ocrx_word' id='word_1_514' title='bbox 1057 3513 1120 3563; x_wconf 89' lang='lat' dir='ltr'><strong>ad</strong></span> <span class='ocrx_word' id='word_1_515' title='bbox 1139 3514 1597 3566; x_wconf 83' lang='lat' dir='ltr'><strong>mansuetudinem</strong></span> <span class='ocrx_word' id='word_1_516' title='bbox 1619 3512 1841 3567; x_wconf 81' lang='lat' dir='ltr'><strong>bestiam</strong></span> 
     </span>
    </p>
   </div>
   <div class='ocr_carea' id='block_1_70' title="bbox 273 3602 1847 3671">
    <p class='ocr_par' dir='ltr' id='par_1_70' title="bbox 273 3602 1847 3671">
     <span class='ocr_line' id='line_1_71' title="bbox 273 3602 1847 3671; baseline 0.002 -14"><span class='ocrx_word' id='word_1_517' title='bbox 273 3614 605 3671; x_wconf 80' lang='lat' dir='ltr'><strong>sequeretur.</strong></span> <span class='ocrx_word' id='word_1_518' title='bbox 650 3602 745 3656; x_wconf 88' lang='lat' dir='ltr'><strong>Cui</strong></span> <span class='ocrx_word' id='word_1_519' title='bbox 778 3605 850 3657; x_wconf 90' lang='lat' dir='ltr'><strong>rei</strong></span> <span class='ocrx_word' id='word_1_520' title='bbox 896 3604 948 3655; x_wconf 85' lang='lat' dir='ltr'><strong>lii</strong></span> <span class='ocrx_word' id='word_1_521' title='bbox 993 3603 1080 3671; x_wconf 90' lang='lat' dir='ltr'><strong>qui</strong></span> <span class='ocrx_word' id='word_1_522' title='bbox 1115 3614 1237 3657; x_wconf 91' lang='lat' dir='ltr'><strong>tunc</strong></span> <span class='ocrx_word' id='word_1_523' title='bbox 1285 3615 1575 3671; x_wconf 68' lang='lat' dir='ltr'><strong>praesentes</strong></span> <span class='ocrx_word' id='word_1_524' title='bbox 1634 3606 1847 3660; x_wconf 79' lang='lat' dir='ltr'><strong>fuerunt</strong></span> 
     </span>
    </p>
   </div>
   <div class='ocr_carea' id='block_1_71' title="bbox 274 3695 1845 3763">
    <p class='ocr_par' dir='ltr' id='par_1_71' title="bbox 274 3695 1845 3763">
     <span class='ocr_line' id='line_1_72' title="bbox 274 3695 1845 3763; baseline 0.004 -16"><span class='ocrx_word' id='word_1_525' title='bbox 274 3695 448 3750; x_wconf 84' lang='lat' dir='ltr'><strong>adhuc</strong></span> <span class='ocrx_word' id='word_1_526' title='bbox 496 3695 735 3749; x_wconf 86' lang='lat' dir='ltr'><strong>nonnulli</strong></span> <span class='ocrx_word' id='word_1_527' title='bbox 786 3708 1103 3762; x_wconf 85' lang='lat' dir='ltr'><strong>supersunt,</strong></span> <span class='ocrx_word' id='word_1_528' title='bbox 1155 3711 1377 3763; x_wconf 85' lang='lat' dir='ltr'><strong>eamque</strong></span> <span class='ocrx_word' id='word_1_529' title='bbox 1404 3713 1524 3750; x_wconf 89' lang='lat' dir='ltr'><strong>cum</strong></span> <span class='ocrx_word' id='word_1_530' title='bbox 1564 3698 1707 3752; x_wconf 91' lang='lat' dir='ltr'><strong>omni</strong></span> <span class='ocrx_word' id='word_1_531' title='bbox 1739 3700 1845 3753; x_wconf 90' lang='lat' dir='ltr'><strong>illic</strong></span> 
     </span>
    </p>
   </div>
   <div class='ocr_carea' id='block_1_72' title="bbox 278 3783 1846 3853">
    <p class='ocr_par' dir='ltr' id='par_1_72' title="bbox 278 3783 1846 3853">
     <span class='ocr_line' id='line_1_73' title="bbox 278 3783 1846 3853; baseline 0.003 -17"><span class='ocrx_word' id='word_1_532' title='bbox 278 3784 467 3852; x_wconf 89' lang='lat' dir='ltr'><strong>populo</strong></span> <span class='ocrx_word' id='word_1_533' title='bbox 496 3799 554 3838; x_wconf 90' lang='lat' dir='ltr'><strong>se</strong></span> <span class='ocrx_word' id='word_1_534' title='bbox 588 3783 782 3838; x_wconf 80' lang='lat' dir='ltr'><strong>vidisse</strong></span> <span class='ocrx_word' id='word_1_535' title='bbox 813 3794 1094 3838; x_wconf 81' lang='lat' dir='ltr'><strong>testantur.</strong></span> <span class='ocrx_word' id='word_1_536' title='bbox 1126 3785 1202 3838; x_wconf 90' lang='lat' dir='ltr'><strong>De</strong></span> <span class='ocrx_word' id='word_1_537' title='bbox 1231 3802 1333 3853; x_wconf 88' lang='lat' dir='ltr'><strong>quo</strong></span> <span class='ocrx_word' id='word_1_538' title='bbox 1360 3787 1518 3840; x_wconf 89' lang='lat' dir='ltr'><strong>etiam</strong></span> <span class='ocrx_word' id='word_1_539' title='bbox 1551 3792 1663 3840; x_wconf 89' lang='lat' dir='ltr'><strong>viro</strong></span> <span class='ocrx_word' id='word_1_540' title='bbox 1701 3788 1846 3841; x_wconf 83' lang='lat' dir='ltr'><strong>aliud</strong></span> 
     </span>
    </p>
   </div>
   <div class='ocr_carea' id='block_1_73' title="bbox 278 3876 1847 3946">
    <p class='ocr_par' dir='ltr' id='par_1_73' title="bbox 278 3876 1847 3946">
     <span class='ocr_line' id='line_1_74' title="bbox 278 3876 1847 3946; baseline 0.004 -20"><span class='ocrx_word' id='word_1_541' title='bbox 278 3890 483 3943; x_wconf 89' lang='lat' dir='ltr'><strong>quoque</strong></span> <span class='ocrx_word' id='word_1_542' title='bbox 514 3877 828 3928; x_wconf 86' lang='lat' dir='ltr'><strong>miraculum</strong></span> <span class='ocrx_word' id='word_1_543' title='bbox 858 3876 1114 3929; x_wconf 79' lang='lat' dir='ltr'><strong>Venantio</strong></span> <span class='ocrx_word' id='word_1_544' title='bbox 1146 3876 1377 3931; x_wconf 86' lang='lat' dir='ltr'><strong>Lunensi</strong></span> <span class='ocrx_word' id='word_1_545' title='bbox 1426 3879 1678 3946; x_wconf 87' lang='lat' dir='ltr'><strong>episcopo</strong></span> <span class='ocrx_word' id='word_1_546' title='bbox 1723 3896 1847 3933; x_wconf 85' lang='lat' dir='ltr'><strong>nar-</strong></span> 
     </span>
    </p>
   </div>
   <div class='ocr_carea' id='block_1_74' title="bbox 279 3966 1845 4036">
    <p class='ocr_par' dir='ltr' id='par_1_74' title="bbox 279 3966 1845 4036">
     <span class='ocr_line' id='line_1_75' title="bbox 279 3966 1845 4036; baseline 0.004 -19"><span class='ocrx_word' id='word_1_547' title='bbox 279 3974 428 4018; x_wconf 85' lang='lat' dir='ltr'><strong>rante</strong></span> <span class='ocrx_word' id='word_1_548' title='bbox 454 3966 699 4034; x_wconf 79' lang='lat' dir='ltr'><strong>cognovi.</strong></span> <span class='ocrx_word' id='word_1_549' title='bbox 731 3966 786 4019; x_wconf 90' lang='lat' dir='ltr'><strong>In</strong></span> <span class='ocrx_word' id='word_1_550' title='bbox 816 3981 879 4019; x_wconf 90' lang='lat' dir='ltr'><strong>ea</strong></span> <span class='ocrx_word' id='word_1_551' title='bbox 926 3982 1152 4035; x_wconf 88' lang='lat' dir='ltr'><strong>namque</strong></span> <span class='ocrx_word' id='word_1_552' title='bbox 1182 3967 1461 4036; x_wconf 90' lang='lat' dir='ltr'><strong>Populonii</strong></span> <span class='ocrx_word' id='word_1_553' title='bbox 1503 3971 1728 4024; x_wconf 85' lang='lat' dir='ltr'><strong>ecclesia</strong></span> <span class='ocrx_word' id='word_1_554' title='bbox 1758 3973 1845 4024; x_wconf 90' lang='lat' dir='ltr'><strong>cui</strong></span> 
     </span>
    </p>
   </div>
   <div class='ocr_carea' id='block_1_75' title="bbox 282 4060 1849 4134">
    <p class='ocr_par' dir='ltr' id='par_1_75' title="bbox 282 4060 1849 4134">
     <span class='ocr_line' id='line_1_76' title="bbox 282 4060 1849 4134; baseline 0.003 -23"><span class='ocrx_word' id='word_1_555' title='bbox 282 4068 504 4124; x_wconf 69' lang='lat' dir='ltr'><strong>prmerat</strong></span> <span class='ocrx_word' id='word_1_556' title='bbox 526 4060 826 4127; x_wconf 81' lang='lat' dir='ltr'><strong>sepulcrum</strong></span> <span class='ocrx_word' id='word_1_557' title='bbox 856 4060 955 4113; x_wconf 87' lang='lat' dir='ltr'><strong>sibi</strong></span> <span class='ocrx_word' id='word_1_558' title='bbox 987 4064 1328 4127; x_wconf 79' lang='lat' dir='ltr'><strong>praeparavit.</strong></span> <span class='ocrx_word' id='word_1_559' title='bbox 1358 4062 1461 4115; x_wconf 91' lang='lat' dir='ltr'><strong>Sed</strong></span> <span class='ocrx_word' id='word_1_560' title='bbox 1493 4078 1612 4115; x_wconf 92' lang='lat' dir='ltr'><strong>cum</strong></span> <span class='ocrx_word' id='word_1_561' title='bbox 1643 4063 1849 4134; x_wconf 80' lang='lat' dir='ltr'><strong>Lango-</strong></span> 
     </span>
    </p>
   </div>
   <div class='ocr_carea' id='block_1_76' title="bbox 282 4147 1845 4220">
    <p class='ocr_par' dir='ltr' id='par_1_76' title="bbox 282 4147 1845 4220">
     <span class='ocr_line' id='line_1_77' title="bbox 282 4147 1845 4220; baseline 0.006 -21"><span class='ocrx_word' id='word_1_562' title='bbox 282 4147 564 4201; x_wconf 83' lang='lat' dir='ltr'><strong>bardorum</strong></span> <span class='ocrx_word' id='word_1_563' title='bbox 596 4165 728 4216; x_wconf 79' lang='lat' dir='ltr'><strong>gens</strong></span> <span class='ocrx_word' id='word_1_564' title='bbox 759 4151 811 4202; x_wconf 89' lang='lat' dir='ltr'><strong>in</strong></span> <span class='ocrx_word' id='word_1_565' title='bbox 842 4150 1048 4203; x_wconf 83' lang='lat' dir='ltr'><strong>italiam</strong></span> <span class='ocrx_word' id='word_1_566' title='bbox 1081 4151 1303 4205; x_wconf 89' lang='lat' dir='ltr'><strong>veniens</strong></span> <span class='ocrx_word' id='word_1_567' title='bbox 1330 4164 1519 4206; x_wconf 87' lang='lat' dir='ltr'><strong>cuncta</strong></span> <span class='ocrx_word' id='word_1_568' title='bbox 1550 4164 1845 4220; x_wconf 87' lang='lat' dir='ltr'><strong>vastasset,</strong></span> 
     </span>
    </p>
   </div>
   <div class='ocr_carea' id='block_1_77' title="bbox 290 4246 1850 4319">
    <p class='ocr_par' dir='ltr' id='par_1_77' title="bbox 290 4246 1850 4319">
     <span class='ocr_line' id='line_1_78' title="bbox 290 4246 1850 4319; baseline 0.005 -21"><span class='ocrx_word' id='word_1_569' title='bbox 290 4246 314 4283; x_wconf 67' lang='grc' dir='ltr'>δ</span> <span class='ocrx_word' id='word_1_570' title='bbox 341 4246 407 4299; x_wconf 83' lang='lat' dir='ltr'><strong>ad</strong></span> <span class='ocrx_word' id='word_1_571' title='bbox 437 4247 601 4300; x_wconf 88' lang='lat' dir='ltr'><strong>Ilvam</strong></span> <span class='ocrx_word' id='word_1_572' title='bbox 634 4249 858 4302; x_wconf 89' lang='lat' dir='ltr'><strong>insulam</strong></span> <span class='ocrx_word' id='word_1_573' title='bbox 911 4255 1154 4304; x_wconf 87' lang='lat' dir='ltr'><strong>recessit.</strong></span> <span class='ocrx_word' id='word_1_574' title='bbox 1188 4251 1287 4316; x_wconf 87' lang='lat' dir='ltr'><strong>Qui</strong></span> <span class='ocrx_word' id='word_1_575' title='bbox 1332 4252 1608 4319; x_wconf 82' lang='lat' dir='ltr'><strong>ingruente</strong></span> <span class='ocrx_word' id='word_1_576' title='bbox 1636 4254 1850 4319; x_wconf 74' lang='lat' dir='ltr'><strong>aegritu-</strong></span> 
     </span>
    </p>
   </div>
   <div class='ocr_carea' id='block_1_78' title="bbox 286 4338 1844 4409">
    <p class='ocr_par' dir='ltr' id='par_1_78' title="bbox 286 4338 1844 4409">
     <span class='ocr_line' id='line_1_79' title="bbox 286 4338 1844 4409; baseline 0.004 -18"><span class='ocrx_word' id='word_1_577' title='bbox 286 4338 406 4393; x_wconf 85' lang='lat' dir='ltr'><strong>dine</strong></span> <span class='ocrx_word' id='word_1_578' title='bbox 428 4339 495 4392; x_wconf 88' lang='lat' dir='ltr'><strong>ad</strong></span> <span class='ocrx_word' id='word_1_579' title='bbox 528 4350 753 4395; x_wconf 88' lang='lat' dir='ltr'><strong>mortem</strong></span> <span class='ocrx_word' id='word_1_580' title='bbox 783 4342 1002 4395; x_wconf 89' lang='lat' dir='ltr'><strong>veniens</strong></span> <span class='ocrx_word' id='word_1_581' title='bbox 1021 4384 1035 4406; x_wconf 90' lang='lat'><strong>,</strong></span> <span class='ocrx_word' id='word_1_582' title='bbox 1067 4343 1283 4396; x_wconf 88' lang='lat' dir='ltr'><strong>clericis</strong></span> <span class='ocrx_word' id='word_1_583' title='bbox 1312 4344 1422 4395; x_wconf 90' lang='lat' dir='ltr'><strong>suis</strong></span> <span class='ocrx_word' id='word_1_584' title='bbox 1452 4344 1659 4409; x_wconf 85' lang='lat' dir='ltr'><strong>sibique</strong></span> <span class='ocrx_word' id='word_1_585' title='bbox 1685 4347 1844 4397; x_wconf 91' lang='lat' dir='ltr'><strong>obse-</strong></span> 
     </span>
    </p>
   </div>
   <div class='ocr_carea' id='block_1_79' title="bbox 288 4432 1853 4504">
    <p class='ocr_par' dir='ltr' id='par_1_79' title="bbox 288 4432 1853 4504">
     <span class='ocr_line' id='line_1_80' title="bbox 288 4432 1853 4504; baseline 0.004 -21"><span class='ocrx_word' id='word_1_586' title='bbox 288 4432 567 4499; x_wconf 86' lang='lat' dir='ltr'><strong>quentibus</strong></span> <span class='ocrx_word' id='word_1_587' title='bbox 596 4434 874 4501; x_wconf 69' lang='lat' dir='ltr'><strong>pmcepit,</strong></span> <span class='ocrx_word' id='word_1_588' title='bbox 908 4433 1091 4488; x_wconf 85' lang='lat' dir='ltr'><strong>dicens</strong></span> <span class='ocrx_word' id='word_1_589' title='bbox 1123 4451 1137 4487; x_wconf 77' lang='grc' dir='ltr'><strong>ε</strong></span> <span class='ocrx_word' id='word_1_590' title='bbox 1169 4434 1225 4488; x_wconf 93' lang='lat' dir='ltr'><strong>In</strong></span> <span class='ocrx_word' id='word_1_591' title='bbox 1268 4436 1518 4503; x_wconf 88' lang='lat' dir='ltr'><strong>sepulcro</strong></span> <span class='ocrx_word' id='word_1_592' title='bbox 1563 4452 1681 4490; x_wconf 89' lang='lat' dir='ltr'><strong>meo</strong></span> <span class='ocrx_word' id='word_1_593' title='bbox 1711 4438 1853 4504; x_wconf 89' lang='lat' dir='ltr'><strong>quod</strong></span> 
     </span>
    </p>
   </div>
   <div class='ocr_carea' id='block_1_80' title="bbox 1950 3233 3528 3311">
    <p class='ocr_par' dir='ltr' id='par_1_80' title="bbox 1950 3233 3528 3311">
     <span class='ocr_line' id='line_1_81' title="bbox 1950 3233 3528 3311; baseline 0.002 -24"><span class='ocrx_word' id='word_1_594' title='bbox 1950 3233 2029 3287; x_wconf 79' lang='grc' dir='ltr'><strong>ὅτι</strong></span> <span class='ocrx_word' id='word_1_595' title='bbox 2052 3238 2120 3292; x_wconf 86' lang='grc' dir='ltr'><strong>εἰς</strong></span> <span class='ocrx_word' id='word_1_596' title='bbox 2147 3236 2231 3287; x_wconf 90' lang='grc' dir='ltr'><strong>τὸν</strong></span> <span class='ocrx_word' id='word_1_597' title='bbox 2257 3242 2347 3288; x_wconf 89' lang='grc' dir='ltr'><strong>τοῦ</strong></span> <span class='ocrx_word' id='word_1_598' title='bbox 2374 3242 2503 3288; x_wconf 85' lang='grc' dir='ltr'><strong>Θεοῦ</strong></span> <span class='ocrx_word' id='word_1_599' title='bbox 2534 3234 2793 3310; x_wconf 79' lang='grc' dir='ltr'><strong>ἄνθρωπον</strong></span> <span class='ocrx_word' id='word_1_600' title='bbox 2819 3240 2998 3290; x_wconf 81' lang='grc' dir='ltr'><strong>ἐκεῖνον</strong></span> <span class='ocrx_word' id='word_1_601' title='bbox 3018 3240 3187 3293; x_wconf 79' lang='grc' dir='ltr'><strong>αἰτῶν</strong></span> <span class='ocrx_word' id='word_1_602' title='bbox 3206 3241 3387 3309; x_wconf 85' lang='grc' dir='ltr'><strong>θηρίων</strong></span> <span class='ocrx_word' id='word_1_603' title='bbox 3408 3260 3528 3311; x_wconf 74' lang='grc' dir='ltr'><strong>καρο</strong></span> 
     </span>
    </p>
   </div>
   <div class='ocr_carea' id='block_1_81' title="bbox 1945 3322 3529 3397">
    <p class='ocr_par' dir='ltr' id='par_1_81' title="bbox 1945 3322 3529 3397">
     <span class='ocr_line' id='line_1_82' title="bbox 1945 3322 3529 3397; baseline 0.001 -21"><span class='ocrx_word' id='word_1_604' title='bbox 1945 3322 2047 3376; x_wconf 80' lang='grc' dir='ltr'><strong>δίαι</strong></span> <span class='ocrx_word' id='word_1_605' title='bbox 2094 3326 2165 3381; x_wconf 69' lang='grc' dir='ltr'><strong>εἰς·</strong></span> <span class='ocrx_word' id='word_1_606' title='bbox 2204 3327 2296 3381; x_wconf 82' lang='grc' dir='ltr'><strong>τὰς</strong></span> <span class='ocrx_word' id='word_1_607' title='bbox 2343 3332 2441 3378; x_wconf 84' lang='grc' dir='ltr'><strong>τῶν</strong></span> <span class='ocrx_word' id='word_1_608' title='bbox 2487 3326 2757 3397; x_wconf 81' lang='grc' dir='ltr'><strong>ἀνθρώπων</strong></span> <span class='ocrx_word' id='word_1_609' title='bbox 2791 3328 3203 3396; x_wconf 67' lang='grc' dir='ltr'><strong>μετεϐλήθησαν,</strong></span> <span class='ocrx_word' id='word_1_610' title='bbox 3254 3329 3307 3380; x_wconf 79' lang='grc' dir='ltr'><strong>αἱ</strong></span> <span class='ocrx_word' id='word_1_611' title='bbox 3339 3326 3397 3380; x_wconf 80' lang='grc' dir='ltr'><strong>δὲ</strong></span> <span class='ocrx_word' id='word_1_612' title='bbox 3426 3335 3529 3382; x_wconf 82' lang='grc' dir='ltr'><strong>τῶν</strong></span> 
     </span>
    </p>
   </div>
   <div class='ocr_carea' id='block_1_82' title="bbox 1947 3414 3530 3490">
    <p class='ocr_par' dir='ltr' id='par_1_82' title="bbox 1947 3414 3530 3490">
     <span class='ocr_line' id='line_1_83' title="bbox 1947 3414 3530 3490; baseline 0.003 -22"><span class='ocrx_word' id='word_1_613' title='bbox 1947 3417 2214 3490; x_wconf 78' lang='grc' dir='ltr'><strong>ἀνθρώπων</strong></span> <span class='ocrx_word' id='word_1_614' title='bbox 2259 3414 2432 3484; x_wconf 82' lang='grc' dir='ltr'><strong>ὅμοιαι</strong></span> <span class='ocrx_word' id='word_1_615' title='bbox 2477 3417 2656 3487; x_wconf 87' lang='grc' dir='ltr'><strong>θηρίων</strong></span> <span class='ocrx_word' id='word_1_616' title='bbox 2693 3419 2935 3489; x_wconf 76' lang='grc' dir='ltr'><strong>ἐγένοντο.</strong></span> <span class='ocrx_word' id='word_1_617' title='bbox 2965 3419 3085 3473; x_wconf 86' lang='grc' dir='ltr'><strong>Τότε</strong></span> <span class='ocrx_word' id='word_1_618' title='bbox 3117 3418 3253 3478; x_wconf 81' lang='grc' dir='ltr'><strong>ἅπας</strong></span> <span class='ocrx_word' id='word_1_619' title='bbox 3280 3418 3304 3472; x_wconf 84' lang='grc' dir='ltr'>ὁ</span> <span class='ocrx_word' id='word_1_620' title='bbox 3335 3420 3475 3485; x_wconf 84' lang='grc' dir='ltr'><strong>λαὸς,</strong></span> <span class='ocrx_word' id='word_1_621' title='bbox 3504 3419 3530 3472; x_wconf 81' lang='grc' dir='ltr'><strong><em>ὁ</em></strong></span> 
     </span>
    </p>
   </div>
   <div class='ocr_carea' id='block_1_83' title="bbox 1947 3504 3528 3583">
    <p class='ocr_par' dir='ltr' id='par_1_83' title="bbox 1947 3504 3528 3583">
     <span class='ocr_line' id='line_1_84' title="bbox 1947 3504 3528 3583; baseline 0.004 -28"><span class='ocrx_word' id='word_1_622' title='bbox 1947 3504 2188 3556; x_wconf 79' lang='grc' dir='ltr'><strong>συνελθὼν</strong></span> <span class='ocrx_word' id='word_1_623' title='bbox 2234 3505 2317 3557; x_wconf 85' lang='grc' dir='ltr'><strong>τὸν</strong></span> <span class='ocrx_word' id='word_1_624' title='bbox 2356 3506 2561 3558; x_wconf 82' lang='grc' dir='ltr'><strong>θάνατον</strong></span> <span class='ocrx_word' id='word_1_625' title='bbox 2612 3508 2765 3559; x_wconf 83' lang='grc' dir='ltr'><strong>αὐτοῦ</strong></span> <span class='ocrx_word' id='word_1_626' title='bbox 2805 3510 3119 3571; x_wconf 80' lang='grc' dir='ltr'><strong>θεάσασθαι,</strong></span> <span class='ocrx_word' id='word_1_627' title='bbox 3150 3514 3363 3582; x_wconf 76' lang='grc' dir='ltr'><strong>μεγίστη</strong></span> <span class='ocrx_word' id='word_1_628' title='bbox 3396 3518 3528 3583; x_wconf 74' lang='grc' dir='ltr'><strong>φωνῇ</strong></span> 
     </span>
    </p>
   </div>
   <div class='ocr_carea' id='block_1_84' title="bbox 1945 3595 3529 3669">
    <p class='ocr_par' dir='ltr' id='par_1_84' title="bbox 1945 3595 3529 3669">
     <span class='ocr_line' id='line_1_85' title="bbox 1945 3595 3529 3669; baseline 0.004 -23"><span class='ocrx_word' id='word_1_629' title='bbox 1945 3595 2157 3667; x_wconf 70' lang='grc' dir='ltr'><strong>ἤρξαντο</strong></span> <span class='ocrx_word' id='word_1_630' title='bbox 2187 3601 2274 3652; x_wconf 76' lang='grc' dir='ltr'><strong>τήν</strong></span> <span class='ocrx_word' id='word_1_631' title='bbox 2302 3596 2559 3651; x_wconf 77' lang='grc' dir='ltr'><strong>εὐλάϐειαν</strong></span> <span class='ocrx_word' id='word_1_632' title='bbox 2603 3598 2752 3650; x_wconf 80' lang='grc' dir='ltr'><strong>αὐτοῦ</strong></span> <span class='ocrx_word' id='word_1_633' title='bbox 2780 3601 3069 3667; x_wconf 80' lang='grc' dir='ltr'><strong>θαυμάζειν.</strong></span> <span class='ocrx_word' id='word_1_634' title='bbox 3113 3604 3319 3669; x_wconf 80' lang='grc' dir='ltr'><strong>Ὁμοίως</strong></span> <span class='ocrx_word' id='word_1_635' title='bbox 3350 3600 3402 3653; x_wconf 82' lang='grc' dir='ltr'><strong>δέ</strong></span> <span class='ocrx_word' id='word_1_636' title='bbox 3446 3605 3529 3654; x_wconf 83' lang='grc' dir='ltr'><strong>καὶ</strong></span> 
     </span>
    </p>
   </div>
   <div class='ocr_carea' id='block_1_85' title="bbox 1949 3686 3529 3763">
    <p class='ocr_par' dir='ltr' id='par_1_85' title="bbox 1949 3686 3529 3763">
     <span class='ocr_line' id='line_1_86' title="bbox 1949 3686 3529 3763; baseline 0.006 -25"><span class='ocrx_word' id='word_1_637' title='bbox 1949 3686 2097 3745; x_wconf 71' lang='grc' dir='ltr'><strong>αὐτὸς</strong></span> <span class='ocrx_word' id='word_1_638' title='bbox 2137 3686 2281 3757; x_wconf 65' lang='grc' dir='ltr'><strong>όρηξ</strong></span> <span class='ocrx_word' id='word_1_639' title='bbox 2328 3693 2416 3745; x_wconf 75' lang='grc' dir='ltr'><strong>την</strong></span> <span class='ocrx_word' id='word_1_640' title='bbox 2463 3686 2643 3741; x_wconf 77' lang='grc' dir='ltr'><strong>ἄνωθεν</strong></span> <span class='ocrx_word' id='word_1_641' title='bbox 2691 3693 2949 3760; x_wconf 76' lang='grc' dir='ltr'><strong>γενομένην</strong></span> <span class='ocrx_word' id='word_1_642' title='bbox 2989 3696 3154 3763; x_wconf 83' lang='grc' dir='ltr'><strong>κρίσιν</strong></span> <span class='ocrx_word' id='word_1_643' title='bbox 3198 3694 3529 3759; x_wconf 82' lang='grc' dir='ltr'><strong>θεασάμενος,</strong></span> 
     </span>
    </p>
   </div>
   <div class='ocr_carea' id='block_1_86' title="bbox 1949 3780 3532 3859">
    <p class='ocr_par' dir='ltr' id='par_1_86' title="bbox 1949 3780 3532 3859">
     <span class='ocr_line' id='line_1_87' title="bbox 1949 3780 3532 3859; baseline 0.004 -29"><span class='ocrx_word' id='word_1_644' title='bbox 1949 3780 2176 3850; x_wconf 68' lang='grc' dir='ltr'><strong>μεγάλως</strong></span> <span class='ocrx_word' id='word_1_645' title='bbox 2200 3782 2345 3833; x_wconf 81' lang='grc' dir='ltr'><strong>αὐτὸν</strong></span> <span class='ocrx_word' id='word_1_646' title='bbox 2377 3782 2618 3834; x_wconf 77' lang='grc' dir='ltr'><strong>σέϐεσθαι</strong></span> <span class='ocrx_word' id='word_1_647' title='bbox 2640 3781 2849 3855; x_wconf 70' lang='grc' dir='ltr'><strong>ἤρξατο.</strong></span> <span class='ocrx_word' id='word_1_648' title='bbox 2886 3787 2968 3835; x_wconf 68' lang='grc' dir='ltr'><strong>Καὶ</strong></span> <span class='ocrx_word' id='word_1_649' title='bbox 2993 3784 3017 3836; x_wconf 87' lang='grc' dir='ltr'><strong>ό</strong></span> <span class='ocrx_word' id='word_1_650' title='bbox 3048 3792 3119 3851; x_wconf 79' lang='grc' dir='ltr'><strong>τῷ</strong></span> <span class='ocrx_word' id='word_1_651' title='bbox 3147 3793 3255 3855; x_wconf 81' lang='grc' dir='ltr'><strong>Θεῷ</strong></span> <span class='ocrx_word' id='word_1_652' title='bbox 3283 3786 3532 3859; x_wconf 80' lang='grc' dir='ltr'><strong>πρότερον</strong></span> 
     </span>
    </p>
   </div>
   <div class='ocr_carea' id='block_1_87' title="bbox 1951 3864 3532 3946">
    <p class='ocr_par' dir='ltr' id='par_1_87' title="bbox 1951 3864 3532 3946">
     <span class='ocr_line' id='line_1_88' title="bbox 1951 3864 3532 3946; baseline 0.003 -22"><span class='ocrx_word' id='word_1_653' title='bbox 1951 3872 2283 3928; x_wconf 77' lang='grc' dir='ltr'><strong>ἀκολουθῆσαι</strong></span> <span class='ocrx_word' id='word_1_654' title='bbox 2313 3877 2381 3941; x_wconf 76' lang='grc' dir='ltr'><strong>μή</strong></span> <span class='ocrx_word' id='word_1_655' title='bbox 2408 3864 2621 3933; x_wconf 81' lang='grc' dir='ltr'><strong>θελήσας</strong></span> <span class='ocrx_word' id='word_1_656' title='bbox 2639 3913 2653 3936; x_wconf 92' lang='grc'><strong>,</strong></span> <span class='ocrx_word' id='word_1_657' title='bbox 2680 3876 2808 3946; x_wconf 79' lang='grc' dir='ltr'><strong>πρὸς</strong></span> <span class='ocrx_word' id='word_1_658' title='bbox 2839 3876 2893 3928; x_wconf 83' lang='grc' dir='ltr'><strong>τό</strong></span> <span class='ocrx_word' id='word_1_659' title='bbox 2921 3882 3009 3932; x_wconf 73' lang='grc' dir='ltr'><strong>την</strong></span> <span class='ocrx_word' id='word_1_660' title='bbox 3033 3880 3164 3937; x_wconf 74' lang='grc' dir='ltr'><strong>ζωήν</strong></span> <span class='ocrx_word' id='word_1_661' title='bbox 3200 3882 3293 3929; x_wconf 89' lang='grc' dir='ltr'><strong>τοῦ</strong></span> <span class='ocrx_word' id='word_1_662' title='bbox 3325 3877 3532 3931; x_wconf 78' lang='grc' dir='ltr'><strong>ἐπισκό-</strong></span> 
     </span>
    </p>
   </div>
   <div class='ocr_carea' id='block_1_88' title="bbox 1951 3962 3531 4041">
    <p class='ocr_par' dir='ltr' id='par_1_88' title="bbox 1951 3962 3531 4041">
     <span class='ocr_line' id='line_1_89' title="bbox 1951 3962 3531 4041; baseline 0.006 -26"><span class='ocrx_word' id='word_1_663' title='bbox 1951 3984 2048 4016; x_wconf 89' lang='grc' dir='ltr'><strong>που</strong></span> <span class='ocrx_word' id='word_1_664' title='bbox 2079 3962 2309 4035; x_wconf 77' lang='grc' dir='ltr'><strong>φυλοὶξαι,</strong></span> <span class='ocrx_word' id='word_1_665' title='bbox 2341 3962 2575 4032; x_wconf 55' lang='grc' dir='ltr'><strong>ἔσχατον</strong></span> <span class='ocrx_word' id='word_1_666' title='bbox 2616 3968 2685 4025; x_wconf 82' lang='grc' dir='ltr'><strong>εἰς</strong></span> <span class='ocrx_word' id='word_1_667' title='bbox 2726 3974 2815 4024; x_wconf 80' lang='grc' dir='ltr'><strong>την</strong></span> <span class='ocrx_word' id='word_1_668' title='bbox 2859 3975 2956 4020; x_wconf 84' lang='grc' dir='ltr'><strong>τῶν</strong></span> <span class='ocrx_word' id='word_1_669' title='bbox 2993 3966 3006 4001; x_wconf 67' lang='grc' dir='ltr'><strong>ί</strong></span> <span class='ocrx_word' id='word_1_670' title='bbox 3043 3971 3223 4041; x_wconf 87' lang='grc' dir='ltr'><strong>θηρίων</strong></span> <span class='ocrx_word' id='word_1_671' title='bbox 3263 3970 3531 4041; x_wconf 81' lang='grc' dir='ltr'><strong>πραότητα</strong></span> 
     </span>
    </p>
   </div>
   <div class='ocr_carea' id='block_1_89' title="bbox 1956 4051 3534 4126">
    <p class='ocr_par' dir='ltr' id='par_1_89' title="bbox 1956 4051 3534 4126">
     <span class='ocr_line' id='line_1_90' title="bbox 1956 4051 3534 4126; baseline 0.004 -22"><span class='ocrx_word' id='word_1_672' title='bbox 1956 4051 2286 4111; x_wconf 77' lang='grc' dir='ltr'><strong>ἠκολούθησε.</strong></span> <span class='ocrx_word' id='word_1_673' title='bbox 2352 4056 2542 4107; x_wconf 75' lang='grc' dir='ltr'><strong>Τούτου</strong></span> <span class='ocrx_word' id='word_1_674' title='bbox 2584 4053 2636 4108; x_wconf 71' lang='grc' dir='ltr'><strong>δέ</strong></span> <span class='ocrx_word' id='word_1_675' title='bbox 2677 4063 2763 4109; x_wconf 88' lang='grc' dir='ltr'><strong>τοῦ</strong></span> <span class='ocrx_word' id='word_1_676' title='bbox 2808 4059 3066 4126; x_wconf 53' lang='grc' dir='ltr'><strong>θαύματος</strong></span> <span class='ocrx_word' id='word_1_677' title='bbox 3114 4060 3294 4116; x_wconf 84' lang='grc' dir='ltr'><strong>πάντες</strong></span> <span class='ocrx_word' id='word_1_678' title='bbox 3338 4060 3383 4111; x_wconf 84' lang='grc' dir='ltr'><strong>οἱ</strong></span> <span class='ocrx_word' id='word_1_679' title='bbox 3423 4060 3534 4113; x_wconf 83' lang='grc' dir='ltr'><strong>τότε</strong></span> 
     </span>
    </p>
   </div>
   <div class='ocr_carea' id='block_1_90' title="bbox 1959 4144 3536 4218">
    <p class='ocr_par' dir='ltr' id='par_1_90' title="bbox 1959 4144 3536 4218">
     <span class='ocr_line' id='line_1_91' title="bbox 1959 4144 3536 4218; baseline 0.006 -25"><span class='ocrx_word' id='word_1_680' title='bbox 1959 4144 2112 4195; x_wconf 82' lang='grc' dir='ltr'><strong>ἐκεῖσε</strong></span> <span class='ocrx_word' id='word_1_681' title='bbox 2143 4144 2387 4213; x_wconf 84' lang='grc' dir='ltr'><strong>παρόντες</strong></span> <span class='ocrx_word' id='word_1_682' title='bbox 2418 4144 2671 4199; x_wconf 75' lang='grc' dir='ltr'><strong>αὐτόπται</strong></span> <span class='ocrx_word' id='word_1_683' title='bbox 2698 4148 2980 4217; x_wconf 80' lang='grc' dir='ltr'><strong>γεγόνασιν.</strong></span> <span class='ocrx_word' id='word_1_684' title='bbox 3032 4150 3134 4199; x_wconf 79' lang='grc' dir='ltr'><strong>Οὐκ</strong></span> <span class='ocrx_word' id='word_1_685' title='bbox 3167 4151 3318 4218; x_wconf 84' lang='grc' dir='ltr'><strong>ὀλίγοι</strong></span> <span class='ocrx_word' id='word_1_686' title='bbox 3361 4148 3413 4201; x_wconf 81' lang='grc' dir='ltr'><strong>δὲ</strong></span> <span class='ocrx_word' id='word_1_687' title='bbox 3453 4153 3536 4202; x_wconf 78' lang='grc' dir='ltr'><strong>καὶ</strong></span> 
     </span>
    </p>
   </div>
   <div class='ocr_carea' id='block_1_91' title="bbox 1958 4234 3537 4308">
    <p class='ocr_par' dir='ltr' id='par_1_91' title="bbox 1958 4234 3537 4308">
     <span class='ocr_line' id='line_1_92' title="bbox 1958 4234 3537 4308; baseline 0.006 -23"><span class='ocrx_word' id='word_1_688' title='bbox 1958 4234 2123 4305; x_wconf 73' lang='grc' dir='ltr'><strong>μέχρι</strong></span> <span class='ocrx_word' id='word_1_689' title='bbox 2148 4240 2237 4285; x_wconf 90' lang='grc' dir='ltr'><strong>τοῦ</strong></span> <span class='ocrx_word' id='word_1_690' title='bbox 2273 4241 2358 4285; x_wconf 82' lang='grc' dir='ltr'><strong>νῦν</strong></span> <span class='ocrx_word' id='word_1_691' title='bbox 2390 4238 2633 4308; x_wconf 84' lang='grc' dir='ltr'><strong>περίεισιν</strong></span> <span class='ocrx_word' id='word_1_692' title='bbox 2658 4276 2673 4299; x_wconf 87' lang='lat'>,</span> <span class='ocrx_word' id='word_1_693' title='bbox 2704 4238 2875 4296; x_wconf 80' lang='grc' dir='ltr'><strong>οἵτινες</strong></span> <span class='ocrx_word' id='word_1_694' title='bbox 2904 4245 3054 4291; x_wconf 87' lang='grc' dir='ltr'><strong>τοῦτο</strong></span> <span class='ocrx_word' id='word_1_695' title='bbox 3094 4240 3373 4292; x_wconf 86' lang='grc' dir='ltr'><strong>θεάσασθαι</strong></span> <span class='ocrx_word' id='word_1_696' title='bbox 3408 4244 3537 4307; x_wconf 85' lang='grc' dir='ltr'><strong>μετὰ</strong></span> 
     </span>
    </p>
   </div>
   <div class='ocr_carea' id='block_1_92' title="bbox 1958 4325 3534 4403">
    <p class='ocr_par' dir='ltr' id='par_1_92' title="bbox 1958 4325 3534 4403">
     <span class='ocr_line' id='line_1_93' title="bbox 1958 4325 3534 4403; baseline 0.004 -28"><span class='ocrx_word' id='word_1_697' title='bbox 1958 4326 2145 4383; x_wconf 85' lang='grc' dir='ltr'><strong>παντὸς</strong></span> <span class='ocrx_word' id='word_1_698' title='bbox 2174 4332 2261 4377; x_wconf 74' lang='grc' dir='ltr'><strong>τοῦ</strong></span> <span class='ocrx_word' id='word_1_699' title='bbox 2302 4325 2422 4377; x_wconf 82' lang='grc' dir='ltr'><strong>λαοῦ</strong></span> <span class='ocrx_word' id='word_1_700' title='bbox 2466 4328 2650 4378; x_wconf 79' lang='grc' dir='ltr'><strong>ἐκείνου</strong></span> <span class='ocrx_word' id='word_1_701' title='bbox 2687 4334 3031 4403; x_wconf 82' lang='grc' dir='ltr'><strong>μαρτυροῦσι.</strong></span> <span class='ocrx_word' id='word_1_702' title='bbox 3080 4332 3196 4398; x_wconf 82' lang='grc' dir='ltr'><strong>Περὶ</strong></span> <span class='ocrx_word' id='word_1_703' title='bbox 3224 4332 3410 4383; x_wconf 91' lang='grc' dir='ltr'><strong>τούτου</strong></span> <span class='ocrx_word' id='word_1_704' title='bbox 3440 4337 3534 4382; x_wconf 89' lang='grc' dir='ltr'><strong>τοῦ</strong></span> 
     </span>
    </p>
   </div>
   <div class='ocr_carea' id='block_1_93' title="bbox 1958 4420 3538 4497">
    <p class='ocr_par' dir='ltr' id='par_1_93' title="bbox 1958 4420 3538 4497">
     <span class='ocr_line' id='line_1_94' title="bbox 1958 4420 3538 4497; baseline 0.006 -25"><span class='ocrx_word' id='word_1_705' title='bbox 1958 4421 2102 4491; x_wconf 78' lang='grc' dir='ltr'><strong>ἁγίου</strong></span> <span class='ocrx_word' id='word_1_706' title='bbox 2130 4420 2307 4496; x_wconf 83' lang='grc' dir='ltr'><strong>ἀνδρὸς</strong></span> <span class='ocrx_word' id='word_1_707' title='bbox 2332 4424 2501 4495; x_wconf 86' lang='grc' dir='ltr'><strong>ἕτερον</strong></span> <span class='ocrx_word' id='word_1_708' title='bbox 2528 4425 2714 4495; x_wconf 81' lang='grc' dir='ltr'><strong>θαῦμα,</strong></span> <span class='ocrx_word' id='word_1_709' title='bbox 2746 4429 2985 4495; x_wconf 80' lang='grc' dir='ltr'><strong>Βεναντίῳ</strong></span> <span class='ocrx_word' id='word_1_710' title='bbox 3014 4434 3085 4495; x_wconf 84' lang='grc' dir='ltr'><strong>τῷ</strong></span> <span class='ocrx_word' id='word_1_711' title='bbox 3109 4430 3371 4497; x_wconf 76' lang='grc' dir='ltr'><strong>ἆπισκόπῳ</strong></span> <span class='ocrx_word' id='word_1_712' title='bbox 3397 4430 3538 4481; x_wconf 83' lang='grc' dir='ltr'><strong>Λού-</strong></span> 
     </span>
    </p>
   </div>
   <div class='ocr_carea' id='block_1_94' title="bbox 290 4518 1842 4616">
    <p class='ocr_par' dir='ltr' id='par_1_94' title="bbox 290 4518 1842 4591">
     <span class='ocr_line' id='line_1_95' title="bbox 290 4518 1842 4591; baseline 0.005 -19"><span class='ocrx_word' id='word_1_713' title='bbox 290 4518 412 4572; x_wconf 84' lang='lat' dir='ltr'><strong>mihi</strong></span> <span class='ocrx_word' id='word_1_714' title='bbox 444 4522 736 4588; x_wconf 76' lang='lat' dir='ltr'><strong>przeparavi</strong></span> <span class='ocrx_word' id='word_1_715' title='bbox 766 4523 1060 4590; x_wconf 65' lang='lat' dir='ltr'><strong>&#39;l’Opulonii</strong></span> <span class='ocrx_word' id='word_1_716' title='bbox 1113 4539 1197 4577; x_wconf 90' lang='lat' dir='ltr'><strong>me</strong></span> <span class='ocrx_word' id='word_1_717' title='bbox 1243 4525 1441 4591; x_wconf 83' lang='lat' dir='ltr'><strong>ponite.</strong></span> <span class='ocrx_word' id='word_1_718' title='bbox 1470 4524 1566 4578; x_wconf 90' lang='lat' dir='ltr'><strong>Cui</strong></span> <span class='ocrx_word' id='word_1_719' title='bbox 1612 4527 1687 4578; x_wconf 90' lang='lat' dir='ltr'><strong>illi</strong></span> <span class='ocrx_word' id='word_1_720' title='bbox 1724 4544 1842 4580; x_wconf 88' lang='lat' dir='ltr'><strong>cum</strong></span> 
     </span>
    </p>
   </div>
   <div class='ocr_carea' id='block_1_95' title="bbox 1950 4518 3531 4616">
    <p class='ocr_par' dir='ltr' id='par_1_95' title="bbox 1959 4523 3531 4598">
     <span class='ocr_line' id='line_1_96' title="bbox 1959 4523 3531 4598; baseline 0.005 -26"><span class='ocrx_word' id='word_1_721' title='bbox 1959 4542 2045 4579; x_wconf 89' lang='grc' dir='ltr'><strong>νης</strong></span> <span class='ocrx_word' id='word_1_722' title='bbox 2078 4523 2403 4592; x_wconf 70' lang='grc' dir='ltr'><strong>ἀφηγουμένῳ</strong></span> <span class='ocrx_word' id='word_1_723' title='bbox 2433 4524 2639 4580; x_wconf 77' lang='grc' dir='ltr'><strong>ἀκήκοα.</strong></span> <span class='ocrx_word' id='word_1_724' title='bbox 2684 4529 2756 4575; x_wconf 81' lang='grc' dir='ltr'><strong>Ἐν</strong></span> <span class='ocrx_word' id='word_1_725' title='bbox 2796 4533 2856 4598; x_wconf 78' lang='grc' dir='ltr'><strong>τῇ</strong></span> <span class='ocrx_word' id='word_1_726' title='bbox 2900 4528 3024 4590; x_wconf 80' lang='grc' dir='ltr'><strong>αὐτῇ</strong></span> <span class='ocrx_word' id='word_1_727' title='bbox 3062 4533 3152 4578; x_wconf 89' lang='grc' dir='ltr'><strong>τοῦ</strong></span> <span class='ocrx_word' id='word_1_728' title='bbox 3188 4528 3531 4580; x_wconf 81' lang='grc' dir='ltr'><strong>Ποπουλωνίου</strong></span> 
     </span>
    </p>
   </div>
   <div class='ocr_carea' id='block_1_96' title="bbox 290 4614 1850 4687">
    <p class='ocr_par' dir='ltr' id='par_1_96' title="bbox 290 4614 1850 4687">
     <span class='ocr_line' id='line_1_97' title="bbox 290 4614 1850 4687; baseline 0.005 -22"><span class='ocrx_word' id='word_1_729' title='bbox 290 4614 522 4667; x_wconf 87' lang='lat' dir='ltr'><strong>dicerent</strong></span> <span class='ocrx_word' id='word_1_730' title='bbox 548 4632 561 4665; x_wconf 90' lang='lat'><strong>:</strong></span> <span class='ocrx_word' id='word_1_731' title='bbox 592 4618 794 4683; x_wconf 76' lang='lat' dir='ltr'><strong>Corpus</strong></span> <span class='ocrx_word' id='word_1_732' title='bbox 834 4626 979 4669; x_wconf 90' lang='lat' dir='ltr'><strong>tuum</strong></span> <span class='ocrx_word' id='word_1_733' title='bbox 1012 4617 1138 4670; x_wconf 90' lang='lat' dir='ltr'><strong>illuc</strong></span> <span class='ocrx_word' id='word_1_734' title='bbox 1175 4618 1402 4684; x_wconf 87' lang='lat' dir='ltr'><strong>qualiter</strong></span> <span class='ocrx_word' id='word_1_735' title='bbox 1448 4618 1701 4672; x_wconf 84' lang='lat' dir='ltr'><strong>reducere</strong></span> <span class='ocrx_word' id='word_1_736' title='bbox 1731 4634 1850 4687; x_wconf 88' lang='lat' dir='ltr'><strong>pos-</strong></span> 
     </span>
    </p>
   </div>
   <div class='ocr_carea' id='block_1_97' title="bbox 290 4704 1853 4775">
    <p class='ocr_par' dir='ltr' id='par_1_97' title="bbox 290 4704 1853 4775">
     <span class='ocr_line' id='line_1_98' title="bbox 290 4704 1853 4775; baseline 0.006 -22"><span class='ocrx_word' id='word_1_737' title='bbox 290 4717 507 4766; x_wconf 86' lang='lat' dir='ltr'><strong>sumus,</strong></span> <span class='ocrx_word' id='word_1_738' title='bbox 555 4704 643 4772; x_wconf 89' lang='lat' dir='ltr'><strong>qui</strong></span> <span class='ocrx_word' id='word_1_739' title='bbox 698 4719 727 4756; x_wconf 91' lang='lat' dir='ltr'><strong>a</strong></span> <span class='ocrx_word' id='word_1_740' title='bbox 773 4705 1132 4775; x_wconf 76' lang='lat' dir='ltr'><strong>Langobardis</strong></span> <span class='ocrx_word' id='word_1_741' title='bbox 1178 4708 1345 4762; x_wconf 87' lang='lat' dir='ltr'><strong>teneri</strong></span> <span class='ocrx_word' id='word_1_742' title='bbox 1395 4708 1507 4762; x_wconf 89' lang='lat' dir='ltr'><strong>loca</strong></span> <span class='ocrx_word' id='word_1_743' title='bbox 1540 4710 1766 4772; x_wconf 85' lang='lat' dir='ltr'><strong>eadem,</strong></span> <span class='ocrx_word' id='word_1_744' title='bbox 1798 4718 1853 4763; x_wconf 90' lang='lat' dir='ltr'><strong>et</strong></span> 
     </span>
    </p>
   </div>
   <div class='ocr_carea' id='block_1_98' title="bbox 364 4839 1865 4911">
    <p class='ocr_par' dir='ltr' id='par_1_98' title="bbox 364 4839 1865 4911">
     <span class='ocr_line' id='line_1_99' title="bbox 364 4839 1865 4911; baseline 0.008 -21"><span class='ocrx_word' id='word_1_745' title='bbox 364 4849 386 4875; x_wconf 76' lang='grc' dir='ltr'>α</span> <span class='ocrx_word' id='word_1_746' title='bbox 423 4839 552 4893; x_wconf 89' lang='lat' dir='ltr'><strong>Vide</strong></span> <span class='ocrx_word' id='word_1_747' title='bbox 586 4840 858 4909; x_wconf 74' lang='lat' dir='ltr'><strong>Martyrol.</strong></span> <span class='ocrx_word' id='word_1_748' title='bbox 892 4842 1067 4904; x_wconf 81' lang='lat' dir='ltr'><strong>Rom.,</strong></span> <span class='ocrx_word' id='word_1_749' title='bbox 1092 4842 1163 4894; x_wconf 73' lang='lat'><strong>20</strong></span> <span class='ocrx_word' id='word_1_750' title='bbox 1185 4844 1378 4897; x_wconf 88' lang='lat' dir='ltr'><strong>Octob.</strong></span> <span class='ocrx_word' id='word_1_751' title='bbox 1409 4844 1699 4911; x_wconf 85' lang='lat' dir='ltr'><strong>Populonia</strong></span> <span class='ocrx_word' id='word_1_752' title='bbox 1735 4848 1865 4902; x_wconf 78' lang='lat' dir='ltr'><strong>civi-</strong></span> 
     </span>
    </p>
   </div>
   <div class='ocr_carea' id='block_1_99' title="bbox 292 4910 1750 4981">
    <p class='ocr_par' dir='ltr' id='par_1_99' title="bbox 292 4910 1750 4981">
     <span class='ocr_line' id='line_1_100' title="bbox 292 4910 1750 4981; baseline 0.006 -20"><span class='ocrx_word' id='word_1_753' title='bbox 292 4918 367 4961; x_wconf 85' lang='lat' dir='ltr'><strong>tas</strong></span> <span class='ocrx_word' id='word_1_754' title='bbox 393 4910 621 4963; x_wconf 79' lang='lat' dir='ltr'><strong>Etrurize</strong></span> <span class='ocrx_word' id='word_1_755' title='bbox 650 4912 776 4962; x_wconf 88' lang='lat' dir='ltr'><strong>olim</strong></span> <span class='ocrx_word' id='word_1_756' title='bbox 797 4912 1143 4965; x_wconf 67' lang='lat' dir='ltr'><strong>celeberrima</strong></span> <span class='ocrx_word' id='word_1_757' title='bbox 1174 4912 1242 4967; x_wconf 89' lang='lat' dir='ltr'><strong>de</strong></span> <span class='ocrx_word' id='word_1_758' title='bbox 1266 4926 1370 4981; x_wconf 88' lang='lat' dir='ltr'><strong>qua</strong></span> <span class='ocrx_word' id='word_1_759' title='bbox 1403 4915 1441 4966; x_wconf 91' lang='lat' dir='ltr'><strong>l.</strong></span> <span class='ocrx_word' id='word_1_760' title='bbox 1471 4910 1501 4965; x_wconf 64' lang='lat' dir='ltr'><strong>at</strong></span> <span class='ocrx_word' id='word_1_761' title='bbox 1534 4915 1750 4970; x_wconf 67' lang='lat' dir='ltr'><strong>1Eneid.</strong></span> 
     </span>
    </p>
   </div>
   <div class='ocr_carea' id='block_1_100' title="bbox 534 5001 1586 5065">
    <p class='ocr_par' dir='ltr' id='par_1_100' title="bbox 534 5001 1586 5065">
     <span class='ocr_line' id='line_1_101' title="bbox 534 5001 1586 5065; baseline 0.008 -18"><span class='ocrx_word' id='word_1_762' title='bbox 534 5001 817 5065; x_wconf 82' lang='lat' dir='ltr'><strong>S_excentos</strong></span> <span class='ocrx_word' id='word_1_763' title='bbox 831 5002 901 5065; x_wconf 75' lang='lat' dir='ltr'><strong>illi</strong></span> <span class='ocrx_word' id='word_1_764' title='bbox 922 5004 1126 5052; x_wconf 78' lang='lat' dir='ltr'><strong>dederat</strong></span> <span class='ocrx_word' id='word_1_765' title='bbox 1145 5004 1406 5065; x_wconf 86' lang='lat' dir='ltr'><strong>Populonia</strong></span> <span class='ocrx_word' id='word_1_766' title='bbox 1431 5015 1586 5055; x_wconf 80' lang='lat' dir='ltr'><strong>mater</strong></span> 
     </span>
    </p>
   </div>
   <div class='ocr_carea' id='block_1_101' title="bbox 536 5062 1169 5124">
    <p class='ocr_par' dir='ltr' id='par_1_101' title="bbox 536 5062 1169 5124">
     <span class='ocr_line' id='line_1_102' title="bbox 536 5062 1169 5124; baseline 0.003 -13"><span class='ocrx_word' id='word_1_767' title='bbox 536 5062 783 5121; x_wconf 73' lang='lat' dir='ltr'><strong>EXperlos</strong></span> <span class='ocrx_word' id='word_1_768' title='bbox 808 5062 921 5111; x_wconf 88' lang='lat' dir='ltr'><strong>belli</strong></span> <span class='ocrx_word' id='word_1_769' title='bbox 943 5065 1169 5124; x_wconf 86' lang='lat' dir='ltr'><strong>juvenes.</strong></span> 
     </span>
    </p>
   </div>
   <div class='ocr_carea' id='block_1_102' title="bbox 295 5145 1853 5221">
    <p class='ocr_par' dir='ltr' id='par_1_102' title="bbox 295 5145 1853 5221">
     <span class='ocr_line' id='line_1_103' title="bbox 295 5145 1853 5221; baseline 0.004 -22"><span class='ocrx_word' id='word_1_770' title='bbox 295 5145 373 5221; x_wconf 70' lang='lat' dir='ltr'><strong>Ea</strong></span> <span class='ocrx_word' id='word_1_771' title='bbox 392 5146 595 5221; x_wconf 75' lang='lat' dir='ltr'><strong>excisa,</strong></span> <span class='ocrx_word' id='word_1_772' title='bbox 628 5146 787 5198; x_wconf 85' lang='lat' dir='ltr'><strong>sedes</strong></span> <span class='ocrx_word' id='word_1_773' title='bbox 810 5146 1136 5221; x_wconf 78' lang='lat' dir='ltr'><strong>episcopalis</strong></span> <span class='ocrx_word' id='word_1_774' title='bbox 1160 5147 1225 5201; x_wconf 90' lang='lat' dir='ltr'><strong>ad</strong></span> <span class='ocrx_word' id='word_1_775' title='bbox 1250 5148 1473 5221; x_wconf 78' lang='lat' dir='ltr'><strong>Massam</strong></span> <span class='ocrx_word' id='word_1_776' title='bbox 1512 5150 1736 5206; x_wconf 71' lang='lat' dir='ltr'><strong>Etruria:</strong></span> <span class='ocrx_word' id='word_1_777' title='bbox 1760 5169 1853 5221; x_wconf 92' lang='lat' dir='ltr'><strong>op-</strong></span> 
     </span>
    </p>
   </div>
   <div class='ocr_carea' id='block_1_103' title="bbox 292 5214 1853 5286">
    <p class='ocr_par' dir='ltr' id='par_1_103' title="bbox 292 5214 1853 5286">
     <span class='ocr_line' id='line_1_104' title="bbox 292 5214 1853 5286; baseline 0.008 -20"><span class='ocrx_word' id='word_1_778' title='bbox 292 5217 469 5281; x_wconf 87' lang='lat' dir='ltr'><strong>pidum</strong></span> <span class='ocrx_word' id='word_1_779' title='bbox 494 5214 694 5286; x_wconf 86' lang='lat' dir='ltr'><strong>cnltum</strong></span> <span class='ocrx_word' id='word_1_780' title='bbox 719 5225 774 5267; x_wconf 86' lang='lat' dir='ltr'><strong>et</strong></span> <span class='ocrx_word' id='word_1_781' title='bbox 799 5217 1032 5283; x_wconf 89' lang='lat' dir='ltr'><strong>amplum</strong></span> <span class='ocrx_word' id='word_1_782' title='bbox 1066 5233 1169 5270; x_wconf 91' lang='lat' dir='ltr'><strong>non</strong></span> <span class='ocrx_word' id='word_1_783' title='bbox 1195 5222 1348 5286; x_wconf 83' lang='lat' dir='ltr'><strong>longe</strong></span> <span class='ocrx_word' id='word_1_784' title='bbox 1370 5218 1573 5272; x_wconf 87' lang='lat' dir='ltr'><strong>distans</strong></span> <span class='ocrx_word' id='word_1_785' title='bbox 1603 5214 1853 5277; x_wconf 73' lang='lat' dir='ltr'><strong>translata</strong></span> 
     </span>
    </p>
   </div>
   <div class='ocr_carea' id='block_1_104' title="bbox 295 5285 1854 5360">
    <p class='ocr_par' dir='ltr' id='par_1_104' title="bbox 295 5285 1854 5360">
     <span class='ocr_line' id='line_1_105' title="bbox 295 5285 1854 5360; baseline 0.007 -24"><span class='ocrx_word' id='word_1_786' title='bbox 295 5293 400 5360; x_wconf 64' lang='lat' dir='ltr'><strong>est.</strong></span> <span class='ocrx_word' id='word_1_787' title='bbox 434 5285 724 5360; x_wconf 79' lang='lat' dir='ltr'><strong>Populonia</strong></span> <span class='ocrx_word' id='word_1_788' title='bbox 750 5286 801 5337; x_wconf 92' lang='lat' dir='ltr'><strong>in</strong></span> <span class='ocrx_word' id='word_1_789' title='bbox 834 5289 1036 5360; x_wconf 55' lang='lat' dir='ltr'><strong>nostris</strong></span> <span class='ocrx_word' id='word_1_790' title='bbox 1068 5289 1193 5360; x_wconf 80' lang='lat' dir='ltr'><strong>Mss.</strong></span> <span class='ocrx_word' id='word_1_791' title='bbox 1229 5285 1451 5360; x_wconf 15' lang='lat' dir='ltr'><strong>utiapud</strong></span> <span class='ocrx_word' id='word_1_792' title='bbox 1486 5294 1854 5360; x_wconf 80' lang='lat' dir='ltr'><strong>geographos,</strong></span> 
     </span>
    </p>
   </div>
   <div class='ocr_carea' id='block_1_105' title="bbox 296 5354 1858 5427">
    <p class='ocr_par' dir='ltr' id='par_1_105' title="bbox 296 5354 1858 5427">
     <span class='ocr_line' id='line_1_106' title="bbox 296 5354 1858 5427; baseline 0.007 -21"><span class='ocrx_word' id='word_1_793' title='bbox 296 5355 437 5427; x_wconf 81' lang='lat' dir='ltr'><strong>varia</strong></span> <span class='ocrx_word' id='word_1_794' title='bbox 466 5354 955 5427; x_wconf 24' lang='lat' dir='ltr'><strong>sortitur‘nomina;</strong></span> <span class='ocrx_word' id='word_1_795' title='bbox 985 5355 1272 5425; x_wconf 77' lang='lat' dir='ltr'><strong>Paputom’a</strong></span> <span class='ocrx_word' id='word_1_796' title='bbox 1291 5396 1306 5423; x_wconf 86' lang='lat'>,</span> <span class='ocrx_word' id='word_1_797' title='bbox 1349 5354 1728 5427; x_wconf 54' lang='lat' dir='ltr'><strong>Populonium;</strong></span> <span class='ocrx_word' id='word_1_798' title='bbox 1755 5354 1858 5417; x_wconf 75' lang='grc' dir='ltr'><strong>Ροὲ</strong></span> 
     </span>
    </p>
   </div>
   <div class='ocr_carea' id='block_1_106' title="bbox 296 5420 886 5493">
    <p class='ocr_par' dir='ltr' id='par_1_106' title="bbox 296 5420 886 5493">
     <span class='ocr_line' id='line_1_107' title="bbox 296 5420 886 5493; baseline 0.005 -20"><span class='ocrx_word' id='word_1_799' title='bbox 296 5424 507 5493; x_wconf 75' lang='lat' dir='ltr'><strong>pulona,</strong></span> <span class='ocrx_word' id='word_1_800' title='bbox 539 5420 886 5490; x_wconf 80' lang='lat' dir='ltr'><strong>Papulonum.</strong></span> 
     </span>
    </p>
   </div>
   <div class='ocr_carea' id='block_1_107' title="bbox 366 5493 1861 5561">
    <p class='ocr_par' dir='ltr' id='par_1_107' title="bbox 366 5493 1861 5561">
     <span class='ocr_line' id='line_1_108' title="bbox 366 5493 1861 5561; baseline 0.009 -17"><span class='ocrx_word' id='word_1_801' title='bbox 366 5494 393 5530; x_wconf 70' lang='grc' dir='ltr'>δ</span> <span class='ocrx_word' id='word_1_802' title='bbox 427 5493 482 5545; x_wconf 88' lang='lat' dir='ltr'><strong>ln</strong></span> <span class='ocrx_word' id='word_1_803' title='bbox 521 5495 784 5560; x_wconf 82' lang='lat' dir='ltr'><strong>plerisque</strong></span> <span class='ocrx_word' id='word_1_804' title='bbox 819 5496 967 5559; x_wconf 82' lang='lat' dir='ltr'><strong>Mss.,</strong></span> <span class='ocrx_word' id='word_1_805' title='bbox 1011 5494 1141 5549; x_wconf 85' lang='lat' dir='ltr'><strong>Elba</strong></span> <span class='ocrx_word' id='word_1_806' title='bbox 1166 5537 1180 5561; x_wconf 88' lang='lat'><strong>,</strong></span> <span class='ocrx_word' id='word_1_807' title='bbox 1212 5511 1307 5550; x_wconf 91' lang='lat' dir='ltr'><strong>seu</strong></span> <span class='ocrx_word' id='word_1_808' title='bbox 1351 5498 1532 5551; x_wconf 70' lang='lat' dir='ltr'><strong>Hclba.</strong></span> <span class='ocrx_word' id='word_1_809' title='bbox 1564 5498 1732 5553; x_wconf 90' lang='lat' dir='ltr'><strong>Insula</strong></span> <span class='ocrx_word' id='word_1_810' title='bbox 1778 5511 1861 5558; x_wconf 86' lang='lat' dir='ltr'><strong>est</strong></span> 
     </span>
    </p>
   </div>
   <div class='ocr_carea' id='block_1_108' title="bbox 300 5562 1860 5637">
    <p class='ocr_par' dir='ltr' id='par_1_108' title="bbox 300 5562 1860 5637">
     <span class='ocr_line' id='line_1_109' title="bbox 300 5562 1860 5637; baseline 0.006 -22"><span class='ocrx_word' id='word_1_811' title='bbox 300 5562 559 5637; x_wconf 54' lang='lat' dir='ltr'><strong>Tyrrheni</strong></span> <span class='ocrx_word' id='word_1_812' title='bbox 590 5566 995 5637; x_wconf 71' lang='lat' dir='ltr'><strong>m_aris,_conl_ra</strong></span> <span class='ocrx_word' id='word_1_813' title='bbox 1023 5567 1366 5635; x_wconf 79' lang='lat' dir='ltr'><strong>Populoniam</strong></span> <span class='ocrx_word' id='word_1_814' title='bbox 1389 5608 1404 5632; x_wconf 89' lang='lat'><strong><em>,</em></strong></span> <span class='ocrx_word' id='word_1_815' title='bbox 1436 5584 1592 5637; x_wconf 90' lang='lat' dir='ltr'><strong>quam</strong></span> <span class='ocrx_word' id='word_1_816' title='bbox 1623 5571 1860 5626; x_wconf 86' lang='lat' dir='ltr'><strong>celebrat</strong></span> 
     </span>
    </p>
   </div>
   <div class='ocr_carea' id='block_1_109' title="bbox 302 5630 1858 5701">
    <p class='ocr_par' dir='ltr' id='par_1_109' title="bbox 302 5630 1858 5701">
     <span class='ocr_line' id='line_1_110' title="bbox 302 5630 1858 5701; baseline 0.008 -16"><span class='ocrx_word' id='word_1_817' title='bbox 302 5632 445 5701; x_wconf 77' lang='lat' dir='ltr'><strong>Virg.</strong></span> <span class='ocrx_word' id='word_1_818' title='bbox 472 5633 507 5686; x_wconf 91' lang='lat' dir='ltr'><strong>l.</strong></span> <span class='ocrx_word' id='word_1_819' title='bbox 544 5648 574 5686; x_wconf 78' lang='grc' dir='ltr'><strong>ι</strong></span> <span class='ocrx_word' id='word_1_820' title='bbox 609 5630 840 5695; x_wconf 52' lang='lat' dir='ltr'><strong>dinem”</strong></span> <span class='ocrx_word' id='word_1_821' title='bbox 886 5635 956 5690; x_wconf 89' lang='lat' dir='ltr'><strong>ob</strong></span> <span class='ocrx_word' id='word_1_822' title='bbox 997 5630 1115 5690; x_wconf 70' lang='grc' dir='ltr'><strong>δυο</strong></span> <span class='ocrx_word' id='word_1_823' title='bbox 1142 5636 1336 5691; x_wconf 79' lang='lat' dir='ltr'><strong>milites</strong></span> <span class='ocrx_word' id='word_1_824' title='bbox 1382 5630 1561 5693; x_wconf 78' lang='lat' dir='ltr'><strong>Turno</strong></span> <span class='ocrx_word' id='word_1_825' title='bbox 1604 5641 1858 5697; x_wconf 86' lang='lat' dir='ltr'><strong>adversus</strong></span> 
     </span>
    </p>
   </div>
   <div class='ocr_carea' id='block_1_110' title="bbox 1957 4620 3540 4698">
    <p class='ocr_par' dir='ltr' id='par_1_110' title="bbox 1957 4620 3540 4698">
     <span class='ocr_line' id='line_1_111' title="bbox 1957 4620 3540 4698; baseline 0.005 -25"><span class='ocrx_word' id='word_1_826' title='bbox 1957 4622 2212 4692; x_wconf 69' lang='grc' dir='ltr'><strong>ἐκκλησία,</strong></span> <span class='ocrx_word' id='word_1_827' title='bbox 2247 4620 2304 4680; x_wconf 82' lang='grc' dir='ltr'><strong>ἧς</strong></span> <span class='ocrx_word' id='word_1_828' title='bbox 2332 4625 2414 4674; x_wconf 85' lang='grc' dir='ltr'><strong>καί</strong></span> <span class='ocrx_word' id='word_1_829' title='bbox 2439 4626 2685 4695; x_wconf 76' lang='grc' dir='ltr'><strong>προέστη,</strong></span> <span class='ocrx_word' id='word_1_830' title='bbox 2723 4634 2892 4693; x_wconf 75' lang='grc' dir='ltr'><strong>μνῆμα</strong></span> <span class='ocrx_word' id='word_1_831' title='bbox 2921 4626 3088 4696; x_wconf 79' lang='grc' dir='ltr'><strong>ἑαυτῷ</strong></span> <span class='ocrx_word' id='word_1_832' title='bbox 3119 4632 3415 4698; x_wconf 74' lang='grc' dir='ltr'><strong>ἡτοίμασεν.</strong></span> <span class='ocrx_word' id='word_1_833' title='bbox 3447 4633 3540 4685; x_wconf 80' lang='grc' dir='ltr'><strong>Ὦς</strong></span> 
     </span>
    </p>
   </div>
   <div class='ocr_carea' id='block_1_111' title="bbox 1967 4717 3541 4794">
    <p class='ocr_par' dir='ltr' id='par_1_111' title="bbox 1967 4717 3541 4794">
     <span class='ocr_line' id='line_1_112' title="bbox 1967 4717 3541 4794; baseline 0.006 -21"><span class='ocrx_word' id='word_1_834' title='bbox 1967 4717 2019 4773; x_wconf 81' lang='grc' dir='ltr'><strong>δὲ</strong></span> <span class='ocrx_word' id='word_1_835' title='bbox 2048 4727 2147 4772; x_wconf 85' lang='grc' dir='ltr'><strong>τῶν</strong></span> <span class='ocrx_word' id='word_1_836' title='bbox 2192 4717 2553 4791; x_wconf 81' lang='grc' dir='ltr'><strong>Λογγοϐάρδων</strong></span> <span class='ocrx_word' id='word_1_837' title='bbox 2580 4722 2637 4774; x_wconf 83' lang='grc' dir='ltr'><strong>τὸ</strong></span> <span class='ocrx_word' id='word_1_838' title='bbox 2666 4724 2800 4785; x_wconf 78' lang='grc' dir='ltr'><strong>γένος</strong></span> <span class='ocrx_word' id='word_1_839' title='bbox 2838 4725 2909 4782; x_wconf 82' lang='grc' dir='ltr'><strong>εἰς</strong></span> <span class='ocrx_word' id='word_1_840' title='bbox 2937 4729 3025 4782; x_wconf 74' lang='grc' dir='ltr'><strong>την</strong></span> <span class='ocrx_word' id='word_1_841' title='bbox 3051 4724 3260 4777; x_wconf 78' lang='grc' dir='ltr'><strong>Ἰταλίαν</strong></span> <span class='ocrx_word' id='word_1_842' title='bbox 3297 4722 3429 4794; x_wconf 73' lang='grc' dir='ltr'><strong>ἦλθε,</strong></span> <span class='ocrx_word' id='word_1_843' title='bbox 3460 4732 3541 4783; x_wconf 72' lang='grc' dir='ltr'><strong>καί</strong></span> 
     </span>
    </p>
   </div>
   <div class='ocr_carea' id='block_1_112' title="bbox 1980 4848 3183 4917">
    <p class='ocr_par' dir='ltr' id='par_1_112' title="bbox 1980 4848 3183 4917">
     <span class='ocr_line' id='line_1_113' title="bbox 1980 4848 3183 4917; baseline 0.008 -15"><span class='ocrx_word' id='word_1_844' title='bbox 1980 4848 2204 4904; x_wconf 71' lang='grc' dir='ltr'><strong>ιἘηειιιιι</strong></span> <span class='ocrx_word' id='word_1_845' title='bbox 2235 4852 2535 4917; x_wconf 64' lang='lat' dir='ltr'><strong>prmliaturo</strong></span> <span class='ocrx_word' id='word_1_846' title='bbox 2566 4855 2615 4907; x_wconf 93' lang='lat' dir='ltr'><strong>in</strong></span> <span class='ocrx_word' id='word_1_847' title='bbox 2648 4856 2941 4910; x_wconf 90' lang='lat' dir='ltr'><strong>subsidium</strong></span> <span class='ocrx_word' id='word_1_848' title='bbox 2975 4860 3183 4912; x_wconf 82' lang='lat' dir='ltr'><strong>missos.</strong></span> 
     </span>
    </p>
   </div>
   <div class='ocr_carea' id='block_1_113' title="bbox 2553 4947 3035 4997">
    <p class='ocr_par' dir='ltr' id='par_1_113' title="bbox 2553 4947 3035 4997">
     <span class='ocr_line' id='line_1_114' title="bbox 2553 4947 3035 4997; baseline 0.004 -2"><span class='ocrx_word' id='word_1_849' title='bbox 2553 4949 2640 4995; x_wconf 79' lang='lat' dir='ltr'><strong>Ast</strong></span> <span class='ocrx_word' id='word_1_850' title='bbox 2667 4947 2761 4995; x_wconf 87' lang='lat' dir='ltr'><strong>llva</strong></span> <span class='ocrx_word' id='word_1_851' title='bbox 2789 4956 3035 4997; x_wconf 82' lang='lat' dir='ltr'><strong>trecentos</strong></span> 
     </span>
    </p>
   </div>
   <div class='ocr_carea' id='block_1_114' title="bbox 2098 5003 3375 5070">
    <p class='ocr_par' dir='ltr' id='par_1_114' title="bbox 2098 5003 3375 5070">
     <span class='ocr_line' id='line_1_115' title="bbox 2098 5003 3375 5070; baseline 0.009 -20"><span class='ocrx_word' id='word_1_852' title='bbox 2098 5003 2255 5051; x_wconf 85' lang='lat' dir='ltr'><strong>insula</strong></span> <span class='ocrx_word' id='word_1_853' title='bbox 2282 5005 2591 5056; x_wconf 82' lang='lat' dir='ltr'><strong>inexhaustis</strong></span> <span class='ocrx_word' id='word_1_854' title='bbox 2614 5010 2867 5070; x_wconf 76' lang='lat' dir='ltr'><strong>chalybum</strong></span> <span class='ocrx_word' id='word_1_855' title='bbox 2890 5024 3128 5070; x_wconf 75' lang='lat' dir='ltr'><strong>generosa</strong></span> <span class='ocrx_word' id='word_1_856' title='bbox 3151 5013 3375 5061; x_wconf 82' lang='lat' dir='ltr'><strong>metallis.</strong></span> 
     </span>
    </p>
   </div>
   <div class='ocr_carea' id='block_1_115' title="bbox 2042 5086 2637 5161">
    <p class='ocr_par' dir='ltr' id='par_1_115' title="bbox 2042 5086 2637 5161">
     <span class='ocr_line' id='line_1_116' title="bbox 2042 5086 2637 5161; baseline -0.003 0"><span class='ocrx_word' id='word_1_857' title='bbox 2042 5097 2064 5161; x_wconf 64' lang='grc' dir='ltr'><strong>εξ</strong></span> <span class='ocrx_word' id='word_1_858' title='bbox 2097 5086 2219 5161; x_wconf 51' lang='grc' dir='ltr'><strong>διε..</strong></span> <span class='ocrx_word' id='word_1_859' title='bbox 2253 5094 2637 5161; x_wconf 64' lang='grc' dir='ltr'><strong>προστάγματι.</strong></span> 
     </span>
    </p>
   </div>
   <div class='ocr_carea' id='block_1_116' title="bbox 2038 5156 2491 5219">
    <p class='ocr_par' dir='ltr' id='par_1_116' title="bbox 2038 5156 2491 5219">
     <span class='ocr_line' id='line_1_117' title="bbox 2038 5156 2491 5219; baseline 0.011 -11"><span class='ocrx_word' id='word_1_860' title='bbox 2038 5157 2063 5191; x_wconf 71' lang='grc' dir='ltr'>ά</span> <span class='ocrx_word' id='word_1_861' title='bbox 2095 5156 2189 5209; x_wconf 81' lang='lat' dir='ltr'><strong>Ms.</strong></span> <span class='ocrx_word' id='word_1_862' title='bbox 2201 5196 2215 5219; x_wconf 87' lang='lat'><strong>,</strong></span> <span class='ocrx_word' id='word_1_863' title='bbox 2244 5156 2491 5214; x_wconf 74' lang='grc' dir='ltr'><strong>ἀνηκόων.</strong></span> 
     </span>
    </p>
   </div>
   <div class='ocr_carea' id='block_1_117' title="bbox 2037 5226 2895 5302">
    <p class='ocr_par' dir='ltr' id='par_1_117' title="bbox 2037 5226 2895 5302">
     <span class='ocr_line' id='line_1_118' title="bbox 2037 5226 2895 5302; baseline 0.007 -24"><span class='ocrx_word' id='word_1_864' title='bbox 2037 5236 2058 5302; x_wconf 65' lang='grc' dir='ltr'><strong>ίξ</strong></span> <span class='ocrx_word' id='word_1_865' title='bbox 2086 5226 2209 5302; x_wconf 48' lang='lat'><strong>915.,</strong></span> <span class='ocrx_word' id='word_1_866' title='bbox 2238 5235 2301 5299; x_wconf 76' lang='grc' dir='ltr'><strong>τῇ</strong></span> <span class='ocrx_word' id='word_1_867' title='bbox 2322 5229 2574 5302; x_wconf 3' lang='grc' dir='ltr'><strong>,φιλοξενίᾳ</strong></span> <span class='ocrx_word' id='word_1_868' title='bbox 2599 5229 2895 5302; x_wconf 75' lang='grc' dir='ltr'><strong>μετέδωκεν.</strong></span> 
     </span>
    </p>
   </div>
   <div class='ocr_carea' id='block_1_118' title="bbox 1961 5294 3541 5419">
    <p class='ocr_par' dir='ltr' id='par_1_118' title="bbox 1961 5294 3541 5419">
     <span class='ocr_line' id='line_1_119' title="bbox 1961 5294 3541 5419; baseline 0.009 -71"><span class='ocrx_word' id='word_1_869' title='bbox 1961 5364 2014 5419; x_wconf 40' lang='grc' dir='ltr'><strong>δ’</strong></span> <span class='ocrx_word' id='word_1_870' title='bbox 2038 5294 2056 5331; x_wconf 68' lang='grc' dir='ltr'>ί</span> <span class='ocrx_word' id='word_1_871' title='bbox 2085 5297 2180 5349; x_wconf 86' lang='lat' dir='ltr'><strong>Ms.</strong></span> <span class='ocrx_word' id='word_1_872' title='bbox 2199 5336 2214 5361; x_wconf 89' lang='lat'><strong>,</strong></span> <span class='ocrx_word' id='word_1_873' title='bbox 2247 5294 2349 5349; x_wconf 69' lang='grc' dir='ltr'><em>καῖ</em></span> <span class='ocrx_word' id='word_1_874' title='bbox 2368 5294 2561 5369; x_wconf 73' lang='grc' dir='ltr'><strong>μεγάλη</strong></span> <span class='ocrx_word' id='word_1_875' title='bbox 2585 5294 2673 5355; x_wconf 74' lang='grc' dir='ltr'><strong>τοῦ</strong></span> <span class='ocrx_word' id='word_1_876' title='bbox 2702 5301 2822 5353; x_wconf 78' lang='grc' dir='ltr'><strong>λαοῦ</strong></span> <span class='ocrx_word' id='word_1_877' title='bbox 2854 5302 3091 5371; x_wconf 69' lang='grc' dir='ltr'><strong>συνήχθη</strong></span> <span class='ocrx_word' id='word_1_878' title='bbox 3155 5299 3419 5382; x_wconf 68' lang='grc' dir='ltr'><strong>ὁμήγυρις.</strong></span> <span class='ocrx_word' id='word_1_879' title='bbox 3450 5314 3541 5363; x_wconf 68' lang='grc' dir='ltr'><strong>τοῦ</strong></span> 
     </span>
     <span class='ocr_line' id='line_1_120' title="bbox 1995 5386 2037 5418; baseline -0.024 0"><span class='ocrx_word' id='word_1_880' title='bbox 1995 5386 2037 5418; x_wconf 87' lang='grc' dir='ltr'><strong>ε.</strong></span> 
     </span>
    </p>
   </div>
   <div class='ocr_carea' id='block_1_119' title="bbox 1995 5386 2037 5418">
    <p class='ocr_par' dir='ltr' id='par_1_119' title="bbox 1995 5386 2037 5418">
     <span class='ocr_line' id='line_1_121' title="bbox 1995 5386 2037 5418; baseline -0.024 0"><span class='ocrx_word' id='word_1_881' title='bbox 1995 5386 2037 5418; x_wconf 86' lang='grc' dir='ltr'><strong>ε.</strong></span> 
     </span>
    </p>
   </div>
   <div class='ocr_carea' id='block_1_120' title="bbox 2034 5435 3539 5508">
    <p class='ocr_par' dir='ltr' id='par_1_120' title="bbox 2034 5435 3539 5508">
     <span class='ocr_line' id='line_1_122' title="bbox 2034 5435 3539 5508; baseline 0.015 -28"><span class='ocrx_word' id='word_1_882' title='bbox 2034 5445 2058 5480; x_wconf 82' lang='grc' dir='ltr'><strong>ε</strong></span> <span class='ocrx_word' id='word_1_883' title='bbox 2092 5435 2468 5508; x_wconf 13' lang='grc' dir='ltr'><strong>ΙΙυιιοᾷνοοοιιι,</strong></span> <span class='ocrx_word' id='word_1_884' title='bbox 2505 5454 2599 5505; x_wconf 89' lang='lat' dir='ltr'><strong>pro</strong></span> <span class='ocrx_word' id='word_1_885' title='bbox 2624 5437 2828 5502; x_wconf 73' lang='grc' dir='ltr'><strong>ἄρκτος,</strong></span> <span class='ocrx_word' id='word_1_886' title='bbox 2853 5442 3095 5508; x_wconf 85' lang='lat' dir='ltr'><strong>usurpari</strong></span> <span class='ocrx_word' id='word_1_887' title='bbox 3131 5444 3386 5504; x_wconf 85' lang='lat' dir='ltr'><strong>observat</strong></span> <span class='ocrx_word' id='word_1_888' title='bbox 3403 5448 3539 5502; x_wconf 86' lang='lat' dir='ltr'><strong>Can-</strong></span> 
     </span>
    </p>
   </div>
   <div class='ocr_carea' id='block_1_121' title="bbox 1960 5505 3225 5581">
    <p class='ocr_par' dir='ltr' id='par_1_121' title="bbox 1960 5505 3225 5581">
     <span class='ocr_line' id='line_1_123' title="bbox 1960 5505 3225 5581; baseline 0.007 -24"><span class='ocrx_word' id='word_1_889' title='bbox 1960 5505 2184 5581; x_wconf 72' lang='lat' dir='ltr'><strong>gitts,__et</strong></span> <span class='ocrx_word' id='word_1_890' title='bbox 2214 5506 2449 5581; x_wconf 78' lang='lat' dir='ltr'><strong>plurimis</strong></span> <span class='ocrx_word' id='word_1_891' title='bbox 2471 5510 2713 5563; x_wconf 80' lang='lat' dir='ltr'><strong>adduetis</strong></span> <span class='ocrx_word' id='word_1_892' title='bbox 2738 5505 2998 5579; x_wconf 80' lang='lat' dir='ltr'><strong>exemplis</strong></span> <span class='ocrx_word' id='word_1_893' title='bbox 3017 5513 3225 5581; x_wconf 79' lang='lat' dir='ltr'><strong>probat.</strong></span> 
     </span>
    </p>
   </div>
   <div class='ocr_carea' id='block_1_122' title="bbox 2038 5573 2589 5637">
    <p class='ocr_par' dir='ltr' id='par_1_122' title="bbox 2038 5573 2589 5637">
     <span class='ocr_line' id='line_1_124' title="bbox 2038 5573 2589 5637; baseline 0.009 -11"><span class='ocrx_word' id='word_1_894' title='bbox 2038 5573 2065 5610; x_wconf 66' lang='lat' dir='ltr'><strong>h</strong></span> <span class='ocrx_word' id='word_1_895' title='bbox 2090 5575 2210 5637; x_wconf 84' lang='lat' dir='ltr'><strong>MS.,</strong></span> <span class='ocrx_word' id='word_1_896' title='bbox 2238 5576 2589 5633; x_wconf 67' lang='grc' dir='ltr'><strong>ὑποϐαλοῦσα.</strong></span> 
     </span>
    </p>
   </div>
   <div class='ocr_carea' id='block_1_123' title="bbox 2042 5645 2814 5721">
    <p class='ocr_par' dir='ltr' id='par_1_123' title="bbox 2042 5645 2814 5721">
     <span class='ocr_line' id='line_1_125' title="bbox 2042 5645 2814 5721; baseline 0.01 -26"><span class='ocrx_word' id='word_1_897' title='bbox 2042 5646 2055 5680; x_wconf 71' lang='grc' dir='ltr'><strong>ί</strong></span> <span class='ocrx_word' id='word_1_898' title='bbox 2092 5645 2209 5707; x_wconf 82' lang='lat' dir='ltr'>MS.,</span> <span class='ocrx_word' id='word_1_899' title='bbox 2241 5647 2510 5715; x_wconf 80' lang='grc' dir='ltr'><strong>προϐάτων</strong></span> <span class='ocrx_word' id='word_1_900' title='bbox 2533 5650 2814 5721; x_wconf 79' lang='grc' dir='ltr'><strong>πραότητα.</strong></span> 
     </span>
    </p>
   </div>
  </div>
