3934 6356
230 418 324 471 9M

1484 407 1924 463 DIALOGORUM
1964 407 2166 461 LIBER
2210 407 2297 459 Ill.

3402 408 3510 461 ΞΗ

232 531 435 596 per-ant.
468 522 892 578 imtuensitatem
924 518 1111 590 pluvia:
1138 519 1281 575 ferre
1326 534 1431 573 non
1465 529 1699 586 possent.
1739 520 1807 573 Et
1842 570 1844 578 ,

1948 543 1965 572 ν
2001 528 2074 593 τῷ
2103 526 2189 575 τοῦ
2232 526 2425 593 τροχοῦ
2476 519 2871 593 περιωρισμένος
2913 522 3261 593 σφραγίσματι
3289 541 3299 550 ·
3330 520 3507 597 αἴφνης

232 618 352 669 ιΙυιιι
398 629 585 682 magna
623 614 789 667 nimis
836 612 1109 666 inundatio
1162 612 1341 674 ﬁeret,
1391 611 1530 666 intra
1570 613 1813 666 eamdem

229 704 654 775 designationem
689 704 875 759 circuli
911 704 963 757 in
994 719 1093 772 qua
1140 704 1220 755 vir
1263 703 1477 757 Domini
1513 703 1818 774 Fulgentius

231 797 407 860 stetit,
442 812 509 851 ne
538 810 645 849 una
675 797 894 865 quidem
942 794 1129 863 pluviae
1159 802 1306 864 gutta
1334 795 1635 851 descendit.
1664 796 1814 860 Quod

231 889 357 941 dum
402 887 512 957 regi
558 887 933 941 crudelissimo
978 885 1276 939 nuntiatum
1318 894 1494 952 esset,
1532 886 1619 941 illa
1665 903 1819 942 mens

232 981 391 1035 ellera
419 980 486 1033 ad
518 995 766 1050 magnam
793 980 911 1049 ejus
938 980 1288 1034 reverentiam
1326 995 1478 1034 versa
1509 990 1625 1047 est,
1662 981 1817 1049 cujus

235 1087 445 1140 pcenam
472 1072 621 1140 prius
650 1070 941 1124 insatiabili
971 1070 1153 1123 furore
1197 1070 1431 1124 sitiebat.
1465 1069 1553 1125 Sic
1575 1072 1822 1139 omnipo-

237 1172 358 1217 tens
386 1162 523 1215 Deus
560 1173 747 1216 contra
772 1164 940 1216 elatas
966 1164 1259 1217 carnalium
1293 1172 1532 1228 mentes,
1572 1164 1822 1231 potentiae

235 1270 350 1308 suae
378 1256 629 1309 miracula
655 1270 750 1321 per
769 1255 1051 1324 despectos
1077 1264 1358 1323 Operatur;
1386 1263 1442 1307 ut
1468 1255 1556 1323 qui
1586 1256 1821 1323 superbe

235 1355 422 1400 contra
455 1358 721 1415 praecepta
743 1346 981 1400 veritatis
1002 1361 1061 1399 se
1083 1347 1316 1413 elevant,
1342 1361 1529 1400 eorum
1553 1347 1821 1400 cervicem

236 1441 432 1493 veritas
460 1454 556 1508 per
584 1438 814 1492 humiles
844 1447 1075 1507 premat.

1922 615 2189 685 ἀστραπαί
2219 616 2299 667 καί
2326 613 2555 686 βρονταὶ,
2590 615 2670 664 καὶ
2699 613 2929 669 τοσαύτη
2968 614 3155 684 ἀνάγκη
3188 615 3391 686 βροχῆς
3421 619 3509 686 Ἱέ⁹

1920 726 2079 777 γονεν,
2113 706 2247 758 ὥστε
2276 709 2344 772 μὴ
2383 702 2621 757 δύνασθαι
2650 704 2914 775 ὑπενέγκαι
2941 710 3029 762 τήν
3055 714 3145 763 τῆς
3174 705 3375 777 βροχῆς
3397 710 3513 778 βίαν

1921 799 2037 855 τοὺς
2068 801 2157 852 την
2189 796 2415 859 ἐξουσίαν
2449 801 2540 849 τοῦ
2578 795 2791 865 φυλάξαι
2840 796 2992 851 αὑτὸν
3026 796 3288 856 λαϐόντας.
3337 795 3513 852 Ἔνδον

1928 886 1982 941 δὲ
2009 896 2099 946 τῆς
2128 893 2219 940 τοῦ
2249 893 2446 959 τροχοῦ
2497 884 2893 947 διατυπώσεως,
2928 885 3037 940 ἔνθα
3081 885 3106 940 ό
3143 893 3236 941 τοῦ
3269 894 3397 941 Θεοῦ
3427 887 3515 941 ἄν·

1927 981 2125 1055 θρωπος
2151 978 2512 1051 φυλαττόμενος
2539 979 2743 1044 ἵστατο,
2775 976 2884 1031 οὑδέ
2912 978 3003 1048 μία
3033 978 3173 1052 ῥανὶς
3194 987 3283 1036 τῆς
3312 980 3515 1051 βροχῆς

1929 1068 2063 1129 ἦλθε.
2087 1077 2251 1124 Τοῦτο
2278 1068 2331 1124 δὲ
2353 1078 2423 1138 τῷ
2446 1071 2691 1140 ὠμοτάτῳ
2714 1071 2828 1146 ῥηγί
2856 1067 3192 1140 μηνύσαντες,
3223 1068 3248 1123 6
3271 1070 3515 1145 θηριώδης

1930 1162 2113 1220 ἐκεῖνος
2140 1160 2379 1231 λογισμὸς
2399 1201 2413 1223 ,
2443 1162 2709 1232 ἀκορέστῳ
2738 1160 2879 1228 θυμῷ
2913 1162 2996 1213 ἐπί
3023 1161 3078 1213 τὸ
3124 1160 3407 1231 βασανίσαι
3430 1163 3520 1214 τόν

1929 1252 2199 1305 ἐπίσκοπον
2212 1252 2544 1319 ἐκκαιόμενος,
2573 1254 2643 1310 εἰς
2656 1242 2897 1322 μεγίστην
2915 1251 3168 1304 εὐλάϐειαν
3183 1251 3513 1323 ἐπέστρεψεν.

1930 1344 2107 1403 Οὕτως
2131 1340 2213 1396 οὖν
2242 1342 2627 1409 παντοδὺναμος
2652 1345 2774 1403 Θεὸς
2802 1353 2931 1397 κατά
2960 1351 3059 1399 τῶν
3173 1345 3345 1414 γνώμῃ
3373 1345 3521 1396 ἐπαι-

1928 1436 2150 1505 ρομένων
2178 1442 2268 1493 τῆς
2295 1431 2596 1493 δυναστείας
2624 1436 2777 1488 αὑτοῦ
2808 1436 2874 1488 τὰ
2903 1436 3161 1502 θαυμάσια
3187 1434 3236 1486 ἐν
3262 1440 3369 1493 τοῖς
3396 1431 3514 1502 βδε-

235 1530 571 1599 λυσσομένοις
619 1533 906 1607 ἓργάζεται⁹
960 1528 1098 1591 ὅπως
1144 1530 1190 1583 οἱ
1245 1530 1461 1589 ἑαυτοὺς
1500 1530 1829 1603 ὑπερηφάνως
1866 1529 1995 1583 κατά
2018 1535 2116 1582 τῶν
2143 1527 2551 1600 προσταγμάτων
2578 1534 2669 1587 τῆς
2715 1527 2945 1587 ἀληθείας
2985 1526 3333 1597 διεγείροντες,
3358 1528 3442 1583 τόν

237 1623 436 1675 τούτων
460 1621 720 1695 τράχηλον
742 1623 772 1677 ἡ
800 1621 1004 1677 ἀλήθεια
1026 1618 1108 1673 διὰ
1132 1626 1229 1672 τῶν
1248 1619 1649 1691 ταπεινοφρόνων
1677 1616 2006 1689 κατακάμψῃ.

837 1708 1059 1763 CAPUT
1101 1708 1236 1763 Xlll.

417 1800 492 1853 De
520 1799 819 1857 Herculem
852 1799 1121 1853 Perusina
1155 1800 1378 1853 civitatis
1406 1802 1663 1870 episwpo.

319 1889 496 1956 Nuper
518 1904 733 1959 quoque
763 1890 1008 1945 Floridus
1040 1892 1371 1946 venerabilis
1400 1893 1520 1947 vita:
1551 1894 1833 1961 episcopus

2550 1716 2755 1761 κΕψΑΛ.
2801 1706 2894 1761 II".

2056 1804 2172 1874 Περί
2200 1799 2528 1871 Ἕρκουλάνου
2558 1800 2839 1853 ἐπισκόπου
2870 1799 3062 1857 πόλεως
3096 1802 3395 1873 Ιιερουσίας.

2008 1888 2239 1963 Φλόριδος
2283 1888 2309 1943 6
2354 1889 2723 1947 εὑλαϐἐστατος
2770 1890 3047 1949 ἐπίσκοπος
3100 1890 3251 1943 τοῦτό
3294 1911 3379 1960 μοι
3415 1888 3523 1944 νυνί

243 1982 481 2034 narravit
504 1980 773 2049 quoddam
806 1982 1155 2037 memorabile
1183 1984 1337 2037 valde
1371 1984 1728 2051 miraculum,
1752 1986 1832 2039 di-

1948 1981 2214 2051 διηγήσατο
2254 1985 2311 2037 τὸ
2353 1987 2547 2052 μνήμης
2577 1978 2711 2044 ἄξιον
2732 1982 2924 2049 θαῦμα.
2956 1978 3125 2052 ’Ἔλεγε
3157 1980 3209 2035 δὲ
3237 1982 3421 2046 οὕτως,
3446 1981 3523 2035 ὅτι

245 2087 375 2126 rens
405 2086 423 2124 :
463 2072 553 2125 Vir
580 2072 950 2126 sanctissimus
977 2074 1303 2130 Herculanus
1331 2077 1556 2129 nutritor
1583 2091 1730 2131 meus
1756 2118 1772 2142 ,
1807 2087 1831 2115 ⁸

246 2160 521 2217 Perusina:
570 2164 800 2218 civitatis
843 2167 1128 2235 episcOpus
1165 2168 1302 2236 fuit,
1331 2182 1395 2222 ex
1429 2171 1837 2225 conversatione

246 2258 561 2311 monasterii
590 2256 658 2311 ad
688 2257 1035 2313 sacerdotalis
1073 2259 1279 2313 ordinis
1298 2263 1522 2329 gratiam
1553 2261 1834 2317 deductus.

248 2347 438 2401 Totila:
468 2359 645 2403 autem
675 2350 858 2417 perﬁdi
887 2352 1029 2420 regis
1061 2352 1426 2419 temporibus,
1460 2353 1705 2407 eamdem
1739 2370 1834 2407 ur-

252 2442 373 2493 bem
414 2439 442 2478 ὶι
478 2440 635 2495 annis
683 2452 887 2510 septem
928 2442 1197 2498 continuis
1241 2443 1539 2499 Gothorum
1570 2447 1839 2500 exercitus

253 2533 482 2595 obsedit,
512 2548 576 2585 ex
609 2548 713 2601 qua
740 2533 891 2587 multi
925 2533 1121 2587 civium
1152 2534 1419 2604 fugerunt,
1442 2535 1530 2605 qui
1563 2535 1719 2591 famis
1746 2551 1840 2605 pe-

256 2624 479 2676 riculum
506 2622 651 2677 ferre
676 2639 781 2677 non
815 2633 1078 2692 poterant.
1107 2624 1263 2679 Anno
1293 2640 1420 2681 vero
1443 2626 1671 2696 septimo
1699 2641 1836 2680 non-

257 2714 381 2767 dum
432 2713 612 2782 ﬁnito,
657 2715 931 2771 obsessam
983 2716 1172 2770 urbem
1215 2716 1516 2771 Gothorum
1568 2717 1840 2772 exercitus

259 2807 491 2859 intravit.
527 2806 676 2861 Tunc
705 2822 891 2862 comes
918 2809 1007 2876 qui
1041 2805 1216 2862 eidem
1257 2806 1517 2863 exercitui
1569 2817 1836 2877 praeerat,

259 2897 325 2950 ad
348 2914 526 2967 regem
559 2898 785 2954 Totilam
831 2900 1045 2955 nuntios
1076 2900 1255 2969 misit,
1289 2903 1578 2970 exquirens
1617 2902 1744 2971 quid
1772 2902 1843 2957 de

261 2990 507 3058 episc0po
542 2992 624 3045 vel
658 2993 848 3059 p0pulo
870 2992 1240 3061 ﬁerijuberet.
1263 2991 1358 3047 Cui
1389 2993 1550 3063 301
1576 2991 1669 3047 ille
1705 3007 1843 3061 prte-

261 3080 431 3146 eepit,
487 3079 711 3134 dicens:
750 3080 1013 3150 Episcopo
1060 3083 1205 3151 prius
1256 3098 1284 3133 a
1334 3089 1535 3137 vertice
1576 3097 1745 3151 usque
1775 3083 1842 3137 ad

263 3171 571 3225 ealcaneum
602 3171 882 3239 corrigiam
910 3173 1067 3239 tolle,
1108 3183 1161 3227 et
1210 3183 1332 3228 tunc
1372 3182 1533 3243 caput
1577 3174 1694 3243 ejus
1732 3189 1847 3228 ant-

266 3272 419 3329 puta;
455 3277 670 3318 omnem
707 3279 834 3318 vero
866 3265 1122 3334 populum
1166 3266 1256 3335 qui
1294 3266 1405 3319 illic
1452 3266 1700 3321 inventus
1729 3275 1841 3331 est,

263 3355 437 3423 gladio
461 3359 768 3427 exstingue.
802 3357 947 3412 Tunc
988 3358 1128 3412 idem
1166 3372 1349 3413 comes
1378 3357 1735 3414 venerabilem
1766 3358 1847 3412 vi-

265 3454 378 3497 rum
440 3442 797 3498 Herculanum
850 3446 1160 3515 episcopum
1218 3461 1377 3515 super
1433 3446 1581 3501 urbis
1636 3462 1847 3501 murum

266 3531 549 3589 deductum
572 3536 747 3604 capite
779 3537 1042 3592 truncavit
1064 3580 1079 3605 ,
1113 3537 1336 3608 ejusque
1363 3547 1542 3593 cutem
1565 3538 1678 3606 jam
1707 3552 1852 3592 mor-

269 3623 343 3677 tui
371 3640 402 3678 a
432 3626 634 3681 vertice
662 3642 831 3696 usque
860 3628 926 3681 ad
959 3629 1270 3684 calcaneum
1300 3628 1517 3695 incidit,
1551 3637 1608 3684 ιιι
1634 3642 1698 3684 ex
1728 3626 1851 3697 ejus

270 3728 491 3781 corpore
537 3716 767 3786 corrigia
817 3718 1023 3773 sublata
1058 3719 1354 3774 videretur.
1389 3720 1614 3789 Moxque
1651 3733 1850 3790 corpus

274 3806 409 3859 illius
431 3818 582 3860 extra
612 3822 820 3861 murum
844 3808 1083 3877 projecit.
1110 3810 1259 3865 Tunc
1285 3812 1523 3879 quidam,
1551 3811 1851 3864 humanita-

276 3898 337 3951 tis
370 3898 564 3966 pietate
592 3900 877 3968 compulsi,
905 3912 926 3938 ε
953 3903 1245 3956 abscissum
1269 3912 1427 3970 caput
1455 3905 1654 3957 cervici
1686 3918 1851 3970 appo-

273 4001 479 4054 nentes,
509 4004 630 4045 Cum
657 4006 762 4045 uno
794 3994 1012 4060 parvulo
1041 3991 1261 4057 infante,
1296 3995 1384 4061 qui
1417 3994 1525 4047 illic
1555 3995 1852 4048 exstinctus

274 4079 519 4133 inventus
543 4090 626 4135 est
639 4081 789 4149 juxta
813 4099 1042 4147 nmrum,
1080 4099 1276 4152 corpus
1300 4084 1537 4153 episcopi
1561 4086 1853 4153 sepulturas

276 4172 625 4227 tradiderunt.
661 4175 900 4244 Cumque
931 4185 1048 4244 post
1080 4176 1325 4230 eamdem
1356 4177 1558 4231 cmdem
1600 4176 1686 4231 die
1723 4192 1855 4244 qua-

276 4264 573 4333 dragesimo
611 4281 705 4321 rex
733 4267 904 4321 Totila
946 4269 1193 4337 jussisset
1239 4278 1295 4323 ut
1340 4273 1482 4321 cives
1534 4268 1683 4323 urbis
1712 4270 1854 4323 illius

277 4356 360 4423 qui
391 4355 632 4423 quolibet
660 4357 882 4427 disiiersi
912 4368 1093 4413 essent
1139 4359 1206 4413 ad
1234 4374 1353 4414 eam
1388 4374 1505 4413 sme
1531 4360 1711 4427 aliqua
1743 4368 1853 4412 tre-

280 4446 546 4513 pidatione
577 4458 919 4518 remearent,
950 4450 1001 4504 hi
1034 4451 1123 4520 qui
1152 4451 1297 4519 prius
1332 4450 1524 4506 famem
1568 4451 1854 4520 fugerant.

280 4538 489 4593 vivendi
523 4539 731 4594 licentia
760 4552 981 4611 accepta
1001 4543 1205 4600 reversi
1227 4552 1372 4597 sunt.
1402 4543 1529 4609 Sed,
1554 4544 1707 4608 cujus
1729 4544 1855 4597 vita:

281 4640 458 4681 eorum
479 4630 761 4700 episcopus
791 4632 965 4688 fuerat
986 4649 1272 4705 memores,
1299 4636 1385 4690 ubi
1416 4636 1684 4704 sepultum
1712 4644 1855 4688 esset

281 4733 471 4787 corpus
502 4723 643 4777 illius
668 4726 1004 4793 quaesierunt
1024 4768 1036 4789 .
1075 4735 1131 4782 ut
1160 4728 1262 4782 hoc
1283 4727 1432 4796 juxta
1467 4728 1722 4781 honorem
1755 4726 1853 4779 de-

283 4810 445 4867 bitum
495 4816 549 4868 in
596 4816 836 4871 Ecclesia
883 4819 1022 4873 beati
1071 4819 1211 4874 Petri
1258 4818 1487 4887 apostoli
1547 4818 1854 4872 bumarent.

284 4901 517 4972 Cumque
545 4904 676 4960 itum
702 4916 848 4962 esset
878 4908 942 4962 ad
974 4910 1279 4977 sepulcrum
1302 4950 1317 4975 ,
1343 4909 1540 4964 eiTossa
1568 4917 1710 4963 terra
1731 4951 1746 4974 ,
1777 4907 1862 4961 in-

285 5004 543 5050 venerunt
590 5011 784 5065 corpus
815 5000 961 5066 pueri
1010 5000 1208 5068 pariter
1251 5001 1487 5066 humati,
1537 5012 1718 5068 utpote
1751 5000 1861 5069 jam

284 5083 370 5137 die
397 5086 831 5156 quadragesimo,
870 5092 990 5145 tabe
1016 5101 1346 5160 corruptum,
1372 5101 1427 5146 et
1447 5090 1719 5145 vermibus
1750 5089 1860 5157 ple-

288 5189 408 5228 num
431 5191 448 5241 ;
478 5190 676 5247 corpus
699 5193 829 5234 vero
850 5180 1085 5250 episc0pi
1110 5196 1173 5236 ac
1196 5182 1242 5236 si
1265 5182 1352 5237 die
1375 5180 1566 5237 eodem
1595 5188 1741 5236 esset
1767 5192 1857 5233 se-

366 5378 391 5406 ⁸
418 5368 559 5426 Urbs
579 5380 661 5425 est
689 5371 912 5425 Etruri:e
939 5372 1287 5427 celeberrima
1328 5372 1393 5426 ad
1442 5371 1676 5425 Tiberim
1709 5411 1723 5433 ,
1754 5370 1866 5438 epi-

288 5447 506 5512 Seupatu
540 5450 596 5495 et
623 5442 898 5497 academia
923 5442 1160 5510 insignis.
1188 5442 1362 5507 Longa
1388 5443 1503 5512 ejus
1524 5440 1766 5505 obsidio,
1799 5440 1867 5512 de

289 5526 386 5574 qua
413 5510 522 5577 hic,
556 5527 714 5577 quam
744 5518 943 5565 munita
974 5516 1152 5578 fuerit,
1192 5514 1399 5580 probat.
1419 5510 1488 5566 ‘ln
1520 5513 1706 5566 eadem
1734 5511 1866 5564 urbe

291 5580 358 5631 Il.
386 5582 653 5637 Antonius
685 5584 752 5637 ab
781 5586 1020 5650 Augusto
1056 5585 1313 5639 obsessus
1354 5586 1490 5637 fatue
1531 5592 1746 5635 coactus
1785 5590 1867 5635 est

289 5650 617 5707 deditionem
667 5654 874 5719 facere;
926 5653 1068 5709 unde
1113 5653 1450 5724 proverbium
1497 5651 1748 5706 Perusina
1788 5653 1868 5720 [a-

291 5738 413 5775 mea.

364 5792 391 5831 δ
420 5793 647 5860 Quidam
677 5793 1069 5847 subodorantur
1113 5795 1394 5861 legendum
1433 5793 1687 5848 mensibus
1712 5832 1726 5855 ,
1762 5809 1864 5844 non

298 5864 446 5919 annis
468 5876 683 5936 septem.
706 5864 901 5920 Eorum
923 5865 1243 5936 conjectura:
1267 5866 1443 5921 nullus
1468 5880 1497 5920 c
1520 5865 1644 5920 Mss.
1672 5866 1871 5918 nostris

1938 2072 1964 2126 6
2003 2073 2281 2145 ἁγιώτατοι*
2321 2074 2446 2145 ἀνὴρ
2497 2071 2868 2145 Ἐρκουλᾶνοςό
2905 2070 3188 2145 ἀναθρέψας
3226 2074 3401 2135 αὑτόν,
3434 2082 3525 2131 τῆς

1936 2162 2130 2224 πόλεως
2159 2169 2443 2240 Περουσίας
2472 2166 2747 2223 ἐπίσκοπος
2775 2166 2993 2233 γέγονεν,
3021 2167 3074 2217 ἐκ
3109 2173 3200 2223 τῆς
3242 2174 3525 2233 μοναχικὴς

1938 2259 2253 2330 ἀναστροφῆς
2290 2259 2360 2317 εἰς
2390 2258 2472 2309 τόν
2499 2265 2591 2315 τῆς
2621 2251 2903 2328 ἱερωσύνης
2932 2255 3125 2323 βαθμὸν
3172 2257 3350 2331 χάριτι
3395 2262 3524 2309 Θεοῦ

1939 2349 2201 2419 ἀναχθείς.
2235 2356 2356 2407 Τοῖς
2394 2346 2446 2401 δὲ
2507 2354 2705 2418 καιροῖς
2754 2352 2844 2399 τιῦ
2890 2344 3178 2405 δυσσεϐοῦς
3215 2346 3397 2399 Τοτίλα
3438 2351 3528 2399 τοῦ

1939 2442 2111 2517 ρηγός,
2143 2444 2232 2497 τήν
2270 2441 2421 2496 αὐτὴν
2448 2438 2590 2491 πόλιν
2620 2437 2751 2490 ἑπτὰ
2791 2435 2877 2493 ἔτη
2911 2434 3205 2496 σπουδαίως
3235 2437 3528 2508 ἐπολιόρκη-

1941 2551 2027 2585 σεν
2056 2529 2081 2584 ό
2108 2537 2206 2583 τῶν
2234 2528 2433 2583 Γότθων
2455 2527 2699 2601 στρατός.
2727 2531 2803 2584 Μή
2829 2524 3092 2593 δυνάμενοι
3121 2524 3172 2580 δέ
3198 2532 3287 2583 τήν
3313 2529 3531 2597 ἀνάγκην

1940 2628 2030 2677 τοῦ
2054 2622 2201 2688 λιμοῦ
2231 2617 2257 2656 ἀ
2290 2622 2556 2690 ὑπενέγκαι
2578 2660 2593 2684 ,
2621 2619 2791 2672 πολλοὶ
2836 2620 2889 2672 ἐκ
2938 2630 3034 2673 τῶν
3080 2619 3297 2673 πολιτῶν
3330 2617 3527 2690 ἔφυγον.

1942 2710 2100 2766 Οὔπω
2127 2711 2181 2766 δὲ
2202 2717 2290 2767 τοῦ
2313 2710 2525 2781 ἑίδόμου
2562 2721 2583 2747 ⁸
2620 2711 2815 2782 χρόνου
2839 2710 3201 2784 πληρωθέντος,
3226 2714 3383 2786 ἥνπερ
3414 2713 3530 2764 ἐπο-

1941 2803 2166 2877 λιόρκουν
2193 2801 2333 2856 πόλιν
2361 2802 2405 2855 οί
2437 2802 2620 2863 Γότθοι,
2661 2801 2966 2875 παρέλαϐον.
2998 2801 3121 2855 Τότε
3148 2800 3173 2855 6
3203 2801 3359 2869 κόμης
3386 2801 3410 2854 6
3437 2807 3529 2856 τοῦ

1943 2898 2093 2949 αὑτοῦ
2139 2900 2363 2969 στρατοῦ
2405 2898 2668 2967 προεστὼς
2716 2896 2849 2966 πρὸς
2887 2895 3099 2948 Τοτίλαν
3128 2900 3212 2949 τόν
3240 2894 3370 2966 ρἦα
3400 2896 3531 2947 ἀπέ-

1944 2988 2133 3041 στειλεν
2170 2990 2370 3060 ἐρωτῶν
2400 2990 2519 3055 περὶ
2547 2994 2636 3041 τοῦ
2661 2988 2935 3041 ἐπισκόπου
2965 2991 3046 3040 καί
3073 2994 3162 3040 τοῦ
3194 2988 3342 3051 λαοῦ,
3368 2990 3417 3041 τί
3447 3007 3531 3040 κεο

1945 3078 2077 3133 λεὺει
2098 3082 2284 3139 αὐτοὺς
2302 3081 2547 3151 γενέσθαι.
2573 3090 2626 3132 ’Θ
2656 3077 2709 3133 δὲ
2919 3078 3169 3131 ἐκέλευσεν
3188 3078 3532 3149 αὑτῷ,λέγων⁶

1947 3178 2042 3224 Τοῦ
2066 3171 2347 3224 ἐπισκόπου
2375 3177 2573 3244 πρῶτον
2596 3171 2698 3223 ἀπὸ
2723 3178 2814 3228 τῆς
2836 3178 3053 3242 κορυφῆς
3076 3170 3172 3227 ἕως
3200 3176 3289 3228 τῆς
3317 3172 3533 3243 πτέρνης

1954 3262 1973 3300 ί
2001 3264 2150 3337 λωρὶν
2191 3264 2244 3316 ἐκ
2272 3268 2359 3318 τοῦ
2403 3260 2653 3334 δέρματος
2697 3259 2920 3336 ἕπαρον,
2948 3264 3029 3313 καί
3056 3262 3168 3314 τότε
3206 3267 3295 3319 τήν
3326 3261 3536 3331 κεφαλήν

1953 3356 2109 3409 αὑτοῦ
2138 3353 2382 3423 ἀπότεμε,
2414 3354 2583 3407 πάντα
2603 3351 2657 3406 δὲ
2685 3354 2771 3406 τόν
2796 3353 2912 3405 λαὸν
2943 3353 3029 3406 τόν
3051 3352 3213 3404 ἐκεῖσε
3245 3351 3533 3424 εὑρεθέντα,

1952 3448 2004 3501 ἓν
2029 3447 2272 3519 μαχαίρᾳ
2312 3443 2620 3499 ἀπόκτεινον.
2665 3444 2783 3497 Τότε
2812 3441 2837 3496 6
2867 3444 3019 3500 αὐτὸς
3047 3441 3198 3511 κόμης
3226 3444 3309 3495 τζν
3338 3440 3539 3493 εὐλαϐέ-

1952 3556 2141 3592 στατον
2170 3533 2329 3607 ἄνδρα
2357 3534 2670 3607 Ἐρκουλὸινον
2705 3533 2791 3587 τὸν
2819 3534 3094 3587 ἐπίσκοπον
3121 3530 3291 3586 ἐπάνω
3318 3537 3418 3584 τῶν
3437 3550 3539 3585 τει-

1952 3630 2091 3700 χέων
2118 3636 2208 3687 τῆς
2239 3627 2433 3686 πόλεως
2462 3627 2751 3696 ἀνενέγκας,
2774 3628 2864 3682 τήν
2886 3624 3089 3693 κεραλήν
3113 3624 3269 3675 αὑτοῦ
3293 3624 3535 3693 ἀπέτεμε.

1950 3727 2133 3793 Νεκροῦ
2165 3718 2219 3774 δὲ
2248 3721 2405 3774 αὑτοῦ
2432 3718 2604 3772 λοιπὸν
2643 3714 2805 3784 ὄντος,
2838 3716 2939 3770 ἀπὸ
2964 3723 3056 3774 τῆς
3085 3723 3301 3789 κορυφῆς
3325 3715 3421 3773 ἕως
3446 3722 3536 3774 τῆς

1954 3816 2172 3885 πτέρνης
2197 3813 2255 3868 τὸ
2287 3810 2450 3884 δέρμα
2478 3810 2770 3880 διέσχισεν,
2798 3810 2882 3863 ἵνα
2909 3818 3033 3879 φανῇ
3084 3809 3139 3861 ἐκ
3173 3813 3263 3860 τοῦ
3300 3810 3538 3875 σώματος

1953 3907 2111 3960 αὑτοῦ
2157 3906 2307 3977 λωρ’ν
2358 3904 2655 3977 ἐπαρθῆναι.
2710 3903 2911 3959 Εὐθέως
2952 3898 3006 3953 δὲ
3034 3901 3092 3954 τὸ
3121 3909 3360 3967 σκήνωμα
3386 3898 3538 3950 αὑτοῦ

1954 3995 2054 4060 5"on
2083 4002 2173 4049 τοῦ
2199 3996 2414 4065 τείχους
2442 3992 2637 4069 ἔὸριψε.
2672 3992 2795 4047 Τότε
2822 3996 2952 4051 τινὲς
2975 3990 3259 4063 ἀνθρωπίνῃ
3282 3987 3540 4058 εὐσπλαγ-

1956 4092 2080 4163 χνίᾳ
2112 4090 2388 4146 νικηθέντες
2411 4126 2426 4151 ,
2451 4092 2541 4143 τήν
2574 4086 2874 4137 ἐκκοπεῖσαν
2897 4082 3055 4153 αὑτοῦ
3082 4079 3291 4152 κεφαλήν
3314 4085 3385 4148 τῷ
3408 4096 3539 4151 τρα-

1957 4183 2101 4253 χήλῳ
2146 4183 2553 4241 ἐπιστήσαντες,
2593 4175 2701 4247 ἅμα
2745 4175 2848 4234 ἑνός
2894 4179 3080 4243 σεμνοῦ
3131 4170 3333 4227 παιδίου
3377 4169 3541 4222 ἐκεῖσε

1960 4274 2270 4343 ἐσφαγμένου
2320 4270 2627 4342 εὑρεθέντος,
2670 4265 2881 4323 πλησίον
2926 4270 3017 4317 τοῦ
3044 4261 3256 4330 τείχους
3296 4258 3354 4312 τό
3392 4265 3545 4324 σῶμα

1956 4372 2043 4421 τοῦ
2072 4363 2349 4419 ἐπισκόπου
2376 4368 2437 4435 τῇ
2463 4366 2594 4432 ταφῇ
2618 4355 2933 4431 παρέδωκαν.
2966 4354 3115 4406 Μετά
3146 4350 3198 4405 δὲ
3236 4352 3426 4405 ταύτην
3454 4353 3545 4404 τὴν

1960 4457 2169 4519 ἅλωσιν,
2200 4452 2561 4527 παρελθουσῶν
2612 4450 2811 4521 ἡμερῶν
2857 4445 3259 4515 τεσσαράκοντα,
3314 4440 3543 4491 ἐκέλευσε

1959 4550 2167 4607 Τότιλας
2194 4547 2220 4601 6
2243 4548 2353 4623 ρήξ,
2379 4546 2465 4597 ἶνα
2495 4541 2624 4597 ὅπου
2653 4539 2697 4595 δ’
2718 4535 2776 4593 ἀν
2804 4539 2849 4591 οξ
2874 4545 2965 4596 τῆς
3000 4537 3189 4592 πόλεως
3227 4530 3409 4587 ἐκείνης
3447 4549 3545 4581 πο-

1960 4642 2092 4695 λῖται
2125 4637 2605 4710 διεσκορπίσθησαν,
2642 4633 2712 4690 εἰς
2751 4631 2908 4685 αὐτὴν
2939 4625 3058 4681 ἄνευ
3092 4632 3183 4683 τῆς
3208 4624 3414 4676 οίασοῦν
3440 4617 3543 4673 δει-

1961 4733 2071 4791 λίας
2098 4725 2487 4803 ὑποστρέψωσι.
2532 4722 2722 4779 Πάντες
2762 4714 2848 4772 οὖν
2888 4717 2933 4770 οἱ
2974 4715 3055 4769 διὰ
3084 4717 3169 4768 τόν
3195 4712 3333 4780 λιμόν
3373 4712 3548 4782 πρώην

1965 4822 2223 4897 φυγόντες,
2258 4821 2342 4872 καί
2361 4812 2451 4872 τοῦ
2478 4818 2565 4888 ζῇν
2591 4810 2762 4867 ἄδειαν
2787 4808 3046 4867 λαϐόντες,
3077 4809 3128 4860 ἐν
3155 4807 3280 4878 αὑτῇ
3303 4805 3550 4876 ὑπέστρεο

1966 4917 2089 4988 ψαν.
2131 4911 2551 4983 ’Υπομνησθὲντες
2580 4905 2634 4961 δέ
2676 4908 2825 4964 ποίας
2869 4907 3000 4966 ζωῆς
3027 4900 3051 4954 6
3081 4900 3355 4956 ἐπίσκοπος
3383 4893 3553 4949 αὑτῶν

1967 4987 2159 5081 γέγονε.
2193 5010 2292 5059 ποῦ
2330 5002 2387 5055 τὸ
2416 5007 2569 5069 σῶμα
2598 4998 2755 5051 αὑτοῦ
2785 4994 3083 5061 τεθαμμένον
3110 4990 3348 5060 ὑπῆρχεν
3377 4987 3555 5049 ἐζήτη-

1969 5120 2065 5155 σαν
2085 5136 2101 5162 ,
2146 5094 2287 5155 ὅπως
2316 5100 2470 5149 τοῦτο
2506 5098 2569 5165 τῇ
2607 5085 3035 5161 κεχρεωστημένῃ
3063 5088 3184 5153 τιμῇ
3210 5081 3259 5132 ἐν
3283 5086 3345 5152 τῇ
3380 5077 3553 5133 ἐκκλη-

1975 5205 2064 5275 σία
2083 5205 2172 5257 τοῦ
2194 5200 2445 5271 μακαρίου
2468 5195 2654 5268 Πέτρου
2675 5197 2760 5245 τοῦ
2779 5186 3085 5243 ’Δποστόλου
3107 5182 3354 5251 θάψωσιν.
3376 5179 3555 5234 ’Δπελ-

1971 5369 2137 5423 favet.
2172 5367 2347 5422 Potuit
2376 5364 2479 5419 dici
2510 5362 2730 5416 obsessa
2758 5352 3285 5430 hiec‘urbsouandju
3315 5349 3554 5430 Totila!)

1971 5440 2336 5494 Gutborumve
2361 5433 2629 5490 exercitus
2652 5445 2836 5503 agrum
2865 5427 3182 5483 Perusinum
3210 5423 3451 5477 Romanu
3475 5423 3551 5472 vi-

1972 5510 2565 5575 ciunmoemiparunt._
2643 5572 2652 5575 Α
2851 5570 2864 5575 _
2954 5568 2965 5575 _
3013 5567 3060 5575 ,,
3209 5565 3222 5575 .
3294 5564 3305 5575 .
3379 5561 3390 5572 .

2047 5558 2337 5647 'ci‘iit'piéi.‘
2365 5558 2789 5639 bis.,nbscisum,
2817 5570 2883 5625 ab
2913 5567 3114 5632 abcido,
3138 5565 3223 5621 vel
3252 5558 3478 5617 abscide.

2042 5648 2067 5686 ἀ
2102 5650 2224 5716 Ms,
2249 5651 2533 5716 ὑπομεῖναι.

2050 5729 2070 5757 ⁸
2106 5713 2223 5785 Ms,
2254 5713 2504 5790 τοῦἑπτᾲ
2533 5714 2741 5790 χρόνου.

2052 5790 2067 5827 ί
2103 5790 2225 5857 Ms.,
2258 5790 2432 5864 λῶρον.
2459 5788 2527 5842 At
2549 5786 2756 5858 postea,
2779 5786 2946 5855 λωρίν.
