4000 6384
399 423 504 477 ΞΠ
1613 414 1850 468 SANCTI
1894 412 2222 469 GREGORII
2261 412 2475 468 MAGNI
3575 406 3689 461 9.28

400 535 634 603 ἀδελφοὶ,
665 533 938 586 παύσασθε
963 532 1159 595 λοιπὸν,
1190 530 1318 582 πολύ
1352 528 1448 600 γὰρ
1494 525 1726 596 Excipi-21's.
1753 526 1981 597 Ἐνέγκας
2019 527 2073 581 δὲ
2107 527 2326 599 τροφὰς,
2372 527 2502 594 μετὰ
2542 525 2627 575 τόν
2666 523 2917 574 τοσούτου
2961 523 3191 592 καμάτου
3245 521 3424 587 κόπον,
3465 527 3699 583 τούτους

401 627 723 699 εύνρρανθῆναι
758 626 1020 680 πεποίηκε.
1071 624 1424 696 Κορεσθέντων
1473 620 1526 674 δέ
1573 623 1759 685 αὐτῶν,
1800 618 1935 676 εἶπεν
1986 625 2179 681 αὐτοῖς’
2235 625 2319 676 Μὴ
2374 620 2612 675 θελήσατε
2655 624 2745 672 τοῦ
2789 618 2969 669 λοιποῦ
3017 616 3165 670 κακὸν
3211 617 3430 689 πράξαι,
3473 614 3578 671 εἴτε
3634 617 3700 672 δέ

402 718 585 790 χρείαν
623 712 676 766 ἐκ
717 718 806 765 τοῦ
847 716 1005 770 κήπου
1038 709 1214 779 ἔχετε.
1255 709 1338 765 διὰ
1387 719 1475 770 τῆς
1519 710 1716 764 εἰσόδου
1771 712 2055 780 ἐλευθερίως
2096 710 2359 785 ἐρχόμενοι
2402 708 2709 769 αἰτήσασθε,
2758 709 2838 758 καί
2867 706 2975 774 μετ’
2999 707 3228 778 εὐλογίας
3263 707 3464 766 λάϐετε,
3497 708 3600 762 ἀπὸ
3637 707 3700 763 δί

403 815 500 864 τῆς
545 809 634 857 τοῦ
680 802 966 870 κλέμματος
1019 799 1275 872 ἁμαρτίας
1330 798 1587 852 ἐνδόσατε.
1637 801 1858 872 ΙΙαρευθύ
1913 799 1962 853 δὲ
2019 802 2226 866 λάχανα
2271 800 2589 866 συναχθῆναι
2649 798 2922 858 κελεύσας,
2968 797 3184 855 τούτους
3220 799 3538 866 χορτωθῆναι
3591 819 3700 853 πε·

400 899 599 951 ποὶηκε.
649 895 822 964 Γέγονε
855 889 907 943 δέ
954 892 1084 942 ὥστε
1131 890 1175 941 οἰ
1206 894 1274 948 εἰς
1317 891 1401 943 τὸν
1428 898 1586 947 κῆπον
1618 893 1702 943 ὲπί
1735 893 1789 943 τό
1819 891 1995 960 κλέψαι
2035 892 2274 951 ἐλθόντες,
2308 892 2402 943 σύν
2446 897 2520 961 τῷ
2554 891 2722 960 μισθῷ
2769 895 2860 943 τοῦ
2913 889 3140 959 καμάτου
3183 892 3346 942 αὒτῶν
3388 891 3656 959 ἐμπεπλησ
3680 923 3712 936 ο-

403 986 560 1054 ρὲνοι,
587 985 668 1034 καί
689 980 928 1039 ἀϐλαϐεῖς
956 979 1367 1054 ύποστρέψωσιν.

473 1082 550 1125 Ἐν
583 1070 714 1140 ἄλλῳ
740 1074 902 1126 τοίνυν
931 1078 1106 1144 καιρῷ.
1133 1073 1253 1134 ξένοι
1286 1074 1415 1130 τινὲς
1454 1071 1578 1146 πρός
1609 1072 1761 1123 αύτόν
1791 1070 1988 1138 ἐλεημοσ

2169 1071 2290 1124 Alio
2341 1087 2556 1140 quuqlte
2611 1080 2853 1137 tempore
2903 1078 3246 1122 accesserunt
3290 1069 3352 1122 ad
3383 1085 3504 1124 eum
3539 1086 3696 1136 pere-

404 1169 562 1222 σύνην
599 1169 868 1228 ζητοῦντες
909 1164 1256 1239 παρεγένοντο,
1304 1161 1502 1239 ρἀκὼδη
1557 1164 1736 1231 ἱμάτια
1777 1168 1996 1232 ἠμφιασ.

409 1258 565 1312 μένον
593 1258 723 1308 ὥστε
747 1256 967 1325 γυμνούς
993 1256 1181 1312 αύτούς
1208 1255 1524 1327 θεωρεῖσθαι.
1556 1256 1758 1306 Τούτων
1792 1251 1845 1306 δέ
1885 1254 2000 1320 ἰμά-

409 1369 494 1402 τια
529 1355 555 1381 ⁸
585 1345 708 1414 παρ’
738 1347 894 1398 αὐτοῦ
922 1347 1256 1412 αἰτουμένων,
1292 1353 1556 1416 μυστικῶς
1595 1346 1756 1398 αὐτῶν
1785 1344 2000 1396 λαλούν-

408 1459 527 1499 των,
563 1434 871 1510 όᾶνθρωπος
905 1441 992 1488 τοῦ
1025 1442 1152 1489 Θεοῦ
1175 1438 1406 1500 ἀκήκοεν,
1436 1433 1579 1494 ὅστις
1607 1436 1693 1489 ἕνα
1719 1443 1816 1489 τῶν
1844 1437 2003 1506 μαθη-

410 1535 510 1581 τῶν
534 1529 688 1580 αύτοῦ
718 1525 744 1564 δ
773 1525 1285 1599 προσκαλεσάμενος,
1325 1536 1588 1597 μυστικῶς
1621 1529 1880 1582 ἐκέλευσεν
1906 1530 2002 1580 αύ-

410 1624 506 1684 τῷ,
534 1616 710 1687 λέγων’
742 1614 951 1670 Ἀπελέθε
995 1618 1042 1668 ἐν
1081 1619 1239 1688 ἐκείνῃ
1268 1625 1330 1690 τῇ
1372 1617 1463 1688 ύλῃ
1485 1655 1498 1675 ,
1531 1618 1601 1676 εἰς
1637 1615 1778 1670 τόνδε
1805 1619 1889 1670 τόν
1915 1612 2003 1669 τό·

412 1727 528 1769 πον,
552 1711 635 1759 καί
658 1708 894 1779 εύρήσεις
920 1706 1123 1780 δένδρον
1141 1709 1445 1778 ύπόκουφον,
1474 1709 1522 1760 ἐν
1547 1710 1686 1780 αύτῷ
1715 1707 2003 1779 ἐρεύνησον,

412 1798 495 1850 καὶ
524 1795 655 1867 ἅπερ
680 1800 920 1864 εύρήσεις
945 1799 1125 1866 ἰματια
1148 1795 1305 1869 ἄγαγέ
1325 1818 1430 1866 μοι.
1455 1797 1702 1850 Ἀπελθών
1729 1797 1781 1851 δέ
1811 1798 1835 1850 ό
1861 1795 2006 1851 ἆδξλ·

414 1887 500 1958 φός
530 1887 694 1946 καθὼς
739 1886 1025 1960 ἐπετράπη,
1073 1891 1160 1941 καὶ
1205 1891 1536 1950 ἐπιζητήσας,
1567 1885 1682 1962 εύρε
1726 1889 1782 1942 τὸ
1811 1885 2008 1961 δένδρον

415 1980 500 2030 καί
521 1980 586 2030 τά
609 1979 803 2048 ἱμάτια.
834 1986 1009 2032 Ταῦτα
1035 1976 1087 2031 δὲ
1119 1982 1339 2050 ἀγαγὼν,
1367 1981 1479 2033 κατ’
1508 1979 1638 2033 ἰδίαν
1672 1987 1742 2045 τῷ
1764 1977 2011 2032 διδασκά-

420 2071 489 2140 λῳ
511 2068 745 2124 δέδωκεν.
775 2067 937 2142 ’Λπερ
968 2069 992 2123 ό
1022 2076 1110 2123 τοῦ
1135 2076 1261 2123 Θεοῦ
1294 2068 1552 2144 ἅνθρωπος
1588 2069 1866 2139 δεξάμενος,
1905 2078 2012 2128 τοῖς

419 2163 598 2226 ξένοις,
649 2162 821 2220 οἵτινες
867 2165 935 2222 ὡς
980 2160 1118 2219 δῆθεν
1164 2167 1344 2233 γυμνοί
1375 2163 1552 2231 ἱμάτια
1583 2169 1813 2236 ᾐτοῦντο,
1848 2168 2014 2216 ταῦτα

416 2249 650 2317 δέδωκεν,
683 2253 832 2306 εἰπὼν
874 2254 1005 2325 πρὸς
1035 2254 1235 2311 αύτούς·
1265 2251 1470 2308 Ἐπειδή
1510 2255 1688 2322 γυμνοὶ
1718 2253 2006 2323 ύπάρχετε,

419 2349 596 2401 ὶὰιῗετε
618 2354 786 2401 ταῦτα
806 2351 889 2399 καὶ
915 2345 1216 2400 ἐνδύσασθε.
1246 2349 1566 2414 Θεασάμενοι
1597 2342 1683 2398 οῦν
1712 2348 1844 2399 αύτὰ
1881 2349 2012 2399 ἐκεῖ-

2103 1161 2236 1227 grini
2266 1162 2478 1230 quidam
2525 1157 2942 1213 misericordiam
2989 1160 3350 1225 postulantes,
3389 1160 3570 1213 sciSsis
3602 1177 3699 1214 ve-

2103 1252 2292 1317 stibus,
2342 1252 2529 1319 pannis
2560 1251 2749 1313 obsiti,
2799 1251 2865 1300 ita
2918 1256 2976 1300 ut
3020 1263 3159 1316 pene
3202 1251 3326 1302 nudi
3357 1251 3700 1304 viderentur.

2105 1345 2343 1410 Cumque
2387 1343 2528 1394 hunc
2557 1342 2871 1394 vestimenta
2907 1349 3167 1406 peterent,
3199 1355 3384 1392 eurum
3418 1343 3580 1393 verba
3617 1343 3704 1392 vir

2109 1434 2312 1486 Domini
2356 1435 2548 1487 tacitus
2577 1433 2808 1494 audivit;
2839 1433 2926 1498 qui
2956 1450 3118 1485 unum
3149 1449 3213 1486 ex
3261 1435 3536 1501 discipulis
3579 1433 3705 1487 suis

2108 1524 2352 1592 protinus
2404 1525 2626 1577 silenter
2669 1521 2900 1589 vocarit,
2954 1523 3109 1591 eique
3151 1523 3422 1590 praecepit,
3465 1524 3650 1578 dicens
3683 1539 3702 1575 :

2113 1614 2276 1674 Vade.
2309 1624 2467 1683 atque
2498 1615 2550 1667 in
2583 1614 2668 1667 illa
2699 1615 2837 1667 silva
2881 1615 2932 1666 in
2967 1615 3084 1666 loco
3117 1614 3202 1665 tali
3233 1628 3416 1667 cavam
3448 1617 3704 1672 arborem

2111 1707 2354 1773 require;
2398 1717 2454 1759 et
2485 1707 2800 1760 vestimenta
2839 1721 2957 1774 qua:
3008 1706 3060 1758 in
3105 1723 3167 1760 ea
3212 1706 3484 1760 inveneris
3527 1707 3703 1762 defer.

2109 1796 2346 1864 Cumque
2388 1795 2679 1862 discipulus
2730 1795 2989 1859 abiisset,
3034 1795 3281 1848 arborem
3331 1797 3468 1849 sicut
3527 1797 3706 1854 fuerat

2107 1885 2313 1954 jussqu
2365 1886 2680 1954 requisivit,
2729 1887 3042 1938 vestimenta
3089 1887 3320 1954 reperit,
3371 1897 3425 1939 et
3471 1889 3704 1941 latenter

2111 1977 2299 2029 detulit
2330 1978 2602 2044 magistro.
2654 1978 2781 2043 Qua}
2813 1979 2892 2031 vir
2925 1977 3017 2029 Dei
3051 1978 3367 2045 suscipiens,
3403 1978 3703 2045 peregrinis

2115 2069 2270 2120 nudis
2300 2079 2462 2133 atque
2495 2069 2795 2134 petentibus
2834 2068 3079 2122 ostendit
3119 2081 3170 2120 et
3207 2069 3448 2135 praabuit,
3482 2070 3704 2121 (iitellS:

2116 2159 2324 2221 Venite,
2356 2161 2477 2228 quia
2503 2161 2647 2213 .nudi
2686 2161 2838 2224 estis,
2878 2176 3004 2214 ecce
3049 2162 3252 2224 tollite,
3281 2172 3334 2213 et
3365 2163 3496 2214 vesti
3524 2177 3554 2214 e
3581 2177 3705 2215 vos.

2116 2251 2238 2303 llmc
2286 2251 2359 2302 illi
2407 2251 2707 2314 intuentes,
2748 2262 3168 2319 recognoverunt
3213 2266 3333 2318 quze
3391 2261 3705 2318 posuerant,

2119 2358 2417 2411 magnoque
2454 2343 2654 2410 pudore
2684 2345 3009 2396 consternati
3061 2351 3213 2405 sunt;
3249 2355 3302 2395 et
3346 2343 3436 2410 qui
3484 2344 3707 2396 l'raudu-

421 2461 515 2504 νοι,
544 2443 628 2493 καί
660 2441 996 2510 ἐπιγνοῦντες,
1026 2439 1104 2492 ότι
1144 2439 1274 2511 ἅπερ
1309 2437 1539 2511 ἕκρυῷάν
1575 2449 1595 2474 ε
1629 2443 1760 2497 εἰσι.
1794 2442 2007 2509 μεγίστη

2124 2435 2289 2487 lenter
2321 2432 2636 2487 vestimenta
2672 2433 2983 2502 quarebant
3008 2433 3202 2500 aliena,
3247 2433 3453 2488 contusi
3485 2449 3706 2501 recepe-

421 2533 639 2604 ἐντροπὴ
667 2532 853 2588 αύτούς
879 2532 1156 2598 κατέσχεν.
1188 2539 1260 2581 Ἐν
1289 2528 1391 2598 ὅσῳ
1418 2528 1470 2581 δὲ
1505 2532 1634 2598 μετὰ
1665 2529 1808 2582 δόλου
1835 2530 2010 2599 ἱμάτια

426 2621 664 2696 ἀλλότρια
690 2623 917 2685 ἐζήτουν,
951 2621 1415 2692 καταισχυνόμενοι
1443 2623 1506 2675 τὰ
1532 2619 1636 2675 ἴδια
1666 2621 1937 2675 ἀπέλαϐον.

495 2715 574 2769 Ἐν
604 2713 735 2784 ἄλλῳ
763 2717 914 2769 πάλιν
943 2724 1099 2791 καιρῷ
1133 2724 1244 2774 ταῖς
1278 2717 1462 2769 τούτου
1502 2716 1686 2784 εύχαῖς
1720 2715 1891 2768 ἑαυτόν
1935 2736 2014 2774 τις

424 2807 838 2883 παρατιθέμενος,
874 2808 964 2862 δύο
993 2804 1246 2879 σπυρίδας
1279 2803 1444 2878 ἄρτων
1470 2806 1675 2879 πλήρεις
1715 2807 1854 2874 αύτῷ
1890 2806 2014 2858 ἀπέο

427 2895 636 2950 στειλεν’
673 2897 698 2948 ὁ
736 2893 788 2948 δέ
835 2897 986 2954 αὐτὸς
1013 2903 1133 2954 παῖς
1162 2900 1250 2952 τήν
1277 2899 1396 2962 μίαν
1439 2895 1487 2956 ἐξ
1519 2892 1686 2947 αὐτῶν
1732 2895 1782 2947 ἐν
1812 2901 1874 2965 τῇ
1915 2891 2015 2962 όδῷ

426 2983 711 3058 ἀπέκρυψε,
744 2990 834 3042 τήν
864 2984 915 3038 δέ
958 2986 1134 3059 ἑτέραν
1178 2988 1308 3059 πρὸς
1358 2988 1440 3039 τὸν
1487 2981 1745 3058 ἄνθρωπον
1767 2990 1856 3039 τοῦ
1887 2989 2014 3038 Θεοῦ

425 3079 700 3147 ἀπήγαγεν
759 3080 843 3130 καί
894 3084 982 3134 τήν
1032 3076 1231 3136 αἴτησιν
1283 3084 1370 3132 τοῦ
1418 3078 1810 3138 ἀποστείλαντος
1861 3080 2017 3132 αὐτὸν

427 3170 705 3242 ἀνήγγειλε,
736 3176 920 3224 τοῦτον
941 3169 1025 3224 διὰ
1052 3178 1151 3224 τῶν
1190 3170 1363 3243 δώρων
1389 3178 1451 3243 τῇ
1487 3173 1621 3242 εὐχῇ
1665 3173 1823 3225 αὐτοῦ
1852 3191 2018 3244 παρα-

428 3264 703 3332 τιθέμενος.
729 3273 784 3315 ‘O
813 3261 866 3315 δὲ
887 3270 978 3317 τοῦ
1007 3271 1131 3317 Θεοῦ
1157 3261 1439 3337 ἄνθρωπος,
1468 3265 1649 3339 ἱλαρῶς
1680 3270 1843 3318 ταῦτα
1877 3263 2019 3328 δεξά-

431 3372 600 3421 μενος,
629 3354 716 3406 τὸν
759 3355 907 3406 αὐτὸν
952 3353 1112 3408 παῖδα
1137 3357 1403 3417 νουθετῶν,
1434 3355 1547 3427 ἔπ’
1573 3358 1730 3430 Χάριν
1761 3355 1878 3425 ἔχω
1907 3359 2015 3426 μὲν,

429 3442 549 3496 ἀλλά
571 3442 722 3509 βλέπε
753 3447 842 3500 τήν
870 3444 1100 3519 σπυρίδα
1128 3447 1183 3503 ἣν
1206 3448 1255 3498 ἐν
1280 3456 1342 3519 τῇ
1374 3445 1471 3519 ὀδῷ
1499 3446 1708 3510 gemam,
1750 3452 1818 3517 μὴ
1838 3447 2022 3516 τολμή-

431 3551 526 3603 σῃς
563 3532 734 3601 ἀφυῶς
778 3534 909 3606 αύτῇ
948 3536 1181 3604 ἐγγίσαι,
1215 3538 1491 3593 εύσυνέτως
1517 3534 1570 3588 δέ
1596 3537 1786 3604 μᾶλλον
1806 3575 1819 3596 ,
1849 3535 2020 3594 ἐπειδὴ

432 3618 541 3693 ὄφις
567 3623 617 3674 ἐν
644 3625 776 3693 αὐτῇ
800 3624 1014 3686 εἰσῆλθε,
1048 3627 1134 3676 καί
1156 3627 1237 3678 ἐὰν
1259 3628 1315 3693 ά,
1327 3633 1428 3682 υῶς
1453 3627 1639 3680 ταύτην
1667 3627 1857 3697 ἐπᾶραι
1885 3625 2021 3681 θελή⁶

431 3729 545 3781 «pc,
584 3711 769 3770 ιιέλλεις
799 3712 900 3764 ύπὸ
939 3719 1030 3764 τοῦ
1069 3709 1224 3780 ὄφεως
1245 3712 1514 3781 δηχθήναι.
1561 3711 1768 3772 Τούτοις
1817 3712 1870 3766 δὲ
1909 3723 2022 3773 τοῖς

2115 2534 2236 2577 l'lllll
2258 2538 2370 2576 sua.

2187 2707 2307 2762 Alio
2348 2722 2558 2776 quoque
2589 2715 2828 2775 tempore
2875 2708 3087 2776 quidam
3126 2723 3184 2762 se
3223 2707 3337 2777 ejus
3367 2709 3707 2766 orationibus

2117 2800 2521 2862 Commendans,
2553 2811 2766 2866 Sportas
2803 2799 2936 2852 duas
2981 2799 3161 2866 plenas
3205 2801 3480 2853 alimentis
3524 2802 3570 2853 ei
3611 2817 3705 2867 per

2121 2908 2340 2962 puerum
2383 2893 2694 2954 transit-ibit,
2733 2908 2957 2961 quarum
2990 2908 3146 2946 uuam
3194 2894 3331 2946 idem
3359 2909 3488 2961 puer
3529 2893 3706 2945 subri—

2120 2985 2255 3055 puit,
2287 2993 2446 3052 atque
2485 2986 2536 3037 in"
2577 2985 2766 3037 itinere
2804 2983 3082 3036 abscondit
3110 3002 3120 3034 :
3149 2999 3309 3037 uuam
3355 3000 3481 3037 vero
3523 2985 3585 3037 ad
3613 2985 3704 3036 Dei

2121 3076 2389 3128 hominem
2433 3075 2643 3139 detulit,
2678 3087 2730 3128 et
2772 3077 3080 3143 petitionem
3117 3077 3256 3128 illius
3299 3077 3388 3143 qui
3432 3091 3490 3129 se
3521 3078 3567 3128 ei
3611 3092 3707 3144 per

2122 3168 2342 3221 xenium
2374 3169 2845 3221 commendaverat
2875 3171 3165 3222 enarravit.
3198 3170 3363 3234 Quam
3393 3185 3466 3222 vir
3499 3169 3706 3223 Domni

2123 3261 2351 3329 benigne
2381 3261 2711 3329 suscipiens,
2755 3261 3000 3315 eumdem
3045 3277 3263 3327 puerum
3297 3263 3593 3322 admonuit,
3627 3262 3708 3314 di-

2123 3352 2523 3406 cens:Gratias
2566 3355 2796 3420 agimus,
2839 3353 2930 3405 sed
2978 3354 3122 3417 vide,
3170 3365 3410 3421 spartam
3456 3369 3612 3421 quam
3657 3355 3707 3405 in

2125 3447 2316 3498 itinere
2340 3444 2563 3512 posuisti
2590 3460 2656 3498 ne
2686 3445 2898 3499 incaute
2921 3455 3136 3515 tangere
3168 3461 3476 3512 przesumas,
3512 3447 3631 3514 quia
3659 3447 3708 3498 in

2125 3549 2242 3587 eam
2272 3549 2495 3602 serpens
2528 3535 2796 3603 ingressus
2835 3547 2938 3588 εει.
2982 3539 3109 3588 luto
3137 3552 3167 3589 e
3198 3551 3265 3603 go
3306 3537 3591 3600 sollicitus,
3643 3552 3708 3590 ne

2127 3624 2171 3674 si
2203 3624 2389 3676 tollere
2418 3625 2631 3677 incaute
2663 3625 2915 3684 Volueris.
2956 3639 2984 3676 a
3026 3637 3276 3691 serpente
3309 3626 3538 3678 feriaris.
3587 3627 3710 3692 Qni-

2128 3711 2226 3764 bus
2259 3713 2434 3765 verbis
2477 3727 2608 3778 puer
2655 3713 2810 3765 valde
2841 3715 3124 3774 contusus.
3159 3715 3452 3767 exsultavit
3497 3717 3707 3782 quidem

432 3799 600 3869 λόγοις
629 3800 825 3872 σφόδρα
852 3801 877 3853 ὁ
901 3809 1022 3859 παῖς
1043 3807 1459 3871 καταισχυνθεὶς,
1484 3805 1629 3856 πάλιν
1656 3805 2017 3874 ἠγαλλιάσατο,

2127 3801 2267 3869 quod
2293 3811 2516 3855 mortem
2540 3804 2789 3867 evaserit,
2815 3802 2908 3856 sed
2935 3803 3098 3856 tristis
3118 3803 3143 3839 ά
3167 3803 3229 3857 ad
3257 3805 3522 3858 modicum
3549 3806 3710 3860 factus

437 3886 520 3941 ὅτι
546 3890 628 3940 τὸν
654 3888 866 3943 θλνατον
899 3891 1145 3961 ἀπέφυγε.
1191 3888 1286 3961 Κᾷν
1321 3895 1419 3964 γὰρ
1448 3895 1664 3965 στυγνός
1694 3898 1825 3968 πρὸς
1863 3896 2021 3966 ὀλίγον

434 3977 632 4045 ἐγένετο
659 3975 743 4030 διὰ
768 3983 857 4033 την
878 3981 1152 4047 αἰσχύνην,
1183 3979 1306 4039 πλήν
1348 3980 1482 4054 ὅμως
1512 3983 1811 4059 σωτηριὼδη
1851 3987 2021 4056 βάσα-

437 4085 519 4118 νον
545 4069 733 4125 ταύτην
773 4066 995 4130 ἐδέξατο.
1037 4069 1392 4144 ’Ὑποστρέψας
1435 4073 1489 4128 δὲ
1531 4080 1602 4134 εἰς
1647 4082 1735 4134 τήν
1775 4076 2023 4150 σπυρίδα,

436 4159 595 4215 καθὼς
624 4157 648 4210 ὁ
675 4163 769 4211 τοῦ
824 4165 953 4211 Θεοῦ
1001 4157 1252 4233 ἄνθρωπος
1292 4174 1550 4236 προεῖπεν,
1592 4163 1758 4238 εὗρεν,
1800 4165 1877 4222 ὅτι
1920 4166 2028 4238 ὄφις

437 4249 627 4304 ταύτην
656 4251 940 4324 ἐπεκράτει.
973 4249 1135 4310 Οὗτος
1177 4256 1340 4306 τοίνυν
1381 4263 1442 4327 τῇ
1481 4253 1687 4325 δυνάμει
1728 4267 1818 4316 τῆς
1848 4259 2026 4334 ἐγκραο

437 4341 577 4397 τείας
598 4382 611 4398 ,
645 4345 729 4392 καὶ
759 4349 821 4414 τῇ
851 4347 941 4394 τοῦ
973 4350 1282 4414 προφητικοῦ
1315 4347 1602 4414 πνεύματος
1650 4349 1835 4420 χάριτι
1869 4370 2027 4402 κατα-

439 4424 795 4494 λαμπόμενος,
826 4430 996 4483 πάντα
1024 4432 1090 4484 τὰ
1135 4433 1499 4505 παρερχόμενα
1541 4437 1826 4507 πράγματα
1872 4458 2028 4490 κατα-

440 4515 638 4584 λείψας,
684 4520 818 4572 πάνυ
871 4522 1161 4594 καρτερικὸς
1210 4524 1257 4574 ἐν
1297 4532 1358 4596 τῇ
1408 4527 1538 4596 εὐχῇ
1569 4527 1828 4598 ὑπῆρχεν.
1880 4528 1947 4586 ὦς
1975 4549 2028 4582 τε

440 4606 668 4677 μεγάλως
707 4608 756 4660 ἐν
787 4610 954 4680 τούτῳ
1000 4609 1296 4686 διαπρέπειν
1342 4614 1509 4668 αὐτόν.
1557 4614 1642 4668 Ἓν
1689 4615 1743 4670 δέ
1796 4619 1845 4670 ἐν
1889 4621 2033 4690 αύτῷ

441 4706 657 4773 πρᾶγμα
684 4705 942 4773 μεμπτέον
962 4706 1280 4776 νομιζόμενον
1309 4704 1434 4762 εἶναι
1475 4711 1757 4784 ἐθεωρεῖτο.
1791 4710 2028 4769 Τοσαύτη

2131 3903 2245 3954 est,
2289 3895 2410 3961 quia
2442 3895 2684 3961 quamvis
2716 3895 2981 3947 salubrem
3015 3911 3255 3963 prauam,
3292 3907 3467 3949 tamen
3501 3897 3711 3964 pertulit

2131 3985 2501 4037 Verecundiam
2539 3999 2708 4037 suam.
2743 3985 2839 4051 Qui
2878 4000 3125 4040 reversus
3169 3988 3234 4038 ad
3268 3997 3524 4055 Spurtam,
3558 4001 3710 4041 caute

2134 4091 2197 4128 ac
2224 4077 2452 4130 sollicite
2477 4078 2722 4140 attendit,
2753 4078 2845 4132 sed
2876 4094 2990 4130 eam
3018 4079 3150 4145 jam,
3185 4079 3320 4132 sicut
3351 4083 3428 4132 vir
3461 4080 3551 4132 Dei
3578 4096 3710 4144 pra:-

2135 4169 2361 4231 dixerat,
2392 4183 2614 4235 serpens
2645 4169 2876 4221 teni-bat.
2924 4169 3015 4221 llic
3049 4168 3224 4235 itaque
3253 4184 3371 4220 cum
3402 4169 3598 4220 virtute
3624 4171 3712 4222 ali-

2134 4259 2420 4324 Stinentize,
2449 4270 2754 4325 contemptu
2787 4276 2961 4312 rerum
2995 4262 3402 4324 transeuntium,
3426 4262 3711 4328 prophetia:

2133 4351 2345 4417 spiritu,
2392 4351 2649 4403 orationis
2692 4350 2987 4402 intentione
3033 4359 3180 4403 esset
3231 4349 3713 4416 incomparabiliter

2139 4441 2411 4507 praeditus,
2447 4456 2610 4494 unum
2641 4451 2755 4492 erat
2783 4439 2923 4506 quod
2966 4440 3014 4491 in
3051 4455 3115 4492 eo
3157 4439 3574 4506 reprehensibile
3601 4453 3713 4490 esse

2136 4532 2434 4595 videbatur,
2461 4530 2602 4598 qund
2635 4545 3011 4599 nonnunquam
3045 4539 3187 4582 tanta
3219 4531 3266 4583 ei
3299 4529 3475 4581 la’tilia
3525 4531 3710 4592 inerat,

2139 4631 2197 4675 ut
2229 4621 2330 4674 illis
2363 4631 2437 4673 tot
2466 4621 2749 4675 virtutibus
2796 4622 2893 4674 nisi
2921 4623 3146 4675 sciretur
3177 4634 3296 4673 esse
3325 4621 3533 4689 plenus,
3577 4619 3715 4672 nullo

2137 4712 2296 4764 modo
2327 4711 2656 4765 crederetur.

442 4795 545 4867 γὰρ
572 4794 852 4866 εὐφροσύνη
881 4803 1121 4866 συνεχῶς
1149 4796 1198 4850 ἐν
1228 4801 1366 4871 αύτῷ
1391 4801 1653 4876 ύπῆρχεν,
1687 4800 1768 4857 ὅτι
1815 4805 1858 4856 εἰ
1887 4807 1956 4872 μή
1981 4823 2059 4864 τις
2093 4805 2244 4858 αὐτόν
2278 4805 2511 4874 ἐγίνωσκε
2557 4808 2834 4862 τοσαύταις
2879 4801 3152 4872 δυνάμεσιν
3191 4801 3408 4871 ἔμπλεον
3448 4798 3594 4867 εἶναι,
3639 4805 3715 4858 0'3-

447 4879 622 4953 δαμῶς
651 4887 769 4955 περὶ
800 4886 951 4937 αὑτοῦ
974 4886 1294 4941 ἐπίστευσεν.

516 4977 690 5023 ΠΕΤΡ.
722 4975 780 5022 Ti
807 4980 960 5026 τοῦτο
991 4969 1117 5028 εἶναι
1137 4978 1364 5048 λέγομεν,
1398 4981 1524 5033 αἰτῶ
1565 4997 1656 5044 σε;
1690 4983 1861 5054 Οἰκείᾳ
1901 5003 2018 5056 προ·

2214 4983 2378 5035 Ρετιι.
2440 4981 2732 5048 Quidnam,
2785 4995 2964 5048 quaeso
3014 4991 3094 5049 te,
3153 4985 3251 5038 hoc
3298 5000 3417 5039 esse
3464 4985 3716 5039 dirimi»?

453 5065 589 5116 θέσει
621 5063 930 5135 χαυνότερον
958 5067 1041 5120 τςίν
1071 5075 1161 5126 τῆς
1202 5071 1507 5142 εὐφροσύνης
1545 5074 1753 5142 χαλινόν
1787 5076 1970 5147 ἐπῇρε,
2006 5074 2036 5132 ἢ

447 5159 728 5216 τοσαύταις
768 5156 1046 5228 δυνάμεσιν
1076 5163 1334 5224 αὐξάνων,
1379 5167 1456 5216 καί
1499 5173 1590 5224 τῆς
1629 5167 1815 5219 τούτου
1853 5165 2035 5234 ψυχῆς

449 5246 879 5317 ἐπιλαμπομένης,
906 5253 1034 5327 πρὸς
1061 5258 1149 5310 την
1173 5258 1444 5325 παροῦσαν
1474 5256 1641 5329 χαρὰν
1679 5259 2032 5330 παρεσύρετο;

452 5400 552 5464 latis
576 5399 590 5436 Ξ
625 5388 878 5464 Λασανίαι
903 5393 1166 5459 Γραικιστί
1191 5391 1249 5464 αἰ
1270 5396 1510 5464 πρασιαί.
1542 5391 1596 5445 In
1628 5391 1758 5445 Cob.
1789 5392 1952 5459 Regio
1971 5393 2043 5446 le-

453 5459 614 5534 gitur,
661 5455 901 5522 λασὸινια,
935 5455 1158 5534 πρασιαι
1205 5455 1765 5534 ((οῖὶθ-πρασιαὶλτά
1807 5455 1894 5533 imi
1937 5475 2040 5534 ἕω*

456 5529 786 5603 QUueunque
839 5529 996 5579 modo
1048 5530 1195 5603 locus
1246 5531 1328 5603 hic
1379 5529 1604 5603 legatur,
1641 5529 1910 5600 discrepat
1941 5532 2042 5584 Zu-

457 5593 669 5668 c_l_i:trias
693 5608 721 5668 a
747 5592 1014 5668 _Gr_eg.,et
1043 5599 1108 5649 de
1135 5600 1371 5652 oleribus
1396 5592 1639 5668 intelligit
1667 5618 1784 5667 qua:
1819 5592 1884 5654 de
1921 5620 2045 5667 spa-

459 5666 548 5716 tiis
580 5663 789 5714 incultis
819 5665 953 5716 borti
987 5666 1121 5718 dixit
1150 5677 1363 5719 sunmus
1393 5663 1605 5722 Doctor".
1657 5663 1746 5725 Sic
1789 5663 2044 5734 exitlicari

460 5741 698 5805 possunt
734 5735 892 5805 verba
943 5734 1167 5805 Grazca:
1210 5736 1442 5790 (Naribus
1488 5739 1732 5805 fodiendo
1787 5744 2042 5794 culturam

456 5819 559 5871 qua
591 5803 885 5875 indigebant
912 5802 1263 5858 adhibuerunt.

2145 5071 2343 5139 Sponte
2371 5069 2469 5124 sibi
2503 5071 2700 5123 laetitiae
2754 5071 2900 5123 frena
2955 5075 3182 5136 laxabat,
3216 5091 3281 5127 an
3333 5085 3407 5127 tot
3440 5076 3714 5129 virtutibus

2148 5165 2369 5231 pollens,
2384 5163 2671 5230 aliquando
2693 5163 2756 5214 ad
2785 5179 3020 5232 praesens
3041 5167 3287 5235 gaudium
3310 5169 3469 5224 eti-im
3493 5170 3714 5225 tenitens

2145 5257 2261 5323 ejus
2283 5256 2490 5308 animus
2514 5255 2860 5308 trahebatur?

2222 5403 2245 5469 ξ’
2281 5393 2400 5456 Μ5.,
2433 5389 2593 5446 αὐτοῦ
2614 5393 2772 5446 αἰτεῖν
2799 5391 3074 5464 μελλόντων
3102 5397 3183 5447 καὶ
3212 5401 3508 5469 μυοετηριῶς
3542 5403 3612 5449 in
3638 5396 3711 5449 λαο

2147 5465 2383 5517 λούντων.

2221 5533 2246 5570 ι’
2279 5534 2399 5597 Ms,
2451 5535 2964 5607 προσκαλεσάμενος,
3015 5533 3233 5608 κρυφίως
3276 5529 3417 5602 αύτῷ
3473 5534 3711 5599 ἓκέλενσι,

2147 5606 2316 5676 λέγων.

2224 5685 2246 5712 ι·
2278 5675 2401 5737 Ms.,
2435 5677 2536 5730 εἶσι
2578 5679 2662 5729 καί
2699 5678 3100 5731 κατανοήσαντες
3147 5673 3479 5742 μεγίστη-η..
3523 5676 3715 5728 κατέλαια

2153 5745 2256 5798 ξεν.

2228 5813 2250 5848 ³
2293 5811 2514 5881 Longip.
2551 5823 2601 5867 et
2633 5814 2841 5882 plurimi
2867 5813 3074 5878 Narin,
3103 5813 3396 5865 admodum.
