4000 6372
544 430 647 485 255

1746 408 1987 467 SANCTI
2027 402 2354 459 GREGORII
2393 402 2600 458 MAGNI

3737 394 3863 452 Ξῗὶΰ

544 546 628 600 τὸν
668 540 907 611 λέγομεν,
955 535 1036 593 ὅτι
1073 544 1135 611 τῇ
1174 537 1371 591 αἰτήσει
1405 534 1580 593 αὐτοῦ,
1605 533 1847 582 τοσοῦτον
1878 531 1902 557 ⁸
1933 525 2125 597 γέγονεν

2254 517 2370 584 μιοιΙ
2401 518 2517 584 ejus
2549 518 2628 571 ori
2662 522 2863 571 tantum
2910 513 3083 569 lactus
3119 522 3198 566 est
3243 525 3519 582 proximus
3564 512 3863 579 omnipo-

545 632 757 689 πλησίον
786 630 810 683 6
839 627 1224 696 παντοδῦναμος
1246 625 1368 683 Θεός

615 733 850 778 ΓΡΗΓΟΡ.
886 722 1022 796 Παρά
1045 727 1115 791 τῷ
1145 714 1515 785 παντοδυνάμῳ
1554 716 1691 781 Θεῷ,
1720 717 1793 779 τῶ
1828 708 1996 777 μόνῳ,
2038 726 2127 757 κα·

546 815 685 889 θαρῷ
714 817 797 867 καί
826 814 994 880 ἀκάκῳ
1023 810 1152 863 κατὰ
1181 816 1268 865 την
1311 807 1466 860 αὐτοῦ
1508 804 1655 874 φύσιν
1680 841 1696 865 ,
1725 800 1913 859 πολλὰ,
1940 797 2091 867 Πέτρε
2109 832 2123 856 ,

548 908 633 958 καί
663 907 692 962 ἠ
721 912 810 963 τῆς
843 904 1149 975 ἀνθρωπίνης
1171 896 1379 973 καρδίας
1411 894 1685 968 καθαρότης
1718 895 1800 946 καί
1828 888 2008 943 ἀκακία
2033 883 2127 938 δύ-

546 1015 713 1049 ναται.
765 995 825 1046 Οἱ
867 994 963 1065 γὰρ
991 994 1147 1045 αὐτοῦ
1179 990 1501 1059 θεράποντες,
1535 986 1589 1037 ἐκ
1625 990 1723 1037 τῶν
1765 980 1948 1052 γηίνων
1990 976 2128 1050 ττρά-

548 1087 669 1149 ξεων
717 1081 855 1143 ὄντες
895 1081 1287 1153 κεχωρισμένοι,
1321 1076 1471 1149 ἀργόν
1500 1097 1548 1128 τι
1589 1074 1749 1146 λέγειν
1793 1073 1882 1124 οὐκ
1910 1068 2125 1122 οἴδασιν·

551 1176 667 1233 οὐδὲ
708 1180 808 1250 γὰρ
844 1178 926 1230 τὸν
958 1176 1147 1228 ἑαυτῶν
1175 1178 1291 1226 νοῦν
1330 1169 1415 1225 διὰ
1454 1170 1688 1241 ῥημάτων
1729 1166 2129 1242 σκορπισθῆναι,

550 1270 579 1329 ἦ
600 1271 898 1339 μολυνθῆναι
926 1271 1315 1339 συγχωροῦσιν.
1336 1260 1479 1315 Ὀθεν
1502 1261 1675 1312 λοιπόν
1712 1259 1854 1330 ποιρά
1898 1260 1986 1308 τοῦ
2015 1253 2134 1307 ἑαυ-

550 1368 650 1413 τῶν
675 1361 913 1434 ἀρχηγοῦ
944 1362 1031 1415 τὴν
1054 1358 1274 1411 ὑπακοήν
1301 1353 1429 1426 ὑπὲρ
1457 1352 1573 1409 τοῦς
1605 1346 1785 1406 ἄλλους
1812 1347 2131 1419 εὑρίσκουσι,

554 1448 634 1503 3ιὰ
654 1451 712 1503 τὸ
740 1447 980 1503 σπεύδειν
1003 1448 1133 1500 κατά
1156 1446 1212 1500 τὸ
1240 1443 1445 1498 δυνατὸν
1468 1443 1642 1498 αὐτοῖς
1674 1439 1720 1490 ἐν
1742 1445 1804 1511 τῇ
1826 1435 2135 1508 καθαρότητι

555 1542 630 1591 καὶ
658 1539 842 1612 ἀκακία
876 1539 1015 1609 αὐτῷ
1046 1534 1412 1606 ἐξομοιοῦσθαι.
1457 1537 1623 1600 Ἡμεῖς
1659 1525 1712 1581 δέ
1738 1533 1848 1585 ταῖς
1875 1534 1962 1579 τοῦ
2007 1525 2133 1575 λαοῦ

552 1636 818 1696 ταραχαῖς
847 1628 1141 1697 μεμιγμένοι
1158 1666 1168 1683 .
1198 1626 1248 1677 ἄν
1278 1631 1348 1692 τῷ
1372 1621 1703 1692 συχνοτέρως
1726 1618 1909 1690 ἀργοὺς
1931 1615 2132 1686 λόγους,

553 1716 793 1777 πολλάκις
841 1716 891 1771 δέ
928 1720 1012 1769 καὶ
1052 1716 1330 1788 βλαϐεροὺς
1369 1711 1532 1765 λαλεῖν
1570 1712 1736 1777 ἡμᾶς,
1784 1714 2030 1761 τ>σοῦτον
2076 1706 2135 1759 τὸ

552 1808 715 1876 στόμα
745 1815 883 1877 ἡμῶν
924 1814 1012 1861 τοῦ
1040 1805 1421 1876 παντοδυνάμου
1469 1809 1591 1856 Θεοῦ
1638 1801 1970 1873 μακρῦνεται,
2021 1794 2135 1850 ὅσον

2233 618 2348 661 tcns
2379 610 2557 663 Deus?

2304 699 2545 754 Gnlcun.
2578 699 2729 768 Apud
2757 696 3137 764 omnipotentis
3181 694 3275 749 Dei
3302 693 3636 763 singularem
3675 707 3864 746 mun-

2232 790 2436 853 ditiam,
2473 799 2633 858 atque
2664 789 2780 857 ejus
2811 786 3107 854 simplicem
3140 795 3384 838 naturam
3434 785 3704 847 multutn,
3745 782 3867 836 Pe-

2236 890 2335 942 tre,
2380 880 2594 933 humani
2623 878 2799 932 cordis
2828 876 3087 931 munditia
3118 886 3277 944 atque
3304 874 3622 942 simplicitas
3657 872 3855 926 valet.

2235 973 2347 1027 lloc
2390 973 2560 1038 ipsum
2592 986 2821 1038 namque
2850 970 2990 1039 quod
3019 967 3134 1035 ejus
3167 966 3343 1020 famuli
3373 981 3403 1019 a
3456 965 3704 1021 terrenis
3756 978 3864 1017 ac-

2235 1062 2468 1117 tionibus
2499 1064 2799 1129 segregati,
2831 1061 3001 1114 otiosa
3035 1059 3177 1127 luqui
3208 1058 3469 1120 nesciunt,
3499 1068 3552 1109 et
3580 1067 3859 1110 mentem

2238 1169 2331 1220 per
2359 1154 2520 1208 verba
2545 1168 2798 1223 Spargere
2827 1162 2989 1222 atque
3019 1151 3295 1221 inquinare
3319 1151 3593 1216 devitant,
3635 1160 3862 1202 aucto-

2236 1244 2310 1297 ris
2339 1244 2419 1298 sui
2451 1260 2560 1314 pra:
2585 1245 2795 1299 caeteris
2836 1242 3233 1299 exauditionem
3276 1243 3584 1310 impetrant.
3620 1241 3740 1294 Cui
3801 1242 3861 1293 in

2236 1343 2492 1402 quantum
2526 1342 2610 1389 cst
2636 1334 2906 1403 possibile,
2954 1334 3067 1403 ipsa
3095 1334 3321 1401 puritate
3366 1348 3431 1388 ac
3479 1333 3865 1401 simplicitate

2238 1426 2595 1493 cogitationis,
2613 1428 2762 1496 quasi
2778 1440 2841 1482 ex
2855 1426 3082 1495 quadam
3095 1426 3204 1492 jam
3222 1424 3568 1479 similitudine
3582 1439 3857 1479 concor-

2239 1514 2387 1569 dant.
2420 1516 2527 1569 Nos
2573 1528 2748 1571 autem
2795 1516 2966 1570 turbis
3012 1516 3353 1585 popularibus
3399 1515 3653 1579 admisti,
3714 1516 3863 1569 dum

2242 1606 2544 1673 frequenter
2570 1609 2759 1672 otiosa,
2795 1622 3173 1676 nonnunquam
3202 1621 3329 1661 vero
3360 1604 3378 1643 τ
3407 1611 3566 1662 etiam
3592 1607 3868 1675 graviter

2243 1699 2399 1752 nnxia
2430 1699 2719 1767 loquimur,
2753 1714 2815 1753 os
2846 1708 3087 1754 nostrum
3136 1700 3487 1766 omnipotenti
3534 1700 3651 1752 Deo
3693 1707 3868 1754 tanto

2243 1791 2586 1859 longinquum
2619 1791 2697 1855 ﬁt,
2729 1799 2931 1860 quanto
2961 1790 3085 1844 huic
3115 1788 3312 1843 mundo
3342 1788 3676 1856 proximum.
3713 1788 3867 1841 Mul-

551 1908 626 1967 τῷ
666 1901 841 1968 κόσμῳ
884 1900 1049 1967 τούτῳ
1088 1898 1376 1959 πλησιάζει.
1408 1894 1535 1948 Πολὺ
1564 1895 1730 1946 τοίνυν
1774 1893 1859 1945 ἐπὶ
1896 1892 1963 1944 τά
2002 1890 2137 1941 κάτω

2254 1895 2353 1935 tum
2382 1884 2578 1951 quippe
2606 1881 2857 1936 deorsum
2889 1880 3169 1946 ducimur,
3200 1880 3322 1933 dum
3354 1878 3629 1933 locutione
3658 1880 3867 1932 conti-

555 1990 873 2061 ἀπαγόμεθα,
906 1989 953 2040 ἐν
983 1995 1055 2059 τῷ
1084 1995 1144 2062 τῇ
1174 1987 1438 2058 συντυχίᾳ
1465 1984 1671 2042 εὐκόλως
1708 1984 1844 2051 ἡμᾶς
1880 1989 1987 2040 τοῖς
2020 2001 2141 2034 κοσ-

556 2087 718 2150 μικοῖς
746 2080 1096 2150 συγγίνεσθαι.
1132 2075 1295 2152 Ὅπερ
1338 2076 1501 2134 καλῶς
1544 2078 1628 2129 καί
1670 2074 1695 2128 6
1732 2073 1971 2135 Ἡσαΐας,
2011 2073 2141 2140 μετά

554 2172 615 2224 τὸ
644 2171 918 2243 ἑωρακέναι
949 2170 1097 2221 αὐτὸν
1132 2169 1213 2222 τὸν
1252 2167 1465 2238 βασιλέα
1502 2166 1670 2239 κύριον
1702 2164 1936 2225 Σαϐαὼθ,
1966 2161 2144 2214 ἑαυτὸν

555 2260 582 2299 ³³
613 2264 875 2317 ἐταλάνισε
901 2299 916 2322 ,
956 2260 1130 2332 λέγων’
1170 2257 1245 2308 Ὠ
1276 2259 1433 2318 τάλας
1468 2259 1594 2328 ἐγὼ,
1637 2253 1718 2309 ὅτι
1746 2256 2140 2323 κατανένυγμαι,

556 2350 635 2407 ὅτι
675 2353 951 2425 ἀκάθαρτος
995 2347 1081 2410 ὧν,
1131 2351 1215 2400 καί
1260 2344 1520 2418 ἀκάθαρτα
1556 2345 1704 2415 χείλη
1737 2343 1893 2413 ἔχων·
1938 2363 2138 2414 φανεροο

555 2447 777 2501 ποίησας
808 2440 941 2495 διατί
967 2442 1227 2512 ἀκάθαρτα
1253 2438 1399 2508 χείλη
1431 2436 1615 2506 ἔσχεν,
1666 2436 1714 2489 ἐν
1739 2443 1812 2506 τῷ
1842 2437 2140 2511 προσϐῆναι,

556 2533 630 2588 Ἐν
656 2536 797 2605 μέσῳ
823 2534 945 2587 λαοῦ
968 2532 1227 2603 ἀκάθαρτα
1252 2530 1397 2600 χείλη
1420 2527 1637 2599 ἔχοντος
1666 2530 1761 2599 ἐγὼ
1786 2535 2018 2580 κατοικῶ.
2043 2531 2141 2584 Τήν

556 2629 646 2697 μέν
676 2622 761 2679 οῦν
810 2626 1125 2692 ἀκαθαρσίαν
1173 2630 1274 2676 τῶν
1322 2622 1500 2676 ἑαυτοῦ
1554 2620 1803 2690 χειλέων,
1853 2620 1909 2676 ἢν
1954 2616 2140 2687 ἕσχιν,

557 2718 762 2786 ἤλγησε.
800 2713 947 2772 ῐιόθεν
977 2713 1029 2768 δὲ
1060 2717 1249 2771 ταύτην
1286 2714 1654 2772 ἐπεσπάσατο,
1695 2711 2048 2769 ἐδηλοποίησεν
2093 2711 2143 2763 ἐν

743 2814 815 2879 τῷ
841 2806 1279 2880 μεμαρτυρηκέναι
1303 2804 1448 2857 αὐτὸν
1476 2801 1527 2855 ἐν
1553 2803 1692 2871 μέσῳ
1732 2801 1852 2855 λαοῦ
1881 2801 2146 2873 ἀκάθαρτα

562 2899 708 2967 χειλη
729 2894 939 2965 ἔχοντος
956 2904 1223 2949 κατοικεῖν.
1249 2898 1537 2964 Ἀμήχανον
1561 2894 1662 2967 γάρ
1688 2892 1824 2946 ἐστιν
1858 2893 1911 2944 ἐκ
1936 2900 2027 2951 τῆς
2046 2898 2146 2945 τῶν

556 2995 807 3057 κοσμικῶν
828 2987 1062 3057 γλώσσης
1085 2988 1170 3040 τὸν
1187 2990 1303 3038 νοῦν
1322 2990 1390 3054 μή
1407 2984 1721 3056 ῥυπωθῆναι.
1740 2983 1791 3035 ἐν
1822 2978 1926 3052 ὅσῳ
1946 2982 1997 3034 ἐν
2018 3002 2144 3034 συν-

557 3082 773 3148 τυχίαις
793 3082 928 3134 τισίν
950 3078 1126 3138 όλικῶς
1152 3081 1319 3136 αὐτοῖς
1345 3075 1833 3147 συγκαταϐαίνομεν,
1853 3072 1963 3127 κατ’
1987 3073 2146 3144 ὀλίγον

557 3166 613 3223 δέ
637 3170 891 3229 ἐθίσαντες
905 3170 1070 3228 αὐτοῖς
1088 3168 1478 3238 συντυγχάνειν,
1495 3166 1786 3235 συντυχίαν
1802 3168 1890 3221 τὴν
1909 3164 2031 3233 ἡμῖν
2044 3164 2145 3232 οὐχ

2245 1991 2344 2026 ιιιιει
2380 1974 2721 2028 saecularibus
2748 1975 3126 2028 admiscemur.
3148 1973 3295 2039 Quod
3324 1972 3462 2027 bene
3494 1973 3666 2025 Isaias
3698 1981 3869 2037 post-

2243 2082 2401 2134 quam
2430 2082 2607 2135 regem
2635 2065 2917 2119 Dominum
2941 2065 3270 2119 exercituum
3299 2064 3448 2128 vidit,
3467 2063 3517 2115 in
3541 2063 3867 2129 semetipso

2245 2157 2615 2223 reprehendit,
2658 2166 2712 2211 et
2740 2156 3010 2224 paenituit,
3038 2156 3225 2209 dicens
3254 2172 3266 2206 :
3303 2153 3394 2207 Va:
3421 2154 3570 2216 mihi,
3600 2154 3742 2221 quia
3776 2162 3867 2203 ta-

2245 2249 2347 2311 cui,
2374 2251 2495 2317 quia
2516 2249 2590 2301 vir
2620 2250 2843 2316 pollutus
2874 2247 3021 2299 labiis
3052 2263 3143 2317 ego
3181 2264 3291 2299 sum
3316 2244 3469 2315 (Isai.
3504 2260 3574 2307 rt,
3603 2245 3690 2305 5).
3749 2242 3865 2308 Qui

2243 2352 2339 2390 cur
2370 2337 2567 2405 polluta
2598 2337 2738 2389 labia
2769 2337 3010 2400 haberet,
3041 2345 3067 2383 ε
3098 2336 3330 2404 aperuit,
3361 2351 3483 2389 cum
3513 2333 3813 2402 subjunxit
3844 2347 3864 2386 :

2248 2428 2309 2480 In
2325 2428 2489 2479 medio
2504 2428 2683 2497 populi
2697 2428 2895 2494 polluta
2920 2427 3053 2480 labia
3076 2428 3302 2480 habentis
3321 2442 3414 2495 ego
3433 2423 3864 2494 Imbito(lbid.).

2245 2517 2596 2572 I’ollutionem
2628 2534 2857 2585 namque
2886 2519 3145 2572 labinrum
3192 2519 3390 2573 habere
3421 2533 3479 2571 se
3509 2519 3726 2583 doluit;
3760 2519 3866 2572 sed

2244 2610 2385 2663 unde
2415 2613 2549 2663 hanc
2569 2612 2915 2674 contraxerit,
2950 2609 3401 2679 indicavit,3l3
3429 2623 3550 2662 cum
3581 2609 3634 2662 iu
3663 2611 3865 2663 medio

2247 2702 2424 2768 populi
2477 2703 2674 2770 polluta
2721 2703 2857 2755 labia
2908 2702 3151 2756 habentis
3174 2717 3232 2756 se
3257 2702 3495 2755 habitare
3544 2702 3865 2770 perhibuit.

2248 2792 2411 2846 Valde
2452 2794 2594 2846 enim
2624 2792 2843 2847 dilﬁcile
2885 2804 2967 2847 est
3011 2803 3071 2847 ut
3100 2793 3278 2861 lingua
3310 2793 3650 2848 smcularium
3700 2808 3862 2848 men-

2249 2892 2355 2937 tem
2419 2899 2524 2937 non
2583 2884 2825 2953 inquinet
2883 2899 3040 2950 quain
3107 2884 3320 2952 tangit,
3377 2883 3501 2952 quia
3550 2881 3686 2936 dum
3743 2883 3867 2951 ple-

2247 2990 2472 3043 rumque
2508 2975 2588 3029 eis
2636 2975 2700 3028 ad
2732 2975 2979 3044 quaedam
3031 2974 3296 3042 loquenda
3340 2973 3860 3035 condescendimus,

2250 3067 2518 3134 paulisper
2547 3068 2780 3130 assueti,
2822 3064 2959 3118 hanc
2987 3064 3156 3133 ipsam
3188 3064 3510 3118 locutionem
3539 3078 3665 3132 qua:
3696 3062 3860 3116 nobis

2252 3148 2465 3226 indigna
2488 3165 2573 3211 est
2591 3156 2749 3210 etiam
2775 3154 3164 3209 delectabiliter
3187 3163 3451 3221 tenemus,
3483 3161 3541 3207 ut
3563 3168 3631 3207 ex
3654 3168 3722 3207 ea
3741 3152 3861 3222 jam

558 3259 906 3330 ἁρμόζουσαν,
941 3263 1023 3313 καί
1050 3257 1206 3317 ἡδέως
1232 3260 1417 3314 ταύτην
1447 3261 1781 3329 κρατοῦντες,
1814 3255 1904 3307 οῦκ
1934 3252 2010 3307 ἔτι
2039 3253 2143 3308 λοι·

2254 3249 2430 3303 redire
2463 3263 2567 3302 non
2614 3248 2799 3309 libeat,
2830 3247 2895 3299 ad
2925 3260 3084 3314 quam
3114 3246 3261 3301 velut
3287 3261 3354 3300 ex
3386 3244 3861 3300 condescensione

556 3354 652 3408 irino
672 3349 783 3405 οὐδὲ
809 3352 1121 3426 ἐπιστρέφειν
1152 3351 1202 3413 ἐξ
1223 3350 1381 3409 αὐτῆς
1406 3350 1538 3420 ἡμᾶς
1571 3348 1743 3401 θέλειν.
1774 3346 1855 3399 Ἐκ
1893 3367 2146 3415 συγκατα-

554 3441 761 3499 ϐἀσεως
793 3438 848 3493 δέ
878 3442 927 3493 ἐν
958 3448 1020 3514 τῇ
1050 3442 1194 3513 ἀρχῇ
1235 3441 1317 3492 ἐπὶ
1355 3439 1547 3494 ταύτην
1593 3437 1812 3495 ἐλθόντες
1833 3477 1847 3499 ,
1879 3436 2049 3489 λοιπόν
2078 3442 2148 3506 τῷ

552 3527 660 3584 ἔθει
687 3534 775 3584 καί
801 3530 981 3600 βιαίως
1006 3532 1121 3600 ἡμῖν
1140 3532 1470 3603 περιγίνεται.
1498 3526 1642 3581 Ὀθεν
1681 3532 1763 3580 καὶ
1797 3528 2069 3597 συμϐαίνει
2097 3528 2149 3580 ἐκ

557 3627 660 3674 τῶν
687 3622 855 3693 ἀργῶν
881 3624 954 3679 εἰς
986 3630 1008 3658 ο
1037 3622 1102 3674 τά
1131 3620 1380 3693 βλαϐερὰ,
1414 3622 1501 3673 καί
1530 3621 1584 3672 ἐκ
1611 3627 1709 3674 τῶν
1742 3620 1963 3692 ἐλαφρῶν
1988 3623 2057 3680 εἰς
2085 3622 2149 3677 τά

551 3713 752 3785 βαρεῖα
780 3714 983 3788 ῥήματα
1012 3714 1145 3781 ἡμᾶς
1175 3719 1510 3769 καταντῆσαι.
1560 3714 1651 3764 Καὶ
1695 3710 1866 3764 λοιπὸν
1897 3712 1954 3764 τό
1982 3711 2147 3782 στόμα

562 3806 701 3874 ἡμῶν
731 3806 871 3877 παρὰ
917 3810 990 3868 τῷ
1034 3801 1401 3874 παντοδυιάμῳ
1451 3809 1562 3874 Θεῷ
1600 3810 1845 3857 τοσοῦτον
1892 3825 2148 3877 παρεισα-

560 3896 767 3948 κούεται
788 3896 838 3947 ἑν
856 3901 919 3969 τῇ
940 3896 1154 3957 αἰτήσει,
1185 3891 1305 3948 ὅσον
1335 3893 1417 3946 ἐπὶ
1437 3894 1612 3948 πλεῖον
1648 3892 1917 3965 μολύνεται
1957 3904 2019 3970 τῇ
2052 3918 2149 3966 μα-

560 3987 679 4058 ταίᾳ
702 3988 982 4060 συντυχίᾳ,
1010 3987 1235 4061 καθάπερ
1258 3989 1340 4041 καί
1362 3988 1677 4062 γέγραπται,
1712 3985 1791 4042 ὅτι
1830 3986 1854 4040 6
1893 3988 2149 4061 ἀποστρέ⁹

558 4098 663 4145 φων
712 4079 769 4131 τό
817 4072 909 4138 οῦς
956 4079 1114 4132 αὐτοῦ
1149 4085 1238 4133 τοῦ
1284 4084 1353 4152 μή
1400 4077 1426 4114 ἀ
1470 4081 1685 4135 ἀκοῦσαι
1731 4080 1901 4148 νόμον,
1930 4082 1961 4137 ἠ
2009 4081 2146 4149 εὐχή

562 4168 722 4221 αὐτοῦ
745 4167 1028 4231 ἀπόῧλητος
1058 4167 1229 4224 ἔσται.
1253 4173 1312 4223 Τί
1342 4169 1394 4224 δὲ
1421 4171 1711 4241 θαυμαστόν
1731 4209 1746 4233 ,
1778 4171 1857 4222 ἐὰν
1886 4172 2145 4230 αἰτοῦντές

560 4278 610 4311 τι
631 4259 772 4333 παρά
801 4263 999 4334 κυρίου,
1034 4260 1199 4336 βραδὺ
1226 4263 1615 4331 ῦπακουόμεθα,
1655 4262 1830 4321 οἵτινες
1869 4261 1958 4316 ὑπ’
1990 4264 2146 4315 αὐτοῦ

2253 3341 2396 3394 ducti
2419 3340 2661 3394 venimus
2686 3337 2860 3392 inviti.
2887 3337 3083 3407 Sicque
3106 3337 3162 3390 lit
3190 3346 3246 3391 ut
3268 3337 3337 3390 ab
3356 3335 3543 3390 otiosis
3564 3335 3632 3388 ad
3665 3336 3857 3398 noxia,

2254 3449 2283 3487 a
2312 3433 2521 3488 levibus
2551 3431 2617 3485 ad
2644 3431 2888 3499 graviora
2914 3430 3075 3485 verba
3097 3428 3374 3482 veniamus
3395 3445 3417 3493 ;ν
3434 3436 3490 3483 et
3510 3441 3571 3481 os
3599 3437 3858 3481 nostrum

2252 3523 2320 3578 ab
2348 3521 2703 3591 omnipotenti
2751 3521 2977 3574 Domino
3011 3529 3155 3572 tanto
3178 3517 3288 3587 jam
3322 3518 3501 3573 minus
3529 3519 3859 3573 exaudiatur

2255 3616 2306 3669 in
2336 3629 2517 3684 prece,
2547 3624 2747 3681 quanto
2773 3611 3004 3678 amplius
3030 3610 3336 3677 inquinatur
3361 3610 3522 3664 stulta
3550 3609 3854 3671 locutione,

2252 3705 2373 3773 quia
2404 3703 2543 3757 sicut
2570 3701 2826 3767 scriptum
2856 3709 2940 3753 est
2971 3717 2984 3753 :
3018 3699 3119 3765 Qui
3148 3700 3325 3751 avertit
3368 3715 3544 3751 aurem
3594 3715 3753 3751 suam
3793 3714 3854 3750 ue

2253 3794 2429 3847 audiat
2458 3793 2639 3862 legem,
2663 3790 2826 3843 oratio
2852 3795 2963 3856 eius
2984 3791 3081 3842 erit
3102 3789 3423 3843 exsecrabilis
3447 3788 3631 3856 (Prov.
3659 3803 3852 3850 uult,

2253 3891 2333 3960 9).
2364 3887 2500 3955 Quid
2530 3900 2658 3955 ergo
2700 3883 2896 3938 mirum
2925 3885 2973 3937 si
3002 3883 3334 3953 postulantes
3360 3882 3512 3938 tarde
3554 3898 3585 3936 a
3622 3883 3855 3937 Domino

2254 3979 2521 4044 audimur,
2552 3976 2642 4047 qui
2673 3977 3068 4043 prmcipientem
3112 3975 3392 4028 Dominum
3441 3983 3535 4027 aut
3562 3974 3715 4029 tarde
3762 3980 3853 4025 aut

2256 4069 2404 4123 nullo
2434 4068 2594 4122 modo
2624 4065 2906 4120 audimus?
2930 4065 2995 4120 Et
3016 4065 3142 4135 quid
3170 4065 3363 4118 mirum
3391 4065 3435 4119 si
3466 4063 3775 4118 Florentius
3800 4063 3853 4115 iu

2259 4176 2421 4231 prece
2449 4175 2544 4214 sua
2574 4158 2736 4213 citius
2763 4166 2847 4212 est
2880 4157 3123 4225 auditus,
3168 4155 3261 4227 qui
3310 4156 3366 4211 in
3410 4157 3696 4224 praeceptis
3741 4153 3852 4208 suis

2259 4254 2541 4308 Dominum
2571 4253 2727 4304 citius
2757 4248 2999 4304 audivit?

564 4358 589 4385 °
612 4352 931 4423 κελευόμεθα,
962 4353 991 4412 ἦ
1023 4352 1289 4428 βραδέως,
1322 4352 1351 4412 ἦ
1384 4354 1640 4412 παντελῶς
1676 4354 1830 4407 αὐτοῦ
1867 4355 1926 4406 οὐ
1931 4375 1973 4423 χ
2017 4356 2375 4421 ὑπακούομεν;
2422 4347 2524 4398 Οὐκ
2565 4342 2704 4398 ἔστιν
2750 4338 2835 4397 οῦν
2882 4341 3193 4411 θαυμαστὸν,
3216 4342 3259 4394 εἰ
3281 4342 3365 4394 καί
3391 4338 3418 4394 6
3462 4340 3751 4412 Φλορέντιος
3801 4335 3850 4388 ἐν

560 4451 624 4519 τῇ
655 4446 788 4517 εὐχῇ
828 4449 984 4502 αὐτοῦ
1032 4451 1219 4517 τάχιον
1266 4446 1599 4509 ὐπηκούσθη,
1645 4443 1785 4505 ὅστις
1828 4447 1878 4499 ἐν
1923 4448 2080 4516 τάχει
2116 4453 2216 4500 τῶν
2246 4449 2334 4498 τοῦ
2366 4440 2542 4513 κυρίου
2566 4438 2824 4493 ὑπήκουσε
2852 4431 3287 4510 προσταγμάτων.

632 4547 798 4594 ΠΕΤΡ.
829 4538 981 4593 Οὐδέν
1012 4540 1121 4594 ἐστι
1156 4541 1344 4605 λοιπόν,
1375 4539 1503 4616 ὅπερ
1540 4543 1867 4618 ἀποκριθῆναι
1906 4541 2140 4614 δύναμαι,
2180 4546 2230 4605 D

560 4629 877 4700 ἀνεῳγμένης
899 4629 1074 4683 λοιπόν
1104 4637 1279 4701 σαφῶς
1307 4639 1398 4689 τῆς
1429 4631 1722 4704 ἀπολογίας.

634 4730 876 4776 PPHI‘OP.
918 4724 1181 4793 Εὐτύχιος
1219 4721 1272 4777 δὲ
1296 4722 1321 4777 6
1354 4729 1446 4777 τοῦ
1468 4723 1838 4801 προλεχθὲντος
1860 4724 2149 4799 Φλορεντίου

560 4810 612 4864 ἓν
658 4819 721 4882 τῇ
764 4818 854 4865 τοῦ
901 4815 1074 4886 κυρίου
1115 4810 1213 4881 ὁδῷ
1256 4817 1473 4885 γεγονὼς
1519 4811 1922 4887 συνοδοιπόρος,
1971 4813 2153 4886 μᾶλλον

558 4902 692 4973 μετά
719 4899 934 4955 θάνατον
982 4900 1299 4976 ἐλαμπρύνθη
1338 4912 1400 4977 τῇ
1440 4911 1537 4957 τῶν
1564 4906 1786 4975 σημείων
1825 4902 2058 4975 δυνάμει.
2094 4904 2155 4958 Oi

556 4991 660 5066 γὰρ
697 4997 789 5050 τῆς
815 4990 1009 5051 πόλεως
1042 4993 1226 5051 ἐκείνης
1262 4994 1502 5053 πολῖται.
1542 4987 1703 5048 πολλὰ
1739 4993 2005 5064 θαυμάσια
2032 4998 2154 5063 περὶ

557 5081 717 5139 αὐτοῦ
745 5078 1085 5155 διηγούμενοι,
1126 5092 1279 5139 τοῦτο
1305 5094 1504 5159 πρῶτον
1549 5084 1749 5157 ἔλεγον,
1785 5085 1913 5161 ὅπερ
1950 5089 2029 5140 καὶ
2057 5089 2149 5157 μὲ-

562 5192 663 5245 χρι
683 5179 782 5225 τῶν
808 5172 1008 5248 χρόνων
1030 5182 1129 5229 τῶν
1158 5175 1527 5250 Λογγοϐὰρδων
1554 5174 1782 5249 ἔφθασεν.
1818 5179 1907 5230 Διά
1935 5179 2035 5250 γὰρ
2062 5182 2147 5230 τοῦ

557 5260 835 5333 ἐνδύματος
880 5265 1035 5320 αὐτοῦ
1058 5307 1073 5333 ,
1128 5264 1154 5319 ό
1205 5265 1588 5338 παντοδύναμος
1637 5271 1763 5325 Θεῗς
1824 5268 2149 5343 συχνοτέρως

634 5425 659 5489 ξι
693 5416 813 5489 Ms"
839 5420 1006 5489 γέγονε
1031 5419 1209 5488 ταχὺς
1232 5416 1275 5473 ὁ.

635 5485 662 5524 δ
695 5488 789 5540 Ms.
803 5529 817 5552 ,
846 5485 1125 5549 ἔταλάνιζε.

633 5565 660 5632 (ξ
701 5556 827 5632 Ms,
857 5562 940 5611 καί
1057 5558 1349 5632 βλαίῗερά...
1383 5562 1452 5617 εἰς
1476 5559 1543 5613 τὰ
1571 5557 1758 5629 βαρεοὶο

628 5623 662 5661 ά
846 5634 915 5700 μὴ
940 5623 1242 5700 εἰσακούειν.

636 5706 663 5766 ξ
693 5697 796 5766 Ms.
809 5737 823 5761 ,
846 5697 1179 5766 ’κελευὲμενομ

635 5754 659 5791 ί
691 5764 743 5835 in
774 5754 1221 5835 vulgatis,‘etimn,
1253 5765 1389 5829 quod
1417 5775 1491 5817 est
1518 5764 1740 5833 gravius,
1774 5768 1945 5821 noxia.

630 5837 659 5875 8
691 5832 1125 5903 ΕιΙὶιὶίοδιωιΔὶι.
1159 5832 1454 5902 Coutpeud.
1475 5876 1490 5904 ,
1520 5832 1779 5904 airpuruit.

2327 4538 2496 4590 Pent.
2526 4533 2671 4588 Nihil
2697 4542 2780 4587 est
2805 4530 2948 4599 quod
2976 4528 3285 4598 responderi
3317 4526 3488 4579 valeat
3529 4536 3735 4593 apertae
3760 4539 3847 4577 ra-

2261 4630 2410 4685 tioni.

2334 4721 2574 4775 Gnecon.
2606 4715 2897 4787 Eutychius
2926 4727 3088 4779 vero,
3119 4712 3207 4781 qui
3242 4711 3474 4779 praadicti
3507 4708 3761 4764 Florentii
3794 4707 3845 4760 in

2262 4812 2344 4865 via
2381 4809 2588 4865 Domini
2614 4810 2790 4866 socius
2819 4805 3010 4868 fuerat,
3044 4800 3069 4838 ιι
3094 4817 3319 4869 magnus
3346 4812 3461 4870 post
3486 4811 3712 4854 mortem
3737 4799 3845 4852 cla-

2260 4903 2367 4957 ruit
2402 4902 2454 4955 in
2489 4905 2684 4954 virtute
2712 4899 3007 4966 signorum.
3035 4893 3163 4945 Nam
3195 4908 3314 4945 cum
3347 4893 3509 4945 multa
3534 4891 3679 4945 cives
3702 4887 3847 4941 urbis

2262 4994 2405 5048 illius
2433 4992 2497 5045 de
2524 5006 2590 5044 eo
2613 4989 2821 5043 soleant
2851 4999 3070 5039 narrare
3101 4983 3379 5048 miracula,
3406 4983 3531 5036 illud
3564 4992 3739 5035 tamen
3764 4987 3845 5033 est

2261 5083 2627 5154 praecipuum,
2679 5077 2819 5146 quod
2870 5089 3041 5142 usque
3085 5075 3150 5127 ad
3208 5074 3324 5129 haec
3376 5071 3842 5141 Langobardorum

2261 5185 2500 5240 tempora
2526 5170 2865 5238 omnipotens
2898 5166 3037 5221 Deus
3066 5181 3163 5234 per
3186 5166 3561 5221 vestimentum
3591 5163 3730 5217 illius
3751 5172 3842 5212 as-

2256 5266 2409 5321 sidue
2438 5264 2756 5333 dignabatur
2778 5261 3014 5330 operari.
3047 5259 3180 5314 Nam
3201 5260 3408 5329 quoties
3437 5257 3608 5326 pluvia
3634 5254 3835 5315 deerat,

2326 5412 2353 5453 ιι
2378 5415 2432 5469 lu
2461 5414 2707 5478 Excusis,
2736 5412 2899 5481 magis
2924 5424 3033 5481 post
3057 5422 3286 5465 mortem.
3313 5409 3574 5481 (la-terym
3601 5405 3834 5481 plurimm

2255 5486 2304 5540 in
2355 5487 2503 5540 Italia
2538 5477 2783 5538 visuntur
2813 5477 3067 5537 Ecclesia:
3097 5483 3197 5535 sub
3240 5482 3407 5532 sancti
3463 5477 3701 5548 Eutychii
3747 5491 3834 5548 seu

2258 5556 2464 5628 Eutycii
2498 5557 2720 5628 nomine
2747 5557 2853 5608 lico
2882 5561 3230 5628 consecratis.
3262 5549 3361 5603 Adi
3392 5544 3704 5628 Bollandum
3725 5585 3740 5609 ,
3770 5544 3829 5597 ad

2253 5622 2377 5681 Maii
2399 5628 2542 5680 diem
2573 5627 2662 5678 25.
2690 5626 2917 5679 Sanctus
2943 5623 3244 5681 Florentius
3268 5635 3398 5674 vero
3426 5622 3564 5673 inter
3593 5628 3833 5688 patronos

2258 5697 2511 5749 Ecclesia:
2531 5693 2848 5765 episcolialis
2867 5689 3079 5747 Fullinii
3115 5693 3170 5748 in
3195 5692 3431 5757 Umbria,
3457 5690 3508 5746 in
3536 5685 3636 5761 qua
3653 5685 3832 5759 jacuib

2259 5776 2526 5821 censetur.
