4000 6336
131 233 238 289 251

1374 220 1817 279 DIALOGORUM
1858 220 2056 276 LIBER
2099 223 2187 279 lli.

3314 230 3419 286 25“

132 360 191 403 et
213 356 357 403 :estu
380 347 557 403 nimio
588 354 789 400 terram
818 344 970 412 longa
995 341 1207 395 siccitas
1226 341 1503 401 exurebat,
1527 336 1737 391 collecti

1848 338 2249 411 θαυματουργεῑν
2280 343 2307 374 ³
2336 340 2594 402 κατηξίου.
2628 336 2788 396 Ἦνίκα
2818 344 2918 415 γὰρ
2952 342 3182 415 ἀϐροχία
3209 344 3416 416 ίγίνετο.

134 447 191 494 tn
225 456 393 494 unum
428 439 581 492 cives
611 438 759 490 urbis
790 436 950 497 illius,
983 435 1099 503 ejus
1124 434 1353 486 tunicam
1384 431 1563 483 levare
1584 439 1741 497 atque

136 532 193 585 in
222 540 527 596 conspectu
556 528 764 581 Domini
796 541 914 580 cum
947 525 1190 591 precibus
1220 522 1413 578 offerre
1443 536 1741 575 consueve-

136 633 284 679 rant.
320 623 459 677 Cum
491 636 623 691 qua,
651 620 776 673 dtnn
810 633 904 686 per
943 632 1098 686 agros
1130 625 1411 686 pergerent
1435 622 1738 676 exorantes,

140 729 366 786 repente
397 716 577 783 pluvia
610 714 960 775 tribuebatur,
990 726 1109 780 qua:
1139 692 1295 779 plene
1320 721 1513 762 terram
1544 711 1740 761 satiare

142 811 430 875 potuisset.
465 807 537 859 Ex
570 821 671 876 qua
708 820 766 857 re
800 803 990 871 patuit,
1025 803 1138 870 ejus
1170 802 1343 855 anima
1376 801 1496 867 quid
1529 801 1738 853 virtutis

142 905 311 964 intus,
345 901 470 966 quid
504 899 677 951 meriti
713 896 956 959 haberet,
987 894 1139 963 cujus
1164 893 1293 949 foris
1321 908 1530 949 os:ensa
1575 893 1737 947 vestis
1768 896 1770 899 ’

144 996 278 1045 iram
310 990 614 1045 Conditoris
646 996 931 1041 averteret.

741 1239 968 1294 CAPUT
1009 1239 1147 1293 XVI.

369 1333 445 1387 De
479 1330 705 1385 Murrina
735 1331 985 1383 monacho
1012 1331 1074 1382 de
1102 1341 1270 1383 monte
1300 1329 1542 1384 Marsico.

217 1422 401 1491 Nuper
428 1438 642 1490 quoque
679 1423 730 1475 in
761 1429 910 1489 parte
940 1419 1247 1488 Campania:
1286 1422 1365 1473 vir
1394 1422 1546 1474 valde
1575 1436 1737 1476 vene-

142 1514 335 1567 rabilis
365 1522 389 1547 ⁸
422 1513 679 1566 Martinus
710 1513 925 1563 nomine
956 1511 1007 1564 in
1060 1521 1241 1565 monte
1289 1512 1510 1565 Marsico
1552 1513 1736 1565 solita-

143 1605 286 1656 riam
319 1604 479 1656 ritatn
511 1603 681 1665 duxit,
708 1602 996 1669 multisque
1024 1606 1178 1655 annis
1210 1604 1262 1655 in
1287 1617 1448 1671 specu
1470 1604 1738 1671 angustis-

1844 427 1925 476 καὶ
1962 426 2063 479 ύπό
2109 428 2366 497 καύματος
2413 426 2476 482 δι’
2506 427 2785 495 ἔπιμήκους
2832 432 3079 504 ξηρασίας
3105 437 3134 489 ἡ
3168 442 3233 506 γῆ
3265 439 3421 509 εφρύ-

1842 534 1976 585 γετο,
2018 517 2347 588 συναγόμενοι
2375 518 2417 571 οἱ
2455 528 2546 578 τῆς
2585 521 2740 580 αὐτῆς
2768 522 2961 581 πόλεως
2988 524 3212 585 πολῖται,
3255 528 3423 582 καὶτὸ

1843 605 2023 659 ἐκείνου
2061 604 2076 643 ί
2111 609 2384 683 στιχάριον
2411 610 2751 679 βαστάζοντες
2769 651 2781 675 ,
2816 615 2893 665 καί
2921 618 3075 666 τοῦτο
3105 615 3307 667 ἐνώπιον
3332 636 3421 668 κυ-

1841 699 1952 767 ρίου
1979 700 2105 765 μετὰ
2134 697 2354 761 δεήσεως
2398 703 2765 774 προσάγοντες,
2811 701 2896 757 διὰ
2939 711 3038 758 τῶν
3064 706 3232 779 ἀγρῶν
3260 706 3420 776 εὐχό-

1840 807 1973 855 μενοι
2016 786 2316 861 διήρχοντο,
2363 791 2537 863 αἴφνης
2568 795 2597 849 ἡ
2620 795 2793 866 βροχὴ
2832 794 3022 849 ἐδίδοτο
3051 798 3302 858 πλουσίως
3331 804 3423 857 τήν

1838 887 1929 949 γῆν
1959 882 2383 936 καταπιαίνουσα.
2416 883 2494 946 Ἐξ
2528 881 2588 936 οὗ
2626 887 2925 958 πράγματος
2962 885 3215 941 δείκνυται
3252 889 3421 949 πόσης

1839 968 2097 1040 δυνάμεως
2120 976 2205 1024 καί
2241 973 2253 1020 l
2294 972 2615 1033 δικαιοσύνης
2654 978 2683 1032 ή
2710 980 2890 1030 τούτου
2920 976 3072 1047 ψυχή
3098 977 3233 1031 ἔνδον
3253 980 3420 1051 ύπῆρο

1840 1081 1958 1130 χεν,
1989 1059 2183 1122 οὗτινος
2211 1064 2268 1117 τό
2294 1061 2398 1127 ἔξω
2424 1066 2746 1137 περιϐόλαιον
2772 1065 3107 1138 δεικνύμενον,
3146 1072 3229 1122 τόν
3262 1070 3422 1139 θυμόν

1838 1159 1924 1206 τοῦ
1947 1160 2156 1207 κτιστοῦ
2175 1155 2507 1229 ἀπέστρεφεν.

2460 1252 2680 1300 κειιΑΑ.
2721 1247 2803 1308 ις’.

1960 1334 2075 1405 Περὶ
2102 1337 2354 1401 Μαρτίνου
2385 1344 2619 1405 μοναχοῦ
2650 1343 2740 1391 τοῦ
2767 1338 2813 1389 ἐν
2841 1345 2913 1411 τῷ
2935 1336 3039 1411 ὄρει
3060 1341 3293 1414 Μάρσης.

1905 1419 1984 1473 Ἐν
2022 1431 2128 1482 τοῖς
2167 1432 2258 1483 τῆς
2288 1429 2581 1495 Καμπανίας
2622 1430 2857 1499 μέρεσιν,
2905 1432 2952 1482 ἐν
2988 1439 3059 1499 τῷ
3088 1428 3193 1503 ὄρει
3232 1438 3306 1503 τῷ
3345 1434 3422 1493 είς

1836 1512 2063 1582 Μάρσην,
2095 1514 2219 1587 ἁνήρ
2258 1536 2337 1575 τις
2374 1514 2583 1589 σφόδραέ
2608 1518 2975 1579 εύλαϐἐστατος
3015 1530 3259 1594 Μαρτῐνος
3294 1520 3418 1577 τοῦ-

1836 1621 1998 1669 νομα,
2042 1608 2233 1674 μονήρη
2268 1604 2375 1675 βίον
2411 1604 2713 1671 διετέλεσεν,
2751 1607 2894 1669 ὅστις
2932 1613 3013 1665 ἐπὶ
3047 1613 3260 1671 πολλούς
3287 1613 3421 1686 χρό-

141 1695 290 1748 simo
321 1695 558 1747 inclusus
584 1693 711 1756 luit,
739 1708 898 1762 quem
944 1694 1091 1747 tnulti
1120 1709 1184 1748 ex
1214 1695 1410 1747 nostris
1442 1707 1727 1761 noverunt,

1848 1712 1952 1751 ρους
1994 1695 2043 1745 ἐν
2072 1695 2305 1765 σπηλαίῳ
2331 1696 2632 1767 στενωτείτῳ
2662 1699 2844 1754 ἑαυτὸν
2889 1703 3193 1756 κατέκλεισε.
3223 1710 3415 1756 Τοῦτον

139 1788 378 1853 ejusque
405 1785 612 1839 actibus
639 1794 931 1852 przesentes
954 1785 1296 1838 exstiterunt.
1330 1785 1405 1839 De
1438 1800 1543 1854 quo
1573 1788 1737 1839 multa

144 1877 267 1942 ipse
314 1886 365 1930 et
413 1878 583 1931 beata:
629 1877 905 1930 memoriae
944 1873 971 1912 ¹ι
1016 1891 1148 1943 papa
1194 1876 1405 1944 Pelagio
1458 1877 1740 1932 decessore

145 1984 299 2028 meo.
325 1978 381 2022 et
400 1969 522 2021 aliis
546 1967 958 2034 religiosissimis
984 1966 1111 2020 viris
1141 1968 1480 2021 narrantibus
1520 1968 1735 2036 agnovi.

144 2062 320 2128 Cujus
344 2061 444 2113 hoc
470 2060 784 2113 miraculum
812 2061 1036 2128 primum
1062 2059 1179 2121 fuit,
1208 2061 1347 2127 quod
1373 2077 1492 2114 mox
1522 2074 1576 2114 ut
1603 2077 1662 2115 se
1686 2061 1738 2115 in

147 2152 397 2221 ιινειιὶοιί
432 2151 627 2205 tuontis
659 2150 920 2204 foramine
961 2152 1206 2213 contulit,
1251 2166 1316 2205 ex
1349 2160 1496 2219 petra
1529 2152 1738 2218 eadem,

146 2259 271 2311 qua!
304 2245 355 2296 in
384 2242 672 2311 semetipsa
697 2256 931 2296 concava
957 2252 1238 2310 angustum
1270 2258 1490 2310 specum
1524 2243 1738 2306 fecerat,

144 2349 303 2400 aqua:
332 2334 469 2385 stilla
504 2334 764 2401 prorupit,
795 2348 914 2399 quin
944 2333 1174 2386 Martino
1200 2332 1290 2387 Dei
1320 2333 1519 2387 famulo
1561 2335 1612 2386 itt
1642 2349 1739 2388 usn

146 2425 463 2494 qttntidiano
486 2424 784 2490 sufﬁceret,
809 2434 866 2480 et
895 2438 993 2479 nec
1020 2424 1136 2492 plus
1164 2425 1394 2490 adesset,
1429 2441 1528 2480 nec
1554 2441 1742 2481 neces-

144 2519 297 2573 sitati
327 2520 561 2573 deesset.
601 2519 713 2585 Qua
757 2518 812 2572 in
854 2532 915 2573 re
960 2518 1196 2573 ostendit
1235 2520 1572 2588 omnipotens
1603 2520 1743 2574 Deus

145 2619 405 2680 quantam
437 2609 517 2662 sui
548 2608 729 2661 famuli
757 2623 938 2662 curam
973 2617 1204 2676 gereret,
1233 2609 1319 2662 cui
1348 2619 1558 2662 vetusto
1583 2609 1744 2662 mira-

147 2702 277 2754 culo
312 2707 495 2768 potum
524 2700 576 2752 in
608 2698 894 2753 solitudine
927 2713 996 2752 ex
1031 2708 1193 2766 petrae
1234 2699 1431 2753 duritia
1472 2700 1744 2753 ministra-

146 2800 228 2845 ret
262 2790 454 2848 (Nam.
486 2790 580 2857 xx)
627 2790 790 2861 316
812 2789 917 2844 Sed
940 2790 1189 2858 antiquus
1217 2789 1387 2844 hostis
1413 2790 1628 2845 humani
1650 2806 1744 2859 ge-

149 2881 321 2947 neris,
348 2881 463 2951 ejus
482 2890 505 2918 ε
529 2880 732 2935 viribus
754 2880 1018 2943 invidens,
1035 2881 1174 2933 hunc
1197 2881 1385 2933 usitata
1414 2891 1528 2934 arte
1545 2881 1743 2948 pellere

148 2988 213 3025 ex
244 2987 314 3026 eo
340 2985 503 3040 specu
533 2972 749 3028 molitus
774 2981 875 3027 est.
906 2971 1038 3026 Nam
1061 2969 1089 3008 ά
1119 2971 1344 3026 amicam
1372 2973 1470 3026 sibi
1493 2974 1740 3040 bestiam,

1839 1778 1893 1835 δὲ
1920 1780 2156 1837 πλεῖστοι
2179 1788 2264 1837 καί
2293 1787 2347 1838 ἐκ
2368 1794 2467 1837 τῶν
2488 1788 2740 1859 ἡμετέρων
2762 1790 3054 1858 ἐγνώρισαν,
3082 1794 3167 1842 καί
3196 1792 3290 1849 τὰς
3329 1794 3419 1845 αύ-

1840 1876 1930 1922 τοῦ
1959 1873 2168 1944 πράξεις
2188 1873 2439 1947 παρόντες
2459 1877 2854 1937 κατώπτευσαν,
2886 1882 3003 1951 περὶ
3027 1875 3084 1931 οὗ
3105 1881 3241 1951 κᾲγώ
3262 1882 3417 1939 αὐτὸς

1839 1958 1999 2011 πολλὰ
2036 1962 2179 2034 παρά
2216 1967 2306 2014 τοῦ
2338 1963 2386 2013 ἐν
2414 1965 2637 2037 μακαρίᾳ
2781 1969 2948 2038 μνήμῃ
2979 1966 3222 2038 ιιελαγίου
3268 1975 3358 2023 τοῦ
3392 1966 3420 2007 κ

1840 2052 2261 2122 προηγησαμένου
2294 2070 2376 2122 με,
2424 2057 2510 2104 καί
2540 2050 2699 2106 ἄλλων
2748 2054 3039 2109 σπουδαίων
3084 2056 3273 2131 ἀνδρῶν
3312 2057 3422 2117 διη-

1840 2141 2089 2207 γουμένων
2112 2141 2386 2209 μεμάθηκα.
2427 2150 2614 2195 Τοῦτον
2646 2138 2734 2198 οὖν
2766 2153 2968 2216 πρῶτον
2996 2147 3169 2216 θαῦμα
3188 2153 3307 2221 περὶ
3333 2151 3422 2201 αύ-

1840 2236 1928 2284 τοῦ
1954 2229 2239 2304 διηγοῦντο,
2271 2234 2405 2287 οὕτω
2445 2239 2739 2305 φάσκοντες,
2780 2234 2857 2292 ὅτι
2893 2240 3035 2295 ἡνίκα
3068 2240 3246 2294 ἑαυτὸν
3275 2243 3322 2294 ἐν
3348 2250 3421 2311 τῷ

1841 2325 2067 2392 σπηλαίῳ
2112 2331 2206 2378 τοῦ
2254 2327 2619 2402 προλεχθὲντος
2659 2325 2811 2401 ὅρους
2849 2332 3184 2393 κατέκλεισεν,
3232 2335 3286 2385 ἐκ
3330 2342 3425 2393 τῆς

1841 2414 2038 2486 πέτρας
2062 2418 2199 2474 νοτὶς
2222 2413 2409 2475 ὕδατος
2430 2415 2652 2483 ἐξεδόθη,
2689 2416 2788 2476 ὅση
2826 2422 3053 2496 Μαρτίνῳ
3079 2428 3151 2490 τῷ
3179 2429 3266 2476 τοῦ
3293 2430 3421 2477 Θεοῦ

1842 2501 2005 2574 δούλῳ
2034 2508 2105 2564 εἰς
2140 2511 2325 2580 χρείαν
2366 2509 2694 2585 καθημερινὴν
2728 2509 2938 2585 διήρκει,
2980 2509 3095 2565 οὔτε
3136 2508 3219 2565 οὖν
3254 2515 3425 2568 πλεὶον

1843 2598 2190 2669 προσετίθετο,
2215 2595 2331 2652 οὔτε
2357 2599 2406 2651 ἐν
2633 2599 2969 2674 διελίμπανεν.
3002 2601 3076 2656 Ἐν
3098 2601 3138 2676 ᾦ
3158 2612 3425 2680 πράγματι

1843 2684 1870 2738 5
1896 2686 2271 2757 παντοδύναμος
2294 2691 2413 2748 Θεὸς
2441 2689 2707 2758 ἐπέδειξεν,
2740 2693 2908 2749 πόσην
2930 2695 3175 2767 μέριμναν
3194 2701 3310 2756 περὶ
3335 2704 3423 2752 τοῦ

1844 2774 2024 2830 δούλου
2055 2780 2212 2832 αὐτοῦ
2239 2776 2397 2848 εἶχεν.
2433 2783 2566 2834 Κατὰ
2601 2784 2701 2857 γάρ
2729 2785 2788 2838 τὸ
2814 2785 2973 2838 πάλαι
3008 2788 3176 2857 θαῦμα
3200 2790 3258 2841 τὸ
3288 2790 3339 2841 ἓν
3362 2796 3426 2861 τῇ

1845 2867 2033 2942 ἐρήμῳ,
2063 2872 2147 2922 καί
2172 2871 2340 2942 τούτῳ
2367 2871 2522 2925 πότον
2544 2875 2599 2924 ἐκ
2623 2880 2714 2933 τῆς
2741 2881 2833 2927 τοῦ
2860 2875 2995 2927 λίθου
3018 2876 3288 2947 ξηρότητος
3312 2876 3425 2934 διη-

1846 2962 2072 3016 κὸνησεν.
2104 2971 2159 3013 «ο
2185 2962 2347 3031 315
2376 2960 2430 3017 δὲ
2463 2949 2481 2999 ι
2515 2964 2741 3037 ἀρχαῖος
2764 2965 2950 3037 εχθρδς
2984 2974 3075 3019 τοῦ
3103 2974 3203 3021 τῶν
3229 2968 3426 3043 ἀνθρώ-

150 3071 461 3130 serpentem
487 3062 712 3127 scilicet,
744 3063 1034 3132 ingressus,
1059 3062 1201 3118 hunc
1226 3063 1295 3117 ab
1324 3064 1510 3118 eadem
1538 3065 1741 3118 habita—

1848 3072 1956 3103 πων
1979 3054 2154 3123 γένους
2184 3062 2298 3113 ταῖς
2325 3058 2511 3109 ἐκείνου
2541 3058 2789 3125 φθονήσας
2826 3056 3096 3125 δυνάμεσι,
3130 3066 3192 3132 τῇ
3226 3060 3427 3117 συνήθει

150 3154 297 3206 tione
324 3151 521 3221 ejicere
550 3151 689 3205 facto
718 3161 924 3207 terrore
942 3161 1166 3207 conatus
1197 3164 1304 3207 est.
1326 3153 1509 3223 Ctepit.
1536 3157 1738 3209 etenim

150 3256 375 3309 serpens
404 3242 455 3296 in
486 3251 509 3278 ε
538 3244 845 3309 speluncam
878 3242 1060 3297 venire
1085 3243 1234 3298 solus
1255 3260 1377 3297 cum
1402 3245 1537 3310 solo,
1568 3260 1741 3314 eoque

153 3338 345 3384 orante
370 3344 429 3383 se
459 3341 585 3384 ante
610 3330 762 3384 illum
785 3340 1046 3393 sternere.
1074 3343 1267 3387 etcum
1293 3335 1522 3391 cubante
1545 3337 1743 3407 pariter

150 3423 373 3476 cubare.
404 3421 510 3475 Sed
540 3423 622 3475 vir
649 3430 868 3476 sanctus
895 3425 1116 3476 omnino
1168 3426 1589 3495 imperterritus,
1621 3430 1738 3498 ejus

154 3508 236 3563 ori
262 3525 479 3564 manum
506 3511 591 3565 vel
636 3510 827 3580 pedem
855 3513 1198 3579 extendebat,
1225 3516 1412 3571 dicens
1445 3536 1457 3571 :
1491 3519 1548 3573 Si
1575 3517 1743 3575 licen-

156 3601 288 3654 tiam
336 3602 587 3667 accepisti
620 3610 676 3655 ut
703 3601 879 3668 ferias,
912 3618 1011 3671 ego
1038 3620 1143 3658 non
1177 3607 1452 3674 prohibeo.
1503 3608 1743 3680 Cumque

156 3692 261 3744 hoc
287 3692 542 3745 continue
585 3706 679 3759 per
708 3693 998 3747 triennium
1041 3708 1333 3763 gereretur,
1384 3698 1471 3754 die
1515 3703 1741 3769 quadam

155 3784 410 3850 antiquus
442 3785 609 3838 hastis
638 3795 780 3839 tanta
813 3786 914 3840 bac
955 3787 1071 3856 ejus
1115 3790 1421 3846 fortitudine
1464 3794 1634 3850 victus
1663 3796 1743 3849 in-

156 3872 399 3935 fremuit,
423 3888 588 3942 seque
619 3890 713 3941 per
736 3876 997 3931 devexum
1027 3881 1223 3934 montis
1257 3886 1392 3936 latus
1420 3883 1470 3937 in
1502 3886 1744 3954 praecipi-

157 3966 291 4019 tium
321 3980 543 4033 serpens
568 3968 734 4031 dedit,
766 3970 1048 4037 omniaque
1068 3974 1280 4026 arbuSIa
1310 3974 1408 4029 loci
1435 3976 1575 4031 illius
1598 3979 1745 4031 [latn-

158 4070 248 4109 tua
271 4072 336 4109 ex
360 4071 418 4110 se
444 4067 675 4111 exeunte
695 4061 1076 4115 concremavit.
1099 4062 1198 4128 Qui
1226 4062 1278 4116 in
1301 4079 1367 4117 eo
1386 4068 1525 4135 quod
1549 4069 1747 4124 montis

162 4151 305 4200 tatus
347 4162 511 4201 omne
555 4150 883 4215 combussit,
936 4163 1159 4221 cogente
1207 4156 1571 4224 omnipotente
1616 4158 1743 4223 Deo,

169 4249 474 4293 monstrare
493 4241 801 4307 compulsus
819 4251 921 4308 est,
937 4251 1147 4310 quanta:
1167 4243 1378 4298 virtutis
1400 4245 1589 4313 fuerat,
1614 4246 1633 4285 ί
1655 4263 1748 4318 per

164 4345 329 4397 quem
359 4331 531 4384 victus
558 4331 899 4386 abscedebat.
927 4333 1203 4401 Perpende
1222 4374 1238 4399 ,
1270 4350 1472 4403 quaso,
1524 4337 1623 4392 iste
1666 4339 1749 4393 vir

1843 3143 1998 3195 αὐτοῦ
2025 3143 2189 3217 τέχνῃ
2227 3144 2504 3209 ἀποδιῶξαι
2540 3153 2721 3201 τοῦτον
2757 3149 2811 3200 ἐκ
2849 3156 2935 3201 τοῦ
2966 3150 3217 3205 σπηλαίου
3250 3155 3427 3222 ἠγωνί-

1845 3238 1980 3298 ζετο.
2005 3232 2149 3289 ’οθεν
2178 3237 2262 3290 ἐπὶ
2286 3237 2420 3307 φίλον
2444 3239 2598 3291 αὐτοῦ
2631 3240 2797 3313 θηρίον
2836 3236 2941 3310 ὅφιν
2972 3241 3223 3304 εἰσελθὼν,
3245 3248 3427 3296 τοῦτον

1844 3330 2066 3401 ἐκφοϐεῖν
2089 3330 2348 3400 ἑπειρὰτο’
2374 3331 2585 3399 νομίζων
2615 3330 2699 3385 διά
2730 3326 2819 3385 τοῦ
2852 3332 3033 3403 φόϐου.
3061 3341 3152 3391 τῆς
3182 3337 3429 3394 κατοικίας

1843 3418 1940 3476 τοῦ
1972 3422 2223 3479 σπηλαίου
2252 3419 2435 3477 τουτον
2457 3421 2727 3477 ἐπιδιώκειν.
2750 3421 2963 3501 ’Ἤρξατο
2992 3419 3079 3477 οὖν
3103 3424 3127 3477 5
3153 3423 3260 3497 ὅφις
3282 3427 3329 3478 ἕν
3355 3434 3428 3498 τῷ

1843 3516 2075 3584 σπηλαίῳ
2121 3514 2447 3589 εὑρίσκεσθαι
2486 3513 2636 3586 μόνος
2676 3517 2806 3587 πρὸς
2842 3515 3006 3585 μόνον.
3038 3518 3329 3587 Εύχομὲνου
3374 3516 3428 3571 δὲ

1844 3603 1936 3660 τοῦ
1962 3605 2130 3677 ἁγίου,
2165 3604 2447 3679 ἔμπροσθεν
2472 3604 2635 3661 αὐτοῦ
2675 3607 2701 3661 5
2744 3605 2849 3681 ὄφις·
2887 3605 3129 3666 ήπλοῦτο.
3156 3606 3346 3663 Τούτου
3374 3607 3428 3662 δὲ

1845 3703 2275 3768 μετακύπτοντος,
2298 3707 2335 3734 m
2369 3701 2550 3771 ὁμοίως
2574 3703 2713 3768 αύτῷ
2738 3698 2887 3755 πάλιν
2908 3703 3207 3755 συνέκυπτε.
3232 3704 3427 3756 Παντά-

1846 3814 2002 3847 πασιν
2029 3787 2115 3845 οὖν
2144 3791 2340 3863 ἀφόϐως
2366 3789 2607 3862 διαμένων
2629 3790 2654 3845 5
2683 3790 2822 3863 ἅγιος
2851 3788 3002 3851 οὗτος
3038 3792 3184 3864 ἀνήρ,
3208 3800 3279 3863 τῷ
3305 3792 3431 3843 ἑκεί-

1843 3906 1930 3937 νου
1961 3886 2180 3949 στόματι
2205 3889 2295 3939 τήν
2332 3880 2516 3937 ἑαυτοῦ
2555 3893 2731 3955 χεῖρα,
2764 3884 2794 3943 ἢ
2830 3887 2912 3937 καί
2940 3885 3025 3938 τὸν
3055 3884 3189 3937 πόδα
3219 3892 3243 3917 ¹¹
3277 3903 3430 3957 παρε-

1845 3976 1979 4039 τίθη,
2009 3976 2183 4047 λέγων’
2214 3976 2325 4029 Ἐάν
2356 3974 2525 4030 ἄδειαν
2556 3975 2740 4035 ἔλαϐες
2779 3973 2866 4029 τοῦ
2895 3975 3092 4051 βλάψαι
3116 3996 3200 4046 με,
3243 3976 3337 4047 ἐγὼ
3374 3979 3432 4028 ού

1850 4066 2047 4119 κωλύω.
2077 4064 2157 4117 Ἐν
2250 4065 2304 4120 δέ
2332 4063 2483 4121 τοῦτο
2520 4065 2855 4125 ἀδιαλείπτως
2884 4068 3046 4142 μέχρι
3075 4073 3296 4139 τριετίας
3334 4066 3433 4137 ἐγί-

1846 4176 1984 4219 νετο,
2008 4157 2068 4213 ἕν
2096 4177 2189 4209 τινι
2218 4158 2381 4229 ήμὲρᾳ
2409 4156 2434 4210 5
2461 4158 2749 4229 ἁρχέκακος
2779 4156 2963 4229 ἐχθρός
2993 4159 3094 4213 ὑπὸ
3130 4166 3214 4215 τῆς
3242 4161 3432 4209 τοσαύ-

1849 4269 1941 4307 της
1972 4243 2124 4302 αύτοῦ
2161 4249 2419 4319 ὑπομονῆς
2450 4252 2536 4301 καί
2572 4246 2832 4319 δυνάμεως
2868 4249 3088 4306 νικηθείς
3124 4246 3321 4321 ἔϐρυζε,
3353 4250 3433 4298 καί

1851 4343 2031 4397 ἑαυτὸν
2052 4341 2077 4396 5
2104 4338 2213 4413 ὄφις
2239 4342 2337 4395 ύπό
2358 4342 2414 4396 τὸ
2440 4343 2665 4394 ἐκλεῖπον
2686 4344 2838 4411 μέρος
2858 4337 2949 4395 τοῦ
2973 4337 3123 4414 ὅρους
3146 4339 3433 4393 κατάπλά-

161 4420 375 4475 Domini
414 4422 466 4474 in
504 4431 530 4468 δ
558 4436 664 4492 quo
690 4424 886 4477 mentis
914 4424 1116 4480 vertice
1144 4426 1309 4492 stetit,
1354 4429 1443 4496 qui
1472 4443 1594 4483 cum
1635 4444 1743 4485 ser-

1854 4456 1960 4506 γιον
1989 4437 2059 4491 είς
2086 4433 2302 4506 κρημνὸν
2336 4430 2539 4487 δέδωκε.
2571 4433 2739 4486 Πάντα
2768 4431 2821 4485 δὲ
2847 4434 2910 4486 τά
2934 4428 3023 4485 τοῦ
3053 4426 3218 4485 τόπου
3248 4430 3434 4482 ἐκείνου

160 4524 326 4583 petite
352 4530 451 4582 per
478 4514 764 4568 triennium
790 4516 959 4583 jacuit
985 4530 1226 4573 securus.

1859 4526 2012 4588 δάση,
2038 4528 2122 4577 καί
2145 4522 2253 4577 ὅλον
2283 4523 2341 4576 τὸ
2367 4523 2515 4593 μέρος
2540 4524 2702 4576 ἕκεῖνο
2727 4519 2821 4575 τοῦ
2848 4520 2998 4595 ὄρους
3026 4529 3088 4594 τῇ
3128 4524 3268 4590 φλογὶ
3296 4528 3356 4589 τη
3384 4520 3434 4580 ἐξ

158 4612 324 4665 αὐτοῦ
354 4610 718 4684 ἐκπορευομένη
743 4607 825 4663 διὰ
852 4616 943 4670 τῆς
963 4612 1199 4674 καύσεως
1219 4612 1459 4687 ὲμάρανε⁶
1488 4610 1583 4668 τοῦ
1607 4619 1995 4690 παντοδυνάμου
2027 4612 2200 4673 Θεοῦὀ
2223 4615 2602 4687 ἀναγκάσαντος
2624 4614 2774 4668 αὐτόν
2805 4611 3045 4673 ἐπιδεῖξαι
3067 4611 3230 4667 πόσης
3265 4610 3438 4683 ὑπῆρ-

157 4807 265 4920 υςι
298 4798 443 4916 inter
469 4808 683 4852 sanctos
715 4810 960 4867 receptus
995 4811 1077 4856 est
1131 4810 1185 4855 et
1211 4804 1410 4854 relatus
1430 4803 1494 4855 ad
1518 4804 1657 4858 diem
1680 4803 1750 4857 ει

244 4878 297 4917 ltI
322 4888 356 4920 ι.

244 4878 356 4920 ltili.

239 4939 265 4975 δ
297 4938 516 5005 Pelagio
542 4938 604 4998 ll,
637 4940 723 5005 qui
749 4940 1113 5007 pontiﬁcatum
1144 4942 1275 4994 adiit
1298 4957 1384 4993 an.
1409 4941 1535 4994 57S).

241 5019 262 5046 ε
297 5010 513 5068 Excusi.
543 5013 652 5078 ejus
681 5009 967 5071 virtutibus,
991 5012 1479 5065 contradicentibus
1501 5013 1752 5067 omnibus

162 5080 291 5133 Hss.
320 5080 536 5131 nostris.

235 5147 263 5185 ἀ
298 5148 508 5222 Primus
534 5146 785 5217 Carnot.,
815 5164 930 5202 cum
970 5151 1136 5204 amica
1163 5152 1259 5205 sibi
1300 5152 1474 5219 bestia,
1523 5163 1753 5222 serpente

162 5221 277 5272 scil.
309 5220 590 5287 ingressus.

240 5301 262 5328 ε
293 5292 407 5344 Duo
433 5288 645 5343 Gemet.
672 5297 725 5341 et
757 5288 995 5358 plerique
1020 5289 1200 5350 Norm.
1224 5306 1345 5350 cum
1366 5292 1603 5351 secundo
1627 5296 1755 5344 Car—

160 5372 255 5415 n0t
284 5402 299 5424 ,
331 5364 383 5413 in
413 5360 660 5427 spelunca
690 5360 902 5411 inveniri
927 5363 1085 5413 solus.

241 5429 260 5470 ί
291 5433 364 5486 Et
398 5431 532 5484 Mss.
574 5428 837 5491 nonnulli,
863 5444 1014 5498 aqua
1042 5432 1203 5484 victus
1226 5433 1390 5491 αὐτο..
1422 5431 1535 5493 alii,
1566 5431 1654 5499 qui
1687 5431 1758 5482 vi-

157 5511 269 5556 cm
293 5507 400 5555 abs.
434 5500 527 5555 Sic
558 5498 697 5554 inter
720 5509 945 5555 czcteros
973 5500 1381 5557 Germanensis.
1411 5501 1554 5556 Idem
1580 5498 1759 5555 liabet

158 5571 421 5646 interpres
453 5570 497 5623 ϐ
506 5585 555 5624 r.

1930 4820 1957 4858 ε
1989 4803 2230 4858 Editores
2271 4806 2543 4851 mutarunt
2571 4799 2747 4851 mentis
2778 4798 2827 4849 in
2861 4799 3063 4859 montis,
3094 4806 3279 4850 eontra
3306 4794 3435 4851 Mss.

1856 4883 2043 4934 saltem
2074 4881 2373 4924 nostrorum
2405 4869 2587 4922 ﬁdem.

1930 4947 1954 4986 ξι
1997 4946 2115 5000 ΜΞ..
2149 4941 2351 4996 εύδόκει.

1934 5016 1948 5055 ί
1998 5013 2226 5067 Hevolve
2254 5026 2369 5078 qure
2408 5009 2470 5061 ad
2515 5009 2647 5061 hanc
2677 5022 2857 5059 vocem
2888 5004 3438 5078 observavimus,su-

1856 5104 1972 5157 pra,
1998 5087 2034 5157 Ι.
2080 5098 2116 5147 I,
2158 5074 2284 5147 cap;
2326 5080 2381 5145 9,
2422 5084 2527 5133 col.
2582 5082 2703 5145 till),
2761 5086 2880 5130 nuta
2910 5078 2937 5130 λ
2965 5077 3153 5147 (Nobis
3183 5077 3281 5128 col.
3321 5074 3436 5135 tus,

1858 5153 1966 5210 nol.
1996 5153 2052 5221 i).

1933 5228 1945 5275 l
2000 5220 2118 5285 Ms.,
2150 5220 2455 5292 ἁγιωσύνης.

1930 5293 1955 5333 λι
2000 5296 2045 5347 Μ
2053 5309 2120 5349 5..
2147 5294 2551 5363 προηγουμένου.

1940 5365 1953 5401 ι
2005 5365 2126 5426 Ms.,
2164 5362 2474 5433 ᾅρχέκακος.

1932 5444 1971 5471 m
2015 5433 2135 5495 Μελ,
2167 5430 2339 5499 ὅμοιος
2364 5431 2544 5482 αὐτοῦ.

1934 5514 1960 5540 η
2002 5502 2122 5566 Ms.,
2152 5502 2429 5573 παρετίθει.

1946 5582 1970 5608 ο
2014 5574 2107 5626 Ms.
2119 5612 2133 5633 ,
2164 5571 2533 5634 ἀναγκάζοντος.
