4000 6396
576 307 679 369 επεν

1757 299 2001 356 SANCTI
2041 297 2363 355 GBEGORII
2405 297 2607 354 MAGNI

3732 307 3832 362 εοο

581 444 642 497 χι
673 422 956 494 δυνάμεως,
991 416 1135 478 ὅστις
1173 418 1384 476 νικηθείς
1410 415 1842 487 κατῃσχυμμένος
1884 415 2209 486 ἀνεχώρησε.
2242 420 2267 447 ⁸
2303 410 2639 475 Βατανὸησον,
2671 410 2825 473 αἰτῶ,
2857 411 2906 463 ὲν
2934 413 3055 486 ποίᾳ
3080 408 3174 469 τοι]
3205 413 3314 475 νοὸς
3338 424 3523 489 κορυφῇ
3551 414 3719 475 {gms
3745 418 3834 476 τοῦ

581 516 705 574 θεοῦ
754 515 1019 590 ἅνθρωπος
1057 510 1227 577 οὗτος,
1279 509 1423 571 ὅστις
1464 512 1593 580 μετά
1634 504 1791 581 ὄφεως
1828 511 2049 581 τριετίαν
2073 508 2365 576 ἀμερίμνως
2395 504 2420 541 b
2455 507 2767 562 συνοίκησιν.

647 621 813 665 ΠΕΤΡ.
838 617 910 682 Τῇ
941 610 1064 681 ἀκοῇ
1092 610 1174 659 καί
1199 606 1318 675 μόνη
1341 603 1525 658 δειλιῶ.

644 706 884 752 I‘PllI‘OP.
916 705 971 750 Ὀ
999 704 1060 766 τῇ
1089 700 1190 768 ζωῇ
1224 694 1597 751 εὐλαϐέστατος
1633 689 1781 749 οὗτος
1810 692 1959 765 ἀνὴρ,
1990 693 2041 745 ἐν
2078 698 2152 759 τῷ

575 793 762 865 πρώτῳ
793 789 985 864 χρόνῳ,
1018 790 1067 840 ὲν
1176 786 1353 840 ἑαυτὸν
1378 787 1427 837 ὲν
1450 781 1521 838 τῶ
1560 785 1790 852 σπηλαίῳ
1818 783 2153 845 κατέκλεισεν,

575 880 756 951 ὥρισεν
799 876 939 937 ὅπως
977 874 1067 932 τοῦ
1106 872 1283 929 λοιποῦ
1316 882 1531 945 γυναῖγα
1557 879 1626 940 μὴ
1669 875 1926 935 θεάσηται,
1961 875 2063 942 οὐχ
2089 876 2157 932 ὡς

573 974 663 1024 την
689 966 839 1038 φύσιν
866 965 1293 1036 βδελυσσόμενος,
1323 963 1447 1016 ἀλλά
1472 971 1547 1034 τῷ
1575 960 1787 1031 κινδύνῳ
1824 956 1919 1015 τοῦ
1942 982 2160 1036 πειρασ·

576 1056 674 1130 μού
700 1061 1010 1131 φοϐούμενος
1035 1064 1356 1129 περιπεσεῖν,
1379 1051 1450 1125 τῷ
1477 1056 1531 1107 ἑκ
1557 1050 1648 1108 τοῦ
1671 1055 2015 1127 θεωρουμένου
2037 1055 2155 1106 κάλ-

574 1152 692 1211 λους
713 1153 1063 1219 συμϐαίνοντι.
1090 1154 1219 1207 Γυνη
1244 1146 1295 1201 δέ
1319 1169 1395 1207 τις
1429 1142 1579 1199 τοῦτο
1609 1146 1896 1211 ἀκούσασα,
1928 1153 1951 1181 °
1980 1146 2160 1213 τεθαρο

575 1245 796 1320 {iuno-rm;
826 1246 895 1302 εἰς
933 1244 991 1296 τὸ
1030 1238 1146 1314 ὅρος
1186 1239 1378 1303 ἀνῆλθε,
1408 1240 1488 1290 καὶ
1523 1238 1593 1295 είς
1622 1238 1680 1290 τό
1713 1236 1867 1288 αὐτοῦ
1917 1232 2159 1288 σπήλαιον

576 1333 793 1393 ἀναιδῶς
819 1334 1142 1405 παρεγένετο.
1177 1327 1335 1387 Οὗτος
1376 1327 1429 1381 δέ
1458 1327 1634 1397 μικρὸν
1661 1327 1713 1379 ἐκ
1741 1330 1934 1397 μήκους
1970 1327 2160 1380 ταύτην

576 1426 877 1493 θεασάμενος
929 1423 1238 1497 ἐρχομένην,
1284 1422 1365 1472 καί
1417 1419 1468 1470 ἐκ
1518 1425 1617 1471 τῶν
1663 1418 1876 1485 ἱματίων
1928 1417 2160 1487 ἐπιγνούς

575 1522 796 1585 ’γυναῖκα
826 1516 976 1570 αὐτὴν
1004 1509 1145 1569 εἶναι,
1181 1510 1360 1563 ἑαυτὸν
1382 1514 1453 1567 εἰς
1480 1510 1642 1577 εὐχὴν
1673 1505 1878 1570 δέδωκε,
1910 1509 1992 1559 καὶ
2021 1509 2070 1560 ἐν
2097 1514 2160 1580 τῇ

574 1612 639 1677 τῇ
668 1611 757 1663 τήν
779 1606 959 1659 ἑαυτοῦ
986 1601 1099 1674 ὄψιν
1129 1602 1468 1673 ἐπεστήριξεν.
1502 1605 1754 1652 Τοσοῦτον
1794 1596 1846 1651 δὲ
1873 1598 2161 1667 ἠπλωμίνος

576 1696 626 1747 ἐν
654 1704 715 1768 τῇ
750 1698 881 1769 εύχῇ
911 1694 1400 1767 προσεκαρτέρησεν,
1445 1690 1540 1748 ἕως
1582 1685 1639 1742 οὗ
1676 1693 1733 1741 τὸ
1777 1686 1973 1746 ἀναιδές
2002 1690 2161 1740 ἐκεῖνο

574 1787 778 1856 ’γύναιον
829 1787 1076 1842 ἀτονῆσαν
1127 1784 1178 1834 ἐκ
1221 1791 1312 1840 τῆς
1372 1779 1576 1853 θυρίδος
1619 1784 1710 1831 τοῦ
1760 1778 1952 1831 κελλίου
2000 1779 2159 1831 αὐτοῦ

576 1877 796 1933 ἀπέστη.
822 1875 1136 1928 Κατελϐοῦσα
1163 1866 1249 1925 οὖν
1271 1873 1325 1924 ἐκ
1352 1877 1437 1924 τοῦ
1470 1866 1639 1942 ὅρους.
1672 1869 1719 1920 ἐν
1747 1875 1808 1941 τῇ
1837 1869 1965 1940 αὐτῇ
2000 1868 2162 1942 ἡμέρᾳ

2184 602 2236 658 Α
2334 596 2497 649 Pera.
2531 596 2724 650 Amlitu
2757 610 2947 665 paveo.

2330 688 2569 743 Cascae.
2602 688 2693 741 Vir
2724 688 2827 742 iste
2862 689 2987 742 vita:
3017 690 3364 758 venerabilis,
3400 692 3706 750 inclusionis
3730 710 3836 751 sua:

2260 789 2502 846 tempore
2535 780 2729 848 primo;
2776 780 3089 835 decreverat
3132 791 3188 836 ut
3230 784 3368 837 ultra
3417 786 3689 841 mulierem
3736 805 3834 843 non

2260 869 2484 932 videret,
2513 887 2618 923 non
2658 873 2781 938 quia
2810 874 3196 939 aspernabatur
3220 889 3427 941 sexum,
3463 877 3553 929 sed
3600 892 3665 931 ex
3713 894 3834 933 con-

2261 962 2512 1026 templata
2528 962 2707 1026 Specie
2725 965 3038 1018 tcntationis
3058 966 3331 1020 incurrere
3347 967 3617 1021 metuebat
3634 970 3833 1023 vitium.

2260 1050 2409 1115 Quod
2453 1054 2696 1119 quaatlam
2748 1054 2939 1107 mulier
2982 1054 3203 1110 audiens
3233 1099 3246 1122 ,
3298 1057 3551 1111 audacter
3607 1062 3840 1115 ascendit

2264 1151 2518 1204 montem,
2542 1153 2701 1211 atque
2728 1146 2793 1197 ad
2823 1143 2940 1213 ejus
2972 1160 3188 1213 specum
3216 1148 3552 1214 impudenter
3584 1156 3835 1221 prorupit.

2267 1235 2333 1283 At
2372 1231 2463 1286 ille
2494 1235 2649 1299 paulo
2678 1235 2888 1305 longius
2915 1237 3150 1300 intuens,
3182 1248 3235 1292 ct
3264 1240 3522 1293 venientis
3550 1241 3615 1294 ad
3646 1257 3703 1295 se
3730 1259 3839 1298 mu.

2261 1324 2451 1378 liebria
2479 1325 2784 1380 indumenta
2815 1328 3169 1395 conspiciens,
3202 1344 3323 1383 sese
3353 1330 3405 1384 in
3436 1332 3730 1386 orationem
3754 1335 3841 1388 de-

2262 1414 2359 1478 dit,
2387 1415 2436 1467 in
2464 1425 2659 1468 terram
2693 1416 2880 1470 faciem
2908 1418 3196 1486 depressit,
3226 1432 3278 1474 et
3305 1436 3371 1475 eo
3399 1437 3568 1491 usque
3609 1434 3839 1489 prostra-

2264 1503 2557 1571 tusjacuit,
2589 1520 2693 1574 quo
2721 1507 3001 1576 impudens
3047 1511 3238 1564 mulier
3284 1525 3313 1562 a
3363 1510 3595 1565 fenestra
3639 1514 3842 1566 cellula:

2264 1596 2404 1649 illius
2429 1595 2642 1667 fatigata
2676 1600 2968 1654 recederet.
3002 1601 3131 1666 Quae
3153 1605 3239 1656 die
3270 1604 3481 1666 eodem,
3516 1620 3638 1658 rnox
3685 1615 3736 1659 ut
3780 1608 3844 1662 de

2265 1697 2445 1740 monte
2468 1687 2766 1752 descendit,
2789 1690 2947 1742 vitam
2980 1691 3166 1756 finivit,
3201 1702 3253 1744 nt
3281 1709 3348 1745 ex
3380 1695 3565 1747 mortis
3588 1696 3703 1762 ejus
3727 1711 3845 1749 sen-

2267 1778 2434 1831 tentia
2462 1778 2679 1831 daretur
2716 1779 2935 1849 intelligi
2972 1784 3091 1844 quia
3140 1783 3292 1835 valde
3342 1786 3690 1850 omnipotenti
3736 1786 3847 1841 Deo

2266 1867 2560 1935 displicuit,
2590 1868 2733 1937 quod
2766 1870 2883 1938 ejus
2912 1870 3170 1926 famulum
3202 1888 3338 1926 ausu
3379 1875 3622 1942 improbo
3649 1879 3850 1932 contri-

575 1970 665 2023 τὴν
687 1969 816 2027 ζωήν
846 1964 1150 2037 ἐπλήρωσεν.
1174 1961 1257 2013 Ἐκ
1273 1970 1364 2020 τῆς
1393 1960 1621 2017 δοθείσης
1643 1954 1731 2011 οὖν
1751 1957 1916 2028 ψήφου
1941 1966 2011 2029 τῷ
2035 1961 2161 2012 ταύ·
2195 1954 2237 2011 Β
2264 1959 2443 2012 stavit.

578 2077 670 2114 της
690 2056 883 2123 θανάτῳ
910 2060 1042 2106 πᾶσι
1080 2054 1329 2125 γνώριμος
1351 2051 1563 2123 γέγονεν,
1588 2047 1665 2102 ὅτι
1706 2046 1903 2119 σφόδρα
1942 2055 2014 2117 τῷ
2038 2045 2400 2117 παντοδινάμῳ
2446 2055 2555 2117 Θεῷ
2608 2050 2864 2122 ἀπήρεσε,
2915 2054 3011 2105 τοῦ
3036 2052 3225 2109 ταύτην
3259 2058 3319 2125 τῇ
3357 2052 3511 2123 τόλμῃ
3545 2055 3632 2108 τόν
3663 2053 3845 2109 εαυτοῦ

575 2144 752 2200 δόῦλον
778 2145 1025 2202 λυπῆσαι.

646 2235 723 2287 Ἐν
759 2235 889 2303 ἄλλῳ
931 2233 1097 2287 τοίνυν
1133 2240 1290 2307 καιρῷ
1322 2231 1514 2284 πολλῶν
1552 2231 1685 2299 μετὰ
1725 2228 1957 2289 σπουδῆς
1997 2231 2161 2299 εὐχῆς

575 2330 734 2399 χάριν
764 2327 893 2399 πρὸς
921 2326 1075 2378 αὐτόν
1098 2323 1510 2397 συντρεχόντων,
1538 2324 1621 2373 καί
1646 2329 1738 2379 τῆς
1763 2319 1882 2373 ὁδοῦ
1909 2322 2017 2376 λίαν
2046 2342 2162 2374 στε-

574 2425 659 2475 νῆς
687 2418 1059 2487 ὑπαρχούσης,
1092 2412 1156 2467 δι’
1186 2411 1240 2472 ἧς
1282 2414 1412 2485 πρός
1440 2412 1592 2465 αὐτόν
1628 2413 1933 2483 ἀνήρχοντο’
1981 2413 2031 2464 ἐν
2062 2414 2159 2486 γάρ

574 2516 637 2581 τῇ
663 2513 754 2560 τοῦ
785 2503 937 2578 ὄρους
963 2506 1152 2577 πλαγίᾳ
1177 2501 1484 2572 διακειμένη,
1516 2503 1677 2573 μέχρι
1702 2507 1793 2554 τοῦ
1820 2499 2160 2571 πληρώματος

574 2597 1017 2657 τῆςνάναϐάσεως,
1064 2597 1114 2648 ἐν
1232 2595 1290 2648 τό
1334 2595 1487 2647 αὐτοῦ
1529 2593 1709 2646 κελλίον
1744 2593 1977 2664 ὑπῆρχε,
2024 2596 2158 2647 πάνυ

575 2690 826 2749 δύσϐατος
854 2687 930 2747 ἧν·
962 2687 1163 2743 παιδίον
1192 2682 1279 2740 οὖν
1314 2689 1493 2757 σεμνόν
1530 2685 1690 2745 ἀδεῶς
1721 2687 2078 2760 πορευόμενον,
2105 2688 2159 2740 ἐκ

574 2788 665 2835 τοῦ
694 2779 854 2850 ὕψους
884 2785 971 2832 τοῦ
1007 2774 1155 2852 ὅρους
1194 2778 1372 2838 πεσόν,
1401 2778 1562 2851 μέχρι
1598 2786 1689 2837 τῆς
1722 2778 2050 2849 ὑποκειμένης
2086 2785 2158 2845 τῷ

574 2870 683 2947 ὄρει
701 2870 925 2929 κοιλάδος
946 2871 1261 2938 κατηνέχθη.
1293 2876 1345 2919 ‘ll
1368 2867 1419 2922 δέ
1442 2871 1573 2927 αὐτὴ
1599 2869 1762 2928 κοιλὰς
1784 2869 1837 2921 ἐκ
1858 2875 1946 2923 τοῦ
1970 2868 2155 2938 ὕψους,

574 2969 661 3017 τοῦ
692 2959 857 3037 ὅρους,
893 2963 1070 3031 ὥσπερ
1099 2964 1170 3018 εἰς
1194 2960 1346 3028 βυθόν
1376 2961 1571 3028 κειμένη
1600 2962 1886 3034 θεωρεῖται.
1919 2962 2158 3031 Τοσούτῳ

573 3058 675 3127 γάρ
703 3051 823 3121 ῦψει
850 3052 910 3104 τό
956 3047 1070 3123 ὄρος
1111 3053 1259 3103 ἐκεῖνο
1288 3042 1600 3123 ὑπέρκειται,
1624 3050 1773 3104 ’ὥστε
1798 3052 1864 3103 τά
1895 3051 1944 3102 ἐν
1975 3059 2037 3121 τῇ
2061 3070 2159 3103 κοι-

572 3142 685 3197 λάδι
729 3141 922 3215 δένδρα,
970 3145 1056 3195 καί
1097 3162 1175 3195 τοι
1215 3142 1511 3212 παμμεγέθη
1555 3142 1883 3216 ὑπάρχοντα,
1932 3141 2158 3214 καθάπερ

573 3238 750 3307 θάμνοι
775 3243 885 3295 τοῖς
916 3235 967 3287 ἐκ
989 3240 1078 3288 τοῦ
1108 3233 1271 3303 ῦξῑους
1300 3240 1387 3287 τοῦ
1417 3229 1567 3305 ὅρους
1592 3234 1836 3307 θεωροῦσι
1854 3236 2155 3301 νομίζονται.

575 3326 652 3379 Ἐν
688 3334 898 3400 ταραχῇ
941 3328 1107 3378 τοίνυν
1144 3326 1382 3394 ⁹γέσγονασι
1428 3324 1614 3381 πάντες
1649 3324 1696 3375 οί
1739 3323 2029 3396 ἐρχόμενοι,
2075 3327 2159 3377 καί

575 3419 703 3485 μετὰ
733 3414 961 3475 σπουδῆς
982 3418 1067 3469 καὶ
1087 3413 1341 3491 φροντίδος
1368 3414 1581 3485 ἤρξαντο
1609 3417 1798 3476 ζητεῖν,
1821 3419 1920 3467 ποῦ
1947 3415 2004 3467 τό
2031 3418 2156 3472 σκή-

2340 2231 2460 2283 Alio
2487 2246 2699 2300 quoque
2731 2240 2972 2298 tempore
3002 2231 3127 2285 dum
3155 2232 3303 2285 multi
3335 2233 3399 2287 ad
3432 2234 3571 2289 hunc
3608 2235 3846 2303 religiosa

2261 2317 2544 2372 devotione
2564 2332 2964 2383 concurrerent,
2986 2332 3144 2387 atque
3168 2331 3312 2376 arcta
3336 2337 3479 2378 esset
3507 2328 3699 2379 semita
3729 2342 3843 2395 qua:

2260 2408 2314 2462 in
2345 2410 2550 2463 devexo
2577 2412 2773 2467 montis
2803 2414 2972 2468 latere
2995 2415 3060 2466 ad
3084 2416 3203 2483 ejus
3230 2418 3473 2472 cellulam
3506 2431 3847 2488 preperantcs

2260 2499 2509 2557 ducebat.
2542 2516 2672 2569 puer
2705 2503 2976 2571 parvulus,
3012 2506 3221 2559 incaute
3246 2508 3515 2575 gradiens,
3562 2526 3630 2565 ex
3660 2512 3844 2567 eodem

2261 2601 2444 2646 monte
2473 2584 2688 2659 cecidit,
2722 2602 2776 2649 et
2803 2610 2970 2663 usque
2996 2596 3059 2650 ad
3091 2600 3280 2653 vallem
3311 2605 3536 2667 corruit,
3567 2620 3722 2672 quia,
3752 2608 3847 2659 sub

2261 2691 2441 2736 monte
2468 2684 2658 2738 eodem
2689 2686 2813 2751 sita,
2845 2687 2996 2753 quasi
3027 2688 3079 2739 in
3111 2689 3375 2757 profundo
3398 2694 3751 2759 conspicitur.
3791 2697 3840 2750 ln

2260 2772 2379 2826 loco
2407 2773 2602 2842 quippe
2631 2774 2820 2828 eodem
2850 2786 2993 2828 tanta
3026 2793 3178 2831 mons
3206 2779 3318 2847 ipse
3347 2782 3631 2837 altitudine
3658 2798 3840 2839 excrc~

2262 2863 2355 2928 vit,
2379 2874 2435 2917 ut
2453 2865 2667 2918 arbusta
2689 2865 2943 2934 ingentia,
2965 2884 3082 2935 quze
3102 2886 3165 2924 ex
3191 2869 3378 2925 eadem
3404 2874 3537 2927 \allc
3560 2877 3840 2944 prodeunt,

2260 2972 2324 3009 ex
2355 2966 2533 3011 monte
2558 2959 2939 3026 aspicientibus
2960 2964 3109 3028 quasi
3135 2971 3157 2998 °
3180 2963 3372 3018 fruteta
3394 2980 3518 3020 esse
3541 2970 3833 3023 videantur.

2262 3048 2566 3103 Perturbati
2597 3051 2773 3117 itaque
2801 3062 2927 3104 sunt
2948 3055 3125 3107 cuncti
3155 3056 3244 3124 qui
3272 3057 3579 3127 veniebant,
3610 3077 3841 3115 summa-

2260 3156 2365 3210 que
2390 3158 2518 3196 cura
2546 3146 2826 3210 quaesitum
2854 3155 2938 3199 est
2966 3146 3136 3199 sicubi
3165 3161 3359 3217 corpus
3385 3149 3551 3217 elapsi
3582 3156 3726 3221 pueri
3754 3170 3840 3221 po-

2263 3231 2450 3285 tuisset
2480 3231 2729 3285 inveniri.
2756 3232 2885 3298 Quis
2911 3233 3052 3288 enim
3080 3234 3220 3288 aliud
3251 3236 3352 3292 nisi
3375 3239 3700 3294 exstinctum
3724 3255 3842 3297 cre-

2261 3320 2411 3375 deret
2430 3322 2453 3374 ἳ
2473 3321 2590 3389 quis
2620 3322 2703 3375 vel
2728 3337 2923 3392 corpus
2944 3325 3011 3377 ad
3036 3336 3227 3379 terram
3252 3327 3518 3398 integrum
3544 3333 3844 3399 pervenisse

2260 3414 2642 3480 suspicaretur.
2682 3412 2701 3452 ί
2733 3414 2860 3469 dum
2905 3417 3233 3485 interpositis
3282 3420 3474 3487 ubique
3516 3423 3749 3490 scapulis
3794 3424 3841 3477 in

574 3532 719 3580 νωμα
753 3517 843 3564 τοῦ
880 3510 1122 3567 πεσόντος
1156 3505 1362 3563 παιδίου
1404 3506 1676 3563 δυνηθῶσιν
1710 3507 1893 3580 εὑρεῖν.
1923 3509 2008 3567 Τίς
2047 3502 2073 3542 ά
2104 3505 2158 3561 δὲ

2266 3512 2443 3571 partes
2463 3504 2690 3573 discerpi
2721 3507 3012 3574 potuisset?
3037 3508 3143 3563 Sed
3166 3510 3452 3577 requisitos
3474 3528 3609 3582 puer
3639 3516 3690 3569 in
3712 3515 3842 3570 valle

575 3610 752 3657 τοῦτον
776 3604 817 3654 εί
842 3607 911 3671 μὴ
937 3601 1184 3654 τεθνεῶτα
1218 3600 1478 3673 εὑρεθῆναι
1516 3596 1830 3672 προσεδόκας
1876 3598 1906 3656 ἦ
1930 3602 2007 3658 τίς
2046 3601 2160 3653 ἀκέ-

576 3715 716 3767 ραιον
743 3694 802 3747 τό
829 3696 1067 3761 σκήνωμα
1091 3692 1140 3743 ἒν
1159 3698 1220 3763 τῇ
1245 3686 1436 3742 κοιλάδι
1453 3690 1641 3760 φθάσαι
1667 3689 1864 3745 ὑπενόει
1880 3730 1895 3752 ,
1923 3694 2004 3744 καί
2033 3692 2162 3761 οὐχί

574 3784 1009 3859 διεσπαραγμένον
1054 3783 1103 3833 ἐν
1149 3788 1211 3853 τῇ
1246 3782 1477 3850 τοσαύτη
1522 3787 1613 3838 τῆς
1655 3790 1955 3853 καταγωγῆς
1993 3787 2156 3854 φορᾷς

575 3874 995 3935 Ἐπιζητησαντες
1025 3866 1111 3923 οὖν
1135 3872 1184 3924 ἐν
1212 3863 1272 3945 τῇ
1295 3868 1482 3924 κοιλάδι
1512 3872 1568 3925 τό
1606 3869 1828 3935 παιδίον,
1862 3869 2008 3945 εὗρον
2037 3874 2159 3927 αὐτὸ

574 3967 632 4018 ού
657 3964 807 4033 μόνον
834 3967 951 4025 ζῶν,
978 3961 1102 4015 ἀλλά
1123 3964 1208 4015 καὶ
1229 3962 1367 4030 ύγιές
1394 3964 1543 4013 πάνυ.
1569 3960 1690 4015 Τότε
1721 3966 1854 4017 πᾶσι
1882 3961 2159 4021 κατάδηλον

572 4056 787 4127 γέγονεν,
820 4050 898 4107 ὅτι
934 4050 1017 4106 διά
1050 4060 1141 4111 τῆς
1174 4053 1335 4121 εὐχῆς
1369 4058 1458 4106 τοῦ
1496 4051 1866 4107 εὖλαϐεστάτου
1906 4055 2159 4127 Μαρτίνου

574 4147 802 4206 ἀϐλαϐὴς
831 4145 856 4200 ό
890 4154 1012 4205 παῖς
1049 4147 1102 4198 ἐκ
1131 4151 1223 4197 τοῦ
1252 4146 1478 4198 τοιούτου
1520 4146 1795 4214 πτώματος
1823 4143 2154 4215 διεφυλάχθη.

573 4240 653 4293 Ἐν
675 4240 813 4309 αὐτῷ
1022 4239 1185 4291 τοίνυν
1203 4244 1274 4308 τῷ
1297 4236 1529 4305 σπηλαίῳ
1550 4240 1763 4307 κρημνὸς
1787 4234 1971 4291 ἄνωθεν
1995 4238 2158 4309 ύπέρ-

573 4353 756 4392 κειται.
782 4334 829 4383 ἐν
912 4330 1235 4401 ἀπόσπασμα
1266 4329 1400 4381 λίθου
1424 4329 1592 4381 ἐπάνω
1608 4337 1698 4388 τῆς
1718 4330 1890 4388 κὲλλης
1909 4334 2157 4405 Μαρτίνου

574 4424 881 4495 κρεμάμενον
924 4423 1211 4496 ἐθεωρεῖτο,
1271 4422 1479 4473 θάνατον
1518 4420 1659 4489 αὐτῷ
1701 4419 1805 4473 καθ’
1848 4421 2036 4494 ἡμέραν
2073 4422 2161 4473 καί

573 4518 771 4567 πτῶσιν
815 4520 907 4571 τῆς
944 4512 1115 4571 κε’λλης
1155 4510 1417 4564 ἀπειλοῦν.
1458 4512 1749 4584 Μασκάτωρ
1790 4509 1843 4565 δὲ
1890 4510 1916 4564 ὁ
1955 4510 2161 4576 ἀνεψιός

573 4605 929 4678 ’Δρμενταρίου
968 4607 1057 4655 τοῦ
1106 4601 1451 4674 ἱλλουστρίου,
1497 4602 1626 4670 μετά
1668 4601 1883 4660 πλήθους
1924 4608 2160 4674 ’γεωργῶν

572 4696 701 4768 πρὸς
732 4696 877 4748 αὐτόν
906 4693 1053 4747 ἐλθών
1090 4694 1383 4764 παρεκάλει,
1417 4693 1499 4747 ἵνα
1533 4695 1587 4746 ὲκ
1613 4698 1701 4747 τοῦ
1733 4693 1986 4749 σπηλαίου
2013 4692 2038 4747 ό
2066 4701 2158 4747 τοῦ

573 4792 699 4839 Θεοῦ
732 4782 990 4858 ἅνθρωπος
1021 4784 1226 4846 ἐξελθεῖν
1248 4785 1460 4853 ἀξιώσῃ,
1489 4782 1628 4843 ὅπως
1654 4784 1739 4838 τόν
1765 4784 2159 4838 ἀποσπασθέντα

2263 3595 2513 3649 inventus
2542 3605 2635 3657 est
2670 3612 2775 3651 non
2805 3597 2975 3652 solum
3004 3601 3174 3667 vivus,
3208 3602 3305 3656 sed
3334 3605 3493 3657 etiam
3546 3608 3839 3662 incolumis.

2263 3686 2414 3741 Tunc
2440 3685 2645 3741 cunctis
2676 3697 2920 3755 patenter
2948 3691 3181 3744 innotuit
3226 3693 3366 3761 quod
3405 3694 3531 3750 ideo
3576 3698 3694 3753 laedi
3739 3713 3839 3752 non

2264 3780 2453 3846 potuit,
2486 3780 2604 3845 quia
2632 3781 2772 3832 hunc
2802 3781 2853 3834 in
2879 3795 3005 3834 casu
3034 3798 3132 3836 suo
3159 3782 3367 3838 Martini
3394 3788 3570 3843 oratio
3594 3792 3835 3857 portavit.

2265 3870 2320 3923 In
2348 3884 2508 3939 spccu
2540 3886 2667 3926 vero
2697 3872 2839 3926 illius
2865 3874 3024 3944 317
3058 3889 3248 3945 magna
3267 3877 3501 3947 desuper
3531 3896 3690 3949 rupes
3716 3883 3839 3936 emi-

2262 3963 2466 4027 nebat,
2510 3977 2631 4031 quaa
2668 3977 2790 4017 cum
2821 3980 2887 4017 ex
2934 3975 3082 4033 parte
3128 3968 3316 4037 exigua
3366 3972 3536 4024 monti
3582 3973 3840 4026 videretur

2261 4052 2440 4117 affixa,
2472 4053 2680 4106 Martini
2711 4054 2864 4108 cellae
2895 4057 3222 4123 prominens,
3252 4072 3431 4112 casum
3464 4073 3623 4115 suum
3665 4061 3838 4130 quoti-

2261 4144 2371 4208 die,
2403 4153 2457 4198 et
2485 4145 2624 4197 illius
2673 4143 2946 4199 interitum
2992 4158 3195 4201 ruitura
3245 4149 3567 4205 minabatur.
3600 4152 3679 4206 Ad
3711 4156 3838 4205 banc

2264 4241 2291 4280 ε
2320 4234 2582 4288 Mascator
2612 4235 2830 4289 illustris
2860 4237 2956 4289 viri
2986 4239 3307 4292 Armentarii
3338 4254 3540 4308 nepos,
3571 4258 3690 4297 cum
3733 4258 3838 4296 ma-

2261 4340 2362 4395 gna
2394 4326 2716 4381 rusticorum
2746 4328 3087 4383 multitudine
3133 4332 3373 4397 veniens,
3426 4336 3743 4401 precabatur
3784 4342 3837 4389 ut

2264 4417 2343 4470 vir
2374 4417 2463 4471 Dei
2492 4417 2560 4472 de
2605 4432 2765 4487 specu
2796 4421 2983 4473 eodem
3011 4419 3319 4487 dignaretur
3365 4423 3537 4491 exire,
3587 4436 3835 4493 quatenus

2260 4506 2290 4542 ιι
2317 4509 2428 4576 ipse
2458 4509 2714 4563 ruituram
2747 4525 2931 4578 rupem
2975 4525 3040 4564 ex
3074 4521 3255 4566 monte
3286 4514 3549 4581 potuisset
3591 4518 3831 4582 evellere,

2259 4607 2419 4666 atque
2450 4599 2501 4651 in
2534 4613 2695 4667 specu
2739 4613 2837 4653 suo
2868 4599 2960 4653 Dei
2990 4602 3218 4655 famulus
3242 4601 3351 4670 jam
3381 4617 3603 4659 securus
3635 4606 3834 4659 habita-

2263 4696 2367 4742 ret.
2395 4689 2631 4757 Cumque
2658 4691 2758 4743 hoc
2788 4690 2864 4743 vir
2886 4688 2980 4744 Dei
3010 4707 3342 4761 nequaquam
3373 4697 3756 4764 acquiesceret,
3787 4696 3833 4750 ei

2261 4782 2400 4848 quod
2430 4791 2607 4847 posset
2636 4790 2693 4834 ut
2721 4783 2916 4836 faceret
2949 4786 3221 4851 praecepit,
3249 4795 3302 4840 et
3334 4787 3446 4854 ipse
3476 4789 3528 4842 in
3553 4791 3704 4844 cellae
3729 4804 3835 4844 sua:

573 4878 628 4929 ἐκ
657 4882 745 4928 τοῦ
780 4881 1001 4948 κρημνοῦ
1039 4876 1201 4937 λίθον,
1253 4878 1338 4929 ἐάν
1381 4874 1581 4947 δυνηθῇ,
1624 4876 1816 4949 ἐπάρῃ,
1864 4879 1947 4928 καὶ
1988 4875 2157 4929 λοιπόν

2265 4873 2532 4925 remotiori
2562 4887 2621 4926 se
2654 4884 2802 4940 parte
2849 4872 3095 4928 contulit.
3128 4877 3181 4931 Si
3228 4885 3404 4931 tamen
3452 4879 3638 4950 ingens
3673 4880 3834 4933 moles

575 4969 861 5043 ἀμερίμνως
883 4968 908 5021 ό
933 4974 1021 5021 τοῦ
1050 4974 1176 5022 Θεοῦ
1199 4966 1374 5027 δοῦλος
1398 4970 1446 5021 ἐν
1475 4978 1547 5041 τῷ
1569 4965 1709 5038 αῦτῷ
1730 4968 1962 5037 σπηλαίῳ
1991 4989 2162 5021 κατοι-

574 5061 726 5132 κήση.
753 5067 808 5110 ‘0
836 5055 887 5111 δέ
916 5064 1002 5112 τοῦ
1026 5063 1151 5111 Θεοῦ
1180 5054 1442 5131 ἅνθρωπος
1482 5056 1713 5127 οὐδαμῶς
1743 5060 1876 5127 αὐτῷ
1908 5060 1956 5110 ἐν
1993 5055 2160 5126 τούτῳ

574 5156 840 5222 συνῄνεσε,
870 5152 997 5209 πλὴν
1018 5147 1153 5220 ὅμως
1178 5150 1450 5213 ἐκέλευσεν,
1473 5150 1553 5202 ἵνα
1577 5148 1699 5224 ὅπερ
1722 5149 1935 5204 δύναται
1954 5153 2156 5222 ποιήσῃ.

575 5243 729 5303 Δύτός
755 5240 808 5296 δέ
835 5242 881 5294 ἐν
907 5239 978 5315 τῷ
1012 5240 1254 5304 ἰδιάζοντι
1284 5242 1424 5315 μέρει
1445 5248 1531 5294 τοῦ
1563 5242 1749 5295 κελλίου
1782 5243 1960 5296 ἑαυτὸν
1996 5244 2164 5299 ἐποίη-

648 5382 674 5409 ⁴¹
717 5374 879 5435 Edili,
908 5371 1206 5431 κατανόησον
1233 5369 1320 5427 οὖν
1350 5375 1533 5429 αὐτῶν.

647 5442 675 5482 δ
714 5446 808 5499 MS.
821 5484 836 5508 ,
866 5448 1160 5514 συνῴκισεν.

652 5527 673 5589 ίί
718 5517 842 5589 διδ..
870 5518 1204 5589 τεθαρρηκῦια
1227 5515 1297 5589 εἰς
1325 5515 1402 5568 τό.

646 5582 675 5620 ἀ
715 5587 837 5651 Ms.,
863 5590 941 5645 τίς
960 5582 1191 5640 δετοῦτο
1218 5586 1259 5635 εἰ
1286 5590 1353 5650 μὴ
1379 5584 1625 5645 τεθνηκός.

652 5663 677 5689 ε
714 5655 827 5709 Val.
856 5653 936 5709 Cl.
970 5667 1023 5707 et
1053 5653 1271 5720 Longip.
1307 5653 1503 5704 habent
1529 5658 1761 5720 frutecta.

655 5724 674 5761 τ
714 5725 921 5781 Primus
950 5724 1183 5787 GemeL,
1217 5724 1338 5773 dum
1368 5723 1632 5787 impositis.

2262 4974 2465 5028 rueret,
2494 4964 2711 5017 dubium
2744 4978 2849 5017 non
2880 4976 2994 5018 erat
3021 4965 3163 5033 quod
3192 4967 3351 5021 simul
3383 4978 3438 5023 et
3477 4986 3694 5039 specum
3739 4971 3833 5024 de-

2260 5065 2519 5122 strueret,
2551 5066 2605 5110 ct
2635 5058 2919 5110 Martinum
2952 5068 3185 5114 necaret.
3220 5060 3401 5129 Itaque
3441 5063 3564 5116 dum
3611 5080 3672 5119 ea
3721 5079 3834 5131 qua:

2264 5156 2480 5201 venerat
2509 5147 2792 5200 multitudo
2817 5156 3122 5212 conaretur,
3153 5149 3198 5203 si
3232 5162 3428 5217 posset,
3462 5153 3577 5207 sine
3609 5153 3833 5220 periculo

2265 5238 2360 5290 viri
2394 5237 2507 5303 Dei,
2540 5238 2728 5306 ingens
2758 5237 2907 5303 illud,
2939 5241 3079 5307 quod
3108 5239 3341 5309 desuper
3383 5242 3714 5308 incubuerat,
3755 5258 3833 5296 sa-

2332 5381 2356 5419 s
2395 5371 2609 5449 Esciisi,
2639 5371 2900 5427 Mascator
2928 5375 3031 5433 (vel
3062 5371 3346 5433 Masculus)
3371 5376 3583 5430 illustris
3613 5381 3708 5449 vir,
3739 5384 3831 5436 Ar-

2260 5445 2510 5505 mentarii,
2538 5452 2641 5497 etc.

2336 5513 2359 5550 ιλ
2392 5514 2639 5581 Longip.,
2670 5514 2767 5583 ipsi
2791 5515 3066 5586 (nimirum
3096 5514 3372 5583 rustici)...
3400 5519 3698 5586 potuissent,
3730 5532 3828 5576 etc.

2263 5588 2391 5651 Qum
2423 5594 2713 5651 sequuntur
2744 5599 2756 5641 ζ
2794 5584 2929 5637 Dum
2953 5604 3011 5638 ea
3038 5601 3151 5649 qum
3174 5596 3375 5637 venerat
3400 5584 3673 5643 Multitudo
3698 5609 3836 5644 cana.

2262 5668 2423 5717 retur,
2449 5666 2581 5715 ctc.,
2616 5666 2669 5707 et
2699 5672 2710 5705 :
2742 5665 2905 5706 motus
2936 5659 3046 5720 ipsa
3083 5672 3233 5724 quam
3257 5663 3572 5711 conabantur
3599 5663 3822 5715 evellere;

2267 5727 2401 5788 lia-c,
2422 5726 2657 5793 inquam,
2678 5724 2956 5779 lectionem
2976 5740 3073 5778 ms.
3097 5727 3483 5796 Longiponlaui
3507 5734 3822 5785 conlirmant-
