4000 6342
220 213 323 269 261

1481 214 1923 271 ωειοϐοῐὶυεε
1965 214 2165 271 LIBER
2207 214 2291 271 Ill.

3405 219 3513 279 263

224 344 358 381 xum
399 327 609 394 levare,
662 331 869 385 cunctis
916 330 1237 395 videntibus,
1280 341 1500 401 repente
1541 345 1629 386 res
1680 332 1826 385 valde

1936 350 2043 384 σεν.
2073 331 2171 384 Οὐκ
2207 328 2265 389 ἡν
2294 329 2347 385 δέ
2382 327 2643 393 διστάξαι,
2680 329 2757 385 ὅτι
2785 332 2864 384 ἐάν
2892 332 2949 387 τὸ
2976 333 3179 404 μέγεθος
3209 333 3389 391 ἐκείνου
3418 345 3513 394 τοῦ

232 420 571 474 admirabilis
599 423 843 491 contigit,
876 424 995 491 quia
1030 424 1198 477 umles
1228 422 1341 491 ipsa
1371 438 1528 489 quam
1556 424 1828 477 conaban-

237 527 323 568 tur
351 516 611 577 evellere,
644 517 820 568 subito
866 516 933 568 ab
978 515 1179 569 eisdem
1226 514 1587 568 laborantibus
1627 514 1828 576 evulsa,

235 622 304 659 ne
325 606 601 674 speluncae
626 606 835 660 Martini
862 618 1055 659 tectum
1082 616 1343 674 tangeret,
1371 606 1564 659 saltum
1590 604 1757 669 dedit,
1780 614 1834 659 et

236 698 392 762 quasi
423 697 568 750 servi
620 697 712 750 Dei
762 698 1033 750 Iresionem
1085 695 1311 763 fugiens,
1360 696 1568 764 longius
1616 697 1828 751 cecidit.

230 788 392 853 Quod
419 788 486 840 ad
507 787 717 856 jussutn
744 788 1124 855 omnipotentis
1157 786 1247 839 Dei
1271 787 1510 854 angelico
1537 788 1831 841 ministerio

232 888 417 931 actum
450 880 721 947 intelligit,
756 880 843 947 qui
877 880 1059 931 divina
1093 877 1423 947 providentia
1454 878 1667 948 disponi
1714 895 1830 933 om-

232 971 322 1024 nia
353 971 584 1024 ﬁdeliter
612 972 802 1026 credit.
837 981 862 1008 ι
898 971 992 1025 llic
1013 986 1131 1025 cum
1165 972 1389 1039 primum
1418 985 1477 1024 se
1502 972 1553 1025 in
1578 972 1825 1025 eumdem

229 1070 477 1114 montem
526 1062 781 1125 contulit,
833 1063 1059 1115 necdum
1100 1062 1284 1115 clauso
1330 1076 1490 1129 specu
1543 1060 1823 1125 habitans,

227 1146 258 1185 δ
289 1158 487 1204 catena
532 1150 632 1204 sibi
682 1149 853 1204 ferrea
884 1152 1070 1219 pedem
1105 1151 1314 1218 ligavit,
1348 1167 1571 1219 eamque
1600 1166 1731 1205 saxo
1761 1168 1825 1205 ex

227 1249 388 1307 parte
418 1240 585 1293 altera
611 1240 799 1303 aﬂixit,
833 1256 899 1294 ne
924 1240 971 1293 ei
1001 1242 1135 1293 ultra
1162 1243 1344 1294 liceret
1374 1240 1638 1307 progredi,
1666 1232 1824 1309 quam

227 1340 444 1383 catena:
474 1330 712 1398 ejusdem
742 1332 1009 1398 quantitas
1037 1331 1373 1389 tondebatur.
1416 1332 1564 1397 Quod
1597 1332 1676 1384 vir
1708 1332 1826 1385 vitze

227 1421 567 1475 venerabilis
597 1422 913 1475 Benedictus
940 1422 1183 1484 audiens,
1208 1421 1358 1489 cujus
1390 1432 1411 1459 ο
1443 1422 1685 1489 superius
1715 1438 1826 1474 IIIC-

229 1517 465 1587 moriam
496 1512 616 1574 feci,
650 1514 696 1566 ei
731 1529 828 1580 per
856 1513 1177 1579 discipulum
1208 1527 1362 1565 suum
1396 1512 1649 1564 inundate
1670 1526 1819 1565 cura-

226 1603 310 1657 vit
345 1621 358 1656 :
391 1604 450 1658 Si
481 1618 667 1657 servus
695 1604 787 1657 Dei
814 1618 895 1666 es,
925 1619 1029 1656 non
1061 1612 1233 1657 teneat
1261 1612 1312 1656 te
1336 1612 1520 1656 catena
1552 1602 1701 1662 ferri,
1728 1602 1821 1657 sed

1936 421 2072 474 λίθου
2106 425 2383 484 πεπτώκοι,
2410 420 2536 490 ὁμοῦ
2567 424 2648 475 καί
2678 428 2769 480 τὴν
2798 423 2965 480 κέλλην
2996 426 3281 497 πνέτριϐε,
3312 432 3395 483 καί
3427 431 3515 484 τὸν

1935 519 2181 584 Μαρτῖνον
2208 511 2453 581 ἐφόνευεν.
2490 513 2569 565 Ἐν
2595 510 2699 582 ὅσῳ
2723 512 2775 567 δὲ
2804 515 2864 567 τὸ
2898 513 3032 567 ἐλθὸν
3060 516 3245 576 πλῆθος
3275 523 3364 570 τοῦ
3395 518 3512 574 λαοῦ

1934 607 2224 673 ἠγωνίζετο,
2270 606 2373 666 ἶνα,
2419 605 2502 657 ἐὰν
2528 602 2761 659 δύνανται
2795 602 2915 658 ἄνευ
2950 604 3174 660 κινδύνου
3203 614 3292 661 τοῦ
3331 607 3512 665 δούλου

1933 704 2024 750 τοῦ
2055 703 2204 759 Θεοῦ,
2231 698 2312 750 τόν
2341 694 2522 750 ἄνωθεν
2560 697 2879 751 ἐπικλίναντα
2909 700 3203 771 παμμεγέή
3226 700 3357 753 λίθον
3387 702 3511 755 ἐπά-

1932 808 2084 860 ρωσι,
2118 791 2319 842 πάντων
2370 790 2682 859 θεωρούντων
2720 795 2933 863 πρᾶγμα
2961 794 3145 850 συνέξη
3173 791 3369 863 σφόδρα
3394 794 3515 847 θαυ-

1932 881 2149 948 μαστόν.
2182 882 2251 933 Τό
2285 883 2382 955 γάρ
2418 888 2507 936 τοῦ
2536 882 2672 934 λίθου
2707 882 3033 951 άπόκλασμα,
3067 882 3188 955 ὅπερ
3215 885 3514 954 ἠγωνίζοντο

1930 972 2256 1032 ἀποσπᾶσαι,
2295 969 2466 1043 αἴφνης
2493 971 2584 1025 ἀπ’
2612 973 2774 1024 αὐτῶν
2805 979 2902 1026 τῶν
2931 972 3211 1041 καμνόντων
3240 976 3509 1030 ἀνασπασ-

1930 1063 2026 1123 θέν,
2058 1062 2141 1114 ἵνα
2174 1067 2243 1129 μή
2281 1069 2304 1105 8
2335 1068 2409 1131 τῷ
2455 1062 2656 1131 κεράμῳ
2684 1068 2775 1119 τῆς
2812 1060 2978 1119 κέλλης
3020 1066 3268 1134 Μαρτίνου
3309 1066 3509 1137 ἔγγίσῃ,

1930 1158 2016 1210 καὶ
2054 1154 2227 1225 ὥσπερ
2252 1156 2342 1209 τήν
2381 1152 2570 1221 βλάϐην
2594 1158 2679 1205 τοῦ
2712 1150 2888 1205 δούλου
2921 1158 3011 1206 τοῦ
3042 1159 3170 1205 Θεοῦ
3205 1155 3511 1227 ἀποφεῦγον,

1929 1245 2138 1314 μήκοθεν
2166 1243 2366 1297 ἔπεσεν.
2400 1241 2562 1317 Ὅπερ
2593 1242 2675 1297 δά
2715 1252 2804 1302 τὴς
2840 1251 2928 1298 τοῦ
2968 1243 3351 1315 παντοδυνάμου
3382 1254 3510 1300 Θεοῦ

1929 1336 2205 1395 κελεύσεως
2232 1335 2467 1408 ἀγγελικῇ
2500 1337 2757 1407 ὑπηρεσία
2786 1337 3083 1408 πραχθῆναι
3112 1338 3344 1390 πιστεύει
3384 1343 3510 1402 πᾶς,

1930 1425 2072 1484 ὅστις
2112 1428 2247 1496 θεικῇ
2284 1428 2496 1498 προνοίᾳ
2530 1422 2823 1478 διοικεῖσθαι
2857 1428 2920 1478 τά
2946 1427 3113 1479 πάντα
3142 1433 3335 1484 πιστῶς
3371 1426 3511 1479 ἐλπίς

1929 1521 2027 1580 ζει.
2058 1528 2111 1569 Ὀ
2142 1518 2298 1576 αὐτός
2329 1517 2376 1568 ἐν
2398 1518 2562 1589 ἀρχῇ,
2602 1514 2683 1569 ὅτε
2716 1517 2766 1568 iv
2795 1524 2867 1580 τῷ
2889 1513 2993 1587 ὄρει
3023 1517 3200 1569 ἑαυτὸν
3227 1514 3508 1579 ἐκδέδωκεν,

2599 1602 2623 1638 h

1928 1608 1986 1659 οὐ
2022 1608 2191 1675 μέντοι
2231 1606 2555 1674 κεκλασμένῳ
2600 1606 2623 1638 ³³
2663 1613 2735 1675 τῷ
2776 1606 2946 1677 κελλίῳ
2986 1607 3033 1657 ἐν
3072 1607 3209 1674 αὐτῷ
3248 1614 3509 1671 κατοικῶν,

229 1704 429 1747 catena
472 1693 691 1748 Christi.
726 1694 806 1748 Ad
847 1710 1007 1763 quam
1056 1710 1243 1748 vocem
1291 1695 1540 1747 Martinus
1587 1698 1825 1761 protinus

1933 1696 2108 1749 ἁλύσει
2135 1693 2319 1766 σιδηρᾷ
2339 1698 2423 1747 τὸν
2450 1696 2632 1748 ἑαυτοῦ
2664 1693 2796 1747 πόδα
2818 1693 3010 1751 ἔδησεν.
3038 1695 3120 1747 Ἐκ
3148 1695 3200 1748 δὲ
3223 1693 3312 1749 τοῦ
3334 1696 3510 1770 ἐτέρου

226 1784 479 1839 eamdem
510 1786 826 1851 compedem
853 1784 1036 1847 solvit,
1070 1785 1160 1837 sed
1194 1799 1459 1852 nunquam
1484 1785 1823 1851 postmodum

227 1873 468 1926 solutum
493 1873 719 1926 tetendit
745 1872 933 1941 pedem
959 1878 1097 1927 ultra
1123 1874 1295 1927 locum
1319 1888 1423 1941 quo
1443 1874 1660 1943 ligatum
1686 1873 1823 1926 buuc

231 1966 461 2019 tendere
487 1975 862 2032 cunsucverat,
910 1976 1069 2035 atque
1115 1966 1167 2020 in
1200 1974 1344 2019 tanto
1394 1981 1454 2019 se
1493 1966 1666 2032 spatio
1708 1967 1824 2018 sine

226 2064 426 2109 catena
464 2058 722 2120 coercuit,
754 2057 807 2110 in
839 2068 1037 2126 quanto
1066 2066 1122 2112 et
1166 2069 1323 2113 antea
1372 2059 1562 2124 ligatus
1605 2067 1820 2112 mansu.

228 2147 337 2211 Qui
365 2146 491 2199 dum
522 2162 583 2201 se
620 2148 958 2216 postmodum
1005 2150 1056 2201 in
1086 2146 1327 2217 ejusdem
1359 2148 1462 2203 lnci
1507 2163 1667 2215 specu
1696 2162 1825 2202 con-

225 2237 506 2301 clusisset,
535 2238 699 2306 cmpit
724 2239 885 2292 etiam
914 2237 1205 2306 discipulos
1236 2238 1433 2292 habere
1452 2281 1466 2302 ,
1496 2238 1585 2307 qui
1612 2238 1679 2292 ab
1707 2238 1824 2306 ejus

228 2341 396 2395 specu
426 2340 671 2380 seorsum
702 2326 1023 2392 habitantes,
1057 2328 1124 2381 ad
1168 2342 1320 2382 usum
1350 2329 1471 2382 vita:
1520 2344 1710 2398 aquam
1757 2330 1824 2382 de

231 2428 398 2483 puteo
420 2416 634 2471 haurire
659 2427 1071 2471 consueverant.
1098 2418 1202 2474 Sed
1229 2419 1368 2473 fuitis
1399 2420 1451 2473 in
1478 2437 1582 2489 qun
1605 2421 1670 2473 ad
1696 2420 1825 2475 bau-

230 2509 484 2563 riendum
506 2524 694 2577 aquam
718 2510 875 2564 situla
896 2510 1231 2578 dependebat
1256 2513 1440 2564 crebro
1459 2511 1822 2579 rumpebatur.

233 2598 390 2653 Unde
420 2603 612 2652 factum
642 2608 726 2654 est
757 2609 814 2653 ut
856 2601 1103 2655 eamdem
1132 2612 1372 2656 catenam
1404 2617 1562 2671 quam
1593 2616 1657 2655 ex
1691 2604 1824 2669 pede

228 2704 338 2743 suo
365 2692 450 2742 vir
479 2689 687 2744 Domini
717 2692 954 2745 solverat
981 2693 1098 2759 ejus
1121 2692 1368 2761 discipuli
1393 2703 1654 2761 peterent,
1679 2708 1825 2745 eam-

230 2795 346 2847 que
376 2780 483 2833 [uni
522 2781 904 2850 adjungerent,
933 2795 1094 2852 atque
1132 2784 1183 2837 in
1218 2784 1305 2836 illa
1337 2783 1549 2838 situlam
1577 2785 1822 2853 ligarent.

236 2872 319 2925 lix
348 2888 452 2940 quo
474 2872 588 2941 jam
622 2884 863 2942 tempore
899 2875 1120 2943 contigit
1148 2885 1205 2929 ut
1234 2876 1375 2929 idem
1402 2875 1543 2929 funis
1571 2890 1621 2930 et
1653 2878 1825 2945 quoti-

228 2965 327 3018 die
358 2968 646 3033 tingeretur
667 2979 825 3035 aqua,
854 2976 907 3021 et
935 2967 1078 3020 nullo
1108 2968 1267 3021 modo
1298 2980 1653 3037 rumperetur.
1683 2969 1816 3036 Quia

1927 1790 2115 1861 μέρους
2143 1787 2334 1842 ταύτην
2369 1793 2441 1857 τῷ
2477 1785 2595 1852 λίθῳ
2628 1787 2958 1857 προσέπηξεν,
2985 1786 3067 1838 ’ἱνα
3109 1782 3202 1839 τοῦ
3232 1783 3410 1840 λοιποῦ
3442 1792 3512 1857 μὴ

1926 1876 2109 1947 δυνηθῇ
2140 1877 2363 1939 ἐξελθεῖν,
2394 1880 2438 1928 εἰ
2463 1881 2531 1945 μὴ
2562 1873 2681 1929 ὅσον
2717 1875 2775 1928 τὸ
2802 1883 2892 1933 τῆς
2922 1874 3146 1935 ἁλύσεως
3175 1878 3357 1950 μέτρον
3395 1878 3512 1932 ἑτά-

1924 1986 2031 2019 νυε.
2069 1963 2231 2019 Τοῦτο
2264 1964 2317 2019 δὲ
2347 1965 2371 2018 ὁ
2404 1975 2464 2035 τῇ
2495 1970 2597 2039 ζωῇ
2638 1966 3005 2025 εὐλαϐέστατος
3042 1968 3165 2042 άνὴρ
3206 1968 3509 2030 Βενεδικτος.

1927 2053 2120 2115 οὗτινος
2150 2056 2279 2109 άνωτ
2298 2062 2380 2126 ρω
2409 2058 2579 2125 μνείαν
2623 2061 2923 2125 πεποίημαι,
2954 2058 3200 2125 ἀκούσας’.
3238 2057 3301 2112 δι’
3327 2062 3509 2115 οἰκείου

1930 2148 2085 2200 αὐτοῦ
2107 2144 2331 2215 μαθητοῦ
2360 2144 2584 2203 δηλῶσαι
2613 2149 2751 2215 αὐτῷ
2773 2149 3054 2223 ἐφρόντισε·
3099 2152 3191 2201 Εάν
3223 2148 3238 2185 ί
3268 2148 3446 2211 δοῦλος
3468 2148 3510 2206 εἶ

1926 2235 2016 2292 τοῦ
2054 2246 2204 2299 Θεοῦ,
2250 2242 2319 2307 μὴ
2351 2259 2406 2291 σε
2455 2242 2695 2313 κρατήσει
2735 2239 2912 2298 ἅλυσις
2957 2239 3165 2313 σιδ.;ρὰ,
3207 2241 3309 2295 ἀλλ’
3348 2245 3378 2300 ἡ
3417 2250 3508 2299 τοῦ

1926 2336 2151 2403 Χριστοῦ
2196 2328 2395 2390 ἅλυσις.
2436 2332 2564 2405 Πρὸς
2608 2332 2801 2388 ταύτην
2840 2330 2893 2384 δὲ
2941 2338 3030 2389 τήν
3078 2338 3238 2403 φωνήν
3280 2338 3509 2407 παρευθύ

1926 2430 2172 2495 Μαρτῐνος
2199 2428 2288 2480 τὴν
2320 2429 2414 2477 τοῦ
2439 2422 2595 2482 ποδὸς
2635 2420 2794 2476 αἰτοῦ
2840 2422 3017 2477 ἅλυσιν
3056 2423 3233 2489 ἔλυσε,
3280 2430 3364 2480 καὶ
3400 2428 3511 2484 οὖδὸ

1927 2534 2046 2566 ποτε
2078 2514 2125 2565 ἐν
2163 2514 2361 2586 ὑστέρῳ
2398 2515 2486 2567 τόν
2529 2512 2666 2567 πόδα
2712 2514 2970 2582 λελυμένον
3010 2515 3240 2577 ἐξέτεινεν
3287 2514 3383 2580 ἔξω
3418 2520 3510 2573 τοῦ

1926 2605 2111 2668 τόπου,
2139 2602 2197 2658 οὗ
2235 2602 2292 2661 ἦν
2322 2607 2493 2663 ἐθίσας
2519 2602 2775 2673 δεδεμένον
2798 2606 2945 2658 αὐτὸν
2976 2607 3208 2658 τανύσαι’
3236 2606 3285 2659 ἐν
3306 2605 3359 2662 δῦ
3386 2630 3512 2663 τοσο

1928 2697 2063 2765 ούτῳ
2088 2694 2420 2767 διαστήματι,
2462 2694 2579 2750 ἄνευ
2622 2696 2848 2757 άλιζσεως
2871 2699 3019 2751 αὐτόν
3039 2702 3237 2752 ἀπιέναι
3266 2704 3511 2777 παρεχὼο

1927 2807 2026 2858 ρει,
2058 2790 2128 2846 είς
2167 2786 2289 2841 ὅσον
2316 2791 2395 2841 καὶ
2435 2789 2680 2864 πρότερον
2720 2787 2978 2851 δεδεμένος
3011 2793 3169 2844 ἀπίει.
3202 2792 3278 2844 Ἐν
3308 2794 3512 2867 ὑστέρῳ

1928 2878 1982 2933 δὲ
2012 2881 2143 2947 μετά
2168 2879 2226 2932 τό
2254 2879 2428 2933 έαυτῗν
2456 2880 2505 2932 ἐν
2533 2887 2607 2951 τῷ
2641 2880 2874 2950 σπηλαίῳ
2902 2880 3175 2950 ἐγκλεῖσαι,
3204 2882 3388 2955 ἤρξατο
3413 2883 3513 2937 λοι-

1929 2970 2025 3024 πον
2054 2973 2138 3022 καί
2163 2970 2386 3039 μαθητὰς
2410 2967 2674 3037 δέχεσθαι.
2708 2968 2721 3018 i
2763 2975 3055 3044 Παραμέρος
3081 2969 3133 3024 δὲ
3154 2967 3242 3025 τοῦ
3265 2972 3513 3029 σπηλαίου

230 3060 383 3113 enim
409 3060 775 3115 eatenam‘viri
805 3060 899 3113 Dei
926 3059 1063 3113 fuitis
1093 3059 1182 3112 ille
1206 3060 1449 3128 contigit,
1478 3060 1591 3129 ipse
1614 3076 1823 3129 quoque

1933 3056 2082 3113 αὐτοῦ
2127 3056 2403 3122 οἰκοῦντες,
2454 3062 2524 3117 εἰς
2568 3064 2658 3117 τὴν
2704 3059 2895 3113 ἑαυτῶν
2928 3063 3112 3131 χρείαν
3149 3057 3288 3131 ὕδωρ
3329 3060 3380 3111 ἐκ
3420 3056 3512 3112 τοῦ

231 3154 304 3206 ad
335 3151 362 3190 ἀ
422 3153 750 3208 tolerandam
794 3168 1032 3224 aquam,
1077 3151 1203 3207 leni
1249 3153 1301 3207 in
1351 3168 1412 3208 se
1458 3153 1823 3208 fortitudinem

234 3257 421 3300 11⁵3111.

1930 3153 2136 3224 φρέατος
2173 3151 2400 3208 ἤντλουν.
2431 3151 2498 3202 Τὸ
2528 3147 2580 3202 δε
2608 3152 2837 3217 σχοινίον
2867 3152 2915 3203 ἐν
3009 3151 3037 3206 ἡ
3065 3147 3089 3183 ⁵⁸
3120 3152 3268 3201 σίκὶα
3297 3147 3511 3213 ἐδέδετο,

1926 3241 1986 3297 δι’
2016 3240 2073 3301 ἧς
2102 3244 2159 3295 τὸ
2189 3240 2326 3315 ὕδωρ
2354 3241 2581 3301 ἤντλουν,
2617 3243 2947 3314 συχνοτέρως
2973 3240 3232 3295 ἑκόπτετο.
3255 3239 3398 3294 Ὀθεν
3422 3246 3512 3299 τήν

233 3338 438 3401 ἅλυσιν,
465 3340 626 3411 ἤνπερ
648 3341 703 3392 ὲκ
729 3336 819 3393 τοῦ
844 3337 1001 3398 ποδὸς
1028 3339 1186 3392 αὐτοῦ
1218 3337 1244 3392 ό
1282 3344 1369 3391 τοῦ
1400 3342 1529 3391 Θεοῦ
1567 3333 1826 3409 ἅνθρωπος
1864 3329 2065 3394 ἔλυσεν,
2098 3332 2144 3384 οί
2166 3332 2383 3401 μαθηταί
2410 3331 2565 3383 αὐτοῦ
2602 3329 2948 3399 αἰτησάμενοι,
2977 3330 3168 3385 ταύτην
3198 3337 3269 3401 τῷ
3299 3334 3515 3402 σχοινίῳ

234 3434 289 3484 ἑν
318 3439 383 3506 τῇ
410 3433 557 3504 σίκλᾳ
584 3430 937 3505 προσέδησαν.
974 3428 1179 3485 "Extare
1206 3428 1260 3483 δὲ
1298 3430 1406 3483 καθ’
1445 3430 1635 3501 ἡμέραν
1675 3428 1724 3479 ἐν
1760 3433 1833 3497 τῷ
1870 3422 2021 3477 ὕδατι
2052 3424 2109 3476 τὸ
2150 3423 2381 3492 σχοινίον
2418 3419 2734 3493 βρεχόμενον
2767 3418 3002 3489 οὐδαμῶς
3030 3428 3119 3475 τοῦ
3141 3421 3315 3476 λοιποῦ
3340 3425 3515 3481 ἐκόπη.

234 3525 307 3577 Τὸ
328 3527 426 3599 γὰρ
451 3528 682 3592 σχοινίον
703 3524 855 3575 ἐκεῖνο
876 3519 1152 3594 προσδεθέν
1174 3528 1237 3594 τῇ
1258 3527 1348 3575 τοῦ
1371 3522 1636 3593 ἀνθρώπου
1674 3521 1765 3571 τοῦ
1794 3521 1920 3570 Θεοῦ
1946 3512 2146 3573 ἁλύσει.
2178 3516 2268 3568 τήν
2290 3516 2380 3563 τοῦ
2404 3508 2617 3583 σιδήρου
2640 3507 2847 3577 δύναμιν
2868 3510 2937 3567 εἰς
2960 3509 3137 3562 ἑαυτὸν
3158 3512 3514 3569 ἐπεσπάσατο.

314 3618 479 3670 Ps'rn.
514 3616 671 3670 Facta
704 3616 817 3669 lure
850 3617 1077 3685 placent,
1110 3618 1233 3683 quia
1266 3612 1432 3678 mira;
1464 3622 1519 3667 et.
1559 3613 1820 3675 multum,

237 3707 363 3778 quia
396 3707 647 3761 recentia.

716 3795 879 3865 320
912 3792 1139 3849 CAPUT
1179 3792 1343 3847 xvn.

356 3888 429 3943 De
449 3887 696 3940 monacho
720 3903 784 3941 ea:
809 3896 977 3939 monte
997 3885 1325 3967 {Arge-maria,
1354 3884 1440 3951 qui
1472 3892 1723 3936 mortuum

894 3966 1171 4010 ειιεειιαυιι.

310 4052 642 4108 (ἶειεοοιιιυε.
672 4049 878 4104 Nostris
906 4047 1066 4103 modo
1105 4047 1431 4115 temporibus
1466 4046 1684 4116 quidam
1717 4044 1819 4109 vir,

236 4144 692 4213 Quadragesimus
719 4142 969 4207 nomine,
1005 4151 1028 4177 ε
1061 4141 1369 4195 Buxentinm
1402 4139 1657 4194 Ecclesiae
1699 4138 1823 4191 sub-

237 4241 501 4293 diaconus
528 4235 625 4289 l’uit
688 4234 779 4303 qui
808 4234 985 4288 ovium
1014 4248 1231 4287 suarum
1256 4248 1471 4301 gregem
1504 4246 1724 4299 pascere
1770 4231 1823 4283 in

237 4329 487 4397 ejusdem
517 4326 747 4380 Aurelia:
781 4324 1018 4391 partibus
1046 4323 1271 4379 solebat.
1300 4322 1463 4390 Cujus
1494 4321 1645 4376 valde
1675 4336 1827 4375 vera-

2004 3615 2174 3659 ΠΕΤΡ.
2203 3604 2335 3657 Πάνυ
2374 3612 2477 3661 τοῖς
2509 3608 2667 3656 πᾶσιν
2701 3602 2979 3673 ἀρέσκουσι
3026 3609 3184 3657 ταῦτα
3211 3607 3276 3657 τὰ
3322 3607 3514 3675 θαύμω

1935 3719 2015 3761 τα,
2043 3696 2346 3770 πλειοτέρως
2373 3692 2426 3747 δὲ
2455 3692 2537 3748 διά
2556 3694 2613 3748 τὸ
2640 3695 2948 3770 προσφάτως
2967 3695 3091 3748 αὐτά
3115 3697 3382 3766 γεγονέναι.

2465 3787 2627 3857 319
2653 3792 2871 3841 ΚΕΦΔΛ.
2902 3786 2991 3840 tz'.

1931 3884 2046 3959 Περὶ
2075 3887 2163 3938 τοῦ
2192 3880 2417 3939 ὶλθόντος
2444 3886 2679 3949 μοναχοῦ
2712 3881 2827 3959 διπό-
2840 3886 2933 3959 τοῦ
2960 3875 3108 3953 ὅρους
3137 3885 3225 3934 τοῦ
3255 3879 3516 3953 ’Δργεντα-

2342 3954 2476 4023 ρίου,
2502 3954 2587 4003 καί
2606 3951 2779 4024 νεκρόν
2808 3950 3107 4025 ἐγείραντος.

2002 4052 2341 4098 ΓΡΗΓΟΡΙΟΣ.
2402 4042 2611 4117 ’Δρτίως
2669 4043 2751 4095 ἐπὶ
2798 4049 2896 4097 τῶν
2954 4040 3208 4113 ἡμετέρων
3274 4038 3517 4113 χρόνων,

1934 4136 2370 4211 κυυαδραγέσιμὸς
2411 4155 2489 4193 τις
2535 4132 2709 4203 όνόμα,
2754 4131 3080 4191 ύποδιάκονος
3124 4140 3215 4189 τῆς
3251 4127 3267 4165 ί
3316 4133 3517 4193 Βουξεν·

1933 4235 2047 4291 τίας
2099 4230 2369 4287 ἒκκλησίας
2418 4227 2705 4302 ὑπάρχων,
2762 4234 2852 4281 τὴν
2897 4232 2993 4278 τῶν
3036 4223 3310 4296 προϐάτων
3359 4224 3518 4277 αὐτ-οὗ

1934 4329 2148 4393 ποίμνην
2175 4322 2226 4373 ἒν
2252 4328 2357 4379 τοῖς
2380 4320 2585 4392 μέρεσιν
2605 4316 2847 4388 Αὐρηλίας
2877 4314 2897 4368 ἔ
2908 4315 2990 4373 θος
3019 4310 3161 4383 εἶχεν
3179 4320 3269 4367 τοῦ
3299 4312 3518 4383 βόσκειν.

239 4422 323 4476 cis
350 4420 448 4473 viri
494 4416 801 4471 narratione
848 4430 935 4471 res
979 4415 1111 4468 mira
1160 4413 1409 4478 innotuit,
1455 4427 1574 4482 quae
1618 4420 1826 4466 secreto

1933 4414 2113 4477 Ὀστις
2140 4420 2358 4490 πρᾶγμα
2386 4415 2644 4484 θαύματος
2672 4412 2859 4483 πλῆρες
2883 4409 3028 4485 ἀνδρί
3046 4432 3143 4466 τινι
3170 4405 3363 4482 σφόδρα
3402 4408 3520 4466 άλη-

244 4509 419 4563 l'ucrat
445 4518 618 4577 gesta.
648 4506 697 4560 Is
726 4520 975 4575 namque,
1007 4515 1063 4559 ut
1094 4506 1465 4575 prmdiximus,
1499 4504 1625 4557 dum
1655 4504 1829 4573 gregis

241 4600 327 4654 sui
353 4599 409 4653 in
440 4598 653 4653 Aurelia
688 4613 869 4651 curam
900 4605 1128 4666 gereret,
1154 4597 1206 4650 in
1244 4596 1433 4649 diebus
1476 4593 1716 4664 ejusdem
1749 4595 1829 4646 vir

243 4690 624 4751 l'uitemonte,
664 4687 752 4755 qui
788 4684 806 4723 ί
842 4684 1189 4754 Argentarius
1216 4695 1455 4750 vocatur,
1508 4683 1830 4737 venerabilis

242 4783 392 4845 vitae,
424 4780 515 4847 qui
542 4778 778 4832 habitum
809 4776 1087 4841 monachi,
1114 4791 1270 4845 quem
1311 4776 1677 4845 praetendebat
1705 4791 1829 4843 spe-

320 4952 347 4977 ἰ
378 4941 702 5010 Compend.,
734 4941 815 4994 hic
845 4956 959 4993 cum
1005 4939 1218 5009 primm.
1262 4937 1493 5006 Uterque
1539 4935 1827 4999 Tlteoder.,

246 5014 331 5065 hic
360 5029 475 5064 cum
504 5011 664 5081 prius.

320 5082 351 5121 δ
384 5075 593 5135 Primus
621 5082 858 5141 (ἐπινοίη
892 5090 1123 5133 catenam
1152 5080 1247 5132 sibi
1284 5082 1501 5147 ferream
1530 5077 1600 5130 ad
1627 5075 1829 5146 pedem.

325 5164 353 5191 ο
382 5152 643 5205 Nimirum
676 5162 785 5204 toto
810 5152 946 5205 libro
975 5150 1231 5204 secundo.

323 5221 353 5260 δ
386 5222 596 5276 Primus
623 5220 841 5275 Carnnt.
861 5261 875 5284 ,
907 5220 974 5272 ad
1004 5219 1279 5272 tollendam
1307 5234 1511 5284 aquam.

326 5304 353 5330 ο
380 5292 479 5347 Ms.
506 5292 619 5346 fere
646 5306 834 5345 omnes
860 5283 1181 5343 Buxentinw.
1208 5288 1507 5356 Legendum
1534 5296 1707 5340 tamen
1736 5283 1838 5337 Bu-

248 5365 497 5419 mtinae.
540 5362 693 5431 Apud
740 5360 967 5413 Plinium
1013 5364 1259 5431 leguntur
1306 5357 1583 5431 Buxetit‘i‘ni
1631 5357 1833 5431 populi.

251 5436 555 5489 Buxentum
591 5426 723 5488 olim
768 5432 895 5484 urbs
923 5429 1241 5498 episc0palis
1271 5445 1283 5481 :
1318 5426 1743 5498 nunc_Castruui
1785 5427 1835 5478 in

250 5504 487 5558 Lucania
516 5503 671 5571 vulgo
702 5495 1120 5555 PisciotafAliis
1148 5510 1320 5552 tamen
1343 5506 1425 5552 est
1454 5495 1835 5571 Polycaslrum.

252 5579 297 5627 Α
321 5576 482 5637 buxo,
514 5567 664 5643 cujus
694 5572 778 5627 hic
806 5586 997 5642 magna
1024 5572 1194 5638 copia,
1227 5583 1418 5623 nomen
1453 5567 1703 5621 habuisse
1732 5581 1842 5619 cre-

251 5644 417 5697 ditur.

1938 4508 2168 4576 θεστάτῳ
2196 4504 2496 4576 διηγήσατο,
2529 4502 2653 4576 ὅπερ
2681 4510 2938 4571 μυστικῶς
2964 4499 3021 4559 ἡν
3069 4503 3319 4573 πραχθέν.
3354 4500 3519 4557 Καθὼς

1939 4594 1993 4649 δέ
2019 4604 2283 4673 προεῖπον,
2336 4590 2488 4651 οὗτος
2530 4598 2620 4648 τήν
2666 4599 2765 4644 τῶν
2809 4592 3001 4642 ο’κείων
3043 4589 3201 4640 αὐτοῦ
3248 4588 3518 4659 προϐάτων

1936 4687 2215 4757 ἐπιμέλειαν
2237 4687 2284 4737 ἐν
2304 4692 2415 4742 τοῖς
2441 4684 2645 4753 μέρεσιν
2672 4679 2917 4752 Αὐρηλίας
2946 4678 3266 4745 ποιούμενος,
3310 4679 3359 4729 ἓν
3396 4678 3519 4730 ἐκεί·

1938 4800 2047 4838 ναις
2077 4786 2190 4837 ταῖς
2216 4778 2451 4849 ἡμέραις,
2480 4775 2605 4845 ἆνὴρ
2630 4792 2708 4831 τις
2750 4771 2801 4823 ἐκ
2828 4776 2917 4825 τοῦ
2944 4766 3094 4844 ὅρους
3132 4776 3223 4823 τοῦ
3256 4770 3519 4841 λεγομένου

2018 4930 2037 4970 ί
2071 4931 2219 4985 Mons
2250 4929 2301 4982 in
2334 4926 2522 4979 Tuscia
2553 4926 2690 4979 inter
2716 4934 2924 4991 portum
2955 4924 3193 4978 llercnlis
3215 4936 3268 4980 et
3289 4926 3517 4981 Telamo-

1942 5002 2025 5056 nis
2049 5015 2339 5055 excurrens
2372 4999 2422 5051 in
2451 5012 2619 5049 mare.
2657 4995 2806 5049 Unde
2835 4995 3060 5048 [intibus
3092 5013 3104 5046 :

2097 5080 2333 5128 Funditur
2364 5080 2412 5127 in
2447 5078 2635 5125 melius
2658 5087 2795 5123 mons
2822 5077 3145 5135 Argentarius
3178 5075 3345 5123 undas.

1940 5143 2079 5197 llinc
2110 5144 2372 5195 Aureliam
2402 5141 2454 5193 in
2484 5137 2677 5192 Tuscia
2714 5137 2876 5192 fuiSse
2902 5136 3242 5206 Cuttjicillllh.

2017 5222 2040 5284 β
2075 5212 2192 5284 bis"
2224 5221 2334 5272 τοῖς
2364 5212 2618 5284 κεράμοις.

2014 5279 2041 5317 λλ
2072 5276 2189 5346 MS»,
2220 5291 2291 5351 τῷ
2317 5276 2550 5351 σπηλαίῳ
2578 5282 2628 5332 ἐν
2655 5283 2793 5346 αὐτῷ
2823 5284 3065 5351 κατοικῶν
3091 5276 3286 5351 όιλυσειΣ

2022 5352 2037 5387 ι
2071 5341 2192 5417 Μς.,
2224 5341 2393 5413 δοῦλος
2423 5341 2531 5407 ci."-
2555 5355 2623 5422 μὴ
2648 5369 2706 5403 σε
2739 5341 2965 5421 κρατήσῃ
2996 5348 3179 5409 ἅλυσις
3210 5346 3414 5421 σιδηρᾶ.

2022 5422 2034 5499 ξ
2077 5422 2196 5499 llis,
2230 5425 2559 5499 aqpayipw;

2018 5489 2042 5527 ¹⁶
2076 5492 2195 5552 Ms,
2229 5489 2411 5548 σύκλα.

2024 5562 2197 5635 Ibis...
2225 5566 2579 5625 Βουςξντῐας...
2618 5564 2841 5616 αὐτοῦ...
2883 5562 3087 5635 μέρεσιν
3124 5556 3416 5630 ’Δῦρηλίαςς
3465 5565 3516 5613 et

1949 5634 2026 5686 sic
2056 5632 2209 5683 inim.
