3934 6336
503 363 594 420 271

1708 359 1948 415 SANCTI
1993 358 2316 414 GllEGUllll
2361 358 2566 412 MACNI

3662 358 3789 396 αντη

3666 386 3793 411 :1;—

510 481 718 552 μασθεὶς
760 478 988 541 διάϐολος
1038 481 1202 548 τούτῳ
1249 478 1542 535 ὑπακούσας
1590 478 1715 550 πρὸς
1756 479 1812 531 τὸ
1844 480 2000 552 σύραι
2026 480 2090 531 τὰ

2209 473 2716 540 tcmenterexpavit,
2746 471 3050 540 magnisque
3080 473 3294 526 vocibus
3316 473 3553 528 clamare
3584 477 3793 540 rmpit,

506 573 701 645 καλίγια
724 573 878 626 αὐτοῦ
908 568 1160 645 παρέστη.
1185 564 1347 624 Tauro
1376 567 1428 622 δὲ
1460 567 1483 621 ό
1520 569 1869 642 πρεσϐύτερος
1905 568 2090 622 θεασά-

506 686 672 737 μενος,
704 662 899 737 σφόδρα
925 663 1100 727 ἐξέστη
1133 662 1216 715 καί
1245 662 1458 731 μεγίστῃ
1487 667 1618 735 φωνῇ
1659 661 1853 733 κράζειν
1884 660 2086 731 ἤρξατο,

503 760 681 830 λέγων·
714 759 961 819 ’Λπόστα,
993 758 1183 818 ἐλεεινέ,
1217 756 1451 815 ἀπόστα,
1495 756 1551 806 ού
1590 754 1690 827 γάρ
1729 776 1830 817 σοι,
1868 755 1990 808 ἀλλὰ
2019 761 2089 823 τῷ

505 848 807 924 ἀνδραπόδῳ
838 868 935 917 μου
978 846 1213 901 ἐλάλησα.
1252 845 1478 917 Παρευθύ
1519 839 1604 895 οὖν
1752 845 1910 897 αὐτοῦ
1958 851 2089 917 φωνῇ

505 944 725 999 ἀπέστη.
762 942 851 993 καὶ
875 941 1033 999 καθὼς
1056 936 1185 996 ἦσαν
1214 938 1265 989 ἐκ
1285 939 1469 1011 μέρους
1495 938 1697 991 λυθέντα
1725 939 1791 991 τὰ
1820 943 1919 991 τῶν
1950 937 2085 990 καλι-

1735 1023 1759 1043 τ

505 1034 623 1103 γίων
649 1033 805 1085 αὐτοῦ
836 1030 994 1102 λωρξα
1018 1072 1033 1093 ,
1065 1027 1225 1087 οὕτως
1247 1028 1549 1103 ηὑρέθησαν.
1578 1026 1661 1089 Ἐξ
1702 1026 1759 1078 οὗ
1790 1027 2089 1101 πράγματος

411 1149 424 1161 ι
506 1120 836 1182 κατανόησον,
868 1116 953 1172 ὅτι
974 1119 1015 1171 εἰ
1037 1125 1147 1176 τοῖς
1177 1126 1490 1187 σωματικοῖς
1524 1115 1695 1190 ἔργοις
1736 1117 1761 1170 ό
1794 1124 1817 1151 ⁸
1860 1118 2089 1191 ἀρχέκα-

503 1232 587 1270 κος
612 1210 795 1283 ἐχθρὸς
818 1209 950 1263 οὕτω
975 1210 1217 1280 παρέστι,
1234 1208 1376 1276 πόσῳ
1397 1208 1578 1281 μᾶλλον
1786 1207 2090 1278 πλειοτὲρως

504 1300 772 1374 ἐνεδρεύων
796 1306 895 1355 τῶν
926 1299 1177 1372 ἡμετέρων
1200 1299 1450 1369 λογισμῶν
1481 1299 1569 1351 οὐκ
1596 1300 1886 1368 ἀξίσταται.

577 1400 751 1447 ΠΕΤΡ.
776 1391 1023 1446 Δύσκολον
1053 1392 1185 1443 πάνυ
1216 1393 1301 1444 καί
1329 1390 1538 1462 φοϐερόν
1568 1390 1678 1445 ἐστι
1704 1393 1832 1445 κατὰ
1868 1398 1967 1445 τῶν
1994 1388 2089 1445 τοῦ

506 1485 696 1558 ἐχθροῦ
720 1481 926 1556 ἑνέδρων
958 1481 1175 1537 πάντοτε
1204 1483 1485 1554 προσέχειν
1521 1481 1651 1537 οὕτω
1683 1482 1948 1552 συντόμως
1985 1485 2089 1537 αύ-

506 1584 592 1631 τοῦ
625 1582 707 1632 καί
733 1569 1396 1653 διηνεκῶςᾏταρισταμένου.

576 1681 818 1724 ΓΡΙΙΓΟΡ.
850 1671 1095 1725 Δύσκολον
1122 1672 1212 1724 οὐκ
1230 1670 1401 1737 ἔστιν,
1430 1672 1515 1723 Ir)»
1540 1673 1629 1727 τήν
1656 1671 1902 1743 ἡμετέραν
1926 1669 2090 1740 ἀσφά-

507 1761 653 1832 λειαν,
681 1765 781 1835 οὐχ
814 1766 935 1834 ἡμῖν
974 1765 1179 1831 αὐτοῖς,
1224 1763 1348 1818 ἀλλά
1390 1771 1451 1834 τῇ
1495 1759 1677 1815 ἄνωθεν
1712 1763 1894 1834 χάριτι
1940 1761 2086 1831 ἐμπι-

2194 567 2376 621 dicens
2412 587 2422 618 :
2460 567 2689 629 Recede,
2724 566 2906 628 miser,
2959 566 3176 630 recede;
3224 584 3327 619 non
3359 568 3499 620 enim
3531 568 3657 630 tibi,
3682 566 3796 619 Sed

2193 659 2456 725 mancipio
2482 673 2601 712 meo
2627 658 2833 711 lcruma
2862 673 2997 711 smn.
3029 658 3106 711 Ad
3137 662 3291 727 cujus
3320 675 3502 712 vocem
3531 660 3801 726 protinus

2194 750 2441 815 recessit,
2470 761 2520 804 et
2572 752 2641 803 ita
2665 760 2720 804 ut
2748 752 2971 804 inventa:
3004 762 3147 816 sunt,
3184 766 3367 820 magna
3392 751 3500 820 jam
3529 767 3591 805 ex
3629 765 3805 819 parte

2192 842 2465 896 dissolutae
2490 883 2504 907 ,
2549 843 2791 911 currigia:
2823 833 3222 896 remanseruni.
3273 847 3384 909 Qua
3417 844 3467 897 in
3501 860 3559 897 re
3600 843 3802 911 colligi

2196 943 2390 1001 potest,
2446 935 2697 1003 antiquus
2746 934 2935 1001 hostis,
2967 935 3054 1003 qui
3099 937 3207 1003 jam
3264 946 3457 1004 przesto
3504 948 3586 991 est
3621 934 3801 992 factis

2194 1024 2357 1094 328
2406 1023 2794 1092 carporalibus,
2825 1038 2983 1094 quam
3008 1022 3184 1078 nimiis
3216 1024 3422 1079 insidiis
3444 1027 3647 1081 nostris
3680 1040 3796 1080 co-

2193 1114 2539 1183 gitationibus
2567 1115 2795 1168 insistat.

2268 1386 2432 1441 Pera.
2467 1388 2812 1443 Laboriosum
2845 1402 2925 1445 cst
2950 1391 3103 1445 valde
3130 1401 3292 1460 atque
3324 1391 3559 1446 terribile
3587 1402 3801 1445 contra

2198 1482 2212 1529 l
2254 1479 2449 1532 inimici
2481 1480 2700 1535 insidias
2726 1483 3249 1549 semperinteudere,
3287 1491 3340 1536 et
3363 1484 3619 1536 continue
3646 1495 3802 1549 qua-

2192 1570 2234 1622 si
2267 1571 2314 1622 iu
2346 1570 2458 1623 acie
2489 1581 2647 1637 stare.

2266 1662 2504 1717 Guecou.
2542 1661 2567 1699 ¹ί
2602 1662 2949 1718 Laboriosum
2984 1681 3087 1717 non
3137 1664 3260 1733 erit,
3294 1665 3334 1716 si
3362 1664 3659 1717 custodiam
3688 1677 3805 1714 no-

2195 1761 2358 1807 stram
2392 1769 2497 1807 non
2529 1755 2700 1815 nobis.
2726 1755 2817 1809 scd
2867 1756 3050 1821 gratia:
3083 1771 3324 1823 superna:
3359 1753 3676 1815 tribuimus;
3718 1754 3804 1806 ita

508 1860 822 1925 στεύσωμεν.
865 1856 989 1913 Πλὴν
1038 1853 1177 1925 ὅμως
1195 1893 1212 1920 ,
1242 1855 1324 1908 ἵνα
1349 1856 1435 1908 καὶ
1462 1855 1625 1925 ἡμεῖς,
1668 1850 1790 1907 ὅσον
1814 1852 2087 1922 δυνάμεθα,

2218 1856 2394 1908 amen,
2428 1853 2482 1896 ut
2523 1853 2575 1895 et
2598 1844 2717 1912 ipsi,
2749 1856 3003 1914 quantum
3043 1860 3345 1914 possumus,
3396 1845 3492 1898 sub
3516 1843 3635 1913 ejus
3660 1859 3808 1912 pro—

508 1948 533 1988 b
565 1951 665 2005 ύπὸ
702 1955 789 2009 τήν
834 1950 1026 2007 σκέπην
1068 1949 1225 2003 αὐτοῦ
1266 1950 1686 2023 γρηγορήσωμεν.
1715 1945 1828 1999 Ἐὰν
1858 1944 1911 2000 δὲ
1946 1945 1970 1999 ὁ
2001 1946 2094 2022 ἆρ-

508 2050 665 2113 χαῖος
695 2042 880 2114 ἐχθρὸς
917 2038 1131 2114 ἄρξηται
1164 2040 1216 2093 ἔκ
1246 2034 1335 2093 τοῦ
1378 2040 1489 2098 νοός
1519 2038 1840 2102 ἔκῗληθῆναι,
1874 2035 1958 2092 διὰ
2000 2044 2094 2095 τῆς

507 2135 642 2195 θείας
669 2140 936 2206 παροχῆς,
980 2130 1218 2204 ἀσφαλῶς
1246 2128 1523 2193 δείκνυται,
1573 2126 1652 2183 ὄτι
1685 2130 1738 2181 ού
1768 2128 1916 2200 μόνον
1942 2128 2095 2182 αὐτὸν

508 2223 665 2283 οὐδεὶς
687 2221 947 2284 δειλιάσει,
974 2230 994 2258 ε
1018 2220 1138 2274 ἀλλὰ
1164 2219 1347 2291 μᾶλλον
1372 2220 1569 2285 ἐκεῖνος,
1596 2217 1681 2273 διὰ
1702 2226 1792 2278 τῆς
1814 2224 1913 2273 τῶν
1934 2218 2095 2277 καλῶς

511 2313 907 2383 πολιτευομένων
930 2310 1211 2383 δυνάμεως,
1240 2312 1595 2381 φοϐηθήσεται.

1111 2430 1333 2478 ΚΕΦΑΛ.
1378 2421 1493 2476 KA'.

573 2541 687 2611 Περὶ
714 2544 801 2596 τῆς
831 2538 1143 2608 ponat-ﬁag-
1167 2543 1258 2595 τῆς
1287 2533 1673 2605 φυγαδευσάσης
1697 2535 1781 2590 τὸν
1802 2533 2031 2589 δαίμονα.

582 2652 700 2724 Περὶ
728 2658 818 2705 τοῦ
851 2650 1150 2721 πράγματος
1180 2645 1338 2723 οὗπερ
1359 2650 1468 2701 νυνί
1494 2647 1785 2720 διηγοῦμαι,
1819 2648 1845 2703 ὁ
1881 2648 2087 2719 ἁγιώτα-

513 2760 599 2799 τος
641 2740 766 2815 ἀνὴρ
798 2739 1097 2813 Ἐλευθέριος
1141 2736 1167 2791 ό
1203 2735 1576 2813 πρεσϐύτερος,
1624 2734 1820 2799 οὗτινος
1861 2739 2098 2809 ἀνωτέρω

514 2832 684 2902 μνείαν
710 2832 1010 2899 πεποίημαι.
1036 2830 1235 2903 μάρτυς
1264 2828 1527 2901 ὑπάρχει,
1560 2826 1705 2889 ὅστις
1732 2830 1853 2883 αύτό
1882 2831 1965 2882 καὶ
1991 2827 2099 2887 διη-

512 2926 732 2992 γήσατο.
764 2916 934 2990 ’Ἔλεγε
976 2921 1095 2993 γὰρ,
1126 2918 1204 2973 ὅτι
1234 2919 1280 2971 ἐν
1321 2927 1383 2993 τῇ
1412 2919 1553 2973 πόλει
1580 2918 1828 2979 Σπολήτης
1863 2917 1985 2993 κόρη
2019 2940 2098 2980 τις

513 3009 545 3046 ά
567 3012 737 3065 λοιπὸν
775 3010 1022 3085 παρθένος
1063 3016 1154 3064 τοῦ
1187 3011 1354 3082 γάμου
1394 3009 1582 3067 ἠλικὲαν
1610 3008 1704 3067 ἤδη
1727 3011 1989 3081 φθάσασα,
2011 3012 2099 3064 θυ-

512 3100 673 3180 γάτηρ
693 3102 900 3180 ύπῆρχέ
925 3124 1022 3156 τινι
1049 3110 1149 3157 τῶν
1181 3103 1338 3156 ἐκεῖσε
1366 3101 1751 3178 πρωτευόντων.
1774 3099 1915 3161 Ἠτις
1945 3104 1992 3155 ἐν
2025 3110 2098 3174 τῷ

2197 1936 2428 1989 lectione
2456 1935 2755 2004 vigilemus.
2782 1937 2835 1990 SI
2867 1947 3044 1990 autem
3066 1938 3317 2008 antiquus
3349 1937 3515 1989 bo~tis
3544 1951 3571 1987 a
3600 1946 3809 1990 mente

2194 2029 2415 2097 cmperit
2442 2028 2656 2095 expelli,
2687 2044 2749 2081 ex
2779 2028 2952 2081 divina
2979 2028 3221 2098 largitate
3252 2028 3558 2095 plerumque
3575 2030 3798 2098 agitur,

2196 2127 2256 2173 ut
2305 2134 2406 2171 non
2437 2118 2606 2172 solum
2639 2118 2748 2187 jam
2784 2119 2957 2189 timeri
2983 2134 3085 2172 non
3108 2118 3318 2182 debeat,
3345 2118 3438 2172 sed
3469 2120 3583 2188 ipse
3614 2119 3801 2173 etiam

2198 2210 2333 2262 bene
2361 2209 2650 2263 viventium
2680 2210 2876 2264 virtute
2905 2217 3183 2263 terreatur.

2782 2395 3008 2450 CAPUT
3049 2393 3185 2449 XXI.

2205 2486 2277 2539 De
2304 2489 2472 2553 puella
2496 2504 2755 2548 conversa,
2788 2492 2936 2559 cujus
2960 2487 3067 2541 sola
3097 2489 3308 2555 imperio
3333 2488 3480 2542 homo
3510 2498 3584 2543 est
3614 2505 3647 2542 a
3679 2489 3803 2543 dae-

2769 2558 2914 2612 mone
2947 2558 3211 2612 liberatus.

2274 2646 2369 2701 Rei
2417 2664 2644 2717 namque
2694 2664 2851 2717 quam
2883 2664 3078 2715 narro,
3113 2649 3195 2704 vir
3223 2651 3589 2706 sanctissimus
3624 2652 3805 2706 Eleu-

2204 2739 2408 2793 tlterius
2455 2755 2621 2795 senex
2652 2740 2827 2804 Pater,
2858 2740 3010 2807 cujus
3039 2743 3347 2796 memoriam
3384 2744 3637 2811 superius
3685 2743 3805 2798 feci

2205 2830 2355 2901 (Cap.
2394 2829 2506 2899 M),
2541 2830 2689 2885 testis
2710 2831 2937 2897 exstitit,
2968 2831 3204 2901 mihique
3230 2834 3328 2887 hoc
3357 2834 3603 2889 intimare
3627 2850 3807 2890 cura-

2204 2923 2275 2975 vit
2315 2921 2496 2991 :quod
2549 2922 2599 2975 in
2652 2922 2939 2991 Spoletana
2969 2922 3100 2978 urbe
3128 2921 3145 2961 ι
3177 2925 3344 2992 puella
3389 2928 3632 2996 quzedatn
3674 2928 3807 2995 jam

2205 3014 2355 3068 nubil
2381 3028 2407 3068 s
2438 3013 2716 3084 cujusdam
2743 3014 2976 3083 primarii
3007 3015 3129 3080 (ilia,
3158 3018 3395 3072 cmlestis
3421 3019 3542 3071 vita:
3570 3018 3810 3074 deside-

2204 3103 2283 3158 rio
2313 3104 2532 3172 exarsit,
2565 3104 2718 3173 eique
2746 3114 2893 3173 pater
2927 3104 2994 3158 ad
3023 3104 3160 3159 viam
3197 3106 3313 3160 νὶιςι·
3348 3107 3599 3162 resistere
3626 3122 3807 3161 cona-

514 3197 655 3266 πόθῳ
702 3204 793 3253 τῆς
837 3196 1139 3271 ἐπουρανίου
1180 3198 1313 3259 ζωῆς
1360 3197 1658 3269 πυρωθεῖσα
1703 3197 1847 3268 πάσῃ
1899 3194 2094 3269 σπουδῇ

2209 3204 2290 3248 tus
2319 3203 2436 3259 est;
2467 3194 2562 3249 sed
2593 3202 2904 3263 contempto
2932 3204 3100 3262 patre,
3134 3199 3557 3251 conversationis
3582 3208 3809 3251 sancta:

514 3289 641 3361 πρὸς
672 3288 862 3343 ταύτην
906 3288 1155 3357 ἐπείγετο.
1200 3296 1258 3340 ‘0
1297 3285 1351 3340 δέ
1386 3290 1579 3347 ταύτης
1607 3291 1781 3360 πατὴρ
1811 3288 2101 3346 ἀντιστῆναι

514 3380 646 3449 αὐτῇ
675 3378 723 3430 ἔν
747 3390 769 3412 ε·
794 3384 854 3452 τῇ
880 3374 979 3443 ὁδῷ
1008 3385 1099 3437 τῆς
1125 3380 1257 3441 ζωῆς
1285 3380 1576 3447 ἠγωνίζετο.
1620 3380 1755 3436 Αὐτὴ
1790 3376 1844 3434 δέ
1882 3382 1968 3433 τόν
1995 3401 2099 3432 πα·

514 3472 636 3545 τέρα
654 3469 1029 3532 καταλιποῦσα,
1061 3477 1151 3530 τῆς
1190 3478 1475 3539 μοναχικῆς
1516 3470 1773 3529 πολιτείας
1811 3470 1867 3524 τό
1913 3478 2101 3540 σχῆμα

518 3560 738 3624 ἐδέξατο,
767 3558 872 3614 ὅθεν
900 3560 1072 3613 λοιπὸν
1104 3559 1125 3611 ό
1157 3561 1345 3619 ταύτης
1374 3566 1541 3633 πατὴρ
1574 3562 1627 3614 εκ
1654 3569 1744 3620 τῆς
1772 3560 1903 3622 ίδίας
1947 3565 2099 3617 αὑτοῦ

516 3646 857 3709 ὑποστάσεως
889 3646 906 3685 ί
934 3646 1335 3723 ὰκληρονόμητον
1368 3651 1522 3708 αὐτὴν
1550 3653 1813 3715 πεποίηκε,
1847 3655 1932 3706 καί
1962 3652 2101 3708 ούδῦν

516 3743 646 3815 αὐτῇ
686 3742 881 3814 ἕτερον,
924 3741 968 3792 εί
1010 3744 1078 3808 μὴ
1108 3737 1159 3801 ἓξ
1183 3740 1381 3810 ούγκίας
1408 3739 1513 3800 ἐνὸς
1541 3746 1902 3811 κτηματισκίου
1923 3784 1937 3807 ,
1964 3747 2105 3801 uario

516 3834 648 3885 λιπε.
676 3833 879 3890 Ταύτης
906 3829 959 3884 δέ
989 3838 1061 3900 τῷ
1084 3828 1422 3901 ὑποδείγματι
1449 3832 1865 3894 ἐξακολουθοῦσαι
1888 3836 2102 3907 ἤρξαντο

515 3924 692 3977 πολλαί
718 3921 862 3994 κόραι
888 3918 1254 3991 εὖγενεστοὶτου
1276 3924 1451 3992 γένους
1472 3925 1602 3994 πρὸς
1629 3925 1783 3981 αὐτὴν
1811 3927 2104 3982 ἀποτάσσε-

517 4016 653 4076 σῖ³αι,
679 4016 763 4066 καὶ
789 4020 860 4081 τῷ
885 4010 1253 4082 παντοδυνοίμῳ
1278 4014 1433 4086 κυρίῳ
1467 4020 1491 4059 8
1522 4015 1799 4087 γῗγιασμένῃ
1820 4023 1881 4088 τῇ
1909 4019 2102 4091 παρθε-

519 4110 593 4177 vlg.
622 4104 891 4158 δουλεύειν.
919 4103 997 4157 Ἐν
1026 4109 1119 4175 μιᾷ
1143 4101 1194 4158 δέ
1216 4105 1408 4179 ἡμέρᾳ,
1439 4102 1466 4159 ὃ
1494 4106 1637 4165 αὐτὸς
1673 4107 1798 4180 ἀνὴρ
1819 4147 1832 4170 ,
1857 4106 1881 4161 ό
1910 4115 1972 4180 τῇ
2000 4112 2101 4183 ζωῇ

514 4196 887 4257 αὖλαϐέστατος
917 4194 1237 4270 Ἐλευθέριος,
1268 4195 1584 4267 ἐπισκέψεως
1612 4201 1689 4251 καὶ
1715 4197 1977 4269 οἰκοδομῆς
2006 4202 2103 4271 χά·

512 4312 593 4365 ριν
619 4292 751 4363 πρὸς
795 4292 950 4348 αὐτὴν
996 4290 1319 4363 παρεγένετο.
1353 4291 1681 4361 Καθεζομένου
1722 4289 1774 4344 δέ
1806 4292 1960 4347 αὐτοῦ
1992 4291 2101 4363 ἅμα

509 4384 684 4447 αὐτῆς,
720 4383 806 4435 καί
827 4382 973 4442 θείοις
1006 4380 1172 4453 λόγοις
1199 4378 1501 4453 ὁμιλούντων
1519 4421 1531 4444 ,
1566 4385 1620 4435 ἐκ
1648 4377 1737 4437 του
1758 4386 2096 4457 προαστείου,

510 4470 673 4548 οὗπερ
702 4475 797 4534 τὰς
842 4472 892 4537 ἓξ
934 4474 1142 4545 ούγκίας
1182 4475 1321 4549 παρὰ
1351 4479 1442 4527 τοῦ
1471 4473 1657 4534 ἑαυτῆς
1694 4478 1889 4550 πατρ“ς
1919 4472 1978 4533 ἧν
2007 4476 2095 4530 λα·

2204 3284 2443 3341 babitum
2465 3295 2503 3322 ω
2534 3288 2787 3357 suscepit.
2820 3287 2932 3355 Qua
2959 3303 3023 3341 ex
3045 3303 3101 3343 re
3121 3288 3317 3342 factum
3344 3300 3423 3345 est
3445 3301 3498 3342 ut
3526 3304 3645 3343 eam
3681 3288 3809 3343 Pa-

2204 3386 2286 3432 ter
2322 3394 2433 3433 suae
2473 3377 2785 3433 substantia:
2834 3379 3171 3436 exltteredem
3217 3379 3435 3446 faeciet,
3469 3380 3713 3451 nihilque
3752 3382 3809 3437 ei

2204 3469 2343 3522 aliud
2371 3470 2469 3523 nisi
2501 3484 2591 3524 sex
2619 3470 2806 3524 uncias
2827 3471 2984 3525 unius
3007 3471 3445 3539 possessiunculae
3476 3472 3802 3540 largiretur.

2206 3558 2334 3628 Ejus
2362 3576 2489 3613 vero
2517 3562 2765 3626 exemplo
2814 3576 2845 3630 p
2877 3575 3109 3616 omenta:
3155 3575 3431 3632 coeperunt
3477 3566 3615 3633 apud
3666 3579 3811 3620 eam

2205 3650 2384 3705 multa:
2413 3650 2690 3706 nobilioris
2719 3654 2927 3721 generis
2955 3655 3141 3722 puellae
3183 3656 3440 3723 converti,
3472 3666 3634 3724 atque
3667 3671 3810 3710 om-

2205 3741 2460 3808 nipotenti
2518 3742 2743 3798 Domino
2784 3744 3024 3797 dedicata
3065 3747 3368 3816 virginitate
3393 3748 3612 3801 servire.
3644 3747 3809 3813 Qua-

2201 3833 2324 3886 dam
2355 3850 2480 3888 vero
2513 3835 2599 3888 die
2629 3835 2765 3890 idem
2800 3836 3137 3890 Eleutherius
3160 3838 3338 3902 abbas,
3374 3838 3453 3891 vir
3480 3838 3599 3891 vitm
3622 3854 3803 3893 vene-

2202 3925 2405 3990 rabilis,
2421 3926 2486 3979 ad
2511 3942 2626 3979 eam
2642 3927 2809 3996 gratia
2832 3927 3217 3983 exhortationis
3233 3941 3392 3998 atque
3417 3929 3809 3987 mdilicationis

2202 4027 2526 4080 accesserat,
2556 4030 2605 4071 et
2631 4033 2751 4071 cum
2785 4033 2846 4073 ea
2879 4019 2948 4073 de
2978 4021 3139 4073 verbo
3170 4018 3261 4073 Dei
3293 4018 3603 4087 colloquens
3632 4020 3807 4074 sedeo

2202 4108 2320 4171 bat;
2353 4127 2473 4163 cum
2508 4120 2729 4177 repente
2783 4127 2846 4165 ex
2896 4112 3083 4165 eodem
3141 4111 3324 4175 l'umlu,
3356 4126 3512 4180 quem
3537 4120 3563 4147 ιι
3597 4112 3649 4164 iu
3698 4126 3809 4169 se!

2203 4202 2373 4255 unciis
2399 4216 2428 4254 a
2461 4212 2606 4269 patre
2640 4211 2950 4270 perceperat
2977 4201 2997 4222 °
3032 4219 3150 4255 cum
3178 4202 3330 4256 xenio
3361 4202 3590 4256 rusticus
3618 4203 3809 4257 venit.

2201 4292 2300 4359 Qui
2332 4292 2454 4345 dum
2486 4306 2611 4348 ante
2642 4309 2734 4348 eos
2764 4294 3058 4355 assisteret,
3091 4294 3320 4361 maligno
3365 4294 3551 4360 spiritu
3599 4308 3808 4349 corre-

2206 4392 2324 4451 ptus
2351 4382 2569 4449 cecidit,
2601 4382 2914 4453 l'atigatique
2944 4383 3121 4437 nimiis
3161 4383 3475 4438 stridoribus
3503 4393 3667 4454 atque
3703 4388 3808 4441 ba-

2208 4473 2399 4526 latibus
2452 4476 2635 4543 cwpit.
2671 4475 2817 4528 Tunc
2846 4475 3265 4530 sanetimonialis
3296 4475 3486 4529 femina
3529 4480 3805 4546 surrexit,

511 4567 699 4633 ϐοῐσα,
731 4567 956 4639 γεωργός
979 4587 1058 4625 τις
1083 4568 1214 4638 μετὰ
1241 4568 1400 4628 ξενίου
1432 4567 1557 4640 πρὸς
1587 4568 1744 4624 αὐτὴν
1771 4563 1931 4629 ἦλθεν,
1959 4563 2094 4626 ὅστις

2209 4578 2366 4635 atque
2402 4570 2534 4621 irato
2565 4570 2707 4623 vultu
2760 4569 2964 4637 magnis
3009 4568 3332 4623 rlanuribus
3370 4569 3685 4636 imperavit,
3714 4572 3804 4626 «ii-

507 4662 557 4714 ἓν
581 4659 692 4731 ὅσῳ
714 4658 996 4731 ἔμπροσθεν
1015 4655 1182 4712 αὗτῶν
1201 4659 1409 4723 ἵστατο,
1435 4658 1684 4727 πνεύματι
1704 4665 1903 4731 πονηρῷ
1925 4659 2094 4731 ραγείς

508 4749 682 4814 ἕπεο-ε,
710 4754 796 4805 καί
820 4750 1003 4826 ἤρξατο
1028 4752 1155 4821 μετὰ
1185 4753 1432 4821 μεγίστων
1461 4759 1631 4822 φωνῶν
1655 4751 1763 4805 λίαν
1797 4750 2088 4806 ὀδυνᾶσθαι.

506 4838 736 4900 Τότιειόὶι
782 4842 1031 4915 ἁγιωτάτῃ
1083 4842 1240 4900 ἐκείνη
1292 4844 1461 4901 θήλεια
1508 4844 1805 4909 ἀναστᾶσα,
1854 4843 2093 4915 α’στηρῷ

507 4938 771 5004 προσώπῳ
800 4935 929 5002 μετὰ
963 4940 1124 5003 φωνῆς
1168 4934 1429 5007 ἰσχυρᾶς,
1475 4934 1721 5007 ἐπέτρεψε
1767 4943 1841 5005 τῷ
1880 4935 2093 5007 ἀκαθάρ-

504 5045 576 5095 τῳ
597 5024 1094 5097 πνεύματιλέγουσα·
1125 5022 1138 5061 ί
1158 5022 1346 5087 ’Ἔξελθε
1372 5027 1460 5080 ἀπ’
1482 5028 1657 5091 αὐτοῦ,
1681 5027 1879 5093 ἐλεεινέ,
1906 5025 2089 5091 ἔξελθε.

576 5173 603 5239 ξι
631 5166 755 5239 bis,
789 5168 1030 5239 ἀρχαῖος.

576 5234 602 5272 b
632 5235 751 5307 Ms.,
787 5234 858 5307 εἷς
886 5239 975 5291 τὴν
1002 5235 1222 5304 φυλακην
1244 5239 1328 5291 καί
1356 5239 1550 5293 σκέπην
1572 5237 1708 5305 ἡμῶν
1736 5256 1887 5307 γρηγ.

580 5314 603 5344 ο
636 5306 751 5366 Ms.,
787 5306 912 5361 ἀλλὰ
938 5308 1020 5357 καὶ
1042 5306 1248 5369 μᾶλλον.

574 5372 600 5410 ἀ
637 5375 846 5451 ln_Ed.,
886 5376 1054 5429 λοιπὸν
1094 5382 1184 5430 τοῦ
1224 5378 1386 5451 γάμου
1418 5377 1643 5451 θυγάτηρ
1671 5418 1685 5440 ,
1729 5374 1940 5430 omissis
1970 5374 2091 5430 aliis

509 5461 629 5514 qua:
653 5445 717 5499 ad
740 5459 954 5501 sensum
990 5445 1297 5500 necessaria
1322 5445 1590 5503 videntur.

577 5525 601 5593 ς
636 5516 756 5593 ξίιξη
788 5525 851 5591 τῇ
883 5518 1042 5576 αὐτῆς
1068 5516 1307 5590 καλλίστη
1336 5519 1511 5593 βουλῇ.
1544 5519 1673 5579 Λύτή
1703 5516 1777 5573 δέ.

579 5583 597 5622 ί
631 5582 860 5659 ᾆξιληρον.

573 5666 599 5727 ε
632 5656 841 5727 lis-(ri:
867 5656 1061 5727 ἁγνείᾳ-

573 5724 598 5761 ²³
626 5718 785 5800 ἐκείνη
810 5718 1053 5800 παρθένδς
1081 5727 1235 5779 ἁνασ.

579 5799 595 5833 ³
627 5797 703 5851 ita
734 5797 855 5863 Μ»,
890 5797 1073 5865 probe.

2207 4677 2335 4715 cens
2370 4679 2381 4713 :
2418 4661 2512 4713 Exi
2551 4661 2616 4714 ab
2658 4677 2745 4725 eo,
2781 4660 2961 4723 miser,
2989 4660 3074 4712 exi
3101 4660 3163 4713 ab
3196 4676 3282 4725 eu,
3317 4662 3495 4714 miser.
3530 4662 3603 4714 Ad
3636 4664 3803 4731 cujus

2200 4767 2390 4807 vocem
2424 4770 2542 4807 mox
2576 4767 2668 4821 per
2693 4767 2753 4807 os
2778 4753 2949 4806 vexati
2978 4751 3221 4805 diabulus
3251 4753 3542 4821 respondit,
3562 4755 3758 4809 dicens
3786 4774 3801 4810 :

2209 4846 2273 4899 Et
2297 4845 2342 4899 si
2366 4846 2432 4898 de
2462 4847 2563 4897 isto
2585 4860 2741 4909 exeo,
2773 4847 2823 4899 in
2847 4860 3001 4913 quem
3020 4846 3264 4899 intrabo?
3286 4847 3421 4901 (Zasu
3444 4856 3617 4900 autem
3638 4848 3805 4916 juxta

2210 4951 2403 5004 porcus
2460 4939 2710 5006 parvulus
2767 4937 3096 5006 pascebatur.
3160 4937 3308 4993 Tune
3367 4939 3807 4997 sanctimonialis

2212 5026 2403 5080 femina
2439 5029 2708 5096 praecepit,
2737 5028 2959 5082 dicens:
3000 5027 3092 5081 Exi
3117 5027 3185 5081 ab
3211 5043 3293 5092 eo,
3327 5038 3374 5081 et
3408 5029 3459 5083 in
3490 5030 3630 5083 hunc
3660 5044 3799 5099 ναι-ν

2278 5166 2292 5215 l
2343 5166 2563 5233 Pratel.,
2599 5166 2783 5234 perﬁdi
2804 5164 3017 5218 inimici.

2276 5235 2302 5272 κ
2343 5235 2552 5290 Primus
2584 5238 2821 5298 C:trnot.,
2847 5234 3016 5288 Labor
3045 5235 3186 5288 utilis
3206 5244 3301 5291 est.

2276 5303 2295 5343 ι
2342 5305 2549 5361 Primus
2574 5305 2755 5369 Carn.,
2796 5306 2983 5376 pudica
3024 5306 3259 5376 qua’dam
3287 5304 3493 5376 nobilis.
3532 5304 3587 5359 In
3631 5304 3795 5363 Becc.

2200 5374 2414 5446 legitur,
2443 5376 2629 5430 nobilis
2663 5390 2757 5445 pro
2797 5374 3005 5429 nubilis.
3038 5375 3128 5429 Sic
3153 5378 3323 5446 etiam
3352 5375 3545 5431 lectum
3579 5376 3710 5429 olim
3738 5382 3797 5434 iu

2201 5445 2387 5502 Germ.
2412 5446 2609 5501 Pratel.
2634 5448 2790 5501 habet
2824 5464 2836 5499 :
2864 5462 2977 5517 qum
2987 5449 3101 5518 jam
3124 5445 3386 5500 dicebatur
3404 5446 3673 5514 nuptialis,
3702 5463 3800 5501 no-

2202 5517 2319 5571 bilis
2357 5517 2651 5589 cujusdam.

2275 5598 2315 5624 ιη
2356 5586 2481 5655 ιῩτ.
2514 5598 2567 5642 et
2589 5588 2790 5655 primus
2815 5586 2977 5648 Aud.,
3011 5586 3260 5655 quwsivit.

2270 5666 2296 5693 ιι
2326 5657 2569 5722 Val.Cl.,
2600 5658 2651 5711 in
2686 5672 2775 5711 sex
2799 5658 2997 5710 uncias.

2270 5735 2299 5764 ο
2339 5728 2461 5782 Mss.
2498 5744 2633 5793 pene
2660 5742 2865 5787 omnes,
2893 5743 3004 5796 cum
3023 5726 3222 5780 exenia.
3250 5724 3381 5781 Vide
3402 5741 3585 5796 supra,
3606 5740 3797 5786 uolatu

2200 5799 2255 5866 d,
2283 5800 2346 5854 ad
2379 5814 2429 5853 c.
2470 5796 2536 5854 12
2567 5799 2718 5869 hujus
2749 5797 2870 5853 libri
2903 5795 3091 5868 (Nobis
3120 5799 3217 5852 col.
3250 5797 3372 5865 25'),
3412 5795 3520 5855 not.
3553 5797 3639 5865 lt).
