3934 6324
526 308 630 362 9.75

1730 254 1970 360 SANCTI
2011 300 2337 359 GREGORII
2377 306 2587 363 MAGNI

3682 313 3799 370 276

527 442 645 485 των,
680 422 730 475 ἐκ
762 426 852 480 τῆς
886 421 1150 480 ἐκκλησίας
1190 416 1237 475 οἶ
1274 420 1487 497 κληρικοί
1529 417 1739 481 ἐξῆλθον.
1770 418 2019 493 Εύρόντες
2054 416 2107 472 δέ

2221 418 2393 483 bium,
2444 428 2621 473 utrum
2668 433 2949 476 vervecem
2987 422 3220 489 tolleret,
3273 438 3341 479 an
3382 423 3640 491 offerret,
3695 428 3803 483 sed

530 510 786 584 ῧγνωστον
831 513 1114 591 ἄνθρωπον,
1157 519 1242 571 τὸν
1272 516 1406 589 κριὸν
1434 522 1495 587 τῇ
1545 516 1688 583 χειρὶ
1725 514 2029 583 κατέχοντα,
2060 514 2109 565 ἐν

481 638 493 680 χ
530 605 801 680 ἀμφιϐολίᾳ
832 610 950 680 περὶ
976 609 1150 661 τούτου
1178 607 1435 678 γεγόνασι,
1475 604 1795 674 λογιζόμενοι⁹
1827 601 1925 677 ἄρα
1955 604 2107 674 ἐπῇρε

488 672 495 696 ι
532 694 617 748 τὸν
657 697 817 765 κριὸν,
859 694 888 753 ἦ
918 702 1090 749 τοῦτον
1128 696 1433 775 upon-piper;
1477 695 1543 751 ὠς
1577 690 1628 745 δὲ
1666 693 1849 763 τάχιον
1877 697 1964 749 τήν
1993 691 2112 748 ἁλὴ-

534 785 667 836 θειαν
698 786 939 854 ἐμήνυσεν
965 785 988 839 6
1017 791 1106 839 τοῦ
1137 788 1459 853 πταίσματος
1499 781 1708 851 ἔνοχος,
1749 780 1937 841 πάντες
1967 783 2111 834 ἐθαύ-

536 894 726 939 μασαν,
758 871 834 927 ὅτι
860 872 941 929 διά
968 881 1058 933 τῆς
1092 881 1183 929 τοῦ
1212 874 1473 946 ἀνθρώπου
1513 880 1600 927 τοῦ
1631 880 1755 927 Θεοῦ
1798 873 2105 943 ἁγιωσύνης,

535 960 560 1014 ὁ
615 964 845 1017 εἰσελθὼν
891 965 1104 1034 κλέψαι,
1155 967 1204 1017 ἐν
1250 974 1321 1036 τῷ
1378 964 1597 1037 δράματι
1645 968 1800 1019 αἰτοῦ
1854 964 2110 1035 δεδεμένος

532 1054 731 1107 ἵστατο.
765 1057 956 1115 Ο”τινες
991 1057 1216 1128 παρευθύ
1255 1057 1384 1130 ύπέρ
1409 1058 1558 1108 αύτοῦ
1600 1060 1668 1115 εἱς
1713 1059 1870 1125 εύχὴν
1901 1055 2113 1114 ἑαυτούς

2212 511 2383 580 culpae
2418 527 2545 567 reus
2599 512 2758 568 citius
2809 514 3059 569 indicavit
3096 530 3330 584 poenam.
3387 517 3562 571 Mirati
3600 532 3805 573 omnes

2212 601 2351 670 quia‘
2378 602 2650 672 ingressus
2680 604 2764 655 fur
2790 602 2887 658 viri
2922 603 3013 659 Dei
3045 606 3236 659 merito
3258 605 3323 659 ad
3364 606 3598 674 praedam
3644 621 3807 660 suam

2213 691 2614 759 stabatligatus.
2646 692 2745 759 Qui
2775 707 2834 747 se
2864 710 2959 761 pro
3012 710 3078 747 eu
3108 697 3346 764 protinus
3388 696 3441 749 in
3492 699 3809 751 orationem

2214 771 2510 845 dederunt,
2558 783 2775 851 suisque
2821 785 3067 852 precibus
3104 787 3195 839 vix
3236 786 3478 842 obtinere
3515 788 3812 843 valuerunt

2217 878 2276 923 ut
2304 873 2391 940 qui
2433 888 2520 927 res
2542 888 2725 928 eorum
2757 884 2978 928 venerat
2998 891 3187 943 rapere
3210 877 3397 931 saltem
3420 890 3630 932 vacuus
3655 877 3813 933 exire

2218 973 2535 1019 mereretur.
2579 965 2761 1034 Itaque
2799 967 2911 1027 iur.
2937 966 3029 1036 qui
3067 967 3156 1021 diu
3197 975 3421 1021 steterat
3455 984 3578 1023 cum
3624 971 3815 1038 prmda

2219 1055 2483 1122 captivus,
2523 1056 2842 1124 quandoque
2870 1058 3000 1111 exiit
3023 1072 3220 1110 vacuus
3244 1066 3297 1111 et
3322 1058 3477 1112 liber.

534 1144 869 1210 ὲπιδὲδωκαν,
916 1146 1136 1219 δεόμενοι
1177 1154 1264 1201 τοῦ
1310 1148 1617 1206 ἀπολυθῆναι
1673 1147 1843 1202 αὐτόν.
1894 1155 1992 1205 Τῆς
2038 1146 2115 1199 οὖν
2156 1143 2371 1204 δεήσεως
2409 1148 2575 1200 αὐτῶν
2619 1149 3012 1207 ἐπακουσθείσης
3055 1148 3294 1209 ὁπολλάς
3320 1150 3457 1221 ὥρας
3484 1150 3617 1221 μετά
3646 1154 3743 1203 τοῦ

535 1237 792 1309 δράματος
829 1238 987 1293 αὐτοῦ
1017 1243 1215 1299 σταθεὶς
1255 1241 1499 1303 κλέπτης,
1544 1242 1720 1314 ὥσπερ
1761 1240 2111 1309 αἰχμάλωτος.
2153 1234 2420 1294 ὁτιδήποτε
2451 1246 2474 1273 ⁸
2507 1240 2757 1313 σάϐονρος
2783 1243 2869 1301 μὲν
2896 1240 3107 1304 ἐξῆλθεν,
3141 1240 3394 1313 ἐλεύθερος
3422 1240 3473 1295 δὲ
3500 1240 3661 1310 ὅμωςο

603 1343 770 1387 ΠΕΤΡ.
798 1340 1024 1407 Φωερῶς
1052 1332 1326 1396 δείκνυται,
1352 1335 1401 1386 ἐν
1429 1336 1549 1407 ποίᾳ
1577 1334 1847 1403 γλυκύτητι
1874 1332 1898 1386 6
1929 1353 2114 1387 παντο-

535 1416 753 1491 ὃυναμος
786 1423 907 1484 Θεὸς
946 1424 1072 1495 πρὸς
1107 1424 1238 1495 ἡμᾶς
1283 1422 1542 1485 διάκειται,
1587 1422 1725 1482 ὅστις
1761 1425 1923 1494 κύκῗῳ
1974 1426 2112 1492 ἡμῶν

534 1519 747 1567 τοιαῦτα
772 1515 961 1589 τερπνὰ
992 1515 1224 1583 θαύματα
1253 1513 1443 1567 εὐδοκεῖ
1463 1515 1702 1585 γίκεσθαι.

1031 1605 1188 1675 331
1230 1613 1454 1659 ΚΕΦΛΛ.
1498 1604 1606 1657 Kl".

531 1695 647 1769 Περί
670 1700 760 1751 τοῦ
787 1695 1060 1766 ἡγουμένου
1089 1701 1177 1750 τοῦ
1208 1697 1254 1747 ἐν
1281 1703 1341 1768 τῇ
1364 1695 1503 1748 πόλει
1532 1696 1871 1765 Πραινεστὶνη,
1903 1697 1985 1747 καὶ
2017 1702 2105 1748 τοῦ

1040 1767 1195 1819 αὐτοῦ
1220 1766 1595 1839 πρεσϐυτέρου.

597 1865 929 1909 ΓΡΗΓΟΡΙΟΣ.
960 1864 1060 1915 Τῆς
1090 1860 1447 1931 Πραινεστὶνης
1476 1857 1668 1915 πόλεως
1708 1853 1823 1929 ὅρος
1873 1856 2107 1923 ὑπέρκει-

531 1965 636 2011 ται,
667 1946 716 1999 ἐν
801 1952 892 2000 τοῦ
922 1949 1174 2017 μακι-ρὶου
1204 1949 1386 2019 Πέτρου
1410 1953 1498 2001 τοῦ
1530 1946 1835 2000 ’Λποστόλου
1864 1950 2110 2015 μοναστή-

2288 1326 2459 1381 Pun.
2504 1333 2737 1397 Apparet
2770 1340 2791 1367 ο
2825 1338 3035 1396 quanta:
3078 1331 3148 1383 sit
3177 1345 3336 1398 super
3366 1345 3465 1384 nos
3503 1330 3813 1385 dulcedinis

2218 1420 2554 1485 omnipotens
2596 1421 2756 1485 Deus,
2787 1422 2938 1488 cujus
2975 1436 3101 1490 erga
3132 1436 3229 1476 nos
3255 1420 3386 1474 ﬁunt
3428 1433 3534 1475 tam
3560 1421 3810 1490 jucunda

2220 1508 2497 1561 miracula.

2711 1599 2870 1669 332
2899 1595 3125 1653 CAPUT
3152 1599 3339 1655 χχιιι.

2274 1728 2347 1782 De
2389 1731 2562 1783 abbate
2604 1728 2911 1783 Pranestim‘
2945 1732 3152 1795 montis,
3194 1736 3401 1801 eiusque
3430 1735 3751 1805 presbytero.

2288 1843 2614 1919 Calcumns.
2648 1841 2674 1880 ἀ
2718 1844 3061 1898 Prmnestinzn
3091 1847 3205 1899 urbi
3248 1862 3401 1901 mons
3451 1853 3809 1916 praceminet,

2218 1937 2271 2007 it;
2291 1951 2394 2005 quo
2428 1946 2451 1972 ε
2486 1937 2624 1990 bcati
2680 1937 2818 1990 Petri
2867 1936 3109 2004 Apostoli
3174 1940 3552 1994 monasterium
3587 1940 3606 1978 ί
3636 1943 3808 1995 situm

530 2056 636 2104 ριον
664 2034 888 2111 ἵδρυται.
911 2034 1124 2108 Ἀνδρῶν
1143 2046 1269 2090 Θεοῦ
1293 2036 1479 2091 δούλων
1504 2039 1549 2091 ἐν
1573 2040 1711 2110 αὐτῷ
1732 2036 2108 2103 κατοικούντων,

2221 2034 2299 2077 est
2327 2025 2559 2077 virorum
2596 2025 2703 2079 Dei
2730 2042 2742 2077 :
2768 2039 2993 2094 quorum
3030 2028 3289 2081 relatione
3325 2028 3565 2085 adliucin
3590 2047 3815 2087 monas-

528 2126 577 2178 ἓν
605 2124 659 2178 δέ
686 2122 757 2195 τῷ
778 2130 1099 2200 μοναστηρίῳ
1122 2149 1217 2181 ιιου
1246 2128 1577 2203 ὑπάρχοντός
1608 2150 1727 2197 μου,
1756 2129 1943 2185 συνέϐη
1971 2130 2113 2201 παρὰ

523 2224 773 2288 μοναχῶν
800 2227 890 2277 τῆς
928 2218 1301 2290 προλεχοείσης
1346 2230 1497 2291 μονῆς
1527 2221 1743 2274 ἀκοῦσαι
1779 2228 1949 2284 τοῦτο,
1988 2218 2113 2297 ὅπερ

531 2302 822 2379 διηγοῦμαι,
863 2310 1102 2379 μέγιστον
1131 2312 1331 2378 θαῦμα,
1367 2307 1492 2381 ὅπερ
1530 2311 1572 2363 οἱ
1602 2312 1742 2365 αὐτοὶ
1772 2313 1995 2379 μοναχοὶ
2032 2332 2113 2381 γι·

529 2402 735 2452 νὼσκειν
775 2398 1179 2471 διίσχυρίζοντο.
1216 2397 1414 2471 ’Ἔλεγον
1439 2403 1538 2474 γὰρ
1583 2398 1660 2453 ὅτι
1700 2402 1939 2473 ὑπῆρχεν
1970 2399 1994 2452 6
2023 2409 2114 2459 τῆς

528 2496 682 2557 μονῆς
704 2488 869 2541 αὐτῶν
896 2492 1179 2561 προεστὼς,
1209 2491 1327 2566 ἀνὴρ
1353 2491 1481 2543 πάνυ
1507 2499 1568 2563 τῇ
1594 2494 1693 2561 ζωῇ
1716 2490 2113 2553 εύλαϐἑστατος,

528 2578 669 2639 ὅστις
692 2579 918 2649 μοναχόν
938 2603 1049 2635 τινα
1072 2581 1379 2655 ἀναθρέύας.
1407 2582 1547 2639 ἤθεσι
1570 2589 1830 2653 χρηστοῖς
1852 2583 1933 2633 καὶ
1961 2581 2113 2651 πολλῇ

530 2672 761 2746 εὐλαϐείᾳ
792 2679 965 2726 τοῦτον
1003 2675 1282 2749 ipsarem.
1313 2671 1431 2727 Ὅτε
1464 2671 1515 2727 δὲ
1546 2673 1691 2726 αὖτὸν
1728 2674 1779 2725 ἐν
1808 2679 1879 2743 τῷ
1908 2678 1998 2727 τοῦ
2027 2693 2115 2723 κυ-

527 2763 638 2837 ρίου
668 2760 803 2832 φόϐῳ
824 2761 1237 2835 ύτεραυξοὶνοντα
1266 2764 1524 2827 ἐθεάσατο,
1569 2769 1746 2816 τοῦτον
1784 2762 1830 2813 ἐν
1856 2770 1927 2833 τῷ
1953 2762 2112 2815 αὐτοῦ

526 2855 850 2928 μοναστηρίῳ
876 2852 1227 2927 πρεσϐύτερον
1258 2855 1671 2925 χειροτονηθῆναι
1691 2855 1953 2909 πεποίηκε.
1986 2852 2113 2906 Τού-

526 2964 614 2996 του
657 2941 711 2997 δέ
755 2945 1217 3016 χειροτονηθέντος,
1259 2942 1325 2999 δι’
1368 2942 1736 3013 ἀποκαλύψεως
1779 2943 1918 3012 αύτῷ
1962 2942 2114 3012 ἐγνω-

525 3036 688 3108 ρίσθη,
721 3038 788 3093 ὡς
823 3036 881 3087 οὐ
921 3038 1118 3111 μακράν
1148 3037 1178 3093 ἡ
1218 3036 1269 3087 ἐκ
1296 3040 1388 3089 τοῦ
1428 3036 1542 3106 βίου
1575 3036 1760 3089 τούτου
1802 3034 2111 3106 μετάστασις

525 3129 666 3194 αὐτῷ
696 3125 965 3195 τυγχάνει.
999 3124 1095 3177 Τὸν
1123 3120 1207 3178 οὖν
1245 3125 1586 3194 προλεχθέντα
1621 3132 1712 3183 τῆς
1738 3132 1891 3194 μονῆς
1921 3124 2113 3197 πατέρα

526 3216 775 3285 ᾐτήσατο,
825 3211 961 3274 ὅπως
1000 3220 1371 3290 παραχωρήσῃ
1401 3217 1570 3286 αὐτῷ,
1612 3216 1691 3269 ἵνα
1736 3223 1904 3286 μνῆμα
1948 3215 2113 3287 ἑαυτῷ

526 3304 792 3377 ἕτοιμάση.
830 3308 955 3379 Πρὸς
997 3302 1048 3359 ὃν
1096 3307 1274 3367 ἐκεῖνος
1323 3308 1580 3380 ἀπεκρίθη·
1624 3306 1723 3376 Πρὸ
1769 3312 1886 3367 σοῦ,
1920 3306 2110 3369 τέκνον,

2220 2117 2353 2170 terio
2384 2124 2409 2162 κ
2452 2117 2656 2183 positus
2702 2117 2919 2171 audisse
2974 2134 3060 2172 me
3114 2121 3340 2189 contigit
3393 2137 3645 2194 magnum
3708 2126 3816 2177 hoc

2216 2207 2357 2274 quod
2386 2222 2545 2261 narro
2599 2209 2949 2275 miraculum,
2981 2210 3125 2279 quod
3180 2212 3421 2280 ejusdem
3482 2216 3817 2271 monasterii

2219 2297 2470 2351 monachi
2498 2314 2657 2353 nosse
2684 2313 2742 2354 se
2770 2301 3121 2355 testabantur.
3153 2301 3207 2355 In
3233 2317 3298 2357 eo
3321 2318 3552 2374 namque
3582 2322 3815 2362 monas-

2214 2388 2355 2442 terio
2387 2387 2486 2442 iuit
2516 2388 2679 2443 Pater
2708 2391 2829 2444 vitae
2863 2392 3213 2459 venerabilis,
3243 2395 3331 2462 qui
3372 2401 3658 2463 quemdam
3691 2414 3817 2454 mo-

2218 2475 2451 2530 nachum
2480 2478 2761 2545 nutriens,
2810 2468 2975 2555 usque
3012 2481 3080 2534 ad
3135 2484 3458 2539 reverendos
3500 2484 3527 2520 ¹ι
3558 2488 3815 2555 provexit

2219 2582 2414 2621 mores.
2448 2567 2686 2638 Cumque
2710 2585 2830 2623 eum
2854 2571 2909 2623 in
2937 2554 3127 2625 timore
3154 2572 3360 2627 Domini
3386 2554 3589 2629 videret
3608 2592 3817 2631 excre-

2216 2659 2381 2729 visse,
2400 2659 2451 2713 in
2478 2661 2666 2716 eodem
2695 2661 2795 2717 sibi
2823 2664 3150 2719 monasterio
3180 2673 3305 2720 tunc
3327 2667 3700 2738 presbyterum
3733 2669 3815 2723 fe-

2218 2751 2292 2805 cit
2328 2752 2586 2807 ordinari.
2616 2751 2714 2806 Cui
2750 2762 2869 2821 post
2909 2755 3302 2811 ordinationem
3329 2773 3501 2821 suam.
3539 2760 3667 2826 quia
3698 2774 3813 2813 non

2218 2841 2376 2910 longe
2395 2840 2609 2895 abesset
2635 2840 2752 2911 ejus
2776 2845 2974 2908 exitus,
3008 2846 3333 2901 revelatione
3376 2848 3670 2913 indicatum
3696 2860 3809 2905 est.

2218 2935 2261 2987 A
2299 2936 2554 3004 praedicto
2596 2947 2772 2991 amem
2805 2938 3319 2995 Patre‘monasterii
3352 2944 3504 3010 petiit
3532 2954 3808 3013 quatenus

2214 3026 2262 3080 ei
2292 3026 2635 3091 concederet,
2654 3037 2709 3081 ut
2725 3028 2824 3082 sibi
2856 3030 3161 3097 sepulcrum
3189 3041 3419 3098 pararet.
3444 3030 3538 3086 Cui
3569 3034 3809 3089 illeres-

2218 3116 2408 3183 pendit
2440 3134 2451 3168 ε
2483 3117 2621 3171 Ante
2645 3127 2695 3171 te
2723 3117 2935 3185 quidem
2961 3134 3059 3187 ego
3091 3119 3378 3174 moriturus
3408 3136 3547 3187 sum,
3581 3123 3679 3177 sed
3716 3134 3807 3176 ta-

2221 3224 2340 3262 men
2366 3209 2525 3272 Vade,
2558 3220 2645 3275 et,
2669 3213 2805 3263 sicut
2857 3211 2970 3272 vis,
3002 3225 3235 3278 praepara
3275 3212 3580 3281 sepulcrum
3625 3223 3809 3269 tuum.

2220 3298 2460 3354 Recessit
2483 3300 2658 3371 igitur,
2688 3314 2740 3357 et
2771 3304 3105 3370 preparavit.
3139 3304 3269 3357 Cum
3310 3320 3415 3357 non
3443 3315 3565 3375 post
3604 3308 3816 3360 multos

524 3392 621 3464 ἐγώ
659 3394 988 3458 ἀποθνήσκω,
1041 3392 1177 3463 ὅμως
1226 3392 1437 3460 ἄπελθε,
1486 3397 1602 3459 καὶ,
1642 3396 1802 3456 καθώς
1841 3393 2008 3465 βούλει
2052 3395 2108 3450 τὸ

2221 3392 2335 3446 dies
2364 3406 2525 3447 senex
2561 3403 2713 3461 pater
2741 3393 2893 3448 febre
2916 3404 3217 3462 praeventus
3242 3394 3308 3449 ad
3326 3406 3563 3451 extrema
3593 3410 3808 3465 perve-

527 3487 693 3557 μνῆμά
718 3507 814 3539 σου
856 3487 1147 3557 ἐτοίμασον.
1182 3485 1387 3544 Ἀπῆλθε
1424 3490 1605 3549 τοίνυν,
1638 3489 1722 3541 καὶ
1754 3495 1904 3541 τοῦτο
1932 3488 2108 3561 ηὐτρέ-

527 3599 686 3633 πισεν.
720 3581 789 3632 Ού
823 3581 951 3647 μετά
986 3578 1172 3638 πολλάς
1201 3578 1253 3635 δέ
1284 3582 1476 3652 ἡμέρας
1515 3579 1539 3633 ὁ
1578 3586 1749 3651 πατὴρ
1784 3588 1990 3653 πυρετῷ
2020 3601 2111 3633 κα-

525 3670 819 3738 τασχεθεὶς,
852 3670 899 3720 ἐν
928 3676 988 3741 τῇ
1019 3670 1223 3742 ἐσχάτῃ
1251 3672 1472 3744 ἀναπνοῇ
1499 3667 1630 3741 ἦλθε.
1657 3670 2034 3743 Παρισταμένου
2055 3667 2107 3724 δέ

525 3767 614 3813 τοῦ
642 3758 1018 3833 πρεσϐυτέρου,
1049 3761 1299 3814 ἐκέλευσεν
1331 3762 1489 3829 αὐτῷ,
1508 3760 1683 3831 λέγων’
1701 3758 1777 3814 Ἐν
1798 3767 1869 3829 τῷ
1891 3768 1964 3829 σῷ
1987 3765 2111 3829 μνή-

527 3850 649 3917 ματί
672 3869 733 3918 με
760 3848 939 3919 θάψον.
964 3849 1268 3919 ’Λποκριθῖὶς
1294 3849 1346 3903 δὲ
1371 3849 1394 3903 6
1427 3850 1795 3923 πρετϐύτερος,
1834 3845 1989 3901 εἶπεν
2024 3845 2109 3901 Οἷ-

529 3936 641 3998 δας,
671 3940 857 4014 πάτερ,
890 3937 968 3993 ὅτι
994 3942 1131 4009 κάγώ
1165 3941 1213 3993 ἐν
1234 3942 1448 4000 ταύταις
1469 3950 1585 3999 ταῖς
1627 3941 1835 4015 ἡμέραις
1863 3941 2111 3995 άκολουθῶ

530 4050 636 4088 σοι,
666 4032 750 4083 καὶ
778 4031 894 4089 τούς
919 4032 1226 4104 ἀμφοτέρους
1260 4039 1500 4105 χωρῆσαι
1526 4034 1584 4086 τὸ
1606 4041 1775 4102 μνῆμα
1795 4035 1851 4086 ού
1876 4031 2108 4087 δύναται.

531 4122 589 4172 ³0
624 4117 675 4173 δὲ
715 4122 982 4191 ἡγούμενος
1028 4122 1153 4194 πρὸς
1193 4122 1343 4174 αὐτὸν
1379 4119 1486 4192 ἔφη*
1522 4122 1666 4176 Οὕτω
1701 4124 1907 4180 ποίησον
1948 4125 2109 4182 καθὼς

526 4204 665 4264 τῖπὸν
695 4232 797 4268 σοι.
836 4210 912 4266 ὅτι
941 4212 997 4267 τὸ
1031 4214 1201 4283 μνῆμά
1232 4234 1326 4266 σου
1361 4215 1479 4273 τοὺς
1512 4211 1536 4245 ᾗ
1567 4211 1657 4266 δύο
1684 4215 1817 4281 ἡμᾶς
1847 4213 1967 4285 ἔχει
1997 4238 2109 4287 χω-

524 4310 701 4378 ρῆσαι.
734 4304 998 4358 ’Δπέοονεν
1037 4300 1143 4372 οὖν,
1168 4308 1249 4358 καὶ
1283 4307 1353 4367 εἰς
1393 4306 1449 4359 τὸ
1478 4313 1668 4377 μνῆμα,
1714 4303 1841 4379 ὅπερ
1878 4308 2044 4379 ἐαυτῷ
2082 4308 2107 4361 6

524 4395 878 4471 πρεσϐύτερος
919 4393 977 4454 ἧν
1022 4396 1336 4469 ἔτοιμάσας,³
1361 4398 1536 4469 ἐτάφη.
1568 4398 1765 4457 Εὐθέως
1807 4396 1860 4451 δὲ
1902 4403 1985 4452 καὶ
2021 4401 2106 4455 τὸν

523 4487 876 4560 πρεσϐύτερον
902 4489 931 4545 vi
958 4495 1044 4542 τοῦ
1068 4490 1302 4557 σώματος
1327 4490 1585 4559 κατέσχεν
1612 4492 1858 4553 ἀσθένεια,
1890 4493 1938 4543 ἐν
2026 4496 2107 4546 καὶ

523 4579 615 4632 τὴν
650 4580 778 4638 ζωὴν
810 4578 1073 4650 συντόμως
1116 4578 1393 4652 ἐπλήρωσε.
1428 4582 1496 4633 T6
1540 4579 1591 4634 δέ
1628 4588 1781 4647 σῶμα
1821 4584 1974 4637 αὐτοῦ
2008 4586 2107 4637 ύπὸ

522 4671 620 4718 τῶν
645 4663 864 4737 ἀδελφῶν
884 4668 1208 4739 βασταχθέν,
1255 4672 1324 4728 ε“ς
1362 4670 1419 4721 τὸ
1449 4677 1637 4739 μνῆμα.
1686 4668 1813 4743 ὅπερ
1860 4672 2025 4743 ἑαυτῷ
2052 4671 2107 4731 ἧν

523 4755 819 4826 ἑτοιμάσας,
871 4760 1153 4828 ἀπηνέχθη.
1190 4758 1552 4829 ’Λνεῳχθέντος
1594 4756 1678 4813 οὖν
1708 4768 1801 4815 τοῦ
1841 4766 2102 4833 μνημείου,
2134 4794 2185 4851 D

523 4844 795 4902 ἐθεάσαντο
837 4848 1056 4903 ἅπαντες
1084 4851 1127 4902 οἱ
1158 4857 1509 4923 παρεστῶτες,
1547 4848 1628 4905 ὅτι
1659 4853 1744 4905 οὐκ
1772 4849 1830 4910 ἧν
1870 4854 2026 4912 τόπος
2057 4853 2104 4906 ἐν

524 4938 658 5009 αὐτῷ
691 4940 894 5010 ὀφείλων
923 4943 1008 4993 καὶ
1034 4942 1183 4993 αὐτὸν
1214 4948 1474 5012 χωρῆσαι.
1505 4942 1571 4994 T6
1594 4942 1690 5014 γάρ
1713 4948 1863 5011 σῶμα
1888 4950 1978 4996 τοῦ
2009 4965 2106 4997 πα-

525 5028 639 5101 τρὸς
668 5038 759 5089 τῆς
789 5039 945 5098 μονῆς
974 5031 1110 5085 τεθὲν
1156 5031 1203 5081 ἐν
1238 5030 1398 5100 αὐτῷ,
1439 5027 1550 5082 ὅλον
1591 5032 1647 5084 τὸ
1680 5037 1851 5100 μνῆμα
1888 5031 2103 5107 ἐκράτει.

592 5174 616 5202 α
658 5166 779 5225 ΜΒ..
816 5167 974 5225 κενός.

594 5233 620 5273 δ
662 5235 790 5305 EtL,
824 5234 913 5290 δύο
938 5239 1097 5305 ἡμῶν.

597 5315 618 5342 ε
671 5304 783 5357 Duo
820 5301 1051 5369 'l‘liend.,
1097 5305 1426 5370 Compend.,
1468 5304 1713 5373 Lungip.,
1756 5301 1934 5357 Germ.
1993 5306 2104 5357 Duo

525 5375 663 5427 Aud.
694 5383 750 5427 et
785 5373 931 5445 Lyn,
967 5386 1172 5441 quanta:
1200 5386 1317 5428 sunt
1354 5393 1503 5445 super
1544 5392 1634 5427 nos
1675 5374 1963 5428 dulcedines
1992 5391 2103 5427 om-

528 5445 798 5511 m'potcntis
825 5444 937 5499 Dei.

595 5511 624 5552 ἀ
657 5513 946 5580 Praeneste,
969 5532 1107 5571 nunc
1134 5515 1444 5582 Pulestrina,
1468 5517 1593 5569 urbs
1614 5514 1932 5583 episcopalis
1949 5514 2101 5583 Latii,

522 5584 591 5636 ab
623 5584 751 5638 urbe
805 5585 973 5640 Roma
1028 5603 1113 5641 χιιι
1147 5586 1438 5639 minaribns
1486 5589 1714 5639 distans.
1751 5585 1878 5652 Ejus
1908 5586 2100 5653 prioris

523 5654 657 5710 situs
672 5658 725 5707 in
741 5658 938 5710 montis
956 5656 1085 5727 jugu
1112 5655 1353 5708 meminit
1376 5655 1558 5725 Virgil.
1574 5670 1792 5723 ,canens
1822 5655 2095 5711 xEneidJ:

677 5733 871 5795 Ouiquc
899 5737 1048 5786 altum
1077 5737 1318 5785 Preneste
1338 5738 1482 5785 viri...

2212 3482 2312 3549 nit,
2364 3490 2523 3550 atque
2575 3483 2847 3538 assistenti
2895 3484 3419 3554 presbyterojussit,
3482 3485 3717 3541 dicens:
3759 3489 3813 3541 In

2212 3580 2303 3627 tuo
2343 3578 2594 3644 sepulcro
2649 3590 2784 3643 pone
2831 3591 2936 3630 me.
2984 3575 3226 3645 Cumque
3268 3577 3356 3632 ille
3394 3577 3641 3632 diceret:
3684 3577 3815 3633 Scis

2211 3667 2331 3732 quia
2371 3681 2469 3735 ego
2518 3665 2677 3720 modo
2707 3675 2758 3720 te
2796 3674 3078 3720 secuturus
3118 3682 3234 3721 sum
3258 3708 3272 3732 ,
3311 3677 3563 3734 utrosque
3603 3682 3815 3735 capere

2211 3773 2315 3811 non
2346 3767 2542 3827 poteSt,
2575 3757 2740 3812 abbas
2769 3758 3012 3823 protinus
3047 3759 3346 3826 respondit,
3380 3759 3595 3813 dicens:
3624 3759 3701 3813 lta
3726 3760 3813 3814 fac

2210 3857 2269 3902 ut
2295 3848 2433 3910 dixi.
2464 3849 2582 3917 quia
2616 3849 2921 3917 sepulcrum
2953 3857 3098 3902 tuum
3139 3852 3325 3903 ambos
3367 3864 3464 3903 nos
3511 3849 3673 3917 capit.
3706 3851 3812 3905 Dc-

2211 3940 2422 3994 l‘nnctus
2445 3941 2622 4008 itaque
2648 3949 2753 4004 est,
2782 3948 2940 4007 atque
2979 3941 3031 3995 in
3058 3941 3305 4009 sepulcro
3335 3940 3520 3995 endem
3554 3942 3696 4009 quod
3732 3943 3811 3995 si—

2213 4031 2263 4085 bi
2296 4035 2580 4100 presbyter
2610 4038 2892 4099 paraverat
2917 4029 3141 4097 positus.
3177 4030 3295 4083 Mox
3327 4044 3541 4098 quoque
3563 4038 3617 4082 et
3650 4044 3810 4097 prcs-

2213 4122 2455 4192 bytcrnm
2486 4122 2725 4187 corporis
2762 4120 2986 4187 languor
3027 4130 3241 4173 secutus
3266 4130 3378 4181 est.
3409 4134 3514 4187 quo
3544 4120 3810 4188 languore

2211 4219 2485 4265 crescente
2514 4210 2669 4265 citius
2711 4210 2992 4281 presbyter
3038 4214 3194 4263 vitam
3229 4209 3412 4262 linivit.
3448 4208 3693 4277 Cumque
3738 4211 3809 4263 ad

2209 4304 2508 4371 sepulcrum
2540 4301 2676 4371 quod
2699 4302 2800 4355 sibi
2831 4300 2931 4370 ipsi
2961 4311 3245 4371 paraverat
3273 4316 3466 4369 corpus
3491 4300 3635 4353 illius
3668 4299 3806 4355 fuis-

2210 4404 2345 4448 seta
2392 4393 2645 4447 fratribus
2683 4393 3014 4459 deportatum
3042 4436 3057 4461 ,
3091 4401 3277 4460 aperto
3318 4392 3507 4446 eodem
3535 4392 3801 4458 sepulcro

2211 4484 2459 4541 viderunt
2487 4498 2674 4539 omnes
2702 4483 2795 4550 qui
2823 4481 3049 4536 aderant
3078 4483 3253 4537 locum
3292 4497 3397 4535 non
3431 4496 3549 4536 esse
3580 4482 3671 4533 ubi
3705 4498 3806 4549 pn-

2212 4580 2261 4630 ni
2292 4580 2572 4646 potuisset,
2604 4575 2721 4642 quia
2755 4589 2949 4643 corpus
2989 4574 3156 4641 patris
3174 4573 3501 4636 monasterii,
3526 4573 3670 4642 quod
3691 4574 3805 4628 illic

2209 4678 2331 4722 ante
2363 4670 2590 4736 positum
2635 4666 2827 4731 fuerat,
2860 4679 3018 4717 omne
3048 4664 3177 4717 illud
3213 4663 3519 4730 sepulcrum
3554 4663 3801 4718 tenebat.

2210 4760 2450 4828 Cumque
2492 4758 2686 4811 fratres
2740 4758 2826 4824 qui
2869 4756 3174 4825 presbyteri
3226 4769 3422 4823 corpus
3463 4754 3799 4819 detulerant,

2215 4851 2403 4903 {actam
2454 4849 2553 4902 sibi
2594 4846 2888 4916 sepeliendi
2917 4846 3285 4900 difficultatem
3336 4846 3626 4911 viderent,
3659 4861 3803 4900 unus

2214 4958 2396 4994 eorum
2426 4940 2775 5005 exi-laniavit,
2807 4939 2994 4994 dicens
3028 4952 3045 4995 .'
3076 4940 3120 4994 Ο
3148 4942 3310 4992 Pater
3334 4978 3350 5004 ,
3402 4938 3489 4993 ubi
3530 4949 3614 4992 est
3653 4939 3799 5007 quod

2213 5032 2433 5096 dixisti,
2483 5030 2603 5099 quia
2643 5030 2949 5099 sepulcrum
2994 5031 3132 5085 istud
3170 5030 3357 5083 ambos
3395 5043 3492 5082 nos
3530 5039 3755 5098 caperet
3778 5031 3818 5083 ‘l.

2209 5165 2359 5219 Nunc
2383 5167 2444 5217 ad
2481 5166 2687 5219 radices
2720 5166 2914 5219 montis
2936 5167 3095 5232 jacet.

2284 5248 2304 5271 ν
2330 5236 2604 5302 “arcens”
2634 5238 2687 5289 in
2720 5237 2960 5289 honorent
2981 5238 3143 5289 sancti
3176 5236 3335 5289 Petri.

2284 5305 2303 5343 ί
2342 5308 2561 5371 Ιιιιιιιιιι).
2623 5316 2675 5359 ct
2726 5306 2843 5360 Val.
2895 5307 2999 5367 CL,
3052 5309 3205 5358 situm
3252 5316 3341 5358 cst.
3403 5306 3644 5359 Virorum
3702 5308 3799 5361 Dei

2209 5394 2407 5445 quoque
2434 5379 2695 5437 relatione,
2719 5388 2823 5430 etc.
2853 5376 2929 5429 Ita
2960 5380 3117 5429 etiam
3147 5376 3251 5428 dun
3284 5376 3489 5429 Gemet.

2287 5457 2311 5493 ε
2340 5447 2555 5500 Plurimi
2574 5447 2699 5499 Mss.
2720 5447 3170 5514 liabqntpoiitum,
3195 5462 3300 5500 non
3331 5457 3505 5499 tamen
3532 5449 3795 5514 potiores;

2214 5519 2338 5572 hinc
2363 5517 2492 5569 nihil
2513 5506 2880 5584 corrigendum
2903 5506 2995 5569 hic
3018 5506 3291 5574 duximus,
3319 5506 3570 5583 quidquid
3600 5524 3651 5570 in
3671 5506 3793 5573 con;

2208 5590 2428 5646 trarium
2458 5586 3115 5657 suaderentgrammaticm
3148 5587 3798 5657 leges,quasp?erutnquo

2208 5659 2412 5729 sperpit
2437 5656 2597 5729 Greg.

2271 5730 2299 5765 ιι
2330 5726 2559 5791 Theod.,
2586 5728 2813 5796 provexit
2851 5741 3033 5779 annos.
