4000 6390
190 301 299 357 277

1441 300 1883 357 utALocomm
1930 302 2129 356 LIBER
2173 284 2261 357 llt.

3376 307 3483 362 9.78

191 412 268 467 Ad
300 409 458 480 cuius
499 423 689 464 vocem
726 407 941 471 subito,
968 406 1178 462 cunctis
1228 407 1532 463 videntibus
1576 411 1787 465 abbatis

1917 413 1949 465 )ί
1979 410 2031 465 δὲ
2068 414 2124 466 τὸ
2152 420 2300 477 σῶμα
2336 418 2424 465 τοῦ
2457 414 2813 489 πρεσϐυτέρου
2846 418 3118 489 ἀγαγόντες
3149 418 3363 486 ἀδελφοί,
3395 423 3486 475 τήν

190 516 387 570 corpus
412 543 427 565 ,
458 500 602 567 quod
634 500 743 552 illic
772 509 897 551 ante
927 498 1158 566 positum
1211 498 1418 561 fuerat,
1454 510 1508 552 et
1535 502 1782 569 supinum

192 594 400 661 iacebat
422 634 434 655 ,
470 606 594 645 sese
620 591 778 643 vertit
810 589 862 641 in
898 589 1065 642 latere
1091 630 1104 651 ,
1139 598 1192 640 et
1233 598 1511 641 vacantem
1554 590 1783 655 sepulcri

194 684 369 739 locum
422 684 489 737 ad
523 681 889 751 sepeliendum
932 680 1230 750 presbyteri
1282 696 1475 747 corpus
1526 682 1783 749 pra-bnit;

195 786 247 829 et
274 775 396 842 quia
432 786 691 840 utrosque
724 773 813 827 ille
849 772 998 825 locus
1035 781 1281 838 caperet,
1315 773 1454 826 sicut
1478 774 1627 825 vivus
1658 788 1783 841 pro-

198 868 454 927 miserat,
504 873 748 919 mortuus
804 863 1066 931 implevit.
1111 862 1218 917 Sed
1283 864 1407 930 quia
1483 863 1584 916 hoc
1643 864 1785 932 quod

200 955 420 1023 praedixi
443 954 583 1022 apud
603 953 982 1008 l’rzenestinam
1004 953 1189 1006 urbem
1214 954 1264 1005 in
1296 954 1433 1006 beati
1467 952 1605 1007 Petri
1630 968 1789 1021 apos-

198 1047 288 1099 toli
322 1044 656 1099 monasterio
691 1053 898 1115 gestum
933 1057 1014 1097 est
1039 1085 1056 1109 ,
1095 1044 1249 1098 visne
1276 1044 1476 1113 aliquid
1525 1044 1684 1098 etiam
1736 1044 1787 1096 in

195 1136 297 1191 hac
320 1137 456 1192 urbe
472 1137 543 1192 de
580 1136 698 1205 ejus
728 1136 973 1191 ecclesia:
1016 1135 1368 1204 custodibus,
1402 1135 1490 1190 ubi
1533 1134 1788 1189 sacratis-

196 1229 392 1285 simum
420 1243 621 1301 corpus
643 1228 791 1284 illius
816 1237 901 1284 est
926 1230 1183 1297 positum,
1215 1227 1435 1282 audire?

1892 512 2154 575 γεγονυῐαν
2190 506 2360 563 αὑτοῖς
2393 502 2662 558 δυσκολίαν
2689 508 2815 581 πρὸς
2844 511 2898 563 τὸ
2932 510 3093 577 θάψαι
3121 513 3271 565 αὑτὸν
3300 513 3486 564 θεασά-

1893 613 2052 661 μενοι,
2077 590 2145 652 εἷς
2170 593 2217 655 ἐξ
2239 594 2399 646 αὐτῶν
2420 596 2683 670 ἀνέκραγε,
2708 598 2883 668 λέγων·
2907 596 2986 662 Δί,
3009 599 3197 675 πάτερ,
3226 607 3324 653 ποῦ
3348 603 3486 654 ἐστιν

1893 680 1920 736 ὃ
1947 678 2116 746 εἶπας,
2145 681 2223 737 ὅτι
2253 684 2310 737 τὸ
2336 692 2506 754 μνῆμα
2528 692 2678 739 τοῦτο
2699 691 2820 747 τοὺς
2845 687 2934 742 δύο
2963 688 3079 759 ἔχει
3108 699 3379 764 χωρῆσαι;
3403 688 3485 742 Ἐν

1892 771 1946 827 δέ
1974 781 2037 846 τῇ
2065 776 2246 827 τίιύτου
2275 783 2431 848 φωνῇ,
2454 778 2658 830 πάντων
2684 778 3028 852 θεωρούντων,
3054 780 3228 853 αἴφνης
3249 782 3307 836 τὸ
3336 789 3485 847 σῶμα

1890 872 1980 922 τοῦ
2010 866 2323 937 ἡγουμένου,
2368 863 2497 940 ὅπερ
2538 868 2693 922 ἐκεῖσε
2739 869 2922 924 ὕπτιον
2967 870 3140 932 ἔκειτο,
3192 872 3273 939 ἀφ’
3303 872 3485 924 ἑαυτοῦ

1889 958 2114 1031 ῧστράφη
2166 959 2232 1017 είς
2266 955 2291 992 d
2324 958 2548 1030 πλάγην,
2582 964 2663 1013 καί
2707 961 2864 1015 τόπον
2896 964 2945 1015 ἐν
2982 959 3054 1035 τῷ
3082 966 3299 1035 μνήματι
3352 983 3485 1031 πσρ-

1891 1048 2067 1117 ίσχεν,
2102 1050 2151 1099 ἓν
2268 1048 2447 1116 ὀφείλει
2491 1056 2583 1104 τοῦ
2618 1052 2969 1127 πρεσϐυτέρου
3003 1054 3060 1105 τὸ
3091 1060 3241 1121 σῶμα
3275 1062 3297 1087 θ
3331 1054 3485 1107 τεθεῑ·

1890 1157 1992 1191 ναι.
2018 1139 2108 1190 Καί
2130 1134 2254 1210 ὅπερ
2285 1140 2381 1199 ζῶν
2406 1138 2693 1208 ὑπέσχετο,
2728 1143 2903 1212 νεκρὸς
2928 1144 3208 1216 ἐπλήρωσε’
3236 1146 3357 1202 τούς
3386 1146 3486 1220 γάρ

1892 1227 2207 1298 ἀμφοτέρους
2246 1218 2271 1278 ὀ
2306 1227 2462 1286 τόπος
2504 1229 2684 1289 ἐκεῖνος
2709 1229 3004 1307 ἐχώρησεν.
3032 1242 3192 1289 Τοῦτο
3222 1230 3331 1298 οὖν,
3364 1233 3487 1311 ὅπερ

1898 1311 2053 1378 εἷπον,
2084 1317 2250 1383 θαῦμα
2283 1318 2329 1368 ἐν
2369 1325 2430 1389 τῇ
2458 1324 2780 1394 Πραινεστίνῃ
2810 1323 2951 1377 πόλει
2979 1322 3029 1377 ἓν
3056 1331 3127 1393 τῷ
3163 1326 3485 1399 μοναστηρίῳ

1900 1408 1989 1457 τοῦ
2020 1407 2417 1479 μακαριωτάτου
2448 1409 2631 1480 Πέτρου
2659 1418 2747 1463 τοῦ
2775 1414 3082 1468 Ἀποστόλου
3103 1416 3287 1486 γέγονε.
3319 1415 3486 1473 Θέλεις

201 1498 249 1554 δὲ
268 1499 449 1574 ἕτερὸν
482 1520 536 1554 τι
565 1500 798 1565 ἀκοῦσαι,
820 1496 946 1571 ὅπερ
976 1502 1064 1553 καὶ
1103 1499 1150 1551 ἐν
1170 1498 1333 1569 ταύτῃ
1364 1504 1425 1570 τῇ
1455 1496 1597 1550 πόλει
1633 1495 1796 1567 γέγονε
1836 1497 2082 1570 περὶτῶν
2124 1494 2353 1563 φυλάκων
2399 1506 2491 1558 τῆς
2533 1501 2817 1565 ἐκκλησίας,
2894 1502 3025 1559 ὅπου
3090 1507 3148 1559 τό
3185 1508 3488 1577 ἡγιασμένον

195 1591 352 1661 αὑτοῦ
378 1596 533 1657 σῶμα
564 1589 883 1644 κατάκειται.

270 1681 441 1736 Pera.
475 1680 633 1745 Volo,
654 1691 812 1749 atque
842 1679 895 1733 id
920 1688 980 1734 ut
1012 1680 1102 1734 ﬁat
1134 1692 1460 1749 magnopore
1480 1677 1763 1746 deprecor.

664 1866 822 1935 333
853 1865 1076 1920 CAPUT
1118 1863 1305 1917 xxw.

201 1978 280 2033 De
306 1977 579 2033 Theodoro
608 1979 957 2055 mansionario
987 1977 1212 2055 ecclesiae
1240 1977 1370 2030 beati
1400 1972 1543 2028 Petri
1572 1971 1790 2041 apostoli
1830 1995 1872 2055 Β
1898 2000 1957 2044 [ιε

815 2050 955 2101 urbis
1001 2048 1195 2100 Roma.

270 2140 606 2196 Gnematus.
650 2140 838 2194 Adhuc
866 2150 1153 2209 supersunt
1182 2139 1344 2207 aliqui
1375 2138 1462 2207 qui
1498 2147 1523 2175 υ
1546 2135 1791 2191 Theodo-

208 2249 328 2288 rum
357 2234 474 2303 ejus
506 2231 749 2288 ecclesia:
776 2232 1050 2285 custodem
1083 2238 1363 2293 noverunt,
1412 2228 1562 2296 cujus
1606 2242 1793 2280 narra-

204 2327 351 2381 tione
382 2322 618 2379 innotuit
646 2337 733 2375 res
758 2337 875 2390 qua:
899 2322 947 2375 ei
967 2322 1214 2389 contigit,
1232 2320 1386 2373 valde
1404 2318 1791 2373 memorabilis:

201 2416 344 2486 quod
370 2415 600 2485 quadam
646 2422 802 2467 nocte
830 2413 955 2466 dum
983 2414 1143 2466 citius
1172 2411 1237 2464 ad
1282 2409 1607 2465 melioranda
1646 2409 1795 2476 juxta

203 2508 425 2577 ianuam
475 2505 758 2559 luminaria
816 2503 1157 2567 surrexisset,
1210 2518 1281 2557 ex
1331 2516 1484 2555 more
1524 2502 1574 2554 in
1608 2500 1797 2568 ligneis

202 2598 461 2668 gradibus
492 2598 591 2650 sub
621 2595 866 2663 lampade
897 2593 1083 2663 positis
1110 2593 1309 2657 stabat,
1341 2600 1397 2646 et
1426 2590 1685 2659 lampadis
1712 2606 1799 2644 re-

205 2687 423 2741 fovebat
445 2687 650 2740 lumen.
677 2685 827 2737 Tunc
848 2694 1070 2753 repente
1093 2685 1280 2737 beatus
1306 2680 1500 2736 Petrus
1524 2681 1799 2749 apostolus

204 2779 256 2833 in
280 2779 420 2832 stola
436 2776 667 2831 candida
686 2777 938 2830 deorsum
960 2777 1013 2829 in
1034 2777 1340 2844 pavimento
1360 2774 1617 2840 constitit,
1645 2775 1799 2842 eique

205 2871 342 2925 dixit
369 2886 385 2923 :
415 2867 443 2905 δ
471 2867 801 2932 Conliberte,
832 2880 998 2935 quare
1028 2875 1132 2920 tam
1158 2866 1316 2919 citius
1344 2865 1661 2921 surrexisti?
1686 2868 1801 2930 Quo

210 2963 382 3025 dicto,
410 2962 478 3014 ab
500 2961 674 3014 oculis
700 2960 1007 3029 aspicientis
1026 2960 1263 3013 evanuit.
1282 2959 1388 3014 Sed
1411 2968 1587 3013 tantus
1613 2958 1664 3011 in
1679 2974 1800 3014 eum

207 3066 379 3123 pavor
405 3053 583 3119 irruit,
616 3060 672 3104 ut
700 3060 807 3103 tota
838 3051 890 3103 in
933 3049 1027 3103 illo
1055 3050 1298 3119 corporis
1328 3050 1495 3103 virtus
1524 3049 1799 3115 deﬁceret,

206 3154 264 3200 et
288 3159 389 3213 per
418 3144 535 3197 dies
562 3141 759 3197 multos
788 3141 856 3196 de
880 3149 1047 3193 stratu
1076 3155 1173 3194 suo
1195 3154 1418 3209 surgere
1439 3155 1542 3193 non
1576 3140 1799 3194 valeret.

208 3238 325 3304 Qua
369 3235 425 3289 in
472 3249 534 3288 re
571 3233 699 3301 quid
737 3232 876 3286 idem
935 3232 1123 3285 beatus
1149 3233 1421 3299 apostolus
1451 3231 1805 3287 servientibus

1972 1688 2136 1730 llETP.
2167 1678 2303 1732 Θέλω
2332 1681 2461 1731 πάνυ
2495 1682 2580 1734 ἶνα
2607 1688 2757 1735 τοῦτο
2798 1685 3019 1756 γένηται,
3057 1688 3139 1740 καί
3168 1687 3310 1760 πάσῃ
3337 1685 3486 1742 δυνά-

1899 1789 1982 1837 μει
2008 1771 2296 1845 παρακαλῶ.

2407 1860 2569 1931 334
2606 1871 2827 1919 ΚΕΦΔΛ.
2871 1864 2975 1919 xa’.

1964 1993 2014 2065 ρί
2041 1990 2306 2068 Θεοδώρου
2330 1998 2708 2069 παραμοναρίου
2731 2004 2820 2051 τοῦ
2849 1996 2994 2069 ἁγίου
3024 1999 3210 2072 Πέτρου
3230 2002 3281 2055 ἐν
3303 2001 3486 2072 Ῥώμῃ.

1970 2135 2305 2180 ΓΡΗΓΟΡΙΟΣ.
2346 2130 2515 2200 Μέχρι
2557 2135 2647 2182 τοῦ
2689 2131 2937 2204 παρόντος
2989 2134 3210 2204 περίεισί
3256 2153 3389 2192 τινες
3443 2136 3488 2187 οἱ

1899 2218 2232 2286 γινώσκοντες
2264 2214 2516 2290 Θεόδωρον
2555 2218 2640 2271 τὸν
2679 2226 2770 2279 τῆς
2799 2221 2951 2279 αὐτῆς
2978 2221 3236 2281 ἐκκλησίας
3277 2222 3488 2292 φύλακα,

1900 2302 2100 2365 οὗτινος
2129 2315 2190 2379 τῇ
2220 2305 2449 2377 διηγήσει
2475 2310 2713 2379 ἐγνώσθην
2741 2309 2868 2383 ὅπερ
2894 2313 3032 2382 αὐτῷ
3060 2313 3249 2370 συνέϐη
3271 2320 3489 2387 πρᾶγμα

1900 2400 2097 2475 σφόδρα
2132 2406 2329 2470 μνήμης
2369 2399 2524 2465 ἄξιον.
2555 2400 2724 2475 ’Ἔλεγε
2753 2406 2873 2478 γάρ,
2918 2404 2999 2459 ὅτι
3030 2406 3078 2459 ἐν
3106 2412 3197 2476 μιᾷ
3239 2410 3402 2471 νυκτί,
3444 2410 3495 2462 ἓν

1901 2488 2005 2560 ὅσῳ
2035 2491 2227 2560 τάχιον
2258 2494 2445 2550 ἀνέστη
2476 2495 2545 2553 εἷς
2585 2495 2643 2547 τὸ
2678 2497 2770 2552 τὰς
2803 2493 3050 2554 κανδήλας
3085 2498 3341 2568 προμύξαι
3372 2498 3496 2555 πλη-

1903 2586 2012 2635 σίον
2042 2588 2133 2641 τῆς
2161 2582 2337 2654 θύρας.
2365 2584 2443 2634 καί
2473 2585 2601 2637 κατὰ
2623 2584 2679 2636 τὸ
2708 2580 2737 2635 ἕ
2740 2584 2821 2642 θος
2849 2584 2897 2635 ἐν
2926 2592 3035 2643 τοῖς
3064 2585 3277 2647 ξυλίνοις
3303 2584 3497 2655 βαθμί-

1902 2670 2028 2732 δίοις
2060 2673 2246 2733 ἑστώς,
2278 2680 2376 2725 τῶν
2402 2672 2681 2743 λαμπάδων
2710 2675 2769 2729 τὸ
2795 2681 2896 2745 φῶς
2925 2676 3332 2747 ἐπιμελούμενος,
3360 2674 3497 2747 ἄφνω

1902 2764 1985 2816 τόν
2030 2764 2278 2833 μακάριον
2327 2764 2512 2836 Πέτρον
2557 2763 2642 2818 τὸν
2679 2764 3005 2829 Ἀπόστολον,
3051 2767 3101 2818 ἐν
3149 2766 3305 2840 στολῇ
3349 2766 3497 2838 λευκῇ

1905 2855 2225 2908 ὑποκάτωθεν
2256 2855 2415 2908 αὑτοῦ
2453 2855 2656 2910 ἑστῶτα
2694 2857 2948 2921 ἐθεάσατο,
2983 2862 3111 2931 πρὸς
3150 2856 3201 2911 ὃν
3231 2861 3315 2912 καί
3365 2854 3495 2911 εἶπε·

1904 2942 2167 3017 Σύντροφε.
2208 2943 2339 2999 διλτί
2367 2953 2614 3000 τοσοῦτον
2642 2946 2832 3016 τάχιον
2861 2949 3105 3013 ἀνέστης;
3131 2956 3294 3004 Τοῦτο
3333 2946 3388 3002 δὲ
3424 2952 3499 3001 εἰ-

1904 3038 2012 3089 πών
2041 3038 2231 3105 ἀφανής
2272 3037 2374 3089 ἀπό
2420 3043 2519 3090 τῶν
2549 3037 2808 3107 ὀφθαλμῶν
2836 3040 2996 3092 αὑτοῦ
3025 3040 3216 3110 γέγονε.
3247 3044 3500 3098 Τοσοῦτος

1907 3126 1960 3181 δέ
1980 3128 2129 3199 φόϐος
2160 3130 2230 3187 εἰς
2256 3128 2405 3182 αὑτὸν
2434 3129 2698 3196 ἐπέπεσεν,
2724 3133 2857 3186 ὥστε
2887 3136 3062 3185 πᾶσαν
3090 3136 3179 3188 τήν
3207 3132 3256 3184 ἐν
3279 3138 3353 3203 τῷ
3392 3134 3501 3184 σώ·

1908 3240 2036 3288 ματι
2065 3220 2223 3271 αὑτοῦ
2268 3221 2429 3287 ἰσχύν
2460 3219 2699 3289 ὲκῦεῖψαι,
2742 3225 2825 3274 καί
2854 3222 2935 3274 ἐπί
2960 3222 3151 3296 ἡμέρας
3179 3221 3425 3281 πλείστας
3452 3223 3504 3275 ἐκ

210 3324 319 3378 sibi
351 3323 548 3386 voluit,
580 3322 680 3375 nisi
716 3321 1053 3390 praesentiam
1083 3321 1163 3374 sui
1191 3330 1468 3390 respectus
1496 3321 1801 3387 ostendere,

1917 3317 2001 3367 τῆς
2030 3308 2193 3367 κλίνης
2224 3310 2385 3362 αὑτοῦ
2406 3314 2474 3376 μὴ
2507 3311 2712 3378 ἰσχύειν
2738 3312 2889 3366 αὐτὸν
2918 3313 3218 3370 ἀναστῆναι.
3251 3313 3331 3365 Ἐν
3356 3310 3409 3366 δέ
3430 3320 3503 3381 τῷ

208 3419 335 3486 quia
355 3415 619 3485 quidquid
652 3429 748 3483 pro
776 3413 893 3483 ejus
922 3414 1271 3468 veneratione
1291 3422 1529 3483 agerent,
1563 3414 1677 3482 ipse
1709 3413 1808 3468 hoc

210 3524 312 3578 pro
340 3506 595 3561 mercede
619 3504 987 3560 retributionis
1010 3504 1126 3559 sine
1157 3502 1556 3559 intermissione
1595 3517 1810 3573 semper

214 3600 433 3655 videret
451 3600 474 3653 ἳ

290 3945 465 4001 Pen.
508 3942 635 3998 Mihi
684 3941 787 3996 hoc
852 3957 957 3996 non
1007 3950 1113 3996 tam
1157 3950 1379 4011 apparet
1433 3942 1625 3996 mirum
1692 3942 1811 4009 quia

216 4037 369 4092 visus
394 4046 478 4091 eat
498 4051 513 4100 ;
537 4033 630 4088 sed
652 4032 775 4102 quia
799 4031 846 4087 is
872 4033 960 4102 qui
983 4047 1105 4087 eum
1130 4032 1279 4100 vidit,
1311 4048 1429 4087 cum
1461 4047 1621 4086 sanus
1647 4042 1811 4097 esset,

216 4127 529 4199 rgrotavit.

295 4219 541 4274 Gnaeos.
582 4215 719 4280 Quid
750 4229 913 4283 super
946 4214 1048 4269 bac
1076 4230 1134 4270 re
1166 4214 1396 4280 miraris,
1431 4215 1618 4270 Petre?
1667 4216 1816 4268 Nun-

224 4310 486 4380 quidnam
519 4310 688 4362 menti
726 4307 954 4373 excidit,
984 4307 1105 4376 quia
1155 4322 1274 4360 cum
1328 4306 1511 4360 Daniel
1561 4308 1817 4376 propheta

223 4414 476 4472 magnam
509 4398 655 4452 illam
685 4412 747 4452 ac
782 4399 1077 4452 terribilem
1109 4398 1371 4453 visionem
1405 4397 1554 4462 vidit,
1601 4414 1665 4453 ex
1716 4413 1817 4467 qua

224 4494 387 4545 etiam
413 4490 622 4543 visione
648 4488 991 4553 contremuit,
1030 4488 1272 4557 protinus
1297 4489 1539 4558 adjunxit
1570 4506 1581 4541 :
1620 4488 1686 4542 Et
1728 4506 1819 4559 ego

223 4580 462 4650 elangui,
488 4588 535 4632 et
551 4579 793 4648 wgrotavi
810 4594 900 4648 per
916 4578 1023 4631 dies
1045 4578 1292 4649 plurimos
1312 4578 1773 4649 (Daniel.vut,27)
1796 4580 1818 4633 ?

1910 3398 2181 3470 πράγματι
2220 3400 2389 3471 τούτῳ
2421 3400 2471 3454 τί
2516 3397 2634 3454 ἄλλο
2670 3401 2809 3454 ἐστὶν
2839 3401 3139 3467 ὑπολαϐεῖν,
3186 3402 3216 3461 ἦ
3248 3401 3330 3457 ὅτι
3355 3402 3380 3456 ὀ
3408 3425 3507 3472 μα-

1913 3488 2088 3561 κάριος
2129 3488 2412 3551 ἀπόστολος
2454 3496 2544 3550 τήν
2585 3491 2701 3545 θέαν
2730 3499 2820 3550 τῆς
2864 3495 3157 3564 παρουσίας
3198 3494 3360 3547 αὑτοῦ
3398 3502 3506 3554 τοῖς

1914 3578 2242 3636 δουλεύουσιν
2271 3583 2411 3652 αύτῷ
2445 3584 2676 3642 ἠθέλησεν
2707 3583 2976 3649 ἔπιδεῐξαι’
3010 3590 3053 3640 εί
3082 3593 3150 3657 μή
3185 3586 3266 3643 ὅτι
3307 3586 3400 3643 εἴτι
3426 3587 3507 3645 διὰ

1913 3674 1969 3728 τὸ
2000 3674 2155 3727 αὑτοῦ
2182 3673 2339 3733 σέϐας
2370 3675 2673 3741 ἐκτελοῦσιν,
2707 3678 2858 3736 αὐτὸς
2894 3683 3044 3732 τοῦτο
3072 3677 3346 3741 διαπαντὸς
3377 3677 3497 3735 ἄνευ

1916 3763 2238 3837 ὑπερθέσεως
2283 3765 2492 3838 θεωρεῖ,
2535 3769 2621 3819 καί
2668 3771 2748 3824 τὸν
2766 3776 2854 3827 τῆς
2901 3768 3289 3831 ἀνταποδόσεως
3328 3772 3509 3841 μισθὸν

1917 3857 2146 3928 παρέχει
2177 3871 2191 3920 ;

1989 3957 2159 4001 IIETP.
2190 3949 2498 4021 Θαυμαστὸν
2529 3949 2765 4024 ὑπάρχει
2804 3949 2982 4015 ὅντως,
3011 3952 3089 4009 ὅτι
3124 3958 3208 4009 τὸν
3232 3958 3511 4012 ἀπόστολον

1919 4038 2102 4100 ἠξιώθη
2142 4037 2441 4092 θεάσασθαι.
2490 4040 2751 4110 Θαυμάζω
2781 4041 2833 4097 δὲ
2862 4046 3009 4099 πάλιν
3048 4050 3131 4101 καί
3160 4049 3207 4101 ἓν
3237 4048 3405 4123 τούτῳ
3436 4049 3511 4106 ὅτε

1919 4128 2066 4198 ὑγιής
2094 4126 2118 4182 ὁ
2147 4129 2457 4199 θεασάμενος
2477 4131 2757 4207 ὑπάρχων,
2789 4137 3081 4193 ἠσθένησεν.

1991 4228 2228 4275 I‘PHI‘OP.
2262 4224 2322 4274 Τί
2351 4224 2621 4295 θαυμάζεις
2662 4228 2780 4298 περὶ
2824 4234 2917 4281 τοῦ
2963 4230 3264 4301 πράγματος
3303 4234 3511 4297 τούτου,

1922 4312 2104 4383 Πέτρε;
2135 4319 2203 4383 μή
2230 4316 2330 4388 γάρ
2376 4323 2447 4384 τῷ
2476 4316 2702 4390 λογισμῷ
2743 4319 2943 4384 ἐξέστη;
2987 4323 3114 4390 οὐχί
3157 4326 3244 4377 καὶ
3283 4327 3513 4383 Δανιήλὸ

1922 4409 2180 4477 προφήτης
2207 4404 2288 4460 ὅτε
2320 4411 2409 4464 τήν
2430 4411 2672 4482 μεγίστην
2703 4411 2883 4471 ἐκείνην
2907 4415 2992 4467 καί
3020 4414 3239 4487 φοϐεράν
3262 4417 3517 4471 ὀπτασίαν

1924 4496 2164 4550 ἐθεάσατο
2208 4497 2520 4571 ἐτρόμασενς
2568 4502 2716 4560 αὐτὸς
2760 4504 2857 4576 γὰρ
2889 4504 3038 4574 λέγει·
3086 4508 3232 4576 Κάγώ
3260 4509 3519 4565 ἠσθένησα

1924 4590 2009 4642 ἐπὶ
2034 4591 2225 4660 ἡμέρας
2260 4592 2471 4650 πολλάς.
2501 4603 2552 4645 Ἦ
2581 4594 2678 4666 γὰρ
2708 4597 2837 4667 σάρξ
2866 4598 2932 4649 τά
2965 4602 3055 4650 τοῦ
3083 4598 3375 4667 πνεύματος
3408 4620 3522 4668 χω-

229 4670 372 4725 Caro
401 4671 548 4724 enim
575 4684 640 4723 ea
668 4684 788 4737 qua:
817 4679 943 4724 sunt
976 4679 999 4707 ο
1031 4670 1249 4739 spiritus
1278 4685 1471 4739 capere
1502 4687 1605 4725 non
1636 4672 1775 4726 valet

1929 4689 2086 4755 ρῆσαι
2117 4683 2173 4733 ού
2202 4680 2445 4744 δύναται,
2483 4686 2566 4735 καὶ
2603 4685 2785 4737 τούτου
2815 4686 2957 4738 ἕνεκα
2984 4685 3223 4746 πολλάκις
3263 4689 3409 4745 ἡνίκα
3437 4690 3524 4743 άν-

228 4771 284 4817 et
316 4761 518 4817 idcirco
545 4774 928 4830 nonnunquam
961 4778 1081 4816 cum
1114 4779 1266 4816 meus
1298 4767 1527 4817 humana
1576 4764 1714 4818 ultra
1762 4780 1821 4818 se

227 4853 296 4906 ad
347 4851 641 4907 videndum
668 4852 901 4917 ducitur,
947 4866 1167 4908 necesse
1216 4862 1299 4906 est
1341 4865 1394 4906 ut
1442 4853 1543 4907 hoc
1572 4870 1823 4909 carncum

228 4945 535 5009 vasculum,
568 4944 709 5014 quod
741 4943 883 4999 ferre
926 4946 1111 4999 talenti
1147 4948 1353 5014 pondus
1397 4962 1501 5001 non
1543 4948 1703 5012 valet,
1748 4948 1827 5001 iu-

229 5037 495 5092 ﬁrmetur.

305 5125 479 5182 Pun.
522 5126 841 5196 Scrupulum
880 5126 1215 5195 cogitationis
1269 5142 1403 5182 meae
1456 5137 1641 5195 aperta
1686 5132 1821 5182 ratio

232 5218 504 5274 dissolvit.

310 5370 629 5428 ‘Tbeodori
656 5385 851 5426 nomen
878 5369 1095 5427 exhibet
1122 5371 1342 5439 Mirtyr.
1392 5370 1574 5436 Rom.,
1618 5370 1688 5425 26
1731 5371 1832 5427 De-

233 5443 488 5575 curgen,
517 5510 799 5573 colliberte,
824 5520 878 5563 ut
903 5511 1095 5565 habent
1114 5512 1267 5566 multi
1286 5512 1586 5578 Mss.Quasi
1607 5512 1831 5577 diceret,

272 5585 325 5637 ui
355 5599 553 5639 mecum
603 5580 889 5634 libertatem
919 5592 1216 5635 consecutus
1255 5598 1327 5643 es,
1353 5584 1458 5648 vel,
1498 5599 1614 5635 cum
1643 5599 1741 5649 quo
1781 5586 1833 5635 in

260 5657 527 5709 ibertatem
560 5667 675 5707 sum
714 5662 959 5705 assertus.
995 5651 1281 5707 Zacharias
1312 5656 1447 5707 banc
1493 5667 1678 5708 vocem
1713 5654 1836 5708 red-

1930 4774 2177 4844 θρώπινος
2206 4772 2449 4844 λογισμὸς
2477 4772 2577 4836 ἔξω
2608 4774 2793 4829 ἑαυτοῦ
2828 4778 3106 4848 ἀπάγεται,
3146 4781 3219 4839 είς
3245 4782 3302 4836 τὸ
3337 4781 3524 4836 θεάσα-

1935 4862 2053 4916 σθαί
2079 4883 2130 4914 τι
2149 4864 2510 4929 πνευματικὸν,
2544 4865 2738 4935 ἀνάγκη
2764 4864 2917 4939 πᾷσοί
2945 4870 3104 4936 ἐστιν,
3147 4867 3289 4931 ὅπως
3308 4873 3366 4926 τὸ
3394 4873 3524 4945 σάρ-

1935 4973 2066 5007 κινον
2103 4958 2255 5006 τοῦτο
2304 4959 2487 5013 σκεῦος
2532 4957 2817 5029 ἀσθενήσῃ,
2867 4965 2934 5027 μὴ
2963 4958 3238 5031 δυνάμενον
3278 4964 3338 5016 τὸ
3367 4962 3522 5039 βάρος

1935 5050 2025 5098 τοῦ
2053 5044 2301 5098 ταλάντου
2329 5046 2621 5119 ύπενέγκαι.

2007 5144 2175 5188 ΠΕΤΡ.
2205 5140 2306 5193 Τὴν
2346 5138 2396 5189 ἐν
2425 5145 2497 5207 τῷ
2537 5138 2768 5210 λογισμῷ
2796 5161 2891 5210 μου
2928 5139 3204 5197 δυσκολίαν
3243 5144 3526 5215 ἀνεῳγμένη

1936 5224 2188 5297 ἀπολογία
2216 5227 2543 5285 κατηύθυνεν.

1939 5374 2067 5455 didit
2092 5390 2186 5444 per
2211 5379 2481 5455 quiamagis,
2516 5380 2656 5447 quod
2697 5382 2978 5451 signiﬁcat,
3013 5384 3410 5455 contubernalis,
3438 5388 3525 5442 iti—

1943 5451 2077 5497 neris
2104 5461 2291 5511 comes,
2321 5450 2599 5503 convictor.

2017 5525 2037 5585 ς
2064 5514 2335 5583 Nonnulli,
2362 5520 2573 5581 spiritus
2603 5519 2718 5585 Dei,

2015 5582 2037 5618 ¹¹
2239 5587 2309 5643 εἰς
2335 5588 2562 5659 πλήγιον.

2022 5664 2043 5690 ε
2085 5654 2206 5721 Ms.,
2236 5660 2445 5715 τεθῆναι.
