3934 6350
142 344 222 399 εει
1392 339 1730 399 DIALOGOR

1868 334 2067 389 LIBER
2111 331 2193 385 Ill.

3309 326 3415 382 282

144 456 269 512 milis
312 452 540 507 intrare.
593 451 753 520 Stepe
780 466 910 506 vero
956 466 1017 505 ex
1065 451 1235 506 vicina
1284 452 1412 509 silva
1442 454 1717 508 venientes

1839 454 1923 501 τοῦ
1953 446 2224 516 ἐτόλμησεν
2260 445 2314 495 ὲν
2366 450 2439 515 τῷ
2483 440 2659 513 κελλίῴ
2694 441 2874 511 αὐτοῦ,
2922 442 2966 495 εἰ
2994 447 3064 512 μή
3092 444 3144 497 ἐν
3190 465 3415 500 ταπεινο·

146 546 261 609 ttrsi,
285 558 411 613 apes
439 542 562 612 ejus
596 544 885 597 comedere
923 545 1252 598 conabantur
1285 562 1299 599 :
1339 562 1472 615 quos
1504 547 1589 600 ille
1616 547 1723 599 tle—

146 635 439 705 prehensos,
475 632 675 695 ferula,
724 648 881 702 quam
914 641 1058 701 ροτινι
1072 649 1125 686 re
1155 650 1312 686 manu
1344 643 1718 696 consueverat,

1824 539 2066 611 φροσλὶνῃ,
2112 534 2360 588 εἰσελθεῖν.
2410 532 2646 592 Πολλάκις
2694 530 2748 586 δὲ
2798 533 2853 584 ίκ
2894 538 2987 591 τῆς
3033 534 3411 604 γειτνιαζούσης

1824 629 1944 689 ὗλης
1973 626 2117 702 ἆρκοι
2146 626 2435 700 ἐρχόμενοι,
2470 627 2537 680 τά
2572 625 2811 694 μελίσσια
2855 626 3010 678 αὐτοῦ
3051 634 3225 698 φαγεῖν
3252 627 3412 682 ἐδοκί-

145 725 381 779 czedeltat.
438 723 582 776 Ante
629 724 785 791 cujus
832 726 1053 779 verbera
1092 726 1489 779 immanisslmre
1542 726 1723 781 bestite

1839 745 2014 789 ιασαν,
2038 721 2124 782 οὓς
2145 724 2325 780 ἐκεῖνος
2359 722 2545 781 πιάσας
2572 728 2643 788 τῷ
2668 721 2911 795 ναρθηκίῳ
2941 717 3176 783 ἔτυπτεν,
3204 718 3332 793 ὅπερ
3362 724 3411 777 έν

148 816 426 887 rugiebant,
460 827 516 869 et
535 816 841 885 lugiehaut;
875 828 926 869 et
947 832 1066 885 qum
1096 819 1300 885 gladios
1328 818 1616 872 formidare
1639 820 1721 871 vix

147 914 399 975 piterant,
425 921 496 959 ex
522 906 646 971 ejus
676 923 837 959 manu
864 908 997 960 ictus
1044 908 1226 961 ferula:
1255 907 1720 974 pertimescebant.

148 1000 299 1068 Hujus
327 999 568 1053 studium
599 999 701 1052 fuit
728 998 861 1051 nihil
896 999 945 1050 itt
979 1000 1078 1050 hoe
1111 999 1307 1051 mundo
1346 999 1563 1062 habere,
1596 998 1724 1051 nihil

145 1105 407 1158 quaerere;
436 1105 629 1145 omnes
655 1092 746 1160 qui
775 1089 839 1142 ad
868 1106 926 1143 se
947 1090 1228 1144 charitatis
1249 1106 1405 1144 eausa
1421 1091 1722 1155 veniebant,

144 1186 199 1234 ad
228 1191 442 1235 πίει-ηπ
471 1183 593 1234 vitae
625 1181 893 1236 desideria
926 1182 1245 1235 accendere.
1309 1182 1361 1235 Si
1394 1181 1603 1249 quando
1634 1198 1727 1235 au—

144 1282 242 1325 tem
264 1274 629 1340 quorumlibet
656 1273 835 1340 culpas
866 1282 1198 1341 agnoscetet,
1236 1287 1502 1341 nunquam
1548 1272 1614 1326 ab
1648 1273 1729 1324 in-

146 1364 450 1430 crepatione
477 1378 720 1429 parcere,
753 1363 868 1426 sed,
895 1367 1093 1417 amoris
1125 1365 1243 1432 igne
1274 1378 1582 1427 succensus,
1615 1373 1726 1417 stu-

141 1454 292 1507 debat
320 1455 374 1506 in
406 1455 486 1507 eis
511 1455 857 1508 vehementer
880 1470 973 1523 per
1001 1454 1231 1523 linguam
1253 1453 1460 1507 szevire.
1487 1453 1723 1507 Consue-

142 1543 374 1596 tudinem
415 1558 546 1597 vero
575 1544 728 1596 vicini
756 1544 838 1596 vel
864 1546 1018 1612 longe
1052 1545 1203 1611 positi
1233 1544 1472 1613 ejusdem
1504 1545 1603 1596 loci
1634 1558 1728 1597 ac-

146 1634 267 1688 cola:
316 1635 557 1686 fecerant
598 1642 654 1686 ttt
697 1633 886 1685 diebus
939 1635 1159 1701 singulis
1210 1649 1303 1702 per
1342 1634 1729 1687 hebdomadam

145 1725 507 1791 unusquisque
534 1725 582 1778 ei
608 1724 905 1777 oblationes
934 1738 1054 1777 suas
1086 1729 1487 1789 transmitteret,
1510 1736 1566 1779 ut
1589 1736 1731 1781 esset

144 1816 275 1884 quod
304 1815 419 1883 ipse
446 1814 514 1867 ad
540 1829 598 1867 se
628 1816 959 1868 venientibus
980 1814 1171 1868 offerre
1190 1817 1469 1878 potuisset.
1486 1818 1725 1884 Quodam

1825 819 1888 885 τῇ
1939 815 2078 886 χειρὶ
2119 813 2273 865 αὐτοῦ
2320 811 2594 881 βαστάζειν
2643 808 2831 863 ε’ίωθεν.
2863 808 2945 861 Ἐν
2989 808 3042 863 δέ
3085 819 3202 868 ταῖς
3256 813 3413 867 αὖτῦῦ

1828 907 2058 975 μιστιξι,
2107 906 2173 959 τά
2220 903 2425 973 θυμώδη
2458 906 2603 975 θηρία
2644 904 2804 956 ἐκεῖνα
2850 901 3048 971 βοῶντα
3095 904 3414 975 ἀνεχώρουν,

1831 997 1916 1047 καί
1944 996 2007 1046 τά
2036 998 2105 1063 μή
2134 993 2544 1061 ὑποστελλόμενα
2570 992 2727 1061 ξίφος,
2774 998 2864 1047 τήν
2904 992 2958 1042 ἐκ
2984 997 3074 1049 τῆς
3115 994 3288 1064 χειρός
3319 995 3416 1045 at)"

1830 1090 1924 1139 τοῦ
1953 1085 2184 1157 μάστιγα
2227 1083 2310 1138 διὰ
2356 1090 2443 1137 τοῦ
2490 1081 2754 1153 ναρθηκίου
2806 1082 3097 1152 ἐφοϐοῦντο.
3141 1080 3341 1136 Τούτου
3388 1086 3419 1140 ri

1831 1181 1979 1231 πᾶσα
2000 1175 2198 1233 σπουδὴ
2231 1177 2278 1229 έν
2308 1184 2381 1245 τῷ
2418 1175 2633 1249 παρόντι
2658 1174 2752 1244 βίῳ
2782 1171 2925 1226 οὐδέν
2956 1173 3126 1244 ἕτερον
3154 1174 3415 1247 ὑπῆρχεν,

1831 1269 1877 1320 εί
1906 1271 1975 1337 μή
1999 1271 2118 1327 τοὺς
2138 1268 2263 1341 πρὸς
2285 1268 2433 1319 αὐτόν
2453 1267 2654 1335 ἀγάπης
2684 1266 2839 1333 χάριν
2864 1265 3201 1337 ἐρχομένους,
3236 1266 3305 1323 εἰς
3330 1271 3421 1321 την

1830 1365 1922 1417 τῆς
1963 1358 2165 1409 αἰωνίου
2196 1359 2329 1417 ζωῆς
2356 1355 2619 1424 ἐπιθυμίαν
2651 1352 2916 1427 διεγεῖραι.
2945 1353 3056 1405 Ἐὰν
3091 1352 3141 1406 δέ
3173 1353 3258 1406 καί
3297 1354 3421 1407 ποτέ

1831 1472 1966 1511 τινος
2005 1458 2241 1518 πταῖσμα
2278 1448 2474 1519 διέγνω,
2525 1448 2756 1520 οὐδαμῶς
2798 1449 3024 1519 ἐλέγχων
3070 1456 3248 1503 τοῦτον
3298 1451 3422 1518 ἐφεί-

1833 1541 1969 1598 δετο.
2003 1544 2146 1598 Ἀλλά
2172 1549 2244 1614 τῷ
2288 1550 2378 1601 τῆς
2420 1543 2619 1612 ἀγάπης
2662 1544 2788 1611 πυρί
2832 1542 3171 1609 ἐπικαιόμενος,
3216 1543 3423 1597 ἐσκόπει

1833 1640 1944 1694 πῶς
1968 1635 2143 1692 αὐτοῖς
2174 1632 2255 1687 διὰ
2285 1649 2375 1693 τῆς
2403 1633 2631 1704 γλώττης
2673 1631 2980 1700 καθάψηται.
3007 1629 3159 1693 Ἐθος
3197 1631 3252 1686 δὲ
3279 1630 3423 1701 εἶχον

1835 1722 1879 1776 οί
1906 1724 2268 1793 γειτνιάζοντες
2287 1731 2359 1791 τῷ
2383 1720 2543 1791 τόπῳ,
2566 1724 2652 1773 καί
2675 1722 2719 1773 οἱ
2742 1723 2795 1774 ἐκ
2819 1724 3009 1791 μήκους
3033 1728 3421 1794 παροικοῦντες,

1836 1812 1939 1866 καθ’
1970 1812 2188 1870 ἑκάστην
2218 1813 2406 1884 ἡμέραν
2438 1820 2529 1869 τῆς
2557 1808 2861 1878 ἑϐδομάδος,
2892 1812 3107 1869 ἕκαστος
3143 1812 3308 1864 αὐτῶν
3336 1818 3424 1870 τήν

145 1923 267 1957 vero
296 1918 545 1973 tempore
579 1920 858 1970 possessor
884 1903 1124 1970 quidam,
1170 1903 1444 1959 Carlerius
1493 1909 1726 1972 nomine,

1839 1902 2024 1956 ἑαυτοῦ
2056 1900 2283 1974 είδλογίαν
2308 1902 2438 1974 πρὸς
2459 1900 2609 1954 αὐτὸν
2632 1900 2953 1962 ἀποστεῖλαι,
2984 1902 3067 1953 ἶνα
3090 1899 3198 1973 ἔχῃ
3220 1923 3271 1955 τι
3300 1901 3424 1976 παρ’

146 1999 420 2053 immundo
448 1999 721 2053 desiderio
750 1997 1011 2062 devictus,
1044 1999 1325 2067 quamdam
1354 2001 1729 2054 sanctimonia-

147 2092 245 2142 lem
280 2090 536 2143 l‘vtuinam
566 2090 761 2157 rapuit,
792 2090 1000 2157 sibique
1026 2072 1205 2143 illicito
1238 2091 1577 2144 matrimonio
1601 2106 1731 2144 cou-

143 2180 333 2246 jutnit.
364 2182 519 2245 Quod
546 2196 663 2233 mox
692 2190 747 2234 ut
772 2183 851 2233 vir
877 2182 1077 2234 Domini
1105 2182 1371 2248 cognovit,
1407 2182 1454 2235 ei
1491 2198 1729 2250 perquos

152 2275 319 2339 potuit
347 2290 470 2339 quae
507 2275 674 2328 fuerat
698 2275 886 2345 dignus
922 2275 1104 2331 audire
1148 2275 1437 2329 mandavit.
1491 2276 1732 2345 Cumque

146 2366 230 2419 ille
258 2367 424 2439 337
469 2369 689 2422 sceleris
718 2371 799 2423 sui
846 2373 1090 2424 conscius
1123 2370 1355 2435 timeret,
1388 2380 1548 2438 atque
1576 2372 1639 2425 ad
1654 2370 1733 2425 vi-

144 2474 259 2510 rum
313 2460 409 2512 Dei
458 2476 788 2529 nequaquam
817 2462 1071 2517 accedere
1101 2472 1469 2533 praesumeret,
1504 2479 1569 2518 ne
1596 2464 1734 2518 forte

147 2547 287 2601 hunc
314 2563 528 2617 aspere,
550 2559 606 2603 ut
628 2552 990 2622 delinquentes
1019 2554 1245 2620 solebat,
1277 2554 1593 2624 increparet,
1612 2556 1735 2611 fecit

144 2637 451 2694 oblationes
481 2656 624 2705 suas,
666 2658 863 2713 easque
891 2644 1030 2698 inter
1055 2645 1354 2699 oblationes
1382 2646 1609 2700 aliorum
1635 2648 1733 2699 mi-

138 2730 228 2793 sit,
266 2740 324 2781 ut
349 2730 471 2796 ejus
503 2746 719 2785 munera
750 2733 937 2788 saltem
962 2735 1251 2789 nesciendo
1280 2736 1600 2804 susciperet.
1628 2734 1732 2789 Sed

134 2835 258 2871 cum
291 2834 478 2873 coram
503 2834 567 2874 eo
596 2821 815 2876 fuissent
836 2824 1130 2878 oblationes
1153 2826 1391 2879 omnium
1416 2827 1729 2894 deportata),

134 2916 219 2961 vir
251 2909 346 2961 Dei
395 2911 589 2963 tacitus
636 2912 796 2976 sedit,
847 2914 1115 2983 sigillatim
1162 2930 1351 2970 omnes
1396 2918 1735 2972 considerare

134 3000 367 3064 ειιιάυὶί,
397 3008 452 3053 et
473 3013 662 3054 omnes
685 3002 815 3055 alias
836 3004 1036 3073 eligens
1065 3017 1223 3075 atque
1244 3021 1483 3060 seorsum
1506 3025 1730 3075 ponens,

134 3089 444 3145 oblationes
472 3105 609 3160 quas
636 3092 775 3147 idem
796 3093 1068 3149 Carterius
1094 3098 1469 3151 transmiserat
1489 3102 1736 3167 cognovit

135 3195 235 3247 per
284 3182 564 3251 spiritum,
613 3186 814 3252 sprevit
863 3197 1017 3252 atque
1064 3188 1283 3255 ahjecit,
1315 3189 1545 3242 dicens:
1581 3191 1651 3243 tte
1680 3200 1733 3242 et

1833 1993 2001 2062 ἑαυτῷ
2023 1992 2148 2067 ὅπερ
2182 1991 2208 2029 δ
2241 1992 2419 2062 ὀφείλει
2446 1999 2553 2051 τοῖς
2582 1992 2709 2064 πρός
2739 1992 2891 2046 αὐτόν
2922 1991 3215 2065 ἐρχομένοις
3252 2014 3424 2066 παρα-

1832 2090 2011 2141 θεῖναι.
2043 2083 2135 2140 ’Ἑν
2162 2107 2261 2140 τινι
2299 2083 2351 2139 δέ
2378 2091 2540 2158 καιρῷ
2565 2087 2765 2156 κτὴτωρ
2792 2104 2869 2143 τις
2900 2084 3170 2159 Καρτέριος
3194 2085 3422 2153 ὀνόματι,

1836 2178 2105 2249 ἀκαθάρτῳ
2134 2176 2371 2248 ἐπιθυμίᾳ
2391 2175 2621 2236 νικηθείς,
2657 2175 3022 2246 καθιερωμένην
3043 2178 3154 2228 τινά
3182 2185 3202 2211 ε
3232 2177 3423 2233 θήλειαν

1835 2264 2044 2336 ἔκλεψε,
2093 2269 2175 2319 καί
2218 2266 2523 2337 ἀναρμόστῳ
2580 2266 2878 2333 συνοικεσίῳ
2923 2264 3089 2333 ἑαυτῷ
3136 2267 3421 2329 συνέζευξε.

1832 2366 1992 2414 Τοῦτο
2041 2358 2094 2413 δὲ
2134 2358 2159 2413 ό
2198 2364 2288 2414 τοῦ
2320 2364 2445 2412 Θεοῦ
2477 2354 2739 2429 ἄνθρωπος
2776 2360 2943 2413 Μηνᾶς
2984 2357 3229 2419 ἀκούσας,
3264 2356 3326 2410 δι’
3356 2356 3421 2410 ὧν

1833 2450 2047 2513 ἠδυνήθη
2088 2451 2251 2525 εὑρεῖν
2296 2450 2682 2525 ἀπερχομένων,
2713 2446 2844 2519 ἅπερ
2873 2443 2929 2504 ἧν
2970 2443 3107 2510 ἄξιος
3148 2450 3364 2504 ἀκοῦσαι
3393 2446 3419 2484 ‘1

1831 2547 1995 2614 τούτῳ
2040 2542 2303 2603 ἐδήλωσεν.
2349 2541 2570 2602 Ἐκεῖνος
2607 2540 2659 2595 δέ
2704 2545 2792 2597 τὴν
3021 2540 3208 2594 ἑαυτοῦ
3256 2543 3420 2595 αἰτίαν

1833 2635 2092 2699 συνειδὼς,
2122 2634 2360 2707 οὐδαμῶς
2379 2635 2564 2704 ἐτόλμα
2584 2642 2653 2703 τῷ
2678 2634 2925 2706 ἀνθρώπῳ
2947 2638 3036 2686 τοῦ
3060 2639 3186 2686 Θεοῦ
3210 2653 3423 2707 προσεγ-

1833 2731 1996 2801 γίσαι,
2027 2726 2331 2801 φοϐούμενος
2354 2730 2434 2780 ἵνα
2463 2731 2532 2795 μὴ
2564 2730 2647 2779 γαί
2675 2732 2851 2779 τοῦτον
2878 2727 3039 2786 καθὼς
3070 2728 3188 2785 τοῦς
3215 2725 3423 2785 λοιποὺς

1834 2818 2214 2890 ἁμαρτάνοντας
2253 2818 2489 2893 διελέγξῃ.
2536 2818 2774 2873 Ἐποίησε
2820 2816 2872 2871 δέ
2914 2820 3005 2876 τάς
3049 2818 3236 2872 ἑαυτοῦ
3282 2818 3422 2871 εὐλο-

1837 2915 1971 2986 γίας,
1997 2916 2081 2967 καί
2106 2913 2300 2972 ταύτας
2334 2913 2521 2982 μετονξύ
2552 2918 2648 2964 τῶν
2677 2908 2834 2964 ἄλλων
2864 2910 3090 2982 εὐλογιῶν
3117 2912 3266 2980 μίξας
3295 2912 3423 2965 ἀπέ·

1838 3006 2064 3069 στειλεν,
2114 3002 2254 3061 ὅπως
2309 3003 2531 3077 ἀκριϐῶς
2579 3006 2647 3070 μὴ
2697 3002 3115 3073 ἐπιγινώσκοντος
3160 3002 3312 3054 αὐτοῦ
3360 3003 3425 3056 τά

1838 3092 1994 3171 δῶρα.
2027 3100 2195 3147 ταῦτα
2225 3092 2443 3155 δέξηται.
2466 3090 2554 3150 Ὠς
2595 3086 2679 3144 οὖν
2704 3093 2904 3145 ἐνὼπιον
2941 3092 3095 3143 αὐτοῦ
3117 3092 3169 3144 αί
3201 3111 3425 3165 προσφο-

1838 3188 1925 3261 ραί
1948 3185 2149 3241 πάντων
2179 3185 2556 3252 ἀπηνέχθησαν.
2588 3183 2612 3237 ό
2651 3189 2741 3237 τοῦ
2772 3190 2899 3237 Θεοῦ
2932 3180 3191 3258 ἄνθρωπος
3219 3186 3425 3255 ἡσυχά-

138 3270 301 3324 dicite
331 3272 383 3325 ei
421 3290 431 3321 :
463 3273 795 3329 Oblationent
824 3291 971 3329 suam
1003 3277 1353 3345 omnipotenti
1386 3276 1611 3332 Domino
1641 3279 1730 3332 ab-

1839 3282 1937 3342 ζων
1980 3277 2259 3339 ἐκαθέζετο,
2304 3276 2386 3327 καί
2414 3273 2522 3325 καθ’
2551 3272 2601 3325 ἓν
2631 3274 2804 3331 πάσας
2844 3273 3009 3325 αὐτῶν
3050 3277 3317 3330 σκοπήσας
3349 3276 3425 3327 καί

138 3362 367 3431 stulisti,
420 3375 475 3419 et
524 3365 651 3418 mihi
701 3376 818 3419 tuas
863 3368 1158 3423 oblationes
1208 3372 1573 3424 transmittis?
1623 3371 1732 3441 Ego

140 3454 477 3507 oblationem
527 3466 667 3507 tuam
713 3471 815 3509 non
855 3457 1076 3524 accipio,
1122 3458 1241 3526 quia
1273 3474 1421 3512 suam
1467 3461 1729 3514 abstulisti

143 3544 269 3599 Deo.
287 3546 407 3608 Qua
439 3560 503 3598 ex
540 3560 595 3598 re
626 3545 816 3598 factum
848 3556 998 3600 estut
1028 3559 1320 3616 praesentes
1349 3565 1585 3616 quosque
1618 3567 1734 3604 tna-

140 3648 272 3702 gnus
307 3637 477 3687 t‘tnor
504 3635 794 3701 invaderet,
837 3652 954 3689 cum
988 3637 1065 3690 vir
1096 3636 1304 3691 Domini
1350 3649 1458 3693 tam
1498 3642 1732 3695 scienter

142 3727 204 3776 de
234 3726 561 3779 absontibus
582 3726 867 3796 judicaret.

1840 3370 2176 3426 κατανοήσας,
2205 3364 2321 3423 ὅλας
2349 3367 2439 3425 τὰς
2462 3361 2613 3423 όῗλλας
2635 3361 3003 3434 ἐπιλεξάμενος,
3036 3366 3115 3416 καί
3142 3366 3281 3438 παρά
3308 3368 3427 3434 μίαν

1841 3461 2002 3517 θὸσας
2025 3461 2117 3517 τὰς
2152 3455 2396 3526 εῦλογ³ας,
2430 3453 2597 3529 ἅσπερ
2631 3453 2654 3506 ό
2686 3454 2837 3512 αὐτὸς
2868 3454 3137 3528 Καρτέριος
3164 3456 3425 3509 ἀπέστειλε

1841 3551 1923 3607 διὰ
1949 3557 2039 3604 τοῦ
2065 3551 2353 3621 πνεύματος
2395 3550 2674 3618 γνωρίσας,
2719 3546 3135 3620 παροικτρὼσατο
3177 3547 3261 3598 καί
3300 3545 3427 3598 ἀπεε

1842 3646 2041 3704 ϐάλετο.
2070 3644 2243 3715 λέγων’
2274 3641 2531 3695 ’Δπέλθετε
2562 3642 2643 3692 καί
2673 3636 2846 3692 εἴπατε
2877 3634 3037 3709 αὐτῷ·
3075 3640 3172 3694 Τὴν
3198 3658 3426 3711 προσφοο

1838 3739 1925 3811 ράν
1954 3742 2040 3789 τοῦ
2070 3732 2455 3805 παντοδυνάμυυ
2478 3736 2605 3786 Θεοῦ
2626 3732 2811 3802 ἐπῇρες
2835 3727 2924 3799 [Ιῖ.
2952 3728 3058 3798 leg.
3084 3729 3309 3801 ἀπῇρας,
3338 3729 3431 3782 hic
3504 3776 3527 3794 ,

140 3828 189 3869 et
222 3815 412 3888 infra],
444 3822 529 3871 καί
554 3820 662 3887 ἐμοὶ
687 3821 883 3880 ταύτας
907 3821 996 3881 τάς
1024 3822 1255 3892 εὐλογίας
1291 3823 1653 3888 ἀποστέλλεις;
1683 3826 1782 3897 ἐγὼ
1816 3832 1906 3885 τήν
1936 3832 2028 3884 σὴν
2075 3826 2369 3902 προσφοράν
2417 3825 2475 3876 οὐ
2504 3820 2766 3892 λαμϐάνω,
2809 3819 2940 3873 διότι
2994 3822 3059 3873 σὺ
3101 3820 3255 3872 αὐτοῦ
3298 3827 3435 3874 Θεοῦ

141 3912 231 3963 τὴν
261 3910 565 3981 πρωῖκοράν
604 3909 806 3982 ἐπῇρες.
845 3919 923 3962 Ἐκ
948 3912 1131 3965 τούτου
1174 3906 1258 3966 οὖν
1299 3919 1457 3984 μέγας
1498 3914 1647 3985 φόϐος
1687 3924 1793 3977 τοῖς
1840 3912 2094 3993 παροῦσιν
2114 3917 2388 3975 ἐπέπεσεν,
2435 3910 2514 3966 ὅτι
2551 3911 2683 3966 οῦτω
2708 3908 2929 3982 σοφῶςό
2969 3916 3060 3964 τοῦ
3087 3916 3213 3964 Θεοῦ
3236 3907 3425 3985 ἅνθρωρ

146 4019 234 4057 πος
260 4002 386 4073 περὶ
414 4006 518 4051 τῶν
547 4000 889 4071 ἀγνοουμένων
910 3999 1115 4076 ἔκρινεν.

214 4088 388 4143 Pera.
432 4090 628 4144 Multos
672 4090 855 4143 horutu
902 4092 1143 4159 suspicor
1197 4096 1509 4164 martyrium
1553 4097 1734 4151 subire

147 4192 407 4246 potuisse,
444 4194 469 4219 ⁸
502 4184 545 4235 si
571 4198 664 4236 eos
696 4195 905 4253 tempus
938 4188 1322 4254 persecutionis
1349 4191 1660 4245 invenisset.

213 4273 461 4329 Gul-160B.
508 4277 622 4327 Duo
652 4287 798 4339 sunt,
829 4276 1004 4344 Petro,
1039 4282 1281 4349 martyrii
1321 4298 1541 4350 genera,
1567 4301 1730 4340 unum

147 4363 196 4413 in
246 4366 490 4427 occulto,
536 4367 760 4419 alterum
791 4369 841 4419 in
876 4369 1108 4435 publico.
1140 4373 1270 4426 Nam
1301 4375 1399 4429 etsi
1432 4384 1733 4443 persecutio

148 4454 279 4506 desit
306 4455 571 4521 exterius,
605 4459 844 4525 martyrii
876 4461 1121 4515 meritum
1152 4464 1202 4517 in
1234 4466 1443 4519 occulto
1472 4477 1576 4535 est,
1610 4485 1731 4524 cum

152 4546 314 4600 virtus
344 4546 409 4599 ad
446 4549 748 4614 passionem
780 4560 1022 4621 prompta
1055 4553 1243 4622 ﬂagrat
1270 4557 1323 4609 iu
1349 4558 1546 4612 animo.
1601 4560 1733 4627 Quia

154 4637 283 4689 cnim
315 4652 439 4691 esse
484 4641 648 4705 possit
680 4648 733 4693 et
762 4641 881 4695 sine
908 4653 1084 4707 aperta
1120 4645 1370 4712 passione
1400 4648 1732 4718 martyrium,

158 4736 372 4781 testatur
422 4728 479 4780 itt
531 4728 817 4797 Evangelia
868 4732 1143 4798 Dominus,
1189 4737 1277 4805 qui
1327 4737 1572 4791 Zebedtei
1614 4740 1736 4794 liliis

159 4818 317 4870 adhuc
349 4834 461 4885 pra:
493 4818 798 4873 inﬁrmitate
829 4825 1020 4875 mentis
1050 4825 1251 4892 majora
1306 4829 1563 4882 ses~iouis
1622 4833 1733 4885 loca

1917 4108 2077 4151 ΠΕΤΡ.
2098 4096 2307 4156 Πολλοὺς
2326 4096 2377 4149 ἐκ
2400 4095 2592 4149 τούτων
2604 4094 2947 4165 ὑπολαμϐάνοι
2965 4094 3073 4149 δύνῖ
3092 4096 3210 4149 σθαι
3230 4096 3431 4168 μαρτύ-

1840 4210 1943 4264 ριον
1956 4190 2237 4254 ὑπομεῖναι,
2256 4189 2342 4241 έάν
2358 4187 2539 4245 αὐτοὺς
2554 4185 2578 4239 ό
2594 4191 2684 4241 τοῦ
2699 4182 2921 4256 διωγμοῦ
2937 4188 3111 4259 καιρός
3129 4187 3421 4239 κατέλαϐεν.

1910 4289 2145 4333 ΓΡΙΙΓΟΡ.
2188 4280 2284 4331 Δύο
2312 4281 2432 4340 εἰσί,
2481 4278 2654 4351 Πέτρε,
2702 4278 2985 4354 μαρτυρίου
3026 4276 3151 4334 εῗδη⁹
3188 4276 3238 4329 ἔν
3279 4276 3327 4329 έν
3356 4283 3431 4348 τῷ

1840 4380 2073 4447 κρυπτῷ,
2116 4373 2198 4425 καί
2245 4372 2411 4442 ἕτερον
2457 4372 2506 4423 ἐν
2551 4378 2621 4442 τῷ
2659 4367 2876 4444 φανερῷ.
2916 4365 3013 4422 Κάν
3058 4372 3159 4445 γάρ
3206 4368 3429 4442 διωγμὸς

1842 4465 2021 4529 ἔξωθεν
2048 4462 2139 4518 οὐκ
2165 4463 2297 4529 ἔστι,
2324 4464 2381 4517 τὸ
2409 4469 2499 4517 τοῦ
2524 4465 2811 4538 μαρτυρίου
2834 4463 3027 4534 ἀξίωμα
3050 4463 3097 4515 έν
3117 4470 3187 4531 τῷ
3217 4470 3427 4536 κρυπτῷ

1844 4555 1965 4613 εἶναι
2008 4556 2242 4613 δύναται.
2276 4558 2325 4608 ἐν
2348 4563 2421 4627 τῷ
2450 4558 2720 4629 προθύμως
2760 4560 2848 4613 τήν
2892 4555 3072 4623 ψυχὴν
3116 4562 3219 4612 τοῖς
3251 4556 3432 4609 πάθεσι

1843 4646 2055 4716 δυνάμει
2088 4646 2503 4701 ἀντιτάσσεσθαι.
2543 4642 2658 4698 Ὀτι
2697 4642 2750 4699 δέ
2777 4643 2989 4698 δύναται
3017 4646 3100 4696 καί
3124 4645 3264 4704 ἐκτός
3290 4665 3431 4714 φανεο

1844 4745 1943 4811 ρῶν
1972 4745 2226 4811 τιμωριῶν
2253 4733 2378 4791 εἶναι
2403 4738 2704 4810 μαρτύριον,
2739 4735 2761 4788 ό
2789 4736 2963 4807 κύριος
2991 4736 3039 4788 ἐν
3068 4743 3139 4803 τῷ
3165 4737 3432 4808 εὐαῃελίῳ

1842 4827 2122 4894 δείκνυται,
2169 4826 2315 4886 ὅστις
2346 4836 2452 4885 τοῖς
2487 4826 2613 4887 υἱοῖς
2645 4824 2909 4880 Ζεϐεδαίου
2943 4826 2995 4878 ἐκ
3025 4835 3115 4885 τῆς
3146 4832 3233 4879 τοῦ
3262 4827 3433 4895 λογισ⁴

161 4911 514 4975 quarrentibus
555 4910 721 4963 dicit:
762 4910 979 4964 Potestis
1013 4914 1176 4966 bibere
1214 4919 1419 4970 calicem
1461 4936 1607 4984 quem
1647 4938 1730 4990 ego

1845 4928 1943 4992 μοῦ
1996 4924 2159 4990 ἀκμήν
2203 4922 2457 4978 ἀσθενείας
2507 4920 2754 4991 μεγάλους
2810 4927 2900 4980 τῆς
2956 4917 3197 4990 καθέδρας
3246 4919 3433 4978 τόπους

166 4998 397 5052 bibiturus
426 5017 541 5051 sum
575 5000 787 5069 (Matth.
818 5019 905 5065 xx,
928 5005 1059 5069 ‘22)?
1102 5008 1194 5058 Cui
1228 5008 1467 5061 videlicet
1497 5025 1617 5063 cum
1650 5026 1736 5064 rc-

167 5090 477 5152 spondercnt
503 5106 517 5143 ;
544 5089 859 5156 Possumus;
891 5097 961 5145 ait
993 5098 1225 5165 utrisque
1251 5116 1263 5150 :
1291 5099 1508 5153 Calicem
1532 5103 1739 5170 quidem

170 5194 314 5228 mrum
360 5178 575 5242 bibatis;
630 5182 803 5233 sedere
842 5194 1011 5236 autem
1050 5188 1115 5237 ad
1161 5188 1422 5242 dexteram
1466 5207 1629 5244 meam
1666 5194 1742 5246 vel

170 5274 429 5338 sinistram,
474 5290 573 5325 non
600 5285 674 5329 est
706 5293 871 5329 meum
897 5279 1022 5331 dare
1049 5282 1181 5335 vobis
1207 5283 1424 5352 (lbid.).
1463 5283 1598 5350 Quid
1643 5299 1741 5337 au-

174 5369 264 5413 tem
284 5362 462 5415 calicis
484 5379 704 5427 nomen,
740 5366 840 5418 nisi
866 5369 1125 5433 passionis
1154 5374 1399 5438 poculum
1432 5374 1644 5443 signal?
1675 5375 1742 5428 Et

173 5469 277 5506 cum
307 5455 562 5508 nimirqu
596 5467 805 5511 constet
827 5460 945 5526 quia
970 5462 1197 5516 Jacohus
1224 5466 1273 5517 in
1307 5466 1555 5532 passione
1586 5484 1741 5523 occu-

173 5546 287 5609 buit,
314 5547 554 5602 Joannes
584 5565 713 5603 vero
742 5551 792 5603 in
822 5566 953 5617 pace
989 5553 1239 5611 Ecclesiae
1280 5560 1507 5627 quievit,
1559 5561 1743 5614 iucun-

234 5665 497 5743 ‘lmugip.
557 5675 622 5743 et
660 5666 898 5727 'I'heotl.,
939 5668 978 5717 si
1015 5684 1098 5720 eos
1134 5686 1191 5722 eo
1235 5681 1459 5739 tempore
1498 5683 1743 5743 persecat.

179 5744 419 5800 temptstas
450 5736 750 5787 invenit-set.

236 5801 255 5837 δ
394 5842 411 5869 ,
448 5808 501 5873 ὃς.
514 5805 636 5872 είλῃ.

1846 5011 2167 5078 ἐπιζητοῦσιν
2220 5010 2374 5067 εἶπεν·
2409 5015 2629 5067 Δύνασθε
2676 5017 2834 5066 πίνειν
2879 5014 2937 5067 τό
2985 5018 3223 5085 ποτήριον
3270 5010 3295 5065 ὃ
3340 5012 3435 5082 ἐγὼ

1846 5106 2005 5176 μέλλω
2053 5107 2242 5167 πίνειν;
2297 5106 2464 5159 Αὐτῶν
2506 5101 2559 5157 δέ
2607 5104 2989 5179 ἀποκριθέντων,
3029 5106 3307 5171 Δυνάμεθα.
3331 5112 3435 5164 τοῖς

1846 5200 2146 5274 ἀμφοτέροις
2187 5195 2338 5253 εἶπεν
2370 5198 2436 5250 Τὸ
2594 5196 2828 5268 ποτήριόν
2866 5218 2964 5266 μου
3001 5198 3196 5260 πίεσθε,
3237 5196 3292 5248 τό
3322 5194 3375 5250 δέ
3412 5206 3434 5231 υ

1848 5293 2051 5346 καθίσαι
2077 5291 2129 5345 ἐκ
2157 5289 2327 5353 δεξιῶν
2372 5310 2469 5357 μου
2500 5291 2581 5341 καί
2612 5289 2661 5350 ἐξ
2697 5288 2996 5360 εὐωνύμων,
3039 5288 3123 5339 οὐκ
3147 5285 3290 5341 ἔστιν
3322 5286 3435 5357 ἐμόν

1847 5390 2000 5437 τοῦτο
2029 5380 2215 5441 δοῦναι,
2251 5380 2354 5432 ἀλλ’
2391 5377 2463 5438 οἷς
2488 5379 2788 5449 ήτοιμάσθη.
2818 5386 2876 5431 Ti
2902 5376 2955 5432 δέ
2983 5381 3226 5451 ποτηρίου
3257 5374 3434 5448 ὄνομα,

1847 5473 1888 5526 εί
1915 5476 1982 5539 μὴ
2011 5472 2066 5525 τό
2096 5470 2253 5528 πάθος
2275 5467 2337 5523 δι’
2354 5470 2510 5523 αὐτοῦ
2534 5472 2801 5537 σημαίνεις
2830 5468 2908 5521 Ἐν
2936 5470 3100 5539 τούτῳ
3129 5464 3213 5523 οὖν
3240 5467 3434 5523 sum-

1846 5584 1952 5623 ται,
1987 5560 2069 5615 ὅτι
2095 5559 2332 5615 Ἰάκωϐος
2384 5560 2469 5613 μέν
2500 5561 2646 5614 πάθει
2697 5559 2976 5616 ἐτελειώθη.
3022 5561 3248 5622 Ἰωάννης
3296 5560 3349 5617 δέ
3389 5563 3435 5615 ἐν

1928 5686 1947 5758 ς
1994 5676 2114 5737 MF”,
2149 5675 2261 5728 τινά
2290 5672 2454 5758 κόρην.

1923 5742 1944 5778 ¹¹
1992 5746 2111 5806 Ms.,
2146 5750 2311 5797 ταῦτα
2343 5740 2477 5813 αὐτῷ
2509 5742 2643 5800 ἐδηλ.

1926 5827 1947 5851 ι’
1992 5815 2113 5879 EtL,
2149 5816 2410 5872 καθῆσθαι.
