4000 6396
555 417 658 473 283

1761 409 2004 468 SANCTI
2045 408 2373 462 GRECORII
2417 409 2629 463 MAGNI

3735 416 3838 466 28$

544 534 722 604 ,εἰρήνῃ
750 536 843 589 τῆς
873 527 1144 588 ἐκκλησίας
1167 535 1193 564 ⁸
1219 528 1459 594 ἀνέπαυε.
1481 525 1556 580 Ἐν
1587 526 1752 580 ἅπασι
1774 529 1938 580 τοίνυν
1960 523 2153 579 δείκνυ-

2274 529 2466 574 :tanter
2497 521 2780 590 colligitur,
2811 532 2930 573 esse
2954 527 3004 573 et
3037 519 3150 573 sine
3175 528 3355 588 aperta
3385 523 3625 588 passione
3649 536 3845 596 marty-

553 646 658 679 ται.
698 625 784 677 καί
809 618 926 676 ἄνευ
964 627 1174 694 φανεροῦ
1207 622 1395 678 πάθους
1435 621 1714 692 μαρτύριον
1743 614 1886 683 εἶναι,
1919 618 2059 671 ὁπότ’
2089 615 2147 670 ἂν

555 717 777 774 κάκεῖνος
804 724 940 769 πιεῖν
966 716 1022 769 τὸ
1061 711 1151 768 τοῦ
1185 715 1352 791 κυρίου
1394 718 1634 786 ποτήριον
1677 713 1869 784 ἐρρέθη,
1915 711 2060 772 ὅστις
2104 714 2149 764 ἒν

555 807 761 879 διωγμῷ
791 807 878 858 οὐκ
907 807 1166 858 ἀπέθανεν.
1202 806 1318 878 Περὶ
1355 806 1548 857 τούτων
1586 802 1639 857 δὲ
1668 805 1912 859 τοιούτων
1948 808 2033 858 καί
2062 827 2150 861 τη-

554 901 797 955 λικούτων
835 898 1046 977 ἀνδρῶν,
1088 897 1152 952 ὧν
1192 903 1424 976 ἀνωτέρω
1459 903 1630 970 μνείαν
1681 905 1990 973 πεποίημαι,
2041 911 2151 961 πῶς

557 996 643 1047 οὐκ
668 991 863 1063 ἔχομεν
893 994 1070 1053 εἰπεῖν,
1110 989 1187 1044 ὅτι
1226 994 1268 1044 εἰ
1308 995 1496 1051 αὐτοὺς
1527 992 1550 1045 ό
1579 1001 1668 1046 τοῦ
1716 993 1941 1065 διωγμοῦ
1980 996 2152 1068 καιρός

557 1083 847 1146 κατέλαϐεν,
883 1083 1092 1140 ἑαυτοὺς
1118 1086 1192 1140 εἰς
1217 1085 1500 1154 μαρτύριον
1525 1081 1787 1138 ἐπιδοῦναι
1809 1082 1956 1154 εἶχον
1980 1103 1992 1148 ;
2035 1089 2153 1141 οἵτι-

555 1195 634 1234 νες
677 1180 766 1228 τοῦ
804 1170 1026 1242 ἀφανοῦς
1057 1173 1396 1249 πολεμὴτορος
1439 1177 1534 1233 τὰς
1581 1175 1780 1251 ἐνέδρας
1836 1177 1918 1232 διὰ
1963 1181 2152 1240 παντὸς

555 1264 875 1335 ὑπήνεγκαν,
919 1265 1006 1316 καὶ
1053 1265 1172 1322 τοὺς
1221 1264 1416 1316 ἑαυτῶν
1462 1264 1746 1325 ἀντιδίκους
1795 1269 1844 1320 ἐν
1899 1271 2035 1339 αὖτῷ
2080 1277 2152 1340 τῷ

556 1354 726 1424 κόσμῳ
753 1353 1045 1424 ἠγάπησαν,
1081 1357 1162 1405 καί
1192 1354 1387 1415 πάσαις
1421 1363 1534 1414 ταῖς
1563 1365 1832 1427 κοσμικαῖς
1863 1360 2156 1430 ἐπιθυμίαις

556 1447 885 1506 ἀντέστησαν,
908 1443 990 1500 διὰ
1019 1447 1074 1500 τὸ
1105 1448 1312 1504 ςἀντους
1337 1451 1514 1502 θυσίαν
1545 1446 1617 1521 τῷ
1649 1450 2014 1522 παντοδυνάμῳ
2045 1462 2152 1521 Θεῷ

556 1538 909 1609 προσενέγκαι.
931 1534 1048 1592 ’ωτι
1077 1536 1126 1590 δέ
1153 1542 1234 1589 ui
1264 1542 1312 1590 ἐν
1339 1547 1409 1608 τῷ
1438 1549 1526 1599 τῆς
1558 1545 1751 1616 εἰρήνης
1780 1552 1936 1617 καιρῷ
1964 1547 2152 1619 ἀρτίως

556 1629 638 1682 ἐπὶ
670 1637 769 1683 τῶν
799 1633 1054 1704 ἡμετέρων
1096 1632 1297 1704 χρόνων
1325 1630 1586 1705 μάρτυρες
1628 1636 1890 1706 γεγόνασιν
1921 1640 2152 1704 κοσμοκοί

556 1739 688 1778 τινες
713 1723 797 1772 καί
836 1730 894 1794 τῇ
926 1726 1027 1795 ζωῇ
1058 1725 1398 1796 ἀπράγμονες,
1444 1729 1525 1776 καί
1569 1727 1617 1776 ἐν
1652 1735 1713 1799 τῇ
1754 1729 1970 1797 οὐρανοῦ
2012 1728 2152 1802 δόξῃ,

555 1810 784 1879 στεφάνῳ
822 1815 1110 1885 μαρτυρίου
1142 1816 1612 1881 κατεκοσμήθησαν,
1649 1818 1958 1886 προφάσεως
1985 1821 2151 1873 εὐκαί-

558 1918 650 1972 ρου
682 1897 1008 1964 ἐπελθούσης,
1041 1900 1392 1973 διηγήσασθαι
1411 1906 1741 1975 πειράσομαι.

1164 1997 1387 2045 arma.
1429 1993 1543 2046 ttz'.

558 2075 672 2147 Περὶ
729 2082 828 2130 τῶν
872 2083 940 2148 μή
981 2078 1292 2157 θελησάντων
1342 2093 1716 2154 μιαροφαγῆσαι
1765 2079 2160 2157 τεσσαράκοντα

627 2154 895 2267 γεωργῶν,
950 2153 1035 2202 καί
1093 2152 1194 2203 ὑπὸ
1243 2158 1342 2204 τῶν
1396 2152 1763 2226 Λογγοεαρδων
1817 2152 2161 2230 ἀποκεφαλισ-

654 2237 826 2267 εντων.

597 2237 600 2240 ⁴
627 2237 826 2270 σεντων.

628 2307 724 2380 Πρὸ
753 2314 852 2361 τῶν
885 2305 1152 2363 δεκαπέντε
1191 2314 1385 2365 τούτων
1416 2313 1559 2377 ἐτῶν,
1591 2319 1752 2376 καθὼς
1783 2314 1924 2374 οὗτοι
1953 2343 2151 2396 μαρτυη

557 2402 766 2471 ροῦσιν,
808 2398 985 2458 οἵτινες
1016 2403 1202 2468 μεταξύ
1231 2404 1399 2456 αὐτῶν
1442 2405 1555 2460 τότε
1599 2410 1863 2481 εἶιρεθῆναι
1901 2412 2156 2483 λέγουσιν,

557 2488 952 2562 τεσσαράκοντα
993 2495 1205 2564 γεωργοὶ
1242 2495 1383 2568 παρὰ
1420 2503 1521 2548 τῶν
1559 2501 1926 2575 Λογγοϐάρδων
1961 2507 2159 2576 αἰχμα-

558 2578 908 2644 λωτισθέντες,
942 2585 1064 2655 κρέα
1085 2590 1175 2642 τῆς
1202 2586 1367 2639 αὐτῶν
1393 2588 1576 2649 θυσίας
1598 2600 1771 2661 φαγεῖν
1796 2600 2156 2664 ἠναγκάζοντο.

556 2669 749 2743 Σφόδρα
779 2669 832 2724 δέ
871 2675 1034 2726 αὐτῶν
1079 2677 1500 2738 ἀντισταθέντων,
1547 2686 1635 2736 καί
1686 2683 1933 2754 βρώσεως
1969 2695 2162 2762 μιαρᾶς

560 2762 792 2833 ἅψασθαι
821 2767 890 2832 μή
923 2765 1266 2834 ἀνεχοαένων,
1310 2769 1524 2841 ἤρξαντο
1560 2775 1602 2824 οῗ
1636 2776 2163 2842 αἰχμαλωτεύσαντες

561 2859 749 2916 αὐτοὺς
787 2859 1134 2934 Λογγόϐαρὸοι
1363 2863 1570 2919 θάνατον
1599 2869 1768 2930 αὐτοῖς
1806 2873 2046 2939 ἀπειλεῖν,
2080 2878 2160 2929 ἐὰν

561 2947 630 3020 μή
657 2955 756 3001 τῶν
777 2950 1142 3003 θυσιασθὲντων
1167 2960 1321 3023 κρεῶν
1351 2955 1597 3024 φάγωσιν.
1620 2966 1822 3014 Ἐκεῖνοι
1851 2961 1905 3015 δὲ
1927 2970 2014 3023 τήν
2041 2970 2162 3020 αἰὼ-

559 3061 661 3093 νιον
686 3039 872 3110 μᾶλλον
911 3045 1043 3104 ζωὴν
1086 3042 1448 3111 ἀγαπήσαντες
1477 3046 1607 3120 ὑπὲρ
1651 3049 1840 3106 ταύτην
1870 3057 1959 3114 τήν
1997 3058 2164 3127 πρόσ.

559 3149 733 3202 καιρον
759 3133 839 3184 καί
871 3133 1261 3207 παρερχομένην
1290 3141 1487 3193 πιστῶς
1520 3131 1546 3170 δ
1578 3136 1888 3205 ἐστάθησαν,
1920 3147 1999 3196 καὶ
2024 3147 2074 3198 ἐν
2101 3156 2161 3206 τῆ

2185 1888 2233 1946 Β

2258 614 2418 680 rium,
2440 613 2654 681 quando
2674 623 2728 666 et
2750 613 2837 665 ille
2859 612 3078 666 calicem
3106 612 3314 666 Domini
3342 615 3523 668 bibere
3544 616 3715 669 dictus
3743 628 3843 685 est,

2257 705 2346 772 qui
2379 721 2443 758 ex
2467 704 2840 772 persecutione
2869 715 3112 758 mortuus
3161 719 3263 758 non
3298 715 3399 759 est.
3437 707 3510 762 De
3555 708 3635 762 his
3670 724 3844 766 autem

2258 795 2453 849 talibus
2481 795 2746 863 tantisque
2774 794 2925 859 viris,
2965 811 3189 864 quorum
3243 799 3490 864 superius
3536 804 3846 856 memoriam

2259 884 2383 950 feci,
2414 901 2511 939 cur
2539 887 2781 941 dicamus
2823 886 2945 954 quia
2986 885 3030 939 si
3085 888 3468 952 persecutionis
3497 899 3702 957 tempus
3729 907 3849 946 exs-

2261 977 2482 1040 titisset,
2529 986 2794 1045 martyres
2837 990 2956 1029 esse
2987 975 3311 1043 potuissent,
3342 979 3429 1044 qui
3459 981 3652 1034 occulti
3683 981 3848 1036 hostis

2263 1068 2494 1132 insidias
2515 1068 2826 1132 tolerantes,
2849 1080 3079 1134 suosque
3103 1066 3152 1118 in
3176 1066 3277 1119 hoc
3296 1069 3494 1120 mundo
3514 1070 3847 1128 adversarios

2261 1158 2566 1228 diligentes,
2597 1158 2804 1213 cunctis
2847 1156 3150 1212 carnalibus
3181 1157 3461 1213 desideriis
3515 1163 3849 1232 resistentes,

2264 1266 2358 1318 per
2389 1253 2487 1304 hoc
2519 1250 2657 1319 quod
2687 1263 2745 1302 se
2773 1250 3121 1315 omnipotenti
3157 1249 3264 1302 Deo
3299 1251 3349 1302 in
3380 1251 3542 1305 corde
3590 1265 3851 1308 mactave-

2264 1354 2406 1407 runt,
2436 1344 2596 1395 etiam
2623 1341 2769 1408 pacis
2794 1350 3034 1406 tempore
3061 1349 3319 1408 martyres
3341 1340 3573 1405 fuerunt,
3601 1342 3731 1396 dum
3756 1360 3851 1397 no-

2269 1436 2387 1488 stris
2445 1434 2604 1488 modo
2663 1435 2990 1500 tempmibus
3031 1435 3162 1487 viles
3213 1450 3426 1502 quoque
3475 1443 3530 1489 et
3580 1438 3852 1491 Saecularis

2269 1528 2385 1579 vittc
2415 1539 2692 1594 personas,
2727 1525 2793 1578 de
2823 1524 3011 1591 quibus
3035 1525 3104 1577 nil
3129 1525 3363 1578 cmlestis
3392 1527 3573 1593 gloria:
3607 1527 3851 1596 praesumi

2265 1633 2424 1685 posse
2447 1616 2745 1680 videbatur,
2776 1615 2964 1667 oborta
3007 1615 3314 1680 occasione,
3347 1617 3569 1687 contigit
3611 1619 3675 1672 ad
3705 1633 3850 1673 mar-

2266 1706 2390 1775 tyrii
2421 1719 2652 1759 coronas
2681 1703 3025 1771 pervenisse?

2814 1995 3040 2051 CAPUT
3081 1997 3294 2051 XXVII.

2268 2087 2345 2140 De
2400 2089 2741 2156 quadraginta
2789 2089 3027 2158 rusticis,
3089 2091 3175 2155 qui
3237 2107 3327 2158 pro
3384 2107 3440 2143 eo
3488 2094 3624 2156 quod
3676 2110 3853 2146 carnes

2338 2152 2991 2233 comedere-immolatﬂias
3039 2152 3350 2226 noluerunt,
3407 2178 3437 2214 a
3495 2152 3851 2233 Laugobardis

2337 2232 2491 2282 occisi
2518 2237 2658 2281 attrit.

2336 2321 2468 2374 Nam
2498 2331 2624 2374 ante
2653 2321 2750 2374 bos
2783 2323 2948 2376 ferme
2977 2337 3146 2376 annos
3176 2323 3503 2398 quindecim,
3535 2324 3670 2379 sicut
3701 2325 3749 2377 bi
3778 2337 3850 2377 te-

2266 2421 2480 2466 stantur
2506 2413 2597 2480 qui
2629 2413 2887 2466 interesse
2912 2421 3220 2481 potuerunt,
3245 2411 3272 2449 h
3296 2417 3641 2484 quadraginta
3674 2415 3851 2468 rustici

2265 2519 2294 2556 a
2339 2503 2705 2572 Langobardis
2743 2504 2904 2570 capti,
2951 2518 3141 2558 carnes
3179 2505 3543 2561 immnlatitias
3573 2510 3853 2563 comedere

2267 2596 2748 2663 compellebantur.
2782 2595 2882 2661 Qui
2912 2611 3032 2648 cum
3076 2598 3228 2652 valde
3261 2602 3594 2664 resisterent,
3648 2611 3704 2656 et
3732 2616 3854 2656 enn-

2270 2689 2474 2757 tiugere
2493 2689 2670 2741 cibum
2695 2691 3010 2756 sacrilegum
3037 2691 3262 2754 nollent,
3289 2707 3500 2760 coepere
3519 2694 3856 2760 Langobardi

2267 2781 2355 2848 qui
2396 2779 2561 2850 340
2594 2795 2688 2833 eos
2712 2790 3012 2844 tenuerant,
3048 2779 3146 2833 nisi
3185 2781 3453 2834 immolata
3474 2783 3846 2847 comederent,

2268 2883 2495 2925 mortem
2513 2873 2592 2925 eis
2615 2870 2829 2924 minari.
2850 2871 2916 2924 At
2941 2872 3013 2923 illi
3039 2882 3289 2925 :eternam
3315 2875 3492 2940 potius
3514 2875 3680 2926 vitam
3700 2890 3854 2942 quam

2270 2977 2590 3030 prasentem
2621 2978 2683 3016 ac
2723 2963 3082 3016 transitoriam
3131 2964 3436 3032 diligentes,
3471 2964 3704 3019 ﬁdeliter
3736 2981 3854 3032 per-

2269 3055 2550 3117 stiterunt,
2582 3062 2741 3121 atque
2765 3053 2817 3106 iu
2845 3068 2941 3107 sua
2975 3055 3271 3108 constantia
3297 3055 3453 3108 simul
3492 3071 3680 3110 omnes
3701 3058 3855 3110 occisi

2270 3148 2566 3213 sunt.Qnid
2600 3147 2778 3214 itaque
2809 3147 2916 3210 isti,
2941 3146 3039 3198 nisi
3070 3147 3309 3201 veritatis
3339 3156 3603 3218 martyres
3625 3150 3855 3214 fuerunt,

559 3219 752 3273 ἑαυτῶν
793 3219 1029 3292 ὁμολογίᾳ
1060 3223 1247 3281 πάντες
1289 3221 1602 3296 ἐσφάγησαν.
1645 3233 1703 3283 Τί
1733 3226 1839 3292 οὖν,
1876 3237 2001 3306 οὐχὶ
2030 3240 2158 3314 μάρ.

2274 3238 2379 3307 qui,
2401 3255 2467 3293 ne
2485 3240 2704 3292 vetitum
2723 3237 3076 3302 comedendo,
3091 3236 3434 3294 Conditorem
3452 3256 3602 3294 suum
3623 3242 3859 3296 olIende-

561 3332 716 3387 τυρες
745 3319 837 3370 τῆς
885 3312 1118 3371 ἀληθείας
1159 3315 1342 3374 πάντες
1385 3316 1552 3371 αὐτῶν
1591 3319 1831 3390 ἐγένοντο,
1878 3328 2052 3388 οἵτινες
2079 3312 2164 3387 ἵνα

2271 3343 2409 3396 rent,
2441 3332 2719 3397 elegerunt
2746 3327 2932 3397 gladiis
2963 3327 3125 3380 vitam
3152 3327 3336 3384 ﬁnire?

560 3409 629 3474 μή
683 3406 741 3460 τὸ
799 3405 1012 3458 κωλυθέν
1041 3405 1283 3479 φάγωσιν,
1339 3417 1362 3446 ο
1397 3412 1480 3464 καὶ
1514 3419 1587 3482 τῷ
1624 3426 1802 3490 κτιστῇ
1854 3425 2014 3482 αὐτῶν
2050 3432 2454 3506 προσκόψωσιν,
2504 3424 2796 3487 ἐπελέξαντο
2830 3422 3013 3492 μᾶλλον
3057 3420 3140 3476 διὰ
3166 3423 3334 3492 ξίφους
3377 3428 3466 3482 την
3495 3428 3627 3487 ζωὴν
3673 3424 3856 3481 ταύτην

561 3496 846 3560 ἀπαλλάξαι
864 3513 877 3559 ;

1168 3595 1389 3645 ΚΕΦΑΛ.
1434 3593 1548 3647 KH’.

560 3677 678 3748 Περὶ
704 3683 804 3728 τῶν
833 3676 1180 3762 αἰχμαλώτων
1203 3685 1304 3730 τῶν
1338 3683 1408 3747 μή
1434 3681 1746 3740 θελησάντων
1772 3694 1860 3747 τήν
1892 3703 1983 3756 τῆς
2019 3699 2162 3773 αἰγὶς

759 3754 970 3816 κεφαλήν
997 3755 1373 3814 προσκυνῆσαι,
1404 3754 1487 3802 καὶ
1511 3760 1956 3829 κατασφαγένςων,

631 3833 712 3886 Ἐν
735 3841 808 3905 τῷ
834 3835 970 3904 αὐτῷ
998 3835 1163 3886 τοίνυν
1197 3843 1349 3907 καιρῷ
1371 3837 1575 3909 ἑτέρους
1605 3845 1766 3919 μέχρι
1793 3856 1892 3901 τῶν
1925 3849 1951 3886 (1
1975 3876 2162 3932 “TPa-

561 3925 746 3979 κοσίων
775 3924 1067 3994 ἐκράτησαν
1097 3923 1142 3974 οἱ
1182 3924 1554 3999 Λογγόϐαρδοι,
1591 3935 1721 3986 κατά
1763 3933 1817 3989 δὲ
1848 3939 1904 3992 τὸ
1934 3940 2046 4005 ἔθος
2066 3923 2163 4000 ,αὐ-

562 4025 679 4083 τῶν,
720 4017 934 4088 κεᾳαλὴν
966 4018 1106 4088 αἰγὸς
1147 4026 1220 4091 τῷ
1246 4017 1463 4090 διαϐόλῳ
1499 4020 1708 4092 ἔθυσαν,
1736 4031 1897 4103 κύκλῳ
1933 4043 2164 4115 περιτρέ..

564 4131 770 4180 χοντες,
799 4115 882 4164 καὶ
915 4120 937 4146 θ
969 4108 1164 4182 ᾅσματι
1207 4119 1377 4187 μιαρῷ
1421 4111 1551 4184 ᾠδήν
1591 4117 2002 4189 ἀναπέμποντες,
2044 4132 2163 4188 τοὺς

563 4204 788 4272 αὐχένας
810 4204 977 4257 αὐτῶν
1015 4204 1180 4270 τούτῳ
1227 4199 1577 4264 όποκλίνοντες
1612 4211 1696 4260 καί
1719 4216 2160 4287 προσευχόμενοι.

564 4300 723 4346 Τοῦτο
750 4293 800 4347 δέ
834 4295 1020 4365 πράξαι
1057 4295 1138 4346 καί
1172 4291 1258 4352 οὓς
1287 4294 1567 4370 ἐκράτησαν
1599 4297 1914 4370 ὁμοθυμαδὸν
1936 4307 2163 4378 ἠνάγκα-

564 4386 666 4445 ζον.
693 4381 858 4439 Ἀπαν
888 4383 940 4438 δέ
971 4381 1317 4454 αἰχμαλώτων
1348 4387 1406 4438 τό
1447 4386 1635 4446 πλῆθος
1664 4390 1949 4454 ἐπελέξαντο
1980 4398 2162 4466 μᾶλλον

564 4472 648 4527 διὰ
671 4482 761 4528 τοῦ
788 4477 1108 4548 προσκαίρου
1138 4475 1357 4527 θανάτου
1386 4480 1475 4532 τήν
1507 4479 1750 4533 ἀθάνατον
1778 4487 1905 4544 ζωήν
1944 4484 2165 4542 έπισπά..

563 4566 776 4627 σασθαι,
815 4564 845 4622 ἣ
886 4571 998 4623 τοῖς
1035 4565 1199 4617 αὐτῶν
1240 4575 1444 4638 μιαροῖς
1476 4569 1813 4640 κελεύσμασιν
1845 4575 2161 4643 ὑπακοῦσαι,

566 4659 651 4709 καὶ
670 4657 764 4708 σὺν
790 4654 959 4712 αὐτοῖς
979 4656 1425 4727 προσευξαμένους
1451 4661 1540 4725 ζῇν
1572 4663 1979 4735 τεθανατωμένην
2008 4671 2158 4730 ζωήν.

2801 3578 3028 3633 CAPUT
3068 3577 3302 3635 XXVIII.

2270 3673 2348 3726 De
2393 3671 2719 3726 multitudine
2772 3670 3106 3737 captivorum,
3151 3671 3238 3736 qui
3286 3687 3378 3737 pro
3420 3687 3479 3722 eo
3527 3674 3670 3739 quod
3716 3685 3859 3733 caput

2490 3757 2659 3810 capra:
2705 3741 2920 3792 adorare
2962 3741 3258 3805 uoluerunt,
3312 3741 3466 3793 act-isi
3508 3753 3652 3796 sunt.

2345 3834 2549 3887 Eodem
2581 3845 2793 3900 quoque
2826 3837 3085 3897 tempore,
3113 3831 3239 3883 dum
3291 3833 3401 3885 fere
3439 3833 3861 3903 quadringentos

2271 3925 2512 3993 captivos
2543 3924 2677 3976 alios
2709 3922 3044 3989 Langobardi
3078 3923 3389 3988 tenuissent,
3436 3940 3584 3977 more
3639 3942 3736 3979 suo
3769 3926 3861 3978 itii-

2272 4017 2609 4070 molaverunt
2631 4023 2788 4080 caput
2806 4027 2983 4080 capra:
2999 4012 3237 4077 diabolo,
3272 4015 3371 4067 boc
3389 4016 3435 4067 ei
3464 4029 3557 4082 per
3584 4017 3860 4070 circuitum

2273 4114 2552 4159 currentes
2599 4112 2653 4155 et
2695 4103 2932 4156 carmine
2973 4102 3202 4156 nefando
3251 4104 3580 4158 dedicantes.
3628 4109 3862 4176 Cumque

2272 4196 2399 4250 illud
2447 4195 2548 4265 ipsi
2599 4195 2744 4263 prius
2788 4196 3068 4248 submissis
3109 4197 3405 4250 cervicibus
3434 4198 3744 4264 adorarent,
3775 4212 3860 4252 eos

2273 4307 2486 4360 quoque
2517 4305 2650 4357 quos
2681 4301 2934 4357 ceperant
2966 4291 3066 4342 hoc
3105 4292 3327 4345 adorare
3352 4292 3551 4357 pariter
3577 4293 3860 4362 compelle-

2271 4385 2414 4438 banl.
2448 4382 2551 4437 Sed
2581 4398 2645 4436 ex
2669 4383 2870 4436 eisdem
2892 4382 3117 4448 captivis
3139 4384 3360 4434 maxima
3387 4385 3675 4436 multitudo
3697 4385 3860 4452 magis

2271 4474 2475 4543 eligens
2505 4474 2784 4528 moriendo
2815 4473 2878 4525 ad
2903 4474 3063 4525 vitam
3089 4474 3444 4525 immortalem
3469 4477 3690 4528 tendere
3706 4489 3856 4543 quam

2272 4566 2552 4620 adoraudo
2583 4566 2745 4619 vitam
2780 4566 3055 4618 mortalem
3079 4576 3280 4628 tenere,
3315 4566 3860 4636 obtemperarejussis

2273 4657 2547 4727 sacrilegis
2579 4659 2882 4720 noluerunt,
2913 4666 2965 4709 et
2992 4657 3260 4709 cervicem
3285 4673 3440 4725 quam
3465 4673 3680 4727 semper
3699 4661 3857 4713 Crea-

565 4745 769 4812 Λύχένα
794 4744 894 4814 γάρ
933 4738 951 4777 ί
987 4739 1038 4794 ὃν
1060 4749 1131 4811 τῷ
1159 4753 1339 4819 κτιστῇ
1362 4745 1584 4801 πάντοτε
1616 4750 1895 4815 ὐπέκλιναν,
1928 4762 2001 4826 τῷ
2024 4759 2158 4811 κτίσ-

2274 4750 2372 4800 tori
2402 4750 2662 4801 ﬂexerant
2679 4757 2936 4799 creatura:
2961 4746 3219 4800 inclinare
3238 4756 3693 4816 contempserunt.
3714 4748 3857 4804 Unde

566 4856 687 4903 ματι
716 4833 982 4885 ὐποκλῖναι
1002 4833 1088 4884 οὐκ
1112 4836 1416 4903 ἠνέσχοντο.
1446 4834 1590 4892 Ὀθεν
1620 4842 1786 4912 γέγονε
1819 4847 1937 4904 τούς
1975 4855 2163 4920 κρατή-

565 4945 758 4982 σαντας
787 4925 976 4979 αὐτοὺς
1003 4924 1275 4992 πολεμίους
1316 4926 1644 5001 σφοδροτάτῳ
1681 4935 1822 5005 θυμῷ
1851 4944 1874 4979 ες
1907 4937 2163 4991 ἑκκαυοέν-

564 5040 676 5083 τας,
723 5022 919 5074 πάντας
953 5017 1117 5068 αὐτῶν
1162 5017 1349 5086 ξίφεσιν
1378 5019 1592 5076 ἀνελεῖν.
1643 5022 1841 5096 οὕσπερ
1873 5027 1921 5077 ἐν
1950 5035 2011 5097 τῇ
2059 5028 2163 5103 ῐὲίᾳ

565 5114 725 5180 πλάνῃ
755 5109 1130 5182 συμμετόχους
1154 5117 1314 5178 σχεῖν
1334 5111 1422 5161 οὐκ
1452 5109 1780 5170 ἐδυνήθησαν.
1807 5118 1866 5167 Τί
1889 5111 1973 5170 οὖν
1991 5118 2162 5172 λοιπὸν

565 5203 879 5271 θαυμαστὸν,
920 5202 1006 5254 ἐὰν
1053 5205 1235 5271 καιροῦ
1271 5195 1497 5270 διωγμοῦ
1540 5203 1910 5263 καταλαϐόντος
1948 5208 2164 5268 ἑαυτοὺς

567 5294 636 5351 εἰς
666 5293 948 5365 μαρτύριον
973 5288 1277 5364 παρέδωκαν
1318 5290 1517 5352 ἐκεῖνοι,
1556 5293 1604 5343 ἐν
1634 5300 1706 5364 τῷ
1739 5302 1830 5353 τῆς
1861 5298 2050 5370 εἰρήνης
2075 5309 2166 5359 τῆς

568 5381 832 5441 ἐκκλησίας
865 5389 1026 5455 καιρῷ
1063 5380 1278 5440 ἑαυτοὺς
1313 5382 1528 5436 πάντοτε
1573 5381 1637 5437 δι’
1668 5386 1962 5456 ἐγκρατείας
2017 5390 2162 5449 ἐκτή-

641 5503 666 5532 ⁸
709 5496 829 5558 Ms.,
857 5498 1134 5553 ἀνεπαύθη.

639 5568 666 5604 δ
707 5567 827 5639 ΜΞ..
859 5565 1107 5626 ἔστησαν,
1137 5569 1217 5617 καὶ
1246 5567 1298 5618 ἐκ
1322 5574 1381 5639 τῇ
1411 5566 1668 5638 ὅμολογία.

643 5647 665 5711 ς
707 5638 828 5698 Mm,
845 5640 930 5711 καί
946 5639 1028 5690 τόν
1048 5642 1255 5711 κτίστην
1278 5638 1436 5688 αὐτῶν
1457 5640 1821 5711 προσκόψωσιν
1843 5642 2160 5711 ἡρετίσαντο.

641 5705 665 5743 δ
710 5705 1174 5778 Mendnselhﬁti,
1211 5705 1545 5778 τριακοσίων,
1599 5705 1718 5762 cuin
1765 5715 1814 5763 in
1861 5705 1972 5764 Lat.
2008 5721 2160 5764 textu

571 5779 820 5849 It‘gatitur
851 5775 1242 5849 quadringenti.

644 5846 667 5889 ο
707 5848 830 5910 “5.,
884 5846 1085 5912 ἆσμαυι
1129 5854 1328 5916 μιαροῖς
1376 5851 1454 5900 καὶ
1504 5846 1658 5916 ᾠδαῖς
1698 5852 1927 5905 ἀναπ....
1965 5851 2159 5904 υποκλί·

2272 4839 2466 4891 factum
2495 4847 2576 4893 est
2607 4847 2663 4892 ut
2690 4840 2870 4890 hostes
2899 4839 2986 4905 qui
3005 4852 3097 4891 eos
3123 4848 3395 4905 ceperant,
3422 4841 3565 4907 gravi
3592 4841 3857 4893 iracundia

2270 4931 2509 4996 accensi,
2540 4940 2760 4985 cunctos
2786 4930 2979 5000 gladiis
3011 4931 3392 4998 interficerent,
3424 4949 3559 4999 quos
3591 4934 3641 4988 in
3680 4947 3856 4986 errore

2271 5039 2370 5078 suo
2416 5023 2702 5091 participes
2733 5036 2836 5073 non
2880 5019 3156 5074 baberent.
3211 5020 3346 5086 Quid
3395 5039 3522 5093 ergo
3554 5026 3742 5077 mirum
3793 5022 3856 5088 si,

2272 5123 2589 5180 erumpente
2621 5110 3008 5181 persecutionis
3037 5123 3295 5180 tempore,
3343 5113 3419 5167 illi
3451 5127 3712 5185 martyres
3739 5131 3856 5169 esse

2275 5206 2591 5274 potuissent,
2622 5205 2709 5271 qui
2740 5205 2789 5255 in
2825 5205 2938 5270 ipsa
2968 5218 3178 5272 quoque
3222 5219 3350 5271 pace
3383 5205 3635 5260 Ecclesia:
3664 5216 3858 5260 δοίης-ιο

2273 5297 2419 5365 ἱρευδ
2445 5311 2659 5363 semper
2697 5294 2984 5364 afﬂigendo
3007 5305 3285 5366 angustam
3311 5298 3548 5367 martyrii
3581 5308 3858 5350 tenuerant

2276 5388 2436 5456 viam,
2471 5388 2706 5458 quando,
2750 5385 2766 5425 ί
2806 5389 3040 5442 irruente
3080 5389 3462 5458 persecutionis
3507 5388 3753 5456 articulo,
3808 5390 3858 5444 bi

2273 5522 2449 5561 ναντες
2455 5541 2467 5552 .

2347 5571 2364 5609 τ
2410 5569 2575 5645 βόίῑί,
2606 5569 2740 5643 αὑτῷ
2763 5579 2963 5645 κτιστῇ.

2344 5652 2368 5714 F
2409 5643 2529 5704 MS.,
2562 5642 2854 5712 ἐξαφθέντας
2882 5642 3080 5714 πάντας
3105 5642 3286 5701 αὐτοὺς
3316 5643 3413 5714 ξίφ.

2342 5713 2366 5750 h
2398 5711 2676 5782 Eorumet
2711 5711 3050 5778 sequentium
3083 5711 3378 5782 martyrum
3424 5715 3680 5770 memoria
3707 5716 3844 5770 cele-

2269 5783 2452 5836 bratur
2481 5782 2565 5833 die
2590 5781 2624 5832 2
2646 5782 2799 5834 Mart.

2347 5855 2359 5887 ¹
2409 5851 2547 5905 Edili
2579 5853 2866 5920 ingruente.
