4000 6362
187 329 281 387 εδδ

1429 323 1879 383 DIALOGOBUM
1919 323 2117 379 LIBER
2158 324 2242 379 Ill.

3355 320 3464 378 286

186 448 345 501 etiam
387 449 715 497 meruerunt
742 440 981 511 martyrii
1024 441 1228 510 palmas
1276 440 1541 510 accipere,
1587 439 1678 509 qui
1728 440 1781 493 in

1892 459 2079 501 κοντες,
2111 442 2192 493 καί
2218 441 2396 496 στενήν
2421 439 2703 511 μαρτυρίου
2732 442 3034 510 κρατοῦντες
3062 434 3192 504 ὁδὸν,
3237 434 3378 492 ὁπότ’
3407 434 3467 490 ἂν

187 548 322 605 pace
350 530 614 587 Ecclesia:
646 531 782 583 latas
811 529 971 599 hujus
999 531 1179 585 szeculi
1211 531 1320 584 vias
1349 531 1498 598 sequi
1531 528 1786 583 videban-

190 633 278 677 tur
296 622 322 674 ἲ
348 621 456 675 Nec
484 631 671 673 tamen
702 621 824 684 hoc,
852 619 991 689 quod
1020 620 1087 674 de
1116 620 1319 674 eisdem
1341 619 1529 673 electis
1557 620 1782 673 dicimus

189 715 343 778 viris,
372 713 441 767 de
464 712 676 765 cunctis
701 710 809 778 jam
836 712 985 780 quasi
1009 712 1060 763 in
1092 710 1327 779 regulam
1365 722 1627 765 tenemus.
1652 711 1784 764 Nam

191 820 316 858 cum
337 802 732 869 persecutionis
754 810 951 868 apertas
970 808 1174 867 tempus
1202 799 1374 865 irruit,
1394 800 1530 853 sicut
1549 800 1785 868 plerique

192 890 509 961 martyrium
538 890 723 943 subire
755 896 997 956 possunt,
1029 888 1117 956 qui
1144 903 1265 942 esse
1288 889 1339 942 in
1375 903 1503 958 pace
1532 888 1785 944 Ecclesiae

194 979 555 1044 despicabiles
571 978 854 1041 videntur;
880 980 949 1031 ita
974 993 1347 1045 nonnunquam
1375 987 1398 1015 ι
1423 980 1474 1030 in
1497 978 1784 1033 debilitatis

196 1070 543 1125 formidinem
592 1082 871 1129 corruunt,
921 1070 1009 1137 qui
1060 1070 1110 1123 in
1164 1084 1290 1136 pace
1340 1071 1485 1137 prius
1531 1070 1784 1125 Ecclesia:

194 1162 413 1215 fortiter
443 1169 587 1213 stare
616 1158 993 1212 credebantur.
1038 1158 1142 1213 Sed
1186 1173 1278 1211 eos
1306 1158 1371 1211 de
1410 1160 1600 1227 quibus
1650 1175 1785 1227 pra:-

196 1254 456 1318 diximus,
511 1251 626 1305 fieri
683 1263 943 1320 martyres
988 1252 1223 1316 pOtuisse
1274 1249 1493 1303 fidenter
1538 1250 1781 1314 fatemur,

195 1343 323 1411 quia
356 1341 460 1395 hoc
489 1341 597 1408 jam
630 1355 695 1394 ex
719 1355 902 1393 eorum
938 1340 1042 1392 line
1066 1340 1383 1409 colligimus.
1414 1340 1616 1394 Cadere
1642 1342 1783 1394 enim

196 1446 299 1485 nec
343 1431 397 1485 in
442 1440 625 1499 aperta
668 1431 1042 1495 persecutione
1085 1438 1331 1497 poterant
1383 1431 1433 1483 hi
1477 1431 1544 1485 de
1592 1432 1785 1499 quibus

195 1530 409 1574 constat
440 1520 564 1588 quia
596 1530 647 1572 et
679 1534 845 1587 usque
872 1518 937 1572 ad
962 1518 1120 1572 linem
1154 1519 1273 1573 vita:
1303 1519 1354 1573 in
1387 1520 1593 1574 occulta
1625 1520 1782 1575 animi

194 1610 397 1663 virtute
424 1610 787 1678 perstiterunt.

1888 526 1933 579 οἷ
1959 530 2049 583 τὴν
2078 532 2167 581 τοῦ
2200 526 2395 594 κόσμου
2440 526 2682 580 πλατεῖαν
2726 524 2982 584 ὁδεύοντες
3025 524 3161 589 ὁδὸν,
3202 527 3251 579 ἐν
3276 536 3339 597 τῇ
3378 535 3468 585 τῆς

1884 616 2146 675 ἐκκλησίας
2189 616 2356 690 εἰρήνῃ
2396 613 2619 685 διωγμοῦ
2650 616 2815 673 αὐτοῖς
2850 623 2871 651 ο
2915 616 3224 676 ἐπεστῶτος,
3269 636 3467 688 μαρτν-

1884 706 1996 777 ρίου
2026 706 2302 775 στεφάνους
2344 704 2517 757 λαϐεῖν
2561 704 2861 767 ἠξιώθησαν.
2892 703 3149 773 ’Δσφαλῶς
3186 705 3352 756 τοίνυν
3390 705 3469 757 »πί

1886 795 2290 868 ὁμολογουμένως
2330 794 2630 869 κρατοῦμεν,
2667 796 2747 851 ὅτι
2792 798 2836 850 οί
2882 797 3093 851 ἐκλεκτοί
3124 795 3299 871 ἄνδρες
3328 794 3471 851 οὗτοι

1885 888 2003 954 περί
2030 884 2095 937 ὧν
2122 886 2349 957 λέγομεν,
2389 890 2475 939 καί
2504 888 2552 939 ἐν
2579 894 2737 959 καιρῷ
2779 892 2990 958 φανεροῦ
3022 884 3243 959 διωγμοῦ
3271 908 3473 960 μαρτυ-

1885 975 1977 1045 ρίῳ
2011 973 2265 1027 ἐπιδοῦναι
2306 975 2521 1035 έαυτούς
2563 974 2832 1039 ἠδύναντο,
2864 974 3087 1049 καθάπερ
3123 979 3207 1030 καί
3236 977 3471 1032 πλεῖστοι

1886 1065 1934 1116 ἐν
1965 1072 2034 1132 τῷ
2061 1073 2151 1123 τῆς
2186 1061 2210 1100 ἀ
2245 1066 2442 1133 εἰρήνης
2484 1074 2667 1139 καιρῷ,
2700 1067 2875 1125 οἵτινες
2898 1069 3084 1139 οἰκτροὶ
3104 1068 3186 1120 καί
3214 1065 3473 1135 οὐδαμινοί

1887 1155 2159 1225 ἐφαίνοντο.
2191 1157 2461 1223 Συμξαίνει
2496 1156 2551 1209 δὲ
2588 1156 2823 1215 πολλάκις
2865 1158 2916 1210 ἐν
2950 1164 3111 1232 καιρῷ
3150 1154 3371 1227 διωγμοῦ
3402 1162 3473 1218 εἰς

1887 1242 2067 1296 δειλίαν
2111 1243 2391 1314 ἀδυναμίας
2434 1254 2755 1308 καταπεσεῖν,
2798 1246 2885 1307 οῦς
2918 1247 3165 1321 πρότερον
3210 1248 3256 1300 ἐν
3279 1256 3352 1317 τῷ
3381 1256 3473 1308 τῆς

1888 1333 2083 1404 εἰρήνης
2110 1340 2267 1406 καιρῷ
2294 1331 2539 1393 δυνατοὺς
2565 1330 2692 1388 εἶναι
2718 1335 3073 1401 ἐπιστεύομεν.
3104 1336 3231 1390 Ἀλλ’
3256 1338 3360 1406 οὐχ
3386 1335 3473 1392 οὖ-

1885 1440 1962 1473 τοι
1989 1425 2213 1474 τοιοῦτοι
2231 1424 2351 1491 περί
2380 1419 2445 1474 ὧν
2474 1425 2788 1495 προείπαμεν
2813 1422 3055 1478 δύνασθαι
3082 1427 3363 1501 μάρτυρας.
3393 1426 3472 1481 Ἐκ

1885 1510 1983 1584 γὰρ
2004 1516 2091 1563 τοῦ
2113 1511 2278 1565 αὐτῶν
2298 1512 2466 1570 τέλους
2488 1512 2725 1582 ἀσφαλῶς
2750 1511 3020 1578 δείκνυται,
3041 1512 3118 1569 ὅτι
3148 1512 3262 1568 οὔτε
3294 1518 3344 1568 ἐν
3372 1539 3468 1586 φα·-

1890 1604 2009 1667 δερῷ
2038 1595 2241 1669 διωγμῷ
2265 1608 2441 1654 πεσεῖν
2468 1598 2731 1665 ἠδύναντο,
2752 1601 2927 1659 οἵτινες
2943 1602 3102 1673 μέχρι
3126 1608 3217 1655 τοῦ
3234 1610 3324 1661 τῆς
3340 1606 3471 1664 ζωῆς

1885 1689 2051 1742 αὐτῶν
2070 1690 2240 1749 τέλους
2262 1691 2309 1742 ἐν
2330 1687 2403 1762 τῷ
2422 1687 2634 1767 κρυπτῷ
2662 1700 2753 1751 τῆς
2778 1692 2960 1761 ψυχῆς
2985 1694 3201 1749 ἀκίνητοι
3223 1691 3464 1749 ἔστησαν.

268 1787 440 1840 Ρετιι.
484 1786 551 1840 Ut
579 1786 774 1841 asseris
824 1786 892 1839 ita
939 1797 1046 1853 est,
1095 1788 1187 1843 sed
1218 1804 1380 1858 super
1408 1790 1653 1860 indignos
1685 1806 1782 1845 nos

1960 1789 2125 1832 HETP.
2163 1787 2263 1838 Τῆς
2295 1781 2459 1839 θεῖκῆς
2497 1783 2769 1850 οἰκονομίας
2806 1783 2870 1835 τὰ
2908 1782 3014 1838 ἐλέη
3052 1783 3318 1851 θαυμάζω,
3357 1790 3469 1843 πῶς

196 1877 398 1930 divin?
418 1876 801 1931 misericordia:
829 1876 1279 1945 dispensationem
1311 1879 1495 1944 miror,
1528 1880 1617 1947 qui
1650 1881 1783 1933 Lan-

195 1965 562 2034 gobardorum
614 1967 873 2018 saevitiam
918 1966 990 2019 ita
1041 1968 1364 2033 moderatur,
1399 1976 1457 2021 ut
1484 1984 1667 2022 eorum
1700 1986 1785 2023 sa-

195 2057 451 2110 cerdotes
491 2057 799 2124 sacrilegos,
842 2056 930 2123 qui
971 2071 1091 2111 esse
1118 2056 1348 2111 fidelium
1377 2060 1526 2127 quasi
1558 2060 1785 2114 victores

195 2147 469 2211 videntur,
495 2147 912 2202 orthodoxorum
947 2148 1103 2202 Iidem
1130 2149 1379 2219 persequi
1414 2150 1634 2205 minime
1665 2165 1783 2220 per-

195 2239 398 2293 mittat.

768 2326 991 2383 CAPUT
1020 2327 1210 2382 XXIX.

601 2416 679 2470 De
706 2416 899 2470 Ariona
926 2420 1164 2487 episcopo
1191 2429 1401 2475 cwcalo.

270 2505 434 2578 341
457 2505 782 2563 Gascoatus.
810 2509 939 2571 Hoc,
964 2508 1147 2574 Petre,
1168 2506 1348 2564 facere
1375 2512 1686 2581 plerumque
1707 2529 1789 2571 co-

202 2601 312 2652 nati
341 2608 485 2658 sunt,
509 2598 601 2651 sed
629 2613 814 2652 eorum
842 2599 1061 2653 erevitite
1088 2600 1348 2655 miracula
1373 2614 1603 2671 snperna
1631 2607 1785 2659 resti-

202 2696 407 2742 terunt.
437 2687 589 2742 Unde
611 2699 773 2741 unum
806 2688 1123 2743 miraculum
1150 2704 1310 2743 narro
1330 2692 1471 2759 quod
1507 2708 1600 2761 per
1627 2695 1788 2748 Boui-

204 2779 401 2834 facium
447 2780 759 2835 monasterii
792 2780 896 2835 mei
950 2782 1303 2849 monachum,
1334 2785 1423 2853 qui
1462 2799 1632 2855 usque
1662 2797 1787 2842 ante

204 2874 619 2942 quadriennium
645 2887 768 2926 cum
799 2873 1166 2942 Langobardis
1192 2874 1321 2940 fuit,
1348 2876 1522 2932 adhuc
1546 2889 1669 2933 ante
1693 2880 1787 2934 tri.

208 2963 372 3017 duum
405 2965 615 3034 agnovi.
641 2965 774 3019 Cum
803 2966 871 3019 ad
900 2964 1240 3035 Spoletanam
1272 2970 1453 3022 urbem
1487 2970 1791 3039 Langobar-

206 3057 394 3111 dorum
438 3055 743 3132 episcopus,
785 3058 993 3113 scilicet
1034 3058 1283 3126 Arianus,
1316 3062 1586 3128 venisset,
1616 3073 1670 3119 et
1701 3064 1784 3117 lo-

1886 1874 1976 1926 τὴν
2003 1875 2102 1921 τῶν
2143 1868 2512 1945 Λογσχοϐάρδων
2552 1871 2868 1943 σκληρότητα
2911 1874 3146 1940 κατέχει,
3188 1876 3270 1927 καί
3309 1880 3410 1927 τῶν
3442 1883 3466 1909 °

1883 1966 2211 2032 μιαρουργῶν
2238 1961 2405 2014 αὐτῶν
2436 1961 2625 2034 ἱερέων,
2651 1962 2825 2020 οἵτινες
2857 1964 3072 2021 πιστοὺς
3100 1962 3313 2023 ἑαυτοὺς
3340 1959 3468 2018 εἶναι

1882 2051 2160 2115 νομίζουσι,
2209 2048 2293 2103 διὰ
2330 2052 2389 2103 τὸ
2433 2054 2637 2109 νικητάς
2663 2053 2846 2111 αὑτοὸς
2889 2054 3169 2123 φαίνεσθαι,
3219 2051 3299 2106 ὅτι
3324 2051 3460 2111 τηνῐ

1885 2142 2161 2216 ὁρθοδόξων
2210 2145 2384 2198 πίστιν
2436 2140 2667 2211 οὐδαμῶς
2744 2143 2916 2201 αὐτοῖς
2979 2141 3281 2206 κπαδιῶξαι
3339 2164 3466 2213 συγ-

1888 2239 2080 2306 χωρεῖ.

2408 2323 2568 2393 342
2593 2328 2813 2378 suam.
2846 2326 2964 2379 seu

2142 2416 2259 2488 Περί
2282 2414 2538 2488 ’Δρειανοῦ
2564 2413 2841 2469 ἐπισκόπου
2858 2415 3216 2487 τυφλωθὲντος.

1912 2512 2292 2559 ⁴ΓΡΗΓΟΡΙΟΣ.
2341 2510 2551 2567 Τοῦτο,¹
2579 2506 2755 2579 Πέτρε,
2809 2507 2951 2578 πάσῃ
2995 2504 3205 2577 δυνάμει
3255 2515 3469 2567 ποιῆσαι

1886 2598 2211 2667 ἠγωνίσαντο,
2227 2595 2349 2649 ἀλλά
2365 2602 2426 2670 τῇ
2451 2597 2645 2649 ἐκείνων
2668 2597 2891 2665 ὠμότητι
2915 2598 2981 2651 τὰ
2998 2606 3022 2644 8
3038 2594 3221 2652 ἄνωθεν
3251 2600 3467 2658 ἀντέστη

1885 2686 2173 2757 θαυμάσια.
2201 2683 2347 2739 Ὀθεν
2379 2684 2431 2739 ἓν
2450 2683 2720 2759 διηγοῦμαι
2743 2726 2757 2751 ,
2792 2685 2920 2760 ὅπερ
2948 2685 3032 2741 διὰ
3059 2690 3345 2759 Βονιφατίου
3375 2696 3468 2745 τοῦ

1886 2786 1975 2839 τῆς
1998 2786 2150 2849 μονῆς
2176 2798 2271 2847 μου
2301 2783 2536 2849 μοναχοῦ
2563 2780 2663 2851 πρὸ
2688 2786 2841 2851 τριῶν
2874 2781 3035 2849 ἀκμήν
3068 2782 3264 2856 ἡμερῶν
3299 2790 3465 2853 ἔγνων.

1887 2869 2030 2931 ὅστις
2077 2874 2208 2941 μετά
2248 2878 2350 2925 τῶν
2400 2868 2769 2945 Δογγοϐάρδων
2807 2871 3045 2948 ὑπῆρχεν
3096 2873 3193 2933 ἕως
3231 2875 3333 2949 πρὸ
3372 2883 3471 2929 τῶν

1886 2960 2161 3034 τεσσάρων
2188 2961 2382 3014 τούτων
2409 2960 2551 3013 ἐτῶν.
2596 2955 2760 3020 Οὗτος
2802 2962 2971 3015 τοίνυν
2998 2960 3260 3033 διηγεῖται,
3303 2963 3380 3019 ὅτι
3419 2966 3469 3019 ἐν

1888 3059 1951 3124 τῇ
1977 3052 2123 3105 πόλει
2145 3053 2400 3112 Σπολήτης
2428 3052 2455 3107 ὁ
2475 3059 2574 3107 τῶν
2600 3053 2965 3128 Δογγοϐάρδων
2987 3055 3264 3113 ἐπίσκοπος
3302 3057 3467 3121 ἐλθὼν,

206 3161 324 3202 cum
356 3148 464 3202 illic
492 3148 582 3201 ubi
613 3147 873 3202 solemnia
902 3162 1002 3202 sua
1030 3160 1213 3217 ageret
1238 3164 1343 3203 non
1394 3153 1641 3219 haberet,
1673 3168 1784 3209 cce-

1892 3145 2132 3216 ’Δρειανός
2160 3141 2347 3202 δηλαδή
2369 3143 2622 3219 ὑπάρχων
2644 3184 2660 3207 ,
2690 3147 2772 3198 καί
2811 3146 2969 3200 τόπον
3006 3147 3161 3199 ἐκεῖσε
3190 3151 3260 3217 μὴ
3307 3145 3468 3219 ἔχων,

208 3240 283 3309 pit
310 3240 380 3293 ab
401 3239 520 3308 ejus
546 3239 779 3294 civitatis
805 3240 1057 3309 episcopo
1079 3240 1370 3297 Ecclesiam
1401 3252 1604 3311 petere,
1626 3259 1785 3315 quam

208 3344 308 3382 suo
335 3328 507 3384 errori
536 3328 833 3383 dedicaret.
862 3330 1015 3396 Quod
1041 3330 1168 3385 dum
1199 3331 1353 3386 valde
1381 3333 1663 3403 episcopus
1688 3351 1787 3391 ne-

208 3426 388 3487 garet,
421 3417 561 3472 idem
608 3419 698 3487 qui
749 3430 974 3474 venerat
1016 3422 1264 3488 Arianus,
1297 3423 1441 3479 beati
1481 3425 1627 3480 Pauli
1662 3441 1792 3497 apo-

206 3511 328 3566 stoli
360 3509 655 3565 Ecclesiam
685 3511 795 3565 illic
831 3514 1075 3568 cominus
1101 3516 1255 3569 sitam
1280 3530 1342 3572 se
1367 3516 1455 3571 die
1484 3521 1652 3576 altero
1679 3520 1791 3577 vio-

208 3603 384 3658 lenter
426 3603 743 3658 intraturum
770 3620 890 3660 esse
917 3606 1190 3676 professus
1218 3616 1319 3662 est.
1349 3608 1503 3676 Quod
1545 3613 1788 3682 ejusdem

209 3695 455 3749 ecclesia
476 3703 657 3750 custos
687 3696 932 3761 audiens,
962 3697 1183 3753 festinus
1212 3700 1477 3769 cucurrit,
1509 3704 1789 3759 ecclesiam

211 3783 432 3848 clausit,
462 3787 604 3838 seris
632 3785 885 3851 munivit;
916 3784 1053 3839 iacto
1081 3796 1257 3841 autem
1307 3803 1553 3859 vespere,
1590 3793 1790 3860 lampa-

213 3872 308 3927 des
329 3886 522 3927 omnes
546 3876 829 3936 exstinxit.
855 3889 1017 3944 seque
1042 3876 1094 3930 in
1120 3876 1461 3934 interioribus
1485 3883 1787 3937 abscondit.

218 3962 273 4017 In
304 3964 425 4032 ipso
450 3972 629 4018 autem
658 3966 1027 4034 subsequentis
1058 3968 1189 4023 lucis
1226 3971 1540 4039 crepusculo
1567 3973 1795 4029 Arianus

216 4054 508 4124 cpiscopus
550 4055 774 4110 collecta
813 4059 1147 4114 multitudine
1183 4060 1432 4126 advenit,
1465 4064 1674 4119 clausas
1702 4080 1794 4120 cc-

216 4145 396 4199 clesiat
413 4145 603 4213 januas
624 4146 910 4216 effringere
932 4157 1168 4217 paratus.
1186 4150 1291 4206 Sed
1314 4152 1571 4221 repenteb
1592 4166 1797 4210 cunctae

217 4235 378 4289 simul
408 4245 583 4304 porta:
608 4237 856 4292 divinitus
882 4254 1176 4305 concussae,
1217 4243 1439 4312 abiectis
1470 4245 1677 4315 longius
1707 4263 1796 4302 se-

219 4326 316 4391 ris,
348 4338 549 4393 aperta:
596 4337 747 4394 sunt,
786 4340 945 4397 atque
987 4346 1106 4385 cum
1159 4348 1349 4402 magno
1393 4337 1569 4389 sonitu
1622 4342 1799 4391 omnia

222 4414 472 4467 ecclesiae
500 4415 730 4469 claustra
764 4428 1076 4487 patuerunt;
1102 4421 1271 4476 effuso
1299 4424 1531 4492 desuper
1575 4427 1796 4495 lumine,

1891 3236 1943 3287 ἐν
1966 3230 2007 3306 ᾧ
2033 3240 2124 3292 τὴν
2147 3234 2318 3308 ἐορτὴν
2344 3236 2493 3289 αὐτοῦ
2522 3236 2804 3308 ἐπιτελέσῃ,
2825 3236 3009 3309 ἤρξατο
3044 3245 3117 3310 τῷ
3152 3247 3245 3298 τῆς
3282 3240 3472 3303 πόλεως

1890 3328 2078 3386 ἐκείνης
2111 3326 2371 3399 ἐπισκόπῳ
2393 3327 2652 3384 ἐκκλησίαν
2678 3328 2953 3392 ἐπιζητεῖν.
2975 3331 3141 3404 ἥνπερ
3158 3330 3325 3402 ὤφειλε
3344 3334 3473 3386 κατὰ

1889 3422 1979 3477 τὴν
2006 3416 2131 3472 ἰδίαν
2154 3417 2308 3472 αὐτοῦ
2334 3417 2521 3473 πλάνην
2555 3416 2850 3489 ἐγκαινίσαι.
2892 3424 3053 3472 Τοῦτο
3102 3417 3156 3473 δέ
3198 3419 3223 3473 ὁ
3265 3422 3471 3476 ἐπίσκο-

1891 3535 1989 3574 πος
2020 3520 2089 3585 μὴ
2120 3522 2333 3573 ποιῆσαι
2358 3514 2614 3574 παντελῶς
2640 3510 2667 3549 δ
2699 3513 3092 3587 διισχυρίσατο·
3122 3516 3146 3569 ὁ
3187 3514 3241 3570 δέ
3276 3516 3471 3590 ’Δρεια-

1889 3606 1974 3665 νὸς
2000 3607 2183 3664 ἐκεῖνος
2211 3608 2284 3664 εἰς
2311 3611 2400 3662 τήν
2421 3611 2509 3660 τοῦ
2542 3609 2791 3679 μακαρίου
2823 3607 3017 3659 Παύλου
3048 3612 3138 3659 τοῦ
3166 3605 3472 3661 Ἀποστόλτυ

1892 3696 2156 3754 ἐκκλησίαν
2205 3700 2296 3754 τὴν
2348 3690 2513 3749 οὖσαν
2564 3696 2725 3749 ἐκεῖσε
2776 3697 2826 3769 ἐν
2874 3693 2996 3769 ἄλλῃ
3033 3697 3197 3768 ἡμέρᾳ
3241 3695 3473 3748 εἰσελθεῖν

1900 3794 1916 3823 ι
1950 3787 2193 3859 βραχίονι
2223 3785 2638 3841 διεϐεξαιώσατο.
2677 3793 2832 3840 Τοῦτο
2867 3784 2919 3840 δὲ
2950 3785 2974 3839 ὁ
3002 3793 3089 3844 τῆς
3120 3787 3274 3843 αὐτῆς
3304 3784 3476 3841 ἔκκλη-

1894 3881 2012 3936 diu;
2032 3876 2186 3945 φύλαξ
2225 3878 2477 3938 ἀκηκοὼς,
2526 3876 2819 3937 σπουδαίως
2858 3875 3060 3951 δραμὼν
3098 3881 3186 3933 τήν
3213 3874 3477 3931 ἐκκλησίαν

1895 3968 2188 4041 ἡσφάλισεν.
2233 3971 2481 4041 Ἓσπέρας
2509 3966 2563 4022 δέ
2591 3970 2854 4039 γενομένης
2879 3966 3055 4026 πάσας
3098 3968 3188 4027 τὰς
3233 3964 3476 4024 νανδήἿας

1896 4058 2099 4121 ἔσϐεσε.
2129 4064 2213 4114 καί
2235 4061 2412 4114 ἑαυτὸν
2436 4062 2485 4113 ἐν
2509 4070 2615 4121 τοῖς
2656 4069 2772 4115 ναοῦ
2817 4059 3098 4119 ἐνδοτάτοις
3142 4060 3476 4135 κατέκρυψεν.

1897 4156 1996 4204 Τοῦ
2020 4149 2071 4204 δέ
2099 4153 2261 4222 φωτὸς
2292 4159 2383 4210 τῆς
2409 4151 2601 4226 ἡμέρας
2630 4150 3143 4209 ἐπακολουθήσαντης.
3178 4151 3225 4202 ἐν
3254 4151 3377 4222 αὐτῇ
3423 4156 3479 4219 τῇ

1897 4245 2026 4315 αὐγῇ
2053 4242 2077 4296 ὁ
2100 4246 2352 4318 ’Δρειανός
2390 4247 2667 4305 ἐπίσκοπος
2705 4246 2922 4308 συνὰξας
2954 4244 3139 4301 πλῆθος
3174 4241 3297 4294 λαοῦ
3339 4251 3385 4293 ἐν
3421 4249 3481 4312 τῇ

1901 4335 2146 4407 ἐκκλησίᾳ
2173 4337 2498 4409 παρεγένετο,
2530 4336 2624 4394 τὰς
2650 4335 2998 4404 κεκλεισμένας
3021 4335 3177 4407 θύρας
3200 4332 3395 4400 ἕτοιμος
3417 4329 3483 4385 ὢν

1902 4424 2240 4478 κατακλεῖσαι.
2281 4422 2459 4495 Δί’φνης
2498 4422 2551 4478 δέ
2577 4430 2743 4477 πᾶσαι
2777 4424 2924 4496 θύραι
2971 4421 3289 4495 ὁμοθυμαδὸν
3328 4422 3483 4474 θεόθεν

220 4516 407 4556 omnes
428 4518 547 4570 qua:
570 4503 846 4560 exstincta:
867 4507 1076 4562 fuerant
1097 4510 1367 4578 lampades
1388 4528 1628 4569 accensas
1650 4529 1791 4571 sunt.

1904 4519 2231 4586 τιναχθεῖσαι
2266 4525 2367 4572 τῶν
2400 4518 2629 4592 κλείθρων
2672 4519 2877 4589 μήκοθεν
2914 4516 3148 4586 ῥιφέντων
3182 4516 3309 4582 μετά
3332 4516 3486 4591 μεγά·

221 4592 453 4645 Arianus
481 4608 606 4647 vero
628 4596 934 4664 episcopus,
968 4600 1054 4666 qui
1078 4602 1182 4652 vim
1216 4601 1449 4657 facturus
1477 4605 1795 4675 advenerat,

221 4683 397 4735 subita
428 4684 669 4739 excitate
697 4701 978 4753 percussus
1006 4697 1117 4752 est,
1149 4702 1305 4759 atque
1336 4694 1524 4747 alienis
1548 4696 1660 4764 jam
1692 4714 1805 4752 ma-

223 4772 383 4825 nibus
431 4771 499 4826 ad
545 4789 697 4831 suum
752 4776 1111 4833 habitaculum
1162 4783 1433 4837 reductus.
1476 4786 1628 4852 Quod
1676 4789 1803 4844 dum

224 4860 560 4931 Langobardi
602 4866 653 4918 in
681 4867 866 4920 eadem
897 4869 1109 4938 regione
1139 4872 1293 4939 positi
1332 4887 1522 4928 omnes
1550 4890 1807 4943 agnosce-

225 4965 380 5019 rent,
409 4970 745 5025 nequaquam
793 4961 1014 5015 ulterius
1062 4976 1515 5033 praesumpserant
1543 4968 1804 5024 catholica

221 5046 339 5101 loca
389 5057 675 5125 temerare.
717 5050 850 5104 Miro
895 5053 1036 5106 enim
1086 5055 1243 5107 modo
1288 5070 1372 5109 res
1409 5066 1555 5125 gesta
1600 5068 1719 5125 est,
1749 5070 1811 5116 ut

223 5137 349 5206 quia
371 5123 614 5207 ejusdem
636 5140 824 5195 Ariani
850 5157 1005 5196 causa
1035 5145 1306 5214 lampades
1336 5148 1387 5199 in
1418 5149 1642 5202 ecclesia
1672 5150 1809 5204 beati

266 5279 329 5352 οξ
353 5271 675 5352 compend”
696 5278 928 5352 __p_rim_us
961 5278 1201 5352 Carum”
1238 5282 1258 5334 l
1306 5281 1534 5352 'l‘beodu
1559 5282 1803 5352 Longip.,

225 5338 348 5417 Val.
382 5338 890 5417 c_t.,'imbe'cit'tuaus
944 5338 1230 5415 formidine.
1290 5349 1439 5404 Alter
1468 5338 1811 5417 carnoti’jn}

224 5412 552 5482 αάοεηίιαιίε
580 5417 871 5482 formidine.

300 5478 327 5515 ³³
352 5478 602 5553 Longin
625 5487 892 5538 secundus
914 5485 1118 5538 Tlteod.
1140 5498 1192 5537 ct
1214 5490 1451 5541 nonnulli
1480 5492 1662 5545 Norttt.
1688 5508 1806 5545 cum

228 5547 439 5629 Germ”
468 5547 661 5608 6mm
687 5557 843 5607 sintut
884 5558 1053 5623 regite.
1086 5557 1234 5624 Lyra,
1263 5569 1458 5612 cuncta:
1496 5564 1677 5631 jauuw
1727 5578 1808 5616 re—

226 5635 351 5691 got.

305 5700 327 5727 ε
370 5691 495 5760 Μ8.,
526 5695 862 5753 ἐπιπεσόντος
884 5714 1041 5765 μαρτ.

1903 4611 1991 4661 λου
2020 4615 2031 4656 l
2067 4610 2234 4677 ἤχους
2271 4609 2624 4677 ἀνεῴχθησαν.
2659 4607 2825 4665 Φωτός
2872 4604 2924 4657 δέ
2971 4602 3154 4657 ἄνωθεν
3184 4602 3485 4673 ἐκχυθέντος

1908 4700 2210 4769 ἐσϐεσμέναι
2242 4696 2677 4764 κανδῆλαι,πᾶσαι
2706 4697 3011 4765 ἀνηέρθησαν.
3049 4704 3104 4748 '0
3146 4691 3200 4747 δέ
3241 4693 3488 4767 Ἀρειανὸς

1908 4794 2187 4849 ἐπίσκοπος
2217 4790 2241 4843 ὁ
2263 4790 2379 4860 βίαν
2407 4797 2622 4846 ποιῆσαι
2640 4788 2866 4850 θελήσας,
2898 4784 3071 4858 αἴφνης
3093 4784 3343 4853 τυφλὼσει
3365 4784 3488 4841 πλη-

1908 4886 2013 4954 γείς
2062 4882 2343 4955 ἀλλοτρίαις
2387 4880 2573 4953 χερσίν
2618 4876 2950 4949 ὁδηγούμενος
2973 4878 3041 4936 είς
3064 4877 3121 4930 τὸ
3143 4872 3269 4928 ἴδιον
3308 4871 3489 4942 οἴκημα

1912 4969 2341 5046 ἀνθυπέστρεψεν.
2369 4974 2530 5023 Τοῦτο
2560 4966 2613 5021 δέ
2642 4966 2923 5039 διαγνόντες
2955 4968 3000 5021 οί
3027 4969 3076 5020 ἐν
3101 4973 3163 5040 τῇ
3191 4968 3344 5039 χώρᾳ
3372 4967 3486 5019 ἐκεί*

1913 5086 1970 5136 up
2006 5060 2144 5121 ὄντες
2191 5059 2564 5135 Λογγόϐαρδοι,
2610 5058 2839 5132 οῦδαμῶς
2868 5066 2958 5113 τοῦ
2998 5059 3175 5115 λοιποῦ
3214 5058 3489 5127 ἐτόλμησαν

1918 5164 2031 5213 ταῖς
2082 5154 2367 5213 καθολικαῖς
2410 5153 2692 5212 ἐκκλησίαις
2741 5151 2993 5209 ἐπιϐῆναι’
3059 5151 3353 5221 θαυμασίως
3402 5154 3489 5203 τοῦ

1988 5283 2012 5320 d
2056 5286 2173 5358 MS.,
2205 5289 2398 5358 εἰρήνης
2425 5294 2514 5344 τῆς
2542 5286 2801 5343 ἐκκλησίας
2830 5282 3007 5356 καιρῷ.

1992 5363 2014 5430 ῗ
2055 5357 2178 5430 Fls»
2208 5357 2502 5430 ξεροκργῶν·

1995 5423 2011 5459 ί
2048 5426 2177 5499 _l\ls.,
2204 5423 2462 5499 ρρθόδιξον
2487 5426 2729 5499 πίστιν...
2762 5426 2962 5485 αὐτούς.

1988 5504 2013 5565 li
2041 5494 2165 5565 ΜΞ..
2195 5494 2375 5565 ἄνωθεν
2403 5497 2563 5565 γέγονε
2586 5496 2835 5564 θαύματα.

1988 5563 2012 5638 ’f
2041 5562 2164 5638 bis"
2197 5562 2569 5638 διισχυρίζετο.

1994 5633 2009 5671 ί
2045 5634 2166 5706 Μ8.,
2203 5647 2362 5706 χειρὶ.

1996 5706 2009 5752 ι
2050 5705 2171 5769 Ms,
2205 5705 2366 5775 ἤχου.
